4100 6444
493 329 599 383 903
1963 346 2292 407 ORIGENIS

487 549 597 589 non
624 536 957 608 obtemperat
982 543 1223 612 quidem,
1265 549 1359 601 sed
1401 558 1603 604 temere
1628 568 1822 622 panem
1852 555 2067 613 Domini

487 625 712 695 ejusque
753 631 977 685 calicem
1012 635 1198 698 sumit,
1225 636 1551 705 imbecillus,
1596 644 1681 698 vel
1710 646 1959 702 inﬁrmus
1990 650 2070 718 fit,

487 717 566 770 vel
593 716 867 776 dormiens
900 737 963 777 ex
1002 739 1086 787 ea,
1116 735 1175 780 ut
1210 728 1283 783 ita
1314 731 1514 799 dicam,
1554 736 1749 805 capitis
1780 716 2071 805 gravedine

482 823 646 877 quam
674 827 703 865 a
732 813 779 865 vi
815 815 974 883 panis
999 820 1275 875 contrahit

2178 556 2362 624 λοιπά,
2386 560 2589 615 τούτων
2615 564 2711 633 μὲν
2736 565 2809 636 μὴ
2825 568 3124 641 κατακούῃ,
3141 571 3217 634 ὡς
3233 572 3389 646 ἔτυχε
3405 575 3461 628 δὲ
3485 578 3736 648 μεταλαμ

2182 831 2405 903 ροῦσθαι
2433 835 2539 888 ὑπὸ
2561 836 2661 907 τῆς
2688 838 2780 891 τοῦ
2803 840 2970 912 ἄρτου
2992 844 3295 915 δυνάμεως,
3320 848 3682 921 κοιμώμενος.

511 1010 3723 1062 ——_____.____________________________

1720 1205 2102 1293 ΤΟΜΟΣ
2148 1207 2272 1292 ΙΑ¹
2337 1199 2492 1295 (⁵6).

1489 1555 1897 1648 TOMUS
1984 1561 2725 1660 UNDECIMUS.

542 1763 768 1836 4761.
783 1784 800 1816 ι
824 1764 1058 1833 Vespere
1078 1774 1261 1822 autem
1278 1766 1444 1835 facto,
1467 1782 1819 1829 accesserunt
1841 1775 1905 1829 ad
1924 1792 2014 1831 eut

2201 1871 2207 1873 λ
2230 1799 2250 1831 ‹
2289 1782 2479 1873 impia;
2509 1782 2564 1837 δὲ
2583 1786 2902 1857 γενομένης,
2928 1789 3231 1863 προσῆλθον
3246 1793 3395 1867 αὐτῷ
3417 1795 3467 1850 οῖ
3498 1798 3737 1873 μαθηταὶ

465 1856 715 1927 discipuli
746 1860 866 1929 ejus
891 1861 937 1892 ⁷ο
963 1879 976 1914 :
1016 1879 1034 1912 ι
1063 1861 1167 1915 hoc
1199 1870 1304 1928 est,
1346 1863 1400 1916 in
1430 1867 1905 1922 consummatione
1945 1885 2014 1924 sa:

2151 1871 2339 1925 αὐτοῦ·
2385 1893 2403 1925 ι
2428 1877 2705 1932 τουτέστιν
2720 1856 2820 1933 ἐπὶ
2847 1856 3133 1956 συντελεία
3151 1884 3246 1939 τοῦ
3271 1856 3641 1955 αῖιῖίνοςίκαθξ
3675 1856 3737 1949 ὃν

463 1948 593 2013 culi,
640 1950 706 2004 de
743 1966 852 2020 quo
879 1963 1184 2022 Opportune
1224 1954 1406 2009 dicere
1433 1955 1559 2010 licet
1595 1958 1648 2012 id
1689 1960 1834 2028 quod
1869 1969 2014 2016 exsta

2151 1963 2297 2017 ἔστιν
2326 1966 2597 2039 εὐκαίρως
2628 1972 2799 2024 εἰπεῖν
2824 1974 2907 2026 τό·
2938 1992 2958 2026 ‹
3000 1948 3233 2049 Ἐσχάτη
3256 1978 3376 2052 ὥρα
3419 1948 3588 2051 ἐστὶν,
3628 2005 3647 2036 ›
3677 1948 3737 2040 ὲν

462 2040 518 2094 ἱιι
570 2041 806 2107 Epistola
867 2042 1095 2101 Joannis
1129 2046 1217 2099 “z
1267 2064 1285 2097 ‹
1326 2045 1635 2104 Novissima
1685 2051 1818 2106 hora
1858 2062 1974 2119 est;

2145 2057 2211 2126 τῇ
2275 2057 2518 2112 Ἰωάννου
2575 2060 2861 2136 Ἐπιστολῇ
2895 2040 3165 2137 κείμενον·
3223 2040 3451 2138 οἵτινες,
3506 2040 3735 2149 μηδέπω

461 2133 555 2203 qui
595 2136 833 2191 nondum
873 2136 1368 2193 animadvertentes
1412 2140 1540 2206 quid
1583 2140 1856 2197 facturum
1899 2161 2014 2201 esse

2146 2148 2396 2214 νοοῦντες
2417 2150 2445 2204 ὃ
2475 2152 2666 2224 ἔμελλε
2717 2133 2892 2211 ποιεῖν
2936 2161 2964 2212 6
2990 2133 3194 2229 λόγος,
3252 2133 3416 2232 φασὶν
3438 2133 3618 2237 exitii),
3650 2171 3734 2223 ὅτι

463 2225 721 2292 Verbum,
759 2228 947 2283 dicunt
977 2229 1052 2282 illi
1095 2248 1113 2280 ι
1151 2229 1425 2284 desertum
1479 2248 1600 2288 esse
1644 2234 1846 2301 locum,
1894 2256 1911 2288 ι
1965 2238 2014 2291 vi

2151 2255 2171 2289 ι
2211 2238 2416 2310 ἔρημός
2437 2242 2583 2296 ἐστιν
2615 2245 2643 2296 6
2670 2243 2854 2310 τόπος,
2894 2265 2916 2297 ›
2952 2225 3186 2318 ὁρῶντες
3204 2225 3305 2320 την
3329 2248 3424 2303 τοῦ
3449 2225 3617 2319 Θεοῦ,
3638 2255 3732 2307 καὶ

458 2316 650 2374 dentes
676 2321 999 2374 vacuitatem
1040 2336 1069 2375 a
1115 2320 1245 2386 Deo,
1285 2330 1337 2375 et
1381 2324 1515 2393 lege,
1549 2336 1601 2380 et
1632 2325 1811 2382 Verbo
1850 2329 1902 2382 in
1924 2329 2009 2399 ple

2142 2322 2328 2393 νόμου,
2361 2327 2456 2379 καὶ
2479 2328 2651 2396 Λόγου
2681 2332 2914 2403 ἐρημίαν
2937 2316 2996 2387 ὲν
3033 2338 3145 2399 τοῖς
3177 2316 3412 2402 πολλοῖς·
3439 2316 3657 2408 λέγουσι
3680 2340 3729 2395 δ’

456 2409 670 2480 risque;
697 2412 888 2466 dicunt
916 2421 1097 2466 autem
1128 2413 1232 2466 hoc
1264 2412 1372 2467 illi:
1404 2433 1423 2466 ε
1460 2415 1526 2469 Ει
1554 2417 1685 2470 hora
1714 2421 1992 2488 praeteriit,

2141 2414 2291 2485 αὐτῷ
2312 2417 2391 2469 τό·
2427 2436 2447 2468 ι
2477 2420 2588 2473 Καὶ
2611 2422 2644 2491 ή
2671 2420 2792 2492 ὥρα
2821 2424 3117 2495 παρῆλθεν,
3144 2446 3164 2480 ι
3190 2428 3351 2482 οἱονεὶ
3386 2431 3729 2501 παρελήλυθε

455 2503 725 2568 videlicet,
761 2506 1015 2573 praeteriit
1047 2507 1440 2585 tempestivitas
1474 2509 1609 2578 legis
1647 2518 1700 2563 ct
1744 2512 2014 2581 propheta

2136 2507 2200 2560 τὸ
2223 2506 2479 2581 εῦκαιρον
2504 2511 2669 2583 νόμου
2697 2516 2791 2568 καὶ
2813 2518 3128 2588 προφητῶν.
3165 2520 3316 2591 Τάχα
3349 2521 3406 2575 δὲ
3432 2522 3590 2576 τοῦτο
3609 2523 3727 2576 ελε-

453 2610 599 2652 rum.
632 2594 886 2652 Fortasse
913 2613 1040 2651 vero
1072 2598 1201 2652 illud
1239 2598 1515 2667 dixerunt,
1560 2602 1628 2655 ad
1662 2603 1711 2656 id
1742 2602 2014 2661 referente:

2136 2615 2253 2668 γον,
2292 2602 2654 2687 ἀναφέροντες
2678 2606 2769 2659 τὸν
2796 2606 2971 2676 λόγον,
2994 2611 3088 2663 καὶ
3116 2610 3205 2665 διὰ
3237 2612 3298 2665 τὸ
3328 2612 3420 2668 τὸν
3467 2615 3725 2687 Ἰωάννην

454 2700 791 2754 sermonem,
817 2690 959 2758 quod
993 2701 1215 2760 propter
1241 2701 1584 2762 amputatum
1617 2691 1814 2748 Joanni
1849 2704 2009 2767 caput

2136 2681 2656 2764 ἁποκεκεφαλίὸθαι,
2680 2698 2776 2750 καὶ
2803 2698 2894 2752 τὸν
2928 2701 3095 2771 νόμον
3131 2703 3225 2757 καὶ
3255 2704 3382 2768 τοὺς
3415 2681 3722 2777 προφήτας,

449 2785 503 2831 et
529 2777 636 2843 lex,
663 2782 1039 2859 et‘pmphetze,
1070 2781 1161 2850 qui
1194 2782 1259 2836 ad
1287 2780 1551 2837 Joannem
1586 2799 1759 2852 usque
1798 2784 2011 2841 fuerant

2133 2785 2183 2838 οἳ
2229 2783 2369 2859 ἦσαν
2418 2790 2578 2862 μέχρι
2625 2791 2894 2858 Ἰωάννου,
2931 2793 3263 2850 πεπαῦσθαι.
3293 2798 3580 2870 Παρῆλθεν
3606 2795 3721 2865 οὖν,

448 2854 735 2925 desierint.
779 2870 1039 2926 Pi-zeteriit
1102 2875 1288 2943 igitur,
1330 2875 1602 2945 inquiunt,
1653 2876 1809 2943 hora,
1857 2893 2014 2948 nequi

2136 2854 2298 2946 φασίν
2322 2854 2457 2948 (57),
2480 2854 2675 2951 ηηῶρα,
2701 2882 2796 2935 καὶ
2815 2854 2889 2936 οὐ⁷
2908 2886 3138 2958 πάρεστι
3169 2888 3364 2959 τροφὴ,
3382 2854 3475 2959 3:5,;
3491 2888 3582 2941 τὸν
3601 2854 3724 2943 και-ἰ

449 2961 605 3016 adest
626 2963 803 3029 cibus,
833 2965 976 3033 quod
1009 2975 1223 3033 tempus
1249 2965 1393 3021 illius
1416 2983 1521 3021 non
1545 2968 1779 3037 amplius
1803 2968 1873 3022 sit
1896 2985 2014 3040 prae

2136 2970 2226 3041 ρὸν
2264 2973 2432 3042 αὐτῆς
2469 2972 2664 3043 μηκέτι
2699 2976 3068 3046 ἐνεστηκέναι,
3104 2978 3172 3032 ἵν’
3195 2980 3244 3032 οἱ
3293 2980 3352 3033 ὲν
3397 2980 3465 3052 τῇ
3507 2980 3721 3051 ἐρήμῳ,

448 3069 600 3121 sens,
633 3064 690 3110 ut
725 3057 760 3109 ii
796 3056 888 3126 qui
938 3058 992 3112 in
1038 3058 1254 3113 deserto
1310 3069 1362 3113 te
1412 3060 1582 3114 secuti
1624 3069 1771 3126 sunt,
1825 3060 1927 3131 legi
1978 3076 2009 3116 e

2135 3060 2602 3133 ἀκολουθήσαντές
2661 3081 2762 3129 σοι,
2809 3065 2961 3136 νόμῳ
3000 3068 3095 3120 καὶ
3148 3070 3456 3139 προφήταις
3502 3069 3722 3123 δουλεύ-

445 3145 727 3216 prophetis
777 3147 1037 3201 serviant.
1087 3146 1353 3204 Praeterea
1403 3149 1592 3204 dicunt
1638 3150 1890 3221 discipuli
1916 3152 1963 3184 ⁷⁸

2136 3166 2290 3203 σωσι.
2340 3154 2448 3205 Καὶ
2482 3152 2563 3208 ἔτι
2600 3155 2763 3223 φασὶν
2793 3156 2843 3207 οῖ
2875 3155 3130 3226 μαθηταί”
3184 3136 3475 3212 ’Ἀπόλυσον
3505 3155 3597 3212 οὖν
3623 3161 3722 3214 αὒ-

445 3237 666 3292 Dimitte
697 3253 826 3308 ergo
872 3238 1011 3303 illos,
1058 3246 1116 3293 ut
1150 3241 1551 3311 unusquisque,
1594 3241 1640 3296 si
1681 3241 1750 3295 ab
1801 3242 2014 3297 urbibus

2131 3242 2278 3306 τοὺς,
2335 3243 2401 3296 ἶν’
2444 3245 2694 3307 ἕκαστος,
2727 3246 2774 3297 εί
2816 3246 2890 3317 μὴ
2940 3246 3161 3301 δύναται
3208 3249 3315 3301 ἀπὸ
3340 3250 3451 3303 τῶν
3488 3252 3713 3321 πόλεων,

3653 372 3757 429 901

488 446 753 516 seipsum,
782 454 837 505 et
864 446 944 507 sie
976 450 1044 509 de
1074 454 1319 522 paneillo
1341 456 1466 511 edat
1488 458 1555 522 θ’,
1589 476 1609 509 ι
1637 468 1691 514 et
1732 471 1950 528 cratera,
1983 466 2014 520 h

2127 489 2145 530 ι
2180 450 2392 534 ἑαυτὸν,
2419 474 2513 524 καὶ
2543 472 2715 538 οὕτως
2760 475 2982 530 ἐσθιέτω
3022 480 3088 531 ὲκ
3125 479 3221 533 τοῦ
3260 482 3428 553 ἄρτου
3449 524 3465 545 ,
3500 503 3520 537 ι
3553 486 3650 540 καὶ
3687 488 3756 541 τὰ

2179 649 2317 722 δάνῃ
2352 650 2514 721 ἄρτου
2556 654 2780 726 Κυρίου,
2808 658 2904 711 καὶ
2942 661 3201 733 ποτηρίου
3246 665 3434 728 αὑτοῦ,
3461 667 3690 739 ἀσθενὴς
3720 670 3750 723 ἦ

2179 739 2459 811 ἄρρωστος
2491 744 2718 811 γίνεται,
2746 748 2777 817 ἢ
2808 751 2899 803 καὶ
2926 751 2991 804 ὲκ
3016 752 3132 818 τοῦ,
3162 754 3226 807 ἶν’
3254 754 3423 821 οὕτως
3460 759 3619 821 εἴπω,
3656 777 3755 813 κα-

445 3345 553 3384 ιιοη
585 3338 783 3400 potest,
839 3339 985 3386 certe
1027 3347 1057 3385 a
1094 3332 1251 3392 vicis.
1290 3332 1424 3387 locis
1465 3348 1661 3403 nempe
1692 3333 2029 3403 iguobiliori-

445 3424 569 3490 bus,
607 3424 814 3478 cibaria
861 3433 1024 3478 emat.
1069 3422 1195 3479 Haec
1234 3425 1452 3495 quidem
1489 3424 1743 3479 dicebant
1775 3425 2027 3495 discipuli

441 3529 540 3585 per
574 3516 989 3572 dissolutionem
1039 3519 1326 3588 scriptura:
1370 3517 1507 3588 legis
1559 3527 1614 3572 et
1660 3518 2024 3573 cessationem

440 3606 850 3678 prophetiarum
884 3609 1235 3678 desperantes
1268 3613 1443 3667 turbis
1466 3610 1691 3680 reperiri
1722 3625 1884 3680 posse
1915 3626 2022 3666 non

437 3712 781 3771 exspectatos
830 3711 884 3756 et
935 3718 1106 3757 novos
1143 3704 1314 3758 cibos.
1354 3703 1458 3759 Sed
1502 3705 1622 3758 vide
1680 3704 1809 3772 quid
1863 3702 2023 3759 Jesus

436 3792 721 3861 discipulis
771 3794 1112 3863 responderit
1170 3804 1379 3849 tantum
1436 3810 1544 3850 non
1600 3794 1929 3859 vociferans,
1969 3804 2024 3849 et

435 3893 622 3953 aperte
650 3885 838 3941 dicens
879 3905 891 3940 :
926 3885 1265 3942 Existimatis
1288 3888 1505 3957 quidem
1531 3903 1649 3953 vos,
1675 3887 1720 3941 si
1757 3888 2022 3942 discesse-

435 3977 565 4029 rita
605 3992 692 4031 me
747 3977 936 4044 ingens
983 3979 1097 4033 lucc
1141 3981 1432 4035 multitudo
1474 3981 1596 4034 cibo
1628 3979 1897 4048 indigens,
1936 3995 2022 4033 re-

434 4076 713 4135 perturum
741 4070 920 4136 potius
952 4069 1004 4122 in
1030 4070 1185 4133 vicis,
1220 4087 1383 4140 quam
1417 4071 1558 4140 apud
1595 4086 1715 4137 me;
1749 4080 1801 4124 et
1826 4071 1878 4123 in
1904 4086 2018 4126 cm—

440 4156 580 4211 tibus
628 4158 911 4213 hominum
967 4176 1075 4214 non
1118 4163 1477 4228 urbanorum,
1512 4167 1605 4220 sed
1653 4182 2014 4238 paganorum,

433 4250 616 4319 potius
646 4267 809 4320 quam
840 4253 886 4307 si
930 4254 1072 4323 apud
1111 4269 1199 4308 me
1247 4256 1510 4310 manserit
1547 4276 1559 4310 :
1591 4272 1691 4327 ego
1712 4274 1840 4314 vero
1862 4261 2017 4316 vobis

432 4344 724 4410 pronuntio
778 4360 841 4399 ea
892 4360 950 4399 re
1002 4362 1110 4399 non
1152 4345 1393 4416 indigere
1434 4348 1557 4403 illos
1610 4367 1715 4418 qua
1771 4350 2014 4425 indigere

2129 3332 2246 3387 ἀλλ’
2274 3324 2523 3389 ὰπὺδτῶν
2557 3334 2781 3407 κωμῶν,
2816 3337 2925 3390 τῶν
2956 3338 3293 3411 ἁτιμοτὲρων
3316 3343 3554 3413 χωρίων,
3576 3344 3719 3417 ὠνή-

2130 3442 2290 3497 σηται
2316 3424 2598 3496 βρώματα.
2631 3427 2815 3482 Ταῦτα
2850 3428 2947 3499 μὲν
2972 3428 3206 3500 ἔφασκον
3227 3433 3278 3484 οἱ
3307 3432 3569 3504 μαθηταὶ,
3588 3438 3719 3490 ἀπο-

2126 3514 2483 3584 γινώσκοντες
2507 3520 2621 3581 τοῖς
2648 3518 2826 3588 ὄχλοις
2854 3519 3270 3593 εὑρεθήσεσθαι,
3342 3526 3483 3594 μετὰ
3516 3527 3578 3580 τὸ
3617 3545 3719 3582 κα-

2124 3605 2449 3661 ταλελύσθαι
2504 3608 2566 3662 τὸ
2602 3611 2838 3681 γράμμα
2886 3611 2980 3664 τοῦ
3036 3611 3224 3682 νόμου,
3272 3615 3366 3667 καὶ
3401 3618 3715 3673 πεπαῦσθαι

2125 3696 2484 3766 προφητείας,
2521 3696 2855 3768 παραδόξους
2880 3700 2977 3753 καὶ
3012 3701 3201 3765 καινὰς
3226 3705 3451 3776 τροφάς.
3516 3706 3651 3760 Ἀλλ’
3684 3710 3714 3761 6

2136 3788 2343 3859 Ἰησοῦς
2369 3789 2470 3860 ὅρα
2496 3789 2547 3843 τί
2576 3792 2928 3863 ἀποκρίνεται
2955 3796 3067 3856 τοῖς
3104 3794 3391 3866 μαθηταῖς,
3425 3800 3709 3869 μονονουχὶ

2124 3876 2263 3949 βοῶν
2284 3880 2378 3931 καὶ
2403 3880 2590 3948 σαφῶς
2610 3880 2803 3949 λέγων·
2843 3881 3030 3953 Ὑμεῖς
3057 3885 3154 3955 μὲν
3175 3885 3584 3957 ὑπολαμϐάνετε
3602 3890 3705 3953 ὅτι,

2123 3970 2219 4024 ἐὰν
2243 3970 2549 4026 ἀπέλθωσιν
2578 3974 2674 4027 ἀπ’
2696 3973 2832 4045 ἐμοῦ
2861 3975 2893 4027 6
2918 3976 3083 4038 πολὺς
3107 3976 3262 4045 ὄχλος
3280 3977 3572 4047 χρῄζοντες
3595 3980 3707 4053 (58)

2120 4063 2356 4133 τριζρῶν,
2380 4063 2584 4128 ταύτας
2615 4066 2938 4138 εὑρήσουσιν
2965 4070 3023 4121 ὲν
3055 4067 3268 4137 κώμαις
3292 4068 3490 4138 μᾶλλον
3512 4071 3543 4142 ἦ
3575 4076 3706 4144 παρ’

2119 4155 2264 4224 ἐμοὶ,
2292 4156 2386 4208 καὶ
2416 4157 2475 4207 ὲν
2506 4159 2847 4227 συστήμασιν
2878 4158 3181 4227 ἀνθρώπων
3208 4159 3268 4211 οὐ
3299 4159 3551 4227 πολιτῶν,
3570 4164 3707 4217 ἀλλὰ

2118 4248 2389 4318 κωμητῶν
2418 4247 2687 4318 μᾶλλον,ἣ
2712 4250 2793 4301 ὅτι
2824 4250 3197 4319 παραμενοῦσι
3233 4268 3342 4321 μοι·
3370 4251 3481 4321 ἐγὼ
3498 4253 3553 4307 δὲ
3573 4256 3704 4327 ὑμῖν

2116 4338 2507 4409 ἀποφαίνομαι,
2536 4340 2619 4391 ὅτι
2657 4334 2718 4393 οὗ
2754 4340 2853 4409 μὲν
2896 4339 3304 4411 ὑπολαμϐάνετε
3337 4343 3558 4416 χρῄζειν
3600 4347 3702 4400 αὑ-

432 4432 682 4488 creditis:
714 4450 814 4490 nec
841 4436 984 4489 enim
1016 4437 1252 4491 abitione
1285 4438 1388 4494 illis
1412 4455 1549 4504 opus
1573 4449 1655 4494 est
1689 4459 1702 4494 :
1745 4457 1850 4511 qua
1879 4457 2010 4497 vero

2127 4431 2260 4494 τοὺς,
2294 4430 2354 4482 οὐ
2386 4428 2692 4500 χρῄζουσιν·
2725 4431 2787 4483 οὺ
2812 4429 2920 4502 γὰρ
2945 4432 3132 4503 χρείαν
3154 4432 3367 4504 ἔχουσιν
3404 4435 3498 4489 τοῦ
3536 4437 3703 4491 ἀπελ-

433 4534 490 4573 re
514 4537 619 4573 non
653 4538 809 4592 egere
839 4524 959 4578 illos
990 4525 1337 4589 existimatis,
1385 4545 1472 4583 tne
1514 4530 1779 4596 videlicet,
1816 4543 1874 4587 ut
1914 4534 2006 4602 qui

431 4618 555 4677 pote
585 4610 705 4666 illus
737 4613 944 4668 nutrire
980 4631 1085 4669 nou
1129 4618 1355 4685 possim,
1387 4635 1447 4673 ea
1487 4629 1686 4689 praeter
1726 4631 2008 4692 exspecta-

432 4699 632 4753 tionem
657 4711 889 4756 vestram
921 4719 1056 4773 opus
1091 4705 1314 4759 habent.
1350 4707 1803 4780 Quandoquidem
1843 4712 2007 4782 igitur

431 4790 719 4846 instituens
744 4809 839 4846 vos
867 4795 1089 4851 idoneos
1122 4798 1325 4851 reddidi
1359 4801 1424 4853 ad
1452 4800 1690 4855 dandum
1718 4803 2004 4872 egentibus

428 4882 747 4938 rationabile
786 4885 1178 4941 nutrimentum
1206 4906 1218 4941 :
1256 4890 1383 4944 date
1414 4906 1512 4945 vos
1542 4893 1644 4961 ipsi
1678 4894 1852 4948 turbis
1883 4909 2005 4964 quae

427 4988 514 5028 me
531 4986 731 5031 seculis
757 4985 905 5041 sunt,
931 4978 1078 5048 quod
1102 4979 1264 5033 edant
1297 4998 1309 5033 :
1351 4981 1563 5036 habetis
1597 4984 1741 5038 enim
1768 4993 2008 5052 potesta-

2115 4521 2246 4574 θεῖν·
2283 4516 2344 4575 οὗ
2375 4525 2433 4576 δὲ
2467 4524 2717 4594 νομίζετε
2756 4525 2954 4589 αὐτοὺς
3006 4527 3079 4599 μὴ
3110 4526 3254 4598 ἔχειν
3283 4530 3494 4603 χρείαν,
3519 4530 3693 4584 τουτέι

2115 4631 2230 4667 στιν
2262 4615 2420 4686 ἐμοῦ,
2454 4617 2530 4680 ὡς
2556 4618 2628 4688 μὴ
2650 4617 2947 4689 δυναμένου
2985 4622 3184 4685 αὐτοὺς
3214 4624 3453 4693 τρέφειν,
3482 4623 3695 4686 τούτου,
3777 4658 3781 4661 -

2113 4706 2267 4779 παρὰ
2290 4708 2391 4779 τὴν
2417 4708 2685 4780 ὑμετέραν
2711 4710 3059 4781 προσδοκίαν,
3085 4714 3273 4785 χρείαν
3295 4714 3526 4785 ἔχουσιν.
3545 4715 3695 4768 Ἐπεὶ

2108 4796 2202 4853 οὖν
2224 4800 2517 4865 παιδεύσας
2543 4802 2703 4872 ὑμᾶς,
2742 4805 2959 4868 ἱκανοὺς
2990 4805 3220 4875 ἐποίησα
3246 4805 3381 4877 πρὸς
3404 4805 3466 4859 τὸ
3498 4806 3700 4860 διδόναι

2110 4897 2225 4959 τοῖς
2250 4895 2524 4965 δεομένοις
2561 4896 2785 4971 λογικὴν
2823 4900 3029 4972 τροφὴν
3064 4901 3199 4972 (59),
3246 4901 3404 4972 ὑμεῖς
3431 4901 3547 4956 δότε
3583 4907 3699 4970 τοῖς

2114 4986 2509 5058 ἀκολουθήσασί
2552 5007 2641 5061 μοι
2670 4989 2849 5060 ὄχλοις
2883 4995 3097 5062 φαγεῖνο
3131 4992 3283 5063 ἔχετε
3320 4993 3430 5066 γὰρ
3465 4992 3689 5062 δύναμιε

494 5154 579 5208 "I
608 5154 735 5210 Cor.
763 5172 837 5224 XI,
865 5155 957 5211 28.
1032 5157 1078 5237 τλθ
1105 5155 1296 5212 Matth.
1330 5173 1441 5225 xiv,
1494 5158 1581 5212 15.
1653 5145 1699 5190 ’ί
1741 5157 1762 5212 l
1796 5147 1963 5216 Joan:
1991 5175 2007 5213 ι

2127 5162 2204 5217 18.
2280 5165 2326 5196 ⁷³
2359 5163 2549 5220 Matth.
2581 5184 2693 5233 xw,
2722 5170 2806 5225 i5.
2884 5173 3093 5228 "ibid.
3132 5174 3215 5230 16.

490 5318 603 5387 (56)
647 5320 829 5386 Τόμος
861 5322 974 5373 IA'.
1013 5316 1186 5372 Codd.
1212 5315 1510 5371 Vaticanus
1559 5326 1613 5371 et
1654 5317 1988 5374 Tarinianus

419 5389 562 5443 hunc
594 5391 807 5443 titulum
839 5389 1115 5459 exhibent,
1150 5397 1206 5441 et
1237 5404 1299 5442 ex
1326 5390 1681 5457 sequentibus
1718 5390 1903 5459 Ὀψίας
1932 5390 1989 5442 δὲ

417 5463 737 5529 γενομένης,
787 5468 915 5522 ctc.,
969 5457 1258 5529 ordiuntur
1306 5467 1512 5512 tomum
1573 5460 1720 5516 hunc
1769 5457 1992 5513 undeciv

420 5544 590 5583 mum.
627 5528 681 5582 lu
700 5530 939 5584 editione
970 5528 1144 5582 lluetii
1172 5528 1351 5583 nullus
1378 5539 1461 5583 est
1482 5528 1749 5599 ejusmodi
1777 5530 1986 5596 titulus,

421 5614 520 5671 nec
539 5601 751 5667 signqu
787 5600 1098 5669 incipientis
1126 5601 1275 5662 tomi,
1313 5602 1455 5654 unde
1477 5602 1761 5671 colligebat
1789 5617 1988 5669 praece-

419 5668 598 5721 dentia
630 5686 737 5723 non
770 5668 913 5726 esse,
937 5671 1155 5732 decimi,
1196 5672 1287 5724 sed
1336 5668 1629 5725 uu-lecimr
1650 5668 1803 5736 tomi,
1834 5672 1980 5726 alitet

420 5754 552 5791 sane
582 5740 1015 5801 existimaturus,
1060 5741 1106 5793 si
1143 5744 1193 5793 iu
1246 5742 1385 5795 duos
1430 5741 1592 5795 hasce
1640 5743 1857 5795 codices
1893 5756 1989 5795 no-

423 5817 567 5863 stros
601 5808 897 5873 incidisset,
931 5811 1204 5874 inquibus
1237 5809 1519 5865 manifeste
1558 5812 1991 5877 uniuscujusque

2028 5916 2089 5931 ’θ’

2108 5323 2261 5407 torni,
2294 5323 2509 5407 decimi,
2540 5332 2812 5389 undecimi
2843 5345 2897 5392 et
2927 5339 3232 5399 duodecimi
3268 5344 3468 5404 limites
3497 5351 3565 5406 ab
3597 5352 3682 5407 in-

2106 5406 2279 5464 Vlcem
2308 5406 2508 5464 optuue
2539 5415 2919 5461 secernuntur.

2182 5462 2555 5546 φασίν.
2609 5471 2683 5546 Ita
2739 5487 2884 5532 recte
2931 5479 3095 5536 habet
3145 5484 3315 5540 codex
3366 5485 3678 5546 Vaticanus.

2107 5527 2288 5610 Editio
2313 5534 2512 5610 Iitletii,
2544 5543 2724 5610 φησίν.

2180 5603 2672 5692 (-58.1
2704 5612 2976 5692 Sic_codd.
3007 5616 3338 5692 Anglicanus
3381 5635 3437 5682 et
3466 5627 3673 5686 Vatica-

2104 5676 2446 5756 nus_.mEd_itio
2478 5680 2677 5756 ﬂuetii,
2710 5687 3024 5756 χρήσοντες.

2138 5742 2863 5841 ἶ1ς159λιξςξζιςιξιιίεξρέξὲῆν.
2894 5742 3083 5841 irim.
3112 5776 3173 5830 ιῐ,
3202 5762 3255 5835 2,
3278 5763 3494 5838 λογικὸν
3518 5771 3662 5841 γάλα

2115 5803 2316 5881 Vela}
2354 5803 2677 5878 rationabile
2692 5803 2822 5880 '13.}?
2894 5803 3161 5888 EtEt-1.0.5.:
