4100 6416
471 377 580 435 905

1431 373 1786 431 COMMENT.
1828 375 1895 430 IN
1928 375 2348 436 ΜΔΤἸΊΙᾹΞΗΜ
2389 380 2628 442 TOMUS
2662 383 2753 439 XI.

3632 405 3737 460 906

473 497 570 551 ἀπ’
595 495 731 568 ἐμοῦ
747 495 1003 560 λαϐόντες
1025 493 1120 550 τοῦ
1143 494 1324 550 δοῦναι
1352 496 1464 558 τοῖς
1487 495 1665 566 δχλοις
1685 500 1897 566 φαγεῖν,
1917 493 2051 571 ᾗτινι

2170 507 2274 554 tem
2300 518 2462 571 quam
2489 520 2517 558 a
2547 521 2634 560 me
2667 507 2976 576 accepistis,
2998 507 3162 582 477
3202 512 3363 568 dandi
3393 515 3568 572 turbis
3595 521 3740 587 quod

476 591 526 644 εἰ
567 586 666 662 ἦτε
706 591 1130 661 ἐπιστήσαντες,
1181 589 1546 658 κατενοήσατε
1592 589 1693 653 ἂν,
1750 589 1831 642 ὅτι
1880 589 2059 659 πολλῷ

477 682 664 740 πλεῖον
685 681 798 752 ἐγὼ
816 681 1046 753 δύναμαι
1069 681 1266 743 αὐτοὺς
1305 679 1525 751 θρέψαι,
1552 680 1646 734 καὶ
1666 679 1766 733 οὐκ
1786 682 2058 751 εἰρῆκειτε

477 776 564 832 ἄν’
610 795 630 828 ι
679 774 971 828 Ἀπόλυσον
996 773 1124 836 τοὺς
1153 771 1363 842 ὄχλους,
1390 771 1478 824 ἵνα
1508 769 1834 835 ἀπελθόντες
1857 772 2058 844 ἀγορά-

483 885 648 923 σωσιν
669 869 880 929 ἑαυτοῖς
901 863 1182 936 βρώματα.
1214 883 1233 915 ι

563 955 622 1010 Ὁ
657 957 754 1026 μὲν
781 951 874 1008 οὖν
917 953 1142 1026 Ἰησοῦς,
1170 955 1236 1010 δι’
1265 955 1332 1026 ἣν
1360 955 1525 1009 ἔδωκε
1554 954 1784 1026 δύναμιν
1811 957 1905 1009 καὶ
1935 955 2054 1008 ἑτέ-

484 1066 592 1119 ρων
616 1045 914 1118 θρεπτικὴν
958 1049 1073 1111 τοῖς
1120 1048 1410 1118 μαθηταῖς,
1446 1043 1600 1102 εἰπε·
1639 1066 1658 1098 ι
1701 1049 1828 1102 Δότε
1875 1048 2056 1111 αὐτοῖς

476 1140 632 1211 ὑμεῖς
661 1141 876 1208 φαγεῖν.
917 1159 936 1190 ι
977 1142 1040 1194 Οἱ
1072 1139 1130 1194 δὲ
1177 1140 1252 1212 μὴ
1299 1139 1624 1212 ἀρνούμενοι
1660 1141 1759 1212 μὲν
1798 1141 1859 1195 τὸ
1898 1141 2058 1196 δύνα-

475 1229 596 1284 σθαι
638 1230 838 1285 διδόναι
882 1230 1100 1302 ἄρτους,
1137 1230 1318 1302 πολλῷ
1365 1231 1422 1285 δὲ
1463 1232 1822 1303 ὀλιγωτέρους
1859 1232 2056 1297 αὐτοὺς

470 1321 782 1391 νομίζοντες
821 1315 981 1384 εἶναι,
1016 1322 1110 1376 καί¹
1142 1323 1240 1392 οὐχ
1281 1323 1498 1386 ἱκανοὺς
1524 1323 1743 1394 τρέφειν
1774 1325 1900 1386 τοὺς
1925 1323 2056 1377 άκο-

469 1409 839 1483 λουθήσαντας
879 1411 959 1482 τῷ
1010 1412 1206 1484 Ἰησοῦ,
1240 1413 1362 1468 οὐδὲ
1408 1413 1760 1487 θεωροῦντες,
1792 1416 1895 1480 ὅτι,
1928 1415 2058 1468 ἕκα-

471 1518 596 1555 στον
639 1503 825 1576 ἄρτον,
872 1503 1028 1570 λόγον
1055 1503 1188 1573 (60),
1229 1506 1259 1557 ὁ
1303 1503 1506 1573 Ἰησοῦς
1559 1503 1759 1566 λαϐὼν,
1804 1506 1884 1568 εἰς
1933 1505 2056 1557 ὅσον

434 1592 716 1680 ίβούλεται
768 1593 1018 1658 ἐκτείνει,
1053 1595 1223 1648 ποιῶν
1263 1595 1424 1650 αύτὸν
1468 1595 1667 1666 διαρκῆ
1701 1597 1868 1648 πᾶσιν
1895 1598 2054 1661 ὅσους

466 1683 563 1738 ὲάν
599 1685 794 1759 θρέψαι
827 1685 977 1757 θέλῃ,
1030 1686 1194 1756 φασίν
1219 1703 1233 1717 ο
1289 1706 1306 1736 ι
1347 1687 1462 1739 Ούκ
1511 1686 1708 1757 ἔχομεν
1746 1681 1848 1741 ὧδε
1881 1691 1930 1740 εἰ
1977 1688 2053 1759 μὴ

467 1775 630 1829 πέντε
663 1776 863 1848 ἄρτους
895 1776 991 1829 καὶ
1019 1776 1116 1829 δύο
1151 1773 1358 1845 ἰχθύαςο
1402 1793 1420 1825 ι
1462 1774 1622 1828 πέντε
1660 1776 1759 1845 μὲν
1807 1777 1938 1839 ἴσως
1967 1779 2054 1830 αἰ-

463 1866 772 1936 νισσόμενοι
799 1865 997 1937 ἄρτους
1025 1860 1166 1918 εἰναι
1195 1865 1322 1928 τοὺς
1360 1861 1650 1934 αἰσθητοὺς
1683 1864 1792 1918 τῶν
1821 1865 2052 1936 Γραφῶν

464 1957 679 2026 λόγους,
716 1957 812 2010 καὶ
841 1955 932 2010 διά
973 1954 1134 2010 τοῦτο
1169 1954 1492 2026 ἰσαρίθμους
1521 1958 1642 2018 ταῖς
1668 1957 1830 2009 πέντε
1857 1956 2052 2028 αἰσθή-

466 2065 586 2102 σεσι
624 2048 766 2119 (61)·
797 2046 966 2102 δύοδὲ
991 2047 1166 2118 ἰχθῦς,
1194 2047 1312 2117 ἦτοι
1333 2047 1426 2101 τὸν
1458 2047 1791 2118 προφορικὸν
1814 2049 1926 2120 (62)
1958 2050 2054 2103 καὶ

463 2140 556 2193 τὸν
585 2140 887 2194 ἐνδιάθετον
914 2140 1091 2210 λόγον,
1120 2139 1361 2210 ὡσπερεὶ
1388 2139 1519 2209 ῠψον
1545 2139 1915 2210 τυγχάνοντας
1944 2140 2054 2195 τῶν

465 2235 524 2286 ἐν
557 2235 677 2295 ταῖς
712 2233 954 2304 Γραφαῖς
984 2230 1256 2300 αἰσθητῶν
1285 2231 1576 2302 κειμένων,
1604 2232 1637 2302 ἦ
1672 2232 1813 2303 τάχα
1837 2233 1930 2286 καὶ
1961 2232 2054 2286 τὸν

464 2323 750 2394 φθάσαντα
782 2324 868 2377 ἐπ’
899 2323 1098 2388 αὐτοὺς
1135 2323 1263 2396 περί
1291 2322 1534 2394 Πατέρος
1580 2325 1673 2377 καὶ
1708 2323 1841 2376 Υἰοῦ
1874 2307 2049 2390 λόγον.

463 2414 556 2468 Διὸ
597 2415 693 2468 καὶ
724 2413 886 2477 αὐτὸς
916 2414 1120 2484 ἔφαγεν
1167 2413 1350 2485 ἰχθύος
1376 2414 1544 2468 ὀπτοῦ
1576 2413 1840 2479 ἀναστάς,
1886 2417 2053 2488 μέρος

464 2503 645 2557 λαϐὼν
685 2505 794 2560 ἀπὸ
817 2503 928 2558 τῶν
963 2504 1244 2576 μαθητῶν,
1274 2505 1368 2558 καὶ
1400 2504 1806 2576 ἀποδεξάμενος
1837 2506 1904 2576 ἢν
1934 2506 2054 2559 ὲδύ-

464 2613 626 2650 ναντο
654 2598 719 2650 ὲκ
765 2597 965 2668 μέρους
992 2595 1321 2665 ἀπαγγεῖλαι
1357 2595 1508 2666 αύτῷ
1536 2598 1665 2667 περὶ
1696 2595 1791 2649 τοῦ
1838 2597 2053 2669 Πατρὸς

462 2687 762 2756 θεολογίαν.
807 2688 998 2759 Ἡμεῖς
1026 2688 1125 2758 μὲν
1152 2682 1244 2741 οὖν
1272 2685 1446 2750 οὕτως
1473 2687 1548 2755 τῷ
1584 2685 1713 2758 περί
1746 2687 1855 2741 τῶν
1888 2687 2053 2743 πέντε

463 2778 648 2850 ἄρτων
683 2780 776 2833 καὶ
817 2779 910 2832 δύο
946 2779 1144 2850 ἰχθύων
1177 2777 1459 2832 ἐπιϐαλεῖν
1490 2777 1830 2851 δεδυνήμεθα
1872 2778 2048 2854 λόγῳο

465 2870 615 2932 εἰκὸς
643 2869 700 2922 δὲ
730 2871 812 2924 ὄτι
844 2872 894 2924 οἰ
945 2870 1145 2941 μᾶλλον
1179 2870 1292 2940 (65)
1326 2871 1484 2942 ἡμῶν
1522 2874 1846 2941 συναγαγεῖν
1890 2871 2052 2927 δυνά-

471 2979 623 3032 μενοι
655 2965 780 3025 τοὺς
825 2963 990 3017 πέντε
1027 2962 1229 3036 άρτους
1269 2964 1520 3028 καὶτοὺς
1545 2963 1638 3016 δύο
1684 2963 1874 3035 ἰχθύας
1921 2969 2051 3037 παρ’

467 3057 704 3119 ἑαυτοῖς,
731 3054 949 3110 πλείονα
967 3057 1060 3110 καὶ
1091 3056 1377 3128 κρείττονα
1407 3056 1642 3110 δύναιντ’
1671 3057 1737 3111 ἂν
1759 3057 2052 3112 ἀποδοῦναι

2161 591 2360 684 edant;
2388 598 2454 651 ad
2479 614 2643 666 quam
2669 601 2712 654 si
2754 602 3151 670 advertissetis,
3181 606 3586 668 iutellexissetis
3614 629 3740 684 pro-

2162 681 2305 738 fecto
2349 686 2508 756 longe
2548 689 2722 758 magis
2771 707 2931 761 posse
2983 711 3070 751 me
3113 696 3214 754 bas
3270 701 3510 768 nutrire,
3560 681 3740 775 neque

2159 775 2436 834 dixissetis
2459 779 2541 834 "z
2582 800 2600 830 ‹
2636 779 2857 839 Dimitte
2889 786 3100 853 turbas,
3128 797 3189 845 ut
3211 798 3404 848 euntes
3429 805 3614 851 emant
3634 796 3740 853 sibi

2158 881 2334 923 escas.
2364 888 2384 920 ι

2231 959 2285 1012 2.
2318 958 2477 1016 Jesus
2507 962 2676 1032 igitur
2703 976 2923 1036 propter
2951 984 3097 1036 eam,
3129 987 3295 1040 quam
3332 973 3623 1046 discipulis
3648 977 3744 1033 de-

2159 1045 2258 1113 dit,
2299 1049 2438 1105 alios
2462 1051 2641 1106 alendi
2677 1054 2805 1118 vim,
2831 1055 2967 1110 dixit
2997 1058 3043 1098 τι
3071 1076 3082 1112 :
3110 1077 3128 1110 ι
3167 1059 3301 1116 Date
3329 1061 3438 1117 illis
3465 1045 3563 1119 vos
3584 1079 3741 1120 man-

2159 1135 2381 1194 ducare.
2417 1159 2436 1192 ι
2478 1141 2559 1195 Illi
2579 1152 2758 1198 autem
2786 1161 2894 1200 non
2948 1148 3254 1206 inficiantes
3275 1167 3440 1221 posse
3480 1168 3539 1208 se
3569 1169 3741 1225 panes

2159 1227 2310 1292 dare,
2342 1231 2434 1286 sed
2462 1235 2750 1301 pauciores
2787 1251 2883 1291 eos
2913 1238 3292 1297 existimantes
3314 1257 3438 1299 esse
3459 1284 3476 1310 ,
3516 1259 3618 1300 nec
3667 1247 3740 1301 ad

2159 1333 2256 1375 eos
2285 1322 2509 1379 alendos
2531 1326 2626 1393 qui
2647 1325 2834 1382 Iesum
2880 1331 3052 1384 secuti
3104 1329 3322 1388 fuerant
3361 1336 3694 1394 sufficientes
3719 1378 3736 1401 .

2159 1423 2338 1479 neque
2363 1413 2794 1482 considerantes,
2820 1415 3030 1482 Jesum,
3063 1435 3188 1476 cum
3223 1426 3494 1494 acceperit
3537 1443 3743 1483 unum-

2159 1515 2435 1572 quemque
2463 1519 2695 1574 panem,
2733 1508 2837 1562 hoc
2876 1519 2960 1565 est
2989 1512 3258 1580 verbum,
3313 1525 3577 1584 quantum
3626 1521 3745 1575 vult

2158 1591 2471 1660 extendere,
2509 1593 2976 1668 sufficientemque
3009 1601 3236 1675 reddere
3281 1606 3538 1663 omnibus
3568 1623 3742 1679 quos-

2158 1697 2377 1752 cunque
2405 1685 2615 1740 nutrire
2640 1686 2894 1750 voluerit,
2929 1689 3120 1744 dicunt
3152 1692 3198 1724 ⁷⁸
3237 1711 3250 1746 :
3284 1712 3304 1745 ι
3327 1693 3449 1750 Νοιι
3474 1697 3742 1756 habemus

2159 1771 2249 1827 hic
2273 1773 2377 1828 nisi
2408 1775 2652 1844 quinque
2710 1791 2879 1846 panes
2911 1787 2965 1833 et
2997 1778 3138 1836 duos
3183 1783 3363 1850 pisces
3391 1803 3406 1851 ;
3440 1804 3458 1837 ι
3507 1787 3744 1846 obscure

2084 1842 2128 1897 Β
2155 1860 2388 1918 forsitan
2419 1842 2789 1935 significantes
2844 1869 3088 1939 quinque
3141 1842 3312 1941 panes
3347 1842 3471 1930 esse
3501 1842 3742 1934 sensibi;

2157 1955 2235 2010 les
2267 1954 2674 2026 Scripturarum
2734 1975 3017 2016 sermones
3038 1999 3054 2025 ,
3086 1969 3142 2018 et
3185 1973 3472 2034 propterea
3511 1983 3743 2026 numero

2155 2061 2420 2103 sensuum
2452 2050 2853 2120 respondentes
2883 2069 2898 2117 ;
2928 2052 3070 2108 duos
3108 2069 3240 2110 vero
3291 2057 3470 2125 pisces
3495 2099 3511 2125 ,
3542 2075 3742 2130 nempe

2154 2153 2466 2194 sermonem
2515 2155 2615 2197 ore
2644 2144 3096 2211 pronuntiatum,
3153 2155 3207 2202 et
3247 2161 3374 2203 eum
3404 2149 3502 2219 qui
3557 2161 3743 2208 mente

2154 2230 2463 2300 concipitur
2487 2271 2503 2297 ,
2556 2233 2650 2303 qui
2687 2243 2816 2289 sunt
2845 2235 3009 2290 veluti
3047 2236 3339 2293 obsonium
3394 2241 3742 2298 sensibilium

2155 2336 2279 2389 quae
2304 2321 2358 2376 in
2383 2321 2688 2392 Scripturis
2711 2334 2964 2391 exstant;
3010 2326 3095 2382 vel
3159 2326 3394 2386 fortasse
3423 2346 3737 2387 sermonem

2153 2411 2222 2466 de
2243 2411 2402 2468 Patre
2431 2423 2485 2470 et
2509 2414 2668 2480 Filio,
2698 2417 2792 2486 qui
2830 2417 2897 2472 ad
2929 2417 3052 2474 illos
3087 2419 3200 2489 jam
3239 2431 3575 2490 pervenerat.
3604 2422 3740 2480 Pro-

2154 2515 2337 2577 pterea
2361 2515 2416 2561 et
2435 2506 2553 2576 ipse
2568 2515 2862 2577 postquam
2890 2512 3285 2567 resurrexisset
3317 2512 3521 2582 piscem
3547 2529 3738 2570 assum

2153 2597 2498 2661 comedebat,
2525 2606 2681 2667 parte
2702 2606 2921 2668 sumpta
2953 2615 2985 2655 a
3017 2599 3329 2671 discipulis,
3377 2612 3432 2658 et
3478 2615 3700 2676 accepta
3721 2645 3738 2671 .

2153 2704 2319 2759 quam
2344 2688 2420 2743 illi
2455 2698 2688 2759 exparte
2714 2699 3276 2762 poterantexponere,
3305 2694 3374 2750 de
3405 2697 3561 2752 Patre
3583 2698 3740 2754 theo-

2153 2777 2298 2848 logia
2327 2777 2396 2832 ⁷⁸.
2437 2775 2529 2832 Sic
2561 2793 2662 2834 nos
2696 2777 2884 2848 igitur,
2922 2779 2991 2835 ad
3028 2783 3432 2853 assequendum
3465 2787 3738 2841 sermonis

2155 2870 2304 2925 illius
2335 2869 2403 2924 de
2433 2870 2677 2940 quinque
2708 2870 2944 2938 panibus
2973 2879 3027 2926 et
3055 2871 3275 2928 duobus
3301 2873 3568 2943 piscibus,
3607 2891 3736 2931 seu-

2153 2977 2278 3018 sum
2307 2961 2599 3017 collineare
2631 2961 2929 3030 potuimus.
2955 2961 3263 3020 Verisimile
3305 2975 3391 3021 cst
3427 2975 3610 3022 autem
3641 2981 3738 3023 eos

2154 3053 2250 3124 qui
2292 3053 2415 3123 plus
2464 3069 2628 3124 quam
2659 3068 2761 3109 nos
2800 3054 3045 3125 quinque
3067 3071 3238 3126 panes
3289 3068 3341 3113 et
3387 3059 3526 3114 duos
3556 3059 3740 3130 pisces

469 3145 600 3218 περὶ
648 3146 852 3202 τούτων
890 3147 1034 3201 νοῦν.
1087 3147 1511 3222 Παρατηρητέον
1557 3146 1761 3218 μέντοι,
1813 3147 1895 3200 ὄτι
1925 3149 2051 3212 τοὺς

2157 3147 2301 3218 apud
2332 3160 2454 3202 sese
2481 3152 2715 3216 possunt
2738 3145 3012 3216 colligere,
3031 3148 3357 3218 ampliorem
3382 3159 3437 3206 et
3457 3152 3739 3208 meliorem

467 3236 630 3290 πέντε
652 3238 850 3310 ἄρτους
883 3239 978 3291 καὶ
1013 3239 1139 3297 τοὺς
1165 3238 1259 3291 δύο
1283 3237 1474 3308 ἰχθύας
1505 3240 1553 3290 οἰ
1587 3238 1828 3308 μαθηταί⁵
1853 3237 2048 3307 λέγου-

463 3344 554 3380 σιν
580 3327 725 3398 ἔχειν
759 3328 910 3401 παρὰ
933 3328 1013 3399 τῷ
1045 3329 1330 3399 Ματθαίῳ,
1361 3330 1456 3384 καὶ
1485 3329 1564 3400 τῷ
1596 3329 1830 3402 Μάρκῳ,
1853 3331 1947 3383 καὶ
1972 3329 2050 3400 τῷ

461 3421 666 3492 Λουκᾷ,
707 3421 820 3475 οῦθ*
849 3424 930 3476 δτι
959 3421 1198 3494 πύρινοι,
1226 3421 1338 3476 οὔθ’
1373 3423 1456 3476 ὅτι
1486 3420 1718 3493 κρίθινοι
1749 3417 1892 3493 ἦσαν
1919 3424 2050 3476 ύπο-

463 3512 925 3582 σημειωσάμενοιο
958 3513 987 3564 ὁ
1008 3512 1068 3566 δὲ
1107 3511 1359 3581 Ἰωάννης
1395 3509 1554 3580 μόνος
1588 3509 1868 3582 κριθίνους
1894 3505 2049 3565 εἶπεν

463 3596 754 3665 εἶναιτοὺς
790 3603 1020 3674 ἄρτουςο
1059 3600 1141 3655 διὸ
1171 3601 1312 3672 τάχα
1348 3599 1470 3654 οὐδὲ
1503 3599 1553 3652 οἰ
1588 3599 1828 3671 μαθηταί
1859 3599 2051 3670 ὁμολο-

463 3693 652 3768 γοῦσιν
678 3695 878 3757 αὐτοὺς
899 3695 1028 3766 παρ’
1050 3694 1263 3758 ἑαυτοῖς
1291 3694 1350 3746 ὲν
1370 3691 1448 3762 τῷ
1469 3691 1563 3746 τοῦ
1597 3691 1846 3746 Ἰωάννου
1879 3693 2052 3760 Εὐαγ-

463 3789 651 3860 γελίῳ,
687 3787 823 3842 ἀλλὰ
867 3786 1087 3854 λέγουσι
1133 3785 1263 3857 παρ’
1310 3783 1478 3855 αύτῷ,
1515 3785 1619 3848 ὅτι,
1675 3803 1693 3835 ι
1734 3785 1890 3837 Ἔστι
1924 3801 2050 3838 παι-

464 3881 650 3952 δάριον
679 3873 806 3943 ὦδε,
852 3877 882 3931 ὃ
915 3877 1029 3948 ἔχει
1058 3877 1223 3931 πέντε
1257 3877 1456 3948 ἄρτους
1491 3875 1792 3948 κριθίνους,
1826 3876 1920 3929 καὶ
1955 3875 2049 3929 δύο

465 3973 689 4044 ὀψάρια.
731 3990 750 4022 ›
780 3970 891 4024 Καὶ
922 3971 1046 4023 ὅσον
1080 3969 1179 4039 μὲν
1207 3971 1256 4021 οἰ
1289 3968 1450 4022 πέντε
1475 3967 1630 4040 ἄρτοι
1657 3961 1805 4020 οὗτοι
1837 3967 1931 4020 καὶ
1956 3968 2050 4020 δύο

471 4063 654 4134 ἰχθύες
685 4063 786 4114 οὐκ
818 4059 1077 4132 ἐφέροντο
1105 4059 1211 4114 ὑπὸ
1240 4059 1349 4113 τῶν
1399 4057 1660 4130 μαθητῶν
1709 4057 1802 4111 τοῦ
1846 4057 2046 4129 Ἰησοῦ,

461 4157 563 4210 ούκ
594 4154 847 4227 ηὔξανον,
880 4154 999 4207 οὐδὲ
1033 4152 1354 4224 ὲπλήθυνον,
1389 4151 1510 4206 οὐδὲ
1543 4152 1796 4206 ἐδύναντο
1827 4151 2048 4224 τρέφειν

462 4248 732 4310 πλείονας·
760 4248 848 4300 ὅτε
877 4245 936 4299 δὲ
970 4243 1153 4297 λαϐὼν
1177 4243 1374 4306 αὐτοὺς
1403 4246 1434 4296 ὁ
1463 4242 1654 4315 Σωτὴρ
1685 4241 1903 4314 πρῶτον
1926 4242 2050 4296 ἀνέ-

462 4339 660 4409 ϐλεψεν
688 4339 770 4402 εἰς
796 4336 887 4390 τὸν
931 4335 1181 4407 ούρανὸν,
1221 4337 1342 4398 ταῖς
1381 4335 1566 4388 ἀκτῖσι
1607 4334 1715 4387 τῶν
1752 4333 2047 4406 ὀφθαλμῶν

463 4431 628 4488 αὐτοῦ
661 4432 824 4485 οἰονεί
852 4426 1237 4490 καταϐιϐάζων
1265 4425 1496 4496 δύναμιν
1529 4424 1760 4489 ἐκεῖθεν,
1794 4423 1891 4496 τὴν
1918 4425 2050 4478 ἀνα-

2157 3253 2319 3308 possc
2351 3252 2518 3307 super
2545 3235 2653 3291 illis
2702 3250 2926 3291 sensum
2971 3239 3122 3292 dare.
3179 3239 3740 3297 Animadvertendum

2154 3338 2239 3386 est
2260 3337 2440 3384 autem
2467 3326 2610 3396 apud
2633 3325 2969 3392 Matthaaum,
2989 3327 3230 3385 Marcum
3255 3342 3308 3386 ct
3329 3331 3556 3398 Lucam,
3577 3333 3743 3389 disci-

2155 3417 2315 3488 pulos
2370 3419 2552 3472 dicere
2582 3431 2641 3470 sc
2672 3415 2922 3488 quinque
2955 3417 3159 3473 habere
3187 3435 3357 3489 panes
3381 3431 3435 3476 et
3473 3421 3613 3478 duos
3655 3423 3738 3492 pi-

2155 3525 2276 3565 sces
2304 3510 2346 3542 ττ
2371 3527 2385 3576 ;
2413 3523 2520 3562 non
2545 3507 2852 3564 indicantes
2885 3515 3070 3563 utrum
3109 3511 3308 3566 triticei
3339 3511 3471 3578 sint,
3500 3528 3570 3568 an
3606 3513 3740 3568 hor-

2151 3601 2366 3671 deacei;
2402 3602 2581 3657 solum
2627 3609 2808 3656 autem
2849 3597 3112 3655 Joannem
3144 3602 3348 3658 dixisse
3405 3605 3739 3661 hordeaceos

2151 3708 2274 3750 esse
2303 3708 2497 3762 panes.
2553 3691 2680 3746 Ideo
2705 3689 2938 3746 fortasse
2967 3707 3148 3761 nequc
3181 3692 3433 3762 discipuli
3486 3709 3581 3749 eos
3614 3709 3738 3750 esse

2150 3800 2320 3858 penes
2351 3799 2411 3841 se
2445 3784 2501 3839 in
2528 3783 2760 3838 Joannis
2798 3783 3094 3857 Evangelio
3145 3785 3384 3840 fatentur
3411 3825 3426 3848 ,
3454 3785 3549 3842 sed
3579 3786 3764 3860 apud,

2152 3889 2279 3930 eum
2307 3875 2498 3930 dicunt
2523 3875 2592 3940 ⁷⁸,
2629 3891 2648 3924 ι
2695 3888 2819 3930 esse
2847 3890 3078 3945 puerum
3101 3875 3212 3940 hic,
3239 3875 3333 3945 qui
3361 3876 3526 3931 habet
3571 3877 3736 3947 quin-

2152 3981 2259 4036 que
2289 3981 2458 4036 panes
2489 3965 2823 4020 hordeaceos
2842 4007 2857 4032 ,
2889 3974 2945 4022 et
2972 3967 3080 4021 duo
3128 3967 3326 4036 pisces.
3362 3986 3379 4018 ι
3404 3965 3469 4020 Ει
3493 3968 3740 4037 quandiu

2152 4057 2373 4126 quidem
2404 4055 2647 4126 quinque
2669 4055 2748 4109 illi
2780 4064 3018 4126 paneset
3045 4055 3152 4110 duo
3177 4055 3353 4125 pisces
3387 4072 3418 4110 ιι
3453 4056 3740 4127 discipulis

2152 4145 2281 4200 Jesu
2309 4160 2419 4199 non
2444 4143 2759 4198 ferebantur
2778 4185 2794 4211 ,
2820 4161 2928 4199 non
2959 4145 3318 4214 augebantur,
3346 4160 3525 4217 neque
3549 4146 3737 4201 multi.

2151 4237 2520 4309 plicabantur,
2575 4251 2755 4306 neque
2786 4237 3052 4306 plurimos
3101 4237 3246 4292 alere
3292 4246 3581 4306 poterant;
3636 4238 3737 4292 sed

2152 4337 2442 4399 postquam
2484 4326 2765 4391 Servatur,
2785 4326 3022 4395 acceptis
3043 4326 3171 4390 illis,
3190 4324 3428 4395 primum
3453 4325 3506 4380 in
3534 4325 3738 4381 caelum

2156 4419 2425 4489 suspexit,
2455 4418 2624 4472 radiis
2658 4419 2945 4472 oculorum
2991 4432 3216 4472 suorum
3246 4417 3394 4471 velut
3451 4416 3576 4471 inde
3625 4417 3740 4473 vim

466 4522 885 4597 κραθησομένην
914 4522 1026 4584 τοῖς
1053 4519 1240 4591 ἄρτοις
1276 4518 1370 4572 καὶ
1403 4518 1516 4581 τοῖς
1548 4515 1750 4588 ἰχθύσι,
1788 4515 2042 4587 μέλλουσι

2153 4511 2428 4566 deducens
2460 4525 2583 4580 quae
2614 4509 2938 4565 misceretur
2961 4507 3192 4576 panibus
3216 4515 3270 4562 et
3284 4505 3550 4578 piscibus,
3570 4505 3741 4580 478

533 4639 580 4672 ⁷³
605 4637 797 4692 Matth.
816 4651 930 4699 xlv,
953 4633 1041 4688 16.
1118 4632 1166 4665 ⁷⁸
1195 4632 1328 4688 ibid.

469 4709 557 4764 l3.
636 4708 682 4740 "
713 4706 874 4761 Joan.
904 4721 978 4768 vr,
1011 4705 1066 4759 9.

1405 4631 1452 4661 "
1486 4630 1618 4686 ibid.
1646 4630 1732 4684 Π.
1810 4630 1857 4662 ⁷⁸
1888 4629 2024 4686 Luc.
2057 4645 2205 4694 xxrv,
2244 4629 2332 4684 42.

2444 4628 2489 4660 ⁷⁷
2526 4626 2717 4682 Matth.
2748 4641 2860 4689 xiv,
2898 4625 2997 4692 l7;
3031 4623 3202 4679 Marc.
3232 4639 3308 4689 vi,
3337 4621 3445 4689 58;
3475 4619 3610 4676 Luc.
3649 4637 3727 4687 Is,
3769 4612 3774 4617 ’

540 4803 654 4928 ρο)
687 4805 992 4858 Ἕκαστον
1015 4799 1219 4880 ἄρτοις,
1249 4797 1453 4878 λόγον.
1494 4795 1838 4877 Ambrosius,
1865 4797 1959 4851 lib.
1987 4813 2041 4852 Ix

595 4890 683 4928 uc.
717 4889 806 4928 v1:
843 4889 860 4921 ι
885 4872 956 4924 At
981 4885 1109 4922 vero
1151 4870 1240 4922 lnc
1262 4883 1419 4928 panis
1466 4882 1627 4928 quem
1659 4865 1860 4928 frangit
1881 4864 2042 4921 Iesus

2153 4797 2420 4864 interpres
2454 4795 2506 4848 in
2549 4807 2717 4848 serm.
2754 4808 2790 4853 ι.
2831 4800 2937 4847 sat.
2964 4806 3053 4847 tv:
3102 4809 3120 4841 ι
3151 4788 3476 4853 Sermones,
3531 4786 3733 4856 inquit.
3801 4775 3805 4778 ’

2153 4866 2260 4921 duo
2289 4873 2436 4928 sunt,
2465 4862 2675 4926 ὲπικὸς,
2706 4864 2801 4916 καὶ
2833 4861 3183 4928 προφορικός.
3230 4859 3471 4924 Ἐπικὸς,
3499 4871 3610 4927 quo
3632 4858 3740 4911 uti-

469 4876 522 4930 in
544 4859 683 4928 Luc.
717 4889 806 4928 v1:
843 4889 860 4921 ι
885 4872 956 4924 At
981 4859 1109 4922 vero
1151 4859 1240 4922 hic
1262 4859 1419 4936 panis
1466 4882 1627 4936 quem
1659 4859 1860 4936 frangit
1881 4864 2042 4936 {esus

2153 4866 2260 4921 duo
2289 4859 2436 4936 sunt,
2465 4862 2675 4926 ὲπικὸς,
2706 4864 2801 4916 καὶ
2833 4861 3183 4936 προφορικός.
3230 4859 3471 4936 Ἐῂπικὸς,
3499 4871 3610 4927 quo
3632 4859 3740 4911 uti-

471 4944 697 5016 mystice
721 4941 941 5016 quidem
967 4938 1070 5016 _D_ei
1093 4935 1318 4992 verbum
1346 4945 1451 5000 est,
1474 4935 1752 5016 etnsermo
1783 4935 1852 4990 de
1881 4935 2044 4990 Chri-

470 5003 574 5078 sto,
605 5013 698 5083 qui
723 5003 852 5083 (Ξιιιιι
871 5010 1155 5083 dividitur,
1180 5015 1430 5083 auget-ur.
1467 5025 1484 5056 ι
1527 5003 1791 5083 ἰίιιιιζιιιιε.

539 5073 652 5155 (δι’)
689 5080 924 5155 Καίᾼβιὰ
969 5078 1145 5155 τοῦτο
1180 5073 1528 5155 ἰσάιὲθέιους
1562 5074 1690 5155 τςιῐς
1736 5073 1918 5155 mirga
1957 5077 2044 5128 αἰ-

469 5143 756 5220 σθῆσεσι.
802 5151 1085 5219 Origenes,
1120 5143 1337 5220 ἰιοιιιίῗι
1378 5143 1440 5197 in
1484 5143 1696 5198 Levit.:
1739 5163 1758 5194 ι
1790 5145 2045 5220 Quinque

472 5214 737 5278 numerus
758 5214 1092 5291 frequenter,
1117 5219 1228 5291 imo
1258 5231 1394 5285 pene
1424 5229 1636 5284 semper
1673 5229 1772 5284 pro
1800 5214 2045 5285 quinque

471 5294 724 5365 sensibus
747 5287 1028 5365 accipitur-
1071 5308 1087 5337 ι
1127 5287 1204 5341 ιυο
1329 5357 1339 5365 .
1458 5361 1466 5365 .
1556 5352 1597 5365 -

544 5363 656 5433 (62)
699 5351 982 5417 Ἠτοίτὸν
1009 5357 1398 5433 προφορικόν,
1420 5361 1525 5409 etc.
1556 5352 1820 5433 Erasmus
1847 5351 2043 5420 reddit,

479 5450 499 5483 ι
527 5424 927 5502 propheticum,
959 5447 978 5479 ι
1009 5424 1218 5496 legebat
1261 5439 1455 5493 nempe
1488 5424 1825 5506 προφητικὸν
1853 5437 2046 5505 perpe-

473 5497 1156 5575 ram.‘f’lane‘legendutn
1202 5510 1533 5566 προφορικον
1557 5533 1572 5556 ,
1597 5510 1712 5575 ,ηυι
1753 5501 2050 5575 opponitur

475 5569 785 5638 ὲνδιαθέτῳ.
825 5563 962 5635 Quid
995 5567 1067 5638 sit
1095 5563 1276 5620 sermo
1312 5563 1671 5638 πρρφορικᾴς,
1703 5565 1833 5638 quid
1870 5563 2048 5616 ἐνδιά-

475 5640 648 5703 θετος,
670 5634 862 5693 ιιοίιιηι
877 5645 981 5693 est.
999 5634 1500 5706 llcrmogenes,rl_ib.
1518 5649 1563 5706 ιι
1587 5634 1848 5706 Deforpt.
1875 5643 2048 5706 οῖσι,

476 5726 524 5764 c.
558 5699 967 5771 Ἰζὶνδιάθετον,
998 5699 1336 5774 εοιιηοιῖειιι,
1375 5703 1569 5774 ἀληθῆ,
1604 5699 1697 5756 καῖ
1733 5699 2048 5774 οἷονῃέμψυτ

478 5795 569 5851 χον
594 5778 829 5850 appellat
854 5795 868 5829 :
898 5776 1042 5829 unde
1081 5773 1314 5827 fortasse
1334 5771 1609 5827 emendari
1635 5773 1806 5843 possit
1839 5771 2050 5831 norant

805 5871 1070 5930 Ριιτιιοι..
1119 5865 1237 5926 (in.
1286 5863 1452 5926 Xlll.

2151 4951 2277 5017 mur
2302 4935 2600 5005 cogitantes
2625 4948 2641 4998 ;
2675 4929 3186 5004 npocpop'txdc'vero,
3211 4929 3298 4984 cui
3321 4929 3505 4998 lingua
3530 4941 3736 4996 suppe-

2151 5005 2367 5074 ditat.)
2421 5004 2618 5058 Annon
2665 5003 2996 5074 legendum,
3040 5001 3284 5072 ἐμψυχος
3323 4999 3418 5052 καὶ
3467 5011 3735 5068 προφορι-

2154 5073 2281 5128 κόςῖ
2315 5072 2392 5128 1ο.

2223 5092 2549 5217 ῗὲδῖθὲιςιὸς
2571 5142 2662 5217 ξι,
2677 5141 2785 5217 ,δτι
2809 5145 2866 5197 οι
3167 5151 3272 5197 etc.
3297 5137 3398 5217 sic
3423 5152 3524 5217 ego
3553 5137 3734 5217 locum

2155 5207 2548 5286 hunciexplico'.
2571 5213 2717 5267 Dixit
2733 5207 2904 5284 supra
2913 5215 3158 5284 quinque
3184 5210 3418 5286 panibus
3435 5207 3732 5286 significari

2155 5279 2715 5352 sensim—Scriptura;
2763 5279 3046 5357 sermones
3068 5279 3092 5357 Ξ⁸
3109 5279 3200 5357 Δ(ιε’
3215 5280 3432 5357 duobus
3464 5279 3730 5357 piscibus=

2156 5369 2467 5427 sermonem
2497 5346 2853 5427 προφορικόν,
2876 5361 2931 5427 et
2955 5351 3279 5427 ἐνδιάθετον,
3303 5348 3395 5427 qui
3417 5346 3547 5427 sunt
3567 5346 3732 5427 veluti

2157 5423 2458 5494 Scriptura;
2485 5414 2853 5494 condimenta.
2881 5420 3055 5494 Nunc
3085 5423 3162 5475 ait
3190 5435 3285 5494 eos
3321 5414 3734 5494 longe_felicius_.

2154 5485 2303 5549 hunc
2321 5494 2500 5550 locum
2530 5493 2944 5561 explanaturos,
2963 5491 3058 5560 qui
3083 5489 3261 5561 magis
3273 5485 3564 5561 potuerint
3588 5488 3731 5555 apud

2155 5578 2214 5618 se
2232 5563 2488 5645 ,ειυίιιίιυθ
2512 5555 2682 5645 Delie?
2708 5570 2764 5645 εει
2789 5555 2938 5645 δυρερ
2955 5555 3131 5645 vim
3147 5555 3731 5645 ,ξιὲἓίιξιῑῇὶέιρεέἒξεν

2153 5623 2534 5705 qui'majoreui
2549 5629 2845 5702 Scriptura:
2864 5623 3277 5700 intelligentiam
3296 5623 3505 5682 fuerint
3523 5623 3732 5749 saepti,

3341 5850 3418 5908 ἓξ)
