4100 6434
400 351 513 410 307
1865 354 2190 416 ORIGENIS
3574 368 3682 428 90?

406 475 609 544 quibus
652 474 932 531 hominum
985 473 1228 545 quinque
1273 476 1441 531 millia
1475 477 1547 531 ali
1580 480 1886 547 debebant,
1934 491 1984 536 et

2090 484 2311 554 τρέφειν
2344 484 2471 549 τοὺς
2505 486 2996 557 πεντακισχιλίους,
3031 490 3126 543 καὶ
3158 490 3298 562 μετὰ
3332 491 3492 545 τοῦτο
3522 494 3684 566 ηὖλό-

405 574 596 637 postca
624 566 898 622 benedixit
929 569 1175 637 quinque
1195 567 1428 636 panibus
1479 578 1534 623 et
1571 569 1790 626 duobus
1824 572 1993 641 pisci-

406 659 536 725 bus,
561 672 815 714 sermone
835 667 889 713 et
918 657 1292 714 benedictione
1316 674 1525 729 augens
1546 669 1602 715 et
1622 661 1992 731 multiplicans

407 748 555 816 illos,
588 759 644 803 et
679 751 838 803 tertio
870 748 1120 804 dividens
1146 757 1201 802 et
1218 746 1480 818 frangens
1505 749 1655 805 dedit
1685 751 1989 821 discipulis,

405 846 469 893 ut
498 837 600 908 ipsi
626 837 800 893 turbis
821 846 1185 908 apponerent;
1219 844 1351 892 tunc
1395 837 1730 895 suffecerunt
1747 855 1919 911 panes
1939 849 1993 895 et

405 924 680 994 pisces,ut
698 926 1048 980 comederent
1074 939 1267 980 omnes
1288 932 1343 979 et
1372 927 1722 995 satiarentur,
1755 936 1810 982 et
1825 944 1992 998 quos-

405 1013 533 1070 dam
574 1029 606 1069 e
644 1015 880 1085 panibus
911 1015 1214 1070 benedictis
1243 1015 1405 1070 edere
1444 1031 1554 1069 non
1602 1026 1847 1087 possent.
1881 1019 1991 1073 Su~

404 1113 664 1174 pererant
690 1105 839 1160 enim
871 1107 1052 1162 turbis
1090 1115 1204 1161 tam
1240 1107 1434 1173 multa,
1468 1122 1590 1178 qua:
1618 1109 1760 1178 apud
1799 1110 1990 1166 turbas

403 1195 627 1264 quidem
652 1210 763 1251 non
791 1205 971 1265 erant,
997 1195 1091 1252 se'd
1118 1196 1261 1268 apud
1287 1197 1609 1268 discipulos,
1653 1199 1842 1254 tollere
1890 1214 1990 1254 va-

403 1286 581 1343 lentes
616 1287 899 1344 residuum
932 1287 1389 1360 fragmentorum,
1432 1300 1488 1345 et
1519 1292 1572 1346 in
1600 1292 1865 1363 cophinos
1896 1293 1992 1347 dc-

403 1391 611 1447 ponere
653 1379 1011 1450 reliquiarum
1067 1381 1261 1450 plenos
1289 1420 1305 1447 ,
1353 1382 1446 1453 qui
1480 1382 1705 1437 totidem
1760 1397 1990 1439 numero

405 1475 587 1533 erant,
619 1475 757 1537 quot
803 1468 983 1524 tribus
1015 1469 1211 1525 Israel.
1236 1469 1313 1524 De
1341 1468 1542 1540 Joseph
1592 1472 1811 1541 quidem
1852 1475 1991 1528 scri-

403 1565 561 1626 ptum
593 1566 676 1615 est
701 1558 757 1613 in
786 1557 1024 1615 Psalmis
1049 1560 1095 1593 ⁷⁸
1127 1578 1140 1613 :
1192 1578 1212 1611 ι
1267 1560 1463 1616 Manus
1507 1561 1629 1631 ejus
1656 1563 1710 1617 in
1749 1564 1988 1634 cophino

406 1648 752 1716 servierunt;
796 1668 816 1703 ι
849 1651 919 1705 de
939 1650 1225 1720 discipulis
1258 1667 1386 1706 vero
1416 1651 1570 1718 Jesu,
1604 1657 1896 1714 sustulisse
1925 1659 1990 1713 il-

403 1741 488 1795 los
516 1741 796 1797 residuum
818 1740 1245 1812 fragmenton
1264 1760 1279 1809 ;
1297 1743 1607 1810 duodecim,
1628 1748 1842 1817 opinor,
1861 1751 1993 1806 duo-

400 1831 580 1886 decim
631 1832 918 1903 cophinos,
956 1847 1065 1888 non
1122 1833 1454 1904 semiplenos
1482 1876 1497 1901 ,
1539 1837 1633 1892 sed
1662 1838 1855 1908 plenos
1890 1859 1904 1895 :
1934 1852 1989 1897 et
2020 1823 2063 1879 Β

401 1931 555 1987 sunt,
585 1931 741 1993 puto,
772 1924 976 1989 adhuc,
1035 1932 1092 1980 et
1127 1924 1197 1979 ad
1237 1928 1775 1984 consummationem
1809 1947 1989 2003 usque

400 2012 610 2076 saeculi,
635 2013 780 2083 apud
813 2013 1119 2084 discipulos
1145 2015 1275 2074 Jesu
1327 2017 1506 2075 turbis
1531 2020 1811 2087 meliores,
1840 2021 1987 2092 pleni

398 2104 694 2161 duodecim
727 2105 954 2176 cophini
989 2105 1312 2179 fragmentis
1337 2110 1497 2180 panis
1525 2111 1761 2168 viventis
1785 2153 1801 2179 ,
1845 2128 1987 2184 quos

399 2196 578 2252 turba
608 2197 897 2254 comedere
925 2213 1036 2254 non
1071 2211 1325 2271 possunt.
1352 2201 1457 2271 Qui
1492 2203 1856 2261 comedebant
1885 2223 1986 2262 au-

399 2297 510 2342 tem
532 2287 604 2343 de
622 2290 867 2360 quinque
897 2290 1154 2360 panibus,
1180 2293 1274 2363 qui
1298 2294 1451 2365 prius
1467 2294 1686 2351 fuerant
1706 2312 1872 2368 quam
1896 2313 1986 2354 re-

397 2379 708 2435 dundarent
725 2380 1013 2438 duodecim
1046 2384 1292 2454 cophini,
1326 2388 1545 2459 cognati
1565 2398 1724 2447 erant
1752 2405 1985 2447 numero

397 2472 687 2537 quinario:
720 2473 787 2529 ad
815 2475 1043 2531 sensilia
1075 2490 1248 2553 usque
1271 2490 1635 2549 pervenerant
1667 2483 1764 2552 qui
1798 2496 1985 2539 come-

395 2563 612 2631 derant,
640 2565 1085 2637 quandoquidem
1114 2575 1171 2623 et
1192 2568 1263 2624 ab
1292 2583 1361 2625 eo
1390 2572 1484 2640 qui
1512 2573 1764 2644 suspexit
1788 2574 1843 2629 in
1871 2589 1985 2631 cm-

394 2654 535 2719 lum,
558 2654 858 2724 benedixit,
884 2666 940 2712 et
970 2656 1131 2730 fregit
1170 2659 1318 2725 illos,
1339 2660 1533 2717 hialiti
1566 2672 1717 2731 sunt,
1758 2673 1814 2720 et
1870 2680 1981 2721 non

395 2746 572 2813 pueri,
596 2761 701 2803 nec
730 2745 970 2816 feminae,
1003 2750 1099 2806 sed
1128 2751 1255 2808 viri.
1285 2752 1427 2808 Sunt
1454 2754 1624 2822 enim,
1656 2756 1853 2827 opinor
1875 2798 1892 2826 ,
1928 2766 1983 2814 et

398 2836 455 2889 in
485 2837 785 2895 sensilibus
812 2840 954 2896 cibis
982 2840 1336 2912 differentiae;
1369 2845 1442 2900 ita
1473 2856 1532 2902 ut
1561 2849 1782 2919 quidam
1816 2866 1882 2906 ex
1914 2851 1983 2908 iis

396 2925 511 2980 sint
534 2941 725 2983 eorum
742 2931 835 3001 qui
854 2949 872 2983 ι
896 2944 1299 2991 evacuaverunt
1320 2950 1441 3007 quae
1463 2942 1842 3010 erantparvuli
1866 2943 1932 3010 ⁸ο,
1957 2961 1978 2996 ο

394 3014 625 3083 quidam
648 3032 780 3074 vero
811 3034 1001 3075 eorum
1036 3023 1130 3092 qui
1165 3025 1463 3080 etiamnum
1512 3035 1642 3083 sunt
1667 3031 1882 3100 parvuli
1929 3039 1984 3089 et

380 3106 649 3163 :carnales
681 3107 734 3161 in
757 3108 995 3164 Christo.

464 3329 521 3384 3.
553 3328 622 3385 Et
657 3331 773 3386 hac
795 3329 1014 3401 quidem
1038 3345 1069 3384 a
1105 3330 1263 3386 nobis
1297 3330 1438 3387 dicta
1466 3339 1596 3386 sunt
1618 3340 1842 3404 propter
1863 3332 1981 3389 haec

378 3422 557 3479 verba
589 3422 635 3456 ”
672 3441 687 3478 :
728 3441 749 3476 ι
781 3421 1228 3478 Manducantium
1257 3420 1362 3478 fuit
1407 3438 1673 3481 numerus
1730 3424 1977 3496 quinque

392 3512 564 3571 millia
595 3514 865 3581 virorum,
911 3511 1153 3584 exceptis
1184 3513 1508 3570 mulieribus
1539 3522 1595 3570 et
1638 3514 1900 3585 parvulis,
1951 3532 1971 3567 ι

382 3604 538 3675 ,ηυοᾶ
566 3604 884 3676 ambiguum
916 3613 1033 3670 est;
1056 3603 1140 3658 vel
1170 3602 1315 3658 enim
1330 3603 1426 3675 qui
1442 3604 1794 3660 comedeiant
1819 3612 1979 3661 erant

385 3697 493 3752 .viri
523 3696 820 3768 quinquies
854 3696 1023 3764 mille,
1047 3707 1103 3752 et
1135 3697 1320 3751 nullus
1360 3696 1503 3751 inter
1558 3695 1784 3752 edentes
1839 3710 1977 3767 puer

385 3797 527 3850 erat.
560 3800 655 3844 aut
697 3787 940 3857 femina;
991 3787 1077 3843 vel
1123 3796 1406 3859 propterea
1450 3787 1598 3858 quod
1650 3787 1753 3842 viri
1795 3788 1976 3843 solum

388 3880 684 3952 quinquies
720 3879 869 3935 mille
900 3879 1122 3945 fuerint,
1146 3895 1256 3934 non
1281 3879 1586 3935 numeratis
1615 3880 1802 3949 pueris
1826 3888 1880 3935 et
1899 3879 1980 3936 fe-

392 3973 576 4029 minis.
606 3972 838 4040 Quidam
858 3971 1045 4043 igitur,
1081 3980 1140 4026 ut
1156 3970 1269 4041 jam
1295 3971 1555 4035 diximus,
1588 3971 1669 4027 sic
1695 3969 1980 4027 intellexe-

388 4076 537 4133 runt,
574 4083 683 4123 non
706 4065 948 4122 adfuisse
962 4080 1170 4136 pueros
1199 4065 1281 4121 vel
1317 4063 1551 4120 feminas
1577 4103 1593 4129 ,
1635 4064 1705 4119 iis
1737 4078 1862 4134 qua:
1909 4079 1977 4120 ex

376 4159 631 4231 quinque
655 4158 889 4233 panibus
912 4166 968 4214 et
991 4159 1208 4214 duobus
1234 4157 1479 4228 piscibus
1506 4158 1669 4212 aucta
1704 4165 1758 4212 et
1783 4156 1974 4212 multi—

386 4250 587 4320 plicata
634 4256 783 4306 sunt.
828 4248 983 4304 Dicat
1033 4256 1218 4303 autem
1273 4245 1493 4316 aliquis,
1524 4261 1649 4301 cum
1685 4245 1843 4300 multi
1873 4260 1976 4316 pro

385 4342 583 4396 merito
620 4348 677 4395 et
726 4338 937 4395 viribus
987 4337 1367 4402 comederint,
1417 4345 1471 4392 et
1514 4335 1807 4408 participes
1847 4335 1975 4392 facti

376 4432 593 4488 fuerint
619 4446 822 4502 panum
853 4429 1269 4497 benedictionis,
1305 4444 1401 4485 eos
1430 4429 1525 4500 qui
1560 4444 1792 4485 numero
1822 4429 1974 4500 digni

2095 595 2234 649 γησε
2265 580 2391 643 τοὺς
2439 579 2604 633 πέντε
2646 578 2864 652 ἄρτους,
2913 580 3008 636 καὶ
3052 583 3179 647 τοὺς
3206 582 3301 637 δύο
3344 585 3554 655 ἰχθύας,
3600 586 3682 658 τῷ

2095 667 2239 740 λόγῳ
2272 667 2366 723 καὶ
2397 670 2465 741 τῇ
2505 667 2727 742 εὐλογίᾳ
2757 669 2959 737 αὔξων,
3000 673 3096 726 καὶ
3122 672 3414 746 πληθύνων
3456 676 3676 743 αὐτοὺς,

2095 760 2190 812 καὶ
2218 759 2403 832 τρίτον
2435 760 2696 832 μερίζων,
2727 762 2822 815 καὶ
2855 762 2999 817 κλῶν
3026 763 3198 818 ἔδωκε
3230 768 3343 830 τοῖς
3380 766 3678 839 μαθηταῖς,

2097 849 2163 903 ἵν’
2196 850 2393 902 ἐκεῖνοι
2420 852 2536 913 τοῖς
2565 848 2742 920 ἆχλοις
2783 851 3074 921 παραθῶσι
3092 868 3107 882 ⁸
3138 852 3261 907 τότε
3292 853 3591 926 διήρκεσαν
3628 856 3681 911 οἰ

2094 940 2249 1012 ἄρτοι
2289 939 2399 1013 (64)
2443 939 2540 993 καὶ
2572 941 2622 994 οἱ
2668 939 2872 1012 ἰχθύες,
2936 942 3012 1006 ὡς
3067 947 3261 1013 φαγεῶ
3308 945 3537 1011 πάντας,
3585 949 3681 1001 καὶ

2094 1027 2442 1100 κορεσθῆναι,
2478 1029 2572 1082 καί
2603 1046 2755 1093 τινας
2791 1030 2900 1085 τῶν
2930 1030 3336 1104 εὐλογηθέντων
3382 1036 3562 1106 ἄρτων
3604 1038 3679 1108 μὴ

2093 1119 2342 1192 χωρῆσαι
2384 1124 2597 1191 φαγεῖν.
2638 1122 3025 1194 Ἐπερίσσευσε
3056 1125 3164 1198 γὰρ
3201 1129 3317 1191 τοῖς
3345 1126 3521 1198 ὖχλοις
3559 1146 3681 1183 τοσ-

2093 1214 2254 1280 αῦτα,
2284 1214 2322 1270 ἆ
2351 1215 2494 1272 κατὰ
2521 1216 2619 1287 μὲν
2664 1216 2791 1280 τοὺς
2827 1216 3017 1287 ὄχλους
3048 1218 3150 1272 οὐκ
3180 1214 3270 1291 ἦν,
3299 1221 3443 1275 κατὰ
3470 1221 3528 1275 δὲ
3554 1223 3680 1286 τοὺς

2092 1306 2425 1379 δυναμένους
2469 1306 2717 1379 μαθητὰς
2755 1303 2887 1381 ἆραι
2923 1309 2985 1362 τὸ
3025 1310 3347 1381 περισσεῦον
3391 1312 3500 1366 τῶν
3543 1314 3679 1367 κλασ-

2094 1400 2338 1471 σμάτων,
2385 1399 2480 1454 καὶ
2508 1398 2812 1454 ἀποθέσθαι
2842 1403 2923 1466 εἰς
2965 1403 3218 1471 κοφίνους
3264 1404 3679 1477 πληρουμένους

2090 1492 2202 1547 τῶν
2248 1492 2729 1563 περισσευμάτων,
2777 1492 2939 1558 ὂντας
2984 1495 3077 1549 τὸν
3118 1495 3352 1567 ἀριθμὸν
3386 1498 3679 1562 τοσούτους

2089 1585 2213 1638 ὅσαι
2239 1586 2296 1638 αἰ
2319 1584 2484 1654 φυλαὶ⁸
2512 1582 2610 1638 τοῦ
2652 1585 2887 1658 Ἰσραήλ.
2924 1587 3060 1658 Περὶ
3086 1588 3185 1659 μὲν
3208 1584 3302 1642 οὖν
3332 1588 3426 1642 τοῦ
3476 1592 3677 1663 Ἰωσὴφ

2093 1679 2153 1730 ὲν
2173 1676 2424 1746 Ψαλμοῖς
2449 1675 2782 1747 γέγραπταιι
2815 1696 2834 1729 ι
2861 1678 2928 1730 Al
2966 1680 3146 1751 χεῖρες
3182 1680 3347 1733 αὑτοῦ
3382 1683 3440 1734 ὲν
3474 1682 3552 1752 τῷ
3584 1699 3677 1736 κο-

2091 1769 2232 1839 φίνῳ
2260 1768 2599 1823 ὲδούλευσαν·
2646 1787 2664 1820 ι
2702 1770 2832 1841 περὶ
2852 1768 2908 1823 δὲ
2930 1769 3040 1823 τῶν
3079 1770 3252 1841 Ἰησοῦ
3286 1771 3565 1845 μαθητῶν,
3590 1775 3676 1828 ὃτι

2089 1854 2232 1931 ἦραν
2261 1859 2324 1912 τὸ
2352 1858 2674 1931 περισσεῦον
2705 1859 2814 1913 τῶν
2851 1859 3205 1932 κλασμάτων,
3248 1866 3300 1916 οἰ
3331 1863 3557 1931 δώδεκα,
3592 1863 3675 1921 οἷ-

2094 1964 2213 2019 μαι,
2239 1946 2447 2001 δώδεκα
2472 1947 2748 2016 κοφίνους,
2791 1947 2891 2018 οὐχ
2927 1948 3226 2019 ἡμιτελεῖς,
3258 1950 3396 2005 ἀλλὰ
3422 1951 3671 2027 πλήρεις·

2089 2038 2185 2093 καί
2207 2041 2365 2103 εἰσιν,
2397 2034 2573 2110 οἶμαι,
2611 2039 2773 2112 μέχρι
2800 2040 2898 2094 τοῦ
2928 2039 3110 2114 δεῦρο,
3140 2044 3236 2099 καὶ
3280 2045 3386 2109 ἕως
3415 2045 3519 2116 τῆς
3546 2062 3678 2100 συν·

2089 2128 2304 2193 τελείας
2330 2128 2428 2183 τοῦ
2460 2129 2675 2195 αἰῶνος,
2710 2131 2759 2183 οἰ
2796 2130 3028 2203 πλήρεις
3062 2133 3274 2203 κόφινοι
3311 2135 3523 2191 δώδεκα
3564 2136 3680 2191 τῶν

2089 2219 2418 2291 κλασμάτων
2448 2221 2617 2293 ἄρτου
2659 2219 2880 2287 ζῶντος,
2924 2223 3019 2289 οὓς
3051 2226 3128 2298 μὴ
3159 2227 3418 2281 δύνανται
3445 2229 3494 2281 οἰ
3526 2227 3676 2297 ὄχλοι

2088 2311 2311 2379 ἐσθίειν,
2359 2313 2511 2386 παρὰ
2553 2315 2668 2378 τοῖς
2712 2314 2820 2369 τῶν
2865 2316 3037 2387 ὄχλων
3082 2319 3359 2391 κρείττοσι
3401 2319 3673 2391 μαθηταῖς

2087 2404 2183 2460 τοῦ
2227 2404 2424 2477 Ἰησοῦ.
2472 2402 2651 2460 Ἶισαν
2700 2403 2759 2459 δὲ
2800 2408 2852 2461 οἰ
2891 2408 3165 2473 ἐσθίοντες
3203 2409 3313 2464 ἀπὸ
3353 2411 3461 2464 τῶν
3508 2410 3671 2463 πέντε

2087 2498 2288 2569 ἄρτων,
2327 2498 2435 2552 τῶν
2479 2499 2587 2569 πρὸ
2627 2498 2736 2554 τῶν
2773 2500 3246 2573 περισσευσάντων
3289 2501 3524 2571 κοφίνων
3569 2499 3674 2554 δὼ-

2085 2589 2237 2657 δεκα,
2270 2593 2549 2662 συγγενεῖς
2580 2590 2659 2663 τῷ
2684 2592 2846 2647 πέντε
2871 2593 3112 2665 ἀριθμῷο
3148 2594 3309 2667 μέχρι
3338 2594 3448 2647 τῶν
3482 2593 3674 2665 αἰσθη-

2085 2685 2196 2740 τῶν
2238 2684 2481 2757 ἔφθασαν
2516 2687 2568 2740 οἰ
2609 2686 2896 2757 φαγόντες,
2942 2685 3064 2739 ἐπεὶ
3095 2686 3191 2740 καί
3237 2680 3383 2741 οὗτοι
3421 2685 3533 2741 ἀπὸ
3575 2684 3671 2738 τοῦ

2087 2776 2489 2851 ἀναϐλέψαντος
2524 2780 2605 2843 εἰς
2643 2778 2874 2852 οὐρανὸν
2915 2778 3251 2852 ἐτράφησαν,
3298 2778 3394 2832 καὶ
3442 2777 3673 2849 εὐλογή-

2090 2885 2300 2936 σαντος,
2335 2870 2431 2925 καὶ
2461 2870 2760 2935 κλάσαντος
2805 2871 3021 2937 αὐτοὺς,
3052 2871 3149 2927 καὶ
3188 2871 3252 2925 οὐ
3297 2871 3505 2938 παῖδες,
3551 2871 3670 2925 οὐδὲ

2085 2964 2366 3030 γυναῖκες,
2405 2961 2541 3016 ἀλλὰ
2585 2961 2799 3034 ἄνδρες.
2841 2961 2966 3016 Εἰσὶ
2995 2960 3103 3034 γὰρ
3140 2962 3235 3017 καὶ
3263 2963 3322 3015 ὲν
3360 2960 3668 3035 αἰσθηταῖς,

2086 3046 2262 3123 οἶμαι,
2297 3056 2524 3125 τροφαῖς
2555 3054 2832 3126 διαφοραὶ,
2865 3054 2942 3119 ὡς
2984 3053 3138 3117 τινας
3178 3055 3276 3126 μὲν
3309 3053 3492 3109 αὐτῶν
3528 3050 3671 3109 εἶναι

2008 3167 2057 3228 c
2093 3163 2113 3194 ι
2133 3144 2601 3216 καταργησάντων
2615 3144 2684 3197 τὰ
2698 3144 2793 3198 τοῦ
2813 3146 3030 3217 νηπίου,
3054 3164 3073 3197 ι
3092 3145 3242 3211 τινὰς
3262 3145 3319 3198 δὲ
3344 3145 3424 3200 ἔτι
3446 3146 3554 3201 τῶν
3574 3163 3672 3220 νη-

2087 3237 2229 3291 πίων
2262 3235 2357 3291 καὶ
2392 3237 2665 3307 σαρκίνων
2696 3238 2755 3289 ὲν
2786 3237 3030 3309 Χριστῷ.

2154 3329 2265 3383 Καὶ
2297 3329 2470 3384 ταῦτα
2499 3331 2557 3384 δὲ
2589 3331 2718 3401 ἡμῖν
2754 3330 3001 3386 λέλεκται
3033 3331 3120 3387 διὰ
3152 3331 3214 3385 τό
3233 3350 3246 3363 ⁸
3299 3351 3318 3384 ι
3368 3333 3670 3399 Ἐσθίοντες

2080 3414 2223 3491 ἦσαν
2248 3419 2440 3492 ἄνδρες
2472 3419 2921 3491 πεντακισχίλιοι,
2955 3424 3124 3493 χωρὶς
3167 3422 3394 3476 παιδίων
3439 3423 3535 3477 καὶ
3571 3440 3670 3492 γυ-

2081 3510 2304 3576 ναικῶν,
2341 3531 2360 3563 ι
2391 3512 2529 3584 ὅπερ
2574 3511 2874 3583 ἀμφίϐολόν
2903 3514 3069 3567 ἔστιν·
3104 3514 3137 3586 ἢ
3168 3513 3278 3586 γὰρ
3309 3516 3358 3568 οἱ
3402 3514 3670 3584 φαγόντες

2078 3599 2218 3676 ἦσαν
2262 3604 2454 3676 ἄνδρες
2499 3604 2949 3677 πεντακισχίλιοι,
3000 3605 3098 3661 καὶ
3135 3608 3310 3673 οὐδεὶς
3345 3603 3413 3680 ἦν
3455 3609 3512 3661 ὲν
3557 3610 3670 3671 τοῖς

2079 3697 2320 3750 ἐσθίουσι
2356 3696 2566 3751 παιδίον
2603 3697 2636 3770 ἢ
2668 3699 2827 3770 γυνή’
2854 3698 2888 3770 ἢ
2920 3699 3004 3752 ὃτι
3038 3699 3199 3770 μόνον
3230 3699 3423 3770 ἄνδρες
3471 3714 3671 3755 πεντα-

2080 3790 2339 3864 κισχίλιοι
2362 3787 2524 3864 ἦσαν,
2556 3791 2630 3864 μὴ
2657 3792 3077 3865 ἀριθμουμένων
3113 3794 3251 3865 μήτε
3285 3793 3492 3848 παίδων
3529 3795 3668 3866 μήτε

2079 3881 2377 3953 γυναικῶν.
2415 3882 2575 3947 Τινὲς
2610 3883 2709 3954 μὲν
2738 3879 2855 3949 οὖν,
2888 3883 2964 3948 ὼς
3004 3882 3309 3952 φθάσαντες
3341 3885 3667 3956 εἰρήκαμεν,

2078 3972 2252 4037 οὕτως
2279 3970 2650 4044 ἐξειλήφασιν,
2692 3971 2775 4026 δτι
2818 3970 2943 4027 οὔτε
2984 3972 3193 4037 παιδία,
3243 3971 3367 4026 οὔτε
3408 3976 3670 4043 γυναῖκες

2079 4062 2339 4136 παρῆσαν
2371 4066 2484 4126 τοῖς
2511 4061 2776 4134 ηύξηκόσι
2807 4063 2902 4117 καὶ
2927 4061 3397 4134 πεπληθυσμένοις
3426 4063 3537 4120 ἀπὸ
3556 4064 3667 4117 τῶν

2079 4155 2241 4208 πέντε
2270 4144 2453 4225 ἄρτων
2481 4152 2575 4207 καὶ
2602 4152 2711 4206 τῶν
2737 4153 2831 4207 δύο
2873 4153 3090 4224 ἰχθύων.
3119 4154 3276 4208 Εἴποι
3303 4154 3347 4208 δ’
3374 4157 3440 4210 ἄν
3460 4173 3545 4220 τις
3558 4156 3665 4222 ὅτι,

2079 4243 2288 4298 πολλῶν
2314 4243 2619 4314 φαγόντων,
2648 4243 2744 4297 καὶ
2770 4244 2892 4297 κατ’
2917 4243 3074 4309 ἀξίαν
3099 4246 3193 4299 καὶ
3218 4246 3447 4317 δύναμιν
3480 4264 3665 4319 μετει-

2077 4331 2328 4404 ληφότων
2372 4333 2480 4386 ἀπὸ
2520 4331 2628 4386 τῶν
2670 4334 2771 4404 τῆς
2808 4333 3058 4404 εὐλογίας
3089 4336 3291 4407 ἄρτων,
3326 4338 3376 4391 οἰ
3408 4337 3508 4409 μὲν
3544 4339 3667 4409 ἀρι-

2079 4421 2233 4495 θμῶν
2276 4422 2417 4489 ἄξιοι
2463 4423 2598 4496 (65),
2646 4424 2908 4496 ἀνάλογον
2960 4430 3075 4492 τοῖς
3127 4431 3187 4483 ὲν
3228 4433 3294 4502 τῇ
3342 4431 3510 4503 βίϐλῳ
3556 4432 3665 4485 τῶν

384 4532 562 4590 erant,
584 4521 1046 4592 quemadmodum
1069 4521 1108 4575 ii
1131 4520 1225 4592 qui
1268 4519 1459 4591 viginti
1482 4534 1658 4576 annos
1680 4521 1793 4575 nati
1827 4521 1880 4575 in
1903 4521 1970 4576 li-

2088 4515 2371 4586 Ἂριθμῶν
2428 4518 2809 4591 ἀριθμηθεῖσιν
2869 4522 3259 4589 εἰκοσαέτεσιν,
3331 4524 3664 4597 Ἰσραηλῖται

380 4615 484 4670 bro
515 4612 879 4671 Numerorum
924 4613 1137 4670 recensi
1173 4621 1302 4668 sunt
1349 4613 1395 4645 ⁸³
1419 4654 1435 4681 ,
1491 4611 1769 4669 lsraelitas
1823 4615 1973 4669 viros

387 4706 559 4763 fuisse
600 4726 613 4761 :
659 4707 755 4779 qui
802 4720 934 4763 vero
970 4704 1138 4777 479
1170 4704 1321 4775 digni
1360 4718 1471 4760 non
1523 4711 1683 4758 erant
1737 4719 1971 4774 quorum

383 4808 539 4855 tanta
567 4799 710 4854 ratio
743 4806 798 4854 et
823 4813 1086 4854 numerus
1116 4796 1429 4864 haberetur,
1480 4800 1683 4866 pueros
1720 4793 1893 4851 fuisse
1921 4804 1976 4851 et

2078 4607 2271 4678 ἄνδρες
2308 4604 2469 4679 ἦσαν’
2502 4611 2553 4663 οἰ
2583 4609 2642 4664 δὲ
2687 4611 2761 4683 μὴ
2804 4610 2943 4678 ἄξιοι
2989 4613 3310 4685 τηλικούτου
3344 4615 3456 4690 (66)
3501 4616 3664 4687 λόγου

2080 4697 2175 4751 καὶ
2206 4698 2466 4771 ἀριθμοῦ,
2497 4702 2687 4766 παῖδες
2717 4698 2859 4775 ἦσαν
2896 4704 2989 4758 καὶ
3016 4709 3292 4775 γυναῖκες.
3329 4708 3667 4778 Τροπολογεῖ

2079 4788 2136 4842 δέ
2162 4806 2249 4862 μοι
2278 4792 2372 4844 καὶ
2416 4792 2543 4857 τοὺς
2586 4792 2803 4859 παῖδας,
2841 4794 2983 4849 κατὰ
3024 4795 3111 4849 τό·
3163 4816 3181 4849 ι
3235 4797 3349 4852 Οὐκ
3390 4797 3666 4872 ἠδυνήθην

457 4962 501 4996 ⁷⁹
523 4962 671 5019 Psal.
702 4977 865 5029 Lxxx,
893 4962 944 5017 7.
1019 4961 1066 4994 ⁸ο
1090 4958 1110 5015 l
1134 4959 1259 5016 Cor.
1293 4976 1414 5023 xm,
1450 4960 1537 5013 ll.
1615 4960 1658 4992 ⁸¹
1692 4958 1879 5014 Matth.
1910 4976 1984 5014 xu

2097 4960 2140 5013 I.
2219 4958 2264 4990 ³³
2290 4957 2449 5011 Num.
2484 4972 2522 5022 ι,
2560 4957 2613 5011 5.

455 5106 566 5177 (δι)
604 5106 742 5177 Τότε
771 5104 1103 5173 διήρκεσαν
1124 5101 1181 5158 οι
1214 5103 1398 5177 ἄρτοι.
1425 5102 1501 5159 ita
1539 5101 1874 5177 co«l‘.__ﬂ‘olm.
1908 5114 1964 5158 et

376 5173 584 5233 Catena
623 5178 674 5229 in
710 5174 843 5244 Luc.
885 5190 960 5237 ix,
992 5190 1115 5244 qua:
1150 5189 1255 5229 ms.
1288 5173 1605 5244 habeturiin
1636 5174 1963 5229 bibliotheca

383 5246 772 5302 Mazariniana.
802 5242 1029 5299 Videtur
1052 5245 1211 5297 aliter
1236 5244 1494 5299 habuisse
1518 5243 1730 5298 Erasmi
1756 5244 1958 5309 codex;

380 5318 461 5371 sic
480 5320 624 5371 enim
657 5316 776 5386 ipse
805 5316 1000 5369 vertit:
1034 5334 1054 5365 ‹
1074 5323 1207 5368 tunc
1233 5313 1606 5383 suscipiebant
1626 5314 1704 5368 illi
1727 5329 1952 5384 panes.»

380 5387 646 5443 Hunnus.

453 5459 564 5528 (65)
600 5460 665 5510 0!
685 5457 814 5528 μὲνῇ
840 5452 1101 5524 ἀριθμῶν
1120 5453 1296 5519 ἄξιοι.
1347 5451 1474 5508 Haec
1512 5453 1742 5509 fideliter
1776 5452 1962 5507 retulit
2052 5512 2055 5513 ν

387 5524 773 5599 Hieronymus.
798 5524 895 5599 ln._
980 5595 1002 5599 _
1018 5594 1039 5599 μ
1266 5598 1273 5599 7
1403 5574 1411 5599 _.

452 5596 565 5669 ((56)
587 5593 662 5651 'Ol
713 5596 781 5650 δὲ
826 5597 913 5667 μὴ
964 5594 1122 5669 egw;
1164 5594 1561 5669 τηλικούτου,
1601 5603 1715 5669 etc.
1762 5593 1962 5649 Notum

380 5665 588 5737 Pythia:
618 5665 942 5735 responsum
968 5666 1385 5736 Megarensibus
1411 5665 1598 5719 datum
1627 5682 1642 5717 :
1710 5668 1719 5672 “

391 5779 428 5833 '1
439 5783 575 5850 ’μείς
590 5777 664 5844 δ’,
686 5774 1047 5850 ὧΜεγαρεῖς,
1064 5778 1186 5831 οὔτ’
1208 5778 1277 5830 ὲν
1299 5777 1477 5845 λόγῳ,
1495 5775 1619 5828 οὔτ’
1635 5774 1700 5828 ἐν
1728 5774 1974 5843 ἀριθμῷ·

2069 5103 2215 5174 quod
2240 5102 2427 5158 retulit
2444 5100 2630 5157 Dinias
2652 5116 2664 5153 :
2684 5099 2774 5155 cui
2794 5100 2979 5155 allusit
2997 5097 3343 5163 Theocritus,
3362 5099 3510 5172 idyll.
3531 5115 3658 5155 xw:

2071 5220 2286 5293 Ἄμμες
2313 5216 2366 5270 δ’
2399 5216 2539 5293 ορτε
2561 5214 2720 5293 λέγω
2755 5210 2922 5277 τινὸς
2942 5209 3117 5276 ἄξιοι,
3151 5213 3281 5266 οὔτ’
3311 5211 3624 5281 ἀριθματοί
3639 5247 3659 5279 ,

2067 5291 2364 5343 Δύστανοι
2392 5289 2699 5356 Μεγαρῆες
2720 5297 2737 5315 °

2067 5414 2123 5458 et
2154 5400 2545 5463 Callimachus,
2567 5398 2890 5469 epigramm.
2912 5396 2979 5450 de
3001 5395 3305 5467 Callignoto
3334 5415 3349 5453 :

2530 5507 3055 5579 Τῆςδὲταλαίνης

2078 5610 2354 5677 Νύμφης.
2381 5604 2465 5670 ὡς
2495 5599 2831 5670 Μεγαρέωο,
2856 5602 2929 5655 οὺ
2962 5600 3163 5671 λόγος,
3198 5601 3320 5656 οὔτ’
3341 5601 3612 5674 ἀριθμός.

2079 5700 2205 5756 ll.cc
2232 5695 2472 5768 respexit
2498 5691 2688 5764 procul
2711 5691 2878 5747 dubio
2901 5689 3180 5763 Origenes.
3210 5691 3475 5754 ιίιιετιυς.
