4100 6416
495 415 598 469 909

1456 401 1810 457 COMXIENT.
1858 402 1922 455 IN
1964 400 2378 456 ΜΑΤΤΗΛΞΠΜ
2421 399 2657 457 TOMUS
2699 395 2787 454 XI.

3647 399 3756 456 911)

493 533 623 602 ὑμῖν
640 528 869 600 λαλῆσαι
885 526 960 590 ὼς
978 527 1386 596 πνευματικοῖς.
1411 524 1524 580 ἀλλ’
1542 526 1618 589 ὼς
1637 525 1910 597 σαρκίνοις
1936 523 2070 594 (67),

2179 523 2422 576 feminas.
2442 521 2572 576 Mihi
2593 531 2771 577 autem
2791 520 3124 592 tropOIOgice
3141 519 3349 591 explica
3370 519 3758 591 pucros,juxta

491 623 567 688 ὡς
601 622 816 693 νηπίοις
841 623 899 674 ὲν
927 618 1174 691 Χριστῷ·
1221 637 1239 670 ι
1275 619 1370 673 καὶ
1393 619 1490 682 τάς
1521 621 1784 688 γυναῖκας
1817 618 1957 671 κατὰ
1982 618 2070 669 τό’

495 715 766 786 Βούλομαι
808 715 864 767 δὲ
912 715 1038 775 τοὺς
1082 711 1290 775 πάντας
1336 712 1483 782 ὑμᾶς
1525 731 1543 762 ι
1593 711 1861 782 παρθένον
1905 709 2074 778 ἁγνὴν

495 803 948 877 παραστῆσαιτῷ
979 803 1219 874 Χριστῷ⁸
1260 823 1278 854 ι
1330 805 1456 867 τοὺς
1485 803 1541 856 δὲ
1574 803 1774 875 άνδρας
1809 803 1950 856 κατὰ
1990 804 2069 856 τό·

499 917 519 952 ι
556 898 685 951 Ὅτε
726 896 924 965 γέγονα
956 895 1114 967 ἀνὴρ,
1165 896 1496 968 κατήργηκα
1537 894 1606 948 τά
1646 894 1741 948 τοῦ
1789 896 2006 965 νηπίου.
2053 916 2069 946 ι

494 991 582 1061 Μὴ
607 988 965 1060 παρέλθωμεν
993 988 1288 1059 ἀδιήγητον
1323 989 1416 1041 κα)⁵
1441 989 1530 1042 τόδ
1573 1007 1590 1039 ι
1629 987 1907 1050 Κελεύσας
1948 991 2077 1050 τοὺς

491 1081 682 1152 ὄχλους
719 1079 1077 1152 ἀνακλιθῆναι
1107 1081 1202 1135 ἐπὶ
1237 1081 1332 1134 τοῦ
1362 1081 1555 1153 χόρτου
1581 1080 1714 1152 (68),
1747 1080 1927 1135 λαϐὼν
1949 1083 2076 1142 τοὺς

493 1167 651 1221 πέντε
673 1167 873 1241 ἄρτους
902 1170 998 1223 κα).
1034 1170 1160 1234 τοὺς
1189 1169 1282 1223 δύο
1308 1169 1516 1240 ἰχθύας,
1543 1169 1852 1239 ἀναϐλέψας
1879 1172 1960 1234 εἰς
1983 1169 2075 1222 τὸν

488 1258 716 1330 οὐρανὸν
754 1260 1046 1330 ηὑλόγησε,
1087 1260 1181 1314 καὶ
1212 1259 1417 1323 κλάσας
1457 1260 1624 1314 ἔδωκε
1652 1262 1765 1323 τοῖς
1808 1259 2076 1332 μαθηταῖς

486 1352 613 1415 τοὺς
649 1351 870 1423 ἄρτους,
915 1354 962 1405 οἱ
991 1352 1049 1405 δὲ
1085 1352 1324 1424 μαθηταὶ
1376 1355 1491 1414 τοῖς
1517 1351 1715 1422 ὄχλοις,
1747 1354 1841 1407 καὶ
1871 1351 2076 1422 ἔφαγον

488 1443 711 1506 πάντες.
747 1463 766 1495 ι
799 1444 863 1496 Τί
886 1446 994 1516 γάρ
1018 1444 1274 1515 σημαίνοι
1295 1445 1373 1498 τό·
1405 1464 1422 1494 ι
1458 1445 1568 1497 Καὶ
1594 1444 1846 1498 ἐκέλευσε
1869 1444 2076 1509 πάντας

489 1538 613 1600 τοὺς
657 1535 847 1606 ὄχλους
894 1537 1248 1608 ἀνακλιθῆναι
1285 1537 1376 1590 ἐπὶ
1411 1536 1504 1590 τοῦ
1549 1537 1766 1608 χόρτου,
1819 1557 1837 1587 ι
1895 1538 1989 1590 καὶ
2019 1536 2074 1589 τί

488 1626 638 1693 ἄξιόν
665 1627 782 1680 ἐστι
808 1629 907 1698 τῆς
935 1627 1238 1693 κελεύσεως
1276 1627 1452 1699 Ἰησοῦ
1473 1628 1666 1698 νοῆσαι
1700 1627 1840 1682 κατὰ
1867 1629 1956 1681 τὸν
1987 1629 2078 1682 τό-

490 1735 625 1784 πον;
659 1718 882 1790 Νομίζω
902 1719 979 1783 δὲ,
1007 1721 1090 1773 ὅτι
1114 1721 1241 1783 τοὺς
1271 1718 1461 1790 ὄχλους
1489 1720 1599 1790 (69)
1635 1719 1922 1772 ἐκέλευσεν
1947 1720 2077 1773 ἀνα-

488 1809 739 1881 κλιθῆναι
769 1813 826 1863 ὲν
858 1809 937 1880 τῷ
969 1810 1151 1882 χόρτῳ
1176 1810 1264 1864 διὰ
1291 1811 1352 1863 τὸ
1385 1812 1442 1863 ὲν
1479 1811 1681 1880 Ἡσαΐᾳ
1726 1809 2071 1880 λελεγμένον·

2182 614 2313 667 illud
2341 613 2421 668 ⁸³ι
2463 631 2481 664 ι
2507 610 2622 667 Non
2639 612 2792 682 potui
2811 612 2965 667 vobis
3000 612 3146 682 loqui
3168 611 3326 682 quasi
3357 609 3756 680 spiritualibus.

2179 706 2272 760 sed
2303 706 2616 761 carnalibus
2642 745 2657 769 ,
2692 717 2952 776 tanquam
3007 705 3247 775 parvulis
3275 705 3328 758 in
3359 703 3611 768 Christo;
3648 722 3665 755 ι
3690 714 3747 759 et

2178 797 2411 852 feminas
2464 798 2621 868 juxta
2683 796 2814 852 illud
2849 797 2931 852 εει
2974 797 3111 852 Volo
3166 805 3348 851 autem
3417 811 3515 850 vos
3567 811 3760 852 omnes

2183 913 2200 944 ι
2232 891 2497 962 virginem
2525 901 2733 946 castam
2763 890 3023 945 exhibere
3050 889 3301 954 Christo;
3329 906 3347 940 ι
3381 887 3530 942 viros
3573 895 3757 940 autem

2170 983 2328 1052 juxta
2351 982 2484 1037 illud
2507 982 2552 1014 ⁸⁵
2581 1000 2593 1036 :
2632 1000 2649 1034 ι
2684 979 2913 1048 Quando
2935 989 3117 1035 autem
3149 979 3327 1034 factus
3347 993 3468 1034 sum
3501 977 3606 1044 vir,
3641 990 3762 1030 eva.

2175 1075 2336 1130 cuavi
2363 1089 2486 1146 qua:
2509 1081 2664 1130 erant
2692 1072 2924 1143 parvuli.
2969 1092 2987 1123 ι
3021 1070 3099 1126 Ne
3133 1081 3522 1142 praetereamus
3544 1077 3598 1123 et
3626 1066 3761 1121 illud

2177 1167 2384 1237 absque
2418 1166 2780 1236 explicatione
2801 1165 2882 1220 “z
2915 1184 2933 1217 ι
2965 1164 3098 1220 Cum
3121 1163 3376 1234 jussisset
3410 1161 3625 1216 turbam
3651 1159 3761 1214 dis-

2177 1257 2436 1312 cumbere
2483 1272 2650 1328 super
2695 1256 2926 1320 faelium,
2965 1256 3204 1325 acceptis
3231 1255 3476 1324 quinque
3500 1251 3760 1322 panibus,

2177 1358 2232 1402 et
2260 1347 2483 1403 duobus
2509 1349 2775 1418 piscibus,
2804 1349 3102 1418 respiciens
3127 1348 3179 1401 iu
3203 1346 3402 1402 coelum
3436 1342 3716 1400 benedixit
3743 1381 3762 1410 ,

2177 1447 2234 1494 et
2252 1439 2431 1510 fregit,
2461 1448 2516 1494 et
2539 1439 2690 1495 dedit
2717 1439 3003 1510 discipulis
3037 1455 3241 1506 panes;
3275 1437 3530 1507 discipuli
3580 1444 3764 1490 autem

2178 1528 2375 1593 turbis,
2400 1537 2456 1584 et
2478 1529 2945 1584 manducavcrunt
2972 1546 3184 1585 omnes.
3228 1550 3245 1582 ι
3294 1528 3434 1595 Quid
3482 1527 3627 1582 enim
3657 1524 3764 1580 sibi

2177 1619 2306 1674 velit
2343 1619 2476 1674 illud
2504 1638 2518 1674 :
2560 1639 2578 1671 ι
2608 1619 2675 1674 Ει
2700 1621 2866 1690 jussit
2887 1637 3077 1676 omnes
3101 1622 3442 1676 discumbere
3465 1635 3631 1691 super
3659 1617 3766 1674 lae-

2177 1726 2332 1778 num,
2374 1730 2393 1764 ι
2427 1720 2482 1765 et
2521 1713 2650 1781 quid
2682 1711 2787 1767 hoc
2816 1711 2938 1767 loco
2973 1713 3196 1783 dignum
3246 1714 3504 1768 mandato
3554 1711 3764 1766 Christi

2179 1802 2596 1874 intelligendum
2639 1802 3061 1858 estiExistimo
3111 1813 3292 1859 autem
3344 1803 3765 1873 jussisseillum

493 1917 514 1950 ι
552 1901 711 1952 Πᾶσα
752 1898 889 1970 σάρξ
927 1900 1140 1970 χόρτος,
1177 1921 1194 1951 ι
1233 1901 1512 1954 τουτέστιν
1544 1900 1801 1954 ὑποκάτω
1843 1899 2072 1969 ποιῆσαι

2179 1897 2367 1950 turbas
2397 1895 2742 1950 discumbere
2765 1911 2928 1965 snper
2945 1895 3173 1963 foenum,
3198 1905 3420 1967 propter
3451 1894 3502 1949 id
3524 1893 3672 1964 quod
3706 1895 3763 1947 in

487 1990 586 2060 τὴν
610 1990 812 2062 σάρκα,
835 1992 929 2046 καὶ
956 1991 1221 2056 ὑποτάξαι
1255 2011 1273 2044 ι
1301 1992 1362 2045 τὸ
1385 1991 1640 2063 φρόνημα
1665 1991 1765 2061 τῆς
1785 1991 2008 2062 σαρκὸς,
2049 2011 2067 2042 ι

490 2081 557 2134 ἶν’
586 2082 727 2136 οὕτω
770 2100 854 2146 τις
891 2084 1092 2155 δυνηθῇ
1127 2077 1203 2138 ὧν
1242 2084 1458 2152 εὐλογεῖ
1501 2083 1681 2155 άρτων
1731 2083 1941 2154 Ἰησοῦς
1977 2100 2074 2154 με-

490 2173 764 2228 ταλαϐεῖν.
795 2171 931 2230 Εἶτα
971 2176 1096 2228 ἐπεὶ
1129 2175 1388 2247 τάγματα
1417 2174 1650 2246 διάφορά
1681 2175 1796 2228 ἐστι
1823 2175 1930 2228 τῶν
1962 2174 2077 2228 δεο-

491 2266 671 2336 μένων
703 2268 801 2339 τῆς
823 2269 932 2322 ἀπὸ
976 2266 1150 2340 Ἰησοῦ
1175 2269 1401 2340 τροφῆς,
1433 2265 1508 2340 μὴ
1543 2269 1762 2323 πάντων
1793 2270 1908 2332 τοῖς
1938 2268 2076 2332 ἴσοις

489 2358 667 2427 λόγοις
695 2359 1065 2430 τρεφομένων,
1099 2359 1187 2414 διά
1217 2361 1376 2414 τοῦτο
1409 2356 1562 2431 οἶμαι
1593 2361 1684 2413 τὸν
1716 2360 1816 2431 μὲν
1848 2360 2076 2430 Μάρκον

488 2449 848 2519 πεποιηκέναι
877 2450 989 2521 (70)
1011 2467 1025 2479 ⁸
1063 2469 1081 2501 ι
1116 2451 1226 2504 Kal.
1252 2447 1518 2513 ἐπέταξεν
1551 2451 1736 2514 αὐτοῖς
1757 2451 1924 2503 πᾶσιν
1951 2450 2078 2502 ἀνα-

488 2539 740 2611 κλιθῆναι
783 2542 1062 2612 συμπόσια
1097 2541 1377 2613 συμπόσια
1405 2542 1500 2595 ἐπὶ
1531 2540 1608 2611 τῷ
1639 2540 1833 2612 χλωρῷ
1871 2542 2074 2614 χόρτῳ,

490 2630 584 2682 καὶ
617 2630 881 2684 ἀνέπεσον
921 2633 1153 2702 πρασιαὶ
1198 2630 1431 2702 πρασιαὶ
1463 2631 1566 2684 ἀνά
1606 2630 1802 2684 ἑκατὸν
1828 2633 1923 2684 καὶ
1951 2649 2078 2684 πεν-

485 2724 742 2790 τήκοντα·
779 2740 798 2772 ι
830 2721 922 2774 τὸν
953 2721 1010 2774 δὲ
1046 2723 1260 2775 Λουκᾶν
1282 2740 1294 2752 ·
1337 2742 1355 2773 ι
1386 2718 1521 2775 Εἷπε
1562 2722 1618 2775 δὲ
1648 2722 1784 2795 πρὸς
1813 2724 1939 2785 τοὺς
1974 2739 2079 2794 μα-

491 2811 663 2884 θητάς
687 2812 876 2878 αὑτοῦ,
908 2814 1287 2869 Κατακλίνατε
1316 2817 1514 2878 αὐτοὺς
1551 2815 1764 2878 κλισίας
1795 2816 1929 2869 ὡσεὶ
1974 2816 2078 2870 ἀνὰ

490 2907 852 2976 πεντήκοντα.
886 2926 904 2957 ι
955 2907 1102 2960 Ἔδει
1145 2909 1256 2978 γάρ
1299 2909 1424 2970 τοὺς
1466 2909 1948 2979 άναπαυσομένους
1983 2910 2077 2962 ἐπὶ

496 2998 619 3059 ταῖς
653 2996 826 3067 Ἰησοῦ
849 3001 1077 3068 τροφαῖς
1101 2998 1221 3068 ἦτοι
1249 3001 1306 3052 ὲν
1327 2999 1566 3070 τάγματι
1587 2996 1723 3053 εἶναι
1745 2999 1837 3054 τοῦ
1858 2999 2074 3066 ἑκατὸν,

495 3086 642 3158 ιεροῦ
675 3088 914 3160 ἀριθμοῦ
944 3090 1078 3159 (71),
1105 3090 1199 3144 καὶ
1223 3089 1302 3160 τῷ
1325 3090 1444 3161 Θεῷ
1470 3090 1559 3145 διὰ
1591 3091 1687 3162 τὴν
1721 3091 1926 3162 μονάδα
1945 3092 2078 3146 ἀνα-

500 3183 777 3254 κειμένου,
824 3183 858 3254 ἢ
901 3184 960 3236 ἐν
1004 3185 1249 3254 τάγματι
1305 3182 1414 3236 τῶν
1455 3184 1812 3254 πεντήκοντα,
1856 3181 2076 3255 άριθμῷ
2103 3225 2145 3282 C

492 3275 798 3346 περιέχοντι
825 3274 923 3346 τὴν
965 3275 1160 3344 ἄφεσιν
1207 3275 1343 3344 (7‘2),
1379 3274 1521 3330 κατὰ
1554 3275 1616 3328 τὸ
1650 3275 1946 3346 μυστήριον
1976 3274 2070 3327 τοῦ

504 3367 840 3440 ἰωδηλαίου,
877 3368 1162 3438 γινομένου
1201 3367 1289 3422 διὰ
1321 3365 1813 3438 πεντηκονταετίας
1851 3365 1947 3421 καὶ
1972 3365 2073 3436 τῆς

561 3483 608 3515 ⁸³
635 3484 798 3538 lCor.
823 3499 904 3550 ιιι,
926 3485 974 3538 1.
1053 3485 1100 3517 ⁸⁵
1130 3482 1170 3536 11
1201 3483 1329 3538 Cor.
1361 3500 1437 3546 xi,
1463 3484 1518 3538 2.
1594 3484 1642 3516 ⁸⁵
1670 3483 1685 3537 l
1713 3483 1841 3538 Cor.
1877 3498 1997 3548 χιιι,
2027 3483 2116 3536 11.

493 3553 582 3610 16.
649 3554 696 3586 ⁸⁸
741 3555 908 3610 Marc.
947 3571 1022 3622 vr,
1049 3554 1139 3618 59,
1163 3555 1252 3608 40.
1331 3555 1376 3586 ⁹⁰
1408 3553 1541 3610 Luc.
1573 3570 1648 3618 ιιι,
1686 3554 1774 3610 14.

564 3673 677 3758 (67)
739 3676 894 3758 Ἁλάς
1051 3677 1389 3758 σαρκίνοις·ἶ
1429 3674 1797 3758 lta_Origenes
1837 3675 1966 3730 inl'r.
2017 3676 2076 3728 in

491 3743 693 3801 Matth.
715 3761 810 3818 _x_ix
857 3743 932 3800 Ita
949 3755 1003 3801 et
1024 3743 1414 3802 ms.’Alexaud.
1440 3743 1655 3816 Reliqui
1679 3747 1918 3811 codices,
1941 3763 2074 3818 σαρ-

491 3819 686 3880 κικοῖς.
716 3815 980 3872 Hunnus.

490 3955 508 4008 Ι
561 3885 676 3958 (68)
719 3887 849 3942 Ἐπὶ
883 3887 988 3940 τοῦ
1021 3887 1261 3959 χόρτου.
1305 3886 1480 3958 Vulgo
1519 3887 1612 3941 ἐπὶ
1654 3887 1782 3950 τοὺς
1821 3887 2070 3958 χόρτους.

514 3972 566 4008 n.

514 3972 546 4010 D

564 4024 676 4094 (69)
710 4025 935 4100 Νομίζω
957 4025 1027 4080 δὲ
1051 4027 1142 4100 ὅτι
1162 4028 1304 4096 τοὺς
1327 4029 1575 4100 ὄχλους,
1592 4038 1698 4084 etc.
1724 4027 2071 4100 Ambrosius,

492 4097 586 4152 lib.
623 4096 974 4222 1:913:11.ch
1009 4099 1076 4153 ad
1119 4114 1241 4169 cap.
1277 4096 1726 4170 tx;"llieronym.
1773 4101 1828 4153 in
1871 4097 2067 4152 Matth.

499 4184 612 4222 xiv.
683 4205 734 4222 ..
787 4184 838 4222 ι).

499 4184 612 4231 XIV,
647 4184 734 4222 ‘IH.
763 4184 838 4222 ID.

563 4236 674 4308 (70)
724 4239 828 4310 Atii
866 4238 1041 4292 τοῦτο
1077 4236 1237 4309 οἶμαι
1275 4241 1381 4294 τὸν
1407 4239 1524 4310 μὲν
1547 4238 1791 4309 Μάρκον
1827 4255 2073 4308 πεποιη-

493 4308 698 4380 κέναι.-
734 4308 1038 4364 Erasmus:
1089 4308 1468 4380 (Propterea,
1509 4313 1573 4380 Vni
1623 4308 1812 4373 lallor,
1854 4310 2072 4365 Marcus

493 4379 632 4432 dixit
671 4378 961 4449 Dominum
1005 4380 1112 4434 hoc
1153 4378 1370 4436 fecisse.
1408 4401 1426 4432 ι
1480 4379 1681 4436 Verte:
1721 4400 1740 4432 ι
1778 4380 2070 4449 Propterea

491 4449 747 4520 existimo
789 4448 1032 4520 Illarcum
1089 4452 1308 4520 quidem
1358 4455 1627 4520 posuisse.
1673 4471 1691 4504 ι
1742 4448 1900 4504 Ποιῶ
1919 4451 2066 4506 enim

492 4533 591 4587 pro
622 4519 811 4590 τίθημι
844 4518 1158 4591 frequenter
1185 4518 1438 4591 usurpari
1477 4523 1659 4577 sciunt
1702 4521 2064 4589 grammatici,

494 4600 548 4642 et
582 4591 882 4661 szepissime
918 4591 1060 4661 apud
1091 4590 1376 4661 Origencm
1400 4593 1693 4647 observare
1719 4593 1864 4648 licet.
1901 4591 1975 4645 In.

569 4659 682 4733 (71)
727 4659 1012 4733 Ἑκατὸν,
1075 4659 1237 4733 ἱεροῦ
1296 4663 1546 4731 ἀριθμοῦ
1571 4704 1586 4728 ,
1647 4672 1752 4717 etc.
1809 4661 2072 4733 Origenes

495 4728 624 4804 inlr.
658 4733 713 4804 ir}
743 4730 940 4804 Matth.
974 4747 1128 4804 xvnt,
1166 4731 1230 4785 21
1257 4751 1270 4786 :
1311 4728 1473 4804 _’Enél
1501 4733 1558 4786 δὲ
1585 4735 1641 4786 αἱ
1673 4733 1814 4786 κατὰ
1838 4728 1938 4797 τάξ
1973 4751 2072 4804 μο-

494 4800 657 4875 νάδας
681 4801 902 4875 δεκάδες
940 4804 1034 4875 καὶ
1065 4802 1429 4875 ἑκατοντάδες,
1456 4803 1612 4872 λόγον
1647 4803 1748 4875 μέν
1791 4821 1913 4857 τινα
1947 4800 2076 4858 ἄνα-

493 4868 679 4947 λογίας
704 4871 897 4947 ἔχουσιΔ
925 4873 1066 4947 προς
1104 4873 1196 4925 τὸν
1219 4868 1540 4947 ὲνλμονάσιν
1562 4868 1814 4947 άρίθμόν,
1853 4885 1957 4930 etc.
1994 4876 2076 4929 Ab

497 4943 706 4996 unitate
748 4943 817 4996 ad
867 4943 1148 5004 decadein,
1200 4959 1230 4997 a
1265 4943 1468 4998 decade
1515 4943 2074 5013 ad'hecatontadem,

496 5013 566 5066 ab
604 5013 690 5085 illa
716 5018 782 5085 ad
818 5013 1108 5068 chiliadem
1134 5013 1400 5085 naturalis
1429 5022 1514 5069 est
1557 5030 1912 5070 numerorum
1950 5032 2079 5085 pro-

497 5084 739 5150 gressio:
775 5084 848 5138 ita
883 5093 941 5137 ut
979 5101 1102 5138 cum
1127 5086 1193 5137 ad
1216 5083 1498 5148 deeadetu,
1531 5087 1613 5138 vel
1647 5085 1714 5140 ad
1754 5083 2076 5141 heeatoiita-

497 5153 619 5206 dein
653 5155 990 5208 numerando
1033 5164 1257 5208 ventum
1293 5165 1395 5220 est,
1427 5155 1673 5209 videatur
1721 5157 2078 5211 ratiocinator

498 5223 865 5295 adiuuitatem
918 5225 1144 5295 revolvi,
1181 5240 1494 5294 novumque
1531 5225 1800 5280 calculum
1835 5242 2073 5295 ponere;

501 5294 764 5367 unitatem
781 5294 1082 5367 _enim_illaa
1121 5296 1474 5367 proportione
1490 5365 1499 5367 Α
1517 5309 1731 5367 servata
1773 5294 2076 5367 repraescnn

499 5372 634 5419 tant.
661 5363 820 5420 Ovid.
850 5380 909 5418 ιιι
933 5363 1286 5427 Ιταδιηιείε.
1320 5365 1444 5431 125,
1481 5365 1581 5421 196
1608 5383 1620 5418 :

500 5477 604 5533 Seu
636 5478 776 5551 quod
805 5476 883 5551 ad‘
905 5493 1067 5547 usque
1096 5479 1271 5551 decem
1295 5495 1510 5533 numero
1552 5492 1810 5537 crescente
1850 5483 2074 5551 venitur,

641 5547 978 5616 Principium
1004 5548 1192 5621 spatiis
1221 5551 1451 5604 sumitur
1479 5551 1601 5605 inde
1635 5554 1802 5609 noris.

497 5660 634 5734 Cum
666 5675 797 5730 ergo
818 5659 1000 5734 unitas
1029 5662 1165 5716 adeo
1200 5664 1416 5734 propria
1448 5662 1539 5718 Dei
1574 5665 1663 5730 sit,
1700 5675 1758 5720 ut
1787 5683 1815 5721 a
1851 5667 2077 5725 Philone

497 5742 551 5786 et
581 5733 860 5806 gemente
893 5733 1188 5806 Alexandr.
1212 5733 1416 5806 unitati
1453 5734 1592 5790 Deus
1625 5749 1994 5806 comparetur,
2024 5749 2078 5795 et

495 5818 526 5856 a
589 5801 826 5875 Syuesio
861 5801 1037 5875 prima
1078 5803 1321 5875 omnium
1374 5807 1643 5860 uuitatum
1701 5801 1882 5864 unitas
1937 5801 2076 5864 Ileus

499 5873 825 5944 appelletur,
871 5873 1173 5943 doceatque
1219 5873 1369 5928 Theo
1406 5875 1719 5948 Smyrnaeus
1774 5879 1825 5933 in
1865 5881 2075 5935 unitate

2101 4613 2151 4674 Ι)

2179 1985 2316 2042 Isaia
2346 1988 2556 2043 dic1um
2586 1989 2730 2042 est"
2763 2006 2776 2044 :
2811 2006 2828 2038 ι
2858 1987 3051 2044 Omnis
3085 2004 3213 2043 caro
3238 1986 3470 2053 frenum,
3499 2006 3516 2039 ι
3547 1992 3646 2041 hoc
3678 1996 3764 2041 est

2177 2095 2397 2135 carnem
2423 2081 2764 2149 submittere,
2794 2091 2847 2137 et
2878 2082 3148 2152 subjicere
3188 2102 3205 2134 ‹
3261 2081 3608 2153 prudentiam
3641 2063 3765 2134 car—

2179 2173 2265 2227 nis
2286 2173 2334 2204 ⁸⁸
2356 2214 2371 2240 ,
2408 2192 2425 2226 ι
2469 2183 2527 2228 ιιι
2555 2173 2627 2228 ita
2682 2174 2954 2245 quispiam
3005 2176 3177 2245 possit
3212 2175 3326 2229 tieri
3359 2174 3634 2244 particeps
3667 2188 3765 2243 pa-

2179 2279 2311 2318 num
2353 2263 2553 2334 quibus
2583 2265 2858 2322 benedixit
2877 2264 3060 2322 Jesus.
3088 2265 3292 2322 Deinde
3317 2265 3764 2336 quandoquidem

2178 2353 2313 2407 varii
2341 2363 2470 2409 sunt
2501 2355 2722 2412 ordines
2737 2372 2927 2411 eorum
2953 2357 3048 2426 qui
3070 2366 3229 2426 egent
3254 2358 3592 2412 nutrimento
3617 2358 3764 2428 quod

2178 2463 2208 2499 a
2243 2443 2372 2501 Jesu
2397 2455 2501 2515 est,
2536 2464 2660 2503 cum
2689 2463 2797 2503 non
2823 2464 3015 2503 omnes
3065 2450 3370 2518 aequalibus
3415 2449 3767 2505 sermonibus

2180 2541 2514 2604 nutriantur,
2548 2549 2836 2610 propterea
2867 2540 3112 2595 Marcum
3151 2541 3348 2612 opinor
3392 2541 3643 2611 posuisse
3667 2541 3714 2573 ”
3745 2559 3762 2596 :

2185 2647 2202 2679 ι
2238 2627 2304 2681 Ει
2331 2629 2585 2698 przecepit
2609 2629 2715 2683 illis
2750 2630 3010 2684 omnibus
3047 2640 3106 2685 ut
3157 2631 3769 2686 accumbereutseeun—

2179 2723 2309 2777 dum
2349 2723 2705 2778 contubernia
2740 2738 2902 2792 super
2925 2723 3130 2778 frenum
3169 2724 3361 2792 viride,
3393 2724 3768 2780 etdiseubue~

2179 2825 2310 2870 runt
2332 2815 2386 2869 in
2422 2824 2603 2885 partes
2629 2831 2726 2884 per
2752 2825 3014 2872 centenos
3047 2827 3108 2883 et.
3148 2817 3586 2888 quinquagenos.
3632 2836 3651 2870 ι
3701 2815 3769 2871 Et

2179 2906 2358 2962 Lucas
2377 2908 2464 2962 9°:
2507 2926 2524 2958 ι
2563 2906 2650 2961 Ait
2697 2918 2877 2963 autem
2918 2909 2983 2962 ad
3027 2909 3326 2979 discipulos
3361 2926 3532 2964 suos:
3583 2908 3770 2965 Facite

2179 3014 2276 3053 cos
2301 2999 2644 3054 discumbere
2670 3015 2766 3068 per
2797 3001 3049 3055 convivia
3081 3001 3238 3071 quasi
3264 3003 3703 3072 quinquagenos.
3740 3022 3760 3054 ι

2178 3089 2476 3161 Oportebat
2505 3090 2650 3146 enim
2688 3106 2782 3147 eos
2809 3092 2902 3162 qui
2933 3093 2986 3146 in
3017 3092 3290 3150 alimentis
3307 3092 3436 3150 Jesu
3463 3095 3766 3164 acquieturi

2179 3191 2357 3249 erant,
2389 3181 2475 3238 vel
2497 3181 2554 3237 in
2589 3183 2784 3238 ordine
2814 3193 3170 3240 centenorum
3204 3201 3347 3254 esse,
3385 3186 3477 3256 qui
3503 3203 3768 3242 numerus

2182 3285 2340 3326 sacer
2364 3278 2471 3338 est,
2501 3279 2556 3325 et
2578 3268 2690 3326 Deo
2714 3280 2937 3341 propter
2967 3273 3230 3329 unitatem
3276 3287 3652 3342 consecratus,
3682 3278 3769 3333 vel

2183 3363 2240 3418 in
2263 3363 2456 3419 ordine
2485 3363 3019 3436 quinquagenorum,
3048 3367 3143 3438 qui
3190 3385 3453 3427 numerus
3483 3371 3766 3427 remissio-

2191 3483 2239 3515 “
2268 3481 2458 3538 Matth.
2491 3497 2604 3549 xiv,
2631 3481 2718 3550 19,
2747 3482 2838 3538 20.
2917 3485 2959 3516 ⁸⁷
2992 3485 3098 3540 lsa.
3129 3502 3216 3552 ιιι,
3255 3487 3313 3542 6.
3387 3489 3608 3546 "Rom.
3636 3505 3768 3558 vui,

2180 3673 2352 3731 Deum
2385 3689 2638 3740 manere,
2668 3685 2720 3730 et
2762 3675 2971 3733 Psellus
3017 3678 3281 3734 unitatem
3309 3679 3361 3733 in
3400 3693 3460 3732 se
3501 3679 3594 3735 Dei
3627 3681 3770 3738 ima-

2180 3745 2724 3819 ginemcontiuere,
2775 3755 2827 3819 et
2871 3764 2901 3801 a
2951 3746 3333 3819 Pythagoricis
3388 3751 3602 3816 unitas,
3633 3751 3770 3816 Θεός

2181 3815 2482 3890 appelletur
2505 3817 2899 3890 ;_centeuarius
2931 3815 3182 3890 profecto
3215 3835 3502 3883 numerus,
3523 3823 3614 3890 qui
3643 3824 3735 3876 uni

2178 3886 2279 3954 tati
2307 3884 2622 3954 respondet,
2665 3901 2896 3954 eamque
2925 3884 3124 3952 refert,
3168 3889 3280 3943 Deo
3325 3905 3483 3944 sacer
3513 3884 3635 3945 esse
3671 3893 3766 3946 de-

2181 3953 2318 4008 buit.
2345 3953 2424 4008 lta
2451 3955 2639 4028 deillo
2666 3953 3078 4028 alibiOrigeues
3101 3974 3116 4011 :
3147 3977 3166 4010 ι
3195 3958 3558 4016 Centenarius
3579 3972 3763 4017 autem

2181 4039 2446 4099 numerus
2485 4025 2679 4094 plenus
2712 4025 2780 4099 i_i_i_
2807 4025 3066 4084 omnibus
3099 4038 3153 4083 et
3205 4031 3475 4099 perfectus
3521 4034 3764 4088 ostendi—

2184 4101 2290 4148 tur.
2323 4113 2341 4146 ι
2377 4093 2598 4167 Etmox
2630 4113 2644 4150 :
2676 4115 2693 4147 ι
2721 4094 2819 4150 llic
2861 4114 2992 4167 ergo
3031 4093 3380 4155 centenarius
3406 4102 3572 4160 totius
3605 4118 3760 4158 crea-

2181 4173 2316 4239 turae
2366 4165 2648 4239 rationalis
2693 4165 2975 4239 numerus,
3003 4172 3261 4239 quoniam
3301 4188 3408 4224 non
3449 4188 3511 4225 ex
3559 4183 3762 4228 semet-

2179 4235 2300 4304 ipso
2341 4236 2624 4302 subsistit,
2666 4237 2758 4291 sed
2803 4253 2870 4291 ex
2929 4235 3194 4294 Trinitate
3243 4241 3545 4305 descendit,
3579 4262 3597 4294 ι
3653 4253 3758 4299 etc.

2180 4306 2525 4372 Ambrosius,
2557 4305 2631 4360 De
2674 4307 2780 4375 ﬁde
2811 4311 3212 4363 resurrectionis
3235 4327 3253 4364 :
3310 4331 3328 4363 ι
3362 4312 3417 4365 In
3445 4314 3763 4369 centesimis

2180 4391 2404 4444 quoque
2432 4384 2487 4430 et
2539 4377 2590 4430 in
2641 4378 2946 4433 millesimis
2991 4383 3134 4435 sacii
3187 4382 3498 4438 observatio
3545 4388 3760 4439 muneri

2180 4446 2406 4499 minime
2427 4447 2788 4524 printer-itur.»
2814 4447 3217 4524 Hieronymus:
3254 4451 3438 4524 iTunc
3472 4469 3567 4522 per
3602 4455 3764 4524 quiu-

2179 4516 2498 4591 quagenarii
2541 4518 2753 4591 numeri
2795 4516 3170 4588 paenitentiam
3210 4523 3276 4575 ad
3308 4516 3766 4591 perlectum-ceu-

2179 4587 2356 4664 tesiini
2390 4587 2603 4664 numeri
2643 4587 2859 4664 culmen
2901 4593 3219 4664 ascendant.
3247 4613 3264 4644 ι
3287 4587 3543 4664 Cyrllus,
3570 4597 3658 4650 lib.
3687 4611 3764 4651 xtl

2177 4658 2233 4733 in
2262 4655 2422 4733 Joan.
2443 4656 2607 4733 :'_To'3_
2643 4657 2740 4728 μὲν
2777 4661 2991 4733 ἑκατὸν,
3021 4660 3096 4725 ὣς
3124 4661 3186 4731 γέ
3230 4655 3630 4733 μοι’φαίνεται,
3669 4668 3766 4722 καὶ
3828 4679 3830 4682 '

2175 4728 2324 4780 δοκεῖ
2369 4726 2549 4809 καλιῦς
2583 4726 2747 4809 ἔχειν,
2788 4730 2850 4784 τὸ
2885 4726 3160 4809 πλήρωμα
3184 4726 3316 4809 *τῶν
3355 4726 3525 4809 ἐθνῶν
3565 4726 3768 4809 σημαία

2177 4814 2414 4876 νον-τος·Δ
2428 4798 2799 4876 πληρέστατος
2839 4801 2949 4875 γὰρ
2981 4798 3018 4856 ’ό
3040 4798 3240 4876 έκατδν
3281 4806 3542 4876 ἀριθμὸς,
3585 4798 3654 4861 ἐξ
3681 4807 3766 4860 δε-

2179 4869 2356 4942 κάδων
2387 4868 2944 4941 δέκασυγκείμενοςζ
2977 4893 2994 4923 ι
3028 4868 3357 4930 Centenario
3402 4868 3664 4942 numero,
3707 4889 3766 4932 ut

2179 4940 2314 4993 mihi
2367 4942 2588 5016 quidem
2627 4940 2834 5016 optime
2865 4961 2923 4998 se
2949 4945 3151 5016 habere
3194 4947 3432 5012 videtur,
3469 4940 3766 5016 plenitudi-

2180 5025 2304 5091 nem
2329 5011 2574 5091 gentium
2607 5012 2985 5091 signiﬁcante:
3013 5015 3377 5091 plenissiu'ius
3401 5011 3603 5090 quippe
3631 5037 3749 5077 cen~

2180 5084 2424 5135 teuarius
2470 5096 2773 5148 numerus,
2823 5084 3008 5138 decem
3060 5085 3357 5141 decadibus
3419 5084 3705 5146 conStans.
3739 5113 3759 5142 ι

2181 5149 2553 5222 AtOrigenes,
2578 5152 2766 5206 homil.
2795 5153 2861 5206 16
2889 5156 2940 5208 in
2975 5153 3173 5222 Levit.,
3197 5157 3251 5210 in
3271 5158 3468 5211 malam
3488 5160 3674 5215 itidem
3708 5173 3768 5216 ut

2181 5220 2386 5300 bonam
2407 5232 2639 5300 partem,
2673 5226 3048 5279 centenarium
3090 5220 3552 5300 numerumsumi
3603 5246 3766 5300 posse

2181 5292 2375 5345 scribit
2399 5290 2419 5347 ἐ
2451 5312 2469 5344 ι
2507 5290 2869 5362 Quinquennis
2910 5311 3173 5353 numerus
3200 5307 3253 5351 et
3297 5299 3352 5351 in
3395 5290 3768 5356 laudabilibus

2181 5362 2423 5437 ponitur,
2455 5371 2510 5416 et
2552 5363 2605 5414 in
2647 5363 3034 5434 culpabilibus.
3183 5367 3274 5420 Sic
3307 5383 3439 5437 ergo
3487 5381 3540 5425 et
3575 5381 3762 5426 ecula--

2181 5433 2686 5556 partiusluumerus
2748 5433 2817 5490 ad
2867 5446 3154 5508 utramque
3195 5433 3402 5507 partem
3440 5441 3615 5513 accipi
3661 5457 3764 5514 po-

2205 5516 2265 5556 es
2297 5541 2310 5555 .
2342 5520 2362 5554 ι
2419 5520 2473 5556 o.

2205 5516 2310 5556 εει.
2342 5520 2362 5554 δ
2393 5516 2473 5558 ID.

2255 5572 2806 5695 (ἹΞίΠςντήκογτα,
2848 5577 3072 5651 aptam;
3111 5579 3448 5661 περιέχοντι
3475 5581 3592 5651 τὴν
3621 5581 3768 5655 ἄφες

2255 5660 2304 5695 ν.
2401 5655 2527 5695 CVII.
2576 5663 2702 5695 xxv.
2759 5646 2858 5695 102
2895 5648 3174 5695 ()rmmms.
3219 5652 3404 5695 lmmil-
3439 5653 3476 5695 εὶ
3523 5657 3576 5695 in
3599 5654 3714 5695 ﬂon
3751 5693 3761 5695 -

2180 5656 2304 5698 σιν.
2354 5646 2527 5724 Levit.
2555 5663 2722 5724 ‘xxvn
2759 5646 2859 5724 19;
2895 5646 3193 5724 Origenes,
3217 5646 3476 5724 nurnine
3523 5646 3576 5710 in
3599 5646 3767 5724 66".,

2181 5728 2302 5801 cap.
2340 5729 2417 5781 νι,
2452 5723 2507 5797 et
2555 5717 2744 5801 homil.
2787 5717 2820 5771 5
2847 5727 2897 5801 et
2946 5717 3016 5772 25
3049 5722 3099 5774 in
3134 5721 3331 5790 Nurus,
3368 5717 3758 5801 Hieronymus,

2182 5783 2300 5839 loco
2333 5787 2581 5857 proxime
2606 5788 2844 5843 laudato.
2882 5789 2954 5845 In.
