4100 6448
420 413 520 469 911
1905 413 1984 469 Oli

2086 413 2226 469 Ele
3587 418 3694 475 912

425 551 549 590 nem
575 533 850 600 continet,
877 532 1032 602 juxta
1083 533 1402 605 mysterium
1436 530 1671 595 Jubil:ei,
1699 533 1792 601 qui
1833 535 1891 587 tit
1945 535 1980 588 il

2105 537 2246 589 κατὰ
2269 535 2367 607 τὴν
2414 535 2794 608 Πεντηκοστὴν
2824 535 3018 608 ἑορτῆς
3049 535 3180 604 (75).
3227 533 3399 605 Οἶμαι
3420 536 3498 599 δὲ,
3527 537 3608 589 ὅτι
3641 537 3694 590 οἱ
3747 600 3755 611 _

421 626 583 680 annis
635 625 1029 696 quinquaginta
1067 665 1082 690 ,
1124 625 1205 679 vel
1258 624 1382 680 festi
1426 625 1571 695 quod
1603 624 1909 680 celebratur
1943 626 1984 678 ir

2105 625 2315 680 δώδεκα
2343 625 2553 696 κόφινοι
2592 622 2734 699 ἦσαν
2761 627 2916 700 παρὰ
2946 630 3060 690 τοῖς
3095 626 3388 698 μαθηταῖς,
3431 626 3568 698 πρὸς
3597 626 3692 691 οὓς

422 713 762 772 Pentecoste.
816 714 1082 772 Existimo
1128 725 1313 771 autem
1379 715 1667 771 duodecim
1733 715 1984 785 cophino:

2105 717 2338 788 εἴρηται·
2378 736 2395 768 ι
2427 716 2744 790 Καθήσεσθε
2776 719 2870 772 ἐπὶ
2903 718 3112 773 δώδεκα
3139 719 3383 792 θρόνους,
3414 721 3694 793 κρίνοντες

418 807 587 862 fuisse
610 805 754 877 apud
773 805 1072 877 discipulos
1105 807 1306 876 quibus
1356 805 1564 860 dictum
1606 813 1690 859 est
1713 805 1757 837 ⁸³
1788 820 1803 858 :
1845 822 1864 857 ι
1903 802 1984 859 8ο·

2105 806 2202 870 τὰς
2238 806 2304 860 ιϐ’
2351 807 2524 876 φυλὰς
2551 809 2646 863 τοῦ
2689 809 2926 882 Ἰσραήλ.
2962 829 2981 861 ι
3019 811 3133 865 Καὶ
3171 810 3360 884 ὥσπερ
3387 812 3600 881 λέγοιτο
3625 813 3694 869 ἂν

419 896 612 954 debitis
639 912 804 967 super
833 897 991 953 sedes
1022 894 1836 968 duodecummjudicantes
1860 894 1984 950 duo-

2109 898 2406 970 μυστήριον
2450 894 2590 954 εἶναι
2627 899 2819 972 θρόνος
2860 901 3140 974 κρίνοντος
3186 902 3360 974 φυλήν
3414 903 3689 976 Ῥουϐεὶμ,

418 989 590 1046 decim
621 989 796 1047 tribus
828 989 1018 1046 Israel.
1058 1009 1076 1042 ι
1113 987 1179 1044 Ει
1203 988 1667 1060 quemadmodum
1696 987 1803 1043 dici
1825 989 1984 1058 possit

2105 987 2200 1040 καὶ
2226 987 2414 1058 θρόνος
2442 988 2720 1060 κρίνοντος
2742 990 2917 1062 φυλὴν
2935 992 3180 1062 Συμεὼν,
3209 995 3304 1048 καὶ
3327 993 3485 1058 ἄλλος
3517 995 3692 1067 φυλὴν

416 1083 572 1139 sedes
598 1080 898 1151 judicantis
919 1081 1120 1136 tribum
1144 1081 1359 1148 Ruben,
1395 1093 1518 1136 esse
1549 1079 1873 1152 mysterium
1902 1094 1916 1146 ;
1943 1087 1984 1134 el

2116 1078 2308 1142 Ἰούδα,
2333 1082 2428 1135 καὶ
2457 1081 2603 1136 οὕτω
2633 1083 2871 1155 καθεξῆς
2890 1101 2905 1115 ·
2941 1083 3116 1150 οὕτως
3135 1086 3220 1158 εἴη
3247 1086 3314 1141 ἂν
3349 1088 3443 1141 καὶ
3469 1089 3692 1158 κόφινος

412 1171 894 1243 sedesjudicantis
954 1171 1158 1227 tribum
1217 1171 1492 1243 Symeon,
1548 1179 1604 1226 et
1661 1169 1765 1226 alia
1790 1169 1984 1225 tribum

2102 1172 2312 1243 τροφῆς
2381 1173 2658 1247 Ῥουϐεὶμ,
2715 1177 2812 1230 καὶ
2869 1177 3030 1242 ἄλλος
3083 1178 3337 1252 Συμεὼν,
3385 1182 3480 1236 καὶ
3531 1181 3692 1246 ἄλλος

410 1263 571 1331 .luda,
604 1273 658 1320 et
694 1265 768 1318 ita
801 1263 1094 1334 deinceps;
1128 1264 1208 1320 sic
1237 1265 1404 1320 etiam
1445 1264 1517 1318 sit
1540 1262 1809 1333 cephinus
1844 1261 1984 1317 ciba-

2105 1263 2258 1318 Λευῒ.
2298 1265 2373 1318 Οὔ
2404 1266 2544 1321 κατὰ
2576 1267 2668 1321 τὸν
2698 1269 2942 1342 παρόντα
2973 1269 3033 1324 δέ
3052 1271 3169 1325 ἐστι
3195 1271 3354 1341 λόγον
3375 1272 3471 1327 νῦν
3501 1273 3692 1327 τοσοῦ-

411 1358 621 1412 riorum
651 1356 865 1420 Ruben,
895 1363 950 1410 et
969 1355 1110 1412 alius
1140 1354 1374 1428 Symeon
1399 1397 1414 1423 ,
1448 1363 1502 1410 et
1523 1354 1666 1410 alius
1695 1352 1849 1409 Levi.
1885 1352 1984 1408 Sed

2095 1368 2191 1408 τον
2219 1355 2445 1428 ἐκϐῆναι
2467 1355 2561 1412 τοῦ
2591 1361 2976 1432 προκειμένου,
3002 1363 3079 1427 ὡς
3108 1367 3432 1435 συναγαγεῖν
3453 1365 3525 1419 τὰ
3548 1368 3678 1438 περὶ

410 1465 522 1505 non
556 1457 642 1506 est
665 1447 946 1520 praesentis
972 1455 1236 1503 tractatus
1267 1461 1440 1516 usque
1461 1447 1600 1501 adeo
1627 1460 1774 1501 nunc
1807 1460 1837 1500 a
1862 1460 1984 1517 pro-

2100 1445 2212 1500 τῶν
2243 1447 2311 1501 ιϐ’
2345 1449 2548 1519 φυλῶν,
2577 1453 2672 1506 καὶ
2704 1453 2811 1525 ίδίᾳ
2835 1454 2905 1509 τὰ
2937 1455 3068 1527 περὶ¹
3096 1455 3335 1528 ἑκάστης
3363 1457 3565 1523 αὐτῶν,
3595 1460 3691 1512 καὶ

407 1536 588 1608 posito
610 1538 900 1602 divertere,
936 1545 997 1590 ut
1027 1551 1090 1590 ea
1130 1543 1498 1605 congerantur
1521 1549 1644 1605 qua:
1675 1533 1742 1589 de
1780 1533 1984 1588 duode-

2093 1536 2270 1590 εἰπεῖν
2307 1537 2391 1602 τίς
2424 1541 2628 1614 ἑκάστη
2657 1541 2752 1596 τοῦ
2777 1531 2996 1616 Ἰσραὴλ
3022 1545 3186 1617 φυλή.

409 1631 518 1687 cim
543 1632 792 1686 tribubus
813 1629 916 1685 dici
948 1637 1200 1700 possunt,
1236 1637 1290 1683 et
1331 1640 1582 1683 seorsum
1614 1626 1683 1682 de
1724 1627 1998 1699 singulis,
2053 1637 2109 1683 ct
2163 1646 2414 1701 quasnam
2463 1632 2627 1691 fuerit
2676 1651 3020 1708 unaquaeque
3084 1639 3263 1695 tribus
3307 1639 3476 1695 israel
3521 1654 3692 1710 expo-

483 1741 561 1778 re.

411 1739 561 1780 nere.

479 1816 534 1870 4.
571 1833 590 1865 ι
632 1811 696 1868 Et
727 1813 908 1869 statim
941 1813 1206 1884 compulit
1240 1813 1541 1885 discipulos
1593 1813 1892 1869 ascendere
1933 1814 1984 1868 in

2178 1829 2196 1862 ι
2238 1811 2348 1864 Καὶ
2377 1811 2580 1876 εὐθέως
2607 1812 2888 1882 ήνάγκασε
2913 1814 3041 1878 τοὺς
3071 1813 3320 1886 μαθητὰς
3341 1814 3574 1885 ἐμϐῆναι
3605 1815 3688 1879 είς

403 1906 711 1963 naviculam
732 1947 748 1973 ,
811 1916 866 1962 et
897 1907 1203 1977 praecedere
1246 1921 1375 1960 eum
1434 1915 1587 1962 trans
1618 1904 1817 1961 fretum
1842 1945 1858 1969 ,
1894 1905 1993 1961 do-

400 2013 506 2055 nec
531 1997 827 2054 dimitteret
851 1997 1041 2054 turbas
1064 1999 1131 2051 ".
1155 2017 1174 2051 ι
1196 1997 1611 2055 Observandum
1636 2007 1741 2063 est,
1775 1997 1990 2069 quodes

402 2092 461 2145 in
487 2090 681 2147 iisdem
713 2089 852 2146 locis
880 2089 1088 2146 dictum
1117 2099 1204 2146 est
1229 2089 1578 2155 vocabulum,
1618 2108 1637 2141 ι
1678 2089 1870 2154 turbaa,
1902 2097 1992 2144 »ει

395 2180 553 2237 aliud
584 2181 934 2248 vocabulum,
969 2199 987 2234 ι
1009 2180 1297 2253 discipuli;
1341 2201 1362 2236 ι
1399 2191 1460 2237 ιιι
1485 2196 1553 2237 ex
1584 2181 1986 2246 observatione,

401 2279 462 2325 et
511 2284 705 2325 eorum
761 2271 1158 2326 vocabulorum
1207 2270 1528 2328 collectione
1584 2271 1985 2342 perspiciatur,

405 2359 586 2418 fuisse
618 2362 968 2432 evangelistis
1002 2363 1345 2433 propositum
1377 2376 1476 2433 per
1506 2362 1874 2434 evangelicam
1905 2363 1988 2417 hi-

401 2454 629 2511 storiam
659 2453 994 2510 differentias
1017 2469 1207 2510 eorum
1257 2453 1354 2525 qui
1384 2453 1451 2510 ad
1479 2451 1668 2510 Jesum
1719 2455 1989 2512 accedunt

401 2546 719 2613 declarare;
751 2561 988 2618 quorum
1020 2545 1058 2601 ii
1097 2545 1318 2617 quidem
1343 2554 1473 2603 sunt
1503 2543 1697 2612 turbae,
1734 2553 1790 2601 et
1818 2545 1987 2602 disci-

400 2638 513 2708 puli
546 2652 656 2694 non
680 2637 1055 2708 appellantur;
1087 2637 1180 2693 alii
1202 2651 1330 2694 vero
1366 2635 1644 2707 discipuli,
1665 2636 1841 2692 turbis
1867 2651 1985 2692 me-

398 2730 586 2786 liores.
611 2728 823 2785 SulIicit
853 2735 1038 2784 autem
1060 2728 1116 2783 in
1147 2728 1438 2799 prasentia
1471 2742 1646 2798 pauca
1672 2727 1838 2784 verba
1883 2742 1985 2784 nos

399 2821 671 2892 proferre,
695 2830 758 2877 ut
785 2822 854 2877 ab
885 2820 954 2876 iis
985 2821 1257 2877 excitatus
1288 2819 1562 2891 quispiam
1602 2820 1780 2876 simile
1821 2818 1987 2876 faciat

401 2915 457 2968 in
487 2913 743 2969 omnibus
769 2911 1096 2983 Evangeliis.
1127 2909 1296 2977 Quasi
1329 2909 1504 2966 turbis
1527 2910 1695 2982 igitur
1722 2909 1985 2967 inferiore

401 3006 525 3060 loco
551 3002 920 3068 manentibus,
949 3015 1074 3057 cum
1098 2999 1351 3070 discipuli
1380 2999 1446 3054 ad
1479 2999 1689 3069 Jesum,
1714 3001 1809 3072 qui
1826 3017 1983 3059 mon-

399 3105 510 3150 tem
539 3091 955 3158 conscenderat,
989 3091 1140 3147 adire
1162 3098 1410 3162 possent,
1443 3105 1555 3160 quo
1591 3091 1764 3148 turbae
1783 3107 1982 3163 perveo

2095 1905 2157 1960 τὸ
2187 1903 2390 1968 πλοῖον,
2423 1905 2518 1959 καὶ
2552 1905 2817 1977 προάγειν
2849 1907 3012 1960 αὑτὸν
3044 1908 3125 1971 είς
3162 1906 3222 1959 τὸ
3261 1907 3456 1978 πέραν,
3491 1905 3599 1970 ἕως
3624 1902 3687 1961 οὗ

2092 1994 2339 2068 ἀπολύσῃ
2366 1997 2492 2060 τοὺς
2511 1996 2723 2066 ὄχλους.
2751 2015 2770 2049 ι
2805 1996 3229 2070 Παρατηρητέον
3263 1998 3497 2062 ποσάκις
3530 1999 3684 2070 εῐρη-

2089 2101 2182 2141 ται
2215 2086 2358 2141 κατὰ
2381 2089 2510 2151 τοὺς
2539 2088 2740 2151 αὐτοὺς
2760 2089 2962 2152 τόπους
2983 2088 3042 2141 τὸ
3068 2088 3261 2160 ὄνομα,
3312 2108 3331 2141 ι
3360 2091 3410 2142 oi
3451 2087 3619 2160 ὄχλοι,
3657 2106 3676 2136 ι

2102 2179 2197 2232 καὶ
2236 2178 2364 2233 ἄλλο
2420 2178 2610 2249 ὄνομα,
2647 2194 2666 2229 ι
2697 2180 2750 2232 οἱ
2802 2178 3063 2250 μαθηταί,
3101 2197 3121 2232 ι
3177 2181 3244 2232 ἵν’
3272 2181 3338 2232 ὲκ
3365 2180 3464 2249 τῆς
3503 2196 3685 2252 παρα-

2092 2269 2382 2340 τηρήσεως
2420 2268 2516 2320 καὶ
2545 2267 2646 2338 τῆς
2671 2269 2800 2340 περὶ
2823 2267 3015 2322 τούτου
3047 2269 3370 2341 συναγωγῆς
3400 2269 3678 2340 θεωρηθῇ,

2087 2359 2171 2412 ὄτι
2212 2359 2274 2413 τὸ
2325 2359 2684 2431 προκείμενον
2719 2363 2833 2424 τοῖς
2875 2361 3289 2430 εὐαγγελισταῖς
3328 2357 3399 2433 ἦν
3444 2361 3535 2417 διὰ
3577 2361 3680 2432 τῆς

2088 2448 2450 2520 εὐαγγελικῆς
2508 2449 2751 2520 ἱστορίας
2827 2450 3178 2521 παραστῆσαι
3249 2449 3514 2521 διαφορὰς
3566 2448 3679 2502 τῶν

2089 2542 2545 2613 προσερχομένων
2572 2540 2652 2612 τῷ
2684 2541 2880 2611 Ἰησοῦ·
2905 2535 2982 2596 ὧν
3006 2544 3054 2596 oi
3088 2543 3185 2614 μέν
3214 2544 3352 2597 εἰσιν
3384 2542 3551 2613 ὄχλοι,
3583 2543 3680 2596 καὶ

2085 2632 2147 2684 οὐ
2167 2628 2563 2703 χρηματίζουσι
2584 2629 2842 2702 μαθηταὶ,
2862 2631 3042 2704 ἕτεροι
3057 2633 3114 2685 δὲ
3132 2632 3183 2685 οἱ
3198 2631 3468 2703 μαθηταὶ,
3501 2631 3681 2703 κρείτο

2085 2739 2212 2788 τους
2265 2724 2626 2794 τυγχάνοντες
2668 2722 2778 2778 τῶν
2827 2723 3022 2795 ὄχλων.
3081 2725 3270 2796 Ἀρκεῖ
3318 2725 3376 2778 δὲ
3429 2725 3526 2778 ἐπὶ
3581 2722 3678 2779 τοῦ

2088 2815 2360 2886 παρόντος
2383 2816 2538 2885 ὀλίγα
2571 2815 2711 2887 ῥητὰ
2733 2817 2884 2887 ἡμᾶς
2912 2815 3275 2888 παραθέσθαι,
3307 2818 3395 2873 i'va
3420 2817 3530 2872 άπὸ
3555 2815 3681 2871 τού-

2084 2923 2194 2960 των
2245 2906 2487 2980 κινηθείς
2539 2924 2624 2972 τις
2659 2907 2720 2961 τὸ
2755 2909 2942 2978 ὅμοιον
2991 2909 3198 2984 ποιήσῃ
3236 2910 3333 2963 ἐπὶ
3378 2910 3517 2964 ὅλων
3565 2909 3679 2963 τῶν

2085 2995 2453 3067 Εὐαγγελίων.
2489 2997 2806 3068 Γέγραπται
2837 2998 3039 3063 τοίνυν,
3079 2999 3156 3063 ὡς
3189 3000 3341 3054 κάτω
3365 2999 3475 3054 τῶν
3500 2999 3676 3070 ὄχλων

2083 3088 2483 3158 τυγχανόντων,
2517 3087 2626 3140 τῶν
2654 3087 2713 3140 δὲ
2745 3087 3004 3160 μαθητῶν
3049 3088 3310 3144 ἀναϐάντι
3351 3091 3431 3152 είς
3462 3089 3525 3143 τὸ
3553 3089 3679 3160 ὄρος

399 3186 520 3241 nire
543 3200 651 3240 non
683 3155 978 3254 poterant»,
1026 3155 1398 3253 ham-scripta
1429 3155 1560 3237 sunt
1590 3183 1638 3216 ”
1671 3199 1684 3237 :
1719 3201 1738 3235 ι
1776 3155 1984 3240 Videas

2088 3155 2399 3251 atii-iique?)
2447 3155 2762 3250 δυναμένων
2801 3155 3144 3251 προσελθεῖν,
3176 3179 3305 3234 ἔνθα
3348 3181 3449 3251 οὐχ
3485 3155 3600 3234 οἷοί.
3615 3199 3676 3235 τε

400 3287 587 3334 autem
611 3275 774 3332 Jesus
801 3277 1017 3343 turbas,
1047 3273 1295 3331 ascendit
1346 3273 1400 3328 in
1431 3283 1674 3331 montem
1705 3289 1724 3342 ;
1757 3283 1814 3331 et
1859 3290 1985 3331 cum

401 3368 657 3434 sedisset,
696 3373 1049 3423 accesserunt
1070 3365 1138 3420 ad
1165 3379 1291 3420 eum
1319 3365 1575 3436 discipuli
1603 3365 1748 3436 ejus,
1774 3373 1830 3421 et
1856 3380 1986 3436 ape-

403 3462 552 3518 riens
580 3475 644 3516 os
675 3474 836 3516 suum
863 3457 1100 3514 docebat
1116 3471 1234 3521 eos,
1258 3457 1450 3512 dicens
1487 3475 1500 3510 :
1533 3455 1683 3512 Beati
1716 3468 1986 3529 pauperes

399 3554 621 3627 spiritu,
661 3571 682 3606 ι
718 3561 774 3607 et
821 3565 944 3621 quae
992 3557 1317 3620 sequuntur.
1347 3548 1414 3602 Et
1461 3564 1654 3605 rursus
1685 3549 1793 3604 alio
1821 3549 1941 3606 loco
1967 3591 1983 3618 ,

399 3663 528 3705 cum
556 3643 894 3701 multitudini
922 3641 1138 3698 sanatio
1167 3656 1307 3712 opus
1333 3641 1476 3698 foret
1496 3682 1512 3710 ,
1539 3641 1751 3697 dictum
1782 3649 1868 3698 est
1894 3641 1978 3696 ’δίε

405 3758 426 3791 ι
463 3737 648 3794 Secuti
679 3745 806 3794 sunt
839 3749 966 3791 eum
996 3734 1176 3802 multi,
1205 3745 1260 3791 et
1296 3733 1510 3791 curavit
1547 3747 1759 3788 omnes.
1807 3750 1827 3786 ι
1862 3732 1980 3788 Non

399 3831 707 3902 reperimus
729 3836 914 3883 autem
938 3826 1204 3897 scriptum
1233 3825 1300 3882 de
1324 3823 1610 3895 discipulis
1642 3833 1865 3881 sanatos
1880 3824 1982 3880 bos

396 3921 595 3986 fuisse,
624 3921 753 3991 quia
787 3919 833 3974 si
863 3917 986 3989 quis
1006 3917 1122 3989 jam
1161 3929 1245 3974 est
1272 3916 1577 3986 discipulus
1605 3914 1737 3970 Jesu
1763 3954 1780 3980 ,
1838 3915 1983 3972 valet

397 4012 512 4079 ille,
544 4020 601 4068 et
627 4020 774 4066 recte
799 4024 858 4065 se
891 4009 1102 4073 habens
1128 4023 1266 4079 opus
1291 4007 1456 4062 habet
1482 4004 1756 4071 Jesu,non
1783 4013 1843 4060 ut
1868 4021 1983 4060 me-

399 4091 550 4172 dico;
586 4101 686 4160 sed
744 4109 968 4172 propter
1013 4099 1150 4154 alias
1176 4098 1296 4169 ejus
1339 4098 1590 4152 virtutes.
1624 4096 1838 4152 Rursus
1872 4096 1981 4151 alio

394 4199 520 4254 loco
549 4197 596 4230 ”
625 4214 640 4252 :
683 4213 702 4248 ι
740 4193 1023 4264 Loquente
1047 4205 1113 4248 eo
1140 4191 1207 4248 ad
1229 4189 1441 4259 turbas,
1460 4199 1635 4244 mater
1653 4187 1772 4259 ejus
1791 4196 1846 4243 et
1877 4186 1985 4241 l'ra-

397 4300 512 4348 tres
536 4289 756 4346 stabant
789 4286 924 4340 ieris
981 4290 1291 4355 quaerentes
1323 4279 1475 4352 loqui
1517 4281 1607 4347 ei;
1649 4298 1668 4331 ι
1705 4278 1851 4349 quod
1903 4275 1980 4333 illi

387 4383 766 4454 signiﬁcatum
789 4387 875 4434 est
900 4377 970 4432 ab
997 4376 1203 4446 aliquo,
1227 4373 1318 4430 cui
1334 4371 1617 4443 respondit
1638 4389 1656 4422 ι
1681 4369 1982 4426 extendens

395 4487 646 4539 manum,
681 4491 699 4522 ι
729 4485 838 4525 non
873 4469 928 4523 in
961 4466 1172 4533 turbas,
1200 4465 1296 4521 sed
1325 4482 1343 4516 ι
1385 4463 1439 4518 in
1470 4459 1792 4531 discipulos,
1812 4460 1980 4514 dixit-

2086 3267 2231 3344 ἦσαν
2278 3271 2330 3324 οί
2375 3269 2522 3340 ὄχλοι
2560 3270 2834 3338 γενέσθαι.
2865 3271 3122 3325 τοιαῦτα·
3185 3290 3202 3323 ι
3262 3271 3409 3325 Ἰδὼν
3449 3273 3507 3326 δὲ
3547 3275 3677 3338 τοὺς

2085 3363 2299 3434 ὄχλους,
2347 3363 2516 3434 ἀνέϐη
2561 3365 2644 3426 είς
2673 3363 2737 3416 τὸ
2774 3364 2921 3434 ὄρος·
2972 3364 3067 3418 καὶ
3116 3364 3442 3426 καθίσαντος
3483 3365 3673 3431 αὐτοῦ,

2087 3456 2393 3528 προσῆλθον
2421 3455 2571 3525 αὐτῷ
2618 3456 2668 3508 οἱ
2701 3455 2938 3527 μαθηταί⁵
2988 3456 3178 3523 αὐτοῦ,
3224 3460 3320 3512 καὶ
3361 3458 3580 3524 ἀνοίξας
3613 3462 3677 3516 τὸ

2089 3547 2264 3618 στόμα
2293 3545 2456 3601 αὐτοῦ
2501 3547 2782 3601 ἐδίδασκεν
2809 3547 3006 3611 αὐτοὺς
3046 3546 3221 3618 λέγων
3245 3566 3259 3580 ·
3308 3550 3585 3624 Μακάριοι
3623 3553 3676 3606 oi.

2086 3638 2293 3710 πτωχοὶ
2316 3636 2396 3709 τῷ
2429 3636 2702 3710 πνεύματι
2723 3677 2738 3703 ,
2774 3657 2793 3690 ι
2839 3637 2934 3692 καὶ
2965 3639 3036 3692 τὰ
3080 3638 3229 3710 ἑξῆς.
3261 3639 3374 3694 Καὶ
3421 3641 3582 3696 πάλιν
3612 3642 3674 3695 έν

2079 3731 2228 3803 ἄλλῳ
2254 3731 2426 3802 τόπῳ,
2459 3729 2537 3794 ὡς
2569 3730 2677 3784 τῶν
2708 3729 2882 3800 ὄχλων
2910 3730 3184 3801 δεομένων
3223 3731 3543 3804 θεραπείας,
3575 3733 3668 3786 λέ-

2083 3820 2291 3876 λεκται·
2328 3839 2348 3873 ι
2398 3820 2798 3892 Ἠκολούθησαν
2832 3820 2981 3893 αὐτῷ
3013 3822 3158 3893 ὄχλοι
3186 3822 3392 3888 πολλοὶ,
3429 3824 3524 3877 καὶ
3551 3823 3671 3877 ὲθε-

2073 3913 2358 3984 ’ράπευσεν
2401 3911 2619 3977 αὐτούς.
2664 3932 2683 3965 ι
2727 3914 2841 3985 Οὐχ
2889 3912 3122 3985 εὕρομεν
3150 3913 3208 3967 δὲ
3240 3915 3368 3986 περὶ
3415 3914 3673 3988 μαθητῶν

2083 4004 2578 4076 ἀναγεγραμμένην
2621 4002 2939 4076 θεραπείαν·
2986 4005 3131 4069 ἐπεὶ,
3171 4004 3226 4057 εί
3264 4005 3350 4069 τίς
3381 4005 3529 4058 ἐστιν
3567 4005 3671 4077 ήδη

2087 4094 2336 4168 μαθητὴς
2380 4093 2472 4148 τοῦ
2529 4093 2728 4166 Ἰησοῦ,
2777 4095 3011 4164 ὑγιαίνει
3061 4095 3290 4159 ἐκεῖνος,
3338 4096 3433 4150 καὶ
3486 4095 3671 4160 καλῶς

2083 4186 2222 4258 ἔχων
2259 4186 2430 4239 δεῖται
2464 4183 2559 4238 τοῦ
2615 4183 2814 4256 Ἰησοῦ,
2845 4184 2966 4254 οὐχὶ
2999 4185 3204 4255 ἰατροῦ,
3239 4183 3377 4238 ἀλλὰ
3405 4185 3548 4240 κατὰ
3571 4185 3672 4249 τὰς

2083 4276 2249 4341 άλλας
2281 4273 2447 4330 αὑτοῦ
2478 4274 2758 4346 δυνάμεις.
2791 4275 2960 4328 Πάλιν
2991 4275 3048 4328 ὲν
3089 4274 3232 4345 ἄλλῳ
3276 4274 3446 4346 τόπῳ·
3495 4294 3512 4328 ι
3554 4277 3669 4330 Λα-

2084 4369 2301 4432 λοῦντος
2340 4367 2508 4423 αὑτοῦ
2551 4370 2665 4432 τοῖς
2699 4366 2896 4437 ὄχλοις,
2945 4369 2980 4438 ή
3035 4367 3221 4438 μήτηρ
3265 4366 3432 4420 αὑτοῦ
3477 4368 3572 4421 καὶ
3618 4369 3669 4422 oi

2086 4462 2304 4532 ἀδελφοὶ
2333 4461 2680 4532 είστήκεισαν
2714 4460 2818 4524 ἔξω
2857 4457 3146 4530 ζητοῦντες
3173 4459 3405 4531 λαλῆσαι
3434 4459 3604 4531 αὐτῷ’
3644 4479 3664 4512 ι

391 4581 506 4638 que
529 4526 710 4619 :‘Ecce
736 4570 913 4618 mater
941 4573 1064 4615 mea
1092 4568 1148 4613 et
1175 4556 1374 4611 fratres
1401 4554 1507 4610 mei
1532 4569 1547 4620 ;
1589 4571 1609 4604 ι
1650 4560 1705 4607 et
1732 4551 1978 4607 testimo-

2086 4526 2403 4626 ὅπεραύτῷ
2443 4526 2708 4625 ἐδηλώθη,
2746 4551 2882 4623 πρὸς
2907 4526 2966 4604 δν
2996 4526 3328 4622 ἁπεκρίνατο
3365 4570 3381 4602 ι
3421 4526 3669 4616 ἐκτείνας

395 4660 550 4714 nium
583 4653 876 4727 perhibens
905 4651 972 4706 de
1005 4649 1293 4717 discipulis
1318 4687 1333 4712 ,
1368 4645 1540 4715 utqui
1581 4661 1600 4695 ι
1638 4643 1973 4699 voluntatem

2086 4646 2180 4718 τὴν
2205 4648 2385 4717 χεῖρα,
2411 4665 2430 4698 ι
2459 4646 2560 4698 οὐκ
2581 4645 2675 4698 ἐπὶ
2699 4644 2824 4708 τοὺς
2854 4643 3064 4713 ὄχλους,
3097 4643 3211 4696 ἀλλ’
3239 4661 3258 4694 ι
3285 4644 3378 4696 ἐπὶ
3400 4643 3526 4707 τοὺς
3558 4660 3666 4714 μα-

396 4748 576 4805 Patris
615 4766 637 4800 ι
667 4744 916 4802 facerent
949 4760 968 4794 ι
1005 4741 1100 4812 qui
1150 4738 1207 4794 in
1239 4738 1393 4795 cadis
1424 4745 1507 4792 est
1535 4754 1547 4790 :
1585 4737 1706 4807 Ipse
1737 4749 1893 4792 meus
1925 4746 1980 4791 et

2086 4735 2272 4807 Βητὰς,
2304 4734 2399 4788 καὶ
2433 4731 2614 4787 εἶπεν·
2639 4752 2658 4786 ι
2693 4733 2825 4787 Ἰδοὺ
2851 4733 2884 4803 ἡ
2915 4732 3098 4803 μήτηρ
3127 4748 3226 4802 μου
3249 4733 3343 4785 καὶ
3369 4733 3421 4784 oi
3450 4732 3669 4803 ἀδελφοί

393 4841 586 4906 frater,
612 4845 674 4900 et
705 4849 885 4901 soror,
916 4843 973 4889 et
993 4841 1167 4888 mater
1197 4839 1300 4886 est.
1324 4848 1343 4881 ι
1361 4827 1431 4882 Et
1454 4843 1649 4885 rursus
1675 4827 1808 4883 alibi
1836 4827 1974 4883 scri-

2086 4845 2185 4899 μου
2209 4845 2221 4857 ·
2261 4847 2280 4878 ι
2319 4827 2414 4881 καὶ
2449 4824 2743 4899 μαρτυρῶν
2771 4827 2885 4890 τοῖς
2927 4823 3214 4896 μαθηταῖς,
3254 4824 3331 4887 ὡς
3364 4823 3577 4878 ποιοῦσι
3605 4826 3670 4880 τὸ

394 4936 546 4998 ptum
565 4934 655 4982 est
672 4925 719 4956 "
748 4942 761 4977 :
798 4941 818 4975 ι
843 4920 1077 4978 Omnem
1103 4919 1324 4976 turbam
1355 4917 1572 4974 stetisse
1597 4917 1654 4973 in
1689 4918 1891 4984 littore,
1923 4925 1979 4972 et

2086 4919 2293 4991 θέλημα
2314 4918 2410 4973 τοῦ
2442 4918 2653 4991 [ἰατρὸς
2673 4917 2768 4972 τοῦ
2795 4919 2854 4972 έν
2879 4919 2990 4981 τοῖς
3020 4917 3288 4988 οὐρανοῖςο
3316 4935 3335 4969 ι
3358 4917 3529 4982 Αὐτός
3564 4934 3668 4989 μου

393 5019 637 5074 locutum
687 5013 861 5071 fuisse
904 5011 1076 5068 multa
1106 5010 1162 5066 in
1195 5007 1517 5082 parabolis;
1560 5025 1580 5058 ι
1619 5006 1819 5063 deinde
1847 5017 1975 5078 post

2086 5011 2175 5063 καὶ
2204 5008 2454 5079 ἀδελφὸς,
2485 5008 2582 5063 καὶ
2601 5008 2825 5080 ἀδελφὴ,
2857 5008 2957 5062 καὶ
2985 5009 3168 5080 μήτηρ
3191 5009 3327 5062 ὲστί.
3369 5029 3387 5062 ι
3419 5010 3532 5064 Καὶ
3563 5010 3668 5064 πά-

392 5107 710 5179 parabolam
733 5105 986 5169 sationis,
1008 5102 1329 5160 accedentes
1355 5116 1466 5157 non
1490 5098 1606 5166 jam
1635 5099 1848 5164 turbas,
1881 5100 1975 5156 sed

2086 5101 2163 5154 λιν
2187 5101 2246 5154 έν
2281 5099 2427 5171 ἄλλῳ
2449 5101 2603 5170 τόπῳ
2631 5099 2965 5171 γέγραπται,
2997 5100 3099 5163 ὅτι,
3143 5118 3161 5150 ι
3194 5099 3312 5164 Πᾶς
3334 5101 3364 5154 ό
3390 5100 3542 5172 ὄχλος
3573 5101 3669 5155 ἐπὶ

393 5199 716 5270 discipulos,
745 5195 950 5252 dixisse
971 5193 1044 5259 ei,
1070 5206 1181 5247 non
1215 5209 1228 5247 :
1263 5190 1427 5263 ἀει
1457 5209 1475 5241 ι
1509 5189 1692 5257 Quare
1724 5190 1778 5244 in
1812 5206 1974 5261 para-

2086 5195 2167 5250 τὸν
2203 5193 2448 5263 αἰγιαλὸν
2488 5194 2755 5264 εἱστήκει,
2802 5193 2898 5246 καὶ
2933 5191 3193 5264 ἐλάλησεν
3237 5193 3294 5246 ὲν
3328 5192 3666 5264 παραϐολαῖς

393 5295 535 5352 bolis
589 5291 829 5362 loqueris
873 5288 1072 5344 nobis?
1112 5306 1130 5339 ι
1164 5287 1300 5342 sed:
1333 5306 1351 5335 ι
1390 5284 1572 5352 Quare
1612 5285 1666 5338 in
1700 5285 1976 5356 parabolis

2086 5287 2260 5352 αὐτοῖς
2296 5285 2498 5340 πολλά·
2538 5303 2558 5337 ι
2588 5282 2707 5339 εἶτα
2749 5283 2890 5355 μετὰ
2923 5283 3024 5356 τὴν
3061 5283 3156 5337 τοῦ
3186 5285 3388 5358 σπόρου
3423 5287 3666 5360 παραϐο-

388 5385 639 5458 loqueris
653 5383 732 5438 eis
753 5380 838 5433 ’τί
875 5398 894 5432 ι
929 5377 1050 5444 Quo
1074 5386 1317 5447 tempore
1344 5375 1684 5446 respondens
1701 5376 1840 5431 dixit
1864 5391 1973 5431 non

2086 5379 2176 5450 λὴν
2211 5378 2601 5451 προσελθόντες
2639 5377 2824 5432 οὐκέτι
2866 5377 2918 5430 οἱ
2960 5375 3130 5446 ὄχλοι,
3173 5376 3287 5430 ἀλλ’
3314 5379 3366 5432 οἱ
3402 5377 3662 5450 μαθηταὶ,

457 5524 499 5554 ἰ
539 5520 727 5576 Matth.
760 5536 876 5586 xu,
911 5519 1014 5585 28;
1046 5517 1178 5573 Luc.
1215 5534 1351 5584 χχιι,
1380 5519 1466 5572 5U.
1547 5517 1591 5550 "
1625 5516 1817 5572 Matth.
1847 5534 1957 5584 ιιν,

2180 5520 2224 5550 ⁸³
2249 5519 2436 5575 Matth.
2469 5536 2520 5586 v,
2557 5520 2607 5585 l,
2643 5519 2698 5584 2,
2729 5518 2783 5571 5.
2860 5518 2907 5550 ⁸³
2932 5516 3122 5573 Matth.
3148 5533 3247 5585 xu,
3278 5519 3365 5573 15.
3442 5518 3489 5550 "
3518 5518 3653 5575 ibid.

390 5591 485 5660 46,
506 5591 598 5657 47,
623 5591 711 5646 49.
777 5590 833 5670 ί⁹⁴
859 5589 1044 5646 Matth.
1078 5604 1198 5657 xm,
1224 5590 1280 5642 ‘2.
1357 5589 1402 5620 "
1428 5587 1617 5643 Matth.
1649 5602 1771 5655 χιιι,
1807 5589 1895 5644 ili.

467 5749 581 5820 (ῗό)
616 5750 730 5818 Τῆς
766 5750 917 5803 κατὰ
955 5752 1072 5818 τὴν
1113 5748 1547 5820 Πεντηκοστὴν
1573 5747 1803 5818 ἑορτῆς.
1833 5746 1966 5802 Illud

2086 5757 2131 5802 [ιι
2156 5747 2309 5803 Deut.
2331 5763 2447 5820 _xv1,
2477 5749 2532 5815 9,
2552 5747 2871 5820 Pentecoste
2893 5748 3221 5820 appellatum
3241 5748 3280 5803 ll
3299 5747 3434 5805 Mac.
3462 5751 3658 5814 τωδὶ.

394 5816 488 5876 est
505 5816 965 5874 hebdomadarum
992 5816 1214 5886 festum,
1239 5816 1307 5875 de
1334 5837 1443 5888 quo
1474 5816 1645 5874 Levit.
1684 5816 1841 5886 sam,
1873 5819 1964 5883 l5,
2087 5830 2139 5875 et
2163 5820 2302 5888 apud
2322 5816 2544 5890 Josepb.
2576 5821 2671 5877 lib.
2705 5836 2741 5874 ιι
2776 5819 2852 5873 De
2889 5816 3023 5873 bello
3056 5818 3212 5884 hut,
3237 5835 3286 5875 c.
3315 5821 3368 5874 2.
3409 5823 3680 5876 HUETIUS.
