4100 6420
458 390 567 448 915

1421 385 1777 443 COMMENT.
1821 386 1890 444 IN
1929 385 2347 446 IIATTIIIEUM
2388 382 2628 444 TOMUS
2663 383 2757 440 XI.

3349 329 3458 337 υ*-

3621 384 3740 440 9η

460 501 616 558 εἷπον
655 504 828 576 αὐτῷ,
854 505 941 569 οὐ,
997 523 1017 558 ε
1050 505 1148 559 Διά
1188 505 1241 558 τί
1284 505 1342 557 ὲν
1387 505 1724 577 παραϐολαῖς
1765 507 1877 576 (74)
1916 510 2042 578 ἡμῖν

2155 507 2352 572 turbis,
2388 507 2482 562 sed
2506 505 2793 576 discipulis
2815 503 2861 537 ³⁸
2889 522 2902 558 :
2940 521 2958 556 ι
2991 501 3158 559 Vobis
3189 507 3376 559 datum
3433 511 3517 558 est
3564 516 3727 558 nosse

462 597 673 663 λαλεῖς;
713 617 733 651 ι
779 599 935 653 ἀλλάο
977 617 996 650 ι
1041 597 1140 651 Διά
1175 597 1228 650 τί
1264 599 1325 651 ἐν
1367 599 1706 670 παραϐολαῖς
1739 599 1920 664 λαλεῖς
1952 601 2048 654 αὐο

461 690 611 755 τοῖς;
654 707 672 741 ι
728 691 817 744 ὅτε
850 691 946 744 καὶ
988 689 1312 762 ἀποκριθεὶς
1350 689 1528 756 εἶπεν,
1581 693 1642 745 οὐ
1693 695 1806 756 τοῖς
1847 692 2046 763 ὄχλοις,

465 780 606 835 ἀλλά
634 785 750 846 τοῖς
799 782 1068 854 μαθηταῖς
1097 783 1186 836 τό·
1235 801 1254 834 ι
1299 783 1462 854 Ὑμῖν
1493 783 1699 836 δέδοται
1743 783 1945 852 γνῶναι
1980 783 2050 837 τά

469 874 742 946 μυστήρια
769 875 868 944 τῆς
911 873 1188 944 βασιλείας
1214 874 1324 929 τῶν
1351 875 1412 927 οὐ
1422 875 1620 947 ρανῶνο
1667 894 1687 928 I
1716 878 1831 940 τοῖς
1853 876 1912 929 δὲ
1939 875 2049 929 λοι-

468 970 587 1029 ποῖς
613 969 671 1020 ὲν
704 967 1062 1038 παραϐολαῖς.
1096 967 1305 1021 Οὐκοῦν
1338 966 1448 1020 τῶν
1481 967 1938 1042 προσερχομένων
1971 967 2049 1039 τῷ

465 1057 688 1127 ὀνόματι
711 1057 805 1112 τοῦ
849 1060 1023 1131 Ἰησοῦ
1055 1061 1104 1114 οί
1137 1060 1237 1131 μὲν
1278 1059 1638 1129 γινώσκοντες
1667 1061 1739 1114 τὰ
1773 1062 2048 1134 μυστήρια

465 1147 565 1219 τῆς
596 1146 876 1218 βασιλείας
916 1150 1026 1204 τῶν
1071 1149 1336 1224 οὐρανῶν,
1383 1149 1622 1222 μαθηταὶ
1659 1149 2048 1223 χρηματίζοιεν

463 1239 549 1293 ἄν·
579 1235 660 1303 οἷς
691 1240 750 1294 δὲ
782 1243 841 1295 τὸ
882 1241 1125 1296 τοιοῦτον
1151 1243 1212 1296 οὐ
1253 1242 1483 1308 δέδοται,
1517 1241 1684 1313 ὄχλοι,
1712 1244 1764 1296 οἳ
1803 1241 1912 1296 τῶν
1946 1260 2050 1313 μα-

463 1327 643 1398 θητῶν
684 1330 882 1400 ἥττους
920 1331 1147 1401 λέγοιντ’
1189 1331 1275 1386 ἀν.
1314 1331 1558 1403 [Ῑρόσχες
1598 1331 1708 1401 γὰρ
1748 1332 2046 1402 ἐπιμελῶς,

462 1420 546 1473 ὃτι
577 1422 691 1486 τοῖς
719 1421 984 1494 μαθηταῖς
1005 1420 1127 1478 εἷπε
1158 1425 1238 1478 τό·
1275 1443 1294 1476 ι
1330 1424 1492 1496 Ὑμῖν
1511 1424 1722 1478 δέδοται
1746 1424 1950 1493 γνῶναι
1980 1425 2050 1480 τὰ

468 1513 741 1584 μυστήρια
771 1513 870 1585 τῆς
902 1515 1178 1586 βασιλείας
1205 1516 1312 1570 τῶν
1341 1517 1608 1590 οὐρανῶν,
1644 1537 1664 1569 ι
1699 1518 1828 1589 περὶ
1854 1517 1912 1571 δὲ
1938 1516 2048 1572 τῶν

461 1601 634 1674 ὄχλων
657 1604 737 1658 τό·
766 1623 786 1658 ι
809 1607 1070 1671 Ἐκείνοις
1085 1607 1143 1661 δὲ
1166 1607 1227 1661 οὐ
1244 1607 1472 1662 δέδοται.
1494 1627 1514 1660 I
1535 1609 1646 1662 Καὶ
1667 1609 1724 1661 ὲν
1744 1607 1889 1680 ἀλλῳ
1900 1609 2049 1682 τόπῳ

461 1695 654 1767 ἀφίησι
683 1697 782 1768 μὲν
805 1699 929 1762 τοὺς
943 1699 1156 1769 ὄχλους,
1184 1717 1204 1751 ι
1235 1699 1330 1752 καὶ
1348 1698 1564 1770 ἔρχεται
1583 1699 1663 1763 εἰς
1679 1698 1776 1771 τὴν
1800 1701 1996 1765 οἰκίαν,
2022 1720 2042 1753 I

415 1777 424 1785 ’
459 1785 584 1856 οὐχὶ
633 1787 691 1840 δὲ
732 1789 859 1852 τοὺς
905 1789 1171 1860 μαθητάςο
1228 1790 1322 1843 καὶ
1374 1792 1455 1854 είς
1503 1789 1600 1862 τὴν
1652 1791 1830 1844 οίκίαν
1882 1790 2047 1845 αὐτοῦ

2152 600 2407 669 mysteria
2438 600 2591 672 regni
2613 599 2909 664 caelorum;
2951 615 2970 650 I
2999 595 3222 667 reliquis
3266 604 3448 650 autem
3483 595 3538 650 in
3572 608 3735 665 pars-

2151 691 2310 747 bolis.
2343 692 2513 761 Igitur
2534 707 2723 746 eorum
2755 690 2850 762 qui
2877 689 2944 744 ad
2969 704 3168 744 nomen
3198 685 3328 743 Jesu
3360 687 3650 750 accedunt,
3691 686 3728 740 ii

2149 785 2495 854 appellentur
2513 784 2768 854 discipuli
2795 824 2810 848 ,
2862 783 2955 854 qui
2986 790 3224 840 noscunt
3269 780 3530 852 mysteria
3576 780 3729 851 regni

2149 875 2414 930 caelorum
2439 875 2686 946 ;.quibus
2713 883 2898 930 autem
2933 873 3038 930 tale
3080 871 3212 944 quid
3241 870 3430 926 datum
3462 885 3572 926 non
3601 876 3684 924 est
3711 909 3728 934 ,

2149 965 2343 1032 turbae,
2369 982 2492 1038 qua:
2512 967 2798 1037 discipulis
2846 965 3145 1022 deteriores
3186 965 3294 1022 dici
3327 964 3566 1036 possint.
3612 963 3727 1018 Ad-

2147 1065 2300 1112 verte
2320 1058 2466 1114 enim
2490 1057 2778 1128 diligenter
2803 1057 2955 1113 illum
2983 1057 3189 1113 dixisse
3208 1057 3492 1128 discipulis
3522 1075 3536 1114 :
3571 1076 3590 1110 ‹
3627 1054 3734 1110 Vo-

2149 1147 2236 1204 bis
2264 1147 2452 1204 datum
2480 1158 2567 1205 est
2605 1164 2774 1206 nosse
2804 1148 3059 1220 mysteria
3091 1147 3243 1220 regni
3271 1148 3538 1204 calorum
3565 1167 3580 1215 ;
3613 1167 3632 1199 ι
3664 1147 3732 1202 de

2151 1237 2327 1294 turbis
2369 1248 2555 1295 autem
2578 1241 2624 1272 ⁹⁹
2663 1259 2676 1296 :
2715 1259 2734 1292 ι
2768 1238 2883 1295 Illis
2931 1239 3119 1294 datum
3151 1252 3260 1292 non
3296 1248 3400 1295 est.
3442 1258 3460 1290 υ
3487 1237 3554 1292 Et
3579 1237 3730 1304 alibi,

2148 1327 2376 1385 dimittit
2398 1331 2620 1400 quidem
2651 1331 2865 1396 turbas,
2911 1350 2931 1384 ι
2966 1341 3022 1387 et
3073 1331 3222 1388 venit
3272 1330 3328 1385 in
3377 1330 3598 1386 domum
3627 1330 3668 1396 ί,
3707 1348 3726 1380 ι

2149 1436 2262 1477 non
2294 1432 2476 1477 autem
2507 1423 2848 1494 discipulos;
2877 1432 2932 1478 et
2959 1424 3015 1478 in
3058 1423 3203 1478 illius
3233 1423 3456 1478 domum
3487 1440 3506 1473 ‹
3542 1434 3733 1476 acces-

2149 1522 2342 1569 serunt
2362 1513 2428 1569 ad
2446 1529 2595 1581 eum,
2629 1532 2650 1565 ι
2678 1528 2789 1568 non
2824 1514 3017 1583 turbae,
3049 1515 3142 1571 sed
3171 1534 3189 1567 ι
3226 1513 3478 1584 discipuli
3498 1513 3618 1584 ejus
3645 1511 3733 1567 di-

2148 1615 2335 1662 centes
2385 1625 2398 1661 :
2464 1604 2722 1662 Edissere
2773 1606 2933 1662 nobis
2997 1606 3311 1676 parabolam
3395 1605 3733 1661 zizaniorum

2150 1697 2267 1765 agri
2293 1699 2334 1752 ².
2377 1715 2395 1748 ι
2436 1695 2541 1752 Sed
2571 1705 2627 1752 et
2674 1695 2844 1761 alibi,
2879 1697 3098 1766 quando
3145 1695 3350 1753 auditis
3397 1697 3469 1753 iis
3501 1712 3624 1766 quae
3661 1696 3738 1750 ad‘

2149 1785 2413 1842 Joannem
2445 1785 2814 1857 pertinebant,
2860 1803 2880 1838 ι
2915 1785 3141 1842 secessit
3171 1805 3192 1838 ι
3223 1785 3382 1842 Iesus
3416 1807 3433 1838 ι
3476 1789 3531 1841 ἱιι
3576 1789 3732 1842 navi-

467 1892 489 1924 ι
529 1874 834 1945 προσῆλθον
867 1875 1035 1947 αὐτῷ,
1078 1896 1097 1929 I
1135 1876 1257 1947 οὐχὶ
1288 1879 1338 1932 οἱ
1367 1877 1535 1948 ὄχλοι,
1570 1877 1686 1932 ἀλλ’
1723 1895 1745 1930 ε
1782 1879 1832 1932 oi
1867 1878 2042 1951 μαθη-

2147 1875 2304 1943 cuIa,
2338 1875 2393 1930 in
2432 1875 2616 1932 locum
2648 1875 2926 1931 desertum
2981 1889 3230 1930 seorsum
3258 1915 3275 1941 ,
3327 1875 3500 1930 turbae
3535 1886 3736 1931 secuta:

462 1965 556 2016 ταὶ
580 1963 742 2018 αὐτοῦ
772 1965 1021 2034 λέγοντες
1036 1985 1049 1998 ·
1075 1968 1287 2040 Φράσον
1311 1970 1443 2040 ἡμῖν
1467 1970 1566 2041 τὴν
1591 1969 1908 2041 παραϐολὴν
1936 1970 2046 2026 τῶν

463 2056 718 2120 ζιζαθίων
739 2057 832 2112 τοῦ
847 2058 1040 2131 ἀγροῦ.
1073 2080 1091 2112 I
1127 2061 1286 2116 Ἀλλά
1309 2062 1405 2118 καὶ
1438 2065 1498 2116 ὲν
1519 2062 1665 2134 ἄλλῳ
1685 2064 1857 2136 τόπῳ,
1882 2064 2046 2136 ἡνίκα

459 2146 703 2212 ἀκούσας
733 2149 800 2204 τά
845 2152 974 2223 περὶ
1031 2152 1278 2206 Ἰωάννου
1311 2155 1340 2206 ὁ
1383 2153 1592 2226 Ἰησοῦς
1639 2173 1658 2206 ι
1698 2154 2048 2228 ἀνεχώρησεν

461 2238 521 2289 ἐν
555 2237 725 2310 πλοίῳ
753 2241 834 2304 είς
877 2240 1082 2313 ἔρημον
1115 2244 1280 2298 τόπον
1309 2244 1430 2298 κατ’
1463 2245 1622 2310 ίδίαν,
1653 2248 1704 2299 οἱ
1737 2246 1882 2318 ὄχλοι
1913 2250 2047 2317 ἠκο-

459 2327 731 2401 λούθησαν
761 2333 932 2404 αὐτῷ,
969 2353 988 2387 ι
1025 2336 1137 2401 ὅτε,
1183 2353 1205 2389 ε
1242 2335 1475 2402 ἐξελθὼν
1507 2333 1616 2392 εἶδε
1661 2338 1829 2393 πολὺν
1865 2338 2045 2410 ὄχλον,

459 2419 556 2473 καὶ
585 2421 1009 2493 σπλαγχνισθεὶς
1041 2428 1130 2481 ἐπ’
1173 2428 1378 2492 αὐτοῖς,
1420 2427 1758 2501 ἐθεράπευσε
1790 2430 1916 2494 τοὺς
1941 2430 2043 2502 dp-

457 2510 702 2582 ρώστους
732 2515 932 2582 αὐτῶν,
973 2537 992 2570 ι
1040 2519 1149 2572 τῶν
1193 2519 1389 2590 ὄχλων,
1441 2520 1564 2592 οὐχὶ
1605 2520 1716 2574 τῶν
1764 2520 2040 2592 μαθητῶν.

461 2625 483 2655 ε
539 2604 726 2670 Ὀψίας
771 2606 829 2660 δὲ
865 2609 1168 2682 γενομένης
1213 2611 1516 2683 προσῆλθον
1561 2611 1732 2683 αὐτῷ,
1782 2631 1802 2665 I
1848 2613 1948 2684 οὐχ
1994 2615 2044 2666 οἱ

458 2694 627 2766 ὄχλοι,
662 2697 778 2750 ἀλλ’
818 2717 840 2750 ι
875 2699 924 2752 oi
959 2699 1198 2772 μαθηταὶ
1241 2699 1512 2770 λέγοντες,
1560 2719 1580 2753 I
1615 2701 1692 2764 ὡς
1718 2701 1898 2774 ἕτεροι
1936 2701 2046 2756 τῶν

457 2788 654 2858 ὄχλων*
693 2807 715 2841 ι
763 2791 1057 2848 Ἀπόλυσον
1092 2793 1219 2858 τοὺς
1247 2793 1458 2865 ὄχλους,
1486 2795 1574 2850 ἵνα
1603 2793 1932 2860 ἀπελθόντες
1964 2796 2046 2859 εἰς

458 2880 559 2944 τὰς
596 2879 789 2953 κώμας
821 2884 1166 2956 ἀγοράσωσιν
1210 2885 1424 2951 ἑαυτοῖς
1473 2885 1758 2959 βρώματα.
1805 2905 1824 2940 I
1886 2886 2045 2941 ’Λλλά

460 2971 558 3023 καὶ
598 2969 760 3040 ἡνίκα
813 2991 832 3022 ι
869 2972 1053 3028 λαϐὼν
1099 2975 1228 3040 τοὺς
1270 2976 1437 3030 πέντε
1501 2976 1724 3049 ἀρτους,
1784 2977 1879 3030 καὶ⁵
1919 2977 2046 3040 τούς

458 3061 556 3116 δύο
587 3064 798 3134 ίχθύας,
820 3066 1130 3138 ἀναϐλέψας
1157 3069 1238 3133 εἰς
1263 3069 1356 3122 τὸν
1386 3068 1615 3139 οὐρανὸν
1633 3068 1916 3140 εὐλόγησε,
1947 3071 2044 3123 καὶ¹

459 3152 668 3218 κλάσας
709 3157 834 3221 τοὺς
866 3157 1095 3228 ἀρτους,
1137 3178 1155 3210 I
1201 3161 1262 3213 οὐ
1306 3162 1418 3224 τοῖς
1459 3160 1659 3231 ὄχλοις,
1707 3159 1842 3213 ἀλλὰ
1881 3177 1900 3212 ι
1931 3162 2044 3225 τοῖς

2149 1975 2278 2022 sunt
2299 1981 2425 2022 eum
2451 1983 2466 2034 ;
2499 1985 2518 2018 I
2549 1981 2661 2038 quo
2684 1976 2926 2038 tempore
2950 1983 2969 2017 ι
3000 1965 3186 2022 exiens
3204 1964 3565 2022 viditturbam
3593 1969 3734 2023 mul—

2150 2065 2283 2124 tam,
2311 2069 2363 2112 et
2385 2058 2642 2114 misertus
2693 2057 2776 2113 cis
2805 2056 3019 2112 sanavit
3046 2057 3340 2128 languidos
3373 2073 3560 2113 eorum
3595 2058 3616 2090 ⁸
3643 2098 3659 2123 ,
3709 2077 3729 2109 ι

2147 2151 2430 2207 turbarum
2458 2151 2688 2218 scilicet,
2720 2165 2828 2206 non
2858 2149 3276 2221 discipulorum.
3320 2170 3339 2203 ι
3375 2149 3613 2222 Vespere
3633 2168 3733 2208 au-

2149 2251 2256 2299 tem
2310 2242 2457 2298 Iacto
2487 2250 2832 2298 accesserunt
2861 2241 2926 2296 ad
2972 2257 3095 2296 eum
3120 2283 3137 2310 ,
3180 2260 3200 2293 I
3239 2258 3347 2296 non
3378 2243 3550 2297 turba:
3583 2283 3597 2306 ,
3636 2245 3730 2298 sed

2152 2353 2173 2387 ι
2209 2334 2462 2405 discipuli
2486 2334 2608 2403 ejus
2635 2333 2902 2402 dicentes,
2939 2354 2958 2386 ι
2994 2343 3183 2404 utpote
3216 2334 3418 2390 diversi
3447 2349 3478 2388 a
3511 2334 3684 2388 turbis
3715 2353 3728 2386 :

2154 2445 2172 2478 ι
2209 2425 2428 2481 Dimitte
2458 2425 2670 2488 turbas,
2701 2435 2759 2480 ut
2804 2434 2997 2480 euntes
3044 2427 3098 2479 in
3139 2426 3364 2480 castella
3390 2435 3576 2481 emant
3627 2426 3731 2479 sibi

2147 2537 2303 2576 escas
2342 2520 2384 2577 ⁸.
2418 2539 2437 2572 ι
2476 2519 2620 2586 Quin
2655 2530 2708 2575 et
2741 2534 2869 2575 cum
2908 2537 2928 2568 ι
2962 2521 3201 2590 acceptis
3217 2520 3459 2590 quinque
3494 2518 3733 2589 panibus

2145 2621 2200 2666 et
2233 2612 2449 2666 duobus
2472 2611 2734 2680 piscibus,
2763 2611 3035 2683 aspiciens
3060 2611 3113 2665 in
3131 2613 3332 2666 coelum
3360 2609 3658 2676 benedixit,
3679 2621 3736 2665 et

2146 2703 2328 2774 fregit,
2358 2711 2414 2758 ct
2441 2701 2627 2765 dedit,
2667 2722 2686 2754 ι
2723 2719 2830 2760 non
2873 2703 3072 2768 turbis,
3107 2703 3201 2758 sed
3242 2720 3263 2755 ι
3300 2701 3583 2771 discipulis
3635 2716 3734 2772 pa-

2145 2812 2244 2851 nes
2271 2797 2315 2861 ⁸,
2350 2816 2367 2849 I
2400 2805 2460 2850 ut
2490 2795 2744 2867 discipuli
2767 2797 2960 2853 darent
2980 2796 3158 2852 turbis
3187 2811 3310 2867 quae
3339 2811 3568 2865 capaces
3620 2811 3730 2850 non

2143 2894 2302 2941 erant
2322 2886 2392 2941 ab
2422 2887 2516 2942 illo
2542 2887 2870 2957 accipiendi,
2897 2886 2994 2942 sed
3024 2886 3114 2940 vix
3141 2886 3391 2955 accipere
3413 2893 3665 2955 poterant
3699 2902 3728 2940 a

2144 2975 2430 3047 discipulis
2479 2993 2649 3048 panes
2703 2973 3096 3032 benedictiénis
3121 2975 3250 3032 Iesu
3277 3017 3294 3042 ,
3322 2992 3419 3032 nec
3448 2991 3580 3030 vero
3635 2989 3737 3031 eos

2145 3080 2337 3122 omnes
2369 3067 2760 3133 comederunt;
2788 3075 3046 3122 saturata:
3070 3065 3214 3120 enim
3249 3066 3421 3121 turba:
3450 3065 3730 3120 residuum

2146 3157 2487 3227 reliquerunt
2515 3158 2568 3214 in
2593 3141 2883 3214 duodecim
2915 3154 3186 3228 eopbinis,
3215 3155 3310 3225 qui
3337 3157 3557 3226 quidem
3586 3155 3734 3228 pleni

463 3241 734 3314 μαθηταῖς
759 3245 982 3310 ἔδωκεν,
1016 3268 1035 3300 I
1074 3248 1160 3302 ῐνα
1193 3249 1242 3302 oi
1267 3249 1509 3320 μαθηταὶ
1538 3249 1670 3302 δῶσι
1693 3252 1804 3312 τοῖς
1834 3247 2032 3319 ὄχλοις,
2063 3235 2107 3294 C
2139 3259 2313 3304 erant.

457 3335 536 3406 μὴ
569 3336 833 3408 χωροῦσιν
861 3340 959 3393 ἀπ’
983 3340 1148 3394 αὐτοῦ
1177 3340 1384 3405 λαϐεῖν,
1426 3341 1562 3396 ἀλλά
1610 3341 1768 3412 μόγις
1799 3340 1886 3395 διὰ
1931 3339 2040 3396 τῶν
2081 3340 2338 3414 μαθητῶν
2361 3341 2673 3415 δεχομένοις
2706 3344 2833 3407 τοὺς
2867 3343 2969 3414 τῆς
2989 3343 3238 3412 εὐλογίας
3275 3341 3451 3414 Ἰησοῦ
3509 3340 3728 3412 ἄρτους,

456 3428 552 3481 καὶ
590 3429 711 3484 οὐδὲ
752 3429 974 3496 τούτους
1018 3433 1228 3498 πάντας
1257 3433 1527 3489 ἐσθίουσι·
1573 3435 1966 3508 χορτασθέντες
1995 3435 2102 3508 γὰρ
2149 3437 2198 3490 οῖ
2245 3437 2393 3508 ὄχλοι
2435 3438 2860 3494 καταλελοίπασι
2909 3439 2972 3492 τὸ
3021 3438 3343 3512 περισσεῦον
3390 3439 3448 3492 ὲν
3489 3437 3728 3506 κοφίνοις

452 3520 576 3578 οὖσι
605 3524 836 3598 πλήρεσι
865 3526 1095 3584 δώδεκα.
1144 3562 1148 3566 -

527 3612 605 3672 05
637 3619 694 3674 δὲ
737 3619 924 3676 ἕνεκεν
953 3622 1155 3688 ταύτας
1200 3625 1617 3698 παρειλήφαμεν
1648 3625 1782 3696 (75),
1825 3627 1943 3680 ἐστὶ
1980 3626 2042 3680 τό

456 3708 818 3780 προκείμενον
849 3712 954 3774 ὅτι,
986 3711 1228 3784 χωρίσας
1268 3716 1298 3767 ὁ
1336 3713 1540 3785 Ἰησοῦς
1569 3714 1677 3768 τῶν
1700 3715 1874 3786 ὄχλων
1915 3715 2042 3779 τούς

459 3798 732 3870 μαθητὰς,
764 3819 782 3851 ι
813 3799 1124 3869 ἠνάγκασεν
1158 3803 1356 3868 αὐτοὺς
1381 3803 1618 3875 ἐμϐῆναι
1645 3807 1726 3869 είς
1754 3806 1815 3859 τὸ
1835 3805 2038 3869 πλοῖον,

458 3889 556 3942 καὶ
597 3892 863 3961 προάγειν
908 3893 1070 3948 αὐτὸν
1104 3896 1185 3958 είς
1214 3894 1276 3947 τὸ
1317 3896 1510 3967 πέραν,
1545 3895 1652 3961 ἓως
1697 3893 1760 3951 οὐ
1791 3898 2040 3973 ἀπολύσῃ

456 3981 620 4044 αὐτὸς
647 3981 774 4045 τοὺς
795 3981 1005 4053 ὄχλους⁹
1042 4003 1060 4035 I
1097 3981 1159 4037 οὐ
1188 3983 1297 4055 γὰρ
1335 3983 1589 4039 ἐδύναντο
1615 3988 1664 4039 οἱ
1687 3985 1835 4056 ὄχλοι
1867 3987 1948 4052 είς
1978 3987 2040 4040 τὸ

461 4072 637 4142 πέραν
667 4071 944 4136 ἀπελθεῖν,
993 4073 1070 4137 ώς
1113 4072 1174 4126 οὐ
1218 4073 1498 4144 μυστικῶς
1551 4073 1808 4146 Ἑϐραῖοι,
1844 4076 2040 4140 οἵτινες

460 4163 853 4236 ἑρμηνεύονται
882 4165 1176 4236 Περατικοί
1229 4164 1366 4236 (76)·
1407 4164 1545 4220 ἀλλά
1590 4165 1748 4220 τοῦτο
1779 4167 1940 4240 ἔργον
1969 4164 2039 4240 ἦν

459 4256 567 4309 τῶν
602 4256 775 4329 Ἰησοῦ
806 4255 1084 4327 μαθητῶν·
1116 4257 1260 4326 λέγω
1289 4257 1347 4312 δὲ
1369 4258 1448 4322 είς
1473 4257 1532 4312 τό
1554 4257 1729 4330 πέραν
1757 4259 2038 4326 ἀπελθεῖν,

459 4349 556 4402 καὶ
582 4349 885 4422 ὑπερϐῆναι
900 4350 970 4405 τά
993 4351 1300 4422 βλεπόμενα
1327 4350 1421 4403 καὶ
1444 4350 1751 4424 σωματικὰ,
1777 4351 1854 4414 ὼς
1874 4353 2043 4424 πρόσ-

459 4458 656 4513 καιρα,
695 4442 898 4513 φθάσαι
930 4443 988 4497 δὲ
1029 4444 1123 4497 ἐπὶ
1144 4442 1215 4496 τά
1243 4441 1318 4513 μὴ
1344 4441 1674 4512 βλεπόμενα,
1697 4443 1794 4497 καὶ
1821 4443 2037 4499 αἰώνια.

459 4535 759 4608 Εὐεργεσία
789 4530 883 4590 οὖν
906 4536 1188 4608 αὐτάρκης
1209 4529 1278 4606 ἦν
1309 4536 1422 4598 τοῖς
1452 4533 1632 4604 ὄχλοις
1658 4534 1767 4589 ἀπὸ
1796 4535 1892 4590 τοῦ
1937 4537 2042 4608 Ἰη-

2223 3625 2278 3680 5.
2315 3623 2369 3678 Id
2413 3633 2595 3679 autem
2645 3631 2864 3694 propter
2891 3623 3036 3693 quod
3068 3623 3184 3678 haec
3213 3623 3634 3695 assumpsimus,
3665 3623 3730 3676 ilo

2150 3716 2240 3771 Iud
2269 3723 2355 3770 est
2382 3714 2451 3770 de
2487 3730 2600 3786 quo
2643 3731 2788 3771 nunc
2812 3714 3015 3785 agitur,
3039 3714 3184 3784 quod
3212 3729 3407 3784 nempe
3435 3728 3728 3770 secernens

2147 3805 2309 3862 Jesus
2335 3807 2638 3877 discipulos
2683 3821 2715 3861 a
2760 3805 2968 3875 turbis,
3007 3824 3026 3857 ι
3063 3804 3331 3874 compulit
3364 3805 3488 3860 illos
3534 3821 3728 3860 ascen-

2147 3899 2276 3954 dere
2302 3899 2358 3953 in
2400 3899 2730 3963 naviculam,
2755 3907 2809 3954 et
2828 3899 3134 3969 prmeedere
3152 3913 3278 3952 eum
3315 3907 3468 3954 trans
3502 3896 3726 3964 fretum,

2145 3990 2322 4045 donec
2344 3991 2456 4061 ipse
2478 3989 2776 4044 dimitteret
2799 3989 2988 4044 turbas
3009 3987 3031 4019 '
3061 4007 3074 4043 :
3110 4007 3128 4038 ι
3161 4004 3262 4044 nec
3299 3989 3445 4044 enim
3472 3998 3730 4060 poterant

2146 4080 2320 4136 turba:
2353 4079 2409 4136 in
2427 4079 2740 4136 ulteriorem
2767 4079 2944 4148 ripam
2977 4079 3233 4142 transire,
3259 4088 3450 4148 utpote
3479 4095 3602 4150 qua:
3615 4095 3724 4133 non

2143 4181 2328 4228 essent
2360 4173 2588 4245 mystice
2617 4169 2826 4226 Ileme
2843 4171 2936 4242 qui
2966 4180 3338 4241 exponuntur,
3377 4170 3675 4241 Trajectitii
3707 4188 3726 4238 ;

2145 4264 2240 4320 sed
2266 4265 2318 4320 id
2346 4280 2486 4336 opus
2505 4271 2624 4319 erat
2653 4263 3046 4334 discipulorum
3094 4260 3260 4328 Jesu;
3287 4263 3411 4318 dico
3437 4271 3643 4329 autem,
3669 4262 3725 4317 in

2145 4357 2460 4414 ulteriorem
2484 4359 2659 4428 ripam
2687 4358 2941 4424 transire,
2979 4365 3034 4412 et
3052 4371 3117 4432 ea
3150 4371 3274 4426 quae
3299 4356 3572 4424 videntur,
3600 4372 3725 4412 cor-

2146 4465 2420 4520 poreaque
2445 4459 2595 4516 sunt,
2631 4458 2818 4522 utpote
2845 4449 3195 4521 temporaria,
3225 4448 3570 4519 transgredi;
3602 4464 3726 4519 per-

2144 4542 2330 4597 venire
2372 4551 2553 4597 autem
2604 4543 2672 4598 ad
2725 4557 2790 4599 ea
2831 4559 2953 4613 qua:
2984 4559 3095 4598 non
3140 4544 3433 4608 videntur,
3491 4549 3548 4596 et
3597 4549 3730 4596 sunt

460 4628 557 4683 σοῦ
587 4628 771 4692 αὐτοῖς
817 4628 1089 4700 διδομένη,
1135 4627 1209 4699 μὴ
1250 4627 1591 4700 δυναμένοις,
1620 4627 1706 4682 διὰ
1745 4628 1810 4681 τὸ
1849 4629 2042 4700 ὄχλους

2147 4641 2367 4688 aeterna.
2399 4632 2732 4689 Depelicium
2775 4633 2942 4705 igitur
2982 4633 3257 4690 sufficiens
3309 4643 3429 4689 erat
3479 4632 3653 4688 turbis
3696 4649 3727 4687 a

459 4715 620 4786 εἶναι,
669 4721 924 4775 ἀπελθεῖν
959 4721 1039 4786 είς
1065 4720 1126 4775 τὸ
1168 4721 1363 4794 πέραν,
1404 4722 1740 4794 ἀπολυθῆναι
1790 4722 1902 4778 ἀπὸ
1945 4723 2038 4778 τοῦ

2145 4724 2274 4782 Iesu
2305 4725 2361 4780 in
2385 4725 2505 4782 illas
2527 4725 2946 4790 collatum,cum
2971 4741 3080 4782 non
3106 4735 3327 4796 possent
3346 4725 3512 4798 482
3547 4734 3729 4783 trans-

532 4860 578 4894 ’⁸
611 4860 801 4916 Matth.
830 4875 950 4926 xm,
974 4860 1058 4914 II.
1123 4859 1170 4894 ”
1199 4859 1332 4915 ibid.
1369 4861 1384 4893 '
1415 4861 1547 4918 ibid.
1576 4860 1666 4917 '56.
1733 4861 1756 4892 ¹
1789 4861 1922 4916 Ibid.
1990 4862 2012 4894 ³
2041 4860 2232 4917 Matth.
2258 4878 2369 4930 xw,
2405 4862 2493 4930 I5,
2526 4862 2610 4918 Η.
2674 4862 2695 4895 ⁸
2717 4863 2850 4919 ibid.
2887 4863 2972 4920 I5.
3037 4863 3060 4896 ⁸
3087 4862 3222 4921 ibid.
3253 4862 3340 4920 I9.
3417 4862 3440 4895 ‘
3472 4862 3600 4920 ibid.
3629 4863 3721 4918 2‘2.

534 4971 646 5042 (7L)
685 4972 790 5028 Διὰ
821 4972 878 5026 τί
899 4973 968 5026 ἐν
987 4971 1374 5041 παραϐολαῖς,
1397 4982 1503 5029 etc.
1530 4975 1590 5028 III
1614 4973 1916 5032 Holmiensi
1939 4992 2033 5032 co-

466 5043 586 5098 dice
635 5043 698 5096 οὐ
736 5044 1000 5115 insertum
1043 5053 1162 5097 erat
1204 5058 1368 5115 manu
1424 5046 1754 5115 recentiori:
1791 5047 2030 5115 optime;

463 5128 589 5185 nam
621 5122 676 5185 et
710 5128 906 5185 sensus
945 5112 1016 5185 id
1042 5112 1390 5185 postulauet
1423 5113 1686 5185 Erasmus
1734 5112 2025 5185 expressit.

463 5183 521 5237 In
550 5183 831 5239 codicibus
863 5180 1184 5264 Anglicano,
1206 5180 1470 5240 Vaticano
1500 5192 1556 5240 et
1591 5180 1888 5242 Tariuia'no
1915 5187 2032 5258 pri-

463 5270 551 5308 llIa
581 5269 742 5307 manu
771 5262 1032 5322 scriptum
1054 5264 1158 5308 est.

533 5322 652 5392 (75)
691 5321 916 5389 Ταύτας
947 5321 1421 5393 παρειλήφαμεν.
1469 5321 1768 5381 Erasmus:
1805 5344 1826 5379 ι
1861 5325 2035 5382 (ἕξοιε-

464 5408 586 5467 ι-υηι
615 5393 977 5467 cujusgratia
1015 5394 1113 5450 has
1136 5395 1518 5449 adnotationes
1557 5396 1734 5467 obiter
1764 5397 2033 5467 adjunxe—

462 5464 662 5537 rimus.
705 5481 724 5513 ι
775 5463 1134 5537 AIIAaliquam
1177 5479 1368 5537 vocem
1408 5465 1769 5537 supplendam
1815 5463 2038 5537 reliquit

459 5532 747 5611 Origenes,
773 5541 834 5611 ut
857 5531 1234 5611 διασαφῄσεις,
1257 5531 1570 5611 ἐξηγήσεις,
1580 5531 2034 5611 ’ἐπισημει-ώσέις,

465 5601 548 5655 vel
596 5601 727 5670 quid
774 5602 994 5657 simile?
1047 5601 1131 5657 An
1177 5619 1279 5659 nos
1316 5601 1772 5662 inexscribeudo‘
1804 5601 2033 5662 nimium

465 5671 774 5741 praecipites
802 5686 986 5726 vocem
1023 5672 1264 5742 aliquam
1300 5675 1788 5794 prsetermisimus?
1817 5677 1898 5729 An
1935 5693 2035 5747 pro

465 5740 710 5794 ταύτας.
748 5742 1030 5794 Ieaeudum
1063 5742 1272 5794 ταῦταῖ
1349 5743 1509 5794 iderit
1546 5745 1733 5794 limior.
1772 5745 2032 5794 Ilnmms.

465 5740 672 5811 ταύτας
694 5782 710 5807 ,
748 5742 1030 5811 legendum
1063 5740 1272 5798 ταῦταῖ
1302 5740 1509 5800 Viderit
1546 5745 1733 5801 lector.
1772 5740 2032 5802 "unius.

467 5810 621 5865 -——III
667 5810 1026 5867 exscribcndo
1091 5812 1316 5869 nimium
1363 5830 1602 5886 prmceps
1655 5832 1762 5871 non
1812 5816 1914 5872 luit
1954 5819 2036 5872 vir

2139 4978 2504 5049 clarissimus,
2540 4977 2808 5048 siquidem
2843 4980 2896 5032 in
2918 4977 3078 5033 codd.
3103 4978 3430 5049 Anglicani»,
3459 4979 3723 5037 Vaticano

2139 5058 2196 5104 et
2215 5048 2536 5115 Tariniano,
2554 5049 2720 5104 simili
2743 5049 2905 5104 modo
2928 5049 3126 5119 legitur
3149 5048 3354 5114 ταύτας
3385 5051 3718 5123 παρειλήφα-

2213 5137 2328 5258 ab)
2374 5188 2640 5258 Ἑϐραῖοι,
2675 5188 2892 5254 οἵτινες
2937 5187 3364 5258 ἐρμηνεύονται
3387 5191 3715 5257 Περατικοί.

2140 5255 2425 5329 Origenes,
2453 5255 2510 5312 in
2555 5257 2719 5329 Nunt.
2744 5274 2794 5314 c.
2835 5255 3012 5323 ιιιιν,⁷
3034 5259 3221 5314 bomil.
3259 5260 3356 5315 I9:
3390 5277 3409 5311 ι
3445 5255 3551 5329 Iste
3587 5275 3722 5329 ergo

2141 5275 2425 5329 urIgenes,
2453 5275 2510 5312 ιιι
2555 5275 2719 5314 rvunt.
2744 5275 2794 5314 e.
2835 5275 2984 5323 χειν,
3034 5275 3221 5314 ιιοωιι.
3259 5275 3356 5315 Ia:
3390 5277 3409 5311 ι
3446 5275 3551 5316 ιειο
3587 5275 3619 5315 e
3685 5275 3717 5312 ο

2141 5330 2375 5399 populus
2419 5329 2582 5384 etiam
2618 5327 2879 5384 Hebraeus
2927 5329 3161 5395 dicitur,
3201 5330 3329 5399 quia
3379 5328 3595 5386 transiit
3622 5275 3717 5385 fde

2144 5398 2384 5456 dimoto
2418 5400 2486 5453 ad
2535 5406 2734 5453 terram
2772 5397 3237 5456 repromissionis.
3265 5418 3285 5450 ο
3328 5397 3384 5454 Id
3420 5414 3548 5454 cum
3587 5396 3716 5453 Ori-

2179 5399 2384 5469 Egypto
2418 5400 2486 5453 ad
2535 5406 2734 5453 terram
2772 5399 3237 5467 repromissionis.
3265 5418 3285 5450 ο
3328 5399 3384 5454 Id
3420 5414 3548 5454 cum
3587 5399 3716 5453 Ori-

2179 5485 2282 5523 ene
2323 5475 2613 5524 senserunt
2659 5468 2761 5522 viri
2801 5483 2994 5537 graves
3027 5468 3456 5537 quamplurimi;
3501 5469 3618 5536 sed,
3651 5485 3720 5524 ne

2165 5539 2236 5593 Iie
2265 5553 2485 5608 operam
2513 5553 2688 5608 meam
2717 5536 2922 5602 ludam,
2951 5536 3336 5608 videAWaItoni
3363 5537 3665 5608 prolegom.
3683 5539 3718 5593 '5

2145 5609 2212 5664 ad
2251 5606 2392 5662 Bibl.
2437 5607 2770 5679 Polygloua,
2801 5617 2867 5679 ct,
2896 5606 3323 5679 eruditissimum
3363 5606 3718 5679 Geographie

2145 5695 2312 5732 sacra:
2339 5694 2498 5747 opus,
2536 5674 2625 5730 lib.
2657 5693 2718 5742 II,
2764 5693 2812 5730 c.
2854 5674 2936 5740 l-I',
2969 5687 3106 5747 part.
3142 5693 3177 5730 I.
3221 5675 3436 5734 Interim
3468 5674 3716 5734 animad-

2143 5758 2292 5802 verte
2325 5763 2545 5818 vocent,
2582 5747 2901 5816 ἰΙερατικοῐ,
2940 5764 3063 5803 cum
3110 5748 3236 5805 alibi
3277 5749 3392 5807 fere
3436 5750 3716 5818 dicantur,

2145 5821 2401 5892 Περάται.
2435 5817 2698 5874 Ιιυετιιτε.
