4100 6436
431 384 536 440 913

1921 381 2244 440 ORIGENIS

3594 383 3699 440 916

429 502 512 556 ire
541 499 596 554 in
626 499 941 557 ulteriorem
976 504 1173 573 ripam,
1203 503 1349 572 quod
1399 502 1571 558 turbae
1591 509 1794 562 essent,
1821 516 1852 555 a
1883 499 1972 555 Jes

2074 521 2088 561 ι
2129 499 2328 570 Ἰησοῦ·
2352 498 2545 568 ἥντινα
2565 494 2824 550 ἀπόλυσιν
2843 493 3018 555 οὐδεὶς
3033 491 3145 563 ἔχει
3165 486 3412 556 ἐξουσίαν
3422 487 3702 550 ἀπολύειν.

426 588 630 646 dimitti
665 611 679 646 :
711 609 818 663 qua
845 593 1167 649 dimissione
1199 594 1382 648 nullus
1406 595 1566 649 habet
1593 593 1898 650 dimittendi
1921 607 2014 662 po-

2114 590 2148 662 ῆ
2184 593 2212 644 6
2238 589 2473 661 Χριστὸς
2505 588 2685 658 μόνος·
2722 587 2818 640 καὶ
2846 586 2945 655 οὐχ
2969 579 3079 638 οἷόν
3102 587 3164 639 τέ
3192 585 3341 636 ἔστιν
3367 579 3703 653 ἀπολυθῆναί

426 692 678 739 testatem
708 696 903 756 praeter
935 703 1103 742 unum
1138 686 1458 755 Christum;
1494 703 1596 743 nec
1636 688 1895 757 possibile
1931 705 1972 742 es

2112 698 2253 745 τινα,
2309 680 2383 750 μὴ
2435 679 2700 749 πρότερον
2743 677 2987 745 φαγόντα
3040 676 3240 746 ἄρτων,
3282 667 3357 726 ὧν
3400 675 3428 726 6
3490 671 3701 742 Ἰησοῦς

424 774 627 831 dimitti
655 793 983 849 quemquam
1013 821 1027 845 ,
1083 781 1175 851 qui
1210 795 1317 835 non
1365 781 1517 850 prius
1555 796 1723 850 panes
1756 782 1996 836 comede-

428 867 516 931 rit,
539 868 738 938 quibus
763 869 924 928 Jesus
949 873 1249 940 benedicit;
1278 890 1375 928 nec
1395 888 1520 928 vero
1544 874 1802 944 possibile
1817 890 2010 944 quem-

423 975 588 1029 quam
622 977 792 1031 panes
831 962 1227 1020 benedictionis
1255 964 1383 1020 Jusu
1430 967 1740 1031 comedere,
1769 967 1864 1036 qui
1899 982 2005 1020 non

423 1053 498 1108 ita
535 1053 725 1112 fecerit
754 1057 897 1113 sicut
936 1059 1104 1129 jussit
1155 1060 1336 1128 Jesus,
1377 1072 1430 1117 et
1456 1079 1561 1115 non
1587 1078 1749 1132 supra
1795 1063 2002 1117 foenum

417 1146 781 1217 discubuerit,
814 1160 873 1205 ut
901 1153 1244 1209 tradidimus.
1281 1153 1385 1210 Sed
1417 1170 1590 1224 neque
1617 1155 1720 1210 hoc
1743 1155 2004 1226 possibile

415 1252 502 1298 est
529 1243 710 1300 facere
742 1245 953 1312 turbas,
977 1262 1099 1316 qua:
1132 1263 1238 1301 non
1278 1264 1309 1302 e
1357 1251 1474 1305 suis
1518 1251 1745 1304 urbibus
1799 1259 2002 1305 secuta:

416 1334 620 1391 fuerint
646 1336 834 1393 Jesu'm
863 1341 1203 1394 secedentem
1241 1341 1293 1396 in
1323 1343 1595 1397 desertum
1626 1344 1804 1398 locum
1842 1360 1995 1399 seor-

413 1444 560 1483 sum.
594 1428 662 1484 Et
681 1430 918 1500 primum
947 1433 1168 1502 quidem
1200 1446 1422 1504 rogatus
1449 1452 1477 1490 a
1515 1437 1796 1506 discipulis
1823 1447 1881 1492 ut
1915 1437 1997 1492 di-

412 1519 655 1576 mitteret
700 1522 922 1586 turbas,
975 1538 1080 1577 non
1132 1524 1371 1590 dimisit,
1424 1524 1599 1580 donec
1663 1542 1758 1581 eas
1799 1528 1996 1584 aluerit

412 1613 648 1683 panibus
679 1613 1072 1669 benedictionis
1099 1633 1113 1681 ;
1157 1631 1302 1670 nunc
1335 1626 1518 1671 autem
1550 1613 1795 1686 dimittit,
1841 1631 1993 1690 post-

409 1718 576 1772 quam
604 1705 782 1776 coegit
803 1705 1104 1775 discipulos
1133 1707 1312 1760 navim
1343 1710 1746 1774 conscendere,
1800 1720 1854 1765 et
1907 1713 1992 1767 di-

407 1797 575 1851 mittit
604 1813 698 1854 eas
731 1799 933 1854 alicubi
986 1801 1038 1853 in
1097 1799 1282 1856 intimo
1339 1802 1462 1858 loco
1496 1815 1810 1872 versantes;
1848 1806 1985 1860 infra

404 1889 604 1960 quippe
666 1900 784 1946 erat
827 1890 1148 1960 desertum;
1203 1894 1319 1966 ipse
1361 1904 1542 1950 autem
1584 1916 1602 1946 ι
1641 1898 1889 1953 ascendit
1933 1901 1984 1954 in

401 1990 590 2037 monte
614 1997 774 2038 orare
811 1983 851 2037 ".
889 2004 907 2036 ι
943 1983 998 2039 id
1031 2001 1159 2040 vero
1206 1987 1608 2043 observandum
1636 1998 1750 2055 est,
1803 1991 1984 2046 statim

399 2074 735 2144 compulisse
759 2076 945 2130 Jesum
981 2077 1280 2148 discipulos
1309 2097 1326 2130 ι
1361 2081 1654 2135 ascendere
1693 2081 1745 2135 in
1776 2084 1980 2144 navim,

397 2174 454 2220 et
480 2168 784 2234 praecedere
817 2185 939 2224 eum
973 2178 1121 2227 trans
1145 2171 1342 2227 fretum
1367 2174 1410 2241 ⁸,
1444 2194 1460 2225 ›
1497 2183 1787 2244 postquam
1819 2175 1983 2244 quiu-

397 2267 506 2320 que
536 2255 820 2310 hominum
856 2257 1025 2314 millia
1070 2261 1225 2317 aluit.
1263 2261 1463 2318 Verum
1528 2279 1637 2318 non
1686 2273 1980 2332 potuerunt

395 2344 648 2414 discipuli
683 2349 988 2417 praecedere
1017 2349 1203 2406 Jesum
1231 2353 1283 2407 in
1317 2355 1627 2411 ulteriorem
1660 2357 1856 2425 ripam,
1882 2357 1976 2411 sed

395 2461 486 2514 ubi
522 2462 588 2515 ad
625 2479 800 2532 usque
839 2468 1072 2522 tnedium
1108 2470 1274 2524 maris
1303 2471 1712 2539 pervenissent,
1739 2472 1976 2541 jactare~

391 2563 590 2620 utrque
619 2554 796 2617 navis,
826 2554 972 2624 quod
1002 2559 1312 2614 Contrarius
1353 2560 1486 2629 ipsis
1542 2571 1689 2617 esset
1734 2571 1928 2618 ventus
1955 2605 1971 2628 ,

387 2645 587 2704 timore
616 2646 852 2714 perculsi
891 2657 1040 2714 sunt,
1071 2665 1196 2705 cum
1227 2652 1374 2707 circa
1404 2665 1654 2723 quartam
1684 2657 1861 2712 noctis
1889 2660 1970 2713 vi-

388 2733 573 2803 giliam
611 2736 850 2792 venisset
875 2737 943 2794 ad
969 2740 1090 2796 illos
1114 2739 1294 2798 Jesus.
1323 2742 1389 2798 Et
1437 2745 1541 2800 nisi
1582 2745 1742 2802 Jesus
1774 2764 1967 2804 navem

385 2829 819 2898 conscendisset,
845 2846 1023 2902 neque
1047 2836 1429 2908 navigantibus
1451 2838 1732 2909 discipulis
1779 2842 1970 2896 adver-

388 2935 485 2975 sus
565 2930 762 2979 ventus
825 2927 1176 2994 remisisset,
1263 2946 1439 3001 neque
1513 2933 1567 2987 in
1652 2935 1965 2994 ulteriorem

385 3013 583 3083 ripam,
631 3025 756 3085 post
782 3018 1067 3087 trajectum
1099 3037 1271 3088 mare,
1315 3025 1636 3097 navigantes
1663 3029 1962 3086 venissent.

385 3103 450 3158 Et
478 3105 664 3162 volens
716 3107 953 3165 fortasse
997 3115 1372 3183 experimento
1401 3118 1596 3174 docere
1631 3121 1752 3178 illos
1780 3163 1794 3186 ,
1856 3140 1962 3179 non

382 3211 548 3265 posse
579 3197 789 3269 absque
832 3216 890 3256 se
940 3211 1092 3259 trans
1132 3206 1310 3262 laeum
1353 3208 1454 3275 ire,
1487 3229 1504 3261 ι
1542 3214 1807 3283 compulit
1836 3217 1954 3285 qui-
1993 3205 2038 3268 C

380 3291 505 3344 dem
539 3293 835 3349 ascendere
879 3295 933 3349 in
970 3298 1311 3365 naviculam,
1363 3313 1418 3358 et
1459 3319 1518 3360 se
1566 3314 1717 3362 trans
1763 3307 1961 3363 fretum

378 3383 723 3457 praeedere;
758 3404 778 3438 ›
811 3402 934 3441 cum
974 3403 1082 3445 non
1112 3404 1336 3460 possent
1359 3404 1540 3450 autem
1570 3398 1645 3452 illi
1677 3400 1816 3454 ultra
1848 3416 1964 3456 mc-

380 3474 530 3528 dium
562 3477 731 3533 maris
753 3481 1007 3550 progredi
1033 3522 1048 3546 ,
1079 3498 1370 3554 apparens,
1397 3497 1452 3543 et
1489 3504 1552 3543 ea
1582 3506 1704 3562 quae
1757 3494 1960 3563 scripta

379 3577 505 3622 sunt
541 3567 771 3638 faciens,
797 3574 1038 3629 ostendit
1059 3591 1185 3632 eum
1218 3581 1312 3648 qui
1342 3589 1496 3636 trans
1529 3599 1678 3637 mare
1701 3600 1960 3653 pervene-

379 3658 470 3722 rit,
500 3657 628 3715 Jesu
658 3661 824 3718 simul
854 3681 978 3721 cum
1013 3667 1106 3722 illo
1138 3671 1429 3743 navigante
1471 3674 1598 3729 illuc
1623 3677 1956 3745 pervenisse.

375 3753 664 3819 Quodnam
697 3765 782 3812 est
803 3767 986 3814 autem
1019 3762 1321 3834 navigium,
1351 3767 1496 3835 quod
1531 3767 1834 3839 discipulos
1868 3769 1960 3826 Je-

376 3862 474 3900 sus
513 3849 1287 3918 compulitcouscendere?an
1320 3856 1555 3913 fortasse
1593 3861 1956 3916 tentationum

375 3944 431 3991 et
454 3937 808 3998 alllietionum
839 3953 1136 4010 certamen,
1167 3947 1221 4001 in
1253 3951 1398 4019 quod
1423 3949 1648 4007 aVerbo
1677 3953 1798 4024 quis
1815 3970 1960 4009 com-

375 4031 588 4102 pulsus,
632 4043 687 4090 et
716 4038 873 4105 quasi
910 4037 1116 4095 invitus
1139 4043 1305 4108 venit,
1333 4043 1546 4098 volente
1582 4044 1871 4102 Servatore
1902 4048 1955 4103 in

369 4123 576 4192 jactato
601 4126 692 4180 illo
714 4128 929 4199 navigio
961 4147 990 4185 a
1017 4130 1292 4200 (luctibus,
1328 4143 1382 4188 et
1412 4146 1572 4189 vento
1611 4139 1842 4192 adverso
1875 4137 1958 4192 di-

375 4215 617 4284 scipulos
645 4221 942 4276 exercere?
973 4220 1244 4288 Quoniam
1291 4235 1474 4281 autem
1513 4245 1530 4276 ι
1575 4227 1757 4281 statim
1804 4243 1957 4283 com-

375 4306 512 4375 pulit
537 4307 836 4379 discipulos
851 4314 1148 4369 ascendere
1172 4315 1225 4368 in
1244 4316 1553 4372 naviculam
1577 4329 1632 4371 ct
1653 4319 1957 4387 przecedere

372 4413 498 4453 eum
535 4409 687 4457 trans
727 4400 925 4457 fretum
955 4445 970 4470 ,
1007 4425 1026 4457 ο
1061 4406 1353 4464 immutato
1397 4411 1675 4481 paulisper
1703 4426 1956 4467 sermone

2111 774 2341 841 εύλογεῖ·
2373 771 2471 840 ούχ
2504 765 2616 824 οἷον
2647 769 2703 822 δέ
2736 766 2931 838 φαγεῖν
2961 768 3070 821 τῶν
3101 768 3282 836 ἄρτων
3313 767 3414 836 τῆς
3446 765 3701 835 εὐλογίας

2121 862 2320 932 Ἰησοῦ,
2355 863 2405 914 εί
2443 861 2516 932 μή
2541 861 2617 924 ὡς
2641 861 2923 914 ἐκέλευσεν
2945 863 2973 915 6
3015 859 3223 930 Ἰησοῦς
3255 861 3575 927 ποιήσαντα,
3603 857 3698 912 καὶ

2107 951 2470 1005 ἀνακλιθέντα
2541 952 2636 1005 ἐπὶ
2686 952 2782 1005 τοῦ
2841 952 3058 1023 χόρτου,
3118 951 3195 1014 ὡς
3253 948 3692 1020 ἀποδεδώκαμεν.

2120 1043 2256 1096 Ἀλλ’
2286 1043 2406 1096 ούδέ
2435 1043 2593 1096 τοῦτο
2622 1039 2732 1097 οἷόν
2757 1061 2815 1096 τε
2841 1044 3064 1113 ποιῆσαι
3088 1043 3214 1105 τοὺς
3244 1041 3435 1113 δχλους
3473 1042 3548 1112 μὴ
3572 1042 3698 1095 ἀκο-

2105 1133 2471 1205 λουθήσαντας
2505 1135 2584 1206 τῷ
2629 1135 2804 1208 Ἰησοῦ
2835 1135 2945 1189 ἀπὸ
2983 1134 3090 1192 τῶν
3120 1134 3265 1187 ίδίων
3300 1134 3530 1196 πόλεων,
3562 1134 3694 1187 ἀνα-

2104 1229 2416 1298 χωρήσαντι
2459 1230 2538 1292 εἰς
2575 1227 2782 1301 ἔρημον
2818 1227 2983 1280 τόπον
3018 1228 3137 1280 κατ’
3170 1227 3327 1280 ἰδίαν.
3362 1226 3472 1279 Καὶ
3500 1225 3690 1299 πρότε-

2106 1336 2197 1389 ρον
2225 1320 2323 1390 μὲν
2355 1319 2674 1390 ἀξιούμενος
2695 1320 2799 1372 ὑπὸ
2836 1317 2943 1372 τῶν
2977 1317 3234 1389 μαθητῶν
3269 1315 3537 1370 ἀπολῦσαι
3564 1317 3689 1378 τοὺς

2099 1410 2309 1480 ὄχλους,
2341 1412 2441 1464 ούκ
2489 1411 2778 1470 ἀπέλυσεν,
2813 1409 2918 1474 ἓως
2967 1409 3160 1480 ἔθρεψε
3207 1412 3319 1472 τοῖς
3364 1410 3549 1479 ἄρτοις
3589 1407 3687 1476 τῆς

2098 1499 2366 1567 εὐλογίας·
2416 1500 2511 1553 νῦν
2560 1501 2615 1553 δέ
2652 1501 2900 1562 ἀπολύει,
2953 1500 3062 1552 τῶν
3115 1498 3372 1570 μαθητῶν
3421 1499 3686 1569 πρότερον

2097 1590 2551 1659 ἀναγκασθέντων
2590 1592 2825 1662 ἐμϐῆναι
2859 1593 2939 1654 εἰς
2977 1591 3038 1643 16
3086 1591 3288 1652 πλοῖον,
3323 1592 3416 1643 καὶ
3460 1589 3684 1642 ἀπολύει

2095 1683 2295 1745 αὐτοὺς
2325 1683 2475 1736 κάτω
2500 1701 2603 1736 που
2641 1684 3031 1754 τυγχάνοντας·
3070 1684 3220 1737 κάτω
3244 1682 3408 1754 γάρή
3443 1682 3647 1754 ἔρημος
3666 1701 3681 1715 ·

2094 1773 2255 1836 αύτὺς
2287 1774 2342 1826 δέ
2385 1792 2403 1824 ι
2447 1775 2615 1846 ἀνέϐη
2650 1777 2728 1838 εἰς
2769 1775 2830 1829 16
2867 1775 2992 1846 ὅρος
3033 1774 3454 1847 προσεύξασθαι.
3511 1793 3528 1825 ι
3569 1774 3680 1827 Καὶ

2024 1847 2066 1901 Β
2092 1862 2247 1917 τοῦτο
2287 1864 2345 1917 δέ
2375 1866 2816 1938 παρατηρητέον,
2850 1868 2933 1920 ὅτι
2964 1866 3169 1930 εὐθέως
3201 1865 3339 1938 μετά
3369 1867 3430 1920 τὸ
3462 1865 3676 1937 τραφῆ⁶’

2090 1973 2174 2008 ναι
2207 1958 2332 2020 τοὺς
2364 1959 2840 2028 πεντακισχιλίους
2869 1958 3182 2028 ἠνάγκασεν
3213 1961 3242 2012 6
3296 1957 3506 2030 Ἰησοῦς
3548 1958 3676 2022 τοὺς

2090 2045 2338 2117 μαθητάς
2375 2066 2393 2099 ι
2427 2049 2664 2119 ἐμϐῆναι
2703 2050 2784 2112 είς
2819 2048 2880 2100 16
2909 2049 3116 2111 πλοῖον,
3152 2050 3247 2102 καὶ
3276 2051 3544 2120 προάγειν
3573 2047 3673 2100 αύ-

2081 2133 2174 2188 τὸν
2207 2136 2287 2198 είς
2314 2136 2374 2189 16
2419 2137 2613 2208 πέραν.
2655 2156 2673 2188 ›
2711 2137 2860 2208 Πλὴν
2889 2137 2950 2190 οὐ
2995 2137 3314 2208 δεδύνηνται
3349 2139 3398 2189 οἱ
3436 2136 3677 2207 μαθηταὶ

2082 2229 2344 2298 προάγειν
2385 2228 2478 2281 τὸν
2529 2227 2736 2299 Ἰησοῦν
2775 2229 2856 2291 είς
2883 2228 2946 2280 16
2974 2227 3170 2300 πέραν,
3211 2227 3348 2281 ἀλλά
3385 2228 3546 2298 μέχρι
3578 2227 3670 2280 τοῦ

2083 2318 2252 2388 μέσου
2285 2318 2386 2388 τῆς
2433 2319 2713 2390 Θαλάσσης
2746 2319 3075 2388 φθάσαντες,
3124 2316 3544 2390 βασανιζομένου
3574 2318 3668 2370 τοῦ

2079 2407 2266 2461 πλοίου
2299 2407 2376 2478 τῷ
2403 2407 2493 2462 τὸν
2529 2408 2730 2479 ἀνεμον
2760 2410 2944 2473 αὐτοῖς
2983 2405 3121 2462 εἷναι
3171 2409 3435 2472 ἐναντίον,
3471 2406 3669 2477 ἐφοϐή-

2077 2498 2270 2570 θησαν,
2303 2500 2433 2572 περὶ
2475 2503 2744 2574 τετάρτην
2789 2500 3034 2572 φυλακὴν
3062 2503 3162 2573 τῆς
3192 2500 3386 2563 νυκτὸς
3419 2499 3667 2562 ἐλθόντος

2076 2593 2214 2665 πρὸς
2256 2593 2454 2657 αὐτοὺς
2487 2594 2579 2649 τοῦ
2625 2594 2822 2665 Ἰησοῦ.
2859 2595 2970 2649 Καὶ
3013 2597 3064 2648 εί
3115 2595 3189 2666 μὴ
3224 2594 3556 2664 ἀναϐεϐήκει
3581 2595 3664 2657 εἰς

2071 2685 2135 2739 τὸ
2161 2685 2345 2740 πλοῖον
2371 2688 2400 2739 6
2439 2685 2669 2756 Ἰησοῦς,
2703 2685 2816 2740 οῦτ’
2847 2687 2913 2740 ἂν
2943 2689 2971 2740 6
2995 2690 3106 2750 τοῖς
3135 2687 3358 2739 πλέουσι
3394 2685 3666 2756 μαθηταῖς

2075 2777 2486 2850 ἐναντιούμενος
2533 2779 2812 2834 ἐπαύσατο
2854 2779 3076 2850 ἄνεμος,
3124 2778 3234 2831 οὒτ’
3291 2779 3357 2832 ἂν
3397 2777 3660 2847 διαπερά-

2073 2888 2265 2935 σαντες
2311 2868 2474 2943 ἧλθον
2522 2875 2602 2936 εἰς
2639 2873 2702 2925 τὸ
2741 2873 2915 2944 πέραν
2953 2875 3004 2925 οἱ
3062 2871 3343 2934 πλέοντες·
3393 2869 3486 2923 καὶ
3523 2869 3666 2939 τάχα

2073 2963 2396 3035 βουλόμενος
2428 2966 2493 3034 τῇ
2535 2963 2702 3035 πείρᾳ
2732 2965 2931 3028 αὐτοὺς
2956 2962 3186 3028 διδάξαι,
3220 2963 3301 3016 ὅτι
3329 2961 3428 3032 οὐχ
3461 2956 3572 3014 οἷόν
3602 2977 3662 3013 τε

2070 3057 2189 3110 ἐστὶ
2220 3058 2390 3128 χωρὶς
2424 3056 2588 3110 αὑτοῦ
2626 3057 2878 3110 ἀπελθεῖν
2918 3057 2998 3120 εἰς
3023 3055 3086 3109 16
3116 3056 3312 3127 πέραν,
3336 3074 3354 3105 ι
3383 3053 3661 3123 ἠνάγκασε

2073 3149 2172 3219 μὲν
2214 3149 2450 3219 ἐμϐῆναι
2480 3149 2560 3212 εἰς
2606 3149 2666 3200 τὸ
2721 3147 2922 3212 πλοῖον,
2957 3149 3051 3201 καὶ
3099 3147 3364 3219 προάγειν
3390 3145 3553 3200 αὑτὸν
3583 3146 3662 3208 εἰς

2068 3241 2128 3293 τὸ
2173 3241 2366 3310 πέραν·
2402 3259 2419 3291 ι
2460 3240 2533 3311 μὴ
2566 3239 2842 3310 δυνηθεῖσι
2873 3240 2918 3292 δ’
2949 3239 3129 3302 αὐτοῖς
3172 3238 3337 3291 πλέον
3365 3236 3460 3290 τοῦ
3492 3238 3658 3307 μέσου

2066 3335 2163 3404 τῆς
2213 3332 2487 3402 θαλάσσης
2529 3332 2778 3395 διελθεῖν,
2831 3333 3113 3400 ἐπιφανεὶς
3166 3331 3257 3382 καὶ
3305 3331 3536 3399 ποιήσας
3589 3325 3660 3381 τὰ

2064 3423 2448 3494 γεγραμμένα,
2486 3421 2684 3487 ἔδειξεν
2725 3425 2806 3476 ὅτι
2841 3424 2868 3474 6
2901 3423 2980 3484 εἰς
3026 3421 3087 3472 τὸ
3129 3421 3304 3490 πέραν
3337 3419 3657 3488 γιγνόμενος

2077 3514 2253 3584 Ἰησοῦ
2316 3515 2466 3585 αὐτῷ
2529 3514 2898 3585 συμπλέοντος
2955 3512 3146 3580 φθάνει
3192 3513 3326 3563 ἐκεῖ.
3381 3510 3445 3563 Τί
3489 3510 3546 3563 δὲ
3593 3512 3656 3564 16

2063 3606 2246 3661 πλοῖον
2269 3609 2348 3671 είς
2391 3607 2419 3659 ὃ
2443 3605 2755 3676 ἠνάγκασεν
2781 3605 3020 3675 ἐμϐῆναι
3053 3604 3180 3667 τοὺς
3213 3602 3460 3673 μαθητὰς
3486 3605 3514 3656 ὀ
3553 3604 3656 3673 ἰη-

2065 3697 2227 3763 σοῦς;
2267 3698 2300 3767 ἢ
2363 3698 2505 3767 τάχα
2551 3699 2578 3749 6
2621 3696 2730 3748 τῶν
2775 3694 3096 3766 πειρασμῶν
3140 3695 3233 3746 καὶ
3279 3694 3654 3772 περιστάσεων

2061 3788 2232 3857 ἀγὼν,
2263 3791 2343 3853 είς
2375 3789 2436 3842 ὃν
2472 3785 2917 3857 ἀναγκαζόμενος
2949 3804 3032 3849 τις
3061 3787 3166 3838 ὑπὸ
3196 3784 3290 3838 τοῦ
3327 3785 3523 3853 Λόγου,
3559 3786 3653 3838 καὶ

2059 3885 2223 3938 οἱονεὶ⁷
2272 3884 2369 3954 οὐχ
2404 3880 2546 3935 ἐκὼν
2591 3880 2833 3952 ἔρχεται,
2883 3877 3206 3950 βουλομένου
3253 3875 3348 3929 τοῦ
3401 3876 3652 3948 Σωτῆρος

2059 3974 2444 4046 γυμνάσασθαι
2494 3975 2621 4036 τοὺς
2683 3971 2930 4044 μαθητὰς
2984 3973 3041 4024 ἐν
3101 3971 3180 4041 τῷ
3237 3969 3650 4040 βασανιζομένῳ

2057 4068 2233 4138 τούτῳ
2273 4066 2442 4137 πλοίῳ
2489 4066 2595 4120 ὑπὸ
2642 4065 2748 4118 τῶν
2795 4066 3054 4136 κυμάτων
3094 4063 3188 4118 τοῦ
3228 4062 3476 4117 ἐναντίου
3528 4064 3643 4135 (77)

2058 4159 2285 4228 ἀνέμου.
2318 4156 2536 4228 Ἐπειδὴ
2556 4156 2614 4209 δὲ
2642 4174 2660 4205 ι
2685 4153 2886 4218 εὐθέως
2914 4156 3194 4223 ἠνάγκασε
3227 4155 3355 4216 τοὺς
3391 4152 3642 4225 μαθητάς

2058 4244 2294 4315 ἐμϐῆναι
2327 4247 2408 4307 εἰς
2445 4243 2508 4296 τὸ
2556 4243 2762 4306 πλοῖον,
2812 4242 2908 4296 καὶ
2941 4241 3206 4313 προάγειν
3251 4241 3416 4293 αὐτὸν
3449 4241 3531 4303 είς
3582 4240 3643 4291 τὸ

2059 4334 2252 4406 πέραν,
2291 4354 2308 4388 ι
2348 4335 2528 4404 ὀλίγον
2561 4332 2854 4398 ἐναλλάξας
2881 4332 2980 4405 τὴν
3013 4333 3156 4397 λέξιν
3181 4331 3457 4404 ἀνέγραψε
3491 4332 3587 4385 καὶ
3617 4334 3648 4386 6

2059 4427 2305 4498 Μάρκος,
2332 4428 2584 4498 ποιήσας·
2624 4445 2642 4477 ι
2681 4426 2792 4479 Καὶ
2823 4424 3025 4489 εὐθέως
3058 4425 3340 4495 ἠνάγκασε
3389 4424 3513 4488 τοὺς
3545 4440 3648 4494 μαο

372 4492 595 4562 scripsit
619 4494 834 4553 Marcus
855 4499 874 4530 °
907 4518 918 4553 :
956 4519 974 4551 ι
1009 4499 1274 4560 Etstatim
1302 4504 1481 4572 coegit
1502 4503 1804 4576 discipulos
1822 4522 1956 4562 suos

2074 4492 2232 4590 ῢητάς
2260 4518 2424 4572 αὑτοῦ
2451 4492 2567 4589 (78)
2609 4517 2842 4589 ἐμϐῆναι
2889 4519 2969 4581 εἰς
3014 4492 3092 4570 16‘
3123 4516 3326 4581 πλοῖον,
3372 4517 3466 4569 καὶ
3509 4492 3647 4587 προ-

369 4585 666 4642 ascendere
690 4589 896 4658 navim,
923 4601 982 4646 ut
1011 4595 1379 4663 praecederent
1404 4611 1530 4651 eum
1566 4607 1718 4653 trans
1756 4595 1951 4653 fretum

367 4676 434 4731 ad
463 4676 848 4748 Bethsaidam;
883 4703 901 4735 ›
931 4701 1156 4741 necesse
1181 4697 1266 4742 est
1295 4689 1570 4758 explicare
1597 4691 1750 4757 illud,
1789 4711 1806 4742 ι
1829 4708 1956 4748 coe-

365 4776 463 4843 git,
508 4793 527 4827 ι
561 4777 781 4846 quando
848 4782 999 4849 prius
1048 4783 1347 4840 viderimus
1396 4801 1460 4841 ea
1505 4803 1628 4858 qum
1679 4787 1844 4860 483
1885 4789 1951 4844 ad

360 4867 620 4937 exiguam
671 4869 836 4927 Marci
891 4875 1314 4944 discrepantiam
1368 4881 1680 4948 pertinent,
1728 4883 1821 4951 qui
1847 4882 1950 4936 ali-

429 4983 450 5014 "
481 4983 670 5042 Matth.
710 5005 822 5053 xn',
855 4989 944 5045 25.
1046 4993 1066 5024 ⁸
1097 4991 1227 5046 ibid.
1254 4994 1344 5047 ‘22.
1422 4997 1443 5025 ⁹
1479 4995 1644 5052 Marc.
1672 5014 1745 5062 Vl,
1781 4998 1870 5053 45.

443 5103 553 5173 (77)
580 5105 689 5160 Τοῦ
709 5105 1009 5161 ἐναντίου.
1055 5109 1412 5164 Scribendum
1435 5111 1530 5164 καὶ
1559 5111 1654 5165 τοῦ
1687 5114 1951 5170 ἐναντίου.

441 5173 552 5254 ςίὸ)
599 5175 711 5230 Καὶ
751 5177 970 5254 εὐθέως
1006 5176 1320 5254 ἠνάγκασε
1361 5181 1507 5254 τοὺς
1544 5185 1816 5254 μαθητὰς
1850 5188 1957 5239 αὺ-

360 5248 626 5326 ςρῢκθιο.
644 5287 658 5311 ,
675 5261 852 5326 usque
877 5247 1122 5326 at__l_1¢_ixa_
1141 5246 1273 5326 οὖν.
1293 5250 1423 5326 inde
1454 5246 1622 5322 liquet
1643 5246 1950 5326 legendum,

361 5317 556 5397 Matth.
599 5333 729 5397 ‘xw,
763 5317 1030 5397 :“Kal.
1073 5319 1277 5397 εὐθέως
1305 5317 1617 5397 ᾔνάγκασεν
1661 5317 1720 5376 ὸν
1744 5317 1953 5397 Ἰησοῦς

357 5389 488 5452 τοὺς
516 5387 766 5460 μαθητάς
793 5389 1028 5460 ἐμϐῆναι
1061 5391 1142 5454 είς
1171 5391 1233 5444 τὸ
1265 5387 1466 5447 πλοῖον.
1498 5393 1615 5448 Non
1663 5405 1725 5449 ut
1757 5387 1951 5452 omnes

357 5459 660 5535 editiones;
685 5459 888 5535 Graeca:
913 5459 932 5527 ,
959 5461 1386 5535 τοὺς-μαθητάς
1418 5465 1583 5519 αὐτοῦ
1603 5505 1616 5529 ,
1653 5475 1707 5520 et
1732 5481 1946 5532 omnes,

362 5539 559 5652 iubete:-
609 5529 898 5602 Vulgatam
970 5541 1024 5587 et
1093 5529 1394 5600 Persicam,
1444 5529 1941 5607 interpretationes.

389 5629 405 5651 Α
451 5614 518 5652 ΕΤ
549 5614 630 5652 US.

389 5612 630 5656 iUETIUS.

433 5668 545 5738 (79)
593 5671 941 5746 Ὠρισμένον
973 5677 1187 5730 πλεῖόν
1220 5679 1299 5729 τι⁶
1344 5677 1745 5746 ἐμφαίνοντος
1769 5722 1783 5744 ,
1837 5689 1942 5733 etc.

363 5737 628 5798 Erasmus
651 5737 666 5793 ὲ
690 5760 707 5792 ι
731 5737 949 5800 Certam
975 5747 1155 5801 navim
1191 5737 1551 5817 significantis
1577 5764 1671 5818 per
1696 5737 1941 5804 additum

2065 4612 2219 4681 ἀγειν
2247 4612 2407 4665 αὐτὸν
2438 4613 2517 4676 είς
2542 4611 2604 4666 16
2636 4611 2807 4682 πέραν
2840 4612 2920 4674 είς
2951 4608 3246 4681 Βηθσαῖδᾶ·
3289 4628 3307 4659 ι
3349 4609 3646 4676 ἀναγκαῖον

2064 4704 2352 4775 ἐπιστῆσαι
2382 4702 2463 4774 τῷ
2501 4722 2520 4755 ι
2551 4703 2884 4774 ἠνάγκασεν,
2921 4722 2938 4754 ι
2975 4701 3114 4755 ἐπάν
3148 4701 3413 4774 πρότερον
3449 4701 3648 4772 ἴδωμεν

2059 4794 2129 4848 τὰ
2154 4797 2253 4867 τῆς
2306 4795 2496 4866 ὀλίγης
2529 4795 2887 4868 παραλλαγῆς
2929 4793 3025 4847 τοῦ
3059 4793 3310 4863 Μάρκου,
3344 4791 3645 4863 ὡρισμένον

2061 4887 2240 4941 πλεῖόν
2270 4907 2320 4942 τι
2344 4889 2697 4959 ἐμφαίνοντος
2726 4887 2834 4959 (79)
2859 4886 2947 4941 διά
2978 4887 3077 4958 τῆς
3113 4885 3208 4939 τοῦ
3236 4883 3438 4957 ἀρθρου
3473 4902 3643 4956 προσ-

2062 5118 2387 5180 articulum;
2421 5137 2439 5170 ι
2471 5119 2913 5189 Ιεεονιιῑίπλοῖον,
2946 5118 3284 5189 putabatque
3310 5117 3364 5189 in
3409 5131 3491 5189 eo_
3506 5119 3642 5173 verti

2059 5189 2483 5258 disputationem
2510 5187 2650 5244 lianc
2665 5187 3106 5261 Origenis,_quod
3128 5188 3420 5261 vocabulo,
3438 5187 3642 5253 πλοῖον,

2059 5262 2318 5329 ρταείίκυε
2344 5269 2489 5314 esset
2525 5258 2824 5326 articulus,
2857 5260 2948 5324 16,
2985 5258 3144 5329 apud
3187 5258 3467 5322 Marcum;
3516 5273 3642 5312 nam

2059 5329 2140 5400 sic
2168 5339 2221 5383 et
2260 5331 2348 5384 ille
2377 5346 2541 5400 supra
2564 5349 2576 5362 ο
2621 5350 2638 5382 ι
2664 5330 2881 5386 Marcus
2925 5329 3147 5400 paulum
3185 5330 3486 5400 immutatis
3522 5342 3645 5400 ver-

2057 5399 2143 5454 bis
2190 5401 2271 5454 sic
2314 5398 2538 5470 posuit:
2580 5400 2646 5454 Et
2689 5398 2977 5455 confestim
3030 5399 3297 5469 compulit
3345 5398 3645 5533 discisuios

2059 5484 2189 5524 suos
2219 5472 2428 5533 ingredi
2451 5474 2532 5533 εἰς
2560 5471 2622 5523 16
2644 5471 2849 5532 πλοῖον,
2884 5471 2934 5525 id
2957 5480 3060 5533 est,
3095 5470 3147 5523 in
3183 5485 3396 5523 navem.
3423 5487 3441 5519 ι
3524 5483 3643 5522 υιιει

2059 5484 2189 5524 suos
2219 5472 2428 5542 ingredi
2451 5474 2532 5534 εἰς
2560 5471 2622 5523 16
2644 5471 2860 5542 πλοῖον,
2884 5471 2934 5525 id
2957 5480 3060 5534 est,
3078 5470 3147 5542 _i_n
3183 5485 3396 5542 navem.
3423 5470 3643 5542 i_Quasi

2058 5555 2164 5594 non
2189 5537 2351 5594 etia'm
2379 5543 2659 5610 praeﬁxum
2685 5543 2775 5603 sit,
2806 5541 2887 5603 16,
2908 5541 3050 5608 apud
3075 5539 3409 5610 Matthaaum.
3439 5537 3644 5610 Deinde

2057 5612 2336 5679 quomodo
2364 5608 2703 5665 cohaererent
2739 5627 2864 5665 cum
2910 5611 3017 5664 illis
3045 5611 3330 5679 sequentia
3359 5609 3474 5679 haec
3503 5626 3515 5662 :
3559 5608 3637 5660 Οὐ

2054 5678 2164 5749 γὰρ
2212 5681 2405 5733 ταύτὸν
2445 5681 2766 5751 ἐμφαίνεται
2809 5679 3031 5734 ἀπὸτοῦ
3061 5697 3080 5730 ι
3118 5678 3322 5744 εὐθέως
3359 5678 3638 5801 Mazuca:

2054 5751 2181 5801 τοὺς
2220 5750 2486 5801 ιιαθητάε·
2519 5769 2536 5801 ι
2575 5750 2686 5801 ἐγει
2711 5752 2768 5801 δέ
2790 5767 2840 5801 τι
2873 5751 3056 5801 πλεῖον
3087 5751 3168 5801 16.
3194 5769 3211 5801 t
3237 5751 3365 5801 τοὺς
3395 5765 3468 5801 μα
3504 5745 3638 5801 ητάς

2053 5745 2181 5814 τοῦς
2219 5745 2489 5822 μαθητάςἔ
2519 5745 2541 5802 ί
2575 5750 2686 5820 ἔχει
2711 5752 2840 5805 δέτι
2873 5751 3056 5805 πλεῖον
3087 5751 3168 5816 16,
3194 5769 3211 5801 t
3237 5751 3365 5814 τοὺς
3385 5745 3642 5820 ’μαθητάς

427 5855 450 5907 .⁹
474 5853 710 5908 Voculam
738 5877 791 5932 τι,
806 5874 950 5922 quam
975 5863 1024 5910 in
1047 5866 1178 5914 notis
1203 5863 1440 5915 exhibent
1465 5865 1643 5916 ltuzeus
1669 5865 2004 5932 liuetiusque,
2027 5869 2076 5919 in
2104 5873 2243 5918 textu
2266 5867 2589 5917 restituimus.
2620 5867 2751 5918 Eutr.
2779 5867 2992 5918 Pnaon.
