4100 6458
383 346 488 400 ιιι-9

1873 348 2196 408 ORIGENIS

3547 353 3653 410 920

381 459 551 532 ωε,
591 461 639 517 si
687 463 984 532 sciremus,
1028 467 1096 522 ab
1131 467 1223 522 illa
1259 467 1577 538 juvaremur
1623 470 1960 542 aliquatenus

2075 488 2193 542 μεν,
2229 472 2322 525 καὶ
2367 472 2462 526 ἀπ’
2498 471 2668 542 αὐτῆς
2714 469 2974 542 ὠνάμεθα
3011 470 3076 524 ἄν
3125 489 3175 523 τι
3223 471 3356 543 πρὸς
3404 471 3502 543 τὴν
3545 473 3655 524 τῶν

382 553 454 609 ad
482 569 696 622 eorum,
723 559 789 614 de
808 559 1006 629 quibus
1025 563 1260 630 agimus,
1284 564 1698 634 expositionem.
1725 565 1966 621 Observa

382 652 589 714 autem,
621 649 1062 720 quandoquidem
1097 654 1270 710 ﬁdelis
1299 664 1384 710 est
1423 655 1588 721 Deus,
1631 671 1740 711 non
1781 657 1966 713 sinens

381 738 580 791 tentari
616 739 806 796 turbas
841 757 1006 811 supra
1041 744 1093 798 id
1125 745 1272 815 quod
1315 757 1565 816 possunt,
1599 763 1705 818 qua
1757 749 1968 804 ratione

383 824 555 882 Filius
572 829 666 885 Dei
685 833 985 904 discipulos
1010 838 1248 906 coegerit
1277 839 1553 910 navigium
1577 841 1964 910 conscendere,

383 927 444 972 ut.
473 919 566 988 qui
601 920 856 981 fortiores
875 935 1082 992 essent,
1104 929 1454 1000 valentesque
1483 932 1551 985 ad
1588 933 1828 988 medium
1852 949 1967 990 ma-

380 1011 460 1066 ris
488 1015 806 1082 pervenire,
850 1027 904 1074 et
948 1019 1226 1076 sustinere
1277 1021 1541 1078 ﬂuctuum
1581 1025 1963 1094 jactationem,

377 1103 553 1160 donec
586 1105 736 1177 digni
768 1110 1070 1167 evasissent
1111 1112 1298 1169 divino
1345 1115 1574 1184 auxilio,
1608 1125 1663 1171 et
1700 1118 1965 1173 vidissent

376 1194 590 1265 Jesum,
618 1201 1012 1273 audissentque
1045 1221 1170 1261 eum
1207 1217 1498 1278 postquam
1533 1210 1886 1275 ascendisset,
1911 1220 1965 1265 et

376 1288 647 1358 trajicere,
690 1301 746 1348 et
785 1293 838 1347 in
883 1303 1082 1351 terram
1122 1296 1452 1355 Genesaretb
1494 1302 1794 1369 pervenire.
1846 1320 1863 1352 ι
1900 1301 1965 1356 Et

375 1377 622 1435 dimissis
667 1383 847 1439 turbis
872 1385 936 1449 ",
974 1404 992 1436 ι
1039 1402 1161 1457 quae
1198 1398 1383 1458 utpote
1415 1389 1835 1454 imbecilliores,
1865 1407 1965 1445 na-

377 1466 530 1537 vigii,
559 1476 614 1522 et
643 1468 930 1537 ﬂuctuum,
973 1484 1030 1530 et
1060 1477 1203 1532 venti
1251 1477 1464 1533 adversi
1507 1480 1810 1548 pericultun
1853 1495 1960 1534 non

377 1555 642 1627 fecerant,
676 1579 697 1614 ι
726 1566 970 1620 ascendit
993 1567 1046 1620 in
1074 1578 1310 1624 montem
1339 1571 1489 1626 solus
1515 1585 1673 1626 orare
1705 1573 1766 1624 η.
1803 1591 1820 1624 ι
1850 1571 1962 1628 Pro

377 1663 490 1717 quo
520 1659 702 1707 autem
740 1657 935 1712 orare?
968 1674 1036 1712 an
1071 1658 1303 1717 fortasse
1343 1677 1443 1731 pro
1474 1665 1668 1730 turbis,
1709 1673 1768 1718 ut
1809 1674 1961 1734 post-

375 1757 544 1810 quam
587 1745 831 1802 dirnissaz
877 1760 1005 1805 sunt
1054 1767 1178 1806 cum
1231 1755 1463 1819 panibus
1524 1755 1958 1821 benedictionis,

2071 562 2446 634 προκειμένων
2476 562 2745 633 διήγησιν.
2781 563 3095 634 Παρατήρει
3135 562 3212 626 δὲ,
3247 563 3370 616 ἐπεὶ
3406 562 3598 625 πιστὸς
3626 564 3655 614 6

2070 651 2222 716 Θεὸς,
2246 653 2346 705 οὐκ
2387 651 2490 704 ἐῶν
2525 650 2887 722 πειρασθῆναι
2919 653 3045 714 τοὺς
3072 651 3261 721 ὄχλους
3301 652 3440 722 ὑπὲρ
3463 646 3538 708 ὧν
3565 650 3654 704 δύ-

2069 759 2277 804 νανται,
2304 743 2423 795 τίνα
2445 742 2645 812 τρόπον
2673 744 2702 794 6
2729 741 2857 804 Υἱὸς
2886 741 2979 794 τοῦ
3009 740 3144 793 Θεοῦ
3175 745 3300 804 τοὺς
3335 740 3432 812 μὲν
3474 739 3652 812 μαθη-

2068 837 2171 899 τὰς
2198 835 2511 905 ἠνάγκασεν
2538 833 2774 904 ἐμϐῆναι
2804 836 2884 896 είς
2922 832 2983 886 τὸ
3023 832 3224 900 πλοῖον,
3258 833 3334 896 ὡς
3369 832 3650 902 ἰσχυροτέ-

2073 939 2220 994 ρους,
2267 923 2362 976 καὶ
2399 922 2730 992 δυναμένους
2772 923 2864 975 ἐπὶ
2901 922 2962 975 τὸ
3015 922 3178 991 μέσον
3225 923 3324 993 τῆς
3373 921 3656 993 Θαλάσσης

2070 1011 2293 1082 φθάσαι,
2325 1012 2418 1066 καὶ
2449 1012 2738 1082 ὑπομεῖναι
2763 1009 2861 1081 τὴν
2894 1009 3003 1065 ἀπὸ
3031 1010 3139 1065 τῶν
3173 1010 3432 1082 κυμάτων
3477 1010 3650 1080 βάσα-

2069 1121 2189 1170 νον,
2233 1104 2337 1168 ἐως
2383 1103 2522 1168 ἄξιοι
2561 1103 2664 1174 τῆς
2713 1102 2862 1166 θείας
2909 1101 3160 1174 βοηθείας
3211 1103 3505 1172 γένωνται,
3557 1104 3652 1156 καὶ

2070 1196 2219 1250 ἴδωσι
2246 1196 2337 1251 τὸν
2385 1195 2612 1266 Ἰησοῦν,
2643 1196 2737 1249 καὶ
2765 1195 3072 1248 ἀκούσωσιν
3118 1195 3418 1260 ἀναϐάντος
3462 1195 3650 1259 αὐτοῦ,

2068 1286 2418 1360 διαπερᾶσαι,
2442 1289 2535 1342 καὶ
2564 1287 2738 1340 ἐλθεῖν
2759 1288 2838 1350 είς
2860 1286 2958 1356 τὴν
2981 1287 3086 1357 γῆν
3108 1287 3415 1358 Γενησαρέτ
3431 1303 3444 1318 ·
3477 1307 3494 1337 ι
3525 1287 3652 1351 τοὺς

2068 1379 2125 1433 δέ
2156 1380 2346 1450 ὖχλους
2381 1381 2676 1445 ἀπολύσας,
2706 1399 2728 1431 ο
2755 1380 2816 1432 οὑ
2845 1379 3106 1443 λαϐόντας
3134 1383 3350 1452 πεῖραν,
3380 1379 3454 1443 ὡς
3488 1378 3649 1432 ἀσθε-

2068 1472 2373 1543 νεστέρους,
2429 1472 2615 1525 πλοίου
2665 1471 2760 1525 καὶ
2805 1471 3063 1542 κυμάτων
3102 1472 3198 1524 καὶ
3241 1472 3651 1542 ἐναντιουμένου

2068 1564 2292 1636 ἀνέμου,
2331 1584 2347 1615 ι
2405 1564 2572 1636 ἀνέϐη
2619 1566 2698 1628 εἰς
2734 1564 2794 1617 τὸ
2841 1563 2968 1635 ὅρος
3007 1563 3126 1616 κατ’
3164 1564 3300 1617 ἰδίαν
3344 1564 3651 1635 προσεύξα-

2070 1653 2215 1705 σθαι.
2253 1672 2270 1703 ι
2302 1652 2436 1724 Περὶ
2459 1653 2603 1716 τίνος
2625 1652 2682 1705 δὲ
2707 1652 3139 1724 προσεύξασθαι;
3165 1653 3198 1724 ἢ
3223 1653 3363 1724 τάχα
3387 1654 3517 1726 περὶ
3549 1655 3648 1725 μέν

2069 1743 2176 1796 τῶν
2208 1743 2402 1813 ὄχλων,
2439 1743 2545 1808 ἵνα,
2570 1742 2928 1806 ἀπολυθέντες
2957 1741 3096 1814 μετά
3127 1742 3253 1805 τοῦς
3279 1743 3379 1814 τῆς
3403 1742 3652 1811 εὐλογίας

377 1833 513 1888 nihil
545 1839 883 1895 contrarium
919 1841 1125 1898 faciant
1160 1845 1470 1902 dimissioui
1503 1864 1534 1902 a
1562 1847 1718 1904 Jesu?
1750 1865 1850 1919 pro
1873 1851 1960 1904 di-

2067 1837 2285 1908 ἀρτους,
2326 1835 2492 1906 μηδὲν
2523 1835 2764 1889 ἐναντίον
2791 1837 2856 1906 τῇ
2893 1835 3001 1888 ἀπὸ
3033 1833 3126 1887 τοῦ
3174 1833 3349 1905 Ἰησοῦ
3392 1834 3650 1888 ἀπολύσει

375 1925 602 1996 scipulis
626 1944 776 1998 vero,
806 1942 886 2000 ut,
917 1949 946 1988 a
976 1950 1035 1990 se
1063 1938 1240 1992 coacti
1269 1939 1546 2010 navigium
1571 1942 1960 2009 conscendere,

372 2026 429 2070 et
460 2032 520 2072 se
546 2019 601 2074 in
632 2022 950 2081 ulteriorem
989 2026 1165 2097 ripam
1206 2031 1532 2099 praecedere,
1578 2032 1710 2086 nihil
1739 2032 1792 2086 in
1824 2034 1962 2088 mari

371 2110 672 2178 patiantur,
719 2131 822 2171 nec
866 2132 896 2170 a
931 2123 1210 2178 contrario
1255 2124 1459 2179 vento?
1502 2124 1582 2180 Ac
1613 2141 1713 2195 ego
1741 2127 1961 2195 quidem

373 2205 710 2261 confidenter
739 2208 994 2276 dixerim,
1025 2223 1244 2282 propter
1276 2212 1404 2270 Jesu
1433 2231 1622 2285 preces
1645 2217 1711 2271 ad
1742 2215 1960 2273 Patrem

378 2310 479 2362 pro
512 2297 818 2368 discipulis,
855 2302 990 2356 nihil
1022 2303 1145 2360 illos
1194 2321 1384 2375 passos
1429 2322 1572 2373 esse,
1601 2316 1655 2361 et
1697 2308 1857 2372 mari,
1908 2317 1963 2365 et

374 2389 669 2454 ﬂuctibus,
719 2403 773 2448 et
821 2397 1097 2451 contrario
1135 2409 1298 2454 vento
1344 2399 1475 2468 ipsis
1520 2399 1957 2458 adversantibus.

375 2480 711 2550 Simpliciori
757 2485 978 2554 quidem
1027 2486 1262 2542 sulliciat
1322 2488 1438 2542 haec
1479 2489 1815 2552 explicatio:
1859 2506 1960 2548 nos

373 2581 554 2627 autem
586 2574 632 2628 si
656 2577 877 2644 quando
901 2577 957 2632 in
990 2579 1355 2634 tentationum
1389 2580 1844 2650 periclitationem
1877 2583 1961 2638 in-

373 2663 657 2732 cidamus,
695 2669 1108 2724 meminerimus
1150 2669 1338 2726 Jesum
1374 2672 1621 2742 coegisse
1673 2688 1776 2729 nos
1829 2689 1960 2729 cou-

373 2756 635 2812 scendere
673 2759 891 2815 illarum
929 2761 1206 2832 navigium
1232 2803 1248 2829 ,
1293 2763 1560 2818 volentem
1609 2779 1711 2819 nos
1755 2780 1957 2834 praece—

373 2848 501 2902 dere
528 2863 650 2904 scse
673 2850 727 2903 in
758 2851 1076 2907 ulteriorem
1108 2853 1306 2924 ripam.
1329 2852 1440 2910 Nec
1467 2856 1614 2910 enim
1641 2857 1756 2911 fieri
1784 2865 1962 2926 potest

372 2947 435 2993 ut
461 2940 557 3009 qui
589 2942 922 2999 tentationes
959 2943 1224 3000 ﬂuctuum
1271 2957 1325 3002 et
1367 2948 1517 3003 venti
1549 2948 1809 3004 contrarii
1849 2963 1956 3003 non

373 3030 760 3097 sustinuerint,
791 3033 856 3088 ad
887 3034 1201 3090 ulteriorem
1229 3035 1399 3107 ripam
1425 3039 1764 3108 perveniant.
1799 3038 1960 3092 Dein-

372 3123 443 3178 de
467 3139 594 3179 cum
628 3125 927 3182 viderimus
952 3142 1052 3184 nos
1077 3129 1423 3185 multitudine
1451 3145 1636 3185 rerum
1658 3128 1957 3184 difﬁcilium

371 3215 781 3283 circumveniri,
808 3226 860 3272 et
890 3217 1234 3274 mediocriter
1262 3220 1574 3277 laborantes
1595 3237 1658 3276 ea
1693 3221 1960 3291 aliquate-

372 3322 482 3362 nus
512 3309 913 3366 tranaverimus
933 3355 949 3379 ,
978 3313 1280 3382 cogitemus
1314 3313 1590 3383 navigium
1624 3321 1872 3368 nostrum
1903 3313 1958 3366 iu

374 3399 557 3455 medio
592 3401 727 3456 mari
758 3417 901 3470 esse,
938 3412 1067 3460 tunc
1093 3406 1358 3476 jactatum
1386 3421 1416 3458 a
1451 3404 1730 3468 ﬂuctibus,
1764 3404 1958 3458 volen-

372 3491 523 3547 tibus
557 3507 659 3548 nos
688 3493 835 3550 circa
869 3494 1027 3550 fidem
1055 3507 1150 3552 aut
1173 3498 1412 3567 aliquam
1443 3512 1473 3550 e
1495 3496 1791 3552 virtutibus
1820 3510 1958 3551 nau-

373 3579 608 3654 fragium
637 3582 836 3640 facere.
875 3587 980 3642 Sed
1015 3596 1305 3658 postquam
1332 3587 1586 3656 spiritum
1631 3586 1761 3640 mali
1801 3585 1954 3641 vide-

373 3673 549 3728 rimus
570 3675 734 3732 rebus
752 3677 956 3734 nostris
970 3680 1373 3742 adversantem,
1407 3685 1541 3732 tuuc
1561 3676 1722 3733 nobis
1739 3686 1961 3733 contra-

355 3764 518 3819 rium
541 3781 664 3823 esse
690 3778 913 3824 ventum
943 3769 998 3825 in
1025 3771 1269 3826 animum
1296 3770 1641 3826 inducamus.
1659 3767 1766 3824 Ubi
1792 3770 1960 3841 igitur

358 3856 427 3912 id
459 3859 819 3928 perpetientes
850 3861 1192 3932 exegerimus
1227 3871 1338 3918 tres
1371 3862 1585 3932 vigilias
1617 3862 1812 3933 noctis,
1855 3862 1960 3918 hoc

372 3959 478 4014 est,
511 3952 880 4020 tenebrarum,
905 3970 1026 4024 qua:
1049 3963 1179 4009 sunt
1217 3955 1271 4009 in
1300 3957 1711 4020 tentationibus,
1743 3970 1843 4026 pro
1877 3955 1960 4010 vi-

375 4041 530 4097 ribus
562 4045 775 4115 egregie
803 4045 1168 4114 decertantes,
1201 4057 1565 4118 caventesque
1597 4064 1628 4102 a
1667 4046 1956 4118 naufragio

373 4132 520 4189 circa
540 4132 696 4190 fidem
728 4145 823 4192 aut
849 4136 1088 4208 aliquam
1122 4153 1154 4193 e
1182 4138 1506 4204 virtutibus;
1551 4138 1784 4208 primam
1815 4137 1956 4208 vigi-

375 4223 506 4279 liam
541 4224 706 4298 485
734 4229 998 4284 adversus
1041 4238 1250 4299 patrem
1288 4229 1635 4285 tenebrarum
1677 4238 1731 4284 et
1758 4227 1959 4299 iniqui-

377 4319 840 4384 tatis,secundam
873 4321 1140 4380 adversus
1164 4320 1337 4377 lilium
1364 4320 1506 4393 ejus,
1540 4320 1673 4390 «qui
1706 4320 1961 4377 adversa-

459 4431 502 4463 "
523 4430 715 4487 Matth.
749 4447 864 4498 xlv,
892 4436 983 4492 ‘25.
1062 4436 1108 4469 “
1135 4435 1271 4492 ibid.

2067 1923 2349 1996 πράξωσι;
2381 1926 2510 1998 περὶ
2532 1926 2590 1979 δὲ
2621 1925 2730 1978 τῶν
2761 1924 3038 1996 μαθητῶν,
3068 1925 3176 1991 ἵνα,
3211 1925 3651 1994 ἀναγκασθέντες

2065 2018 2155 2071 ὑπ’
2191 2017 2357 2071 αὐτοῦ
2382 2017 2614 2089 ἐμϐῆναι
2639 2019 2717 2091 εἰς
2743 2017 2805 2070 τὸ
2837 2017 3039 2080 πλοῖον,
3065 2017 3158 2071 καὶ
3192 2017 3456 2087 προάγειν
3489 2017 3652 2071 αὐτὸν

2063 2110 2143 2172 είς
2176 2109 2236 2162 τὸ
2270 2108 2462 2179 πέραν,
2504 2108 2667 2179 μηδὲν
2710 2107 2953 2160 πάθωσιν
2996 2108 3054 2159 ἐν
3101 2107 3167 2176 τῇ
3217 2106 3478 2180 θαλάττῃ,
3527 2106 3657 2178 μηδ’

2065 2201 2169 2253 ὑπὸ
2191 2199 2282 2253 τοῦ
2311 2198 2554 2254 ἐναντίου
2586 2199 2785 2268 ἀνέμου
2815 2215 2828 2262 ;
2862 2197 2970 2250 Καὶ
3003 2195 3285 2269 θαρρήσας
3314 2196 3526 2266 εἴποιμι
3559 2197 3649 2260 ἂν,

2062 2291 2144 2344 ὅτι
2171 2291 2259 2345 διὰ
2291 2291 2388 2362 τὴν
2419 2289 2514 2342 τοῦ
2555 2287 2728 2358 Ἰησοῦ
2758 2288 2892 2358 πρὸς
2921 2288 3140 2359 Πατέρα
3169 2287 3298 2358 περὶ
3326 2285 3433 2340 τῶν
3467 2285 3641 2357 μαθηο

2061 2380 2168 2433 τῶν
2195 2381 2383 2452 εὐχὴν,
2405 2378 2555 2432 οὐδὲν
2573 2378 2908 2431 πεπόνθασιν
2931 2368 3098 2441 οὗτοι,
3133 2375 3407 2447 θαλάσσης
3439 2375 3532 2428 καὶ
3561 2392 3654 2428 κυ-

2065 2496 2250 2567 μάτων
2275 2496 2371 2549 καὶ
2401 2494 2643 2549 ἐναντίου
2688 2492 2890 2565 ἀνέμου
2918 2492 3102 2554 αὐτοῖς
3141 2491 3642 2563 ἀντιπρασσόντων.

2075 2588 2131 2641 Ὁ
2166 2588 2264 2659 μὲν
2292 2584 2386 2642 οὖν
2416 2587 2783 2666 ἁπλούστερος
2805 2584 3079 2658 ἀρκείσθω
3116 2588 3182 2655 τῇ
3215 2583 3426 2655 ἱστορίᾳ
3448 2600 3460 2614 ’
3489 2585 3648 2654 ἡμεῖς

2059 2681 2138 2744 δέ,
2162 2681 2214 2734 εἴ
2237 2699 2370 2736 ποτε
2402 2683 2612 2752 ἀνάγκῃ
2648 2679 2971 2752 πειρασμῶν
3000 2678 3428 2750 περιπίπτομεν,
3451 2678 3639 2748 ἀναμι.

2065 2773 2456 2845 μνησκώμεθα,
2485 2774 2568 2827 ὅτι
2600 2772 2907 2844 ἠνάγκασεν
2940 2772 3088 2842 ἡμᾶς
3108 2773 3136 2825 6
3176 2769 3384 2842 Ἰησοῦς
3416 2769 3650 2842 ἐμϐῆναι

2061 2868 2141 2930 είς
2173 2867 2234 2920 τὸ
2265 2867 2445 2920 πλοῖον
2481 2866 2682 2928 αὐτῶν,
2727 2865 3046 2936 βουλόμενος
3078 2864 3226 2934 ἡμᾶς
3273 2863 3537 2934 προάγειν
3570 2865 3649 2926 εἰς

2060 2957 2122 3010 τὺ
2168 2957 2360 3029 πέραν.
2393 2958 2468 3010 Οὐ
2516 2957 2622 3028 γὰρ
2667 2956 2894 3011 δυνατὸν
2941 2956 3014 3027 μὴ
3047 2955 3389 3028 πειρασμοὺς
3423 2955 3644 3025 ὑπομείο

2066 3065 2262 3110 ναντας
2299 3048 2558 3118 κυμάτων
2588 3047 2682 3101 καὶ⁵
2713 3047 2917 3118 ἀνέμου
2952 3047 3218 3111 ἐναντίου,
3254 3047 3336 3109 είς
3364 3044 3427 3098 τὺ
3476 3045 3651 3117 πέραν

2065 3141 2288 3213 φθάσαι.
2324 3136 2438 3192 Εἶτ’
2466 3139 2687 3194 ἐπειδὰν
2723 3140 2918 3210 ἴδωμεν
2949 3139 3123 3192 πολλά
3153 3138 3223 3191 τὰ
3251 3137 3650 3208 σκριεστηκότα
3704 3166 3726 3185 κ

2068 3230 2217 3299 ἡμᾶς
2251 3230 2573 3301 πράγματα,
2597 3227 2693 3281 καὶ
2714 3227 2947 3298 χαλεπὰ,
2973 3227 3065 3280 καὶ
3088 3227 3385 3295 κάμνοντες
3415 3224 3648 3296 μετρίως

2067 3320 2207 3374 αὐτά
2252 3321 2344 3373 ἐπὶ
2385 3319 2549 3374 ποσὸν
2594 3316 3004 3386 διανηξώμεθα,
3050 3315 3415 3386 λογιζώμεθα,
3460 3318 3542 3370 ὅτι
3587 3318 3652 3369 τὸ

2067 3410 2248 3464 πλοῖον
2284 3412 2316 3481 ἠ
2328 3409 2442 3480 μῶν
2473 3409 2635 3480 μέσον
2668 3409 2785 3462 ἐστὶ
2807 3408 2905 3478 τῆς
2935 3407 3232 3479 θαλάσσης,
3267 3407 3387 3460 τότε
3424 3407 3648 3476 βασανι-

2065 3501 2290 3572 ζόμενον
2319 3502 2422 3555 ὑπὸ
2473 3503 2581 3554 τῶν
2613 3502 2892 3572 κυμάτων,
2941 3500 3279 3571 βουλομένων
3319 3502 3466 3576 ἡμᾶς
3517 3519 3647 3554 ναυ-

2063 3591 2266 3663 αγῆσαι
2284 3592 2413 3663 περὶ
2435 3591 2533 3663 τὴν
2560 3592 2762 3655 πίστιν,
2782 3592 2815 3662 ἦ
2845 3609 2967 3644 τινα
2990 3591 3098 3646 τῶν
3114 3591 3346 3663 ἀρετῶνο
3365 3591 3478 3645 ἀλλ’
3505 3592 3646 3646 ἐπάν

2062 3683 2123 3739 τὸ
2149 3683 2364 3756 πνεῦμα
2388 3684 2482 3736 τοῦ
2526 3681 2762 3754 πονηροῦ
2805 3682 3070 3753 βλέπομεν
3100 3683 3464 3753 ἀντιπρᾶττον
3489 3683 3648 3753 ἡμῶν

2061 3780 2175 3839 τοῖς
2204 3775 2546 3847 πράγμασιν,
2581 3775 2943 3846 ἐννοήσωμεν,
2980 3773 3062 3826 ὄτι
3091 3771 3213 3825 τότε
3242 3775 3375 3844 ἡμῖν
3407 3773 3646 3837 ἐναντίος

2061 3867 2208 3921 ἐστὶν
2253 3870 2281 3921 6
2330 3866 2549 3938 ἄνεμος.
2601 3864 2768 3919 Ἐπὰν
2811 3860 2905 3918 οὖν
2933 3863 3108 3918 ταῦτα
3155 3864 3457 3936 πάσχοντες
3501 3868 3646 3936 τρεῖς

2063 3956 2311 4026 φυλακὰς
2331 3957 2430 4027 τῆς
2460 3955 2674 4019 νυκτὸς,
2701 3954 2793 4009 τοῦ
2820 3956 2877 4008 ἐν
2907 3956 3018 4018 τοῖς
3044 3956 3367 4026 πειρασμοῖς
3398 3955 3645 4020 σκότους,

2062 4048 2422 4120 διανύσωμεν,
2465 4047 2609 4103 κατά
2650 4047 2712 4100 τὸ
2752 4046 2977 4100 δυνατὸν
3025 4045 3415 4116 ἀγωνιζόμενοι
3441 4047 3645 4112 καλῶς,

2065 4141 2159 4192 καὶ
2199 4138 2490 4209 τηροῦντες
2529 4137 2753 4200 ἑαυτοὺς
2795 4136 2932 4207 πρὸς
2973 4135 3034 4188 τὸ
3068 4136 3142 4206 μὴ
3184 4137 3488 4206 ναυαγῆσαι
3519 4137 3647 4206 περὶ

2065 4230 2162 4300 τὴν
2194 4230 2374 4282 πίστιν
2410 4230 2443 4300 ἦ
2470 4245 2590 4282 τινα
2621 4227 2728 4281 τῶν
2751 4225 2979 4298 ἀρετῶν·
3005 4227 3229 4298 πρώτην
3259 4227 3523 4298 φυλακὴν,
3555 4228 3646 4281 τὸν

2069 4319 2280 4391 πατέρα
2305 4320 2395 4374 τοῦ
2431 4318 2652 4383 σκότους
2683 4317 2794 4389 (84)
2823 4319 2916 4371 καὶ
2948 4319 3047 4388 τῆς
3075 4317 3294 4383 κακίας,
3331 4318 3425 4372 καὶ
3465 4318 3646 4372 δευτέ-

377 4549 586 4621 latione
610 4547 934 4621 placuerunt
975 4551 1102 4617 sibi,
1138 4552 1282 4621 quod
1311 4567 1432 4615 sua,
1465 4559 1526 4606 ut
1557 4549 1693 4615 dixi,
1723 4549 1958 4606 dialecto
1991 4553 2036 4610 D
2065 4557 2273 4621 patrem
2294 4541 2576 4621 __pect_:ati,_
2602 4544 2785 4621 ipsius
2816 4542 3008 4621 lilium,
3046 4552 3101 4621 et
3143 4539 3394 4621 spiritum
3433 4545 3642 4621 malum

379 4617 756 4691 significaret:
802 4636 820 4668 ι
865 4617 1055 4691 Ortum
1100 4617 1458 4691 principum;
1513 4641 1531 4672 ι
1577 4633 1631 4676 et
1687 4637 1754 4677 ex
1813 4622 1956 4676 tribu

380 4687 693 4762 Népbtbali,
724 4703 846 4758 quae
873 4689 947 4762 ibi
972 4689 1076 4744 sita
1103 4687 1221 4762 est,
1239 4687 1389 4747 mille
1419 4692 1693 4762 principes
1728 4691 1957 4760 profecti

385 4757 642 4832 liavidem
692 4757 1100 4832 cenvenissent,
1133 4757 1155 4812 l
1192 4759 1317 4816 Par.
1347 4757 1447 4826 ιη’,
1480 4761 1568 4816 54.
1597 4757 1781 4832 Longe
1830 4775 1960 4818 vero

379 4829 723 4902 ineptissima
756 4841 851 4902 est
865 4830 1356 4902 siveietymologia,
1387 4833 1502 4902 sive
1537 4829 1754 4897 allusio,
1792 4847 1958 4900 quam

382 4903 504 4972 loco
528 4901 752 4972 laudato
779 4901 938 4956 affert
979 4901 1350 4972 Hegesippus:
1395 4921 1415 4954 ι
1446 4901 1722 4967 Genesar,
1757 4903 1956 4972 inquit,

381 4971 583 5043 dicitur
607 4970 799 5043 (ξιξερο
825 4970 1114 5040 vocabulo,
1149 4970 1309 5040 quasi
1339 4987 1608 5043 generans
1633 4973 1736 5028 sibi
1765 4970 1958 5027 auram

379 5057 523 5115 aqua
552 5041 751 5115 dulcis,
781 5052 836 5115 et
872 5044 939 5098 ad
966 5043 1266 5115 potandum
1290 5041 1509 5115 habilis.
1561 5061 1580 5094 ι
1617 5043 1761 5115 Cum
1787 5043 1955 5115 igitur

381 5111 534 5168 vocis
567 5111 732 5180 hujus
755 5111 988 5170 obscura
1015 5113 1289 5183 sitgorigo,
1307 5113 1532 5168 minime
1557 5113 1757 5183 mirum
1785 5111 1955 5168 insci-

381 5184 514 5239 tiam
546 5197 705 5238 suam
732 5184 820 5238 hic
855 5180 1364 5254 apertc_0rigenem
1396 5182 1663 5254 profiteri.
1691 5180 1955 5254 Hierony—

380 5271 507 5311 mus
530 5268 664 5325 vero
677 5263 800 5325 tam
828 5252 1014 5311 stricte
1042 5252 1262 5325 Origeni
1288 5252 1547 5318 adhaeret,
1571 5261 1627 5307 ut
1652 5252 1766 5321 ipsa
1793 5252 1957 5325 etiam

379 5327 546 5382 verba
575 5323 777 5395 quibus
823 5322 1186 5397 ignorantiam
1237 5341 1391 5379 suam
1430 5325 1520 5397 hic
1562 5331 1828 5397 testatur,
1869 5322 1961 5397 ille

379 5390 888 5466 repraeséntaverit';
915 5397 995 5453 sic
1026 5397 1169 5450 enim
1195 5397 1385 5451 habet:
1417 5393 1506 5449 «Si
1541 5396 1808 5466 sciremus
1829 5390 1960 5462 quid

382 5465 660 5522 in’nostra
692 5469 1195 5534 linguaJesonaret
1233 5466 1589 5530 Geuesareth,
1623 5465 1958 5534 intelligere-

384 5551 509 5608 mus
553 5536 831 5608 quomodo
886 5536 1048 5594 Jesus
1084 5553 1181 5608 per
1221 5546 1408 5606 typum
1468 5537 1882 5608 apostolorum,
1905 5542 1961 5587 et

385 5604 902 5672 navis,’Ecclesiam
931 5610 998 5664 de
1032 5604 1412 5678 persecutione
1431 5617 1484 5662 et
1505 5604 1796 5678 naufragio
1829 5604 1966 5658 libe-

389 5684 562 5754 ratam
594 5681 916 5754 transducat
947 5680 1014 5735 ad
1027 5680 1217 5754 _l_ittus,
1238 5690 1292 5734 et
1319 5678 1772 5749 tranquillissime
1802 5681 1965 5747 portu

389 5747 554 5816 faciat
582 5751 942 5816 requiescere.
978 5770 996 5802 ι
1027 5749 1290 5806 Ηυετιυε.

466 5815 579 5888 (84)
627 5814 736 5872 Τόν
788 5819 1009 5888 πατέρα
1054 5819 1159 5874 τοῦ
1193 5821 1482 5885 σκότους,
1523 5826 1629 5873 ctc.
1685 5815 1821 5871 Nota
1877 5814 1968 5870 hic

2065 4612 2266 4689 opponi
2294 4612 2405 4671 Deo
2433 4612 2601 4675 Patri.
2627 4612 2769 4668 Filio
2793 4623 2847 4669 et
2872 4613 3093 4683 Spiritui
3119 4623 3325 4668 sancto.
3353 4612 3638 4683 Origenes,

2065 4691 2117 4743 in
2159 4687 2471 4756 Mattharum
2524 4701 2636 4756 κνι,
2667 4684 2731 4738 2|
2765 4686 2973 4756 silva,
3022 4683 3325 4756 ῥυσάμενος
3362 4683 3638 4756 (Χριστὸς)

2062 4706 2117 4743 ιη
2159 4703 2471 4742 Μαιιιιᾶξιιπι
2524 4703 2636 4748 xw,
2667 4703 2731 4738 21
2765 4703 2776 4738 :
2850 4703 2973 4746 ινα,
3022 4703 3325 4748 ρυσαμενος
3362 4703 3552 4748 (Αριστ

2062 4706 2117 4743 ιη
2159 4701 2471 4742 Μαιιιιαξιιιη
2524 4701 2636 4748 χνι,
2667 4701 2731 4738 21
2765 4703 2776 4738 :
2850 4701 2973 4746 ινα,
3022 4701 3325 4756 ρυσαμενος
3362 4701 3638 4755 (Αριστος)

2062 4759 2172 4828 ἀπὸ
2203 4755 2296 4811 τοῦ
2318 4754 2578 4828 πονηροῦ,
2609 4754 2825 4828 καὶτοῦ
2852 4755 2968 4808 υἱοῦ
2999 4752 3262 4828 αὐτοῦηέν
3283 4747 3327 4821 ᾧ
3359 4753 3645 4828 τρλψεῦδος

2061 4824 2151 4901 ἦν,
2176 4829 2270 4883 καὶ
2295 4831 2327 4900 ἡ
2353 4823 2554 4901 ἀδικία,
2573 4827 2665 4901 καί
2745 4826 2999 4901 πόλεμοῇ
3018 4824 3112 4878 καὶ
3140 4825 3316 4878 πάντα
3343 4823 3645 4901 τάἐναντία

2063 4893 2147 4965 οἷς
2178 4893 2326 4971 ἐστιν
2354 4899 2382 4950 6
2397 4895 2774 4971 §pt316;,_€'gt_
2789 4897 2860 4971 66
2881 4893 2994 4948 ’τοῦ
3032 4893 3644 4971 μετασχηματιζομένου

2063 4975 2146 5054 εἰς
2196 4965 2634 5054 ἀγιον.Πνξῦμα,
2645 4967 2898 5054 βεϐἢήλουὶ
2926 4965 3294 5054 πνεύματος,
3314 4968 3645 5054 περιποιήσει

2061 5033 2176 5105 τοῖς
2197 5033 2438 5113 ῥυσθεῖσι
2471 5033 2825 5108 βαπτίζεσθαι
2849 5037 2909 5090 τὸ
2936 5033 3173 5107 πνεῦμα,
3196 5035 3291 5088 καὶ
3313 5033 3414 5156 ei?
3441 5033 3642 5106 ψυχὴν,

2063 5113 2159 5156 καὶ
2187 5110 2247 5156 τὸ
2266 5110 2446 5156 σῶμα.
2467 5111 2541 5156 et:
2567 5107 2739 5156 ὄνομα
2763 5106 2858 5156 τοῦ
2882 5107 3113 5156 Πατοὸε.
3136 5107 3228 5156 καὶ
3243 5104 3338 5156 τοῦ
3419 5105 3521 5156 ἰοῦ.
3548 5105 3642 5156 καὶ¹

2063 5104 2166 5166 και
2187 5104 2247 5163 τὸ
2266 5110 2446 5178 σῶμα,
2467 5104 2542 5178 είς
2567 5107 2739 5178 ὄνομα
2763 5106 2858 5160 τοῦ
2882 5104 3113 5178 Πατρός,
3136 5107 3228 5159 καὶ
3243 5104 3527 5178 τοῦλΥίοῦ,
3545 5104 3644 5178 καὶ

2061 5181 2155 5234 τοῦ
2179 5180 2335 5248 ἁγίου
2351 5174 2865 5250 ΠνεύματοςΡοινιὈ
2886 5174 3159 5250 diabolum
3185 5174 3416 5250 appellat
3430 5176 3646 5250 πατέρα

2065 5251 2161 5305 τοῦ
2193 5245 2438 5312 σκότους.
2492 5245 2584 5301 Sic
2615 5246 2817 5301 Paulus
2837 5288 2851 5311 ,
2892 5245 3094 5315 Ephes.
3130 5261 3218 5308 vt,
3249 5245 3346 5306 12,
3378 5247 3505 5310 τοὺς
3551 5245 3644 5300 κο-

2068 5321 2461 5392 σμοκράκτορας
2491 5316 2603 5392 τοῦ-
2635 5316 2856 5392 σκότου-ς
2895 5314 2989 5370 τοῦ
3039 5315 3233 5379 αἰῶνος
3263 5314 3486 5392 τούτου.
3521 5315 3644 5392 Ori-

2067 5385 2252 5462 genes,
2295 5385 2486 5462 homil.
2521 5388 2646 5462 8__in
2688 5387 2884 5462 Exod,
2923 5402 3042 5456 cap.
3076 5402 3177 5462 vx:
3202 5403 3230 5462 _¢
3263 5385 3333 5440 Ut
3379 5388 3640 5462 quoniam

2067 5457 2271 5532 patres,
2309 5459 2364 5513 id
2407 5467 2510 5524 est,
2535 5459 2787 5532 diabolus
2846 5465 2902 5513 et
2950 5457 3124 5527 angeli
3166 5457 3309 5525 ejus,
3350 5459 3642 5532 cmwriqtte

2066 5528 2356 5604 principes
2384 5529 2606 5604 mundi
2634 5529 2796 5604 hujus
2819 5568 2841 5604 _,
2891 5537 2945 5581 et
3003 5536 3239 5581 rectores
3290 5528 3638 5604 tenebrarum

2070 5597 2286 5663 barum,
2312 5601 2360 5654 ei
2384 5599 2485 5670 ipsi
2522 5600 2668 5670 enim
2695 5598 3003 5670 efﬁciuntur
3030 5606 3213 5666 patres
3233 5597 3466 5670 peccati,
3501 5601 3642 5652 sicut

2067 5681 2123 5728 et
2153 5667 2438 5737 diabolus;
2475 5669 2736 5739 quoniam
2758 5708 2771 5730 ,
2804 5667 3026 5737 inquam
3048 5709 3062 5733 ,
3098 5676 3283 5739 patres
3323 5667 3434 5729 isti,
3466 5687 3484 5719 ι
3529 5677 3636 5739 etc.

2067 5743 2178 5797 Καὶ
2208 5741 2318 5809 τῆς
2347 5736 2579 5804 κακῶς,
2604 5749 2708 5809 etc.
2734 5736 2918 5793 Matth.
2941 5754 3059 5802 xm,
3084 5738 3186 5802 58;
3216 5736 3374 5809 Joan.
3398 5753 3514 5801 vm,
3541 5737 3638 5809 1H;

2069 5815 2189 5869 Act.
2217 5806 2336 5877 xui,
2367 5809 2527 5876 l0,ct
2563 5809 2580 5862 Ι
2621 5807 2773 5865 Joau.
2809 5825 2891 5875 tu,
2923 5809 2976 5877 8,
3008 5810 3062 5874 9,
3104 5809 3186 5862 10.
3222 5806 3506 5879 Origenes,
3545 5807 3638 5862 lto-
