4100 6442
528 401 636 455 9‘13

2007 396 2333 454 ()RIGENIS

3703 406 3811 463 νει

532 520 736 578 quente
783 523 837 569 et
891 515 1136 571 dicente:
1185 536 1202 568 ι
1239 516 1498 581 Domine,
1545 518 1751 572 salvum
1800 534 1885 573 me
1934 514 2054 579 l‘ac,
2091 534 2109 566 3

2221 512 2399 584 αὐτῷ·
2436 532 2455 565 ι
2492 513 2687 586 Κύριε,
2727 514 2901 570 σῶσόν
2934 533 3002 587 με
3024 532 3038 546 ·
3068 536 3086 569 3
3125 511 3224 569 εἶτ’
3249 517 3449 583 εὐθέως
3483 518 3563 573 ἔτι
3592 518 3815 573 λαλοῦν-

531 605 784 660 extendet
837 621 1059 661 manum
1099 605 1356 671 Verbum,
1404 608 1668 662 auxilium
1718 605 1985 677 ejusmodi
2023 606 2124 660 lto-

533 692 667 748 mini
702 696 971 764 przebeus,
995 713 1231 767 eumque
1251 696 1419 769 486
1439 699 1664 768 jamjam
1691 699 1857 769 mergi
1882 707 2119 768 emptum

532 785 923 855 apprehendet,
952 796 1006 843 et
1033 790 1288 860 exiguam
1320 792 1397 844 illi
1428 791 1586 846 ﬁdem
1618 806 1683 846 ac
1723 790 2118 846 dubitationem

529 878 906 945 exprobrabit.
964 879 1356 937 Verumtamen
1398 883 1625 937 observa
1656 899 1765 937 non
1811 882 2016 938 divisse
2054 883 2121 937 il-

530 965 755 1023 lum“:
792 988 811 1021 ι
846 971 1149 1037 lncredule,
1182 992 1200 1024 3
1235 972 1351 1037 sed,
1396 992 1414 1023 ι
1451 973 1679 1029 modicae
1722 974 1842 1029 ﬁdei
1874 994 1892 1026 3
1932 974 2034 1037 vir,
2067 981 2122 1030 et

531 1060 738 1113 dictqu
770 1077 891 1116 esse
922 1081 934 1116 :
970 1082 988 1114 ι
1025 1062 1167 1129 Quid
1190 1064 1492 1119 dubitasti?
1523 1086 1540 1116 3
1569 1075 1753 1135 utpote
1777 1066 1870 1136 qui
1899 1066 2122 1121 haberet

532 1152 752 1219 quidem
783 1155 1033 1209 nonnihil
1060 1154 1207 1222 ﬁdei,
1227 1165 1473 1225 vergeret
1502 1167 1683 1212 autem
1710 1162 1763 1213 iu
1787 1159 2121 1214 contrariam

533 1258 623 1312 par
639 1253 768 1298 tem.

606 1332 658 1388 τ.
694 1333 888 1389 Postea
922 1345 1102 1390 autem
1135 1346 1188 1392 ct
1220 1336 1378 1394 Jesus
1411 1349 1464 1394 et
1502 1339 1697 1395 Petrus
1741 1355 1934 1395 navem
1981 1355 2118 1396 con—

531 1423 818 1488 scendent,
846 1436 902 1480 et
932 1438 1128 1483 ventus
1167 1430 1444 1485 cessabit:
1475 1449 1492 1483 ι
1524 1431 1627 1497 Qui
1661 1441 1841 1487 autem
1878 1432 1932 1485 in
1965 1430 2118 1485 navi—

531 1516 655 1569 cula
695 1518 944 1584 erunt",
979 1538 996 1569 3
1034 1520 1396 1591 intelligentes
1443 1536 1473 1576 a
1519 1522 1719 1592 quibus
1767 1523 1876 1577 sint
1918 1523 2115 1578 servati

532 1604 811 1672 periculis,
846 1625 865 1657 ι
899 1608 1207 1664 adorabunt
1249 1610 1513 1671 dicentes,
1547 1631 1565 1663 3
1601 1628 1708 1667 non
1753 1613 2113 1682 simpliciter:

533 1710 555 1741 ε
591 1691 760 1748 Filius
792 1692 883 1749 Dei
910 1710 992 1759 es,
1026 1715 1045 1747 3
1073 1698 1533 1765 quemadmodum
1555 1710 1609 1755 et
1632 1702 1742 1756 duo
1770 1702 2113 1770 daemoniaci,

2220 619 2313 666 τος
2337 603 2435 656 τοῦ
2466 604 2708 658 τοιούτου
2730 606 2963 679 Πέτρου,
2991 608 3087 661 καὶ
3113 607 3361 677 λέγοντος
3380 626 3395 640 ο
3428 630 3447 662 ι
3480 608 3673 682 Κύριε,
3704 611 3811 664 σῶ-

2223 692 2314 745 σόν
2366 710 2454 764 με,
2494 713 2513 746 3
2564 696 2776 749 ὲκτενεί
2811 695 2908 768 τὴν
2959 699 3118 769 χεῖρα
3156 699 3185 751 6
3235 698 3428 767 Λόγος,
3475 700 3684 771 ὀρέγων
3733 699 3813 772 τῷ

2219 783 2446 855 τοιούτῳ
2489 785 2763 856 βοήθειαν,
2799 789 2893 841 καὶ
2934 772 3257 861 ὲπιλήῲεται
3292 790 3459 845 αὐτοῦ
3505 791 3811 863 ἀρξαμένου

2220 879 2730 943 καταποντίζεσθαι,
2758 880 2853 933 καὶ
2888 880 3137 934 ὀνειδίσει
3171 880 3323 952 αὑτῷ
3348 881 3440 935 ἐπὶ
3469 885 3537 954 τῇ
3564 883 3813 950 ὀλιγοπι-

2222 967 2346 1039 στίᾳ
2379 970 2473 1022 καὶ
2511 969 2590 1041 τῷ
2618 969 2924 1042 δισταγμῷ.
2975 972 3124 1043 Πλὴν
3153 974 3330 1044 τήρει,
3376 975 3460 1027 ὅτι
3500 975 3602 1027 οὐκ
3634 970 3809 1040 εἶπεν,

2227 1077 2247 1110 ι
2295 1060 2513 1124 ἄπιστε,
2556 1081 2574 1111 3
2614 1061 2772 1127 ἀλλὰ,
2803 1083 2822 1113 ι
2858 1063 3192 1131 ὀλιγόπιστε,
3233 1083 3251 1114 3
3290 1065 3386 1118 καὶ
3418 1066 3502 1119 ὅτι
3530 1065 3808 1121 λέλεκται’

2224 1168 2245 1201 ι
2278 1152 2372 1215 Et;
2396 1152 2447 1204 τί
2482 1151 2809 1219 ἐδίστασας
2854 1173 2873 1206 3
2903 1154 3041 1225 ἔχων
3071 1153 3172 1225 μέν
3200 1171 3254 1208 τι
3283 1156 3387 1227 τῆς
3414 1156 3670 1223 πίστεως,
3697 1157 3816 1213 κλι-

2219 1258 2327 1295 νων
2350 1242 2408 1295 δὲ
2429 1243 2524 1297 καὶ
2554 1243 2692 1315 πρὸς
2720 1245 2781 1297 τὸ
2811 1245 3054 1299 ἐναντίον
3082 1245 3245 1317 αὐτῇ.

2289 1332 2401 1386 Kal.
2445 1333 2538 1387 ἐπὶ
2569 1334 2781 1398 τούτοις
2816 1352 2881 1404 γε
2930 1336 3025 1389 καὶ
3063 1338 3093 1389 6
3132 1334 3363 1407 Ἰησοῦς,
3404 1336 3503 1390 καὶ
3540 1337 3570 1389 6
3609 1335 3817 1409 Πέτρος

2220 1424 2553 1496 ἀναϐήσεται
2604 1426 2685 1488 είς
2735 1424 2798 1477 τὸ
2840 1424 3044 1493 πλοῖον,
3099 1425 3196 1480 καὶ
3236 1425 3475 1479 κοπάσει
3517 1426 3548 1478 6
3575 1426 3811 1498 ἀνεμοςο

2225 1535 2243 1566 ι
2277 1517 2388 1568 Καὶ
2409 1517 2457 1569 οί
2484 1518 2542 1571 ὲν
2565 1516 2645 1587 τῷ
2668 1517 2836 1588 πλοίῳ
2857 1535 2877 1568 3
2900 1518 3253 1587 ὲννοήσαντες
3280 1519 3376 1587 ἀφ’
3405 1518 3532 1571 οἴων
3553 1517 3816 1590 διεσώθη-

2222 1625 2319 1661 σαν
2375 1608 2655 1672 κινδύνων,
2701 1626 2721 1659 ι
2773 1609 3213 1681 προσκυνήσουσι
3267 1609 3518 1678 λέγοντες
3544 1649 3559 1675 ,
3632 1629 3652 1662 3
3715 1610 3814 1680 οὐχ

2222 1696 2429 1763 άπλῶς,
2471 1719 2491 1750 ‹
2530 1699 2668 1753 Θεοῦ
2699 1700 2830 1764 Υἱὸς
2855 1696 2925 1763 εἶ,
2963 1719 2982 1751 3
3012 1701 3089 1765 ὼς
3118 1700 3214 1753 καὶ
3245 1702 3294 1754 οἱ
3315 1699 3409 1753 δύο
3444 1700 3817 1772 δαιμονιζόμε-

527 1783 623 1837 se-zl
650 1801 663 1837 :
693 1802 712 1835 ι
748 1782 886 1841 Vere
910 1785 1081 1842 Filius
1104 1787 1198 1843 Dei
1233 1804 1293 1845 es
1316 1790 1382 1857 ¹⁰;
1422 1810 1440 1842 3
1473 1793 1616 1861 quod
1643 1792 1833 1848 dicunt
1861 1794 2114 1864 discipuli

2221 1806 2323 1851 νοι,
2352 1787 2489 1852 ἀλλ’,
2517 1806 2536 1839 ι
2578 1787 2817 1859 Ἀληθῶς
2838 1787 2972 1841 Θεοῦ
2997 1788 3127 1852 Υἱὸς
3156 1784 3225 1841 εἷ’
3261 1808 3279 1841 3
3305 1789 3445 1859 ὅπερ
3478 1786 3731 1857 λέγουσιν
3762 1788 3812 1840 οἱ

526 1872 620 1940 qui
650 1885 779 1928 sunt
812 1875 864 1929 in
899 1877 1063 1944 navi;
1096 1893 1195 1932 nec
1226 1879 1370 1933 enim
1395 1881 1533 1936 alios
1556 1881 1857 1952 discipulos
1878 1883 2117 1939 arbitror

2221 1880 2278 1934 ὲν
2320 1878 2398 1950 τῷ
2427 1878 2597 1950 πλοίῳ
2644 1854 2885 1952 μαθηταί
2903 1895 2919 1911 ο
2952 1880 3013 1932 ού
3044 1879 3152 1951 γάρ
3183 1878 3376 1942 ἄλλους
3406 1854 3517 1933 τῶν
3554 1854 3814 1950 μαθητῶν

527 1963 579 2016 id
605 1963 832 2020 dixisse.
865 1964 1159 2038 Postquam
1203 1978 1384 2026 autem
1438 1972 1493 2026 in
1547 1973 1809 2028 omnibus
1841 1974 1909 2030 iis
1952 1975 2122 2032 fueri-

527 2070 652 2110 mus
678 2057 900 2120 versati,
934 2059 1176 2129 trajectis
1211 2062 1280 2117 iis
1304 2065 1370 2116 ad
1397 2068 1598 2118 terram
1623 2065 1980 2135 appellemus,
2010 2083 2121 2138 quo

525 2147 835 2214 praecedere
882 2164 943 2205 se
983 2150 1215 2220 jusserit
1279 2168 1379 2208 nos
1431 2152 1614 2210 Jesus.
1680 2154 1938 2213 Fortasse
1990 2174 2121 2215 vero

527 2240 770 2308 aperitur
799 2256 1058 2297 arcanum
1099 2243 1320 2314 aliquod
1371 2257 1426 2301 et
1475 2246 1752 2302 occultum
1801 2250 2119 2321 mysterium

526 2332 594 2384 de
625 2334 904 2388 nonnullis
926 2335 1017 2405 qui
1044 2352 1073 2390 a
1097 2335 1227 2392 Iesu
1257 2338 1458 2394 servati
1488 2348 1638 2404 sunt,
1666 2355 1764 2409 per
1789 2357 1854 2396 ea
1881 2342 1924 2374 ’ί
1954 2360 1967 2396 :
2005 2361 2024 2394 ι
2054 2341 2122 2397 Ει

525 2439 650 2477 rum
685 2427 1074 2495 cognovissent
1100 2444 1224 2482 eum
1249 2429 1351 2483 viri
1384 2429 1489 2485 loci
1513 2430 1682 2496 illius,
1705 2450 1725 2484 3
1748 2447 1942 2503 nempe
1972 2433 2121 2490 illius

523 2514 623 2582 qui
656 2525 742 2570 est
772 2517 825 2570 in
858 2519 1114 2575 ulteriore
1156 2519 1295 2589 ripa,
1329 2540 1349 2573 ι
1383 2521 1653 2577 miserunt
1698 2524 1755 2597 in
1804 2526 2137 2581 universant'

522 2607 811 2664 ﬁnitimam
833 2611 1110 2682 regionem
1138 2612 1308 2680 illam,
1335 2632 1354 2665 3
1375 2614 1662 2670 ﬁnitimam
1684 2615 1817 2686 ripa:
1846 2617 2118 2673 ulteriori.

524 2714 631 2753 non
661 2699 714 2754 in
744 2701 858 2771 ipsa
893 2703 1152 2759 ulteriore
1180 2705 1323 2774 ripa,
1347 2705 1443 2760 sed
1483 2706 1628 2761 circa
1678 2707 1849 2775 illam,
1881 2727 1900 2759 ι
1928 2717 1982 2763 et
2018 2708 2119 2764 ob-

520 2792 767 2847 tulerunt
789 2794 837 2848 ei
878 2809 1069 2850 omnes
1114 2796 1258 2851 male
1293 2797 1576 2853 habentes.
1612 2818 1631 2851 3
1675 2798 1775 2855 Hic
1808 2808 1990 2855 autem
2018 2801 2120 2856 ob-

522 2897 681 2937 serva
727 2884 829 2940 hos
865 2886 1134 2944 obtulisse
1177 2889 1251 2943 illi
1296 2902 1405 2944 non
1450 2891 1654 2946 multos
1698 2892 1877 2947 solum
1910 2911 1930 2944 ι
1976 2892 2118 2949 male

525 2974 811 3042 habentes,
847 2996 865 3028 3
896 2980 987 3034 sed
1024 2998 1044 3031 ι
1082 2996 1273 3037 omnes
1310 3000 1329 3034 3
1358 2996 1453 3037 eos
1484 2983 1580 3053 qui
1611 2993 1768 3039 erant
1792 2984 1847 3038 in
1885 2984 2115 3041 ﬁnitima

522 3068 620 3123 illa
666 3070 912 3140 regione.
955 3071 1021 3127 lli
1052 3083 1234 3131 autem
1273 3077 1368 3146 qui
1412 3076 1581 3133 oblati
1625 3076 1841 3134 fuerant
1879 3080 1929 3135 ei
1973 3079 2114 3135 male

2221 1971 2427 2042 νομίζω
2463 1971 2623 2025 τοῦτο
2664 1971 2964 2043 εἰρηκέναι.
3020 1972 3189 2026 Ἐπάν
3234 1971 3293 2025 δὲ
3324 1974 3384 2025 ὲν
3418 1970 3635 2033 τούτοις
3671 1970 3815 2033 ὅλοις

2221 2060 2530 2133 γενώμεθα,
2568 2062 3020 2133 διαπεράσαντες,
3056 2062 3393 2133 ἐλευσόμεθα
3433 2064 3514 2125 είς
3556 2062 3657 2133 τὴν
3688 2061 3814 2131 γῆν.

2221 2149 2349 2206 ἔνθα
2372 2150 2634 2223 προάγειν
2661 2152 2795 2221 ἡμῖν
2825 2150 3108 2203 ἐκέλευσεν
3132 2151 3161 2202 6
3197 2149 3425 2221 Ἰησοῦς.
3453 2149 3606 2220 Τάχα
3637 2149 3693 2203 δὲ
3721 2148 3819 2202 καὶ

2219 2244 2473 2317 δηλοῦταί
2503 2261 2558 2297 τι
2603 2243 2916 2315 ἀπόρρητον
2948 2241 3044 2295 καί⁷
3084 2241 3472 2311 κεκρυμμένον
3519 2241 3819 2311 μυστήριον

2222 2336 2351 2409 περί
2375 2350 2536 2389 τινων
2563 2332 2923 2403 σεσωσμένων
2946 2331 3059 2402 (87)
3084 2331 3191 2383 ὑπὸ
3213 2329 3307 2383 τοῦ
3344 2330 3543 2399 Ἰησοῦ,
3562 2330 3670 2384 άπὸ
3685 2328 3784 2381 τοῦ
3798 2343 3818 2359 ο

2224 2444 2244 2478 ι
2267 2426 2378 2479 Καὶ
2406 2423 2723 2492 ἐπιγνόντες
2739 2421 2905 2477 αὐτὸν
2918 2423 2969 2475 οί
2995 2421 3189 2493 ἄνδρες
3218 2419 3313 2474 τοῦ
3331 2420 3498 2474 τόπου
3529 2420 3767 2483 ἐκείνου,
3797 2439 3816 2469 3

2221 2516 2379 2589 δῆλον
2409 2515 2452 2567 δ’
2477 2514 2559 2568 ὅτι
2587 2514 2683 2568 τοῦ
2722 2516 2779 2567 ὲν
2815 2512 2895 2584 τῷ
2931 2512 3127 2584 πέραν,
3164 2529 3182 2561 ι
3218 2510 3546 2564 ἀπέστειλαν
3580 2510 3659 2572 είς
3685 2508 3823 2577 ὃλην

2220 2605 2318 2676 τὴν
2357 2604 2665 2677 περίχωρον
2691 2603 2929 2675 ἐκείνην,
2963 2621 2982 2654 3
3027 2601 3335 2675 περίχωρον
3359 2600 3457 2655 τοῦ
3488 2601 3683 2673 πέραν,
3712 2601 3823 2653 οὐκ

2220 2699 2280 2753 ὲν
2312 2698 2465 2770 αὐτῷ
2489 2697 2687 2771 πέραν,
2717 2695 2855 2751 ἀλλά
2883 2696 3015 2768 περὶ
3044 2695 3197 2759 αὐτὸ,
3238 2715 3257 2746 ι
3306 2694 3401 2749 καὶ⁵
3430 2693 3819 2766 προσήνεγκαν

2221 2789 2368 2862 αὐτῷ
2402 2790 2613 2854 πάντας
2643 2790 2771 2853 τοὺς
2818 2786 3007 2852 κακῶς
3034 2787 3279 2859 ἔχοντας.
3334 2805 3353 2839 3
3401 2787 3490 2840 Ἐν
3533 2784 3711 2855 τούτῳ
3755 2784 3820 2838 δὲ

2220 2884 2399 2955 τήρει,
2420 2884 2504 2938 ὅτι
2528 2880 2641 2956 (88)
2665 2881 3049 2954 προσήνεγκαν
3070 2880 3221 2952 αὑτῷ
3242 2879 3302 2932 οὐ
3330 2878 3558 2942 πολλοὺς
3579 2896 3598 2928 ι
3628 2878 3819 2941 κακῶς

2221 2975 2444 3047 ἔχοντας
2474 2996 2493 3028 3
2522 2974 2705 3046 μόνον,
2747 2973 2885 3027 άλλά
2924 2993 2942 3026 ι
2978 2973 3187 3036 πάντας
3241 2992 3261 3025 3
3306 2971 3433 3034 τοὺς
3471 2972 3529 3023 ἐν
3559 2972 3626 3042 τῇ
3658 2985 3812 3041 περι-

2219 3065 2385 3140 χώρῳ
2439 3065 2657 3139 ὲκείνῃ’
2712 3067 2763 3119 οί
2811 3065 2870 3119 δὲ
2922 3062 3378 3139 προσενεχθέντες
3424 3060 3576 3133 αὐτῷ
3626 3061 3822 3127 κακῶς

524 3158 813 3227 babentes,
842 3181 861 3214 ι
897 3165 1163 3235 rogabant
1196 3182 1320 3222 eum
1354 3177 1412 3223 ut
1438 3169 1523 3224 vel
1553 3168 1820 3225 ﬁmbriam
1843 3173 2108 3227 duntaxat

2221 3159 2436 3232 ἔχοντες
2472 3176 2492 3209 ι
2534 3155 2878 3230 παρεκάλουν
2901 3156 3086 3219 αὑτὸν,
3118 3156 3206 3208 ἵνα
3244 3153 3347 3207 κᾶν
3378 3153 3538 3225 μόνον
3568 3153 3818 3224 ἀψωνται

526 3251 832 3307 vestimenti
861 3254 981 3323 ejus
1016 3264 1299 3327 tangerent
1325 3262 1390 3325 ”,
1424 3278 1443 3310 3
1482 3260 1624 3317 hanc
1655 3263 1724 3316 ab
1751 3262 1842 3316 illo
1874 3264 2102 3333 gratiam

2221 3251 2304 3306 τοῦ
2324 3249 2632 3323 κρασπέδου
2651 3248 2746 3304 τοῦ
2764 3249 2980 3320 ἱματίου
2995 3246 3183 3312 αὐτοῦ,
3212 3266 3230 3298 3
3247 3245 3408 3317 χάριν
3428 3245 3522 3300 ἀπ’
3546 3245 3823 3345 αὑτοῦῃαί-

523 3345 885 3414 postulantes,
926 3350 1371 3421 quandoquidem
1405 3353 1540 3409 tales
1569 3370 1675 3408 non
1722 3332 1898 3423 erant,
1928 3358 2107 3426 qualis

2221 3340 2429 3404 τοῦντες
2458 3338 2684 3409 ταύτην,
2720 3338 2845 3392 ἐπεὶ
2881 3336 2958 3409 μὴ
2979 3332 3121 3408 ἦσαν
3138 3336 3297 3390 ὁποία
3316 3354 3334 3387 ι
3365 3337 3398 3406 ή
3436 3334 3824 3406 αἱμορροοῦσα

529 3454 551 3488 ι
582 3438 781 3495 mulier
810 3455 932 3510 quae
968 3443 1255 3512 sanguinis
1297 3443 1506 3499 ﬂuxum
1545 3445 1853 3515 patiebatur
1898 3425 2107 3505 duode-

2221 3432 2350 3504 γυνὴ
2378 3431 2449 3486 τὰ
2481 3433 2548 3485 ιϐ’
2568 3431 2686 3502 ἐτη,
2722 3430 2817 3483 καὶ
2852 3427 3227 3501 προσελθοῦσα
3255 3425 3504 3492 ὄπισθεν,
3546 3429 3642 3481 καὶ.
3667 3428 3822 3498 ἀψα-

520 3528 631 3584 eim
687 3533 882 3599 annis,
933 3543 988 3588 et
1031 3535 1273 3590 accessit
1319 3547 1487 3601 retro,
1533 3547 1588 3591 et
1633 3537 1806 3608 tetigit
1836 3537 2107 3593 ﬁmbriam

2221 3526 2351 3598 μένη
2376 3524 2470 3579 τοῦ
2504 3523 2810 3598 κρασπέδου
2837 3522 2933 3576 τοῦ
2959 3521 3175 3592 ἱματίου
3209 3520 3396 3587 αὑτοῦ,
3428 3522 3518 3574 ὅτε
3539 3520 3725 3589 έλεγεν
3759 3522 3824 3577 ὲν

520 3622 828 3678 vestimenti
863 3624 1007 3694 ejus,
1034 3642 1161 3682 eum
1187 3628 1420 3684 dixisset
1466 3627 1609 3683 intra
1638 3643 1698 3684 se
1732 3645 1746 3678 :
1785 3628 1843 3684 Si
1882 3630 2110 3701 tetigero

2221 3619 2409 3689 ἑαυτῇ·
2458 3618 2523 3671 El.
2572 3616 2732 3688 μόνον
2778 3614 3005 3687 ἅψωμαι
3053 3613 3148 3668 τοῦ
3199 3613 3418 3685 ἱματίου
3470 3613 3635 3668 αὐτοῦ
3675 3613 3822 3687 (89),

518 3721 732 3768 tantum
777 3716 1163 3772 vestimentum
1200 3719 1341 3788 ejus,
1391 3718 1541 3774 salva
1586 3734 1682 3773 ero
1707 3719 1773 3774 ".
1809 3739 1827 3771 3
1868 3719 2111 3777 Observa

2221 3712 2560 3783 σωθήσομαι.
2603 3728 2624 3762 3
2657 3709 2827 3780 Τήρει
2857 3706 2965 3780 γὰρ
2995 3708 3055 3761 ὲν
3086 3710 3201 3772 τοῖς
3229 3707 3360 3778 περὶ
3378 3706 3473 3760 τοῦ
3499 3707 3824 3778 κρασπέδου

518 3804 665 3859 enim
696 3822 760 3861 ea
793 3822 916 3876 qua:
955 3806 1023 3863 de
1068 3808 1281 3865 ﬂmbria
1322 3809 1631 3865 vestimenti
1675 3810 1795 3880 ejus
1827 3810 2110 3877 dicuntur,

2221 3803 2307 3859 τοῦ
2343 3803 2560 3876 ίματίου
2594 3801 2777 3867 αὐτοῦ,
2805 3801 2885 3855 διὸ
2911 3800 3258 3873 παραχρῆμα
3291 3799 3422 3872 έστη
3452 3801 3486 3871 ή
3514 3799 3679 3875 ῥύσις
3720 3801 3825 3858 τοῦ

520 3898 666 3953 unde
688 3899 873 3954 statim
908 3899 1231 3970 proﬂuvium
1264 3886 1552 3971 sanguinis
1581 3902 1751 3958 stetit.
1790 3903 1894 3971 Qui
1928 3914 2116 3962 autem

2221 3900 2448 3971 αἵματος
2491 3897 2685 3969 αὐτῆς.
2719 3898 2784 3950 Oi
2826 3895 2885 3949 δὲ
2913 3894 3022 3950 ἀπὸ
3065 3894 3160 3948 τοῦ
3211 3894 3523 3966 περιχώρου
3565 3894 3668 3965 τῆς
3711 3896 3826 3967 γῆς

516 4001 552 4039 e
583 3987 782 4042 vicinia
813 3996 971 4044 terra:
994 3989 1333 4046 Genesareth
1364 4001 1649 4060 venerant,
1691 3995 1756 4048 ad
1795 4011 1960 4064 quam
2000 4005 2115 4050 tra-

2221 3990 2548 4066 Γενησαρὲτ,
2583 3992 2665 4054 είς
2705 3991 2773 4061 ἠν
2798 3986 3229 4060 διαπεράσαντες
3271 3983 3436 4060 ἦλθον
3478 3986 3689 4057 Ἰησοῦς
3723 3991 3828 4043 καὶ

513 4076 662 4146 ,ἰνοιο
693 4079 830 4134 mari
856 4081 1142 4151 appulerat
1162 4080 1345 4148 Jesus,
1377 4082 1660 4153 ipsiusque
1684 4085 1961 4156 discipuli,
2004 4101 2113 4141 non

2221 4086 2265 4138 οί
2296 4083 2537 4157 μαθηταὶ
2557 4081 2742 4145 αὐτοῦ,
2765 4082 2868 4136 οὐκ
2893 4082 2986 4150 ἀφ’
3013 4079 3221 4134 ἑαυτῶν
3251 4079 3558 4153 προσῆλθον
3588 4080 3672 4151 τῷ
3714 4082 3830 4153 ’1ης

518 4186 590 4224 ex
627 4186 747 4227 sese
772 4173 839 4228 ad
859 4171 1051 4229 Jesum
1074 4184 1451 4239 accesserunt,
1474 4176 1568 4230 sed
1593 4176 1663 4231 ab
1680 4176 1747 4231 iis
1769 4177 1864 4246 qui
1896 4177 2116 4235 nuntios

2221 4175 2335 4238 σοῦ,
2354 4174 2492 4230 άλλά
2521 4173 2913 4245 προσήχθησαν
2946 4169 3054 4224 ὗπδ
3089 4170 3200 4225 τῶν
3236 4169 3703 4235 ἀποστειλάντων,
3722 4171 3827 4225 ἆτε

520 4263 793 4319 miserant
811 4265 1033 4322 adducti
1057 4276 1225 4335 sunt;
1253 4268 1455 4338 quippe
1477 4284 1542 4323 ex
1567 4283 1689 4324 sese
1714 4268 1975 4324 accedere
2005 4283 2115 4325 non

2223 4269 2297 4340 μὴ
2339 4265 2648 4337 δυνάμενοι,
2679 4263 2770 4318 διὰ
2800 4263 2862 4317 τὸ
2903 4262 3108 4334 σφόδρα
3149 4262 3336 4324 κακῶς
3378 4260 3542 4331 ἔχειν,
3579 4261 3831 4331 προσελ-

523 4366 768 4424 possent,
801 4359 947 4428 quod
976 4360 1135 4415 valde
1165 4360 1306 4415 male
1344 4360 1648 4416 haberent:
1681 4362 1775 4415 sed
1800 4375 1977 4431 neque
2015 4361 2117 4416 soli

2221 4359 2334 4413 θεῖν
2353 4360 2445 4428 ἀφ’
2459 4359 2667 4413 ἑαυτῶν
2687 4374 2702 4390 °
2719 4357 2815 4411 καὶ
2831 4356 2952 4409 οὐδὲ
2974 4356 3123 4427 μόνοι
3142 4354 3351 4427 ἥψαντο
3366 4354 3458 4409 τοῦ
3479 4357 3827 4426 κρασπέδου,

526 4442 800 4499 ﬁmbriam
846 4446 1185 4518 attigerunt,
1240 4449 1501 4503 velutilla
1550 4448 1817 4520 proﬂuvio
1860 4448 2117 4505 laborans

2221 4451 2297 4514 ὡς
2340 4452 2375 4522 ἡ
2418 4447 2813 4522 αἱμορροοῦσα,
2836 4447 2973 4501 ἀλλὰ
3017 4447 3513 4519 παρακαλεσάντων
3562 4448 3826 4504 ἐκείνων.

525 4534 741 4596 mulier.
759 4535 854 4590 sed
879 4538 1302 4595 adhortantibus
1323 4540 1448 4595 illis.
1470 4539 1669 4596 Verum
1685 4556 1754 4595 ex
1784 4540 1852 4595 iis
1871 4539 1972 4606 “,c
1994 4540 2117 4610 qui-

2223 4542 2373 4614 ΙΙλὴν
2402 4541 2499 4595 καὶ
2523 4540 2725 4594 τούτων
2755 4559 2775 4592 ι
2815 4541 2929 4595 ὅσοι
2959 4539 3186 4611 ἥψαντο,
3216 4536 3571 4609 διεσώθησαν.
3612 4559 3632 4590 3
3673 4542 3744 4595 Ei
3767 4543 3831 4598 δέ

520 4641 741 4696 cunque
780 4628 1109 4698 tetigerunt,
1139 4630 1276 4685 salvi
1324 4631 1452 4687 lacti
1492 4640 1641 4686 sunt.
1674 4649 1693 4682 3
1722 4631 1992 4686 Caeterum
2041 4646 2111 4686 an

2221 4650 2306 4698 τις
2346 4631 2580 4703 διαφορὰ
2622 4631 2735 4703 (90)
2784 4631 2903 4697 τοῦ,
2944 4651 2963 4685 ι
3002 4631 3359 4703 διεσώθησαν,
3398 4650 3417 4683 3
3472 4632 3565 4684 ἐπὶ
3607 4637 3833 4693 τούτων

516 4716 703 4786 aliqua
728 4716 800 4771 sit
841 4717 1148 4796 diﬂ‘erentia
1185 4720 1335 4775 verbi
1378 4720 1544 4788 illius,
1579 4720 1935 4793 διεσώθησαν,
1966 4722 2112 4792 quod

2221 4727 2487 4800 εἰρημένη
2524 4725 2660 4798 (91),
2694 4725 2830 4798 πρὸς
2872 4725 2953 4793 τὸ,
3004 4745 3021 4777 ι
3061 4724 3320 4795 σωθῆναι,
3364 4742 3382 4773 3
3421 4723 3666 4795 (εἴρηται
3714 4731 3832 4802 γὰρ

516 4811 587 4864 de
621 4809 730 4865 illis
759 4807 966 4865 dictum
1005 4820 1109 4875 est,
1141 4811 1212 4866 ab
1245 4812 1338 4866 illo
1382 4814 1570 4880 verbo,
1617 4814 1854 4885 σωθῆναι
1885 4816 2111 4887 (dictum

2221 4819 2356 4892 πρὸς
2374 4818 2473 4890 τὴν
2492 4816 2920 4890 αἱμορροοῦσαν·
2954 4837 2973 4869 ι
3016 4817 3082 4871 Ἦ
3107 4816 3288 4878 πίστις
3318 4832 3412 4868 σου
3437 4814 3654 4873 σέσωκέ
3680 4838 3766 4876 σε·
3802 4841 3825 4877 3

517 4909 605 4956 est
626 4901 772 4957 enim
790 4902 1007 4957 mulieri
1035 4902 1320 4972 sanguinis
1342 4902 1548 4958 ﬂuxum
1569 4906 1790 4974 patienti
1810 4908 1885 4962 ’δε
1910 4926 1929 4959 ι
1953 4908 2113 4964 Fides

2221 4912 2315 4967 καὶ
2339 4911 2502 4975 αὐτὸς
2535 4910 2868 4982 ἐπιστήσεις.

518 5002 611 5047 tua
638 4993 845 5047 σέσωκέ
872 4995 1011 5066 σε),›
1033 4995 1149 5064 ipse
1180 4994 1424 5048 animum
1454 4994 1723 5051 advertes.

580 5107 626 5141 η
659 5101 850 5158 Matth.
880 5120 992 5168 xw,
1034 5104 1123 5160 st.
1202 5105 1521 5160 "ibid.55.
1596 5108 1643 5139 ιο
1675 5108 1805 5165 ibid.
1838 5111 1930 5168 55.
2007 5118 2049 5150 ει
2073 5118 2206 5181 ibid.
2239 5118 2330 5175 45.
2409 5116 2454 5147 η
2479 5114 2611 5169 ibid.
2645 5112 2736 5168 se.
2794 5109 3251 5177 ειΜειιιιι.ις,ίὶο.
3310 5109 3821 5183 “Mattb.xtv,36.

589 5198 701 5271 (87)
741 5200 1169 5279 Σεσωσιιένων.
1202 5202 1260 5256 C.
1313 5199 1378 5255 11.
1419 5203 1653 5257 habebat
1684 5205 1983 5279 ἐσομένων,
2010 5216 2107 5271 sed

518 5270 765 5353 aderam
791 5273 1079 5353 recentiori
1115 5288 1279 5353 mnanu
1306 5281 1567 5353 notatunl
1582 5284 1721 5353 erat,
1756 5270 2105 5353 σεσωμένων.

520 5339 683 5411 Lege,
715 5342 1097 5420 σεσωσμένων.
1144 5341 1446 5400 Erasmus:
1481 5363 1500 5397 ι
1530 5344 1606 5400 De
1636 5339 1722 5403 his
1764 5352 1859 5420 qui
1905 5339 2112 5411 servati

519 5410 666 5467 sunt.
696 5430 716 5464 3
752 5410 1014 5468 ίίυετιιιε.

588 5480 701 5555 (88)
740 5481 1201 5561 Πλορ-ςγήνιεπαίεινΔ
1219 5483 1381 5561 αὐτῷ
1432 5486 1853 5561 πάντας-τοὺς
1913 5493 2114 5561 κακῶς

518 5551 797 5630 excitae:
830 5554 928 5609 Ἐν
954 5551 1152 5630 τοῦτο),
1270 5551 1454 5630 τήρει,
1498 5558 1610 5612 ὅτι.
1639 5551 1774 5615 Haec
1796 5551 1922 5630 quae
1962 5551 2116 5619 vide;

521 5620 617 5700 τοι·
641 5620 926 5700 Ιιξτοεηιυε,
954 5626 1007 5700 in
1032 5620 1461 5700 codicibusfsuis
1479 5643 1598 5700 non
1624 5620 1827 5700 reperit
1853 5629 2110 5697 Huetius,

522 5691 619 5769 sed
673 5692 762 5749 bie
812 5694 1136 5769 supplientur
1173 5711 1203 5751 e
1240 5698 1433 5769 eo_dd._
1462 5691 1766 5769 Anglica'uo
1790 5739 1805 5761 .
1842 5691 2111 5757 Vaticano

521 5768 574 5813 et
606 5763 1474 5845 apographoTariuiano..?aulo
1505 5763 1975 5845 p65t_106_gév_rﬁ
2010 5791 2112 5827 πε-

524 5831 764 5954 ριχώϐῳ.
792 5831 869 5884 ita
898 5833 1062 5888 habet
1086 5835 1257 5889 codex
1288 5831 1608 5891 Vaticanus.
1633 5838 1687 5891 In
1712 5831 1834 5895 aliis
1857 5831 2009 5898 deest
2031 5846 2108 5899 ἐν.

599 5901 653 5954 (8
697 5902 714 5954 )
739 5900 877 5954 ’Ὅτε
898 5901 1112 5954 ἔλεγεν
1124 5902 1196 5954 ἐν
1210 5904 1413 5954 ἐᾶϋτῆ⁹
1443 5910 1509 5954 EI.
1536 5908 1722 5954 ιιόνην
1742 5909 1977 5954 ἥιιίιοωηηι
2008 5915 2108 5954 γνιίῖ

599 5900 714 5968 (89)
739 5900 877 5956 Ὅτε
898 5901 1196 5974 mererer
1210 5904 1413 5976 ἑαυτῇ
1441 5910 1509 5963 Et
1529 5908 1722 5978 μόνον
1742 5909 1979 5984 ἅψωμαι
2008 5915 2113 5971 τοῦ

2218 5213 2453 5286 ιμιιζζου
2480 5206 3069 5286 αὐτοῦηρηιῑεεαιιιαεη
3092 5213 3221 5261 sunt
3244 5204 3298 5259 in
3331 5206 3519 5286 codice
3538 5223 3658 5286 quo
3679 5228 3824 5271 usus

2224 5277 2313 5339 est
2341 5281 2590 5346 Huetius,
2620 5289 2676 5333 et
2697 5278 2788 5333 hic
2820 5278 3184 5351 restituuntur
3218 5292 3249 5332 e
3284 5277 3442 5331 codd.
3478 5277 3821 5351 Anglicano,

2225 5354 2516 5412 Vaticano,
2552 5359 2606 5404 et
2628 5349 2943 5418 apographo
2966 5345 3281 5418 Tariniano.

2296 5424 2406 5507 φο)
2464 5416 3679 5507 ει,ίδιξρί,ῖίς,,ξαξεςεάςηΕηξὶιὲξξιξητυπε.
3713 5424 3821 5479 loci

2225 5487 2399 5565 hujus
2439 5489 2739 5565 sententia;
2772 5487 2881 5565 _sic_
2914 5487 3058 5565 enim
3094 5489 3488 5565 interpretatur
3504 5506 3531 5565 _:
3574 5508 3594 5541 ι
3622 5491 3823 5565 _Porro

2224 5558 2354 5619 nubi
2386 5578 2496 5634 qua
2517 5558 2821 5634 diﬂ'erentia
2838 5558 2911 5613 sit
2935 5558 3098 5627 hujus
3121 5559 3267 5613 verbi
3283 5576 3303 5634 Δε
3331 5559 3474 5634 Salvi
3500 5559 3636 5617 facti
3659 5575 3821 5634 sunt,

2222 5635 2368 5705 quod
2395 5628 2463 5689 de
2487 5631 2570 5705 bis
2592 5631 2795 5705 dictum
2815 5638 2916 5705 est.
2933 5639 3205 5705 quantum
3232 5630 3295 5705 ad
3318 5628 3551 5705 salutem
3585 5633 3778 5705 datam
3800 5628 3817 5703 ξ

2223 5698 2351 5760 nam
2384 5700 2656 5771 proﬂuvio
2691 5700 2980 5771 sanguinis
3022 5699 3292 5771 laboranti
3338 5698 3556 5771 feminze
3597 5698 3819 5760 dictum

2222 5784 2350 5829 est:
2384 5769 2545 5827 Fides
2587 5779 2679 5843 tua
2713 5778 2764 5823 te
2805 5769 3009 5824 salvam
3042 5770 3191 5836 fecit,
3240 5772 3357 5839 ipse
3404 5769 3575 5824 etiam
3632 5789 3732 5843 per
3765 5788 3821 5832 te

2224 5844 2503 5916 dispicics.
2537 5861 2555 5893 3
2594 5840 2856 5916 lltjsrtus.

2295 5910 2409 5989 (9t)
2450 5911 2772 5985 Εὶρημένη.
2803 5910 3039 5968 Omnino
3080 5911 3451 5975 scribendum,
3482 5911 3818 5987 εἰρημένου.
