  <div class='ocr_page' id='page_1' title='image "/cluster/home/n/w/nwhite01/storage/ocr_20150623/13:no.3/coo.31924054872910/470.png"; bbox 0 0 4100 6414; ppageno 0'>
   <div class='ocr_carea' id='block_1_1' title="bbox 343 399 449 454">
    <p class='ocr_par' dir='ltr' id='par_1_1' title="bbox 343 399 449 454">
     <span class='ocr_line' id='line_1_1' title="bbox 343 399 449 454; baseline -0.019 0"><span class='ocrx_word' id='word_1_1' title='bbox 343 399 449 454; x_wconf 69' lang='lat'><strong>9‘25</strong></span> 
     </span>
    </p>
   </div>
   <div class='ocr_carea' id='block_1_2' title="bbox 1307 396 2636 458">
    <p class='ocr_par' dir='ltr' id='par_1_2' title="bbox 1307 396 2636 458">
     <span class='ocr_line' id='line_1_2' title="bbox 1307 396 2636 458; baseline 0.001 -5"><span class='ocrx_word' id='word_1_2' title='bbox 1307 396 1662 453; x_wconf 73' lang='lat' dir='ltr'><strong>COMMENT.</strong></span> <span class='ocrx_word' id='word_1_3' title='bbox 1707 397 1771 450; x_wconf 75' lang='lat' dir='ltr'><strong>IN</strong></span> <span class='ocrx_word' id='word_1_4' title='bbox 1815 397 2232 456; x_wconf 71' lang='lat' dir='ltr'><strong>MATTILEUM</strong></span> <span class='ocrx_word' id='word_1_5' title='bbox 2274 401 2509 458; x_wconf 75' lang='lat' dir='ltr'>TOMUS</span> <span class='ocrx_word' id='word_1_6' title='bbox 2551 401 2636 455; x_wconf 75' lang='lat' dir='ltr'><strong>XI.</strong></span> 
     </span>
    </p>
   </div>
   <div class='ocr_carea' id='block_1_3' title="bbox 3495 406 3602 462">
    <p class='ocr_par' dir='ltr' id='par_1_3' title="bbox 3495 406 3602 462">
     <span class='ocr_line' id='line_1_3' title="bbox 3495 406 3602 462; baseline 0.009 -2"><span class='ocrx_word' id='word_1_7' title='bbox 3495 406 3602 462; x_wconf 72' lang='lat'><strong>9‘26</strong></span> 
     </span>
    </p>
   </div>
   <div class='ocr_carea' id='block_1_4' title="bbox 346 514 1940 602">
    <p class='ocr_par' dir='ltr' id='par_1_4' title="bbox 346 514 1929 602">
     <span class='ocr_line' id='line_1_4' title="bbox 346 514 1929 602; baseline -0.003 -32"><span class='ocrx_word' id='word_1_8' title='bbox 346 515 486 584; x_wconf 76' lang='grc' dir='ltr'>Περὶ</span> <span class='ocrx_word' id='word_1_9' title='bbox 515 515 634 602; x_wconf 61' lang='grc' dir='ltr'>τῶν</span> <span class='ocrx_word' id='word_1_10' title='bbox 652 515 1109 602; x_wconf 40' lang='grc' dir='ltr'>προσξξθόντων</span> <span class='ocrx_word' id='word_1_11' title='bbox 1127 514 1234 602; x_wconf 59' lang='grc' dir='ltr'><strong>ςθὶ)</strong></span> <span class='ocrx_word' id='word_1_12' title='bbox 1257 516 1717 602; x_wconf 39' lang='grc' dir='ltr'>Φαρισαίῳιίκαὶ</span> <span class='ocrx_word' id='word_1_13' title='bbox 1748 533 1929 602; x_wconf 59' lang='grc' dir='ltr'>πραμ-</span> 
     </span>
    </p>
   </div>
   <div class='ocr_carea' id='block_1_5' title="bbox 2043 514 3610 602">
    <p class='ocr_par' dir='ltr' id='par_1_5' title="bbox 2043 516 3610 602">
     <span class='ocr_line' id='line_1_5' title="bbox 2043 516 3610 602; baseline 0.003 -33"><span class='ocrx_word' id='word_1_14' title='bbox 2043 516 2199 589; x_wconf 63' lang='grc'><strong>487</strong></span> <span class='ocrx_word' id='word_1_15' title='bbox 2235 517 2624 602; x_wconf 49' lang='grc' dir='ltr'><strong>υε¹ρ1ιανὶδαςίε</strong></span> <span class='ocrx_word' id='word_1_16' title='bbox 2645 528 2702 600; x_wconf 38' lang='grc' dir='ltr'><strong>,ει</strong></span> <span class='ocrx_word' id='word_1_17' title='bbox 2735 517 2936 602; x_wconf 34' lang='lat' dir='ltr'><strong>ascribi;</strong></span> <span class='ocrx_word' id='word_1_18' title='bbox 2961 519 3050 587; x_wconf 85' lang='lat' dir='ltr'><strong>qui</strong></span> <span class='ocrx_word' id='word_1_19' title='bbox 3083 531 3407 602; x_wconf 65' lang='lat' dir='ltr'><strong>accesserunt</strong></span> <span class='ocrx_word' id='word_1_20' title='bbox 3431 521 3610 602; x_wconf 45' lang='lat' dir='ltr'><strong>dicer-t-</strong></span> 
     </span>
    </p>
   </div>
   <div class='ocr_carea' id='block_1_6' title="bbox 414 583 1923 662">
    <p class='ocr_par' dir='ltr' id='par_1_6' title="bbox 414 583 1923 662">
     <span class='ocr_line' id='line_1_6' title="bbox 414 583 1923 662; baseline 0.002 -24"><span class='ocrx_word' id='word_1_21' title='bbox 414 583 644 662; x_wconf 65' lang='grc' dir='ltr'>ματέων</span> <span class='ocrx_word' id='word_1_22' title='bbox 675 584 772 638; x_wconf 77' lang='grc' dir='ltr'>καὶ</span> <span class='ocrx_word' id='word_1_23' title='bbox 803 583 1324 662; x_wconf 50' lang='grc' dir='ltr'>ἐπερωτησάντων·</span> <span class='ocrx_word' id='word_1_24' title='bbox 1371 605 1389 635; x_wconf 77' lang='grc' dir='ltr'><strong>ι</strong></span> <span class='ocrx_word' id='word_1_25' title='bbox 1429 584 1531 662; x_wconf 53' lang='grc' dir='ltr'><strong>ᾼέὰ</strong></span> <span class='ocrx_word' id='word_1_26' title='bbox 1557 585 1614 638; x_wconf 83' lang='grc' dir='ltr'><strong>τί</strong></span> <span class='ocrx_word' id='word_1_27' title='bbox 1642 589 1716 662; x_wconf 49' lang='grc' dir='ltr'><strong>οἱ.</strong></span> <span class='ocrx_word' id='word_1_28' title='bbox 1730 583 1923 654; x_wconf 66' lang='grc' dir='ltr'>μαθή-</span> 
     </span>
    </p>
   </div>
   <div class='ocr_carea' id='block_1_7' title="bbox 415 654 1931 792">
    <p class='ocr_par' dir='ltr' id='par_1_7' title="bbox 415 654 1931 792">
     <span class='ocr_line' id='line_1_7' title="bbox 415 654 1931 724; baseline 0.001 -16"><span class='ocrx_word' id='word_1_29' title='bbox 415 654 514 708; x_wconf 77' lang='grc' dir='ltr'>ται</span> <span class='ocrx_word' id='word_1_30' title='bbox 545 671 661 708; x_wconf 87' lang='grc' dir='ltr'><strong>σου</strong></span> <span class='ocrx_word' id='word_1_31' title='bbox 692 654 1126 720; x_wconf 75' lang='grc' dir='ltr'>παραϐαίνουσι</span> <span class='ocrx_word' id='word_1_32' title='bbox 1149 656 1264 722; x_wconf 73' lang='grc' dir='ltr'>τὴν</span> <span class='ocrx_word' id='word_1_33' title='bbox 1291 655 1624 723; x_wconf 75' lang='grc' dir='ltr'><strong>παράδοσιν</strong></span> <span class='ocrx_word' id='word_1_34' title='bbox 1648 654 1767 709; x_wconf 78' lang='grc' dir='ltr'><strong>τῶν</strong></span> <span class='ocrx_word' id='word_1_35' title='bbox 1793 671 1931 724; x_wconf 77' lang='grc' dir='ltr'>πρε-</span> 
     </span>
     <span class='ocr_line' id='line_1_8' title="bbox 418 723 820 792; baseline -0.01 -13"><span class='ocrx_word' id='word_1_36' title='bbox 418 723 759 792; x_wconf 81' lang='grc' dir='ltr'>σϐυτέρων;</span> <span class='ocrx_word' id='word_1_37' title='bbox 801 743 820 774; x_wconf 71' lang='grc' dir='ltr'><strong>ι</strong></span> 
     </span>
    </p>
   </div>
   <div class='ocr_carea' id='block_1_8' title="bbox 423 861 1934 935">
    <p class='ocr_par' dir='ltr' id='par_1_8' title="bbox 423 861 1934 935">
     <span class='ocr_line' id='line_1_9' title="bbox 423 861 1934 935; baseline -0.002 -18"><span class='ocrx_word' id='word_1_38' title='bbox 423 883 442 917; x_wconf 77' lang='grc' dir='ltr'><strong>ι</strong></span> <span class='ocrx_word' id='word_1_39' title='bbox 485 864 618 917; x_wconf 86' lang='grc' dir='ltr'><strong>Τότε</strong></span> <span class='ocrx_word' id='word_1_40' title='bbox 649 863 1038 935; x_wconf 86' lang='grc' dir='ltr'>προσέρχονται</span> <span class='ocrx_word' id='word_1_41' title='bbox 1073 861 1220 932; x_wconf 82' lang='grc' dir='ltr'>αὐτῴ</span> <span class='ocrx_word' id='word_1_42' title='bbox 1254 863 1361 916; x_wconf 86' lang='grc' dir='ltr'>ἀπὸ</span> <span class='ocrx_word' id='word_1_43' title='bbox 1406 861 1793 934; x_wconf 84' lang='grc' dir='ltr'>Ἰεροσολύμων</span> <span class='ocrx_word' id='word_1_44' title='bbox 1825 863 1934 915; x_wconf 85' lang='grc' dir='ltr'>Φα-</span> 
     </span>
    </p>
   </div>
   <div class='ocr_carea' id='block_1_9' title="bbox 350 952 1932 1028">
    <p class='ocr_par' dir='ltr' id='par_1_9' title="bbox 350 952 1932 1028">
     <span class='ocr_line' id='line_1_10' title="bbox 350 952 1932 1028; baseline -0.003 -19"><span class='ocrx_word' id='word_1_45' title='bbox 350 957 549 1028; x_wconf 87' lang='grc' dir='ltr'>ρισαῖοι</span> <span class='ocrx_word' id='word_1_46' title='bbox 587 956 684 1008; x_wconf 77' lang='grc' dir='ltr'>καὶ</span> <span class='ocrx_word' id='word_1_47' title='bbox 714 957 1066 1025; x_wconf 78' lang='grc' dir='ltr'><strong>γραμματεῖς</strong></span> <span class='ocrx_word' id='word_1_48' title='bbox 1090 953 1370 1022; x_wconf 85' lang='grc' dir='ltr'>λέγοντες·</span> <span class='ocrx_word' id='word_1_49' title='bbox 1409 953 1506 1006; x_wconf 87' lang='grc' dir='ltr'>Διά</span> <span class='ocrx_word' id='word_1_50' title='bbox 1533 953 1584 1006; x_wconf 93' lang='grc' dir='ltr'><strong>τί</strong></span> <span class='ocrx_word' id='word_1_51' title='bbox 1609 956 1656 1006; x_wconf 79' lang='grc' dir='ltr'>οἱ</span> <span class='ocrx_word' id='word_1_52' title='bbox 1692 952 1932 1023; x_wconf 88' lang='grc' dir='ltr'>μαθηταί</span> 
     </span>
    </p>
   </div>
   <div class='ocr_carea' id='block_1_10' title="bbox 350 1047 1930 1120">
    <p class='ocr_par' dir='ltr' id='par_1_10' title="bbox 350 1047 1930 1120">
     <span class='ocr_line' id='line_1_11' title="bbox 350 1047 1930 1120; baseline 0 -20"><span class='ocrx_word' id='word_1_53' title='bbox 350 1065 443 1100; x_wconf 87' lang='grc' dir='ltr'><strong>σου</strong></span> <span class='ocrx_word' id='word_1_54' title='bbox 482 1047 880 1118; x_wconf 91' lang='grc' dir='ltr'>παραϐαίνουσι</span> <span class='ocrx_word' id='word_1_55' title='bbox 910 1048 1010 1119; x_wconf 85' lang='grc' dir='ltr'>τὴν</span> <span class='ocrx_word' id='word_1_56' title='bbox 1044 1049 1342 1120; x_wconf 84' lang='grc' dir='ltr'><strong>παράδοσιν</strong></span> <span class='ocrx_word' id='word_1_57' title='bbox 1368 1047 1475 1100; x_wconf 88' lang='grc' dir='ltr'><strong>τῶν</strong></span> <span class='ocrx_word' id='word_1_58' title='bbox 1509 1047 1930 1118; x_wconf 81' lang='grc' dir='ltr'>πρεσϐυτέρων;</span> 
     </span>
    </p>
   </div>
   <div class='ocr_carea' id='block_1_11' title="bbox 347 1137 1928 1210">
    <p class='ocr_par' dir='ltr' id='par_1_11' title="bbox 347 1137 1928 1210">
     <span class='ocr_line' id='line_1_12' title="bbox 347 1137 1928 1210; baseline -0.002 -18"><span class='ocrx_word' id='word_1_59' title='bbox 347 1139 408 1192; x_wconf 86' lang='grc' dir='ltr'>οὐ</span> <span class='ocrx_word' id='word_1_60' title='bbox 436 1137 544 1210; x_wconf 81' lang='grc' dir='ltr'>γὰρ</span> <span class='ocrx_word' id='word_1_61' title='bbox 577 1140 852 1192; x_wconf 84' lang='grc' dir='ltr'><strong>νίπτονται</strong></span> <span class='ocrx_word' id='word_1_62' title='bbox 889 1139 987 1202; x_wconf 78' lang='grc' dir='ltr'><strong>τὰς</strong></span> <span class='ocrx_word' id='word_1_63' title='bbox 1028 1143 1235 1210; x_wconf 87' lang='grc' dir='ltr'>χεῖρας,</span> <span class='ocrx_word' id='word_1_64' title='bbox 1266 1141 1395 1192; x_wconf 81' lang='grc' dir='ltr'>ὅταν</span> <span class='ocrx_word' id='word_1_65' title='bbox 1435 1139 1598 1209; x_wconf 83' lang='grc' dir='ltr'>ἄρτον</span> <span class='ocrx_word' id='word_1_66' title='bbox 1629 1137 1869 1190; x_wconf 87' lang='grc' dir='ltr'>ἐσθίωσι.</span> <span class='ocrx_word' id='word_1_67' title='bbox 1910 1156 1928 1188; x_wconf 72' lang='grc' dir='ltr'><strong>ι</strong></span> 
     </span>
    </p>
   </div>
   <div class='ocr_carea' id='block_1_12' title="bbox 349 1227 1932 1302">
    <p class='ocr_par' dir='ltr' id='par_1_12' title="bbox 349 1227 1932 1302">
     <span class='ocr_line' id='line_1_13' title="bbox 349 1227 1932 1302; baseline -0.001 -19"><span class='ocrx_word' id='word_1_68' title='bbox 349 1232 754 1302; x_wconf 82' lang='grc' dir='ltr'>Παρατηρήσας</span> <span class='ocrx_word' id='word_1_69' title='bbox 771 1232 908 1285; x_wconf 88' lang='grc' dir='ltr'><strong>κατά</strong></span> <span class='ocrx_word' id='word_1_70' title='bbox 928 1237 1077 1285; x_wconf 87' lang='grc' dir='ltr'>ποῖον</span> <span class='ocrx_word' id='word_1_71' title='bbox 1101 1232 1292 1302; x_wconf 88' lang='grc' dir='ltr'>καιρὸν</span> <span class='ocrx_word' id='word_1_72' title='bbox 1317 1231 1622 1302; x_wconf 80' lang='grc' dir='ltr'>προσῆλθον</span> <span class='ocrx_word' id='word_1_73' title='bbox 1646 1229 1724 1300; x_wconf 84' lang='grc' dir='ltr'>τῷ</span> <span class='ocrx_word' id='word_1_74' title='bbox 1759 1227 1932 1298; x_wconf 80' lang='grc' dir='ltr'><strong>Ἰησοῦ</strong></span> 
     </span>
    </p>
   </div>
   <div class='ocr_carea' id='block_1_13' title="bbox 350 1322 1938 1396">
    <p class='ocr_par' dir='ltr' id='par_1_13' title="bbox 350 1322 1938 1396">
     <span class='ocr_line' id='line_1_14' title="bbox 350 1322 1938 1396; baseline -0.001 -21"><span class='ocrx_word' id='word_1_75' title='bbox 350 1323 458 1376; x_wconf 85' lang='grc' dir='ltr'>ἀπὸ</span> <span class='ocrx_word' id='word_1_76' title='bbox 500 1323 888 1394; x_wconf 88' lang='grc' dir='ltr'>Ἰεροσολύμων</span> <span class='ocrx_word' id='word_1_77' title='bbox 933 1326 1213 1396; x_wconf 80' lang='grc' dir='ltr'><strong>Φαρισαῖοι</strong></span> <span class='ocrx_word' id='word_1_78' title='bbox 1253 1325 1348 1378; x_wconf 89' lang='grc' dir='ltr'><strong>καί</strong></span> <span class='ocrx_word' id='word_1_79' title='bbox 1378 1327 1724 1396; x_wconf 79' lang='grc' dir='ltr'><strong>γραμματεῖς</strong></span> <span class='ocrx_word' id='word_1_80' title='bbox 1761 1322 1938 1390; x_wconf 86' lang='grc' dir='ltr'>λέγον-</span> 
     </span>
    </p>
   </div>
   <div class='ocr_carea' id='block_1_14' title="bbox 349 1415 1938 1488">
    <p class='ocr_par' dir='ltr' id='par_1_14' title="bbox 349 1415 1938 1488">
     <span class='ocr_line' id='line_1_15' title="bbox 349 1415 1938 1488; baseline 0 -20"><span class='ocrx_word' id='word_1_81' title='bbox 349 1433 469 1480; x_wconf 77' lang='grc' dir='ltr'>τες’</span> <span class='ocrx_word' id='word_1_82' title='bbox 501 1435 520 1468; x_wconf 77' lang='grc' dir='ltr'><strong>ι</strong></span> <span class='ocrx_word' id='word_1_83' title='bbox 551 1415 653 1469; x_wconf 77' lang='grc' dir='ltr'>Διά</span> <span class='ocrx_word' id='word_1_84' title='bbox 676 1416 726 1470; x_wconf 93' lang='grc' dir='ltr'><strong>τί</strong></span> <span class='ocrx_word' id='word_1_85' title='bbox 749 1419 799 1469; x_wconf 89' lang='grc' dir='ltr'>οἱ</span> <span class='ocrx_word' id='word_1_86' title='bbox 828 1417 1065 1488; x_wconf 86' lang='grc' dir='ltr'>μαθηταί</span> <span class='ocrx_word' id='word_1_87' title='bbox 1095 1435 1187 1471; x_wconf 88' lang='grc' dir='ltr'><strong>σου</strong></span> <span class='ocrx_word' id='word_1_88' title='bbox 1213 1417 1612 1488; x_wconf 90' lang='grc' dir='ltr'>παραϐαίνουσι</span> <span class='ocrx_word' id='word_1_89' title='bbox 1636 1417 1736 1487; x_wconf 76' lang='grc' dir='ltr'>τὴν</span> <span class='ocrx_word' id='word_1_90' title='bbox 1760 1417 1938 1488; x_wconf 84' lang='grc' dir='ltr'>παρά-</span> 
     </span>
    </p>
   </div>
   <div class='ocr_carea' id='block_1_15' title="bbox 2105 589 3612 658">
    <p class='ocr_par' dir='ltr' id='par_1_15' title="bbox 2105 589 3612 658">
     <span class='ocr_line' id='line_1_16' title="bbox 2105 589 3612 658; baseline 0.003 -19"><span class='ocrx_word' id='word_1_91' title='bbox 2105 598 2178 639; x_wconf 81' lang='lat' dir='ltr'><strong>tes</strong></span> <span class='ocrx_word' id='word_1_92' title='bbox 2206 603 2224 640; x_wconf 91' lang='lat'><strong><em>:</em></strong></span> <span class='ocrx_word' id='word_1_93' title='bbox 2255 607 2271 638; x_wconf 82' lang='grc' dir='ltr'><strong>ι</strong></span> <span class='ocrx_word' id='word_1_94' title='bbox 2303 589 2478 652; x_wconf 79' lang='lat' dir='ltr'><strong>Quare</strong></span> <span class='ocrx_word' id='word_1_95' title='bbox 2522 589 2772 658; x_wconf 72' lang='lat' dir='ltr'><strong>discipuli</strong></span> <span class='ocrx_word' id='word_1_96' title='bbox 2814 590 2892 643; x_wconf 85' lang='lat' dir='ltr'><strong>tui</strong></span> <span class='ocrx_word' id='word_1_97' title='bbox 2948 591 3406 658; x_wconf 72' lang='lat' dir='ltr'><strong>transgrediuntur</strong></span> <span class='ocrx_word' id='word_1_98' title='bbox 3444 593 3612 644; x_wconf 84' lang='lat' dir='ltr'><strong>tradi-</strong></span> 
     </span>
    </p>
   </div>
   <div class='ocr_carea' id='block_1_16' title="bbox 2104 658 2691 714">
    <p class='ocr_par' dir='ltr' id='par_1_16' title="bbox 2104 658 2691 714">
     <span class='ocr_line' id='line_1_17' title="bbox 2104 658 2691 714; baseline 0 -4"><span class='ocrx_word' id='word_1_99' title='bbox 2104 658 2296 711; x_wconf 83' lang='lat' dir='ltr'><strong>tionem</strong></span> <span class='ocrx_word' id='word_1_100' title='bbox 2332 661 2598 712; x_wconf 80' lang='lat' dir='ltr'><strong>seniorum</strong></span> <span class='ocrx_word' id='word_1_101' title='bbox 2620 660 2645 714; x_wconf 84' lang='lat'><strong>.’</strong></span> <span class='ocrx_word' id='word_1_102' title='bbox 2673 679 2691 710; x_wconf 70' lang='grc' dir='ltr'><strong>ι</strong></span> 
     </span>
    </p>
   </div>
   <div class='ocr_carea' id='block_1_17' title="bbox 2105 878 3612 955">
    <p class='ocr_par' dir='ltr' id='par_1_17' title="bbox 2105 878 3612 955">
     <span class='ocr_line' id='line_1_18' title="bbox 2105 878 3612 955; baseline 0.003 -21"><span class='ocrx_word' id='word_1_103' title='bbox 2105 883 2158 935; x_wconf 93' lang='grc'><strong>8.</strong></span> <span class='ocrx_word' id='word_1_104' title='bbox 2191 899 2217 930; x_wconf 82' lang='grc'><strong>·‹</strong></span> <span class='ocrx_word' id='word_1_105' title='bbox 2250 878 2406 935; x_wconf 86' lang='lat' dir='ltr'><strong>Tunc</strong></span> <span class='ocrx_word' id='word_1_106' title='bbox 2453 891 2805 938; x_wconf 84' lang='lat' dir='ltr'><strong>accesserunt</strong></span> <span class='ocrx_word' id='word_1_107' title='bbox 2852 885 2917 938; x_wconf 92' lang='lat' dir='ltr'><strong>ad</strong></span> <span class='ocrx_word' id='word_1_108' title='bbox 2970 900 3094 940; x_wconf 90' lang='lat' dir='ltr'><strong>cum</strong></span> <span class='ocrx_word' id='word_1_109' title='bbox 3147 887 3215 938; x_wconf 87' lang='lat' dir='ltr'><strong>ab</strong></span> <span class='ocrx_word' id='word_1_110' title='bbox 3260 882 3612 955; x_wconf 82' lang='lat' dir='ltr'><strong>Jerosolymis</strong></span> 
     </span>
    </p>
   </div>
   <div class='ocr_carea' id='block_1_18' title="bbox 2032 971 3613 1043">
    <p class='ocr_par' dir='ltr' id='par_1_18' title="bbox 2032 971 3613 1043">
     <span class='ocr_line' id='line_1_19' title="bbox 2032 971 3613 1043; baseline 0.001 -17"><span class='ocrx_word' id='word_1_111' title='bbox 2032 971 2293 1028; x_wconf 70' lang='lat' dir='ltr'><strong>Pharisari</strong></span> <span class='ocrx_word' id='word_1_112' title='bbox 2337 983 2392 1027; x_wconf 84' lang='lat' dir='ltr'><strong>et</strong></span> <span class='ocrx_word' id='word_1_113' title='bbox 2442 973 2648 1027; x_wconf 61' lang='lat' dir='ltr'><strong>Scriba:</strong></span> <span class='ocrx_word' id='word_1_114' title='bbox 2689 975 2932 1029; x_wconf 91' lang='lat' dir='ltr'><strong>dicentes</strong></span> <span class='ocrx_word' id='word_1_115' title='bbox 2971 993 2982 1029; x_wconf 94' lang='lat'><strong>:</strong></span> <span class='ocrx_word' id='word_1_116' title='bbox 3028 973 3206 1041; x_wconf 81' lang='lat' dir='ltr'><strong>Quare</strong></span> <span class='ocrx_word' id='word_1_117' title='bbox 3247 975 3496 1043; x_wconf 87' lang='lat' dir='ltr'><strong>discipuli</strong></span> <span class='ocrx_word' id='word_1_118' title='bbox 3533 975 3613 1028; x_wconf 93' lang='lat' dir='ltr'><strong>tui</strong></span> 
     </span>
    </p>
   </div>
   <div class='ocr_carea' id='block_1_19' title="bbox 2033 1065 3614 1133">
    <p class='ocr_par' dir='ltr' id='par_1_19' title="bbox 2033 1065 3614 1133">
     <span class='ocr_line' id='line_1_20' title="bbox 2033 1065 3614 1133; baseline 0 -15"><span class='ocrx_word' id='word_1_119' title='bbox 2033 1065 2518 1133; x_wconf 77' lang='lat' dir='ltr'><strong>transgrediuntur</strong></span> <span class='ocrx_word' id='word_1_120' title='bbox 2568 1067 2913 1120; x_wconf 78' lang='lat' dir='ltr'><strong>traditionem</strong></span> <span class='ocrx_word' id='word_1_121' title='bbox 2969 1066 3284 1120; x_wconf 84' lang='lat' dir='ltr'><strong>seniorum?</strong></span> <span class='ocrx_word' id='word_1_122' title='bbox 3321 1082 3427 1119; x_wconf 85' lang='lat' dir='ltr'><strong>non</strong></span> <span class='ocrx_word' id='word_1_123' title='bbox 3467 1066 3614 1119; x_wconf 88' lang='lat' dir='ltr'><strong>enim</strong></span> 
     </span>
    </p>
   </div>
   <div class='ocr_carea' id='block_1_20' title="bbox 2033 1153 3613 1227">
    <p class='ocr_par' dir='ltr' id='par_1_20' title="bbox 2033 1153 3613 1227">
     <span class='ocr_line' id='line_1_21' title="bbox 2033 1153 3613 1227; baseline -0.001 -18"><span class='ocrx_word' id='word_1_124' title='bbox 2033 1155 2219 1210; x_wconf 84' lang='lat' dir='ltr'><strong>lavant</strong></span> <span class='ocrx_word' id='word_1_125' title='bbox 2249 1172 2444 1211; x_wconf 89' lang='lat' dir='ltr'><strong>manus</strong></span> <span class='ocrx_word' id='word_1_126' title='bbox 2476 1173 2605 1212; x_wconf 80' lang='lat' dir='ltr'><strong>suas</strong></span> <span class='ocrx_word' id='word_1_127' title='bbox 2629 1174 2751 1211; x_wconf 89' lang='lat' dir='ltr'><strong>cum</strong></span> <span class='ocrx_word' id='word_1_128' title='bbox 2781 1173 2972 1227; x_wconf 87' lang='lat' dir='ltr'><strong>panem</strong></span> <span class='ocrx_word' id='word_1_129' title='bbox 3006 1157 3422 1210; x_wconf 78' lang='lat' dir='ltr'><strong>manducant&quot;.</strong></span> <span class='ocrx_word' id='word_1_130' title='bbox 3457 1175 3473 1207; x_wconf 77' lang='grc' dir='ltr'><strong>ι</strong></span> <span class='ocrx_word' id='word_1_131' title='bbox 3507 1153 3613 1221; x_wconf 85' lang='lat' dir='ltr'><strong>Qui</strong></span> 
     </span>
    </p>
   </div>
   <div class='ocr_carea' id='block_1_21' title="bbox 2035 1245 3619 1317">
    <p class='ocr_par' dir='ltr' id='par_1_21' title="bbox 2035 1245 3619 1317">
     <span class='ocr_line' id='line_1_22' title="bbox 2035 1245 3619 1317; baseline -0.003 -16"><span class='ocrx_word' id='word_1_132' title='bbox 2035 1247 2405 1301; x_wconf 78' lang='lat' dir='ltr'><strong>observaverit</strong></span> <span class='ocrx_word' id='word_1_133' title='bbox 2433 1264 2541 1315; x_wconf 82' lang='lat' dir='ltr'><strong>quo</strong></span> <span class='ocrx_word' id='word_1_134' title='bbox 2585 1257 2828 1317; x_wconf 84' lang='lat' dir='ltr'><strong>tempore</strong></span> <span class='ocrx_word' id='word_1_135' title='bbox 2861 1256 3213 1301; x_wconf 87' lang='lat' dir='ltr'><strong>accesserunt</strong></span> <span class='ocrx_word' id='word_1_136' title='bbox 3250 1247 3317 1300; x_wconf 86' lang='lat' dir='ltr'><strong>ab</strong></span> <span class='ocrx_word' id='word_1_137' title='bbox 3346 1245 3619 1315; x_wconf 86' lang='lat' dir='ltr'><strong>Jerosoly-</strong></span> 
     </span>
    </p>
   </div>
   <div class='ocr_carea' id='block_1_22' title="bbox 2035 1333 3615 1404">
    <p class='ocr_par' dir='ltr' id='par_1_22' title="bbox 2035 1333 3615 1404">
     <span class='ocr_line' id='line_1_23' title="bbox 2035 1333 3615 1404; baseline 0.002 -18"><span class='ocrx_word' id='word_1_138' title='bbox 2035 1334 2142 1388; x_wconf 89' lang='lat' dir='ltr'><strong>mis</strong></span> <span class='ocrx_word' id='word_1_139' title='bbox 2166 1333 2424 1389; x_wconf 68' lang='lat' dir='ltr'><strong>Pharisaei</strong></span> <span class='ocrx_word' id='word_1_140' title='bbox 2453 1345 2507 1390; x_wconf 90' lang='lat' dir='ltr'><strong>et</strong></span> <span class='ocrx_word' id='word_1_141' title='bbox 2539 1335 2743 1390; x_wconf 66' lang='lat' dir='ltr'><strong>Scriba:</strong></span> <span class='ocrx_word' id='word_1_142' title='bbox 2779 1337 3020 1390; x_wconf 81' lang='lat' dir='ltr'><strong>dicentes</strong></span> <span class='ocrx_word' id='word_1_143' title='bbox 3050 1355 3062 1389; x_wconf 91' lang='lat'>:</span> <span class='ocrx_word' id='word_1_144' title='bbox 3101 1356 3118 1385; x_wconf 80' lang='grc' dir='ltr'><strong>ι</strong></span> <span class='ocrx_word' id='word_1_145' title='bbox 3149 1338 3331 1401; x_wconf 86' lang='lat' dir='ltr'><strong>Quare</strong></span> <span class='ocrx_word' id='word_1_146' title='bbox 3363 1335 3615 1404; x_wconf 87' lang='lat' dir='ltr'><strong>discipuli</strong></span> 
     </span>
    </p>
   </div>
   <div class='ocr_carea' id='block_1_23' title="bbox 2036 1423 3619 1493">
    <p class='ocr_par' dir='ltr' id='par_1_23' title="bbox 2036 1423 3619 1493">
     <span class='ocr_line' id='line_1_24' title="bbox 2036 1423 3619 1493; baseline 0.002 -17"><span class='ocrx_word' id='word_1_147' title='bbox 2036 1423 2113 1476; x_wconf 89' lang='lat' dir='ltr'><strong>tui</strong></span> <span class='ocrx_word' id='word_1_148' title='bbox 2145 1425 2620 1493; x_wconf 86' lang='lat' dir='ltr'><strong>transgrediuntur</strong></span> <span class='ocrx_word' id='word_1_149' title='bbox 2652 1425 2998 1479; x_wconf 80' lang='lat' dir='ltr'><strong>traditionem</strong></span> <span class='ocrx_word' id='word_1_150' title='bbox 3025 1425 3346 1479; x_wconf 87' lang='lat' dir='ltr'><strong>seniorum?</strong></span> <span class='ocrx_word' id='word_1_151' title='bbox 3374 1444 3392 1477; x_wconf 74' lang='grc' dir='ltr'><strong>ι</strong></span> <span class='ocrx_word' id='word_1_152' title='bbox 3421 1435 3477 1479; x_wconf 89' lang='lat' dir='ltr'><strong>et</strong></span> <span class='ocrx_word' id='word_1_153' title='bbox 3495 1439 3619 1493; x_wconf 66' lang='lat' dir='ltr'><strong>qua:</strong></span> 
     </span>
    </p>
   </div>
   <div class='ocr_carea' id='block_1_24' title="bbox 347 1507 1940 1582">
    <p class='ocr_par' dir='ltr' id='par_1_24' title="bbox 347 1507 1938 1580">
     <span class='ocr_line' id='line_1_25' title="bbox 347 1507 1938 1580; baseline -0.001 -19"><span class='ocrx_word' id='word_1_154' title='bbox 347 1509 495 1561; x_wconf 88' lang='grc' dir='ltr'>δοσιν</span> <span class='ocrx_word' id='word_1_155' title='bbox 520 1507 628 1562; x_wconf 93' lang='grc' dir='ltr'><strong>τῶν</strong></span> <span class='ocrx_word' id='word_1_156' title='bbox 660 1509 1044 1580; x_wconf 84' lang='grc' dir='ltr'>πρεσϐυτέρων</span> <span class='ocrx_word' id='word_1_157' title='bbox 1070 1528 1084 1576; x_wconf 90' lang='grc'><strong>;</strong></span> <span class='ocrx_word' id='word_1_158' title='bbox 1124 1530 1141 1561; x_wconf 76' lang='grc' dir='ltr'><strong>ι</strong></span> <span class='ocrx_word' id='word_1_159' title='bbox 1183 1512 1274 1564; x_wconf 62' lang='grc' dir='ltr'><strong>κοιλ⁵</strong></span> <span class='ocrx_word' id='word_1_160' title='bbox 1317 1510 1387 1564; x_wconf 83' lang='grc' dir='ltr'><strong>τά</strong></span> <span class='ocrx_word' id='word_1_161' title='bbox 1419 1510 1567 1579; x_wconf 79' lang='grc' dir='ltr'>ἐξῆς,</span> <span class='ocrx_word' id='word_1_162' title='bbox 1599 1509 1824 1574; x_wconf 86' lang='grc' dir='ltr'>είσεται,</span> <span class='ocrx_word' id='word_1_163' title='bbox 1855 1510 1938 1561; x_wconf 85' lang='grc' dir='ltr'>ὃτι</span> 
     </span>
    </p>
   </div>
   <div class='ocr_carea' id='block_1_25' title="bbox 2043 1507 3619 1582">
    <p class='ocr_par' dir='ltr' id='par_1_25' title="bbox 2043 1514 3619 1582">
     <span class='ocr_line' id='line_1_26' title="bbox 2043 1514 3619 1582; baseline 0.001 -14"><span class='ocrx_word' id='word_1_164' title='bbox 2043 1524 2382 1582; x_wconf 83' lang='lat' dir='ltr'><strong>sequuntur,</strong></span> <span class='ocrx_word' id='word_1_165' title='bbox 2445 1516 2579 1570; x_wconf 83' lang='lat' dir='ltr'><strong>sciet</strong></span> <span class='ocrx_word' id='word_1_166' title='bbox 2641 1516 2730 1570; x_wconf 88' lang='lat' dir='ltr'><strong>ille</strong></span> <span class='ocrx_word' id='word_1_167' title='bbox 2782 1517 3095 1571; x_wconf 82' lang='lat' dir='ltr'><strong>necessario</strong></span> <span class='ocrx_word' id='word_1_168' title='bbox 3147 1514 3459 1569; x_wconf 67' lang='lat' dir='ltr'><strong>Matthazum</strong></span> <span class='ocrx_word' id='word_1_169' title='bbox 3509 1529 3619 1570; x_wconf 81' lang='lat' dir='ltr'><strong>non</strong></span> 
     </span>
    </p>
   </div>
   <div class='ocr_carea' id='block_1_26' title="bbox 350 1596 1940 1676">
    <p class='ocr_par' dir='ltr' id='par_1_26' title="bbox 350 1596 1937 1672">
     <span class='ocr_line' id='line_1_27' title="bbox 350 1596 1937 1672; baseline 0.001 -20"><span class='ocrx_word' id='word_1_170' title='bbox 350 1596 663 1666; x_wconf 80' lang='grc' dir='ltr'><strong>ἀναγκαίως</strong></span> <span class='ocrx_word' id='word_1_171' title='bbox 707 1599 736 1651; x_wconf 84' lang='grc' dir='ltr'>ὁ</span> <span class='ocrx_word' id='word_1_172' title='bbox 777 1599 1050 1664; x_wconf 89' lang='grc' dir='ltr'>Ματθαῖος</span> <span class='ocrx_word' id='word_1_173' title='bbox 1086 1602 1184 1672; x_wconf 82' lang='grc' dir='ltr'><strong>οὐχ</strong></span> <span class='ocrx_word' id='word_1_174' title='bbox 1213 1601 1399 1664; x_wconf 86' lang='grc' dir='ltr'>ἁπλῶς</span> <span class='ocrx_word' id='word_1_175' title='bbox 1446 1600 1720 1670; x_wconf 66' lang='grc' dir='ltr'>ἀνέγραψε</span> <span class='ocrx_word' id='word_1_176' title='bbox 1764 1617 1937 1670; x_wconf 89' lang='grc' dir='ltr'>προσ-</span> 
     </span>
    </p>
   </div>
   <div class='ocr_carea' id='block_1_27' title="bbox 2043 1596 3618 1676">
    <p class='ocr_par' dir='ltr' id='par_1_27' title="bbox 2043 1605 3618 1676">
     <span class='ocr_line' id='line_1_28' title="bbox 2043 1605 3618 1676; baseline 0.001 -18"><span class='ocrx_word' id='word_1_177' title='bbox 2043 1605 2358 1673; x_wconf 88' lang='lat' dir='ltr'><strong>simpliciter</strong></span> <span class='ocrx_word' id='word_1_178' title='bbox 2384 1607 2669 1676; x_wconf 88' lang='lat' dir='ltr'><strong>scripsisse</strong></span> <span class='ocrx_word' id='word_1_179' title='bbox 2690 1606 2999 1662; x_wconf 67' lang='lat' dir='ltr'><strong>Pbariszeos</strong></span> <span class='ocrx_word' id='word_1_180' title='bbox 3021 1619 3074 1661; x_wconf 88' lang='lat' dir='ltr'><strong>et</strong></span> <span class='ocrx_word' id='word_1_181' title='bbox 3098 1607 3186 1662; x_wconf 72' lang='lat' dir='ltr'><strong>Sc:</strong></span> <span class='ocrx_word' id='word_1_182' title='bbox 3202 1608 3318 1661; x_wconf 86' lang='lat' dir='ltr'><strong>ibas</strong></span> <span class='ocrx_word' id='word_1_183' title='bbox 3335 1622 3399 1661; x_wconf 89' lang='lat' dir='ltr'><strong>ea</strong></span> <span class='ocrx_word' id='word_1_184' title='bbox 3425 1606 3618 1661; x_wconf 91' lang='lat' dir='ltr'><strong>scisci-</strong></span> 
     </span>
    </p>
   </div>
   <div class='ocr_carea' id='block_1_28' title="bbox 349 1688 1940 1769">
    <p class='ocr_par' dir='ltr' id='par_1_28' title="bbox 349 1688 1940 1764">
     <span class='ocr_line' id='line_1_29' title="bbox 349 1688 1940 1764; baseline 0.003 -22"><span class='ocrx_word' id='word_1_185' title='bbox 349 1688 666 1761; x_wconf 83' lang='grc' dir='ltr'>εληλυθέναι</span> <span class='ocrx_word' id='word_1_186' title='bbox 723 1691 849 1753; x_wconf 82' lang='grc' dir='ltr'>τοὺς</span> <span class='ocrx_word' id='word_1_187' title='bbox 911 1692 1019 1744; x_wconf 84' lang='grc' dir='ltr'>ἀπὸ</span> <span class='ocrx_word' id='word_1_188' title='bbox 1067 1693 1452 1764; x_wconf 83' lang='grc' dir='ltr'>Ἰεροσολύμων</span> <span class='ocrx_word' id='word_1_189' title='bbox 1478 1691 1800 1763; x_wconf 78' lang='grc' dir='ltr'>Φαρισαίους</span> <span class='ocrx_word' id='word_1_190' title='bbox 1845 1694 1940 1746; x_wconf 74' lang='grc' dir='ltr'>καὶ</span> 
     </span>
    </p>
   </div>
   <div class='ocr_carea' id='block_1_29' title="bbox 2043 1688 3617 1769">
    <p class='ocr_par' dir='ltr' id='par_1_29' title="bbox 2043 1698 3617 1769">
     <span class='ocr_line' id='line_1_30' title="bbox 2043 1698 3617 1769; baseline 0.002 -19"><span class='ocrx_word' id='word_1_191' title='bbox 2043 1704 2217 1751; x_wconf 86' lang='lat' dir='ltr'><strong>tantes</strong></span> <span class='ocrx_word' id='word_1_192' title='bbox 2262 1698 2331 1751; x_wconf 92' lang='lat' dir='ltr'><strong>ab</strong></span> <span class='ocrx_word' id='word_1_193' title='bbox 2379 1714 2444 1752; x_wconf 87' lang='lat' dir='ltr'><strong>eo</strong></span> <span class='ocrx_word' id='word_1_194' title='bbox 2497 1715 2618 1768; x_wconf 72' lang='lat' dir='ltr'><strong>qua:</strong></span> <span class='ocrx_word' id='word_1_195' title='bbox 2662 1700 2864 1768; x_wconf 89' lang='lat' dir='ltr'><strong>scripta</strong></span> <span class='ocrx_word' id='word_1_196' title='bbox 2913 1707 3157 1766; x_wconf 78' lang='lat' dir='ltr'><strong>exstant,</strong></span> <span class='ocrx_word' id='word_1_197' title='bbox 3191 1699 3284 1753; x_wconf 86' lang='lat' dir='ltr'><strong>sed</strong></span> <span class='ocrx_word' id='word_1_198' title='bbox 3331 1699 3617 1769; x_wconf 88' lang='lat' dir='ltr'><strong>posuisse:</strong></span> 
     </span>
    </p>
   </div>
   <div class='ocr_carea' id='block_1_30' title="bbox 350 1781 1940 1859">
    <p class='ocr_par' dir='ltr' id='par_1_30' title="bbox 350 1781 1936 1854">
     <span class='ocr_line' id='line_1_31' title="bbox 350 1781 1936 1854; baseline 0.001 -19"><span class='ocrx_word' id='word_1_199' title='bbox 350 1785 699 1852; x_wconf 84' lang='grc' dir='ltr'>γραμματεῖς</span> <span class='ocrx_word' id='word_1_200' title='bbox 727 1781 806 1851; x_wconf 82' lang='grc' dir='ltr'>τῷ</span> <span class='ocrx_word' id='word_1_201' title='bbox 831 1782 1044 1854; x_wconf 81' lang='grc' dir='ltr'>Σωτῆρι</span> <span class='ocrx_word' id='word_1_202' title='bbox 1079 1784 1516 1854; x_wconf 85' lang='grc' dir='ltr'>πυνθανομένους</span> <span class='ocrx_word' id='word_1_203' title='bbox 1543 1783 1704 1836; x_wconf 76' lang='grc' dir='ltr'>αὐτοῦ</span> <span class='ocrx_word' id='word_1_204' title='bbox 1741 1784 1810 1837; x_wconf 86' lang='grc' dir='ltr'>τὰ</span> <span class='ocrx_word' id='word_1_205' title='bbox 1843 1785 1936 1836; x_wconf 79' lang='grc' dir='ltr'>ἐκ·</span> 
     </span>
    </p>
   </div>
   <div class='ocr_carea' id='block_1_31' title="bbox 2043 1781 3622 1859">
    <p class='ocr_par' dir='ltr' id='par_1_31' title="bbox 2048 1785 3622 1859">
     <span class='ocr_line' id='line_1_32' title="bbox 2048 1785 3622 1859; baseline 0.004 -23"><span class='ocrx_word' id='word_1_206' title='bbox 2048 1804 2066 1836; x_wconf 80' lang='grc' dir='ltr'><strong>ι</strong></span> <span class='ocrx_word' id='word_1_207' title='bbox 2101 1785 2254 1841; x_wconf 90' lang='lat' dir='ltr'><strong>Tunc</strong></span> <span class='ocrx_word' id='word_1_208' title='bbox 2281 1797 2633 1842; x_wconf 84' lang='lat' dir='ltr'><strong>accesserunt</strong></span> <span class='ocrx_word' id='word_1_209' title='bbox 2651 1789 2718 1842; x_wconf 92' lang='lat' dir='ltr'><strong>ad</strong></span> <span class='ocrx_word' id='word_1_210' title='bbox 2749 1804 2872 1843; x_wconf 90' lang='lat' dir='ltr'><strong>eum</strong></span> <span class='ocrx_word' id='word_1_211' title='bbox 2899 1789 2967 1843; x_wconf 90' lang='lat' dir='ltr'><strong>ab</strong></span> <span class='ocrx_word' id='word_1_212' title='bbox 2991 1787 3368 1859; x_wconf 80' lang='lat' dir='ltr'><strong>Jerosolymis.</strong></span> <span class='ocrx_word' id='word_1_213' title='bbox 3394 1807 3412 1839; x_wconf 73' lang='grc' dir='ltr'><strong>ι</strong></span> <span class='ocrx_word' id='word_1_214' title='bbox 3434 1789 3622 1854; x_wconf 84' lang='lat' dir='ltr'><strong>Quan-</strong></span> 
     </span>
    </p>
   </div>
   <div class='ocr_carea' id='block_1_32' title="bbox 351 1857 1940 1948">
    <p class='ocr_par' dir='ltr' id='par_1_32' title="bbox 351 1873 1937 1948">
     <span class='ocr_line' id='line_1_33' title="bbox 351 1873 1937 1948; baseline 0.003 -22"><span class='ocrx_word' id='word_1_215' title='bbox 351 1874 604 1944; x_wconf 85' lang='grc' dir='ltr'>κείμενα,</span> <span class='ocrx_word' id='word_1_216' title='bbox 652 1873 788 1927; x_wconf 88' lang='grc' dir='ltr'><strong>ἀλλά</strong></span> <span class='ocrx_word' id='word_1_217' title='bbox 842 1876 1143 1946; x_wconf 89' lang='grc' dir='ltr'>πεποίηκε·</span> <span class='ocrx_word' id='word_1_218' title='bbox 1205 1896 1222 1927; x_wconf 78' lang='grc' dir='ltr'><strong>ι</strong></span> <span class='ocrx_word' id='word_1_219' title='bbox 1263 1877 1396 1929; x_wconf 88' lang='grc' dir='ltr'>Τότε</span> <span class='ocrx_word' id='word_1_220' title='bbox 1447 1875 1776 1948; x_wconf 82' lang='grc' dir='ltr'>ἀπέρχονται</span> <span class='ocrx_word' id='word_1_221' title='bbox 1825 1877 1937 1947; x_wconf 78' lang='grc'>(95)</span> 
     </span>
    </p>
   </div>
   <div class='ocr_carea' id='block_1_33' title="bbox 2043 1857 3619 1948">
    <p class='ocr_par' dir='ltr' id='par_1_33' title="bbox 2043 1857 3619 1948">
     <span class='ocr_line' id='line_1_34' title="bbox 2043 1857 3619 1948; baseline 0.002 -21"><span class='ocrx_word' id='word_1_222' title='bbox 2043 1874 2110 1928; x_wconf 89' lang='lat' dir='ltr'><strong>do</strong></span> <span class='ocrx_word' id='word_1_223' title='bbox 2142 1876 2304 1944; x_wconf 84' lang='lat' dir='ltr'><strong>igitur</strong></span> <span class='ocrx_word' id='word_1_224' title='bbox 2353 1877 2506 1943; x_wconf 90' lang='lat' dir='ltr'><strong>illud,</strong></span> <span class='ocrx_word' id='word_1_225' title='bbox 2556 1897 2574 1930; x_wconf 79' lang='grc' dir='ltr'><strong>ι</strong></span> <span class='ocrx_word' id='word_1_226' title='bbox 2607 1887 2758 1943; x_wconf 91' lang='lat' dir='ltr'><strong>tunc,</strong></span> <span class='ocrx_word' id='word_1_227' title='bbox 2808 1897 2826 1930; x_wconf 76' lang='grc' dir='ltr'><strong>ι</strong></span> <span class='ocrx_word' id='word_1_228' title='bbox 2875 1857 3284 1948; x_wconf 81' lang='lat' dir='ltr'><strong>intelligendum</strong></span> <span class='ocrx_word' id='word_1_229' title='bbox 3329 1878 3444 1932; x_wconf 79' lang='lat' dir='ltr'><strong>est?</strong></span> <span class='ocrx_word' id='word_1_230' title='bbox 3482 1878 3619 1932; x_wconf 87' lang='lat' dir='ltr'><strong>Cum</strong></span> 
     </span>
    </p>
   </div>
   <div class='ocr_carea' id='block_1_34' title="bbox 351 1964 1940 2037">
    <p class='ocr_par' dir='ltr' id='par_1_34' title="bbox 351 1964 1937 2037">
     <span class='ocr_line' id='line_1_35' title="bbox 351 1964 1937 2037; baseline 0.003 -19"><span class='ocrx_word' id='word_1_231' title='bbox 351 1964 501 2036; x_wconf 76' lang='grc' dir='ltr'>αὐτῷ</span> <span class='ocrx_word' id='word_1_232' title='bbox 530 1966 638 2020; x_wconf 84' lang='grc' dir='ltr'>ἀπὸ</span> <span class='ocrx_word' id='word_1_233' title='bbox 689 1965 1097 2037; x_wconf 83' lang='grc' dir='ltr'>Ἱεροσολύμων.</span> <span class='ocrx_word' id='word_1_234' title='bbox 1148 1987 1167 2020; x_wconf 73' lang='grc' dir='ltr'><strong>ι</strong></span> <span class='ocrx_word' id='word_1_235' title='bbox 1202 1969 1340 2021; x_wconf 82' lang='grc' dir='ltr'>Πότε</span> <span class='ocrx_word' id='word_1_236' title='bbox 1377 1964 1490 2032; x_wconf 84' lang='grc' dir='ltr'>οῦν,</span> <span class='ocrx_word' id='word_1_237' title='bbox 1531 1987 1549 2019; x_wconf 80' lang='grc' dir='ltr'><strong>ι</strong></span> <span class='ocrx_word' id='word_1_238' title='bbox 1585 1969 1730 2030; x_wconf 90' lang='grc' dir='ltr'>τότε,</span> <span class='ocrx_word' id='word_1_239' title='bbox 1772 1987 1789 2018; x_wconf 69' lang='grc' dir='ltr'><strong>ι</strong></span> <span class='ocrx_word' id='word_1_240' title='bbox 1835 1986 1937 2022; x_wconf 90' lang='grc' dir='ltr'>κα-</span> 
     </span>
    </p>
   </div>
   <div class='ocr_carea' id='block_1_35' title="bbox 2043 1964 3622 2037">
    <p class='ocr_par' dir='ltr' id='par_1_35' title="bbox 2043 1966 3622 2036">
     <span class='ocr_line' id='line_1_36' title="bbox 2043 1966 3622 2036; baseline 0.001 -17"><span class='ocrx_word' id='word_1_241' title='bbox 2043 1967 2248 2021; x_wconf 83' lang='lat' dir='ltr'><strong>scilicet</strong></span> <span class='ocrx_word' id='word_1_242' title='bbox 2284 1967 2510 2036; x_wconf 82' lang='lat' dir='ltr'><strong>trajecta</strong></span> <span class='ocrx_word' id='word_1_243' title='bbox 2533 1969 2692 2033; x_wconf 89' lang='lat' dir='ltr'><strong>mari,</strong></span> <span class='ocrx_word' id='word_1_244' title='bbox 2722 1967 2846 2022; x_wconf 90' lang='lat' dir='ltr'><strong>navi</strong></span> <span class='ocrx_word' id='word_1_245' title='bbox 2887 1975 3156 2024; x_wconf 88' lang='lat' dir='ltr'><strong>venerunt</strong></span> <span class='ocrx_word' id='word_1_246' title='bbox 3194 1967 3247 2021; x_wconf 87' lang='lat' dir='ltr'><strong>in</strong></span> <span class='ocrx_word' id='word_1_247' title='bbox 3289 1976 3487 2020; x_wconf 81' lang='lat' dir='ltr'><strong>terram</strong></span> <span class='ocrx_word' id='word_1_248' title='bbox 3517 1966 3622 2021; x_wconf 84' lang='lat' dir='ltr'><strong>Ge-</strong></span> 
     </span>
    </p>
   </div>
   <div class='ocr_carea' id='block_1_36' title="bbox 349 2056 1940 2131">
    <p class='ocr_par' dir='ltr' id='par_1_36' title="bbox 349 2056 1938 2131">
     <span class='ocr_line' id='line_1_37' title="bbox 349 2056 1938 2131; baseline 0.003 -21"><span class='ocrx_word' id='word_1_249' title='bbox 349 2056 671 2127; x_wconf 83' lang='grc' dir='ltr'>τανοητέον;</span> <span class='ocrx_word' id='word_1_250' title='bbox 712 2057 904 2110; x_wconf 81' lang='grc' dir='ltr'>Ἠνίκα</span> <span class='ocrx_word' id='word_1_251' title='bbox 930 2058 1363 2129; x_wconf 88' lang='grc' dir='ltr'>διαπεράσαντες</span> <span class='ocrx_word' id='word_1_252' title='bbox 1393 2057 1556 2131; x_wconf 81' lang='grc' dir='ltr'>ἦλθον</span> <span class='ocrx_word' id='word_1_253' title='bbox 1589 2063 1667 2123; x_wconf 88' lang='grc' dir='ltr'><strong>είς</strong></span> <span class='ocrx_word' id='word_1_254' title='bbox 1700 2060 1798 2130; x_wconf 81' lang='grc' dir='ltr'>τὴν</span> <span class='ocrx_word' id='word_1_255' title='bbox 1836 2060 1938 2130; x_wconf 75' lang='grc' dir='ltr'>γῆν</span> 
     </span>
    </p>
   </div>
   <div class='ocr_carea' id='block_1_37' title="bbox 2043 2056 3619 2131">
    <p class='ocr_par' dir='ltr' id='par_1_37' title="bbox 2043 2056 3619 2128">
     <span class='ocr_line' id='line_1_38' title="bbox 2043 2056 3619 2128; baseline 0.001 -20"><span class='ocrx_word' id='word_1_256' title='bbox 2043 2056 2294 2110; x_wconf 84' lang='lat' dir='ltr'><strong>nesareth</strong></span> <span class='ocrx_word' id='word_1_257' title='bbox 2345 2056 2526 2120; x_wconf 85' lang='lat' dir='ltr'><strong>Jesus,</strong></span> <span class='ocrx_word' id='word_1_258' title='bbox 2571 2057 2850 2128; x_wconf 87' lang='lat' dir='ltr'><strong>ipsiusque</strong></span> <span class='ocrx_word' id='word_1_259' title='bbox 2892 2057 3167 2126; x_wconf 89' lang='lat' dir='ltr'><strong>discipuli,</strong></span> <span class='ocrx_word' id='word_1_260' title='bbox 3205 2058 3392 2111; x_wconf 88' lang='lat' dir='ltr'><strong>sedato</strong></span> <span class='ocrx_word' id='word_1_261' title='bbox 3436 2066 3619 2121; x_wconf 91' lang='lat' dir='ltr'><strong>vento,</strong></span> 
     </span>
    </p>
   </div>
   <div class='ocr_carea' id='block_1_38' title="bbox 352 2149 1938 2223">
    <p class='ocr_par' dir='ltr' id='par_1_38' title="bbox 352 2149 1938 2223">
     <span class='ocr_line' id='line_1_39' title="bbox 352 2149 1938 2223; baseline 0.004 -23"><span class='ocrx_word' id='word_1_262' title='bbox 352 2149 660 2221; x_wconf 87' lang='grc' dir='ltr'>Γενησαρέτ</span> <span class='ocrx_word' id='word_1_263' title='bbox 697 2149 776 2220; x_wconf 82' lang='grc' dir='ltr'>τῷ</span> <span class='ocrx_word' id='word_1_264' title='bbox 820 2149 987 2221; x_wconf 86' lang='grc' dir='ltr'>πλοίῳ</span> <span class='ocrx_word' id='word_1_265' title='bbox 1035 2152 1064 2204; x_wconf 88' lang='grc' dir='ltr'><strong>ό</strong></span> <span class='ocrx_word' id='word_1_266' title='bbox 1103 2152 1330 2222; x_wconf 89' lang='grc' dir='ltr'>Ἰησοῦς,</span> <span class='ocrx_word' id='word_1_267' title='bbox 1364 2154 1456 2207; x_wconf 74' lang='grc' dir='ltr'>καὶ</span> <span class='ocrx_word' id='word_1_268' title='bbox 1484 2153 1534 2206; x_wconf 88' lang='grc' dir='ltr'><strong>οί</strong></span> <span class='ocrx_word' id='word_1_269' title='bbox 1568 2151 1808 2223; x_wconf 73' lang='grc' dir='ltr'>μαθηταὶ</span> <span class='ocrx_word' id='word_1_270' title='bbox 1837 2153 1938 2206; x_wconf 81' lang='grc' dir='ltr'><strong>αὐ-</strong></span> 
     </span>
    </p>
   </div>
   <div class='ocr_carea' id='block_1_39' title="bbox 350 2240 1939 2316">
    <p class='ocr_par' dir='ltr' id='par_1_39' title="bbox 350 2240 1939 2316">
     <span class='ocr_line' id='line_1_40' title="bbox 350 2240 1939 2316; baseline 0.001 -22"><span class='ocrx_word' id='word_1_271' title='bbox 350 2240 464 2305; x_wconf 88' lang='grc' dir='ltr'>τοῦ,</span> <span class='ocrx_word' id='word_1_272' title='bbox 509 2241 848 2305; x_wconf 87' lang='grc' dir='ltr'>κοπάσαντος</span> <span class='ocrx_word' id='word_1_273' title='bbox 889 2242 983 2296; x_wconf 91' lang='grc' dir='ltr'><strong>τοῦ</strong></span> <span class='ocrx_word' id='word_1_274' title='bbox 1032 2243 1258 2314; x_wconf 81' lang='grc' dir='ltr'>ἀνέμου,</span> <span class='ocrx_word' id='word_1_275' title='bbox 1305 2247 1401 2314; x_wconf 73' lang='grc' dir='ltr'>ἀφ’</span> <span class='ocrx_word' id='word_1_276' title='bbox 1443 2241 1504 2300; x_wconf 79' lang='grc' dir='ltr'><strong>οῦ</strong></span> <span class='ocrx_word' id='word_1_277' title='bbox 1541 2244 1868 2316; x_wconf 86' lang='grc' dir='ltr'>ἐπιϐέϐηκεν</span> <span class='ocrx_word' id='word_1_278' title='bbox 1911 2247 1939 2296; x_wconf 89' lang='grc' dir='ltr'>ὁ</span> 
     </span>
    </p>
   </div>
   <div class='ocr_carea' id='block_1_40' title="bbox 364 2327 1936 2405">
    <p class='ocr_par' dir='ltr' id='par_1_40' title="bbox 364 2327 1936 2405">
     <span class='ocr_line' id='line_1_41' title="bbox 364 2327 1936 2405; baseline 0.002 -19"><span class='ocrx_word' id='word_1_279' title='bbox 364 2327 571 2402; x_wconf 86' lang='grc' dir='ltr'>Ἰησοῦς</span> <span class='ocrx_word' id='word_1_280' title='bbox 621 2333 700 2404; x_wconf 80' lang='grc' dir='ltr'><strong>τῷ</strong></span> <span class='ocrx_word' id='word_1_281' title='bbox 750 2334 953 2404; x_wconf 76' lang='grc' dir='ltr'>πλοίῳο</span> <span class='ocrx_word' id='word_1_282' title='bbox 1002 2336 1096 2388; x_wconf 77' lang='grc' dir='ltr'>καὶ</span> <span class='ocrx_word' id='word_1_283' title='bbox 1126 2337 1236 2399; x_wconf 83' lang='grc' dir='ltr'>ὅτε,</span> <span class='ocrx_word' id='word_1_284' title='bbox 1288 2356 1305 2387; x_wconf 84' lang='grc' dir='ltr'><strong>ι</strong></span> <span class='ocrx_word' id='word_1_285' title='bbox 1347 2337 1659 2405; x_wconf 89' lang='grc' dir='ltr'>ἐπιγνόντες</span> <span class='ocrx_word' id='word_1_286' title='bbox 1691 2337 1852 2390; x_wconf 80' lang='grc' dir='ltr'>αὐτὸν</span> <span class='ocrx_word' id='word_1_287' title='bbox 1891 2339 1936 2389; x_wconf 85' lang='grc' dir='ltr'>οἱ</span> 
     </span>
    </p>
   </div>
   <div class='ocr_carea' id='block_1_41' title="bbox 349 2425 1938 2500">
    <p class='ocr_par' dir='ltr' id='par_1_41' title="bbox 349 2425 1938 2500">
     <span class='ocr_line' id='line_1_42' title="bbox 349 2425 1938 2500; baseline 0.001 -21"><span class='ocrx_word' id='word_1_288' title='bbox 349 2425 542 2496; x_wconf 81' lang='grc' dir='ltr'>ἄνδρες</span> <span class='ocrx_word' id='word_1_289' title='bbox 586 2425 682 2477; x_wconf 85' lang='grc' dir='ltr'><strong>τοῦ</strong></span> <span class='ocrx_word' id='word_1_290' title='bbox 722 2425 888 2478; x_wconf 83' lang='grc' dir='ltr'>τόπου</span> <span class='ocrx_word' id='word_1_291' title='bbox 936 2427 1166 2491; x_wconf 87' lang='grc' dir='ltr'>ἐκείνου,</span> <span class='ocrx_word' id='word_1_292' title='bbox 1195 2429 1521 2481; x_wconf 83' lang='grc' dir='ltr'>ἀπέστειλαν</span> <span class='ocrx_word' id='word_1_293' title='bbox 1571 2430 1652 2492; x_wconf 88' lang='grc' dir='ltr'><strong>είς</strong></span> <span class='ocrx_word' id='word_1_294' title='bbox 1681 2427 1809 2500; x_wconf 84' lang='grc' dir='ltr'>ὃλην</span> <span class='ocrx_word' id='word_1_295' title='bbox 1840 2428 1938 2500; x_wconf 83' lang='grc' dir='ltr'><strong>τὴν</strong></span> 
     </span>
    </p>
   </div>
   <div class='ocr_carea' id='block_1_42' title="bbox 352 2518 1939 2592">
    <p class='ocr_par' dir='ltr' id='par_1_42' title="bbox 352 2518 1939 2592">
     <span class='ocr_line' id='line_1_43' title="bbox 352 2518 1939 2592; baseline 0.003 -22"><span class='ocrx_word' id='word_1_296' title='bbox 352 2518 661 2588; x_wconf 85' lang='grc' dir='ltr'>περίχωρον</span> <span class='ocrx_word' id='word_1_297' title='bbox 710 2519 946 2590; x_wconf 86' lang='grc' dir='ltr'>ἐκείνην,</span> <span class='ocrx_word' id='word_1_298' title='bbox 990 2519 1085 2572; x_wconf 73' lang='grc' dir='ltr'><strong>καὶ</strong></span> <span class='ocrx_word' id='word_1_299' title='bbox 1119 2522 1501 2592; x_wconf 84' lang='grc' dir='ltr'>προσήνεγκαν</span> <span class='ocrx_word' id='word_1_300' title='bbox 1537 2520 1686 2590; x_wconf 88' lang='grc' dir='ltr'><strong>αὐτῷ</strong></span> <span class='ocrx_word' id='word_1_301' title='bbox 1731 2520 1939 2584; x_wconf 85' lang='grc' dir='ltr'>πάντας</span> 
     </span>
    </p>
   </div>
   <div class='ocr_carea' id='block_1_43' title="bbox 350 2609 1938 2684">
    <p class='ocr_par' dir='ltr' id='par_1_43' title="bbox 350 2609 1938 2684">
     <span class='ocr_line' id='line_1_44' title="bbox 350 2609 1938 2684; baseline 0.001 -22"><span class='ocrx_word' id='word_1_302' title='bbox 350 2609 475 2672; x_wconf 68' lang='grc' dir='ltr'>τοὺς</span> <span class='ocrx_word' id='word_1_303' title='bbox 502 2609 688 2673; x_wconf 90' lang='grc' dir='ltr'>κακῶς</span> <span class='ocrx_word' id='word_1_304' title='bbox 729 2609 970 2680; x_wconf 74' lang='grc' dir='ltr'>ἔχοντας,</span> <span class='ocrx_word' id='word_1_305' title='bbox 1002 2612 1094 2664; x_wconf 75' lang='grc' dir='ltr'>καὶ</span> <span class='ocrx_word' id='word_1_306' title='bbox 1134 2613 1478 2684; x_wconf 84' lang='grc' dir='ltr'>παρεκάλουν</span> <span class='ocrx_word' id='word_1_307' title='bbox 1512 2615 1598 2667; x_wconf 83' lang='grc' dir='ltr'>ἵνα</span> <span class='ocrx_word' id='word_1_308' title='bbox 1631 2613 1733 2667; x_wconf 77' lang='grc' dir='ltr'>κᾶν</span> <span class='ocrx_word' id='word_1_309' title='bbox 1780 2612 1938 2683; x_wconf 87' lang='grc' dir='ltr'>μόνον</span> 
     </span>
    </p>
   </div>
   <div class='ocr_carea' id='block_1_44' title="bbox 354 2704 1939 2777">
    <p class='ocr_par' dir='ltr' id='par_1_44' title="bbox 354 2704 1939 2777">
     <span class='ocr_line' id='line_1_45' title="bbox 354 2704 1939 2777; baseline 0.002 -20"><span class='ocrx_word' id='word_1_310' title='bbox 354 2704 596 2773; x_wconf 73' lang='grc' dir='ltr'>ἅψωνται</span> <span class='ocrx_word' id='word_1_311' title='bbox 634 2705 727 2758; x_wconf 83' lang='grc' dir='ltr'><strong>τοῦ</strong></span> <span class='ocrx_word' id='word_1_312' title='bbox 759 2705 1065 2776; x_wconf 81' lang='grc' dir='ltr'>κρασπέδου</span> <span class='ocrx_word' id='word_1_313' title='bbox 1101 2705 1194 2758; x_wconf 92' lang='grc' dir='ltr'><strong>τοῦ</strong></span> <span class='ocrx_word' id='word_1_314' title='bbox 1227 2707 1448 2777; x_wconf 88' lang='grc' dir='ltr'>ἱματίου</span> <span class='ocrx_word' id='word_1_315' title='bbox 1479 2707 1672 2760; x_wconf 79' lang='grc' dir='ltr'>αὐτοῦ·</span> <span class='ocrx_word' id='word_1_316' title='bbox 1702 2707 1796 2760; x_wconf 59' lang='grc' dir='ltr'><strong>καὶ¹</strong></span> <span class='ocrx_word' id='word_1_317' title='bbox 1827 2708 1939 2760; x_wconf 84' lang='grc' dir='ltr'>ὅσοι</span> 
     </span>
    </p>
   </div>
   <div class='ocr_carea' id='block_1_45' title="bbox 351 2793 1941 2870">
    <p class='ocr_par' dir='ltr' id='par_1_45' title="bbox 351 2793 1941 2870">
     <span class='ocr_line' id='line_1_46' title="bbox 351 2793 1941 2870; baseline 0.003 -22"><span class='ocrx_word' id='word_1_318' title='bbox 351 2796 558 2867; x_wconf 78' lang='grc' dir='ltr'>ἥψαντο</span> <span class='ocrx_word' id='word_1_319' title='bbox 582 2793 938 2867; x_wconf 78' lang='grc' dir='ltr'>διεσώθησαν.</span> <span class='ocrx_word' id='word_1_320' title='bbox 968 2796 1176 2868; x_wconf 88' lang='grc' dir='ltr'>Τηνίκα</span> <span class='ocrx_word' id='word_1_321' title='bbox 1201 2798 1503 2870; x_wconf 80' lang='grc' dir='ltr'>προσῆλθον</span> <span class='ocrx_word' id='word_1_322' title='bbox 1527 2798 1676 2870; x_wconf 82' lang='grc' dir='ltr'>αὐτῷ</span> <span class='ocrx_word' id='word_1_323' title='bbox 1703 2799 1809 2852; x_wconf 84' lang='grc' dir='ltr'>ἀπὸ</span> <span class='ocrx_word' id='word_1_324' title='bbox 1843 2799 1941 2853; x_wconf 87' lang='grc' dir='ltr'>Ἰε-</span> 
     </span>
    </p>
   </div>
   <div class='ocr_carea' id='block_1_46' title="bbox 355 2889 1938 2962">
    <p class='ocr_par' dir='ltr' id='par_1_46' title="bbox 355 2889 1938 2962">
     <span class='ocr_line' id='line_1_47' title="bbox 355 2889 1938 2962; baseline 0.003 -20"><span class='ocrx_word' id='word_1_325' title='bbox 355 2889 668 2962; x_wconf 80' lang='grc' dir='ltr'>ροσολύμων</span> <span class='ocrx_word' id='word_1_326' title='bbox 707 2890 989 2960; x_wconf 84' lang='grc' dir='ltr'>Φαρισαῖοι</span> <span class='ocrx_word' id='word_1_327' title='bbox 1051 2891 1144 2942; x_wconf 75' lang='grc' dir='ltr'>καὶ</span> <span class='ocrx_word' id='word_1_328' title='bbox 1187 2894 1569 2962; x_wconf 77' lang='grc' dir='ltr'>γραμματεῖς,</span> <span class='ocrx_word' id='word_1_329' title='bbox 1621 2892 1695 2962; x_wconf 82' lang='grc' dir='ltr'>μὴ</span> <span class='ocrx_word' id='word_1_330' title='bbox 1762 2909 1938 2946; x_wconf 76' lang='grc' dir='ltr'>κατα-</span> 
     </span>
    </p>
   </div>
   <div class='ocr_carea' id='block_1_47' title="bbox 356 2980 1940 3054">
    <p class='ocr_par' dir='ltr' id='par_1_47' title="bbox 356 2980 1940 3054">
     <span class='ocr_line' id='line_1_48' title="bbox 356 2980 1940 3054; baseline 0.002 -20"><span class='ocrx_word' id='word_1_331' title='bbox 356 2981 654 3050; x_wconf 88' lang='grc' dir='ltr'>πλαγέντες</span> <span class='ocrx_word' id='word_1_332' title='bbox 681 2980 778 3052; x_wconf 81' lang='grc' dir='ltr'>τὴν</span> <span class='ocrx_word' id='word_1_333' title='bbox 809 2982 866 3033; x_wconf 93' lang='grc' dir='ltr'><strong>ἐν</strong></span> <span class='ocrx_word' id='word_1_334' title='bbox 889 2981 965 3051; x_wconf 77' lang='grc' dir='ltr'>τῷ</span> <span class='ocrx_word' id='word_1_335' title='bbox 1005 2981 1178 3051; x_wconf 89' lang='grc' dir='ltr'>Ἰησοῦ</span> <span class='ocrx_word' id='word_1_336' title='bbox 1212 2980 1460 3052; x_wconf 86' lang='grc' dir='ltr'>δύναμιν,</span> <span class='ocrx_word' id='word_1_337' title='bbox 1489 2982 1789 3054; x_wconf 79' lang='grc' dir='ltr'>ίασαμένην</span> <span class='ocrx_word' id='word_1_338' title='bbox 1812 2985 1940 3048; x_wconf 72' lang='grc' dir='ltr'>τοὺς</span> 
     </span>
    </p>
   </div>
   <div class='ocr_carea' id='block_1_48' title="bbox 356 3071 1940 3147">
    <p class='ocr_par' dir='ltr' id='par_1_48' title="bbox 356 3071 1940 3147">
     <span class='ocr_line' id='line_1_49' title="bbox 356 3071 1940 3147; baseline 0.003 -21"><span class='ocrx_word' id='word_1_339' title='bbox 356 3071 460 3126; x_wconf 71' lang='grc' dir='ltr'>κᾶν</span> <span class='ocrx_word' id='word_1_340' title='bbox 488 3073 649 3144; x_wconf 81' lang='grc' dir='ltr'>μόνον</span> <span class='ocrx_word' id='word_1_341' title='bbox 683 3073 778 3126; x_wconf 87' lang='grc' dir='ltr'><strong>τοῦ</strong></span> <span class='ocrx_word' id='word_1_342' title='bbox 803 3073 1112 3144; x_wconf 83' lang='grc' dir='ltr'>κρασπέδου</span> <span class='ocrx_word' id='word_1_343' title='bbox 1141 3073 1233 3126; x_wconf 89' lang='grc' dir='ltr'><strong>τοῦ</strong></span> <span class='ocrx_word' id='word_1_344' title='bbox 1275 3073 1491 3144; x_wconf 88' lang='grc' dir='ltr'>ἱματίου</span> <span class='ocrx_word' id='word_1_345' title='bbox 1522 3074 1688 3128; x_wconf 82' lang='grc' dir='ltr'>αὑτοῦ</span> <span class='ocrx_word' id='word_1_346' title='bbox 1725 3075 1940 3147; x_wconf 76' lang='grc' dir='ltr'>ἁψαμέ-</span> 
     </span>
    </p>
   </div>
   <div class='ocr_carea' id='block_1_49' title="bbox 2040 2148 3620 2218">
    <p class='ocr_par' dir='ltr' id='par_1_49' title="bbox 2040 2148 3620 2218">
     <span class='ocr_line' id='line_1_50' title="bbox 2040 2148 3620 2218; baseline 0.001 -18"><span class='ocrx_word' id='word_1_347' title='bbox 2040 2162 2103 2200; x_wconf 85' lang='lat' dir='ltr'><strong>ex</strong></span> <span class='ocrx_word' id='word_1_348' title='bbox 2138 2165 2247 2216; x_wconf 84' lang='lat' dir='ltr'><strong>quo</strong></span> <span class='ocrx_word' id='word_1_349' title='bbox 2275 2164 2466 2202; x_wconf 87' lang='lat' dir='ltr'><strong>navem</strong></span> <span class='ocrx_word' id='word_1_350' title='bbox 2498 2149 2816 2204; x_wconf 85' lang='lat' dir='ltr'><strong>conscendit</strong></span> <span class='ocrx_word' id='word_1_351' title='bbox 2856 2148 3050 2211; x_wconf 82' lang='lat' dir='ltr'><strong>Jesus;</strong></span> <span class='ocrx_word' id='word_1_352' title='bbox 3086 2158 3140 2203; x_wconf 89' lang='lat' dir='ltr'><strong>et</strong></span> <span class='ocrx_word' id='word_1_353' title='bbox 3174 2148 3416 2218; x_wconf 87' lang='lat' dir='ltr'><strong>quando,</strong></span> <span class='ocrx_word' id='word_1_354' title='bbox 3445 2168 3463 2198; x_wconf 77' lang='grc' dir='ltr'><strong>ι</strong></span> <span class='ocrx_word' id='word_1_355' title='bbox 3495 2165 3620 2203; x_wconf 88' lang='lat' dir='ltr'><strong>cum</strong></span> 
     </span>
    </p>
   </div>
   <div class='ocr_carea' id='block_1_50' title="bbox 2039 2241 3624 2310">
    <p class='ocr_par' dir='ltr' id='par_1_50' title="bbox 2039 2241 3624 2310">
     <span class='ocr_line' id='line_1_51' title="bbox 2039 2241 3624 2310; baseline 0.001 -16"><span class='ocrx_word' id='word_1_356' title='bbox 2039 2241 2422 2310; x_wconf 80' lang='lat' dir='ltr'><strong>Cognovissent</strong></span> <span class='ocrx_word' id='word_1_357' title='bbox 2452 2257 2576 2295; x_wconf 85' lang='lat' dir='ltr'><strong>eum</strong></span> <span class='ocrx_word' id='word_1_358' title='bbox 2619 2241 2718 2294; x_wconf 91' lang='lat' dir='ltr'><strong>viri</strong></span> <span class='ocrx_word' id='word_1_359' title='bbox 2749 2241 2852 2296; x_wconf 88' lang='lat' dir='ltr'><strong>loci</strong></span> <span class='ocrx_word' id='word_1_360' title='bbox 2886 2242 3052 2306; x_wconf 89' lang='lat' dir='ltr'><strong>illius,</strong></span> <span class='ocrx_word' id='word_1_361' title='bbox 3084 2241 3351 2296; x_wconf 88' lang='lat' dir='ltr'><strong>miserunt</strong></span> <span class='ocrx_word' id='word_1_362' title='bbox 3398 2242 3452 2295; x_wconf 91' lang='lat' dir='ltr'><strong>in</strong></span> <span class='ocrx_word' id='word_1_363' title='bbox 3501 2241 3624 2295; x_wconf 87' lang='lat' dir='ltr'><strong>uni-</strong></span> 
     </span>
    </p>
   </div>
   <div class='ocr_carea' id='block_1_51' title="bbox 2040 2334 3624 2405">
    <p class='ocr_par' dir='ltr' id='par_1_51' title="bbox 2040 2334 3624 2405">
     <span class='ocr_line' id='line_1_52' title="bbox 2040 2334 3624 2405; baseline 0.001 -19"><span class='ocrx_word' id='word_1_364' title='bbox 2040 2349 2253 2388; x_wconf 80' lang='lat' dir='ltr'><strong>versam</strong></span> <span class='ocrx_word' id='word_1_365' title='bbox 2274 2335 2546 2405; x_wconf 84' lang='lat' dir='ltr'><strong>regionem</strong></span> <span class='ocrx_word' id='word_1_366' title='bbox 2572 2336 2739 2401; x_wconf 91' lang='lat' dir='ltr'><strong>illam,</strong></span> <span class='ocrx_word' id='word_1_367' title='bbox 2771 2343 2824 2388; x_wconf 87' lang='lat' dir='ltr'><strong>et</strong></span> <span class='ocrx_word' id='word_1_368' title='bbox 2855 2335 3170 2390; x_wconf 90' lang='lat' dir='ltr'><strong>obtulerunt</strong></span> <span class='ocrx_word' id='word_1_369' title='bbox 3197 2336 3245 2390; x_wconf 89' lang='lat' dir='ltr'><strong>ei</strong></span> <span class='ocrx_word' id='word_1_370' title='bbox 3270 2349 3460 2389; x_wconf 87' lang='lat' dir='ltr'><strong>omnes</strong></span> <span class='ocrx_word' id='word_1_371' title='bbox 3483 2334 3624 2388; x_wconf 89' lang='lat' dir='ltr'><strong>male</strong></span> 
     </span>
    </p>
   </div>
   <div class='ocr_carea' id='block_1_52' title="bbox 2042 2425 3623 2499">
    <p class='ocr_par' dir='ltr' id='par_1_52' title="bbox 2042 2425 3623 2499">
     <span class='ocr_line' id='line_1_53' title="bbox 2042 2425 3623 2499; baseline 0.001 -20"><span class='ocrx_word' id='word_1_372' title='bbox 2042 2425 2323 2494; x_wconf 82' lang='lat' dir='ltr'><strong>habentes,</strong></span> <span class='ocrx_word' id='word_1_373' title='bbox 2350 2439 2404 2482; x_wconf 91' lang='lat' dir='ltr'><strong>et</strong></span> <span class='ocrx_word' id='word_1_374' title='bbox 2457 2429 2722 2499; x_wconf 78' lang='lat' dir='ltr'><strong>rogabant</strong></span> <span class='ocrx_word' id='word_1_375' title='bbox 2769 2439 2828 2484; x_wconf 92' lang='lat' dir='ltr'><strong>ut</strong></span> <span class='ocrx_word' id='word_1_376' title='bbox 2870 2430 2953 2483; x_wconf 83' lang='lat' dir='ltr'><strong>vel</strong></span> <span class='ocrx_word' id='word_1_377' title='bbox 2995 2428 3264 2482; x_wconf 85' lang='lat' dir='ltr'><strong>ﬁmbriam</strong></span> <span class='ocrx_word' id='word_1_378' title='bbox 3316 2427 3623 2481; x_wconf 83' lang='lat' dir='ltr'><strong>vestimenti</strong></span> 
     </span>
    </p>
   </div>
   <div class='ocr_carea' id='block_1_53' title="bbox 2041 2517 3623 2591">
    <p class='ocr_par' dir='ltr' id='par_1_53' title="bbox 2041 2517 3623 2591">
     <span class='ocr_line' id='line_1_54' title="bbox 2041 2517 3623 2591; baseline 0 -19"><span class='ocrx_word' id='word_1_379' title='bbox 2041 2517 2160 2586; x_wconf 90' lang='lat' dir='ltr'><strong>ejus</strong></span> <span class='ocrx_word' id='word_1_380' title='bbox 2191 2529 2505 2588; x_wconf 81' lang='lat' dir='ltr'><strong>tangerent;</strong></span> <span class='ocrx_word' id='word_1_381' title='bbox 2537 2529 2590 2575; x_wconf 88' lang='lat' dir='ltr'><strong>et</strong></span> <span class='ocrx_word' id='word_1_382' title='bbox 2625 2521 2940 2591; x_wconf 87' lang='lat' dir='ltr'><strong>quicunque</strong></span> <span class='ocrx_word' id='word_1_383' title='bbox 2972 2520 3296 2589; x_wconf 77' lang='lat' dir='ltr'><strong>tetigerunt,</strong></span> <span class='ocrx_word' id='word_1_384' title='bbox 3331 2519 3464 2572; x_wconf 88' lang='lat' dir='ltr'><strong>salvi</strong></span> <span class='ocrx_word' id='word_1_385' title='bbox 3496 2517 3623 2572; x_wconf 80' lang='lat' dir='ltr'><strong>facti</strong></span> 
     </span>
    </p>
   </div>
   <div class='ocr_carea' id='block_1_54' title="bbox 2043 2609 3624 2681">
    <p class='ocr_par' dir='ltr' id='par_1_54' title="bbox 2043 2609 3624 2681">
     <span class='ocr_line' id='line_1_55' title="bbox 2043 2609 3624 2681; baseline 0.001 -17"><span class='ocrx_word' id='word_1_386' title='bbox 2043 2618 2172 2664; x_wconf 88' lang='lat' dir='ltr'><strong>sunt</strong></span> <span class='ocrx_word' id='word_1_387' title='bbox 2191 2611 2256 2663; x_wconf 78' lang='grc'><strong>⁸⁷.</strong></span> <span class='ocrx_word' id='word_1_388' title='bbox 2293 2609 2448 2666; x_wconf 91' lang='lat' dir='ltr'><strong>Tunc</strong></span> <span class='ocrx_word' id='word_1_389' title='bbox 2474 2621 2824 2668; x_wconf 88' lang='lat' dir='ltr'><strong>accesserunt</strong></span> <span class='ocrx_word' id='word_1_390' title='bbox 2875 2613 2942 2666; x_wconf 89' lang='lat' dir='ltr'><strong>ad</strong></span> <span class='ocrx_word' id='word_1_391' title='bbox 2995 2627 3120 2666; x_wconf 90' lang='lat' dir='ltr'><strong>eum</strong></span> <span class='ocrx_word' id='word_1_392' title='bbox 3171 2613 3240 2665; x_wconf 90' lang='lat' dir='ltr'><strong>ab</strong></span> <span class='ocrx_word' id='word_1_393' title='bbox 3268 2609 3624 2681; x_wconf 85' lang='lat' dir='ltr'><strong>Jerosolymis</strong></span> 
     </span>
    </p>
   </div>
   <div class='ocr_carea' id='block_1_55' title="bbox 2044 2698 3622 2770">
    <p class='ocr_par' dir='ltr' id='par_1_55' title="bbox 2044 2698 3622 2770">
     <span class='ocr_line' id='line_1_56' title="bbox 2044 2698 3622 2770; baseline 0.003 -17"><span class='ocrx_word' id='word_1_394' title='bbox 2044 2698 2249 2756; x_wconf 64' lang='lat' dir='ltr'><strong>Scriba?</strong></span> <span class='ocrx_word' id='word_1_395' title='bbox 2303 2710 2357 2757; x_wconf 90' lang='lat' dir='ltr'><strong>et</strong></span> <span class='ocrx_word' id='word_1_396' title='bbox 2398 2702 2656 2758; x_wconf 62' lang='lat' dir='ltr'><strong>Pharisaei</strong></span> <span class='ocrx_word' id='word_1_397' title='bbox 2703 2704 2769 2770; x_wconf 79' lang='lat'><strong>&quot;,</strong></span> <span class='ocrx_word' id='word_1_398' title='bbox 2811 2719 2918 2759; x_wconf 93' lang='lat' dir='ltr'><strong>non</strong></span> <span class='ocrx_word' id='word_1_399' title='bbox 2984 2705 3317 2759; x_wconf 85' lang='lat' dir='ltr'><strong>admirantes</strong></span> <span class='ocrx_word' id='word_1_400' title='bbox 3366 2705 3622 2760; x_wconf 82' lang='lat' dir='ltr'><strong>virtutem</strong></span> 
     </span>
    </p>
   </div>
   <div class='ocr_carea' id='block_1_56' title="bbox 2041 2793 3623 2866">
    <p class='ocr_par' dir='ltr' id='par_1_56' title="bbox 2041 2793 3623 2866">
     <span class='ocr_line' id='line_1_57' title="bbox 2041 2793 3623 2866; baseline -0.001 -17"><span class='ocrx_word' id='word_1_401' title='bbox 2041 2810 2165 2860; x_wconf 72' lang='lat' dir='ltr'><strong>quze</strong></span> <span class='ocrx_word' id='word_1_402' title='bbox 2211 2803 2330 2848; x_wconf 89' lang='lat' dir='ltr'><strong>erat</strong></span> <span class='ocrx_word' id='word_1_403' title='bbox 2377 2793 2430 2847; x_wconf 89' lang='lat' dir='ltr'><strong>in</strong></span> <span class='ocrx_word' id='word_1_404' title='bbox 2491 2793 2642 2857; x_wconf 89' lang='lat' dir='ltr'><strong>Jesu,</strong></span> <span class='ocrx_word' id='word_1_405' title='bbox 2696 2811 2818 2865; x_wconf 66' lang='lat' dir='ltr'><strong>quae</strong></span> <span class='ocrx_word' id='word_1_406' title='bbox 2883 2810 2978 2851; x_wconf 88' lang='lat' dir='ltr'><strong>eos</strong></span> <span class='ocrx_word' id='word_1_407' title='bbox 3042 2804 3332 2851; x_wconf 89' lang='lat' dir='ltr'><strong>sanaverat</strong></span> <span class='ocrx_word' id='word_1_408' title='bbox 3385 2796 3478 2866; x_wconf 90' lang='lat' dir='ltr'><strong>qui</strong></span> <span class='ocrx_word' id='word_1_409' title='bbox 3540 2795 3623 2848; x_wconf 90' lang='lat' dir='ltr'><strong>vel</strong></span> 
     </span>
    </p>
   </div>
   <div class='ocr_carea' id='block_1_57' title="bbox 2041 2886 3625 2958">
    <p class='ocr_par' dir='ltr' id='par_1_57' title="bbox 2041 2886 3625 2958">
     <span class='ocr_line' id='line_1_58' title="bbox 2041 2886 3625 2958; baseline 0.001 -19"><span class='ocrx_word' id='word_1_410' title='bbox 2041 2886 2318 2940; x_wconf 79' lang='lat' dir='ltr'><strong>ﬁmbriam</strong></span> <span class='ocrx_word' id='word_1_411' title='bbox 2369 2895 2578 2940; x_wconf 82' lang='lat' dir='ltr'><strong>tantum</strong></span> <span class='ocrx_word' id='word_1_412' title='bbox 2628 2886 2936 2942; x_wconf 87' lang='lat' dir='ltr'><strong>vestimenti</strong></span> <span class='ocrx_word' id='word_1_413' title='bbox 2989 2887 3109 2958; x_wconf 84' lang='lat' dir='ltr'><strong>ejus</strong></span> <span class='ocrx_word' id='word_1_414' title='bbox 3153 2888 3478 2958; x_wconf 81' lang='lat' dir='ltr'><strong>tetigissent,</strong></span> <span class='ocrx_word' id='word_1_415' title='bbox 3530 2887 3625 2942; x_wconf 85' lang='lat' dir='ltr'><strong>sed</strong></span> 
     </span>
    </p>
   </div>
   <div class='ocr_carea' id='block_1_58' title="bbox 2041 2977 3626 3050">
    <p class='ocr_par' dir='ltr' id='par_1_58' title="bbox 2041 2977 3626 3050">
     <span class='ocr_line' id='line_1_59' title="bbox 2041 2977 3626 3050; baseline 0 -18"><span class='ocrx_word' id='word_1_416' title='bbox 2041 2977 2226 3032; x_wconf 86' lang='lat' dir='ltr'><strong>animo</strong></span> <span class='ocrx_word' id='word_1_417' title='bbox 2274 2977 2488 3032; x_wconf 76' lang='lat' dir='ltr'><strong>rixandi</strong></span> <span class='ocrx_word' id='word_1_418' title='bbox 2533 2977 2712 3043; x_wconf 90' lang='lat' dir='ltr'><strong>avido,</strong></span> <span class='ocrx_word' id='word_1_419' title='bbox 2769 2978 3066 3048; x_wconf 90' lang='lat' dir='ltr'><strong>discipulos</strong></span> <span class='ocrx_word' id='word_1_420' title='bbox 3107 2979 3251 3050; x_wconf 89' lang='lat' dir='ltr'><strong>apud</strong></span> <span class='ocrx_word' id='word_1_421' title='bbox 3302 2980 3626 3049; x_wconf 88' lang='lat' dir='ltr'><strong>magistrum</strong></span> 
     </span>
    </p>
   </div>
   <div class='ocr_carea' id='block_1_59' title="bbox 2043 3070 3626 3142">
    <p class='ocr_par' dir='ltr' id='par_1_59' title="bbox 2043 3070 3626 3142">
     <span class='ocr_line' id='line_1_60' title="bbox 2043 3070 3626 3142; baseline 0.001 -20"><span class='ocrx_word' id='word_1_422' title='bbox 2043 3079 2403 3136; x_wconf 85' lang='lat' dir='ltr'><strong>accusantes,</strong></span> <span class='ocrx_word' id='word_1_423' title='bbox 2472 3086 2580 3124; x_wconf 86' lang='lat' dir='ltr'><strong>non</strong></span> <span class='ocrx_word' id='word_1_424' title='bbox 2649 3071 3102 3142; x_wconf 77' lang='lat' dir='ltr'><strong>transgressionis</strong></span> <span class='ocrx_word' id='word_1_425' title='bbox 3159 3072 3413 3141; x_wconf 69' lang='lat' dir='ltr'><strong>praecepti</strong></span> <span class='ocrx_word' id='word_1_426' title='bbox 3488 3070 3626 3138; x_wconf 88' lang='lat' dir='ltr'><strong>Dei,</strong></span> 
     </span>
    </p>
   </div>
   <div class='ocr_carea' id='block_1_60' title="bbox 355 3161 1940 3262">
    <p class='ocr_par' dir='ltr' id='par_1_60' title="bbox 355 3161 1940 3232">
     <span class='ocr_line' id='line_1_61' title="bbox 355 3161 1940 3232; baseline 0.004 -18"><span class='ocrx_word' id='word_1_427' title='bbox 355 3180 500 3228; x_wconf 81' lang='grc' dir='ltr'>νους,</span> <span class='ocrx_word' id='word_1_428' title='bbox 552 3161 835 3232; x_wconf 82' lang='grc' dir='ltr'>φιλαιτίως</span> <span class='ocrx_word' id='word_1_429' title='bbox 881 3162 936 3215; x_wconf 84' lang='grc' dir='ltr'><strong>δέ</strong></span> <span class='ocrx_word' id='word_1_430' title='bbox 989 3162 1349 3231; x_wconf 79' lang='grc' dir='ltr'>ἐγκαλοῦντες</span> <span class='ocrx_word' id='word_1_431' title='bbox 1406 3163 1500 3217; x_wconf 79' lang='grc' dir='ltr'>ἐπὶ</span> <span class='ocrx_word' id='word_1_432' title='bbox 1551 3163 1644 3218; x_wconf 90' lang='grc' dir='ltr'><strong>τοῦ</strong></span> <span class='ocrx_word' id='word_1_433' title='bbox 1691 3165 1940 3220; x_wconf 89' lang='grc' dir='ltr'>διδασκά-</span> 
     </span>
    </p>
   </div>
   <div class='ocr_carea' id='block_1_61' title="bbox 2043 3161 3629 3262">
    <p class='ocr_par' dir='ltr' id='par_1_61' title="bbox 2046 3161 3629 3220">
     <span class='ocr_line' id='line_1_62' title="bbox 2046 3161 3629 3220; baseline 0.002 -5"><span class='ocrx_word' id='word_1_434' title='bbox 2046 3162 2138 3216; x_wconf 88' lang='lat' dir='ltr'><strong>sed</strong></span> <span class='ocrx_word' id='word_1_435' title='bbox 2211 3163 2372 3216; x_wconf 87' lang='lat' dir='ltr'><strong>unius</strong></span> <span class='ocrx_word' id='word_1_436' title='bbox 2438 3162 2743 3218; x_wconf 83' lang='lat' dir='ltr'><strong>traditionis</strong></span> <span class='ocrx_word' id='word_1_437' title='bbox 2822 3161 3134 3218; x_wconf 66' lang='lat' dir='ltr'><strong>Judaeorum</strong></span> <span class='ocrx_word' id='word_1_438' title='bbox 3185 3164 3485 3219; x_wconf 89' lang='lat' dir='ltr'><strong>seniorum.</strong></span> <span class='ocrx_word' id='word_1_439' title='bbox 3561 3161 3629 3220; x_wconf 84' lang='lat' dir='ltr'><strong>Et</strong></span> 
     </span>
    </p>
   </div>
   <div class='ocr_carea' id='block_1_62' title="bbox 356 3251 1941 3327">
    <p class='ocr_par' dir='ltr' id='par_1_62' title="bbox 356 3251 1941 3327">
     <span class='ocr_line' id='line_1_63' title="bbox 356 3251 1941 3327; baseline 0.004 -24"><span class='ocrx_word' id='word_1_440' title='bbox 356 3251 450 3305; x_wconf 82' lang='grc' dir='ltr'><strong>λου</strong></span> <span class='ocrx_word' id='word_1_441' title='bbox 488 3252 620 3322; x_wconf 71' lang='grc'>(94),</span> <span class='ocrx_word' id='word_1_442' title='bbox 662 3253 722 3306; x_wconf 81' lang='grc' dir='ltr'>οὐ</span> <span class='ocrx_word' id='word_1_443' title='bbox 772 3253 900 3323; x_wconf 72' lang='grc' dir='ltr'>περὶ</span> <span class='ocrx_word' id='word_1_444' title='bbox 945 3253 1310 3324; x_wconf 79' lang='grc' dir='ltr'>παραϐάσεως</span> <span class='ocrx_word' id='word_1_445' title='bbox 1345 3253 1562 3327; x_wconf 77' lang='grc' dir='ltr'>ἐντολῆς</span> <span class='ocrx_word' id='word_1_446' title='bbox 1605 3255 1762 3319; x_wconf 83' lang='grc' dir='ltr'>Θεοῦ,</span> <span class='ocrx_word' id='word_1_447' title='bbox 1806 3256 1941 3310; x_wconf 86' lang='grc' dir='ltr'><strong>ἀλλά</strong></span> 
     </span>
    </p>
   </div>
   <div class='ocr_carea' id='block_1_63' title="bbox 358 3345 1944 3419">
    <p class='ocr_par' dir='ltr' id='par_1_63' title="bbox 358 3345 1944 3419">
     <span class='ocr_line' id='line_1_64' title="bbox 358 3345 1944 3419; baseline 0.003 -21"><span class='ocrx_word' id='word_1_448' title='bbox 358 3345 708 3416; x_wconf 76' lang='grc' dir='ltr'>παραδόσεως</span> <span class='ocrx_word' id='word_1_449' title='bbox 734 3346 864 3416; x_wconf 83' lang='grc' dir='ltr'>μιᾶς</span> <span class='ocrx_word' id='word_1_450' title='bbox 903 3346 1206 3399; x_wconf 82' lang='grc' dir='ltr'>Ἰουδαϊκῶν</span> <span class='ocrx_word' id='word_1_451' title='bbox 1228 3347 1634 3419; x_wconf 84' lang='grc' dir='ltr'>πρεσϐυτέρων.</span> <span class='ocrx_word' id='word_1_452' title='bbox 1666 3349 1776 3402; x_wconf 79' lang='grc' dir='ltr'><strong>Καὶ</strong></span> <span class='ocrx_word' id='word_1_453' title='bbox 1797 3350 1944 3414; x_wconf 69' lang='grc' dir='ltr'>εἰκὸς</span> 
     </span>
    </p>
   </div>
   <div class='ocr_carea' id='block_1_64' title="bbox 357 3435 1943 3513">
    <p class='ocr_par' dir='ltr' id='par_1_64' title="bbox 357 3435 1943 3513">
     <span class='ocr_line' id='line_1_65' title="bbox 357 3435 1943 3513; baseline 0.003 -22"><span class='ocrx_word' id='word_1_454' title='bbox 357 3437 440 3491; x_wconf 76' lang='grc' dir='ltr'>ὅτι</span> <span class='ocrx_word' id='word_1_455' title='bbox 472 3437 602 3491; x_wconf 80' lang='grc' dir='ltr'>αὐτὸ</span> <span class='ocrx_word' id='word_1_456' title='bbox 640 3435 702 3489; x_wconf 79' lang='grc' dir='ltr'>τὸ</span> <span class='ocrx_word' id='word_1_457' title='bbox 742 3436 852 3491; x_wconf 89' lang='grc' dir='ltr'><strong>τῶν</strong></span> <span class='ocrx_word' id='word_1_458' title='bbox 892 3436 1174 3506; x_wconf 88' lang='grc' dir='ltr'>φιλαιτίων</span> <span class='ocrx_word' id='word_1_459' title='bbox 1206 3437 1456 3510; x_wconf 73' lang='grc' dir='ltr'>ἔγκλημα</span> <span class='ocrx_word' id='word_1_460' title='bbox 1500 3439 1796 3512; x_wconf 82' lang='grc' dir='ltr'>παρίστησι</span> <span class='ocrx_word' id='word_1_461' title='bbox 1843 3443 1943 3513; x_wconf 78' lang='grc' dir='ltr'>τὴν</span> 
     </span>
    </p>
   </div>
   <div class='ocr_carea' id='block_1_65' title="bbox 357 3528 1944 3606">
    <p class='ocr_par' dir='ltr' id='par_1_65' title="bbox 357 3528 1944 3606">
     <span class='ocr_line' id='line_1_66' title="bbox 357 3528 1944 3606; baseline 0.004 -25"><span class='ocrx_word' id='word_1_462' title='bbox 357 3528 467 3581; x_wconf 86' lang='grc' dir='ltr'><strong>τῶν</strong></span> <span class='ocrx_word' id='word_1_463' title='bbox 507 3529 765 3600; x_wconf 83' lang='grc' dir='ltr'>μαθητῶν</span> <span class='ocrx_word' id='word_1_464' title='bbox 825 3530 999 3601; x_wconf 89' lang='grc' dir='ltr'>Ἰησοῦ</span> <span class='ocrx_word' id='word_1_465' title='bbox 1030 3530 1336 3596; x_wconf 80' lang='grc' dir='ltr'>εὐλάϐειαν,</span> <span class='ocrx_word' id='word_1_466' title='bbox 1376 3533 1642 3603; x_wconf 87' lang='grc' dir='ltr'>μηδεμίαν</span> <span class='ocrx_word' id='word_1_467' title='bbox 1691 3535 1944 3606; x_wconf 85' lang='grc' dir='ltr'>ἀφορμὴν</span> 
     </span>
    </p>
   </div>
   <div class='ocr_carea' id='block_1_66' title="bbox 357 3618 1945 3692">
    <p class='ocr_par' dir='ltr' id='par_1_66' title="bbox 357 3618 1945 3692">
     <span class='ocr_line' id='line_1_67' title="bbox 357 3618 1945 3692; baseline 0.005 -22"><span class='ocrx_word' id='word_1_468' title='bbox 357 3618 608 3671; x_wconf 89' lang='grc' dir='ltr'>διδόντων</span> <span class='ocrx_word' id='word_1_469' title='bbox 652 3618 980 3690; x_wconf 72' lang='grc' dir='ltr'>ἐπιλήψεως,</span> <span class='ocrx_word' id='word_1_470' title='bbox 1015 3621 1092 3685; x_wconf 87' lang='grc' dir='ltr'>ὼς</span> <span class='ocrx_word' id='word_1_471' title='bbox 1136 3623 1264 3692; x_wconf 78' lang='grc' dir='ltr'>περὶ</span> <span class='ocrx_word' id='word_1_472' title='bbox 1310 3622 1676 3692; x_wconf 86' lang='grc' dir='ltr'>παραϐάσεως</span> <span class='ocrx_word' id='word_1_473' title='bbox 1716 3625 1945 3678; x_wconf 86' lang='grc' dir='ltr'>ἐντολῶν</span> 
     </span>
    </p>
   </div>
   <div class='ocr_carea' id='block_1_67' title="bbox 357 3708 1947 3784">
    <p class='ocr_par' dir='ltr' id='par_1_67' title="bbox 357 3708 1947 3784">
     <span class='ocr_line' id='line_1_68' title="bbox 357 3708 1947 3784; baseline 0.005 -22"><span class='ocrx_word' id='word_1_474' title='bbox 357 3708 496 3762; x_wconf 79' lang='grc' dir='ltr'>θεοῦ</span> <span class='ocrx_word' id='word_1_475' title='bbox 522 3713 634 3772; x_wconf 84' lang='grc' dir='ltr'>τοῖς</span> <span class='ocrx_word' id='word_1_476' title='bbox 673 3710 986 3781; x_wconf 87' lang='grc' dir='ltr'>Φαρισαίοις</span> <span class='ocrx_word' id='word_1_477' title='bbox 1018 3713 1112 3765; x_wconf 72' lang='grc' dir='ltr'>καὶ</span> <span class='ocrx_word' id='word_1_478' title='bbox 1142 3713 1582 3784; x_wconf 84' lang='grc' dir='ltr'>γραμματεῦσιν,</span> <span class='ocrx_word' id='word_1_479' title='bbox 1625 3715 1821 3780; x_wconf 81' lang='grc' dir='ltr'>οἵτινες</span> <span class='ocrx_word' id='word_1_480' title='bbox 1845 3718 1947 3771; x_wconf 82' lang='grc' dir='ltr'>οὐκ</span> 
     </span>
    </p>
   </div>
   <div class='ocr_carea' id='block_1_68' title="bbox 361 3800 1947 3878">
    <p class='ocr_par' dir='ltr' id='par_1_68' title="bbox 361 3800 1947 3878">
     <span class='ocr_line' id='line_1_69' title="bbox 361 3800 1947 3878; baseline 0.004 -24"><span class='ocrx_word' id='word_1_481' title='bbox 361 3800 429 3855; x_wconf 84' lang='grc' dir='ltr'>ἂν</span> <span class='ocrx_word' id='word_1_482' title='bbox 471 3801 915 3872; x_wconf 81' lang='grc' dir='ltr'>προσηνέγκαντο</span> <span class='ocrx_word' id='word_1_483' title='bbox 957 3803 1084 3873; x_wconf 84' lang='grc' dir='ltr'>περὶ</span> <span class='ocrx_word' id='word_1_484' title='bbox 1130 3803 1494 3874; x_wconf 88' lang='grc' dir='ltr'>παραϐάσεως</span> <span class='ocrx_word' id='word_1_485' title='bbox 1538 3807 1646 3869; x_wconf 85' lang='grc' dir='ltr'>τοῖς</span> <span class='ocrx_word' id='word_1_486' title='bbox 1681 3807 1947 3878; x_wconf 84' lang='grc' dir='ltr'>μαθηταῖς</span> 
     </span>
    </p>
   </div>
   <div class='ocr_carea' id='block_1_69' title="bbox 361 3891 1947 3969">
    <p class='ocr_par' dir='ltr' id='par_1_69' title="bbox 361 3891 1947 3969">
     <span class='ocr_line' id='line_1_70' title="bbox 361 3891 1947 3969; baseline 0.004 -24"><span class='ocrx_word' id='word_1_487' title='bbox 361 3891 636 3964; x_wconf 82' lang='grc' dir='ltr'>ἔγκλημα,</span> <span class='ocrx_word' id='word_1_488' title='bbox 666 3892 742 3957; x_wconf 87' lang='grc' dir='ltr'>ὼς</span> <span class='ocrx_word' id='word_1_489' title='bbox 773 3892 1166 3964; x_wconf 85' lang='grc' dir='ltr'>παραϐαίνουσι</span> <span class='ocrx_word' id='word_1_490' title='bbox 1201 3894 1300 3965; x_wconf 77' lang='grc' dir='ltr'>τὴν</span> <span class='ocrx_word' id='word_1_491' title='bbox 1333 3895 1550 3966; x_wconf 80' lang='grc' dir='ltr'>ἐντολὴν</span> <span class='ocrx_word' id='word_1_492' title='bbox 1579 3897 1686 3949; x_wconf 91' lang='grc' dir='ltr'><strong>τῶν</strong></span> <span class='ocrx_word' id='word_1_493' title='bbox 1711 3897 1947 3969; x_wconf 85' lang='grc' dir='ltr'>πρεσϐυ-</span> 
     </span>
    </p>
   </div>
   <div class='ocr_carea' id='block_1_70' title="bbox 359 3981 1949 4062">
    <p class='ocr_par' dir='ltr' id='par_1_70' title="bbox 359 3981 1949 4062">
     <span class='ocr_line' id='line_1_71' title="bbox 359 3981 1949 4062; baseline 0.003 -24"><span class='ocrx_word' id='word_1_494' title='bbox 359 3987 558 4058; x_wconf 79' lang='grc' dir='ltr'>τέρων,</span> <span class='ocrx_word' id='word_1_495' title='bbox 593 3987 750 4058; x_wconf 75' lang='grc' dir='ltr'>εἴπερ</span> <span class='ocrx_word' id='word_1_496' title='bbox 793 3981 934 4055; x_wconf 75' lang='grc' dir='ltr'>εἶχον</span> <span class='ocrx_word' id='word_1_497' title='bbox 975 3986 1440 4058; x_wconf 80' lang='grc' dir='ltr'>ἐπιλαμϐάνεσθαι</span> <span class='ocrx_word' id='word_1_498' title='bbox 1473 3989 1581 4042; x_wconf 90' lang='grc' dir='ltr'><strong>τῶν</strong></span> <span class='ocrx_word' id='word_1_499' title='bbox 1609 3990 1949 4062; x_wconf 86' lang='grc' dir='ltr'>ἐγκαλουμέ-</span> 
     </span>
    </p>
   </div>
   <div class='ocr_carea' id='block_1_71' title="bbox 361 4077 1947 4153">
    <p class='ocr_par' dir='ltr' id='par_1_71' title="bbox 361 4077 1947 4153">
     <span class='ocr_line' id='line_1_72' title="bbox 361 4077 1947 4153; baseline 0.003 -23"><span class='ocrx_word' id='word_1_500' title='bbox 361 4097 489 4142; x_wconf 78' lang='grc' dir='ltr'>νων,</span> <span class='ocrx_word' id='word_1_501' title='bbox 520 4079 614 4131; x_wconf 82' lang='grc' dir='ltr'>καὶ</span> <span class='ocrx_word' id='word_1_502' title='bbox 639 4077 1019 4130; x_wconf 80' lang='grc' dir='ltr'>ἀποδεικνύναι</span> <span class='ocrx_word' id='word_1_503' title='bbox 1041 4079 1236 4142; x_wconf 78' lang='grc' dir='ltr'>αὐτοὺς</span> <span class='ocrx_word' id='word_1_504' title='bbox 1262 4080 1702 4151; x_wconf 86' lang='grc' dir='ltr'>παραϐαίνοντας</span> <span class='ocrx_word' id='word_1_505' title='bbox 1727 4081 1947 4153; x_wconf 84' lang='grc' dir='ltr'>ἐντολὴν</span> 
     </span>
    </p>
   </div>
   <div class='ocr_carea' id='block_1_72' title="bbox 361 4169 1946 4241">
    <p class='ocr_par' dir='ltr' id='par_1_72' title="bbox 361 4169 1946 4241">
     <span class='ocr_line' id='line_1_73' title="bbox 361 4169 1946 4241; baseline 0.004 -20"><span class='ocrx_word' id='word_1_506' title='bbox 361 4170 519 4223; x_wconf 78' lang='grc' dir='ltr'>Θεοῦ.</span> <span class='ocrx_word' id='word_1_507' title='bbox 568 4169 658 4240; x_wconf 85' lang='grc' dir='ltr'><strong>Μὴ</strong></span> <span class='ocrx_word' id='word_1_508' title='bbox 696 4171 925 4241; x_wconf 72' lang='grc' dir='ltr'>νομίσῃς</span> <span class='ocrx_word' id='word_1_509' title='bbox 969 4169 1027 4222; x_wconf 89' lang='grc' dir='ltr'><strong>δέ</strong></span> <span class='ocrx_word' id='word_1_510' title='bbox 1069 4170 1244 4225; x_wconf 88' lang='grc' dir='ltr'>ταῦτα</span> <span class='ocrx_word' id='word_1_511' title='bbox 1292 4173 1768 4227; x_wconf 86' lang='grc' dir='ltr'>κατασκευαστικά</span> <span class='ocrx_word' id='word_1_512' title='bbox 1808 4171 1946 4228; x_wconf 79' lang='grc' dir='ltr'>εἶναι</span> 
     </span>
    </p>
   </div>
   <div class='ocr_carea' id='block_1_73' title="bbox 360 4259 1949 4333">
    <p class='ocr_par' dir='ltr' id='par_1_73' title="bbox 360 4259 1949 4333">
     <span class='ocr_line' id='line_1_74' title="bbox 360 4259 1949 4333; baseline 0.003 -19"><span class='ocrx_word' id='word_1_513' title='bbox 360 4260 457 4314; x_wconf 89' lang='grc' dir='ltr'><strong>τοῦ</strong></span> <span class='ocrx_word' id='word_1_514' title='bbox 498 4260 609 4312; x_wconf 85' lang='grc' dir='ltr'>δεῖν</span> <span class='ocrx_word' id='word_1_515' title='bbox 650 4259 934 4330; x_wconf 84' lang='grc' dir='ltr'>τηρεῖσθαι</span> <span class='ocrx_word' id='word_1_516' title='bbox 976 4259 1068 4313; x_wconf 83' lang='grc' dir='ltr'>τὸν</span> <span class='ocrx_word' id='word_1_517' title='bbox 1111 4260 1252 4314; x_wconf 86' lang='grc' dir='ltr'><strong>κατά</strong></span> <span class='ocrx_word' id='word_1_518' title='bbox 1297 4262 1358 4313; x_wconf 80' lang='grc' dir='ltr'>τὸ</span> <span class='ocrx_word' id='word_1_519' title='bbox 1389 4261 1624 4333; x_wconf 83' lang='grc' dir='ltr'>γράμμα</span> <span class='ocrx_word' id='word_1_520' title='bbox 1669 4265 1949 4331; x_wconf 86' lang='grc' dir='ltr'>Μωῦσέως</span> 
     </span>
    </p>
   </div>
   <div class='ocr_carea' id='block_1_74' title="bbox 361 4349 1947 4424">
    <p class='ocr_par' dir='ltr' id='par_1_74' title="bbox 361 4349 1947 4424">
     <span class='ocr_line' id='line_1_75' title="bbox 361 4349 1947 4424; baseline 0.004 -20"><span class='ocrx_word' id='word_1_521' title='bbox 361 4353 552 4422; x_wconf 81' lang='grc' dir='ltr'>νόμον,</span> <span class='ocrx_word' id='word_1_522' title='bbox 588 4351 711 4403; x_wconf 77' lang='grc' dir='ltr'>ἐπεὶ</span> <span class='ocrx_word' id='word_1_523' title='bbox 758 4351 807 4403; x_wconf 78' lang='lat' dir='ltr'><strong>ot</strong></span> <span class='ocrx_word' id='word_1_524' title='bbox 836 4351 930 4404; x_wconf 89' lang='grc' dir='ltr'><strong>τοῦ</strong></span> <span class='ocrx_word' id='word_1_525' title='bbox 975 4349 1150 4422; x_wconf 85' lang='grc' dir='ltr'>Ἰησοῦ</span> <span class='ocrx_word' id='word_1_526' title='bbox 1189 4352 1428 4424; x_wconf 70' lang='grc' dir='ltr'>μαθηταὶ</span> <span class='ocrx_word' id='word_1_527' title='bbox 1466 4353 1570 4418; x_wconf 81' lang='grc' dir='ltr'>ἓως</span> <span class='ocrx_word' id='word_1_528' title='bbox 1615 4356 1735 4408; x_wconf 91' lang='grc' dir='ltr'>τότε</span> <span class='ocrx_word' id='word_1_529' title='bbox 1785 4356 1947 4410; x_wconf 83' lang='grc' dir='ltr'>αὐτὸν</span> 
     </span>
    </p>
   </div>
   <div class='ocr_carea' id='block_1_75' title="bbox 2049 3254 3625 3320">
    <p class='ocr_par' dir='ltr' id='par_1_75' title="bbox 2049 3254 3625 3320">
     <span class='ocr_line' id='line_1_76' title="bbox 2049 3254 3625 3320; baseline 0.001 -12"><span class='ocrx_word' id='word_1_530' title='bbox 2049 3254 2344 3308; x_wconf 85' lang='lat' dir='ltr'><strong>verisimile</strong></span> <span class='ocrx_word' id='word_1_531' title='bbox 2403 3264 2487 3309; x_wconf 90' lang='lat' dir='ltr'><strong>est</strong></span> <span class='ocrx_word' id='word_1_532' title='bbox 2567 3255 2709 3309; x_wconf 85' lang='lat' dir='ltr'><strong>hanc</strong></span> <span class='ocrx_word' id='word_1_533' title='bbox 2793 3256 3105 3311; x_wconf 76' lang='lat' dir='ltr'><strong>rixosarum</strong></span> <span class='ocrx_word' id='word_1_534' title='bbox 3183 3257 3625 3320; x_wconf 87' lang='lat' dir='ltr'><strong>accusationem,</strong></span> 
     </span>
    </p>
   </div>
   <div class='ocr_carea' id='block_1_76' title="bbox 2046 3344 3626 3419">
    <p class='ocr_par' dir='ltr' id='par_1_76' title="bbox 2046 3344 3626 3419">
     <span class='ocr_line' id='line_1_77' title="bbox 2046 3344 3626 3419; baseline 0.001 -19"><span class='ocrx_word' id='word_1_535' title='bbox 2046 3344 2176 3401; x_wconf 83' lang='lat' dir='ltr'><strong>Jesu</strong></span> <span class='ocrx_word' id='word_1_536' title='bbox 2222 3347 2615 3416; x_wconf 89' lang='lat' dir='ltr'><strong>discipulorum</strong></span> <span class='ocrx_word' id='word_1_537' title='bbox 2662 3349 2912 3418; x_wconf 87' lang='lat' dir='ltr'><strong>pietatem</strong></span> <span class='ocrx_word' id='word_1_538' title='bbox 2947 3351 3214 3419; x_wconf 86' lang='lat' dir='ltr'><strong>probare,</strong></span> <span class='ocrx_word' id='word_1_539' title='bbox 3246 3349 3448 3403; x_wconf 82' lang='lat' dir='ltr'><strong>nullam</strong></span> <span class='ocrx_word' id='word_1_540' title='bbox 3487 3349 3626 3403; x_wconf 88' lang='lat' dir='ltr'><strong>dan-</strong></span> 
     </span>
    </p>
   </div>
   <div class='ocr_carea' id='block_1_77' title="bbox 2049 3437 3630 3509">
    <p class='ocr_par' dir='ltr' id='par_1_77' title="bbox 2049 3437 3630 3509">
     <span class='ocr_line' id='line_1_78' title="bbox 2049 3437 3630 3509; baseline 0.001 -18"><span class='ocrx_word' id='word_1_541' title='bbox 2049 3439 2181 3491; x_wconf 90' lang='lat' dir='ltr'><strong>tium</strong></span> <span class='ocrx_word' id='word_1_542' title='bbox 2218 3437 2660 3507; x_wconf 88' lang='lat' dir='ltr'><strong>reprehensionis</strong></span> <span class='ocrx_word' id='word_1_543' title='bbox 2685 3453 2898 3504; x_wconf 87' lang='lat' dir='ltr'><strong>ansam,</strong></span> <span class='ocrx_word' id='word_1_544' title='bbox 2932 3439 3080 3494; x_wconf 91' lang='lat' dir='ltr'><strong>velut</strong></span> <span class='ocrx_word' id='word_1_545' title='bbox 3104 3439 3171 3494; x_wconf 87' lang='lat' dir='ltr'><strong>de</strong></span> <span class='ocrx_word' id='word_1_546' title='bbox 3195 3440 3630 3509; x_wconf 87' lang='lat' dir='ltr'><strong>transgressione</strong></span> 
     </span>
    </p>
   </div>
   <div class='ocr_carea' id='block_1_78' title="bbox 2049 3529 3626 3601">
    <p class='ocr_par' dir='ltr' id='par_1_78' title="bbox 2049 3529 3626 3601">
     <span class='ocr_line' id='line_1_79' title="bbox 2049 3529 3626 3601; baseline 0 -18"><span class='ocrx_word' id='word_1_547' title='bbox 2049 3530 2435 3585; x_wconf 89' lang='lat' dir='ltr'><strong>mandatorum</strong></span> <span class='ocrx_word' id='word_1_548' title='bbox 2469 3529 2588 3597; x_wconf 94' lang='lat' dir='ltr'><strong>Dei,</strong></span> <span class='ocrx_word' id='word_1_549' title='bbox 2617 3529 2909 3586; x_wconf 71' lang='lat' dir='ltr'><strong>Pharisaeis</strong></span> <span class='ocrx_word' id='word_1_550' title='bbox 2927 3540 2982 3585; x_wconf 87' lang='lat' dir='ltr'><strong>et</strong></span> <span class='ocrx_word' id='word_1_551' title='bbox 3011 3530 3252 3596; x_wconf 89' lang='lat' dir='ltr'><strong>Scribis;</strong></span> <span class='ocrx_word' id='word_1_552' title='bbox 3281 3529 3374 3601; x_wconf 90' lang='lat' dir='ltr'><strong>qui</strong></span> <span class='ocrx_word' id='word_1_553' title='bbox 3405 3529 3626 3599; x_wconf 89' lang='lat' dir='ltr'><strong>quidem</strong></span> 
     </span>
    </p>
   </div>
   <div class='ocr_carea' id='block_1_79' title="bbox 2049 3621 3628 3691">
    <p class='ocr_par' dir='ltr' id='par_1_79' title="bbox 2049 3621 3628 3691">
     <span class='ocr_line' id='line_1_80' title="bbox 2049 3621 3628 3691; baseline -0.001 -15"><span class='ocrx_word' id='word_1_554' title='bbox 2049 3621 2116 3676; x_wconf 87' lang='lat' dir='ltr'><strong>de</strong></span> <span class='ocrx_word' id='word_1_555' title='bbox 2144 3621 2581 3691; x_wconf 80' lang='lat' dir='ltr'><strong>transgressione</strong></span> <span class='ocrx_word' id='word_1_556' title='bbox 2607 3622 2906 3691; x_wconf 90' lang='lat' dir='ltr'><strong>discipulos</strong></span> <span class='ocrx_word' id='word_1_557' title='bbox 2935 3637 3043 3676; x_wconf 90' lang='lat' dir='ltr'><strong>non</strong></span> <span class='ocrx_word' id='word_1_558' title='bbox 3072 3632 3444 3684; x_wconf 84' lang='lat' dir='ltr'><strong>accusassent,</strong></span> <span class='ocrx_word' id='word_1_559' title='bbox 3469 3621 3628 3691; x_wconf 85' lang='lat' dir='ltr'><strong>quasi</strong></span> 
     </span>
    </p>
   </div>
   <div class='ocr_carea' id='block_1_80' title="bbox 2051 3711 3628 3784">
    <p class='ocr_par' dir='ltr' id='par_1_80' title="bbox 2051 3711 3628 3784">
     <span class='ocr_line' id='line_1_81' title="bbox 2051 3711 3628 3784; baseline -0.001 -16"><span class='ocrx_word' id='word_1_560' title='bbox 2051 3714 2513 3784; x_wconf 81' lang='lat' dir='ltr'><strong>transgredientes</strong></span> <span class='ocrx_word' id='word_1_561' title='bbox 2542 3724 2876 3784; x_wconf 65' lang='lat' dir='ltr'><strong>praeceptum</strong></span> <span class='ocrx_word' id='word_1_562' title='bbox 2907 3714 3210 3779; x_wconf 88' lang='lat' dir='ltr'><strong>seniorum,</strong></span> <span class='ocrx_word' id='word_1_563' title='bbox 3233 3713 3278 3768; x_wconf 92' lang='lat' dir='ltr'><strong>si</strong></span> <span class='ocrx_word' id='word_1_564' title='bbox 3312 3711 3628 3767; x_wconf 85' lang='lat' dir='ltr'><strong>facultatem</strong></span> 
     </span>
    </p>
   </div>
   <div class='ocr_carea' id='block_1_81' title="bbox 2049 3803 3630 3876">
    <p class='ocr_par' dir='ltr' id='par_1_81' title="bbox 2049 3803 3630 3876">
     <span class='ocr_line' id='line_1_82' title="bbox 2049 3803 3630 3876; baseline -0.003 -16"><span class='ocrx_word' id='word_1_565' title='bbox 2049 3805 2373 3860; x_wconf 87' lang='lat' dir='ltr'><strong>habuissent</strong></span> <span class='ocrx_word' id='word_1_566' title='bbox 2435 3805 2766 3876; x_wconf 88' lang='lat' dir='ltr'><strong>corripiendi</strong></span> <span class='ocrx_word' id='word_1_567' title='bbox 2815 3821 2910 3860; x_wconf 85' lang='lat' dir='ltr'><strong>eos</strong></span> <span class='ocrx_word' id='word_1_568' title='bbox 2961 3805 3054 3875; x_wconf 90' lang='lat' dir='ltr'><strong>qui</strong></span> <span class='ocrx_word' id='word_1_569' title='bbox 3105 3803 3536 3864; x_wconf 83' lang='lat' dir='ltr'><strong>accusabantur,</strong></span> <span class='ocrx_word' id='word_1_570' title='bbox 3575 3810 3630 3856; x_wconf 89' lang='lat' dir='ltr'><strong>et</strong></span> 
     </span>
    </p>
   </div>
   <div class='ocr_carea' id='block_1_82' title="bbox 2050 3893 3630 3968">
    <p class='ocr_par' dir='ltr' id='par_1_82' title="bbox 2050 3893 3630 3968">
     <span class='ocr_line' id='line_1_83' title="bbox 2050 3893 3630 3968; baseline -0.002 -17"><span class='ocrx_word' id='word_1_571' title='bbox 2050 3898 2365 3952; x_wconf 85' lang='lat' dir='ltr'><strong>ostendendi</strong></span> <span class='ocrx_word' id='word_1_572' title='bbox 2403 3899 2710 3968; x_wconf 77' lang='lat' dir='ltr'><strong>transgredi</strong></span> <span class='ocrx_word' id='word_1_573' title='bbox 2739 3899 2863 3952; x_wconf 89' lang='lat' dir='ltr'><strong>illos</strong></span> <span class='ocrx_word' id='word_1_574' title='bbox 2893 3897 3212 3952; x_wconf 81' lang='lat' dir='ltr'><strong>mandatum</strong></span> <span class='ocrx_word' id='word_1_575' title='bbox 3234 3893 3348 3950; x_wconf 91' lang='lat' dir='ltr'><strong>Dei.</strong></span> <span class='ocrx_word' id='word_1_576' title='bbox 3368 3893 3446 3949; x_wconf 81' lang='lat' dir='ltr'><strong>No</strong></span> <span class='ocrx_word' id='word_1_577' title='bbox 3473 3904 3630 3964; x_wconf 87' lang='lat' dir='ltr'><strong>putes</strong></span> 
     </span>
    </p>
   </div>
   <div class='ocr_carea' id='block_1_83' title="bbox 2049 3986 3630 4060">
    <p class='ocr_par' dir='ltr' id='par_1_83' title="bbox 2049 3986 3630 4060">
     <span class='ocr_line' id='line_1_84' title="bbox 2049 3986 3630 4060; baseline -0.001 -18"><span class='ocrx_word' id='word_1_578' title='bbox 2049 3998 2231 4042; x_wconf 83' lang='lat' dir='ltr'><strong>autem</strong></span> <span class='ocrx_word' id='word_1_579' title='bbox 2283 3989 2369 4044; x_wconf 89' lang='lat' dir='ltr'><strong>bis</strong></span> <span class='ocrx_word' id='word_1_580' title='bbox 2423 3990 2645 4060; x_wconf 87' lang='lat' dir='ltr'><strong>probari</strong></span> <span class='ocrx_word' id='word_1_581' title='bbox 2704 3991 3028 4046; x_wconf 85' lang='lat' dir='ltr'><strong>servandam</strong></span> <span class='ocrx_word' id='word_1_582' title='bbox 3061 4003 3184 4044; x_wconf 90' lang='lat' dir='ltr'><strong>esse</strong></span> <span class='ocrx_word' id='word_1_583' title='bbox 3217 3989 3390 4059; x_wconf 88' lang='lat' dir='ltr'><strong>legem</strong></span> <span class='ocrx_word' id='word_1_584' title='bbox 3428 3986 3630 4057; x_wconf 80' lang='lat' dir='ltr'><strong>Moysis</strong></span> 
     </span>
    </p>
   </div>
   <div class='ocr_carea' id='block_1_84' title="bbox 2045 4075 3632 4149">
    <p class='ocr_par' dir='ltr' id='par_1_84' title="bbox 2045 4075 3632 4149">
     <span class='ocr_line' id='line_1_85' title="bbox 2045 4075 3632 4149; baseline -0.001 -17"><span class='ocrx_word' id='word_1_585' title='bbox 2045 4078 2200 4149; x_wconf 71' lang='lat' dir='ltr'><strong>juxta</strong></span> <span class='ocrx_word' id='word_1_586' title='bbox 2234 4079 2496 4143; x_wconf 90' lang='lat' dir='ltr'><strong>litteram,</strong></span> <span class='ocrx_word' id='word_1_587' title='bbox 2523 4079 2654 4148; x_wconf 89' lang='lat' dir='ltr'><strong>quia</strong></span> <span class='ocrx_word' id='word_1_588' title='bbox 2683 4079 2936 4134; x_wconf 85' lang='lat' dir='ltr'><strong>videlicet</strong></span> <span class='ocrx_word' id='word_1_589' title='bbox 2976 4078 3232 4147; x_wconf 87' lang='lat' dir='ltr'><strong>discipuli</strong></span> <span class='ocrx_word' id='word_1_590' title='bbox 3273 4075 3403 4132; x_wconf 85' lang='lat' dir='ltr'><strong>Jesu</strong></span> <span class='ocrx_word' id='word_1_591' title='bbox 3425 4077 3492 4132; x_wconf 86' lang='lat' dir='ltr'><strong>ad</strong></span> <span class='ocrx_word' id='word_1_592' title='bbox 3527 4077 3632 4130; x_wconf 89' lang='lat' dir='ltr'><strong>hoc</strong></span> 
     </span>
    </p>
   </div>
   <div class='ocr_carea' id='block_1_85' title="bbox 2053 4170 3629 4242">
    <p class='ocr_par' dir='ltr' id='par_1_85' title="bbox 2053 4170 3629 4242">
     <span class='ocr_line' id='line_1_86' title="bbox 2053 4170 3629 4242; baseline -0.002 -16"><span class='ocrx_word' id='word_1_593' title='bbox 2053 4187 2232 4242; x_wconf 90' lang='lat' dir='ltr'><strong>usque</strong></span> <span class='ocrx_word' id='word_1_594' title='bbox 2257 4181 2475 4241; x_wconf 88' lang='lat' dir='ltr'><strong>tempus</strong></span> <span class='ocrx_word' id='word_1_595' title='bbox 2506 4187 2626 4226; x_wconf 90' lang='lat' dir='ltr'><strong>eam</strong></span> <span class='ocrx_word' id='word_1_596' title='bbox 2659 4171 2986 4238; x_wconf 84' lang='lat' dir='ltr'><strong>servabant;</strong></span> <span class='ocrx_word' id='word_1_597' title='bbox 3025 4185 3127 4225; x_wconf 90' lang='lat' dir='ltr'><strong>nec</strong></span> <span class='ocrx_word' id='word_1_598' title='bbox 3158 4170 3302 4224; x_wconf 90' lang='lat' dir='ltr'><strong>enim</strong></span> <span class='ocrx_word' id='word_1_599' title='bbox 3337 4177 3629 4239; x_wconf 87' lang='lat' dir='ltr'><strong>antequam</strong></span> 
     </span>
    </p>
   </div>
   <div class='ocr_carea' id='block_1_86' title="bbox 2051 4261 3630 4334">
    <p class='ocr_par' dir='ltr' id='par_1_86' title="bbox 2051 4261 3630 4334">
     <span class='ocr_line' id='line_1_87' title="bbox 2051 4261 3630 4334; baseline -0.002 -16"><span class='ocrx_word' id='word_1_600' title='bbox 2051 4272 2350 4334; x_wconf 89' lang='lat' dir='ltr'><strong>pateretur,</strong></span> <span class='ocrx_word' id='word_1_601' title='bbox 2385 4281 2404 4315; x_wconf 79' lang='grc' dir='ltr'><strong>ι</strong></span> <span class='ocrx_word' id='word_1_602' title='bbox 2437 4278 2538 4320; x_wconf 91' lang='lat' dir='ltr'><strong>nos</strong></span> <span class='ocrx_word' id='word_1_603' title='bbox 2583 4263 2817 4320; x_wconf 88' lang='lat' dir='ltr'><strong>redemit</strong></span> <span class='ocrx_word' id='word_1_604' title='bbox 2853 4263 2921 4318; x_wconf 89' lang='lat' dir='ltr'><strong>de</strong></span> <span class='ocrx_word' id='word_1_605' title='bbox 2977 4261 3269 4317; x_wconf 90' lang='lat' dir='ltr'><strong>maledicto</strong></span> <span class='ocrx_word' id='word_1_606' title='bbox 3327 4261 3496 4330; x_wconf 80' lang='lat' dir='ltr'><strong>legis,</strong></span> <span class='ocrx_word' id='word_1_607' title='bbox 3529 4279 3548 4311; x_wconf 77' lang='grc' dir='ltr'><strong>ι</strong></span> <span class='ocrx_word' id='word_1_608' title='bbox 3583 4261 3630 4315; x_wconf 88' lang='lat' dir='ltr'><strong>is</strong></span> 
     </span>
    </p>
   </div>
   <div class='ocr_carea' id='block_1_87' title="bbox 2049 4352 3631 4425">
    <p class='ocr_par' dir='ltr' id='par_1_87' title="bbox 2049 4352 3631 4425">
     <span class='ocr_line' id='line_1_88' title="bbox 2049 4352 3631 4425; baseline 0 -17"><span class='ocrx_word' id='word_1_609' title='bbox 2049 4354 2166 4424; x_wconf 91' lang='lat' dir='ltr'><strong>qui,</strong></span> <span class='ocrx_word' id='word_1_610' title='bbox 2205 4354 2462 4424; x_wconf 89' lang='lat' dir='ltr'><strong>patiendo</strong></span> <span class='ocrx_word' id='word_1_611' title='bbox 2491 4369 2591 4425; x_wconf 90' lang='lat' dir='ltr'><strong>pro</strong></span> <span class='ocrx_word' id='word_1_612' title='bbox 2623 4355 2960 4420; x_wconf 88' lang='lat' dir='ltr'><strong>hominibus,</strong></span> <span class='ocrx_word' id='word_1_613' title='bbox 2987 4372 3006 4405; x_wconf 81' lang='grc' dir='ltr'><strong>ι</strong></span> <span class='ocrx_word' id='word_1_614' title='bbox 3029 4353 3210 4409; x_wconf 78' lang='lat' dir='ltr'><strong>factus</strong></span> <span class='ocrx_word' id='word_1_615' title='bbox 3238 4361 3323 4408; x_wconf 86' lang='lat' dir='ltr'><strong>est</strong></span> <span class='ocrx_word' id='word_1_616' title='bbox 3355 4367 3454 4422; x_wconf 91' lang='lat' dir='ltr'><strong>pro</strong></span> <span class='ocrx_word' id='word_1_617' title='bbox 3473 4352 3631 4408; x_wconf 91' lang='lat' dir='ltr'><strong>nobis</strong></span> 
     </span>
    </p>
   </div>
   <div class='ocr_carea' id='block_1_88' title="bbox 362 4442 1940 4517">
    <p class='ocr_par' dir='ltr' id='par_1_88' title="bbox 362 4442 1940 4517">
     <span class='ocr_line' id='line_1_89' title="bbox 362 4442 1940 4517; baseline 0.002 -21"><span class='ocrx_word' id='word_1_618' title='bbox 362 4443 696 4512; x_wconf 71' lang='grc' dir='ltr'>ἐφύλαττον·</span> <span class='ocrx_word' id='word_1_619' title='bbox 740 4442 801 4494; x_wconf 79' lang='grc' dir='ltr'>οὐ</span> <span class='ocrx_word' id='word_1_620' title='bbox 855 4442 966 4515; x_wconf 90' lang='grc' dir='ltr'><strong>γάρ</strong></span> <span class='ocrx_word' id='word_1_621' title='bbox 1014 4443 1122 4516; x_wconf 83' lang='grc' dir='ltr'>πρὸ</span> <span class='ocrx_word' id='word_1_622' title='bbox 1167 4443 1258 4496; x_wconf 90' lang='grc' dir='ltr'><strong>τοῦ</strong></span> <span class='ocrx_word' id='word_1_623' title='bbox 1309 4445 1500 4500; x_wconf 82' lang='grc' dir='ltr'>παθεῖν</span> <span class='ocrx_word' id='word_1_624' title='bbox 1544 4464 1564 4497; x_wconf 79' lang='grc' dir='ltr'><strong>ι</strong></span> <span class='ocrx_word' id='word_1_625' title='bbox 1617 4445 1940 4517; x_wconf 79' lang='grc' dir='ltr'>ἐξηγόρασεν</span> 
     </span>
    </p>
   </div>
   <div class='ocr_carea' id='block_1_89' title="bbox 2043 4442 3633 4517">
    <p class='ocr_par' dir='ltr' id='par_1_89' title="bbox 2051 4444 3633 4517">
     <span class='ocr_line' id='line_1_90' title="bbox 2051 4444 3633 4517; baseline 0 -18"><span class='ocrx_word' id='word_1_626' title='bbox 2051 4447 2401 4502; x_wconf 89' lang='lat' dir='ltr'><strong>maledictum</strong></span> <span class='ocrx_word' id='word_1_627' title='bbox 2437 4447 2504 4502; x_wconf 84' lang='grc'><strong>¹⁹.</strong></span> <span class='ocrx_word' id='word_1_628' title='bbox 2542 4465 2562 4499; x_wconf 74' lang='grc' dir='ltr'><strong>ι</strong></span> <span class='ocrx_word' id='word_1_629' title='bbox 2596 4446 2702 4502; x_wconf 89' lang='lat' dir='ltr'><strong>Sed</strong></span> <span class='ocrx_word' id='word_1_630' title='bbox 2750 4445 3212 4517; x_wconf 87' lang='lat' dir='ltr'><strong>quemadmodum</strong></span> <span class='ocrx_word' id='word_1_631' title='bbox 3249 4444 3633 4499; x_wconf 86' lang='lat' dir='ltr'><strong>convenienter</strong></span> 
     </span>
    </p>
   </div>
   <div class='ocr_carea' id='block_1_90' title="bbox 362 4534 1940 4608">
    <p class='ocr_par' dir='ltr' id='par_1_90' title="bbox 362 4534 1940 4608">
     <span class='ocr_line' id='line_1_91' title="bbox 362 4534 1940 4608; baseline 0.002 -20"><span class='ocrx_word' id='word_1_632' title='bbox 362 4536 511 4606; x_wconf 80' lang='grc' dir='ltr'>ἡμᾶς</span> <span class='ocrx_word' id='word_1_633' title='bbox 557 4536 620 4587; x_wconf 90' lang='grc' dir='ltr'><strong>ἐκ</strong></span> <span class='ocrx_word' id='word_1_634' title='bbox 662 4535 760 4605; x_wconf 79' lang='grc' dir='ltr'>τῆς</span> <span class='ocrx_word' id='word_1_635' title='bbox 791 4534 1033 4605; x_wconf 84' lang='grc' dir='ltr'>κατάρας</span> <span class='ocrx_word' id='word_1_636' title='bbox 1079 4534 1172 4589; x_wconf 87' lang='grc' dir='ltr'><strong>τοῦ</strong></span> <span class='ocrx_word' id='word_1_637' title='bbox 1215 4536 1382 4608; x_wconf 86' lang='grc' dir='ltr'>νόμου</span> <span class='ocrx_word' id='word_1_638' title='bbox 1421 4555 1439 4588; x_wconf 75' lang='grc' dir='ltr'><strong>ι</strong></span> <span class='ocrx_word' id='word_1_639' title='bbox 1489 4538 1519 4590; x_wconf 87' lang='grc' dir='ltr'>ὁ</span> <span class='ocrx_word' id='word_1_640' title='bbox 1552 4538 1608 4590; x_wconf 86' lang='grc' dir='ltr'><strong>ἐν</strong></span> <span class='ocrx_word' id='word_1_641' title='bbox 1640 4536 1717 4608; x_wconf 87' lang='grc' dir='ltr'>τῷ</span> <span class='ocrx_word' id='word_1_642' title='bbox 1760 4537 1940 4591; x_wconf 67' lang='grc' dir='ltr'>παθεῖι.</span> 
     </span>
    </p>
   </div>
   <div class='ocr_carea' id='block_1_91' title="bbox 2043 4534 3634 4608">
    <p class='ocr_par' dir='ltr' id='par_1_91' title="bbox 2053 4534 3634 4605">
     <span class='ocr_line' id='line_1_92' title="bbox 2053 4534 3634 4605; baseline -0.003 -12"><span class='ocrx_word' id='word_1_643' title='bbox 2053 4537 2256 4595; x_wconf 90' lang='lat' dir='ltr'><strong>Paulus</strong></span> <span class='ocrx_word' id='word_1_644' title='bbox 2287 4538 2492 4596; x_wconf 71' lang='lat' dir='ltr'><strong>Iudaeis</strong></span> <span class='ocrx_word' id='word_1_645' title='bbox 2526 4540 2704 4597; x_wconf 81' lang='lat' dir='ltr'><strong>factus</strong></span> <span class='ocrx_word' id='word_1_646' title='bbox 2739 4551 2823 4596; x_wconf 87' lang='lat' dir='ltr'><strong>est</strong></span> <span class='ocrx_word' id='word_1_647' title='bbox 2875 4559 2893 4592; x_wconf 80' lang='grc' dir='ltr'><strong>ι</strong></span> <span class='ocrx_word' id='word_1_648' title='bbox 2922 4538 3172 4605; x_wconf 73' lang='lat' dir='ltr'><strong>Iudaeus,</strong></span> <span class='ocrx_word' id='word_1_649' title='bbox 3213 4545 3272 4592; x_wconf 91' lang='lat' dir='ltr'><strong>ut</strong></span> <span class='ocrx_word' id='word_1_650' title='bbox 3307 4534 3524 4590; x_wconf 70' lang='lat' dir='ltr'><strong>Iudaeos</strong></span> <span class='ocrx_word' id='word_1_651' title='bbox 3550 4536 3634 4590; x_wconf 90' lang='lat' dir='ltr'><strong>lu-</strong></span> 
     </span>
    </p>
   </div>
   <div class='ocr_carea' id='block_1_92' title="bbox 362 4623 1940 4700">
    <p class='ocr_par' dir='ltr' id='par_1_92' title="bbox 362 4623 1939 4700">
     <span class='ocr_line' id='line_1_93' title="bbox 362 4623 1939 4700; baseline 0.002 -22"><span class='ocrx_word' id='word_1_652' title='bbox 362 4627 506 4696; x_wconf 81' lang='grc' dir='ltr'>ὑπὲρ</span> <span class='ocrx_word' id='word_1_653' title='bbox 546 4623 848 4697; x_wconf 81' lang='grc' dir='ltr'>ἀνθρώπων</span> <span class='ocrx_word' id='word_1_654' title='bbox 882 4643 900 4675; x_wconf 79' lang='grc' dir='ltr'><strong>ι</strong></span> <span class='ocrx_word' id='word_1_655' title='bbox 946 4625 1237 4697; x_wconf 86' lang='grc' dir='ltr'>γενόμενος</span> <span class='ocrx_word' id='word_1_656' title='bbox 1285 4627 1422 4698; x_wconf 81' lang='grc' dir='ltr'>ὑπὲρ</span> <span class='ocrx_word' id='word_1_657' title='bbox 1455 4626 1610 4699; x_wconf 81' lang='grc' dir='ltr'>ἡμῶν</span> <span class='ocrx_word' id='word_1_658' title='bbox 1638 4628 1868 4700; x_wconf 86' lang='grc' dir='ltr'>κατάρα.</span> <span class='ocrx_word' id='word_1_659' title='bbox 1920 4648 1939 4681; x_wconf 76' lang='grc' dir='ltr'><strong>ι</strong></span> 
     </span>
    </p>
   </div>
   <div class='ocr_carea' id='block_1_93' title="bbox 2043 4623 3637 4700">
    <p class='ocr_par' dir='ltr' id='par_1_93' title="bbox 2049 4625 3637 4700">
     <span class='ocr_line' id='line_1_94' title="bbox 2049 4625 3637 4700; baseline -0.001 -17"><span class='ocrx_word' id='word_1_660' title='bbox 2049 4637 2298 4684; x_wconf 87' lang='lat' dir='ltr'><strong>craretur</strong></span> <span class='ocrx_word' id='word_1_661' title='bbox 2321 4630 2389 4698; x_wconf 78' lang='lat'><strong>&#39;°;</strong></span> <span class='ocrx_word' id='word_1_662' title='bbox 2435 4650 2454 4684; x_wconf 77' lang='grc' dir='ltr'><strong>ι</strong></span> <span class='ocrx_word' id='word_1_663' title='bbox 2494 4631 2625 4700; x_wconf 93' lang='lat' dir='ltr'><strong>quid</strong></span> <span class='ocrx_word' id='word_1_664' title='bbox 2675 4629 2970 4686; x_wconf 91' lang='lat' dir='ltr'><strong>absurdum</strong></span> <span class='ocrx_word' id='word_1_665' title='bbox 3019 4639 3103 4686; x_wconf 86' lang='lat' dir='ltr'><strong>est</strong></span> <span class='ocrx_word' id='word_1_666' title='bbox 3141 4628 3417 4699; x_wconf 87' lang='lat' dir='ltr'><strong>apostolos</strong></span> <span class='ocrx_word' id='word_1_667' title='bbox 3465 4625 3637 4698; x_wconf 70' lang='grc'><strong>488</strong></span> 
     </span>
    </p>
   </div>
   <div class='ocr_carea' id='block_1_94' title="bbox 373 4717 1940 4793">
    <p class='ocr_par' dir='ltr' id='par_1_94' title="bbox 373 4717 1940 4790">
     <span class='ocr_line' id='line_1_95' title="bbox 373 4717 1940 4790; baseline 0.003 -20"><span class='ocrx_word' id='word_1_668' title='bbox 373 4717 536 4771; x_wconf 81' lang='grc' dir='ltr'>Ἀλλά</span> <span class='ocrx_word' id='word_1_669' title='bbox 580 4717 822 4790; x_wconf 75' lang='grc' dir='ltr'>ὡσπερεὶ</span> <span class='ocrx_word' id='word_1_670' title='bbox 869 4717 1220 4789; x_wconf 88' lang='grc' dir='ltr'>καθηκόντως</span> <span class='ocrx_word' id='word_1_671' title='bbox 1253 4718 1349 4772; x_wconf 73' lang='grc' dir='ltr'>καὶ</span> <span class='ocrx_word' id='word_1_672' title='bbox 1398 4719 1612 4783; x_wconf 88' lang='grc' dir='ltr'>Παῦλος</span> <span class='ocrx_word' id='word_1_673' title='bbox 1652 4723 1766 4784; x_wconf 90' lang='grc' dir='ltr'>τοῖς</span> <span class='ocrx_word' id='word_1_674' title='bbox 1817 4723 1940 4775; x_wconf 85' lang='grc' dir='ltr'>Ἰου-</span> 
     </span>
    </p>
   </div>
   <div class='ocr_carea' id='block_1_95' title="bbox 2043 4717 3634 4793">
    <p class='ocr_par' dir='ltr' id='par_1_95' title="bbox 2051 4719 3634 4793">
     <span class='ocr_line' id='line_1_96' title="bbox 2051 4719 3634 4793; baseline -0.002 -19"><span class='ocrx_word' id='word_1_675' title='bbox 2051 4720 2193 4776; x_wconf 88' lang='lat' dir='ltr'><strong>inter</strong></span> <span class='ocrx_word' id='word_1_676' title='bbox 2225 4719 2444 4778; x_wconf 66' lang='lat' dir='ltr'><strong>Iudaeos</strong></span> <span class='ocrx_word' id='word_1_677' title='bbox 2469 4733 2898 4788; x_wconf 90' lang='lat' dir='ltr'><strong>commorantes,</strong></span> <span class='ocrx_word' id='word_1_678' title='bbox 2937 4723 3042 4777; x_wconf 90' lang='lat' dir='ltr'><strong>etsi</strong></span> <span class='ocrx_word' id='word_1_679' title='bbox 3075 4722 3335 4793; x_wconf 80' lang='lat' dir='ltr'><strong>mysticos</strong></span> <span class='ocrx_word' id='word_1_680' title='bbox 3359 4719 3494 4789; x_wconf 82' lang='lat' dir='ltr'><strong>legis</strong></span> <span class='ocrx_word' id='word_1_681' title='bbox 3515 4734 3634 4772; x_wconf 90' lang='lat' dir='ltr'><strong>sen-</strong></span> 
     </span>
    </p>
   </div>
   <div class='ocr_carea' id='block_1_96' title="bbox 359 4807 1940 4883">
    <p class='ocr_par' dir='ltr' id='par_1_96' title="bbox 359 4807 1940 4883">
     <span class='ocr_line' id='line_1_97' title="bbox 359 4807 1940 4883; baseline 0.003 -23"><span class='ocrx_word' id='word_1_682' title='bbox 359 4807 530 4871; x_wconf 78' lang='grc' dir='ltr'>δαίοις</span> <span class='ocrx_word' id='word_1_683' title='bbox 566 4825 586 4859; x_wconf 77' lang='grc' dir='ltr'><strong>ι</strong></span> <span class='ocrx_word' id='word_1_684' title='bbox 639 4808 890 4872; x_wconf 88' lang='grc' dir='ltr'>Ἰουδαῖος</span> <span class='ocrx_word' id='word_1_685' title='bbox 923 4809 1163 4876; x_wconf 85' lang='grc' dir='ltr'>ἐγένετο,</span> <span class='ocrx_word' id='word_1_686' title='bbox 1188 4808 1275 4862; x_wconf 82' lang='grc' dir='ltr'>ἵνα</span> <span class='ocrx_word' id='word_1_687' title='bbox 1319 4809 1607 4874; x_wconf 86' lang='grc' dir='ltr'>Ἰουδαίους</span> <span class='ocrx_word' id='word_1_688' title='bbox 1628 4812 1888 4883; x_wconf 80' lang='grc' dir='ltr'>κερδήσῃ,</span> <span class='ocrx_word' id='word_1_689' title='bbox 1921 4831 1940 4865; x_wconf 77' lang='grc' dir='ltr'><strong>ι</strong></span> 
     </span>
    </p>
   </div>
   <div class='ocr_carea' id='block_1_97' title="bbox 2043 4807 3630 4883">
    <p class='ocr_par' dir='ltr' id='par_1_97' title="bbox 2053 4810 3630 4878">
     <span class='ocr_line' id='line_1_98' title="bbox 2053 4810 3630 4878; baseline -0.002 -14"><span class='ocrx_word' id='word_1_690' title='bbox 2053 4826 2148 4867; x_wconf 92' lang='lat' dir='ltr'><strong>sus</strong></span> <span class='ocrx_word' id='word_1_691' title='bbox 2188 4812 2467 4878; x_wconf 88' lang='lat' dir='ltr'><strong>callerent,</strong></span> <span class='ocrx_word' id='word_1_692' title='bbox 2503 4829 2627 4871; x_wconf 86' lang='lat' dir='ltr'><strong>sese</strong></span> <span class='ocrx_word' id='word_1_693' title='bbox 2674 4823 2854 4868; x_wconf 87' lang='lat' dir='ltr'><strong>tamen</strong></span> <span class='ocrx_word' id='word_1_694' title='bbox 2905 4813 2974 4868; x_wconf 90' lang='lat' dir='ltr'><strong>ad</strong></span> <span class='ocrx_word' id='word_1_695' title='bbox 3019 4813 3250 4867; x_wconf 84' lang='lat' dir='ltr'><strong>alienam</strong></span> <span class='ocrx_word' id='word_1_696' title='bbox 3299 4810 3630 4864; x_wconf 88' lang='lat' dir='ltr'><strong>voluntatem</strong></span> 
     </span>
    </p>
   </div>
   <div class='ocr_carea' id='block_1_98' title="bbox 359 4899 1940 4978">
    <p class='ocr_par' dir='ltr' id='par_1_98' title="bbox 359 4900 1940 4974">
     <span class='ocr_line' id='line_1_99' title="bbox 359 4900 1940 4974; baseline 0.002 -21"><span class='ocrx_word' id='word_1_697' title='bbox 359 4902 412 4953; x_wconf 87' lang='grc' dir='ltr'><strong>τί</strong></span> <span class='ocrx_word' id='word_1_698' title='bbox 444 4902 645 4956; x_wconf 79' lang='grc' dir='ltr'>ἄτοπον</span> <span class='ocrx_word' id='word_1_699' title='bbox 678 4902 805 4964; x_wconf 72' lang='grc' dir='ltr'>τοὺς</span> <span class='ocrx_word' id='word_1_700' title='bbox 839 4901 1169 4966; x_wconf 78' lang='grc' dir='ltr'>ἀποστόλους</span> <span class='ocrx_word' id='word_1_701' title='bbox 1203 4905 1260 4956; x_wconf 88' lang='grc' dir='ltr'><strong>ἐν</strong></span> <span class='ocrx_word' id='word_1_702' title='bbox 1294 4900 1567 4967; x_wconf 88' lang='grc' dir='ltr'>Ἰουδαίοις</span> <span class='ocrx_word' id='word_1_703' title='bbox 1595 4904 1940 4974; x_wconf 88' lang='grc' dir='ltr'>ποιουμένους</span> 
     </span>
    </p>
   </div>
   <div class='ocr_carea' id='block_1_99' title="bbox 2043 4899 3632 4978">
    <p class='ocr_par' dir='ltr' id='par_1_99' title="bbox 2052 4899 3632 4978">
     <span class='ocr_line' id='line_1_100' title="bbox 2052 4899 3632 4978; baseline -0.001 -21"><span class='ocrx_word' id='word_1_704' title='bbox 2052 4905 2522 4974; x_wconf 81' lang='lat' dir='ltr'><strong>accommodasse,</strong></span> <span class='ocrx_word' id='word_1_705' title='bbox 2555 4906 3016 4978; x_wconf 88' lang='lat' dir='ltr'><strong>quemadmodum</strong></span> <span class='ocrx_word' id='word_1_706' title='bbox 3051 4913 3105 4959; x_wconf 90' lang='lat' dir='ltr'><strong>et</strong></span> <span class='ocrx_word' id='word_1_707' title='bbox 3137 4903 3339 4958; x_wconf 84' lang='lat' dir='ltr'><strong>Paulus</strong></span> <span class='ocrx_word' id='word_1_708' title='bbox 3367 4917 3491 4956; x_wconf 91' lang='lat' dir='ltr'><strong>cum</strong></span> <span class='ocrx_word' id='word_1_709' title='bbox 3535 4899 3632 4956; x_wconf 89' lang='lat' dir='ltr'><strong>Ti-</strong></span> 
     </span>
    </p>
   </div>
   <div class='ocr_carea' id='block_1_100' title="bbox 358 4992 1940 5067">
    <p class='ocr_par' dir='ltr' id='par_1_100' title="bbox 358 4993 1940 5067">
     <span class='ocr_line' id='line_1_101' title="bbox 358 4993 1940 5067; baseline 0.001 -19"><span class='ocrx_word' id='word_1_710' title='bbox 358 4995 459 5058; x_wconf 63' lang='grc' dir='ltr'>τὰς</span> <span class='ocrx_word' id='word_1_711' title='bbox 495 4993 801 5067; x_wconf 85' lang='grc' dir='ltr'>διατριϐὰς,</span> <span class='ocrx_word' id='word_1_712' title='bbox 833 4995 936 5048; x_wconf 82' lang='grc' dir='ltr'>κᾶν</span> <span class='ocrx_word' id='word_1_713' title='bbox 966 4995 1034 5050; x_wconf 80' lang='grc' dir='ltr'><strong>τὰ</strong></span> <span class='ocrx_word' id='word_1_714' title='bbox 1067 4994 1412 5066; x_wconf 89' lang='grc' dir='ltr'>πνευματικά</span> <span class='ocrx_word' id='word_1_715' title='bbox 1439 4995 1602 5049; x_wconf 87' lang='grc' dir='ltr'>νοῶσι</span> <span class='ocrx_word' id='word_1_716' title='bbox 1639 4995 1731 5049; x_wconf 91' lang='grc' dir='ltr'><strong>τοῦ</strong></span> <span class='ocrx_word' id='word_1_717' title='bbox 1757 4996 1940 5066; x_wconf 87' lang='grc' dir='ltr'>νόμου,</span> 
     </span>
    </p>
   </div>
   <div class='ocr_carea' id='block_1_101' title="bbox 2043 4992 3631 5067">
    <p class='ocr_par' dir='ltr' id='par_1_101' title="bbox 2054 4992 3631 5064">
     <span class='ocr_line' id='line_1_102' title="bbox 2054 4992 3631 5064; baseline -0.001 -18"><span class='ocrx_word' id='word_1_718' title='bbox 2054 4992 2334 5049; x_wconf 87' lang='lat' dir='ltr'><strong>motheum</strong></span> <span class='ocrx_word' id='word_1_719' title='bbox 2383 4996 2749 5062; x_wconf 90' lang='lat' dir='ltr'><strong>circumcidit,</strong></span> <span class='ocrx_word' id='word_1_720' title='bbox 2783 5006 2837 5052; x_wconf 82' lang='lat' dir='ltr'><strong>et</strong></span> <span class='ocrx_word' id='word_1_721' title='bbox 2881 4995 3210 5052; x_wconf 82' lang='lat' dir='ltr'><strong>sacriﬁcium</strong></span> <span class='ocrx_word' id='word_1_722' title='bbox 3253 4993 3406 5064; x_wconf 80' lang='lat' dir='ltr'><strong>juxta</strong></span> <span class='ocrx_word' id='word_1_723' title='bbox 3445 5001 3631 5046; x_wconf 88' lang='lat' dir='ltr'><strong>votum</strong></span> 
     </span>
    </p>
   </div>
   <div class='ocr_carea' id='block_1_102' title="bbox 360 5082 1940 5162">
    <p class='ocr_par' dir='ltr' id='par_1_102' title="bbox 360 5082 1940 5158">
     <span class='ocr_line' id='line_1_103' title="bbox 360 5082 1940 5158; baseline 0.002 -21"><span class='ocrx_word' id='word_1_724' title='bbox 360 5082 594 5153; x_wconf 77' lang='grc' dir='ltr'>χρῆσθαι</span> <span class='ocrx_word' id='word_1_725' title='bbox 637 5086 704 5156; x_wconf 79' lang='grc' dir='ltr'><strong>τῇ</strong></span> <span class='ocrx_word' id='word_1_726' title='bbox 751 5086 1159 5157; x_wconf 77' lang='grc' dir='ltr'>συμπεριφορᾷ,</span> <span class='ocrx_word' id='word_1_727' title='bbox 1192 5085 1268 5150; x_wconf 82' lang='grc' dir='ltr'>ὡς</span> <span class='ocrx_word' id='word_1_728' title='bbox 1299 5085 1394 5139; x_wconf 75' lang='grc' dir='ltr'><strong>καὶ</strong></span> <span class='ocrx_word' id='word_1_729' title='bbox 1425 5083 1637 5150; x_wconf 87' lang='grc' dir='ltr'>Παῦλος</span> <span class='ocrx_word' id='word_1_730' title='bbox 1685 5087 1940 5158; x_wconf 81' lang='grc' dir='ltr'>Τιμόθεον</span> 
     </span>
    </p>
   </div>
   <div class='ocr_carea' id='block_1_103' title="bbox 2043 5082 3631 5162">
    <p class='ocr_par' dir='ltr' id='par_1_103' title="bbox 2051 5085 3631 5162">
     <span class='ocr_line' id='line_1_104' title="bbox 2051 5085 3631 5162; baseline -0.003 -19"><span class='ocrx_word' id='word_1_731' title='bbox 2051 5085 2326 5156; x_wconf 75' lang='lat' dir='ltr'><strong>Quoddam</strong></span> <span class='ocrx_word' id='word_1_732' title='bbox 2384 5088 2554 5162; x_wconf 84' lang='lat' dir='ltr'><strong>legale</strong></span> <span class='ocrx_word' id='word_1_733' title='bbox 2601 5092 2819 5160; x_wconf 89' lang='lat' dir='ltr'><strong>obtulit,</strong></span> <span class='ocrx_word' id='word_1_734' title='bbox 2868 5091 3020 5147; x_wconf 87' lang='lat' dir='ltr'><strong>utin</strong></span> <span class='ocrx_word' id='word_1_735' title='bbox 3069 5090 3215 5146; x_wconf 86' lang='lat' dir='ltr'><strong>Actis</strong></span> <span class='ocrx_word' id='word_1_736' title='bbox 3261 5088 3631 5159; x_wconf 86' lang='lat' dir='ltr'><strong>apostolorum</strong></span> 
     </span>
    </p>
   </div>
   <div class='ocr_carea' id='block_1_104' title="bbox 439 5280 1940 5408">
    <p class='ocr_par' dir='ltr' id='par_1_104' title="bbox 439 5280 1940 5408">
     <span class='ocr_line' id='line_1_105' title="bbox 439 5280 1940 5408; baseline 0.005 -76"><span class='ocrx_word' id='word_1_737' title='bbox 439 5281 702 5408; x_wconf 55' lang='grc' dir='ltr'>ιέὄιοιιιι.</span> <span class='ocrx_word' id='word_1_738' title='bbox 731 5299 806 5351; x_wconf 76' lang='lat' dir='ltr'><strong>Ix,</strong></span> <span class='ocrx_word' id='word_1_739' title='bbox 835 5284 924 5338; x_wconf 73' lang='lat'><strong>22.</strong></span> <span class='ocrx_word' id='word_1_740' title='bbox 995 5285 1040 5317; x_wconf 76' lang='lat'>“</span> <span class='ocrx_word' id='word_1_741' title='bbox 1062 5282 1253 5338; x_wconf 85' lang='lat' dir='ltr'><strong>Matth.</strong></span> <span class='ocrx_word' id='word_1_742' title='bbox 1291 5298 1382 5350; x_wconf 85' lang='lat' dir='ltr'><strong>xv,</strong></span> <span class='ocrx_word' id='word_1_743' title='bbox 1413 5281 1466 5350; x_wconf 77' lang='grc'>1,</span> <span class='ocrx_word' id='word_1_744' title='bbox 1496 5280 1553 5336; x_wconf 74' lang='grc'><strong>2.</strong></span> <span class='ocrx_word' id='word_1_745' title='bbox 1630 5281 1676 5313; x_wconf 75' lang='grc'><strong>’⁷</strong></span> <span class='ocrx_word' id='word_1_746' title='bbox 1698 5281 1884 5337; x_wconf 76' lang='lat' dir='ltr'><strong>Matth.</strong></span> <span class='ocrx_word' id='word_1_747' title='bbox 1916 5303 1940 5339; x_wconf 76' lang='grc' dir='ltr'>χ</span> 
     </span>
    </p>
   </div>
   <div class='ocr_carea' id='block_1_105' title="bbox 2043 5280 3629 5408">
    <p class='ocr_par' dir='ltr' id='par_1_105' title="bbox 2063 5288 3629 5365">
     <span class='ocr_line' id='line_1_106' title="bbox 2063 5288 3629 5365; baseline -0.004 -15"><span class='ocrx_word' id='word_1_748' title='bbox 2063 5288 2154 5358; x_wconf 82' lang='lat'><strong>55,</strong></span> <span class='ocrx_word' id='word_1_749' title='bbox 2189 5293 2278 5349; x_wconf 75' lang='lat'><strong>56.</strong></span> <span class='ocrx_word' id='word_1_750' title='bbox 2343 5297 2390 5329; x_wconf 74' lang='grc'><strong>’⁸</strong></span> <span class='ocrx_word' id='word_1_751' title='bbox 2421 5296 2614 5352; x_wconf 80' lang='lat' dir='ltr'><strong>Matth.</strong></span> <span class='ocrx_word' id='word_1_752' title='bbox 2643 5313 2732 5365; x_wconf 74' lang='lat' dir='ltr'><strong>xv,</strong></span> <span class='ocrx_word' id='word_1_753' title='bbox 2756 5299 2778 5351; x_wconf 17' lang='lat' dir='ltr'><strong>tl</strong></span> <span class='ocrx_word' id='word_1_754' title='bbox 2884 5297 2928 5330; x_wconf 72' lang='grc' dir='ltr'><strong>’θ</strong></span> <span class='ocrx_word' id='word_1_755' title='bbox 2966 5295 3084 5350; x_wconf 85' lang='lat' dir='ltr'><strong>Gal.</strong></span> <span class='ocrx_word' id='word_1_756' title='bbox 3115 5309 3198 5355; x_wconf 83' lang='grc' dir='ltr'>ιιι,</span> <span class='ocrx_word' id='word_1_757' title='bbox 3234 5289 3321 5342; x_wconf 75' lang='grc'><strong>15.</strong></span> <span class='ocrx_word' id='word_1_758' title='bbox 3397 5289 3477 5342; x_wconf 84' lang='grc' dir='ltr'><strong>³⁶Ι</strong></span> <span class='ocrx_word' id='word_1_759' title='bbox 3500 5290 3629 5344; x_wconf 85' lang='lat' dir='ltr'><strong>Cor.</strong></span> 
     </span>
    </p>
   </div>
   <div class='ocr_carea' id='block_1_106' title="bbox 364 5367 557 5415">
    <p class='ocr_par' dir='ltr' id='par_1_106' title="bbox 364 5367 557 5415">
     <span class='ocr_line' id='line_1_107' title="bbox 364 5367 557 5415; baseline -0.021 -6"><span class='ocrx_word' id='word_1_760' title='bbox 364 5369 440 5415; x_wconf 67' lang='lat' dir='ltr'><strong>IK,</strong></span> <span class='ocrx_word' id='word_1_761' title='bbox 469 5367 557 5408; x_wconf 66' lang='grc' dir='ltr'><strong>Συ.</strong></span> 
     </span>
    </p>
   </div>
   <div class='ocr_carea' id='block_1_107' title="bbox 438 5553 1940 5646">
    <p class='ocr_par' dir='ltr' id='par_1_107' title="bbox 438 5553 1940 5646">
     <span class='ocr_line' id='line_1_108' title="bbox 438 5553 1940 5646; baseline 0.002 -35"><span class='ocrx_word' id='word_1_762' title='bbox 438 5556 899 5646; x_wconf 37' lang='grc' dir='ltr'><strong>(9ἓ)¹,ηερζ¹τῶχοο</strong></span> <span class='ocrx_word' id='word_1_763' title='bbox 929 5556 1424 5646; x_wconf 56' lang='grc' dir='ltr'>προσελθόντωγ,</span> <span class='ocrx_word' id='word_1_764' title='bbox 1459 5565 1566 5646; x_wconf 66' lang='lat' dir='ltr'><strong>etc.</strong></span> <span class='ocrx_word' id='word_1_765' title='bbox 1612 5553 1728 5646; x_wconf 55' lang='lat' dir='ltr'><strong>llicl</strong></span> <span class='ocrx_word' id='word_1_766' title='bbox 1759 5557 1940 5646; x_wconf 73' lang='lat' dir='ltr'><strong>titulus</strong></span> 
     </span>
    </p>
   </div>
   <div class='ocr_carea' id='block_1_108' title="bbox 2043 5553 3626 5646">
    <p class='ocr_par' dir='ltr' id='par_1_108' title="bbox 2130 5565 3626 5646">
     <span class='ocr_line' id='line_1_109' title="bbox 2130 5565 3626 5646; baseline -0.009 -16"><span class='ocrx_word' id='word_1_767' title='bbox 2130 5575 2246 5646; x_wconf 77' lang='grc'><strong>(94)</strong></span> <span class='ocrx_word' id='word_1_768' title='bbox 2297 5576 2424 5629; x_wconf 78' lang='grc' dir='ltr'><strong>Ἐπὶ</strong></span> <span class='ocrx_word' id='word_1_769' title='bbox 2455 5575 2575 5646; x_wconf 11' lang='grc' dir='ltr'>τοῦ,</span> <span class='ocrx_word' id='word_1_770' title='bbox 2597 5571 3251 5646; x_wconf 45' lang='grc' dir='ltr'>διδασκάλουηίίιιριίιιε</span> <span class='ocrx_word' id='word_1_771' title='bbox 3282 5565 3626 5646; x_wconf 69' lang='lat' dir='ltr'><strong>scribendum</strong></span> 
     </span>
    </p>
   </div>
   <div class='ocr_carea' id='block_1_109' title="bbox 367 5625 1940 5717">
    <p class='ocr_par' dir='ltr' id='par_1_109' title="bbox 367 5625 1940 5717">
     <span class='ocr_line' id='line_1_110' title="bbox 367 5625 1940 5717; baseline 0.001 -35"><span class='ocrx_word' id='word_1_772' title='bbox 367 5629 420 5682; x_wconf 89' lang='lat' dir='ltr'><strong>in</strong></span> <span class='ocrx_word' id='word_1_773' title='bbox 452 5628 694 5717; x_wconf 59' lang='lat' dir='ltr'><strong>editiqne</strong></span> <span class='ocrx_word' id='word_1_774' title='bbox 715 5625 901 5717; x_wconf 52' lang='lat' dir='ltr'><strong>Eueni</strong></span> <span class='ocrx_word' id='word_1_775' title='bbox 947 5625 1059 5682; x_wconf 83' lang='lat' dir='ltr'><strong>non</strong></span> <span class='ocrx_word' id='word_1_776' title='bbox 1093 5637 1408 5696; x_wconf 84' lang='lat' dir='ltr'><strong>comparet,</strong></span> <span class='ocrx_word' id='word_1_777' title='bbox 1447 5627 1542 5683; x_wconf 88' lang='lat' dir='ltr'><strong>scd</strong></span> <span class='ocrx_word' id='word_1_778' title='bbox 1572 5628 1854 5698; x_wconf 87' lang='lat' dir='ltr'><strong>suppletur</strong></span> <span class='ocrx_word' id='word_1_779' title='bbox 1879 5643 1940 5684; x_wconf 75' lang='lat' dir='ltr'><strong>ex</strong></span> 
     </span>
    </p>
   </div>
   <div class='ocr_carea' id='block_1_110' title="bbox 2043 5625 3629 5717">
    <p class='ocr_par' dir='ltr' id='par_1_110' title="bbox 2052 5625 3629 5717">
     <span class='ocr_line' id='line_1_111' title="bbox 2052 5625 3629 5717; baseline -0.009 -17"><span class='ocrx_word' id='word_1_780' title='bbox 2052 5660 2122 5716; x_wconf 87' lang='lat' dir='ltr'><strong>pu</strong></span> <span class='ocrx_word' id='word_1_781' title='bbox 2132 5625 2447 5710; x_wconf 42' lang='lat' dir='ltr'><strong>liuidae;</strong></span> <span class='ocrx_word' id='word_1_782' title='bbox 2460 5625 2472 5629; x_wconf 30' lang='lat' dir='ltr'><strong>v</strong></span> <span class='ocrx_word' id='word_1_783' title='bbox 2979 5625 3336 5717; x_wconf 54' lang='grc' dir='ltr'>διδασκάλου.</span> <span class='ocrx_word' id='word_1_784' title='bbox 3359 5634 3629 5717; x_wconf 39' lang='grc' dir='ltr'>βαι-,τοῦς</span> 
     </span>
    </p>
   </div>
   <div class='ocr_carea' id='block_1_111' title="bbox 365 5695 1940 5788">
    <p class='ocr_par' dir='ltr' id='par_1_111' title="bbox 365 5695 1695 5788">
     <span class='ocr_line' id='line_1_112' title="bbox 365 5695 1695 5788; baseline 0 -36"><span class='ocrx_word' id='word_1_785' title='bbox 365 5697 682 5788; x_wconf 51' lang='grc' dir='ltr'>λιιοὲξξιιιξιο</span> <span class='ocrx_word' id='word_1_786' title='bbox 715 5695 1032 5788; x_wconf 61' lang='lat' dir='ltr'><strong>Tarinianu.</strong></span> <span class='ocrx_word' id='word_1_787' title='bbox 1055 5765 1076 5788; x_wconf 49' lang='grc' dir='ltr'><strong><em>π</em></strong></span> <span class='ocrx_word' id='word_1_788' title='bbox 1224 5695 1235 5696; x_wconf 26' lang='grc' dir='ltr'><strong>ί</strong></span> <span class='ocrx_word' id='word_1_789' title='bbox 1256 5769 1268 5788; x_wconf 51' lang='grc' dir='ltr'><strong>ι</strong></span> <span class='ocrx_word' id='word_1_790' title='bbox 1453 5769 1463 5780; x_wconf 45' lang='grc'><em>.</em></span> <span class='ocrx_word' id='word_1_791' title='bbox 1487 5767 1501 5788; x_wconf 48' lang='grc'><em>,</em></span> <span class='ocrx_word' id='word_1_792' title='bbox 1642 5695 1657 5698; x_wconf 71' lang='grc'><em>’</em></span> <span class='ocrx_word' id='word_1_793' title='bbox 1683 5695 1695 5698; x_wconf 63' lang='grc'><strong><em>“</em></strong></span> 
     </span>
    </p>
   </div>
   <div class='ocr_carea' id='block_1_112' title="bbox 2043 5695 3628 5788">
    <p class='ocr_par' dir='ltr' id='par_1_112' title="bbox 2053 5695 3628 5788">
     <span class='ocr_line' id='line_1_113' title="bbox 2053 5695 3628 5788; baseline -0.008 -17"><span class='ocrx_word' id='word_1_794' title='bbox 2053 5695 2304 5788; x_wconf 57' lang='grc' dir='ltr'>μαθητάς</span> <span class='ocrx_word' id='word_1_795' title='bbox 2346 5719 2400 5771; x_wconf 94' lang='lat' dir='ltr'><strong>in</strong></span> <span class='ocrx_word' id='word_1_796' title='bbox 2424 5695 2588 5771; x_wconf 68' lang='grc' dir='ltr'>ἲιῦιιο</span> <span class='ocrx_word' id='word_1_797' title='bbox 2615 5695 2808 5788; x_wconf 27' lang='lat' dir='ltr'><strong>{codice</strong></span> <span class='ocrx_word' id='word_1_798' title='bbox 2847 5711 3221 5788; x_wconf 37' lang='grc' dir='ltr'><strong>ιιιεηῐνυνςιξοζ</strong></span> <span class='ocrx_word' id='word_1_799' title='bbox 3257 5706 3442 5788; x_wconf 65' lang='lat' dir='ltr'><strong>Codex</strong></span> <span class='ocrx_word' id='word_1_800' title='bbox 3468 5703 3628 5760; x_wconf 85' lang='lat' dir='ltr'><strong>Tari-</strong></span> 
     </span>
    </p>
   </div>
   <div class='ocr_carea' id='block_1_113' title="bbox 371 5765 1940 5906">
    <p class='ocr_par' dir='ltr' id='par_1_113' title="bbox 371 5765 1940 5906">
     <span class='ocr_line' id='line_1_114' title="bbox 438 5765 1940 5890; baseline 0.001 -69"><span class='ocrx_word' id='word_1_801' title='bbox 438 5765 551 5890; x_wconf 62' lang='lat' dir='ltr'><strong>(93é)</strong></span> <span class='ocrx_word' id='word_1_802' title='bbox 604 5765 1016 5836; x_wconf 74' lang='grc' dir='ltr'>Ἀπέρχονται.</span> <span class='ocrx_word' id='word_1_803' title='bbox 1055 5765 1368 5840; x_wconf 80' lang='lat' dir='ltr'><strong>chendum</strong></span> <span class='ocrx_word' id='word_1_804' title='bbox 1415 5767 1629 5824; x_wconf 89' lang='lat' dir='ltr'><strong>videtur</strong></span> <span class='ocrx_word' id='word_1_805' title='bbox 1665 5777 1726 5823; x_wconf 90' lang='lat' dir='ltr'><strong>ut</strong></span> <span class='ocrx_word' id='word_1_806' title='bbox 1760 5782 1940 5838; x_wconf 80' lang='lat' dir='ltr'><strong>supra,</strong></span> 
     </span>
     <span class='ocr_line' id='line_1_115' title="bbox 371 5852 780 5906; baseline 0 -16"><span class='ocrx_word' id='word_1_807' title='bbox 371 5852 508 5906; x_wconf 74' lang='grc' dir='ltr'>τροσ</span> <span class='ocrx_word' id='word_1_808' title='bbox 543 5854 780 5906; x_wconf 73' lang='grc' dir='ltr'>ργονται.</span> 
     </span>
    </p>
   </div>
   <div class='ocr_carea' id='block_1_114' title="bbox 2043 5765 3486 5906">
    <p class='ocr_par' dir='ltr' id='par_1_114' title="bbox 2053 5765 3486 5856">
     <span class='ocr_line' id='line_1_116' title="bbox 2053 5765 3486 5856; baseline -0.008 -14"><span class='ocrx_word' id='word_1_809' title='bbox 2053 5765 2251 5844; x_wconf 64' lang='lat' dir='ltr'><strong>inaniis</strong></span> <span class='ocrx_word' id='word_1_810' title='bbox 2280 5765 2450 5843; x_wconf 73' lang='lat' dir='ltr'><strong>liabet</strong></span> <span class='ocrx_word' id='word_1_811' title='bbox 2479 5785 2837 5856; x_wconf 84' lang='grc' dir='ltr'>ἐγκαλοῦντες</span> <span class='ocrx_word' id='word_1_812' title='bbox 2868 5784 2994 5855; x_wconf 70' lang='grc' dir='ltr'>περὶ</span> <span class='ocrx_word' id='word_1_813' title='bbox 3023 5765 3114 5836; x_wconf 67' lang='grc' dir='ltr'><strong>τοῦ</strong></span> <span class='ocrx_word' id='word_1_814' title='bbox 3145 5775 3486 5833; x_wconf 71' lang='grc' dir='ltr'>διδασκάλου.</span> 
     </span>
    </p>
   </div>
  </div>
