4100 6428
547 391 650 446 927

2034 381 2196 439 ORIG
2208 380 2363 436 ENIS

3727 384 3828 439 923

555 509 816 576 scriptum
847 507 967 562 est?
1012 503 1213 560 Verum
1255 520 1450 559 rursus
1496 503 1664 559 rixosi
1716 513 2002 574 apparent,
2041 505 2134 573 qui

2243 501 2571 576 περιτεμὼν,
2595 504 2687 558 καὶ
2712 503 2901 557 Θυσίαν
2929 503 3070 558 κατά
3099 520 3219 556 τινα
3253 501 3368 574 (95)
3401 499 3635 574 νομικὴν
3666 503 3829 574 εὐχὴν

555 600 686 654 nihil
720 599 918 654 habent
941 598 1083 667 quod
1105 595 1233 652 Jcsu
1269 596 1570 666 discipulos
1597 604 1856 652 accusent
1887 596 1954 650 de
1985 612 2141 649 man-

553 691 680 746 dato
713 691 830 755 Dei,
875 691 969 745 sed
1015 699 1227 744 tantum
1279 689 1423 743 circa
1457 689 1806 744 traditionem
1854 703 2020 742 uuam
2053 703 2142 742 se-

551 783 766 836 niorum
791 800 804 847 ;
833 791 888 837 et
922 783 995 836 ita
1023 781 1374 850 perspicuum
1401 789 1487 833 est
1519 779 1847 833 criminandi
1873 780 2137 843 studium,

548 874 694 942 quod
732 874 874 943 apud
915 888 1012 929 eos
1058 873 1153 943 qui
1200 889 1267 926 ex
1316 871 1525 927 morbis
1573 871 1692 927 sani
1740 869 1869 926 l'acti
1902 869 2137 936 fuerant,

550 966 955 1021 accusationem
987 965 1330 1034 impingunt;
1360 962 1414 1016 in
1439 961 1674 1032 speciem
1700 961 1920 1032 quidem
1953 962 2142 1016 adver-

550 1073 647 1112 sus
677 1055 1000 1125 discipulos,
1025 1069 1212 1109 revera
1249 1061 1430 1107 autem
1464 1059 1787 1123 magistrum
1813 1052 2137 1108 calumniari

547 1147 833 1211 volentes;
885 1146 1044 1215 quasi
1098 1143 1477 1199 necessarium
1533 1142 1675 1197 foret
1717 1142 1785 1198 ad
1841 1142 2136 1212 pietatem,

546 1239 695 1311 quod
723 1255 754 1293 a
784 1238 1097 1294 senioribus
1126 1237 1193 1291 de
1231 1235 1506 1290 lavatione
1545 1234 1804 1289 traditum
1830 1245 1968 1289 erat.
2005 1234 2136 1288 Exi-

549 1328 849 1384 stimabam
875 1327 1020 1382 enim
1061 1327 1306 1395 imperas
1339 1340 1458 1378 esse
1497 1333 1552 1378 et
1590 1323 1902 1378 iunnundas
1945 1339 2134 1378 eorum

549 1437 745 1477 manus
789 1422 911 1490 qui,
954 1431 1245 1490 antequam
1293 1432 1484 1488 pauent
1530 1417 1772 1481 ederent,
1816 1432 1924 1471 non
1967 1417 2135 1472 lavis-

549 1523 706 1579 seut;
749 1528 915 1583 puras
959 1521 1141 1567 autem
1184 1521 1237 1565 et
1279 1519 1498 1564 sanctas
1538 1510 1709 1566 factas
1753 1525 1876 1566 esse
1918 1526 2133 1576 eorum,

548 1606 642 1676 qui
673 1623 814 1677 aqua
843 1622 937 1662 eas
964 1607 1284 1672 abluisseut,
1325 1620 1449 1660 eum
1497 1605 1549 1658 id
1592 1620 1689 1674 per
1727 1605 2134 1675 proportionem

547 1711 657 1751 non
683 1698 1009 1767 respondeat
1043 1695 1212 1752 Mosis
1251 1696 1409 1765 juxta
1440 1693 1680 1750 litteram
1727 1696 1852 1766 legi.
1888 1692 2001 1750 Nos
2033 1711 2132 1749 au-

545 1797 654 1843 tem
684 1805 791 1842 non
816 1789 973 1858 juxta
1009 1789 1358 1844 traditionem
1384 1789 1668 1844 seniorum
1696 1787 1789 1858 qui
1825 1787 1970 1858 apud
2009 1786 2132 1840 illos

2244 595 2634 667 προσαγαγὼν,
2669 596 2744 661 ὡς
2777 599 2836 650 ἐν
2866 599 2986 660 ταῖς
3028 597 3136 650 τῶν
3168 595 3480 650 ἀποστόλων
3524 595 3830 668 γέγραπται

2243 688 2516 759 Πράξεσις
2552 689 2701 760 Πλὴν
2732 689 2896 743 πάλιν
2926 689 3036 760 (96)
3078 689 3361 757 φαίνονται
3405 689 3832 760 φιλεγκλήμονες

2240 781 2290 832 οί
2325 797 2391 831 πε
2398 779 2454 851 pi
2483 780 2581 850 μέν
2607 780 2827 850 ἐντολῆς
2849 780 2988 834 Θεοῦ
3014 781 3182 851 μηδὲν
3205 779 3423 850 ἔχοντες
3447 781 3700 849 ἐγκαλεῖν
3721 783 3830 842 τοῖς

2254 869 2429 940 Ἰησοῦ
2465 869 2756 942 μαθηταῖς,
2795 870 2952 940 μόνον
2982 870 3040 924 δέ
3078 870 3206 942 περὶ
3239 870 3626 942 πρεσϐυτέρων
3658 887 3829 942 παρα-

2238 962 2439 1025 δόσεως
2482 963 2644 1032 μιᾶς·
2682 963 2775 1018 καὶ
2821 963 3054 1034 μάλιστα
3083 962 3410 1033 ἐμφαίνεται
3449 962 3626 1027 οὕτως
3655 963 3718 1016 τὸ
3742 980 3830 1032 φι-

2239 1055 2568 1126 λέγκλημον,
2603 1055 2632 1108 6
2663 1057 2796 1126 παρ’
2827 1057 3014 1120 αὐτοῖς
3059 1055 3170 1126 (97)
3222 1055 3450 1110 ίαθεῖσιν
3474 1056 3584 1110 ἀπὸ
3612 1055 3705 1110 τοῦ
3733 1073 3830 1109 κα-

2243 1147 2354 1211 κῶς
2383 1147 2528 1218 ἔχειν
2561 1149 2902 1220 προσάγουσι
2951 1149 3016 1201 τὸ
3057 1148 3340 1220 ἔγκλημα·
3377 1147 3456 1220 τῷ
3506 1149 3611 1220 μὲν
3655 1148 3830 1202 δοκεῖν

2238 1239 2380 1294 κατά
2413 1239 2520 1292 τῶν
2550 1239 2832 1311 μαθητῶν,
2864 1240 2926 1294 τὸ
2953 1240 2999 1294 δ’
3033 1239 3231 1311 άληθές
3255 1239 3348 1293 τδν
3375 1239 3692 1294 διδάσκαλον
3721 1240 3831 1293 δια-

2239 1331 2458 1384 ϐάλλειν
2490 1332 2914 1404 προαιρούμενοι
2936 1349 2950 1364 ·
2980 1332 3008 1386 6
3033 1332 3130 1388 καὶ
3160 1333 3270 1402 (98)
3300 1333 3598 1404 παράδοσις
3625 1327 3694 1405 ἦν
3720 1333 3830 1387 τῶν

2239 1421 2626 1492 πρεσϐυτέρων
2657 1422 2720 1475 τὸ
2751 1421 3058 1485 νίπτεσθαι,
3088 1420 3164 1486 ὡς
3185 1422 3483 1490 ἀναγκαῖον
3518 1421 3654 1493 πρὸς
3686 1419 3832 1473 εὐσέ-

2239 1513 2410 1566 ϐειαν.
2446 1514 2637 1584 ’ῼοντο
2686 1511 2797 1584 γάρ
2828 1512 3014 1576 κοινάς
3046 1513 3144 1583 μέν
3174 1511 3270 1565 καὶ
3307 1511 3656 1584 ἀκαθάρτους
3687 1505 3830 1562 εἶναι

2238 1608 2428 1676 χεῖρας
2461 1604 2559 1668 τὰς
2590 1604 2700 1657 τῶν
2733 1603 2808 1676 μὴ
2839 1603 3152 1676 νιψαμένων
3184 1603 3292 1676 πρὸ
3318 1603 3417 1656 τοῦ
3455 1604 3788 1674 ἀρτοφαγεῖν
3810 1617 3823 1630 ·

2236 1697 2483 1769 καθαράς
2509 1698 2567 1750 δὲ
2597 1697 2692 1751 καὶ
2735 1696 2896 1767 άγίας
2928 1699 3211 1766 γεγονέναι
3249 1697 3348 1760 τάς
3377 1697 3488 1750 τῶν
3518 1695 3828 1750 ἀποπλυνο-

2240 1788 2418 1860 μένων
2459 1789 2637 1852 ῦδατι,
2665 1791 2727 1842 οὐ
2764 1789 3110 1859 συμϐολικῶς
3156 1789 3419 1857 ἀνάλογον
3467 1787 3544 1859 τῷ
3589 1786 3729 1840 κατά
3767 1785 3830 1836 τὸ

543 1891 691 1944 sunt,
727 1879 821 1935 sed
857 1879 1018 1950 juxta
1061 1889 1267 1935 rectam
1316 1880 1582 1934 rationem
1633 1888 1854 1934 nostras
1889 1877 2134 1932 actiones

2235 1879 2473 1950 γράμμα
2501 1879 2783 1944 Μωῦσέως
2809 1879 2984 1950 νόμῳ.
3033 1881 3224 1951 Ἡμεῖς
3247 1880 3304 1934 δέ
3330 1881 3394 1934 οὑ
3425 1879 3568 1933 κατά
3589 1878 3686 1949 τὴν
3719 1875 3830 1929 τῶν

544 1983 782 2040 purgare
811 1985 1099 2035 conemur,
1137 1979 1192 2025 et
1232 1972 1314 2026 sic
1347 1970 1661 2024 animorum
1695 1984 1893 2026 manus
1929 1970 2130 2036 lavare,

537 2060 764 2128 quando
812 2065 1108 2120 comesturi
1152 2081 1345 2120 sumus
1376 2075 1487 2122 tres
1521 2081 1711 2136 panes,
1757 2080 1900 2134 quos
1944 2080 1973 2118 a
2002 2062 2130 2118 Jesu

542 2154 760 2209 volente
795 2155 954 2210 uobis
1000 2171 1122 2212 esse
1171 2159 1371 2220 amico,
1408 2159 1787 2228 postulamus;
1837 2157 2132 2213 immundis

542 2245 713 2312 enim,
744 2256 798 2300 et
827 2247 1016 2310 illotis,
1067 2258 1122 2304 et
1167 2250 1398 2320 impuris
1443 2251 1700 2306 manibus
1757 2266 1868 2305 non
1918 2259 2134 2320 oportet

543 2350 666 2391 esse
695 2337 854 2407 panis
886 2339 1201 2410 participes.

610 2601 664 2657 9.
711 2601 872 2660 Jesus
918 2612 1102 2659 autem
1148 2620 1258 2658 non
1305 2615 1529 2661 accusat
1576 2620 1672 2662 eos
1723 2605 1790 2660 de
1837 2603 2134 2659 traditione

539 2693 821 2749 seniorum
855 2694 1193 2760 Iudaeorum,
1233 2699 1330 2754 sed
1371 2699 1439 2754 de
1469 2698 1742 2753 mandatis
1789 2697 1882 2754 Dei
1916 2697 2132 2753 duobus

541 2787 700 2842 valde
731 2790 1082 2855 necessariis,
1129 2807 1364 2859 quorum
1422 2791 1573 2847 aliud
1622 2793 1874 2862 quintum
1919 2800 2039 2846 erat
2074 2792 2130 2846 in

543 2875 854 2950 Decalogo,
895 2882 977 2938 sic
1021 2881 1228 2938 habens
1268 2884 1354 2938 “z
1403 2903 1421 2936 ι
1460 2883 1678 2940 Honora
1722 2893 1932 2955 patrem
1975 2896 2130 2940 tuum

539 2979 596 3024 et
620 2982 847 3027 matrem
873 2984 1046 3040 tuam,
1081 2989 1136 3031 tu
1167 2978 1302 3033 bene
1331 2979 1426 3033 tibi
1479 2980 1572 3045 sit,
1620 2991 1674 3034 et
1723 2982 1801 3036 sis
1852 2980 2130 3052 longaevus

543 3077 710 3132 super
738 3073 963 3131 terram,
995 3083 1161 3137 quam
1192 3068 1460 3127 Dominus
1494 3071 1638 3126 Deus
1661 3080 1789 3128 tuus
1825 3075 1918 3128 dat
1953 3076 2069 3129 tihi.
2102 3094 2121 3126 ι

541 3155 788 3210 Alterum
815 3172 945 3213 vero
976 3159 1029 3214 in
1060 3159 1304 3217 Levitico
1324 3179 1388 3217 eo
1419 3173 1576 3232 pacto
1604 3164 1870 3233 scriptum
1895 3175 2011 3221 erat
2033 3167 2078 3200 ³³
2108 3186 2121 3220 :

548 3265 570 3300 ι
609 3247 664 3302 Si
713 3249 879 3306 homo
919 3253 1261 3309 maledixerit
1283 3257 1421 3326 patri
1475 3273 1595 3324 suo,
1638 3268 1732 3313 aut
1773 3259 1936 3312 matri
1991 3274 2126 3324 suae,
2156 3229 2200 3286 ϐ

543 3349 721 3396 morte
763 3343 1066 3411 moriatur;
1114 3346 1250 3415 patri
1305 3349 1577 3418 matrique
1636 3349 1955 3416 maledixit,
2003 3367 2132 3407 reus

540 3435 667 3489 erit.
703 3454 723 3488 ι
755 3435 862 3492 Sed
913 3439 1355 3509 quandoquidem
1413 3442 1590 3510 ipsum
1643 3456 1953 3496 sermonem
2001 3459 2136 3499 con-

541 3528 787 3585 sidcrare
837 3532 1112 3596 volumus,
1166 3548 1329 3603 quem
1378 3533 1551 3588 edidit
1603 3531 1893 3589 Matthaaus
1933 3537 2016 3602 ³³,
2075 3546 2133 3592 ιιι

543 3636 740 3692 nempe
776 3641 796 3675 ι
829 3625 923 3694 qui
966 3625 1313 3682 maledixerit
1355 3629 1534 3697 patri,
1584 3631 1667 3684 vel
1713 3630 1896 3695 matri,
1956 3639 2132 3684 morte

541 3717 834 3784 moriatur,
875 3737 894 3770 ι
928 3719 1148 3777 adverte
1179 3736 1310 3774 num
1343 3722 1693 3792 desumptum
1725 3723 1798 3777 sit
1830 3737 1860 3777 e
1890 3722 2010 3776 loco
2040 3722 2131 3776 ubi

541 3810 806 3878 scriptum
840 3819 926 3864 est
948 3810 1025 3863 ³³ι
1060 3831 1077 3861 ι
1110 3811 1213 3878 Qui
1246 3814 1580 3882 percusserit
1605 3824 1814 3883 patrem
1851 3830 2012 3869 suum
2038 3825 2134 3869 aut

543 3910 773 3954 matrem
804 3917 983 3969 suam,
1012 3912 1185 3958 morte
1231 3904 1519 3971 moriatur,
1565 3915 1620 3962 et
1651 3908 1744 3979 qui
1785 3910 2136 3965 maledixerit.

543 3992 685 4060 patri
734 4006 836 4047 suo
882 4002 980 4047 aut
1015 3995 1176 4049 matri
1217 4010 1360 4060 suae,
1405 4008 1581 4052 morte
1632 4001 1918 4054 moriatur.
1966 4020 1984 4053 ι
2040 4000 2133 4056 Sic

544 4082 713 4153 igitur
739 4099 800 4139 se
830 4085 1102 4141 habebant
1131 4087 1292 4142 verba
1345 4089 1478 4159 legis
1520 4106 1687 4160 super
1715 4092 1932 4147 duobus
1978 4109 2134 4147 man-

543 4177 708 4234 datis.
751 4177 922 4249 m
959 4177 1247 4236 Matthznus
1288 4190 1470 4235 autem
1506 4181 1594 4236 illa
1627 4197 1694 4236 ex
1725 4191 1880 4252 parte
1910 4191 1964 4236 ct
2000 4198 2135 4238 con—

541 4264 658 4319 cise
678 4266 937 4334 prodidit,
965 4277 1021 4322 et
1048 4285 1156 4323 nou
1181 4267 1374 4324 iisdem
1404 4269 1601 4325 verbis.
1631 4269 1750 4337 Qua
1777 4271 1844 4326 de
1871 4286 1929 4326 re
1949 4281 2131 4327 autem

541 4355 854 4412 Pharium:
901 4368 958 4414 et
1009 4359 1251 4428 Sci-ibas,
1308 4363 1402 4433 qui
1444 4372 1711 4419 venerant
1751 4360 2131 4436 Jerosolymis,

2237 1971 2367 2041 παρ’
2398 1969 2626 2032 ἐκείνοις
2663 1969 3052 2042 πρεσϐυτέριον
3082 1970 3402 2041 παράδοσιν,
3432 1969 3568 2023 ἀλλά
3600 1967 3742 2022 κατὰ
3768 1965 3832 2018 τὸ

2235 2061 2456 2132 εῦλογον
2502 2061 2787 2133 καθαίρειν
2829 2059 3153 2134 πειρώμεθα
3187 2061 3300 2131 (99)
3332 2063 3541 2115 ἑαυτῶν
3567 2060 3664 2123 τὰς
3698 2059 3835 2130 πρά-

2237 2154 2367 2222 ξεις,
2390 2156 2484 2210 καὶ⁸
2509 2155 2682 2220 οὕτως
2702 2157 2799 2220 τὰς
2820 2153 2930 2209 τῶν
2948 2153 3136 2224 ψυχῶν
3157 2154 3444 2208 νίπτεσθαι
3471 2156 3676 2225 χεῖρας,
3701 2152 3832 2203 ὅταν

2239 2245 2522 2316 μέλλωμεν
2549 2245 2751 2300 ἐσθίειν
2779 2244 2874 2307 οὓς
2891 2243 3152 2314 αἰτοῦμεν
3173 2244 3282 2296 ἀπὸ
3299 2243 3393 2296 τοῦ
3413 2245 3568 2312 φίλου
3587 2245 3719 2312 ἡμῖν
3738 2240 3830 2292 θέ-

2234 2335 2418 2399 λοντος
2449 2331 2590 2390 εἶναι
2649 2335 2824 2407 Ἰησοῦ
2869 2338 3016 2406 τρεῖς
3064 2335 3290 2405 ἄρτουςο
3334 2337 3540 2397 κοιναῖς
3583 2332 3692 2402 γὰρ
3737 2331 3834 2384 καὶ

2235 2428 2482 2490 ἀνίπτοις
2511 2429 2606 2480 καὶ
2633 2427 2698 2480 οὐ
2741 2426 3010 2498 καθαραῖς
3055 2425 3243 2497 χερσὶν
3270 2425 3332 2478 οὺ
3359 2425 3464 2496 χρὴ
3509 2423 3622 2478 τῶν
3651 2423 3834 2495 ἄρτων

2239 2518 2688 2592 μεταλαμϐάνειν
2718 2518 2816 2589 (1).

2318 2632 2377 2688 ὐ
2404 2631 2462 2686 δέ
2502 2631 2714 2704 Ἰησοῦς
2740 2632 2840 2685 οὑκ
2860 2630 3088 2701 ἐγκαλεῖ
3112 2631 3240 2703 περὶ
3272 2629 3626 2703 παραδόσεως
3648 2627 3834 2691 αὐτοῖς

2236 2725 2626 2799 πρεσϐυτέρων
2666 2724 2958 2788 Ἰουδαίων,
2985 2723 3124 2778 ἀλλά
3146 2722 3402 2796 περὶτῶν
3437 2720 3666 2775 ἐντολῶν
3694 2718 3833 2773 Θεοῦ

2235 2817 2683 2887 ἀναγκαιοτάτων
2711 2816 2827 2881 δύο,
2859 2809 2936 2872 ὧν
2964 2817 2998 2887 ή
3034 2815 3134 2887 μέν
3163 2816 3326 2886 ἐτέρα
3360 2814 3586 2885 πέμπτη
3617 2807 3686 2884 ἦν
3733 2809 3832 2880 τῆς

2235 2911 2567 2982 Δεκαλόγου,
2601 2909 2775 2974 οὕτως
2805 2909 3009 2980 ἔχουσα
3029 2925 3042 2940 ⁸
3083 2929 3102 2961 ι
3143 2907 3291 2980 Τίμα
3323 2909 3413 2961 τὸν
3446 2906 3660 2978 πατέρα
3713 2921 3832 2967 σου,

2234 3003 2327 3056 καὶ
2371 3002 2471 3075 τὴν
2523 3001 2736 3074 μητέρα
2778 3019 2895 3066 σου,
2943 3003 3010 3056 ἵν’
3053 2999 3114 3056 εὖ
3159 3019 3240 3056 σοι
3282 3000 3528 3071 γένηται,
3558 2999 3655 3054 καὶ
3698 2995 3831 3065 γένῃ

2236 3095 2631 3168 μακροχρόνιος
2659 3095 2752 3148 ἐπὶ
2766 3095 2866 3165 τῆς
2883 3095 3008 3167 γῆς,
3036 3089 3104 3166 ἧς
3119 3095 3322 3166 Κύριος
3337 3096 3363 3146 6
3384 3093 3516 3157 Θεὸς
3541 3109 3634 3147 σου
3651 3087 3834 3144 δίδωσί

2235 3203 2351 3240 σοι’
2391 3207 2408 3238 ι
2442 3187 2475 3257 ὴ
2505 3186 2562 3240 δέ
2581 3185 2744 3258 λοιπὴ
2777 3187 2834 3240 ἐν
2863 3186 2941 3257 τῷ
2969 3185 3246 3257 Λευῖτικῴ
3292 3183 3480 3239 τοῦτον
3523 3185 3836 3255 ἐγέγραπτο

2234 3279 2326 3331 τὸν
2354 3277 2555 3350 τρόπον
2571 3296 2586 3309 ’
2611 3296 2630 3329 ι
2668 3277 2793 3330 Ἐάν
2827 3277 3114 3348 ἄνθρωπος
3140 3276 3325 3340 κακῶς
3347 3277 3478 3348 εἴπῃ
3499 3277 3592 3328 τὸν
3618 3273 3837 3344 πατέρα

2235 3368 2425 3434 αὐτοῦ,
2459 3369 2554 3422 καὶ
2583 3369 2685 3440 τὴν
2726 3368 2941 3440 μητέρα
2973 3368 3160 3435 αὐτοῦ,
3197 3369 3411 3439 θανάτῳ
3440 3364 3796 3422 θανατούσθω
3818 3377 3838 3394 ⁸

2235 3460 2450 3532 πατέρα
2477 3458 2715 3531 αὐτοῦ,ἢ
2747 3459 2961 3532 μητέρα
2990 3459 3178 3525 κακῶς
3203 3455 3376 3523 εἶπεν,
3397 3459 3582 3530 ἔνοχος
3603 3458 3775 3511 ἔσται.
3811 3472 3833 3507 ο

2248 3552 2388 3605 Ἀλλ’
2415 3553 2536 3606 ἐπεὶ
2563 3552 2734 3622 αὐτὴν
2753 3551 2980 3623 θέλομεν
3007 3552 3134 3606 ίδεῖν
3154 3553 3253 3623 τὴν
3281 3551 3447 3617 λέξιν,
3470 3553 3536 3622 ἢν
3567 3550 3786 3616 ἐξέθετο
3810 3548 3840 3597 ὁ

2234 3641 2534 3707 Ματθαῖος,
2555 3642 2637 3695 ὅτι
2659 3661 2675 3693 ι
2705 3644 2733 3696 6
2756 3641 3070 3712 κακολογῶν
3097 3643 3357 3715 πατέραῆ
3387 3643 3603 3716 μητέρα
3620 3637 3840 3705 θανάτῳ

2235 3735 2566 3799 τελευτάτω,
2600 3754 2617 3785 ι
2639 3734 2934 3804 ἐπίστησον
2959 3736 3173 3805 μήποτε
3192 3734 3398 3806 ἐλήφθη
3421 3735 3527 3788 ἀπὸ
3553 3732 3646 3789 τοῦ
3671 3731 3840 3784 τόπου

2233 3825 2365 3880 ἔνθα
2390 3825 2717 3899 γέγραπταν
2754 3848 2771 3879 ι
2791 3825 2889 3891 ’ος
2911 3827 3102 3881 τύπτει
3133 3827 3346 3898 πατέρα
3371 3827 3534 3882 αὐτοῦ
3563 3828 3596 3898 ἢ
3631 3823 3846 3897 μητέρα

2234 3916 2422 3980 αὐτοῦ,
2447 3917 2663 3989 θανάτῳ
2701 3919 3037 3973 τελευτάτω·
3085 3919 3180 3973 καὶ
3206 3919 3234 3971 6
3263 3919 3586 3988 κακολογῶν
3629 3915 3847 3984 πατέρα

2233 4007 2398 4062 αὑτοῦ
2429 4009 2461 4078 ἢ
2484 4011 2696 4082 μητέρα
2717 4011 2906 4077 αὐτοῦ,
2927 4010 3142 4082 θανάτῳ
3158 4011 3462 4065 τελευτάτω
3487 4012 3595 4083 (2).
3611 4031 3630 4062 ι
3657 4007 3849 4068 Οὕτως

2236 4101 2332 4170 μὲν
2370 4096 2464 4153 οὖν
2495 4097 2640 4172 εἶχον
2673 4103 2868 4155 αί¹ἀπὸ
2905 4103 2998 4156 τοῦ
3030 4103 3196 4174 νόμον
3223 4102 3399 4168 λέξεις
3437 4105 3576 4175 περὶ
3605 4100 3717 4156 τῶν
3748 4095 3848 4152 δύο

2235 4189 2486 4245 ἐντολῶν.
2531 4191 2589 4243 Ὀ
2624 4191 2682 4245 δὲ
2716 4192 2996 4256 Ματθαῖος
3039 4193 3102 4246 ἐκ
3154 4191 3353 4264 μέρους
3395 4191 3490 4246 καὶ
3537 4194 3844 4258 ἐπιτετμη-

2239 4281 2418 4352 μένως
2446 4281 2618 4345 αὐτάς
2654 4281 2900 4348 ἐξέθετο,
2950 4284 3045 4337 καὶ
3092 4284 3192 4337 οὐκ
3227 4284 3416 4347 αὑταῖς
3441 4281 3640 4352 λέξεσι.
3681 4278 3748 4332 Τί
3781 4275 3839 4329 δέ

2235 4374 2460 4442 ἐγκαλεῖ
2496 4377 2609 4438 τοῖς
2638 4375 2746 4428 ἀπὸ
2780 4376 3167 4447 Ἰεροσολύμων
3194 4376 3510 4446 Φαρισαίοις
3544 4375 3641 4430 καὶ
3655 4385 3841 4443 γραμ-

540 4458 770 4503 accuset
804 4449 1083 4516 Senator,
1130 4454 1320 4510 dicens
1350 4470 1447 4511 eos
1477 4455 1783 4526 transgredi
1813 4457 2132 4512 mandatum

2243 4462 2504 4534 ματεῦσιν
2550 4465 2578 4516 ὁ
2612 4462 2836 4534 Σωτὴρ,
2873 4463 3048 4532 λέγων
3087 4465 3284 4528 αὐτοὺς
3334 4464 3700 4535 παραϐαίνειν
3739 4457 3842 4526 τὴν

545 4537 640 4595 I‘ci
677 4550 899 4612 propter
940 4560 1098 4600 suam
1148 4549 1526 4615 traditionem,
1579 4549 2128 4605 animadvertendum

2241 4553 2462 4625 ἐντολὴν
2513 4553 2608 4607 τοῦ
2642 4553 2779 4606 Θεοῦ
2812 4552 2898 4607 διά
2943 4555 3044 4626 τὴν
3078 4555 3284 4608 ἐαυτῶν
3310 4556 3643 4627 παράδοσιν,
3671 4564 3844 4603 κατα-

610 4681 652 4751 ξίν
679 4679 852 4740 Exod.
884 4702 973 4748 xx,
1013 4688 1108 4751 l2;
1150 4688 1364 4746 Denter.
1397 4709 1446 4751 ν.
1478 4693 1564 4750 16.

545 4688 1118 4784 ..ῖτίξῇοιιζὲκκε
1150 4688 1371 4784 Ret-iter:
1397 4693 1564 4784 γλιδ,
1673 4694 1717 4727 ,ι
1761 4691 1933 4750 Lam.
1976 4711 2070 4760 xx,
2103 4696 2134 4752 9

2238 4695 2412 4753 Exod.
2463 4714 2552 4754 xxi
2578 4737 2593 4764 ,
2635 4697 2736 4763 l7;
2798 4695 2964 4755 Prov.
3007 4714 3098 4763 xx,
3138 4697 3230 4754 20.
3345 4699 3390 4731 ³³
3416 4697 3608 4753 Matth.
3660 4707 3755 4756 xv,
3783 4688 3840 4743 4.

617 4750 790 4809 Exod.
828 4771 940 4823 xxI,
977 4758 1067 4825 15;
1097 4750 1274 4815 Levit.
1307 4779 1398 4827 xx,
1433 4750 1486 4818 9.

1673 4694 1717 4727 ³¹
1761 4691 1933 4750 Levit.
1976 4711 2070 4760 xx,
2103 4696 2174 4764 9;
2238 4695 2412 4753 Exod.
2463 4714 2593 4764 xxI,
2635 4697 2736 4763 l7;
2798 4695 2964 4755 Prov.
3007 4714 3098 4763 xx,
3138 4697 3230 4754 20.

616 4898 733 4982 (95)
773 4901 880 4982 Kal
909 4904 1167 4982 θυσίαν.
1191 4906 1346 4982 κατὰ
1395 4925 1560 4974 τινα,
1613 4920 1737 4982 etc.
1761 4910 1968 4981 Nempe
2007 4927 2131 4967 eum

545 4979 714 5050 caput
740 4974 876 5050 rasit
903 4974 1232 5050 Cenchreis,
1257 4977 1413 5047 juxta
1447 4990 1632 5036 votum
1664 4981 1816 5050 prius
1843 4999 1874 5038 a
1903 4974 1966 5038 se
1995 4999 2133 5036 eon-

545 5047 788 5119 ceptwu,
825 5042 946 5119 Act.
979 5061 1134 5111 xvm,
1175 5042 1274 5112 18;
1294 5050 1377 5104 vel
1413 5065 1539 5103 cum
1565 5042 1804 5119 qua-tuor
1833 5053 1957 5107 illos
1982 5053 2131 5109 viros

2317 4915 2434 4983 (99)
2508 4914 2828 4980 Καθαίρειν
2876 4914 3258 4983 πειρώμεθα,
3303 4921 3406 4966 etc.
3467 4907 3842 4976 Hieronymus

2242 4982 2436 5041 iisdem
2472 5001 2609 5055 pene
2663 4985 2882 5040 verbis:
2937 5003 2956 5035 ι
2993 4982 3215 5049 manus,
3250 4982 3304 5055 id
3340 4989 3454 5043 est,
3503 4992 3690 5055 opera_
3729 4985 3842 5055 non

2241 5041 2491 5125 corporis
2520 5056 2729 5126 utique,
2762 5055 2854 5111 sed
2887 5056 3084 5126 anima:
3113 5041 3358 5126 lavandae
3387 5041 3752 5126 suntiutﬁat
3784 5041 3842 5094 in

545 5111 1030 5196 votumhabentes
1059 5133 1225 5188 super
1245 5111 1305 5174 Se
1329 5111 1729 5196 radi_curavit,
1765 5123 2132 5196 ohlati_o_ne_m_-
2242 5111 2356 5179 illis'
2396 5111 2636 5196 verbium
2674 5111 2800 5196 D'ei.
2825 5144 2843 5177 ι
2879 5124 3145 5196 Origenes
3188 5122 3361 5196 intra"
3395 5123 3448 5176 in
3474 5111 3839 5196 _l|Iauh._xv._

545 5193 656 5266 que
691 5195 788 5266 pro
819 5180 1168 5266 unoquoque
1179 5205 1372 5266 eorum
1405 5191 1609 5266 olferri,
1634 5180 1755 5266 Act.
1783 5209 1896 5260 xxi,
1923 5193 2014 5266 24,
2035 5193 2128 5246 26.

2242 5197 2329 5257 19,
2363 5196 2468 5248 2οε
2523 5196 2598 5248 Τὺ
2622 5195 2685 5266 δέ
2716 5195 2962 5266 ἀνίπτοις
2977 5180 3160 5266 υχερσὶ
3197 5195 3396 5266 φαγεῖν
3433 5193 3496 5246 οὐ
3540 5180 3843 5266 κοινοῖίτὲξ

549 5247 745 5337 Pegale
778 5247 964 5337 votum-
1015 5247 1462 5337 appellat,_qt_tod
1511 5247 1669 5337 juxta
1723 5247 1895 5337 legem
1927 5247 2130 5318 factum

2535 5247 2563 5328 ί,
2583 5247 2587 5248 ί
2608 5247 2728 5337 ἀλλί
2755 5267 2803 5317 εί
2829 5247 3488 5337 δεῖξολμίήσανταείπεῖν
3507 5302 3522 5326 ,
3568 5255 3747 5337 κοινοῖ
3776 5247 3842 5337 ἐδ

549 5319 744 5408 (σεται.
789 5323 899 5408 Lex
941 5319 1144 5408 autem
1174 5347 1238 5385 ea
1275 5319 1528 5408 Ἰιξιὶκξιιιιἶ
1571 5319 1803 5408 disertev
1821 5333 1984 5408 Num.
2019 5344 2134 5389 toto

2239 5319 2459 5408 civium}
2483 5319 2687 5408 καρδία
2705 5334 2989 5408 ῥτιποτοῦν
3012 5319 3226 5404 ᾦαγεῖν,
3245 5333 3272 5387 ὃ
3300 5319 3521 5402 πέφυκε
3535 5332 3600 5384 τὸ
3634 5329 3842 5398 ἡγεμο-

543 5407 672 5477 gap.
700 5408 756 5477 vi
787 5412 800 5448 :
831 5395 1019 5477 θυσίαν
1041 5399 1202 5466 dicit;
1240 5419 1364 5457 cum
1394 5403 1540 5477 enim
1581 5405 1858 5477 eaasariem
1890 5405 2132 5472 depone-

2237 5406 2388 5477 νικὸν
2416 5395 2574 5477 ἡμῶν
2602 5395 2823 5477 ἐσθίειν.

544 5459 680 5547 bant
713 5462 954 5521 Nazaraei
977 5507 992 5531 ,
1024 5485 1165 5538 agno
1186 5459 1352 5547 ,μονα
1381 5481 1435 5526 et
1465 5474 1658 5547 ariete
1678 5474 1912 5547 faciebat
1949 5459 2134 5530 sacer-

2297 5459 2386 5547 (1)
2430 5459 2955 5547 Ῑὺετιιρλαμϐἁνεινζ
2973 5473 3142 5540 Idem,
3171 5475 3520 5547 μεταλαϐεῖν.

545 5531 670 5616 dos,
702 5550 871 5616 panes
903 5530 1147 5611 azymos,
1179 5530 1394 5613 aliaque
1433 5545 1695 5616 nonnulla
1718 5546 1999 5616 onerehat,
2040 5561 2133 5599 ea-

2312 5530 2387 5616 li}
2428 5530 2539 5602 Καὶ
2580 5551 2613 5601 ό
2653 5530 3004 5616 έακολοτῶν
3030 5530 3256 5614 πατέρα
3293 5545 3482 5600 αὐτοῦ
3528 5542 3567 5610 ἢ
3605 5530 3843 5616 μητέρα

547 5602 1488 5689 Pi'!2§quei_let0|ispsconditu-clm,
1508 5612 1670 5689 Num.
1691 5631 1740 5670 c.
1761 5631 1836 5670 γι.
1862 5602 2130 5671 "uerius.

2245 5602 2454 5681 αὗτὸὗ,
2485 5617 2718 5680 θανάτῳ
2741 5602 3088 5689 τελεὺτὰτω.
3118 5602 3242 5671 Haec
3270 5633 3393 5689 qua:
3422 5602 3636 5689 viderat
3670 5602 3837 5689 Ετξδξξ

765 5677 975 5757 ζΙ-ἁλιν.
999 5681 1182 5757 Codex
1209 5671 1543 5757 Iariuianus
1574 5686 1737 5739 πάνυ.

2248 5671 2626 5757 πιιιεξιέινηιιαι
2660 5671 2711 5741 in
2741 5687 2935 5757 codice
2955 5703 3056 5740 suo
3081 5704 3187 5741 non
3219 5671 3420 5756 reperit
3450 5671 3840 5757 lluctius'3LIgc

775 5750 918 5829 ﬂap‘
954 5752 1175 5829 ᾳιξζοῖς.
1209 5754 1353 5829 Idem
1383 5739 1580 5829 codex,
1610 5757 1697 5808 ἐπ’
1729 5757 1933 5823 αὐτοῖς.

2247 5739 2622 5814 ἱ-ὶὲἔῐίὶιὶιιιιὶιιίῖ
2643 5739 3236 5829 eam;egissem;
3281 5739 3545 5813 Vaticano
3582 5757 3638 5804 ct
3675 5739 3838 5796 Tari-

629 5813 738 5870 (98)
779 5817 839 5868 ’Ὁ
865 5813 985 5874 καί.
1014 5813 1196 5877 Codcx
1239 5813 1586 5881 Vatiennus3
1616 5829 1661 5880 εἰ
1698 5829 1809 5882 καί.
1893 5813 1910 5823 ’
2247 5830 2431 5883 niano.
