4100 6416
323 397 424 452 εει)

1317 376 1674 437 ΕΟΜΜΙιΝΤ.
1719 373 1786 428 IN
1827 369 2243 427 ΜΑΪΤΗΛΞΙΞΜ
2284 367 2522 424 TOMUS
2561 367 2652 420 XI.

3513 382 3616 438 950

326 513 568 584 νοητέον.
601 509 714 565 Καὶ
743 511 771 562 ὀ
807 507 906 579 μὲν
939 505 1071 568 Θεὸς
1112 497 1232 556 εἷπε
1255 518 1268 532 ·
1330 521 1348 552 ι
1378 501 1524 570 Τίμα
1573 497 1666 549 τὸν
1709 495 1917 566 πατέρα

2037 499 2123 542 :st.
2149 487 2226 541 Ae
2252 486 2394 540 Deus
2417 485 2634 553 quidem
2655 483 2794 538 dixit
2813 484 2855 516 ³⁵
2878 502 2892 538 :
2922 503 2940 535 ‹
2975 481 3191 537 llonora
3217 492 3422 552 patrem
3453 491 3609 535 tuum

329 621 424 656 σου
460 602 554 656 καὶ
588 602 688 672 τὴν
721 598 932 670 μητέρα
956 614 1072 660 σου,
1111 614 1128 646 ι
1158 593 1423 647 διδάσκων
1458 592 1557 662 τὴν
1588 589 1811 642 δέουσαν
1839 605 1918 639 τι-

330 694 436 764 μὴν
453 692 749 762 ἀπονέμειν
773 687 989 758 γονεῦσι
1016 686 1108 740 τὸν
1125 685 1182 751 ἐξ
1197 683 1375 738 αὐτῶν
1399 681 1758 752 γεννώμενον.
1776 678 1919 732 Ταύ-

327 802 428 854 της
456 783 557 853 τῆς
585 781 722 852 πρὸς
751 779 875 842 τοὺς
893 779 1073 847 γονεῖς
1099 775 1264 845 τιμῆς
1292 774 1366 843 (5)
1410 773 1574 844 μέρος
1616 766 1684 841 ἦν
1731 772 1825 824 καὶ
1857 769 1918 822 τὸ

331 876 605 930 κοινωνεῖν
642 873 825 936 αὐτοῖς
856 870 962 924 τῶν
986 866 1253 938 βιωτικῶν
1285 865 1482 937 χρειῶν
1514 865 1594 927 είς
1625 860 1920 933 διατροφὰς

330 968 428 1022 καὶ
461 965 858 1035 σκεπάσματα,
906 961 1002 1015 καὶ
1054 959 1108 1013 ετ
1140 976 1192 1012 τι
1224 957 1351 1013 ἀλλο
1374 950 1486 1019 οἶός
1513 972 1570 1008 τε
1605 951 1674 1024 ἦν
1702 953 1923 1024 χαρίζε-

334 1059 459 1112 σθαι
497 1060 610 1120 τοῖς
655 1053 848 1110 ἐαυτοῦ
886 1051 1170 1121 γονεῦσιν*
1219 1052 1269 1103 οἱ
1307 1049 1364 1102 δὲ
1400 1049 1684 1118 Φαρισαῖοι
1732 1045 1826 1099 καὶ
1871 1043 1921 1096 οἱ

333 1149 684 1222 γραμματεῖς
711 1144 967 1214 τοιαύτην
999 1139 1417 1211 ἐναντιουμένην
1441 1137 1520 1209 τῷ
1552 1137 1702 1208 νόμῳ
1746 1136 1924 1207 παρά-

333 1240 480 1294 δοσιν
527 1236 894 1292 ἐκδεδὼκασιν
921 1275 935 1298 ,
981 1233 1351 1304 ἀσαφέστερον
1389 1232 1450 1284 ἐν
1494 1228 1576 1300 τῷ
1611 1226 1926 1296 Εὑαγγελίῳ

336 1329 616 1400 κειμένην,
721 1326 829 1379 οὐδ’
856 1325 1013 1378 αὐτοὶ¹
1037 1322 1478 1392 ἐπιϐεϐλήκαμεν
1506 1321 1592 1384 ἂν,
1625 1320 1673 1372 εἱ
1708 1318 1780 1390 μὴ
1815 1317 1926 1370 τῶν

345 1419 617 1492 Ἐϐραίων
664 1434 748 1480 τις
793 1415 1120 1468 ἐπιδέδωκεν
1164 1415 1294 1484 ἡμῖν
1337 1411 1406 1466 τὰ
1446 1410 1587 1466 κατά
1625 1411 1718 1463 τὸν
1762 1410 1926 1462 τόπον

334 1511 507 1573 οὕτως
547 1507 756 1578 ἔχοντα.
793 1504 942 1560 Ἕσθ’
975 1505 1098 1568 ὅτε,
1143 1503 1326 1573 φησὶν,
1363 1502 1413 1555 οἱ
1447 1499 1742 1563 δανεισταὶ,
1797 1499 1928 1551 δυσ-

335 1599 628 1672 τραπέλοις
660 1597 1080 1668 περιπίπτοντες
1123 1592 1442 1665 χρεώσταις,
1493 1592 1586 1645 καὶ
1611 1589 1930 1659 δυναμένοις

340 1690 460 1761 μὲν,
496 1688 570 1759 μὴ
602 1686 943 1757 βουλομένοις
974 1685 1030 1738 δὲ
1058 1683 1368 1738 ἀποδιδόναι
1413 1682 1475 1734 τὸ
1509 1680 1666 1754 χρέος
1690 1720 1704 1742 ,
1753 1678 1930 1732 ἀνετί-

2020 587 2073 630 ει
2100 585 2330 631 matrem
2368 585 2540 637 tuam,
2563 594 2582 626 ι
2615 575 2819 629 docens
2848 573 3110 630 honorem
3133 574 3376 628 debitum
3407 586 3607 642 paren-

2021 668 2168 722 tibus
2204 666 2536 720 reddendum
2577 680 2700 720 esse
2733 665 2799 720 ab
2840 679 2906 720 eo
2964 665 3056 734 qui
3085 680 3152 718 ex
3201 664 3334 734 ipsis
3393 662 3611 734 genitus

2021 765 2128 811 est.
2163 754 2340 824 llujus
2373 764 2552 809 autem
2597 769 2725 824 erga
2758 767 3006 824 parentes
3039 755 3266 810 honoris
3302 769 3431 823 pars
3463 764 3608 816 erat,

2023 847 2146 901 vitae
2176 845 2461 900 commoda
2501 845 2569 899 ad
2614 846 2815 899 victum
2845 853 2900 898 et
2935 843 3194 899 vestitum
3242 843 3446 897 habere
3481 856 3607 895 cum

2023 937 2130 991 illis
2158 936 2497 999 communia,
2529 943 2584 989 et
2627 935 2674 989 si
2725 950 2890 1003 quam
2940 935 3102 988 aliam
3157 949 3269 987 rem
3317 932 3610 1002 gratiticari

2029 1027 2349 1097 parentibus
2395 1027 2512 1080 suis
2558 1033 2788 1095 poterat.
2819 1023 3079 1078 Pharisaei
3105 1032 3286 1077 autem
3319 1030 3374 1075 et
3409 1021 3616 1077 Scriba:

2030 1118 2190 1172 talem
2219 1117 2323 1188 legi
2353 1115 2683 1171 contrariam
2717 1115 3063 1170 traditionem
3105 1115 3482 1184 prodiderunt,
3516 1114 3618 1167 ob-

2029 1207 2248 1262 scurius
2281 1208 2334 1261 in
2366 1205 2660 1278 Evangelia
2688 1221 3026 1276 expressam,
3058 1221 3220 1273 quam
3254 1221 3321 1260 ne
3352 1220 3453 1259 nos
3485 1205 3612 1274 qui-

2028 1298 2151 1352 dem
2201 1296 2501 1352 fuissemus
2547 1297 2807 1362 assecuti,
2855 1295 2960 1349 nisi
3017 1295 3216 1364 aliquis
3263 1311 3329 1348 ex
3375 1293 3618 1348 llebrmis

2030 1387 2344 1442 tradidisset
2373 1386 2532 1440 nobis
2571 1401 2632 1439 ea
2664 1401 2787 1454 qua:
2817 1385 2881 1438 ad
2920 1385 3065 1438 hunc
3102 1385 3283 1438 locum
3318 1385 3616 1453 pertinent,

2030 1479 2109 1534 sic
2143 1493 2202 1534 se
2241 1479 2515 1532 habentia.
2551 1476 2829 1547 Contingit
2872 1492 3286 1547 nonnunquam,
3330 1477 3529 1546 inquit,
3559 1485 3620 1530 ut

2032 1571 2372 1624 feneratores
2436 1584 2560 1622 cum
2621 1569 2674 1622 in
2730 1569 2976 1624 difﬁciles
3027 1570 3304 1624 debitores
3349 1569 3616 1633 incidunt,

2035 1660 2128 1728 qui
2162 1667 2394 1728 possunt
2439 1657 2682 1726 quidem,
2719 1659 2812 1712 sed
2849 1658 3040 1712 nolunt
3086 1659 3328 1713 debitum
3369 1658 3618 1720 reddere,

338 1746 506 1833 θεσαν
530 1746 961 1847 ἐδ-ὀφειλόμενον
993 1775 1074 1836 είς
1099 1773 1192 1826 τὸν
1212 1771 1320 1824 τῶν
1351 1746 1600 1838 πενήτων
1640 1769 1817 1836 λόγον,
1849 1761 1930 1829 οἷς

2037 1747 2275 1802 debitum
2307 1748 2360 1800 in
2399 1761 2699 1816 pauperum
2734 1746 3004 1801 rationem
3040 1758 3381 1813 consecrent,
3415 1749 3618 1817 quibus

337 1870 593 1924 ἐϐάλλετο
623 1872 702 1932 είς
722 1868 782 1921 τὸ
809 1864 1210 1936 γαζοφυλάκιον
1250 1863 1339 1932 ὑφ’
1385 1862 1612 1916 ἑκάστου
1633 1900 1647 1922 ,
1697 1860 1770 1922 ὡς
1814 1857 1932 1911 ἐδύ-

337 1979 486 2025 νατο,
514 1960 621 2015 τῷν
657 1958 994 2031 βουλομένων
1021 1956 1208 2019 αὐτοῖς
1247 1955 1542 2009 κοινωνεῖν.
1577 1951 1803 2019 Ἔλεγον
1834 1947 1927 2004 οὖν

338 2051 451 2106 ἐσθ’
476 2051 564 2104 ὅτε
597 2052 712 2113 τοῖς
741 2048 1014 2118 ὀφείλουσι
1058 2045 1198 2099 κατά
1238 2044 1336 2115 τὴν
1376 2042 1580 2096 οἰκείαν
1625 2041 1926 2094 διάλεκτον·

339 2141 560 2212 Κορϐἄν
604 2140 751 2192 ἐστιν
803 2137 831 2190 δ
877 2133 1112 2204 ὀφείλεις
1151 2150 1278 2204 μοι,
1308 2130 1576 2193 τουτέστι,
1607 2128 1780 2197 δῶρον
1814 2127 1887 2197 (4)
1912 2143 1925 2157 ο

338 2230 582 2303 ἀνέθηκα
614 2229 724 2300 γὰρ
755 2226 889 2280 αὐτὸ
913 2226 992 2288 εἰς
1018 2224 1174 2292 λόγον
1205 2222 1305 2293 τῆς
1335 2222 1416 2285 εἰς
1473 2219 1606 2272 Θεὸν
1647 2217 1933 2280 εὐσεϐείας

338 2325 453 2386 τοῖς
485 2320 732 2390 πένησιν.
767 2317 899 2372 Εἶτα
923 2316 952 2368 ὀ
989 2311 1306 2384 χρεώστης,
1357 2312 1433 2375 ὼς
1476 2310 1672 2380 μηκέτι
1718 2306 1932 2380 ἀνθρώ-

343 2431 485 2478 ποις,
514 2412 649 2466 me
669 2410 748 2482 τῷ
773 2408 892 2479 Θεῷ
920 2407 1147 2477 ὀφείλων
1172 2446 1186 2469 ,
1217 2405 1312 2458 καὶ
1343 2404 1409 2473 τῇ
1456 2404 1535 2464 εἰς
1583 2401 1746 2455 αὑτὸν
1781 2399 1934 2452 εύσε-

343 2503 466 2574 ϐεία
484 2543 499 2566 ,
537 2500 699 2554 οἱονεὶ
726 2497 1063 2553 συνεκλείετο
1083 2494 1220 2567 πρὸς
1249 2494 1332 2560 τὸ,
1364 2493 1458 2546 καὶ
1489 2491 1564 2563 μὴ
1591 2490 1930 2561 βουλόμενος,

343 2591 635 2646 ἀποδοῦναι
668 2589 729 2644 τὸ
759 2587 942 2661 χρέος,
970 2587 1153 2640 οὐκέτι
1180 2585 1276 2656 μὲν
1309 2583 1388 2653 τῷ
1411 2582 1662 2652 δανειστῇ
1685 2620 1700 2644 ,
1747 2581 1847 2652 ἤδη
1877 2579 1934 2632 δὲ

344 2684 426 2748 είς
454 2682 546 2738 τὸν
568 2682 724 2751 λόγον
746 2679 855 2734 τῶν
880 2679 1128 2749 πενήτων
1155 2676 1232 2748 τῷ
1262 2674 1380 2746 Θεῷ
1401 2715 1416 2738 ,
1452 2673 1510 2741 ἐξ
1553 2673 1814 2744 ὀνόματος
1839 2671 1933 2726 τοῦ

343 2771 644 2827 δανειστοῦ.
680 2771 858 2841 Ὅπερ
886 2764 976 2822 οὖν
999 2769 1026 2821 ὁ
1054 2766 1335 2837 δανειστὴς
1365 2763 1637 2835 ἐποίει
1660 2763 1738 2834 τῷ
1761 2761 1936 2834 χρεώ-

349 2881 471 2935 στῃ,
505 2862 662 2916 τοῦτό
707 2860 837 2915 ποτέ
876 2877 1020 2922 τινες
1068 2857 1176 2911 τῶν
1221 2857 1352 2911 υἱῶν
1390 2859 1502 2920 τοῖς
1546 2855 1797 2924 γονεῦσι,
1840 2854 1935 2907 καὶ

350 2953 532 3022 ἔλεγον
562 2953 764 3016 αὐτοῖς,
794 2951 897 3014 ὅτι,
933 2951 998 3003 Ὀ
1033 2948 1097 3002 ἂν
1130 2948 1190 3012 ἐξ
1216 2947 1350 3018 ἐμοῦ
1383 2945 1669 3016 ὠφεληθῇς
1690 2945 1789 3017 (6),
1825 2945 1934 2999 πά-

346 3059 443 3114 τερ
467 3042 500 3113 ῆ
535 3042 739 3112 μῆτερ,
784 3038 942 3093 τοῦτο
971 3036 1080 3091 ἴσθι
1113 3037 1222 3091 ἀπὸ
1246 3035 1338 3089 τοῦ
1370 3034 1590 3106 Κορϐἄν
1615 3033 1931 3105 λαμϐάνειν,

350 3136 416 3188 ὲκ
461 3133 554 3186 τοῦ
599 3133 757 3202 λόγου
799 3131 906 3184 τῶν
953 3129 1072 3201 Θεῷ
1115 3128 1490 3200 ἀνακειμένων
1523 3127 1772 3198 πενήτων
1830 3125 1929 3196 (7).

1963 1841 2004 1895 Β
2035 1839 2088 1892 in
2124 1836 2576 1907 gazophylacium
2625 1836 2859 1905 pecunia
2907 1836 3226 1890 mittebatur
3275 1852 3373 1906 pro
3412 1838 3620 1891 viribus

2041 1925 2111 1980 ab
2145 1939 2478 1995 unoquoque
2508 1939 2698 1978 eorum
2749 1925 2842 1994 qui
2888 1924 3140 1978 volebant
3178 1941 3300 1979 cum
3335 1924 3440 1979 illis
3479 1926 3621 1979 bona

2033 2016 2467 2074 communicare.
2500 2015 2764 2070 Dicebant
2803 2028 2983 2070 autem
3029 2031 3422 2084 nonnunquam
3462 2016 3622 2070 debi-

2032 2128 2246 2183 toribus
2267 2143 2364 2183 sua
2391 2126 2576 2199 lingua
2610 2144 2623 2180 :
2652 2124 2869 2181 Corban
2901 2134 2984 2182 est
3014 2126 3063 2180 id
3089 2128 3234 2196 quod
3264 2127 3399 2181 mihi
3427 2127 3615 2191 debes,

2041 2218 2144 2272 Ιιοε
2170 2228 2274 2286 est,
2298 2219 2536 2282 donum;
2571 2216 2812 2271 dedicavi
2844 2217 2987 2271 enim
3024 2216 3154 2270 illud
3190 2218 3524 2288 pauperibus
3557 2218 3614 2272 in

2036 2311 2302 2364 rationem
2336 2310 2556 2380 pietatis
2587 2323 2715 2379 erga
2751 2307 2942 2364 Deum.
2986 2307 3189 2365 Deinde
3223 2309 3456 2374 debitor,
3492 2318 3612 2364 tan-

2041 2415 2206 2468 quam
2255 2415 2364 2453 non
2415 2398 2729 2453 hominibus
2779 2399 3036 2468 amplius,
3082 2400 3175 2454 sed
3230 2398 3342 2454 Deo
3394 2399 3620 2464 debetis,

2039 2505 2262 2558 sumque
2291 2505 2418 2560 erga
2466 2489 2618 2544 illum
2657 2489 2869 2559 pietati,
2906 2489 3071 2544 veluti
3109 2489 3238 2544 illnc
3265 2491 3626 2545 concludeba-

2043 2589 2153 2645 tur,
2183 2590 2244 2635 ut
2269 2580 2436 2635 etiam
2468 2581 2662 2637 nolens
2699 2582 2941 2638 debitum
2971 2581 3219 2650 referret,
3243 2599 3351 2636 non
3383 2584 3622 2654 amplius

2039 2671 2332 2727 feneratori
2361 2711 2377 2738 ,
2427 2670 2522 2726 sed
2569 2671 2682 2740 jam
2734 2670 2845 2727 Deo
2897 2673 2950 2726 in
2991 2673 3254 2728 rationem
3297 2689 3619 2744 pauperum,

2036 2762 2260 2816 nomine
2291 2761 2638 2816 feneratoris.
2685 2763 2838 2828 Quod
2875 2764 3040 2835 igitur
3076 2763 3350 2819 fenerator
3387 2763 3624 2821 faciebat

2045 2872 2327 2938 creditori,
2353 2871 2483 2926 illud
2513 2871 2655 2926 idem
2691 2873 2940 2928 nonnulli
2968 2873 3298 2944 quandoque
3331 2875 3424 2929 lilii
3459 2874 3626 2932 facie-

2043 2960 2175 3016 bant
2219 2962 2561 3032 parentibus,
2594 2961 2957 3033 dicebantque
2986 2964 3094 3019 illis
3125 2981 3137 3018 :
3171 2965 3307 3018 lllud
3339 2980 3448 3034 quo
3479 2981 3509 3019 a
3540 2981 3626 3020 me

2041 3053 2262 3120 adjutus
2287 3051 2506 3116 fuisses,
2535 3061 2687 3122 pater
2702 3052 2786 3106 vel
2818 3063 3008 3118 mater,
3029 3053 3166 3108 scito
3193 3066 3243 3107 te
3271 3062 3624 3122 accepturum

2039 3153 2070 3192 e
2102 3139 2319 3193 Corban
2347 3140 2413 3194 de
2435 3140 2646 3194 ratione
2677 3155 2976 3209 pauperum
3005 3139 3116 3195 Deo
3147 3153 3621 3197 consecratorum.

351 3222 484 3280 Εἶτα
512 3224 799 3288 ἀκούοντες
828 3223 878 3276 οἱ
903 3225 1102 3292 γονεῖς,
1124 3223 1205 3275 ὅτι
1232 3219 1447 3293 Κορϐᾶν
1473 3222 1619 3273 ἐστιν
1648 3218 1932 3289 ἀνακείμε-

2041 3229 2256 3286 Deinde
2290 3231 2573 3288 audientes
2603 3241 2858 3303 parentes
2887 3232 3105 3289 Corban
3140 3249 3260 3290 esse
3292 3233 3404 3290 Deo
3432 3250 3630 3291 conse-

350 3331 439 3370 νον
467 3314 545 3386 τῷ
565 3311 679 3383 Θεῷ
698 3313 758 3366 τὸ
776 3312 1048 3382 διδόμενον
1071 3312 1273 3374 αὐτοῖς,
1297 3309 1480 3364 οὐκέτι
1504 3309 1784 3363 ἐϐούλοντο
1810 3308 1941 3381 λαμ-

353 3407 556 3471 ϐάνειν,
588 3408 634 3459 εἰ
661 3406 756 3458 καὶ
784 3405 924 3458 πάνυ
953 3403 1180 3476 ἔχρῃζον
1205 3401 1310 3456 τῶν
1330 3402 1662 3470 ἀναγκαίων,
1701 3402 1810 3454 ἀπὸ
1831 3401 1939 3454 τῶν

352 3499 532 3552 υἱέων.
584 3499 647 3551 Οἱ
686 3493 780 3550 οῦν
819 3495 1174 3567 πρεσϐύτεροι
1223 3492 1474 3564 τοιαύτην
1522 3493 1821 3564 παράδοσιν
1856 3493 1937 3556 είς

350 3592 478 3654 τοῦς
509 3590 617 3644 ἀπὸ
649 3588 741 3643 τοῦ
775 3588 904 3643 λαοῦ
935 3587 1140 3657 ελεγον,
1177 3587 1282 3653 ὅτι,
1321 3587 1508 3650 Ὅστις
1536 3586 1602 3641 ἂν
1630 3586 1708 3658 τῷ
1735 3586 1933 3657 πατέρι

352 3682 389 3754 ἢ
420 3685 486 3754 τῇ
530 3681 730 3753 μητέρι
771 3681 898 3752 εἴπῃ
945 3679 1005 3733 τδ
1044 3678 1319 3749 διδόμενόν
1357 3695 1464 3732 τινι
1505 3678 1688 3733 αὐτῶν
1717 3679 1936 3750 Κορϐᾶν

353 3770 515 3840 εἶναι,
561 3773 654 3826 καὶ
681 3772 870 3842 δῶρον,
900 3765 1054 3833 οὗτος
1101 3770 1284 3823 οὐκέτι
1315 3769 1599 3841 ὀφειλέτης
1633 3771 1752 3824 ἐστὶ
1799 3770 1938 3841 πρὸς

434 3937 478 3967 ³⁵
518 3936 690 3991 Ετοά.
723 3951 823 4002 xit,
851 3935 956 4002 20;
989 3932 1205 3990 Denter.
1237 3949 1290 4001 ν,
1319 3936 1404 3990 f6.

426 4092 505 4162 (3)
549 4093 777 4158 Ταύτης
819 4089 932 4157 τῆς
965 4089 1118 4162 ,πρὸς
1160 4089 1306 4156 τοὺς
1337 4089 1534 4162 γονεῖς
1576 4089 1786 4160 τιμῆς,
1823 4100 1931 4149 etc.

357 4160 560 4218 Eadem
594 4162 904 4232 Itaacihabet
939 4161 1322 4232 Hieronymus.
1352 4160 1615 4216 Hunnus.

432 4235 508 4304 (ιι)
543 4231 776 4299 Κορϐᾱν
817 4231 993 4304 ἐστιν⁸
1033 4229 1066 4282 ὃ
1093 4229 1376 4304 Δὀφείλεις
1432 4248 1567 4304 μοι,
1616 4231 1889 4304 τουτέστι
1918 4270 1934 4296 ,

357 4300 570 4373 δῶρον.
604 4313 744 4391 ΡἾΡ
777 4319 797 4354 ι
820 4301 1054 4363 Oblatio,
1077 4300 1304 4367 donum,
1340 4301 1687 4391 sacriﬁcium.
1711 4320 1729 4352 ι
1762 4301 1940 4355 Then-

360 4389 670 4465 phylacm's,
691 4389 744 4448 in
766 4391 955 4465 Matth.
979 4406 1078 4465 xv,
1099 4391 1132 4446 5
1141 4409 1170 4465 ε
1205 4389 1425 4465 ιςορϐᾶν
1459 4392 1611 4465 ἲεεττινΔ
1647 4390 1674 4444 δ
1705 4392 1938 4465 ὀφείλεις

365 4459 493 4534 μοι,
520 4463 764 4516 τουτέστι
806 4462 998 4534 δῷρονῌ
1012 4459 1091 4534 τῷ
1132 4460 1256 4534 Θεῷ
1290 4459 1704 4534 ἀνατεθειμένον
1724 4459 1756 4491 ’⁷
1780 4464 1809 4514 ὀ
1846 4459 1939 4517 οὖν

2048 3330 2282 3388 cratum,
2331 3321 2383 3376 id
2424 3321 2570 3391 quod
2614 3321 2716 3376 sibi
2745 3321 2984 3377 dandum
3017 3331 3158 3391 erat,
3189 3339 3298 3378 non
3332 3325 3566 3395 amplius
3595 3341 3627 3379 a

2046 3412 2172 3468 ﬁliis
2218 3413 2466 3482 accipere
2512 3413 2790 3476 volebant,
2836 3413 3050 3468 etiamsi
3099 3415 3264 3470 rebus
3302 3419 3628 3472 necessariis

2044 3517 2377 3573 magnOpere
2408 3503 2733 3573 indigerent.
2768 3502 2955 3559 Talem
2987 3521 3118 3574 ergo
3155 3507 3502 3562 traditionem
3536 3523 3624 3564 se—

2043 3593 2226 3648 niores
2249 3595 2390 3665 apud
2416 3595 2656 3664 plebeios
2685 3595 3034 3665 proferebant
3059 3616 3072 3651 :
3101 3596 3265 3668 490
3296 3598 3624 3671 Quicunque

2047 3685 2246 3739 dixerit
2271 3691 2412 3756 patri
2444 3687 2526 3740 vel
2570 3686 2753 3751 matri,
2790 3687 2842 3742 in
2871 3689 3016 3758 quod
3057 3689 3220 3743 alicui
3265 3706 3456 3744 eorum
3487 3692 3628 3745 dan-

2045 3775 2174 3828 dum
2204 3786 2318 3829 erat
2344 3775 2559 3830 Corban
2595 3791 2718 3830 esse
2765 3785 2819 3830 et
2849 3777 3076 3842 donum,
3104 3795 3226 3833 eum
3257 3797 3361 3834 non
3392 3781 3628 3850 amplius

2039 4087 2152 4167 οἷον
2175 4089 2297 4167 εἶπε
2325 4092 2405 4167 τῷ
2440 4092 2556 4167 ἰδίῳ
2596 4091 2725 4167 υἱῷ]
2753 4091 2853 4167 de;
2883 4109 2973 4163 μοι
3001 4093 3062 4147 τὸ
3102 4095 3373 4167 πρόϐατον
3402 4094 3562 4150 τοῦτο
3597 4096 3628 4150 δ

2041 4166 2213 4239 ἔχεις,
2236 4164 2268 4232 ἢ
2293 4161 2388 4239 τὸν
2429 4161 2715 4239 μόσχονίῆ
2747 4161 2952 4239 ἀλλοζτι
3001 4161 3273 4239 τοιοῦτον·
3294 4165 3456 4239 ⁸ἔλεγε
3490 4167 3632 4239 πρδς

2041 4183 2213 4286 εέεις,
2236 4183 2268 4232 η
2298 4183 2388 4216 τον
2429 4183 2651 4244 μόσχον,
2682 4183 2715 4232 η
2747 4183 2952 4241 Milo-Tt
3001 4183 3273 4218 τοιουτον·
3305 4183 3456 4233 εΑεγε
3490 4183 3632 4239 προς

2041 4252 2072 4287 τ
2106 4233 2412 4305 ν-πατέραί
2431 4233 2616 4305 ᾼωρόν
2661 4233 2781 4305 ἐστι
2816 4249 2974 4305 τουτο
3011 4234 3266 4305 τῷ-Θεῷ,
3290 4234 3319 4286 ὀ
3359 4235 3532 4305 θέλεις
3569 4234 3632 4302 ἐξ

2044 4302 2178 4374 ἐμοῦ
2206 4302 2576 4373 ὠφεληθῆναι,
2607 4302 2792 4374 καὶού
2838 4302 3071 4356 δύνασαι
3106 4302 3310 4357 λαϐεῖν.
3349 4323 3367 4355 ι
3393 4303 3633 4359 Iuvenes

2045 4373 2619 4443 decueruntpietatis
2667 4373 2889 4443 obtentu
2951 4385 3204 4443 parentes
3256 4383 3629 4429 contemnere.

2048 4443 2210 4497 Verbi
2242 4442 2419 4508 gratia
2443 4483 2458 4508 ,
2506 4442 2644 4497 dixit
2670 4441 2780 4496 tilio
2826 4441 2970 4497 suo}
3007 4442 3082 4497 Da
3120 4444 3254 4498 mihi
3295 4459 3448 4498 ovem
3488 4445 3633 4500 hanc

435 4512 664 4604 εῶστης,
690 4534 765 4598 ὡς
793 4533 872 4604 τῷ
885 4512 1010 4603 Θεῷ
1031 4512 1486 4600 έῖιτοτέόφείλων,
1513 4512 1616 4586 κάὶ
1643 4533 1791 4587 ἄκων
1816 4550 1932 4586 κατ-

2055 4512 2574 4604 ηξιαιιιῄῇξιιξεεῖὶνει
2621 4512 2883 4604 vitulum,
2913 4515 3006 4604 rei
3037 4515 3181 4568 aliud
3235 4514 3365 4584 quid
3409 4515 3630 4604 simile;

362 4553 684 4658 ἕὲἓιῗλέἷηῖις.

436 4675 514 4744 (5)
549 4675 734 4744 Ὅπερ
779 4668 894 4747 οὖν
921 4673 954 4726 ό
994 4669 1318 4747 δανειστὴς
1361 4671 1582 4747 ἐποίει,
1626 4680 1730 4747 etc.
1771 4669 1947 4747 Felie-

2053 4583 2192 4658 dixit
2224 4583 2362 4658 patri
2393 4601 2406 4636 :
2446 4584 2652 4658 Donum
2681 4582 2812 4636 illud
2849 4595 2931 4639 ist
2966 4583 3104 4658 Deo,
3136 4582 3314 4657 quo'a
3347 4603 3433 4642 me
3470 4582 3632 4658 adjué

2049 4653 2167 4729 vari
2211 4653 2452 4729 \'_is,__nec
2493 4654 2739 4724 accipere
2787 4663 2957 4729 potes.
2984 4676 3016 4729 »λ
3041 4653 3194 4712 Ητιιιό
3232 4653 3629 4729 eXpositionem

364 4722 517 4799 raiéi-
562 4722 950 4812 ιιῖιῖὲοιῖιῖίὲιπί
996 4722 1598 4810 grauidas-eamad.
1634 4722 1796 4812 1.5.;
1821 4722 1932 4796 iis.

2049 4722 2725 4812 retinuitglirvsostorims
2753 4722 2833 4812 ξι(
2865 4726 3018 4812 Quod
3053 4744 3082 4781 a
3116 4744 3203 4812 me
3236 4722 3628 4812 in'utili‘tatem

366 4811 742 4880 consecrabat,
775 4824 937 4883 atque
978 4812 1212 4883 ita__eam
1253 4825 1354 4866 suo
1403 4813 1623 4883 nomine
1669 4811 1722 4864 in
1775 4827 1944 4882 gazo-

363 4885 676 4956 phylacium
719 4881 920 4956 inferre
953 4881 1588 4956 creditorgttucogcbat,
1636 4881 1790 4950 quod
1829 4890 1946 4956 erat

365 4948 489 5008 cam
524 4954 874 5024 aliquomodo
904 4954 1162 5024 recipere.
1195 4948 1317 5003 Filii
1340 4948 1544 5024 autem,
1569 4967 1635 5004 ne
1655 4948 1942 5024 pecuniam

366 5019 686 5092 parentibus
713 5024 950 5078 debitam
997 5019 1230 5092 darent,
1259 5034 1380 5092 eam
1411 5019 1523 5092 Deo
1571 5019 1774 5092 pariter
1811 5037 1944 5076 con-

368 5090 676 5148 Secrabant.
724 5092 894 5162 Igitur
937 5090 1413 5162 etiamsi_dire_rsis
1444 5090 1510 5145 de
1552 5091 1756 5162 causis,
1799 5092 1940 5146 idem

370 5175 554 5218 tamen
605 5164 697 5218 lilii
747 5159 823 5216 illi
872 5175 1106 5230 nequam
1157 5159 1427 5214 faciebant
1479 5175 1542 5213 ac
1595 5161 1937 5227 creditores;

366 5233 588 5303 utrique
619 5233 763 5287 enim
789 5230 1400 5303 Corbancausabantur
1419 5248 1441 5303 :_
1463 5230 1562 5294 illi,
1596 5241 1666 5303 ut_
1687 5240 1937 5285 mutuum

368 5298 692 5390 reciperent,
717 5303 906 5390 illiillic
933 5302 1060 5382 quid
1085 5302 1398 5390 parentibus
1414 5301 1624 5390 dare'nt.
1649 5298 1725 5381 in.

442 5368 520 5443 ((ἷ)
560 5374 631 5426 Ὃ
659 5373 736 5427 ἂν
759 5373 828 5436 ἐξ
853 5368 998 5440 ἐμοῦ
1023 5368 1493 5443 ,ὠφεληθῇςν-ειε.
1541 5368 1669 5443 Loci
1698 5368 1936 5435 obscuri,

367 5439 627 5513 varieque
660 5444 728 5497 ab
755 5439 1141 5513 interpretibus
1174 5439 1378 5511 accepti
1426 5440 1572 5513 clara
1604 5439 1826 5513 hmc_e_st
1884 5450 1938 5493 et

366 5509 604 5566 dilucida
638 5509 914 5582 expositio
934 5529 948 5565 :
972 5528 1003 5582 _c
1036 5510 1153 5576 Qua
1184 5525 1241 5565 re
1268 5509 1418 5564 a'mc
1459 5509 1680 5582 adjutus
1713 5509 1931 5572 fuisses,

368 5600 404 5636 υ
428 5591 599 5652 pater,
618 5598 680 5636 ea
711 5579 799 5635 res
828 5582 940 5651 jam
972 5579 1080 5652 Dee
1105 5590 1423 5652 consecrata
1444 5590 1560 5652 est;
1591 5580 1707 5652 sive
1736 5593 1934 5652 munus

368 5647 452 5708 est
475 5653 525 5707 id
546 5647 660 5722 quo
683 5668 714 5706 a
737 5647 1129 5722 me'juvareris.
1157 5667 1178 5722 ι
1207 5647 1488 5722 Origenes.
1509 5648 1786 5722 iu__Matl/t.
1820 5663 1930 5722 xiv,

369 5724 459 5790 56,
477 5739 543 5777 ex
567 5718 772 5776 Catena
803 5718 936 5774 mss.
976 5719 1221 5773 biblioth.
1245 5718 1374 5788 Reg.
1393 5738 1406 5773 :
1427 5718 1783 5790 Ἐπαίδευσαν
1805 5720 1933 5790 τοὺς

375 5787 521 5858 νέους
548 5791 827 5854 εὐσεϐείας
871 5790 1107 5860 σχήματι
1150 5792 1506 5860 καταφρονεῖν
1549 5789 1657 5841 τῶν
1693 5787 1926 5856 γονέων·

2049 4801 2197 4863 tuam
2229 4792 2386 4860 petis,
2414 4791 2611 4856 Pater,
2639 4794 2752 4863 jam
2787 4795 2934 4848 dono
2969 4797 3075 4850 Deo
3114 4798 3353 4852 dicatum
3384 4805 3490 4859 est,
3529 4811 3632 4851 nec

2049 4861 2177 4937 illud
2216 4861 2656 4937 sumerepotes§_
2687 4883 2704 4914 ο
2738 4873 2791 4917 et
2820 4873 2936 4937 post
2968 4865 3418 4937 Chrysostomum
3439 4865 3632 4937 _Tlieo_-

2046 4932 2329 5007 pltylactns
2377 4949 2390 4984 ε
2428 4931 2610 5007 Δῷρόν
2643 4929 2885 4995 ἐστινίῶ
2917 4929 3114 5007 πάτερ,
3143 4937 3172 4989 ὃ
3193 4936 3373 5007 ζητεῖς
3401 4935 3462 5001 ἐξ
3493 4933 3632 5007 ἐμοῦ

2045 5000 2418 5076 ὠφεληθῆναι.
2447 5020 2466 5052 ι
2492 5000 2834 5076 Ποιιυηιεεῑ,
2869 5021 2908 5076 9
2936 5000 3110 5076 pater,
3141 5007 3194 5061 id
3229 5000 3373 5075 quod
3402 5000 3544 5060 ante
3574 5005 3629 5059 in

2043 5073 2399 5146 commodum
2434 5081 2586 5126 tuutn
2615 5075 2775 5146 petis.
2795 5073 2976 5146 χροὶ»
3009 5078 3185 5146 magis
3215 5073 3385 5146 miror
3411 5077 3631 5130 venisse

2049 5141 2104 5214 in
2141 5150 2378 5196 mentem
2403 5152 2484 5196 tot
2513 5141 2727 5214 magnis
2753 5144 2886 5199 viris
2925 5161 3062 5214 quos
3087 5141 3272 5200 laudat
3304 5145 3542 5200 Thomas
3572 5147 3627 5197 in

2043 5211 2345 5286 Caten.,_ut
2377 5219 2488 5286 tam
2517 5211 2657 5267 male
2681 5213 2858 5286 locum
2890 5211 3036 5286 hunc
3066 5225 3403 5286 torquerent,
3427 5217 3629 5285 quibus

2043 5281 2354 5354 praesertim
2379 5280 2551 5354 facem
2585 5285 2896 5351 praetulerat
2926 5280 3208 5354 Origenes.
3251 5280 3487 5340 Causam
3519 5286 3626 5339 dif—
3668 5313 3677 5352 ί

2043 5350 2506 5426 ticnltatisfuissc
2536 5350 2668 5420 puto
2701 5355 2950 5426 voculam
3001 5350 3121 5423 ὲάν,
3155 5371 3277 5426 qua:
3308 5370 3407 5424 pro
3433 5355 3500 5408 ἀν
3539 5355 3627 5408 bic

2041 5433 2096 5474 ct
2118 5421 2422 5490 saepissime
2448 5433 2764 5488 usurpatur.
2798 5423 2873 5476 In.

2039 5511 2358 5637 "(215w
2387 5512 2508 5594 Θεῷ
2531 5512 2940 5582 ἀνακειμένων
2973 5515 3267 5580 πενήτων.
3298 5514 3502 5568 Psalm.
3537 5530 3616 5581 ιχ,

2039 5597 2130 5637 oo.
2191 5584 2224 5637 Ξ)
2252 5601 2266 5637 :
2303 5581 2457 5637 [sane
2492 5598 2635 5637 xm.
2664 5583 2768 5637 15:
2797 5583 2912 5637 Jac.
2949 5600 3011 5637 ll.
3037 5586 3091 5637 5.
3115 5584 3448 5637 Menander:

2039 5581 2130 5650 '55,
2155 5581 2224 5637 55
2252 5601 2266 5647 ;
2303 5581 2457 5637 lsaiaa
2492 5598 2635 5642 xm,
2664 5581 2768 5650 15’;
2797 5583 2912 5638 Jac.
2949 5600 3011 5650 ll,
3037 5586 3091 5639 5.
3115 5584 3448 5639 Menander:

2153 5695 2270 5748 Ἀεὶ
2292 5693 2580 5764 νομίζονσ
2606 5695 2660 5748 οι
2692 5695 2946 5763 πένητες
2976 5696 3095 5750 τῶν
3117 5694 3288 5750 θεῶν.

2141 5787 2356 5856 Semper
2381 5787 2754 5840 existimantur
2783 5805 3032 5858 pauperes
3065 5791 3277 5843 deorum
3307 5805 3437 5844 esse.
3472 5788 3550 5845 in.
