4100 6426
553 377 662 433 955

2049 369 2376 428 ΟΠΙΟΕΝΙΒ

3737 384 3843 440 936

555 485 734 552 patris
763 494 813 539 et
848 481 1071 545 matris;
1098 481 1374 552 quomodo
1405 480 1568 550 igitur
1594 480 1996 546 Pharisaeorum
2023 495 2119 538 tra-

2245 486 2414 538 σαίων
2443 485 2740 558 παράδοσις
2763 488 2959 559 ἀκυροῖ
2978 489 3074 541 καὶ
3103 487 3194 543 τὸν
3225 487 3452 556 λέγοντα
3473 508 3484 520 ·
3517 511 3535 543 ι
3587 491 3645 547 ’0
3677 513 3844 555 κακο.

551 576 687 631 ditio
719 585 772 629 et
804 589 929 628 eum
956 572 1182 642 abrogat
1219 587 1527 626 sermonem
1555 572 1827 627 dicentem
1851 574 1898 606 “
1932 592 1945 626 :
1981 592 1999 625 ι
2028 572 2132 639 Qui

551 665 897 722 maledixerit
927 663 1068 734 patri
1103 663 1188 717 vel
1219 663 1403 728 matri,
1427 671 1605 716 morte
1635 663 1940 717 moriatur?
1974 681 1992 714 ι
2029 661 2135 717 Sed

551 755 786 811 fortasse
817 755 912 824 qui
945 752 1144 808 dixerit
1165 754 1307 823 patri
1336 753 1420 808 vel
1451 751 1609 806 matri
1639 768 1654 805 :
1688 771 1708 802 ι
1741 751 1940 807 Munus
1966 762 2052 807 est
2083 752 2136 806 id

549 863 660 918 quo
703 863 734 902 a
778 863 867 902 me
897 847 1121 916 adjutus
1169 845 1392 909 fuisses,
1433 863 1451 896 ι
1490 845 1632 914 patri
1679 852 1736 898 et
1769 844 1930 898 matri
1975 843 2135 913 quasi

545 938 859 994 convicium
903 938 1066 1011 492
1125 937 1276 1001 facit,
1327 936 1475 990 velut
1527 936 1824 1006 sacrilegos
1856 940 2135 1009 appellans

546 1039 824 1097 parentes,
860 1031 952 1100 qui
993 1045 1058 1083 ea
1096 1028 1374 1098 accipiunt
1415 1043 1538 1096 quae
1567 1025 1783 1081 Corban
1813 1038 2134 1086 consecrata

545 1128 698 1185 sunt,
747 1121 817 1174 ab
857 1135 923 1174 eo
967 1119 1062 1189 qui
1103 1119 1221 1173 haec
1273 1117 1347 1170 illi
1384 1117 1748 1172 consecravit.
1800 1116 1972 1172 Judaei
2004 1135 2136 1190 ergo

545 1211 687 1267 filios
721 1220 984 1279 tanquam
1039 1208 1426 1263 maledicentes
1473 1207 1612 1276 patri
1659 1208 1742 1261 vel
1787 1210 1946 1263 matri
1976 1210 2133 1279 juxta

544 1300 715 1371 legem
742 1301 1000 1370 puniunt,
1027 1299 1120 1368 qui
1151 1299 1342 1353 dicunt
1371 1297 1508 1366 patri
1538 1297 1625 1350 vel
1655 1299 1816 1353 matri
1842 1317 1856 1352 :
1891 1318 1911 1350 ι
1937 1298 2134 1358 Munus

541 1402 627 1446 est
649 1392 700 1445 id
727 1392 873 1461 quod
905 1407 935 1446 a
965 1407 1051 1447 me
1083 1390 1283 1446 fuisses
1318 1389 1571 1458 adjutus;
1609 1408 1627 1440 ›
1661 1404 1760 1444 vos
1801 1404 1984 1447 autem
2025 1409 2133 1448 una

545 1490 724 1535 vestra
769 1481 1058 1535 traditione
1087 1481 1198 1534 duo
1229 1479 1482 1532 mandata
1519 1476 1614 1532 Dei
1647 1479 1988 1547 rescinditis;
2034 1498 2134 1539 nec

542 1574 739 1628 deinde
787 1574 953 1641 pudet
1009 1587 1108 1626 vos
1163 1571 1462 1640 discipulos
1503 1585 1653 1624 meos
1706 1569 2010 1636 criminari,
2065 1590 2134 1630 ne

544 1681 714 1719 unum
745 1664 963 1735 quidem
995 1662 1314 1716 mandatum
1346 1660 1634 1724 violantes,
1673 1657 1955 1716 ambulan't
1985 1664 2132 1719 enim

543 1756 598 1810 in
628 1757 885 1812 omnibus
912 1753 1186 1809 mandatis
1216 1752 1338 1822 ejus
1358 1759 1413 1806 et
1439 1751 1670 1821 justitiis
1692 1751 1810 1807 sine
1836 1754 2133 1822 reprehen-

539 1846 732 1912 sione;
787 1844 1266 1917 transgrediuntur
1315 1851 1498 1897 autem
1553 1843 1836 1897 seniorum
1874 1845 2128 1901 traditio-

536 1951 686 2003 nem,
715 1954 786 1993 ne
811 1937 1282 2010 transgrediantur
1307 1936 1620 1991 mandatum
1652 1935 1744 1991 Dei
1768 1953 1782 2001 ;
1811 1937 1957 2006 quod
1983 1937 2124 1994 idem

536 2029 586 2084 si
627 2029 784 2085 vobis
823 2039 969 2085 esset
1007 2027 1374 2098 propositum,
1429 2025 1748 2080 mandatum
1796 2027 1864 2081 de
1914 2029 2128 2084 honore

534 2132 666 2188 erga
694 2129 903 2188 patrem
935 2125 991 2172 et
1025 2126 1255 2171 matrem
1290 2115 1720 2182 observassetis;
1752 2124 1807 2170 et
1833 2116 1966 2172 illud
1996 2119 2126 2174 item

535 2209 892 2278 quod,babet
927 2226 940 2263 :
981 2227 1000 2259 ι
1039 2207 1144 2274 Qui
1196 2207 1544 2262 maledixerit
1599 2209 1742 2278 patri
1799 2209 1883 2264 vel
1939 2214 2123 2278 matri,

538 2309 720 2356 morte
750 2301 1054 2366 moriatur;
1095 2319 1114 2352 ι
1156 2299 1431 2354 mandatis
1474 2310 1658 2354 autem
1689 2300 1798 2355 illis
1823 2302 2126 2359 adversan-

536 2402 647 2447 tem
685 2393 964 2448 seruierunt
1002 2392 1348 2447 traditionem
1381 2407 1490 2445 non
1525 2391 1944 2448 observassetis.

607 2505 696 2559 ll.
735 2503 869 2560 Post
903 2505 1024 2560 illas
1051 2514 1258 2570 autem,
1289 2519 1482 2559 omnes
1527 2505 1664 2560 alias
1695 2521 1817 2575 quae
1853 2508 1996 2578 apud
2022 2506 2124 2564 Ju-

529 2595 679 2652 daeos
700 2607 830 2652 sunt
864 2597 1144 2652 seniorum
1180 2597 1502 2653 traditiones
1551 2613 1618 2652 ex
1666 2600 1946 2669 prophetis
1989 2601 2124 2658 insi-

532 2689 744 2744 mulare
766 2689 977 2755 volens,
1003 2688 1056 2743 id
1081 2690 1226 2759 quod
1252 2689 1320 2743 ab
1345 2689 1484 2745 Isaia
1510 2691 1716 2747 dictum
1741 2703 1826 2748 est
1847 2695 2122 2764 apposuit,

529 2777 676 2846 quod
711 2777 844 2847 ipsis
872 2779 1056 2833 verbis
1098 2779 1180 2834 sic
1217 2795 1278 2835 se
1310 2780 1474 2836 habet
1497 2781 1542 2813 "
1571 2801 1584 2837 :
1621 2801 1639 2833 ι
1675 2781 1742 2837 Ει
1774 2784 1912 2840 dixit
1937 2784 2124 2842 Domi-

531 2884 638 2923 nus
668 2887 681 2923 :
715 2869 1132 2940 Appropinquat
1160 2870 1296 2924 mihi
1329 2872 1565 2942 populus
1594 2873 1696 2928 iste
1733 2889 1828 2930 ore
1855 2891 1978 2939 suo,
2017 2897 2037 2930 ι
2068 2889 2124 2936 et

529 2971 654 3024 qua!
699 2966 1029 3026 sequuntur.
1077 2958 1158 3013 Ac
1217 2966 1377 3014 antea
1428 2959 1650 3029 quidem
1711 2962 1952 3020 diximus
2009 2983 2120 3024 non

529 3046 725 3102 iisdem
782 3048 965 3103 verbis
1012 3048 1193 3104 locum
1251 3051 1399 3106 hunc
1445 3051 1730 3122 Prophetas
1783 3071 1812 3110 a
1867 3055 2122 3117 Mattiaco

530 3137 706 3231 fuisse
751 3139 1110 3231 descriptum.
1148 3138 1207 3194 Si
1241 3156 1374 3197 vero
1412 3143 1771 3213 explicandus
1799 3148 1991 3206 illoest
2021 3167 2122 3223 pro
2147 3173 2191 3231 ο

529 3230 761 3296 viribus,
806 3239 1030 3300 propter
1064 3230 1422 3302 Evangelium
1453 3234 1600 3304 quod
1641 3251 1708 3290 eo
1739 3237 1928 3304 utitur,
1953 3243 2118 3298 verba

527 3337 653 3391 qua:
696 3323 1014 3392 praecedunt
1053 3337 1422 3389 resumemus,
1454 3326 1680 3393 utiliter,
1715 3343 1868 3399 puto,
1898 3347 1928 3386 a
1955 3335 2117 3391 nobis

527 3419 839 3478 observata,
869 3414 937 3468 ad
965 3415 1378 3470 enarrationem
1409 3431 1601 3470 eorum
1637 3435 1760 3488 qua:
1787 3421 1843 3474 in
1873 3420 2117 3495 Evange-

529 3505 604 3559 lio
634 3519 666 3558 e
717 3503 990 3574 Propheta
1031 3507 1199 3574 petita
1231 3515 1378 3561 sunt.
1427 3506 1520 3562 Sic
1549 3517 1729 3564 autem
1767 3527 1826 3567 se
1856 3513 2017 3569 habet
2047 3517 2116 3572 ab

526 3595 684 3650 initio
717 3595 771 3650 id
806 3596 954 3666 quod
1001 3597 1210 3653 dictum
1253 3607 1337 3653 est
1364 3599 1417 3652 in
1449 3597 1587 3655 Isaia
1617 3602 1662 3632 ⁸⁸
1695 3619 1707 3656 :
1741 3621 1757 3654 ι
1792 3602 2032 3673 Delicite,
2060 3616 2117 3662 et

520 3688 916 3758 obstupescite,
954 3689 1306 3744 inebriamini
1365 3706 1472 3745 non
1525 3707 1557 3746 a
1613 3693 1811 3761 sieera,
1861 3711 2038 3767 neque
2077 3713 2111 3754 ει

521 3777 684 3846 vino;
711 3778 841 3849 quia
872 3781 1172 3851 potandum
1197 3782 1354 3837 vobis
1384 3783 1534 3839 dedit
1567 3783 1835 3842 Dominus
1854 3789 2109 3858 spiritum

523 3871 988 3940 eompunctionis,
1007 3881 1061 3928 et
1074 3872 1293 3929 claudet
1308 3874 1499 3930 oculos
1521 3890 1736 3942 eorum,
1760 3885 1815 3932 et
1829 3879 2113 3950 propheta-

525 3977 647 4016 rum
675 3977 891 4030 eorum,
911 3972 963 4018 et
985 3963 1296 4034 principum
1313 3980 1526 4032 eorum,
1545 3967 1640 4036 qui
1658 3966 1844 4023 vident
1871 3970 2110 4026 occulta.

525 4047 595 4104 Et
623 4060 784 4105 erunt
811 4051 969 4107 vobis
1003 4053 1166 4108 verba
1202 4053 1317 4108 haec
1340 4055 1526 4110 omnia
1553 4057 1694 4111 sicut
1715 4057 1877 4112 verba
1897 4058 2022 4115 libri
2038 4060 2115 4117 si-

587 4182 636 4213 “
663 4179 839 4236 Levii.
868 4195 961 4245 xx,
990 4181 1045 4235 9.
1124 4180 1168 4212 ⁵³
1193 4179 1301 4234 lsa.
1333 4194 1486 4244 nix,
1520 4179 1608 4234 l3.

511 4324 637 4403 teri,
657 4322 850 4403 διπλῆς
869 4321 1058 4403 τιμῆς,
1077 4321 1285 4403 duplici
1309 4321 1519 4403 honore
1543 4321 1693 4393 digni
1716 4320 2026 4403 habeantur
2046 4338 2100 4387 ς»

513 4391 629 4450 hoc
659 4401 776 4462 est,
802 4391 1004 4462 duplici
1049 4391 1344 4461 stipendio.
1378 4391 1582 4446 Eodem
1608 4391 1784 4446 "sensu
1831 4391 1994 4446 Prov.
2020 4407 2106 4457 ut,

511 4465 546 4519 9
576 4479 590 4516 :
632 4481 652 4515 ι
684 4461 908 4516 Honora
941 4462 1229 4516 Dominum
1258 4463 1325 4517 de
1357 4470 1448 4516 tua
1478 4462 1815 4527 substantia;
1858 4480 1877 4514 ι
1908 4463 1960 4518 id
1999 4472 2106 4528 est,

512 4533 731 4601 largire.
777 4530 1193 4600 Elegantissime
1237 4532 1430 4587 Cicero
1464 4531 1603 4586 dixit
1632 4551 1645 4586 :
1684 4549 1703 4584 ι
1737 4531 1906 4587 Curio
1939 4532 2101 4597 misi,

513 4613 576 4658 ut
606 4603 818 4674 medico
849 4601 1023 4656 honos
1057 4602 1379 4674 haberetur;
1419 4621 1437 4654 ι
1469 4603 1573 4657 hoc
1604 4611 1722 4669 est,
1748 4617 1934 4674 operte
1974 4618 2102 4674 pre-

512 4674 649 4729 tium
687 4671 1024 4726 redderetur.
1058 4671 1186 4726 lnde
1223 4691 1241 4722 ι
1281 4672 1654 4727 honorarium.
1693 4691 1712 4724 ι
1747 4671 2015 4728 liberius.

584 4740 928 4814 (18)0mne_s
969 4741 1142 4814 codd.
1183 4757 1351 4814 mss.,
1403 4743 1569 4814 ὑμᾶς.
1621 4740 2104 4814 γμίιίθιιιειοεὶεεο

511 4811 783 4884 Erasmus
805 4811 975 4878 υἱούς,
1011 4812 1173 4884 vertit
1197 4813 1364 4880 enim,
1403 4832 1421 4865 ι
1445 4811 1634 4868 Judaei
1660 4812 1825 4884 igitur
1857 4811 2032 4882 ﬁlios;
2076 4831 2098 4866 ν

508 4901 632 4955 qua:
650 4883 830 4955 lectio
853 4883 1142 4955 verissima
1166 4891 1274 4955 est.

580 4953 694 5091 (19;
722 4953 903 5008 Codex
931 4951 1284 5016 Holmiensis,
1320 4951 1352 5022 ἢ
1389 4951 1614 5024 μητρός.

581 5024 672 5091 (20
728 5023 872 5077 Ἀπὸ
904 5022 1022 5078 τῶν
1048 5023 1430 5091 προφητικῶν
1448 5024 1614 5086 ﬂavi

581 5022 694 5094 (20)
728 5022 1022 5094 ’Auditér
1048 5022 1430 5094 προφητικῶν
1448 5022 1833 5094 ,ϐουέόμενος
1855 5022 2106 5094 ἀπελέγ-

509 5091 604 5159 {at
629 5097 848 5163 λόγων.
879 5093 956 5148 Ita
983 5091 1140 5157 codd.
1171 5091 1470 5148 Vaticanus
1489 5091 1931 5163 etTarinianus;
1963 5091 2106 5149 Huc-

509 5161 888 5236 tianaa‘utemi
918 5164 1104 5236 editio,
1132 5166 1244 5236 άπδ
1289 5163 1400 5217 τῶν
1425 5161 1726 5236 προφητῶν
1774 5163 2102 5235 βουλόμενος

507 5235 834 5305 διαϐάλλειν,
879 5235 1036 5304 λόγον
1078 5233 1366 5305 παρέθετο.
1413 5231 1557 5298 eum
1592 5231 1884 5305 lectio-est
1932 5231 2099 5290 etiam

509 5307 716 5362 codicis
747 5304 919 5376 Regii,
945 5306 1040 5375 qui
1070 5303 1246 5377 solum
1280 5313 1454 5358 mutat
1482 5303 1777 5377 προφητῶν
1810 5305 1863 5360 ἱη
1889 5323 2103 5377 προφη-

507 5377 698 5441 τικῶν,
750 5374 860 5430 non
903 5374 1075 5440 male,
1108 5376 1272 5430 modo
1314 5383 1502 5445 postea
1554 5390 1655 5445 pro
1695 5374 1855 5445 λόγον
1892 5374 2102 5445 legatur

506 5446 793 5517 ldywvtet
810 5447 975 5517 locus
1003 5446 1090 5517 hic
1117 5443 1585 5517 siccoucipiatur,
1613 5443 1721 5498 ἀπὸ
1749 5445 1858 5499 τῶν
1886 5443 2102 5517 προφη-

503 5514 676 5571 τικῶν
713 5515 1034 5587 βουλόμενος
1064 5514 1367 5587 διαϐάλλειν
1396 5514 1588 5587 λόγων.

579 5583 1026 5660 (SHEw-stipati
1055 5585 1457 5660 κατανύξεως.
1495 5583 1657 5660 llebr.
1692 5595 1900 5660 ποτ-,η
1948 5594 2052 5660 np
2082 5600 2098 5638 :

507 5655 715 5729 optime
745 5655 1005 5728 Vulgata,
1042 5675 1060 5708 ι
1092 5657 1345 5729 spiritum
1401 5655 1614 5729 soporis
1704 5674 1724 5707 ι
1759 5665 1835 5729 et
1858 5655 2098 5729 _Aqui_la,

507 5724 828 5799 καταφορᾶς
855 5724 881 5778 ἶ
919 5724 1225 5799 gravissimi
1266 5724 1536 5799 tut-poris;
1575 5745 1594 5779 ι
1627 5725 1772 5799 quod
1819 5724 1961 5799 idem
1999 5725 2099 5780 ba-

510 5795 602 5852 bct
654 5795 861 5869 Syrus;
907 5795 1214 5865 Jonatbau,
1263 5817 1283 5850 ι
1339 5796 1592 5866 spiritum
1639 5795 2010 5866 deccptionis;
2071 5813 2092 5847 ›

1686 4179 1733 4211 οι
1761 4179 1896 4236 ibid.
1928 4180 1962 4236 9
1993 4189 2048 4234 et
2076 4194 2192 4251 seq.

2239 575 2410 645 λογῶν
2438 578 2653 649 πατέρα
2683 579 2716 650 ἢ
2763 579 2977 649 μητέρα
3009 579 3224 652 Θανάτῳ
3250 583 3587 653 τελευτάτω;
3613 607 3634 639 ι
3686 591 3845 646 Ἀλλά

2243 668 2452 738 μήποτε
2493 669 2554 732 ὃς
2589 668 2684 722 ἐάν
2709 669 2840 743 εἴπῃ
2868 669 2946 741 τῷ
2993 675 3161 743 πατρὶ
3189 673 3222 744 ἢ
3251 677 3317 745 τῇ
3357 676 3545 748 μητρί·
3583 699 3601 730 ι
3633 681 3842 752 Δῶρον,

2237 758 2267 811 δ
2297 758 2355 824 ἐξ
2385 759 2522 829 ἐμοῦ
2543 759 2857 831 ὠφεληθῇς,
2881 780 2900 812 ι
2927 761 3170 834 ὡσπερεὶ
3193 763 3462 834 λοιδορίαν
3489 770 3842 846 ἐπιφέρειτῷ

2238 852 2454 923 πατρὶῆ
2485 854 2551 923 τῇ
2581 853 2771 924 μητρὶ,
2799 850 2912 905 οἷον
2941 855 3254 925 ἱεροσύλους
3283 855 3458 926 λέγων
3484 861 3613 924 τοὺς
3639 869 3836 932 γονεῖς,

2237 941 2612 1012 Μμόάνοντας
2659 945 2728 998 τά
2784 946 3122 1016 ἀνακείμενα
3179 947 3257 1018 τῷ
3293 950 3536 1021 Κορϐᾶν,
3581 953 3692 1008 ἀπὸ
3744 957 3837 1009 τοῦ

2238 1034 2645 1100 ἀνατεθεικότος
2689 1037 2831 1091 αὐτὰ
2862 1038 3032 1109 αὐτῷ.
3083 1039 3327 1092 Ἰουδαῖοι
3375 1037 3468 1096 οὖν
3518 1043 3664 1114 ὑμᾶς
3701 1045 3837 1118 (18),

2235 1125 2311 1189 ὡς
2351 1127 2780 1197 κακολογοῦντας
2815 1129 3032 1202 πατέρα
3062 1131 3095 1202 ἢ
3135 1132 3348 1203 μητέρα
3369 1172 3383 1196 ,
3421 1135 3549 1199 τοὺς
3581 1136 3840 1207 λέγοντας

2236 1218 2314 1289 τῷ
2345 1220 2568 1291 πατρὶῆ
2595 1223 2660 1292 τῇ
2695 1221 2881 1292 μητρί·
2925 1241 2943 1274 ι
2979 1222 3185 1294 Δῶρον,
3213 1224 3242 1276 ὃ
3269 1224 3364 1277 ἐὰν
3387 1225 3446 1290 ἐξ
3467 1227 3603 1297 ἐμοῦ
3625 1229 3839 1302 ὠφελη-

2237 1308 2356 1380 θῇς,
2399 1332 2418 1365 ι
2469 1312 2756 1376 κολάζουσι
2806 1314 2950 1368 κατὰ
2985 1314 3076 1368 τὸν
3111 1315 3304 1386 νόμον·
3347 1317 3506 1388 ὑμεῖς
3550 1320 3608 1374 δὲ
3638 1322 3705 1392 τῇ
3737 1322 3838 1395 μιᾷ

2239 1403 2390 1474 ὑμῶν
2445 1403 2744 1475 παραδόσει
2797 1404 2893 1458 δύο
2925 1405 3148 1469 ἐντολάς
3197 1407 3290 1460 τοῦ
3350 1408 3488 1462 Θεοῦ
3539 1411 3831 1484 ἁκυροῦτε.

2236 1491 2368 1546 Εἶτα
2405 1496 2505 1548 οὐκ
2539 1495 2776 1550 αἰδεῖσθε
2805 1497 3169 1565 ἐγκαλοῦντες
3202 1502 3314 1563 τοῖς
3339 1502 3494 1572 ἐμοῖς
3539 1503 3832 1576 μαθηταῖς,

2235 1585 2488 1656 οὐδεμίαν
2517 1588 2616 1657 μὲν
2645 1588 2867 1661 ἐντολὴν
2898 1589 3300 1660 παραϐαίνουσι
3321 1609 3333 1622 ·
3372 1593 3695 1664 πορεύονται
3724 1597 3835 1672 γὰρ

2235 1681 2293 1732 ἐν
2321 1681 2523 1745 πάσαις
2551 1685 2672 1746 ταῖς
2693 1683 2936 1746 ἐντολαῖς
2959 1684 3126 1738 αὑτοῦ
3151 1685 3244 1737 καὶ
3265 1684 3630 1756 δικαιώμασιν
3653 1688 3836 1759 ἀμέμη

2235 1789 2416 1836 πτωςο
2452 1773 2850 1845 παραϐαίνουσι
2882 1775 2940 1828 δὲ
2974 1774 3363 1846 πρεσὸυτέρων
3404 1777 3702 1847 παράδοσιν
3742 1777 3833 1832 εὐ-

2231 1864 2424 1937 λαϐείᾳ
2451 1864 2546 1918 τοῦ
2582 1865 2658 1937 μὴ
2692 1866 3006 1938 παραὸῆναι
3036 1866 3255 1938 ἐντολὴν
3277 1867 3441 1920 Θεοῦ’
3477 1870 3613 1939 ὅπερ
3654 1870 3704 1922 εί
3736 1867 3830 1922 καὶ

2230 1955 2359 2027 ὑμῖν
2389 1957 2696 2027 προέκειτο,
2723 1957 2824 2029 τὴν
2856 1959 2954 2029 μὲν
2976 1959 3105 2030 περὶ
3141 1959 3306 2030 τιμῆς
3349 1961 3558 2030 πατρὸς
3590 1961 3686 2014 καὶ
3723 1977 3827 2030 μη·

2228 2046 2356 2119 τρὸς
2387 2048 2499 2118 (19)
2543 2047 2764 2119 ἐντολὴν
2799 2047 3104 2117 ἐφυλάξατε
3131 2049 3220 2112 ἂν,
3260 2049 3353 2102 καὶ
3385 2049 3483 2120 τὴν
3531 2050 3824 2119 λέγουσαν

2234 2157 2253 2189 ι
2285 2139 2343 2192 '0
2359 2139 2672 2208 κακολογῶν
2696 2140 2957 2210 πατέραῆ
2981 2139 3216 2211 μητέρα,
3232 2141 3448 2212 Θανάτῳ
3461 2141 3785 2197 τελευτάτω·
3800 2160 3822 2195 ι

2226 2229 2324 2300 τὴν
2349 2229 2407 2282 δὲ
2437 2230 2859 2300 ἐναντιουμένην
2879 2233 3002 2293 ταῖς
3033 2231 3273 2295 ἐντολαῖς
3298 2231 3524 2295 ταύταις
3556 2232 3666 2287 τῶν
3695 2250 3828 2305 πρε-

2229 2321 2509 2394 σϐυτέριον
2544 2322 2844 2393 παράδοσιν
2871 2321 2972 2375 οὐκ
3003 2321 3068 2375 ἂν
3091 2321 3414 2391 ἐφυλάξατε.

2297 2495 2454 2551 Μετὰ
2491 2495 2548 2548 δὲ
2600 2495 2824 2562 ταύτας,
2879 2498 3011 2560 ὅλας
3061 2500 3161 2561 τάς
3195 2496 3349 2568 παρὰ
3410 2497 3686 2562 Ἰουδαίοις
3711 2497 3824 2552 τῶν

2226 2588 2612 2662 πρεσϐυτέριον
2647 2590 2974 2662 παραδόσεις
3009 2591 3119 2644 ἀπὸ
3157 2590 3266 2644 τῶν
3306 2591 3662 2663 προφητικῶν
3696 2592 3824 2662 βου-

2225 2678 2452 2752 λόμενος
2485 2680 2780 2749 ἁπελέγξαι
2813 2681 2988 2750 λόγων
3028 2681 3164 2753 (20),
3215 2681 3485 2754 παρέθετο
3521 2683 3685 2754 ρητὺν
3712 2685 3824 2739 ἀπὺ

2223 2773 2320 2826 τοῦ
2357 2773 2601 2838 Ἡσαΐου,
2633 2775 2770 2846 ὅπερ
2797 2774 2988 2838 αὐταῖς
3012 2773 3221 2838 λέξεσιν
3255 2773 3428 2840 οὕτως
3471 2775 3582 2845 ἔχει
3608 2793 3621 2806 ·
3651 2795 3670 2828 ι
3709 2777 3822 2830 Καὶ

2225 2859 2347 2917 εἷπε
2362 2865 2566 2936 Κύριος
2585 2882 2598 2896 °
2629 2866 2867 2935 Ἐγγίζει
2905 2883 2993 2936 μοι
3020 2867 3048 2918 ὁ
3072 2866 3198 2930 λαὸς
3221 2859 3379 2931 οὗτος
3403 2869 3460 2921 ἐν
3483 2867 3564 2940 τῷ
3590 2869 3821 2940 στόματι

2225 2957 2426 3024 αὐτῶν,
2463 2977 2483 3010 ι
2526 2959 2622 3013 καὶ
2665 2957 2735 3011 τὰ
2761 2957 2906 3030 ἑξῆς.
2940 2958 3051 3012 Καὶ
3094 2959 3432 3030 προείπομεν
3464 2976 3550 3028 γε,
3584 2961 3668 3014 ὅτι
3717 2961 3819 3014 οὐκ

2226 3049 2416 3114 αὑταῖς
2447 3049 2658 3117 λέξεσιν
2681 3049 2989 3120 ἀνέγραψεν
3013 3052 3043 3104 ό
3073 3051 3350 3118 Ματθαῖος
3369 3051 3430 3104 τὸ
3456 3052 3796 3124 προφητικόν

2226 3141 2289 3194 El
2319 3141 2374 3195 δὲ
2405 3142 2506 3205 δεῖ,
2534 3143 2624 3196 διὰ
2654 3142 2716 3196 τὸ
2749 3142 3075 3212 Εὑαγγέλιον
3097 3143 3442 3214 χρησάμενον
3476 3142 3648 3215 αὐτῷ,
3673 3144 3820 3199 κατὰ

2223 3233 2284 3286 τὸ
2309 3232 2532 3286 δυνατὸν
2553 3234 2683 3287 αὐτὸ
2703 3233 3088 3306 διηγήσασθαι,
3116 3234 3542 3307 προσληψόμεθα
3558 3235 3657 3308 τὴν
3671 3236 3819 3291 ἀνω-

2223 3325 2369 3395 τέρω
2386 3325 2552 3390 λέξιν,
2588 3324 2893 3398 χρησίμως,
2928 3321 3112 3396 οἶμαι,
3139 3329 3273 3398 ἡμῖν
3321 3327 3700 3398 τετηρημένην
3736 3329 3822 3394 είς

2221 3416 2475 3488 διήγησιν
2506 3417 2607 3486 τῆς
2635 3419 2692 3469 ἐν
2745 3417 2822 3488 τῷ
2873 3417 3192 3490 Εὑαγγελίῳ
3247 3419 3356 3472 άπὸ
3383 3418 3476 3471 τοῦ
3524 3421 3820 3492 Προφήτου

2223 3509 2579 3580 εἰλημμένης.
2641 3509 2794 3580 Ἔχει
2839 3509 2896 3562 δὲ
2947 3509 3120 3574 οὕτως
3171 3509 3266 3564 ἀπ’
3299 3510 3477 3581 ἀρχῆς
3525 3509 3586 3564 τὸ
3628 3512 3687 3565 ἐν
3738 3513 3819 3584 τῷ

2234 3601 2428 3673 Ἡσαΐᾳ
2460 3600 2654 3671 ρητόνο
2693 3619 2710 3652 ι
2759 3600 3071 3672 Ἐκλύθητε,
3101 3602 3195 3655 καὶ
3228 3601 3480 3673 ἑκστητε,
3505 3603 3820 3676 κραιπαλή-

2224 3709 2355 3746 σατε
2393 3693 2494 3746 οὐκ
2525 3692 2635 3746 ἀπὸ
2668 3692 2881 3764 σίκερα,
2912 3691 3021 3746 οὐδ’
3045 3694 3154 3747 ἀπὸ
3178 3694 3350 3747 οῐνουο
3385 3695 3468 3748 ὅτι
3515 3697 3816 3750 πεπότικεν

2220 3786 2367 3856 ὑμᾶς
2396 3785 2600 3859 Κύριος
2627 3785 2897 3856 πνεύματι
2929 3786 3274 3853 κατανύξεως
3305 3787 3440 3859 (21),
3463 3789 3556 3844 καὶ
3587 3789 3815 3860 καμμύ-

2222 3893 2305 3930 σει
2331 3878 2456 3942 τοὺς
2485 3876 2797 3950 ὀφθαλμοὺς
2818 3878 3021 3941 αὐτῶν,
3044 3880 3138 3932 καὶ
3161 3878 3270 3932 τῶν
3285 3880 3579 3951 προφητῶν
3606 3881 3813 3944 αὐτῶν,

2222 3969 2319 4024 καὶ
2348 3971 2398 4023 οἱ
2421 3967 2530 4024 τῶν
2559 3971 2837 4042 ἀρχόντων
2867 3969 3045 4025 αὐτῶν
3072 3970 3308 4042 ὁρῶντες
3339 3972 3406 4026 τά
3435 3973 3672 4044 κρυπτά.
3699 3973 3816 4029 Καὶ

2221 4063 2373 4118 ἔσται
2398 4065 2528 4136 ὑμῖν
2559 4064 2629 4118 τὰ
2656 4064 2876 4136 ῥήματα
2893 4064 3068 4120 ταῦτα
3099 4064 3297 4132 πάντα,
3337 4065 3412 4130 ὡς
3439 4066 3488 4120 oi
3514 4066 3664 4137 λόγοι
3706 4065 3813 4124 τοῦ

2217 4325 2414 4391 Arabs,
2457 4344 2489 4398 «ί
2509 4324 2758 4398 spiritum
2788 4323 3142 4398 abiectionis;
3168 4321 3577 4398 _i_T_beodotio_n
3598 4325 3809 4398 ἐκστή-

2219 4413 2378 4461 σεως,
2411 4397 2494 4450 vel
2536 4393 2745 4465 potius,
2771 4394 3112 4465 ἐκστάσεως.
3151 4394 3235 4447 Ab
3270 4393 3374 4465 h_ac
3406 4393 3812 4465 significatione

2219 4481 2344 4522 cum
2371 4462 2601 4520 multum
2627 4464 2882 4534 recedere
2913 4464 3161 4518 videatur
3194 4462 3422 4534 πνεῦμα
3437 4462 3812 4534 κατανύξεως,

2217 4534 2328 4590 Leo
2360 4534 2610 4590 Castrius
2655 4533 2940 4602 legendum
2967 4541 3154 4588 censet
3190 4533 3345 4602 apud
3363 4533 3530 4598 LXX,
3569 4533 3812 4589 aia-ravu-

2217 4549 2328 4590 Leo
2360 4549 2610 4590 uastrrus
2655 4549 2940 4657 iegenoum
2967 4549 3154 4588 censet
3190 4549 3332 4602 apuu
3363 4549 3530 4598 mut,
3569 4552 3807 4589 κατανυ-

2209 4605 2478 4669 στάσεως,
2505 4606 2599 4660 sed
2633 4603 2708 4658 fal
2733 4604 2876 4668 itur;
2921 4619 3047 4658 nam
3082 4603 3284 4658 Paulus
3312 4603 3461 4659 hunc
3501 4605 3684 4659 locum
3717 4621 3807 4660 re-

2209 4686 2420 4747 petens,
2452 4675 2582 4745 legit
2611 4693 2625 4730 :
2664 4673 2934 4747 πνεύματι
2959 4673 3524 4747 κατανύξεωςηβοιιι.
3558 4690 3633 4741 ιι,
3662 4675 3718 4738 8,
3751 4685 3808 4730 et

2209 4743 2299 4801 hic
2325 4743 2639 4802 constanter
2665 4743 2946 4814 Origenes.
2982 4743 3295 4814 Hellenistaa
3321 4743 3598 4809 dixerunt,
3631 4762 3807 4814 κατα-

2206 4817 2410 4879 νύσσω,
2446 4831 2567 4886 pro,
2599 4812 3013 4877 κατανυστάζω.
3046 4816 3126 4868 ita
3152 4812 3297 4869 Psal.
3335 4829 3486 4878 χιιι,
3528 4816 3594 4869 15
3619 4813 3801 4886 guilt

2205 4896 2391 4942 cantet
2421 4883 2521 4942 tibi
2557 4887 2731 4957 gloria
2756 4900 2900 4950 mea,
2941 4892 2997 4939 et
3035 4900 3144 4939 non
3173 4899 3530 4955 compungar.
3568 4903 3589 4938 ι
3629 4883 3797 4948 LXX,

2207 4983 2302 5036 καὶ
2331 4982 2392 5036 ού
2419 4982 2493 5053 μὴ
2517 4978 2824 5048 κατανυγῶ.
2854 4976 3021 5033 Hebr.
3057 4984 3198 5036 DT‘W
3223 4959 3316 5036 N51
3334 5017 3348 5041 ,
3384 4992 3494 5031 non
3533 4983 3596 5034 ut
3634 4978 3797 5048 Vulgo

2207 5075 2406 5145 legitur
2443 5092 2456 5128 :
2505 5082 2604 5132 cn"
2639 5058 2763 5136 κ’π,
2789 5085 2953 5141 quam
2995 5074 3279 5125 lectionem
3317 5080 3496 5124 tamen
3541 5069 3798 5140 sequitur

2205 5163 2504 5234 'l‘bargum.
2544 5161 2610 5218 Et
2635 5163 2770 5234 Dan.
2805 5177 2861 5234 χ,
2890 5162 2923 5216 9
2949 5179 2963 5216 :
3001 5179 3020 5212 ι
3050 5158 3117 5214 Et
3143 5159 3640 5234 audiensjacebam
3665 5175 3800 5216 con-

2204 5227 2482 5290 sternatus
2516 5249 2680 5304 super
2714 5231 2909 5286 faciem
2942 5245 3149 5304 meant.
3185 5249 3204 5282 ι
3237 5227 3412 5304 LXXX,
3438 5231 3590 5301 ήμην
3623 5247 3796 5304 mea.

2201 5304 2547 5374 νενυγμένος’
2577 5297 2721 5362 ὐτπὲ
2755 5310 2906 5361 ἠ”Π
2938 5309 3070 5360 tam.
3104 5297 3409 5374 Utrobique
3611 5300 3795 5374 reddi-

2203 5368 2401 5429 derunt
2452 5389 2547 5443 per
2603 5377 2826 5427 verbum
2851 5413 2877 5443 ,_
2917 5368 3243 5424 κατανύσσω
3266 5384 3281 5399 ⁸
3319 5368 3792 5443 quemadmodum

2199 5455 2410 5506 amart
2433 5440 2579 5513 quod
2611 5459 2675 5497 ex
2707 5453 2826 5502 D'l't
2856 5440 3061 5496 factum
3079 5448 3164 5513 est
3194 5456 3289 5510 per
3313 5456 3535 5513 nomen,
3557 5441 3790 5494 κατάνυ-

2203 5514 2306 5581 ξις.
2323 5510 2526 5571 Vereor
2545 5522 2905 5583 praeteream.
2923 5510 3341 5583 κατανύστασις,
3367 5511 3519 5583 ullibi
3545 5524 3789 5583 unquam

2201 5586 2393 5654 legerit
2451 5581 2729 5654 Castrius.
2780 5581 3050 5654 Caeterum
3106 5581 3229 5636 cod.
3296 5581 3479 5654 Ilolm.
3549 5581 3791 5654 habebat

2202 5650 2446 5725 πνεῦμα,
2478 5652 2862 5725 rescripsimus
2894 5650 3191 5725 πνεύματι,
3225 5667 3350 5706 nam
3375 5650 3786 5725 infr_a_l_egitur_:

2204 5719 2631 5795 nenoitapévwvt
2653 5719 2924 5795 πνεύματι
2956 5719 3319 5795 κατανύξεως,
3355 5731 3409 5776 et
3432 5719 3598 5795 LX},
3626 5719 3794 5772 πεπό-

2203 5811 2353 5848 τικεν
2386 5792 2530 5865 ὑμᾶς
2554 5793 2756 5862 Κύριος
2783 5792 3054 5864 πνεύματι
3084 5792 3445 5860 κατανύξεως.
3520 5792 3786 5846 ΙΙυιιτιυς.
