4100 6438
354 294 463 377 ’957
1329 320 1683 378 COMMENT.
1719 323 1788 378 1N
1826 321 2241 383 MATTIUEUM
2284 322 2519 380 TOMUS
2558 322 2648 376 XI.
3513 330 3615 387 938

358 440 564 510 βιϐλίου
583 441 676 496 τοῦ
699 441 1139 514 ἐσφραγισμένου
1158 439 1336 512 (22,),6
1367 442 1461 497 ἐὰν
1490 442 1650 497 δῶσιν
1673 444 1804 498 αὐτὸ
1839 445 1933 498 ἀν-

2038 443 2205 515 gnati,
2228 460 2390 514 quem
2418 444 2465 500 si
2489 443 2739 499 dederint
2755 444 2963 500 homini
2983 432 3418 517 scientilittcras,
3437 449 3619 509 ilicem

356 528 562 602 θρὼπῳ
584 532 933 603 ἐπισταμένῳ
956 532 1281 603 γράμματα,
1312 531 1559 601 λέγοντες
1580 549 1593 562 ·
1642 531 1933 602 Ἀνάγνωθι

2044 543 2155 591 tes:
2180 533 2319 606 Lege
2343 536 2486 602 haec;
2520 544 2574 591 et
2605 536 2779 590 dicet:
2801 534 2919 590 Non
2949 552 3171 606 possum
3202 538 3400 609 legere,
3432 541 3618 613 signa-

355 622 531 679 ταῦτα
552 640 565 653 ·
599 625 691 678 καὶ
722 627 864 696 ἐρεῖ·
902 624 976 679 Οὐ
1007 623 1239 695 δύναμαι
1297 625 1637 695 ἀναγνῶναι·
1669 629 1933 699 ἐσφράγι-

2040 633 2127 680 tus
2149 626 2296 681 enim
2318 636 2421 681 est.
2447 625 2512 681 Et
2535 626 2753 682 dabitur
2779 627 2918 682 liber
2950 628 3040 684 ille
3064 629 3118 683 in
3149 646 3346 689 manus
3377 632 3618 691 hominis

357 730 477 767 σται
508 714 636 786 γάρ.
664 715 774 769 Καὶ
810 715 1093 785 δοθήσεται
1124 716 1184 769 τὸ
1215 715 1418 785 βιϐλίον
1443 716 1600 771 τοῦτο
1638 720 1717 782 είς
1749 721 1933 790 χεῖρας

2037 713 2200 786 493
2227 713 2519 770 nescientis
2541 715 2772 782 litteras,
2801 725 2854 770 et
2880 717 3023 772 dicet
3052 719 3102 773 ei
3137 737 3150 773 :
3176 719 3319 792 Lege
3351 722 3534 791 hunc;
3562 735 3618 779 et

355 803 645 876 ἀνθρώπου
672 805 746 877 μὴ
774 805 1136 877 ἐπισταμένου
1162 809 1487 879 γράμματα,
1514 809 1606 863 καὶ
1628 810 1744 881 ἐρεῖ
1766 808 1933 880 αὐτῷ·

2039 805 2183 859 dicet
2218 822 2230 858 :
2264 801 2463 859 Nescio
2496 803 2722 859 litteras.
2760 804 2825 859 Et
2858 806 2933 861 ait
2955 804 3221 865 Dominus
3250 828 3263 864 :
3304 810 3617 883 Appmpin-

370 896 664 964 Ἀνάγνωοι
697 896 887 950 τοῦτο·
935 897 1031 952 καὶ
1066 898 1217 971 ὲρεῖο
1257 901 1371 953 Οὐκ
1405 899 1703 971 ἐπίσταμαι
1753 901 1933 974 γράμ-

2040 903 2171 965 quat
2196 895 2328 949 mihi
2358 894 2596 966 populus
2623 894 2733 961 ille,
2772 914 2791 949 ι
2829 905 2883 951 et
2929 907 3142 966 caetera,
3196 916 3369 972 usque
3416 903 3484 959 ad
3517 903 3569 959 id
3600 922 3615 961 :

358 1006 521 1060 ματα.
557 991 667 1044 Καὶ
691 984 811 1042 εἷπε
843 990 1047 1063 Κύριος
1068 1008 1082 1022 ο
1129 992 1365 1061 Ἐγγίζει
1392 1008 1482 1063 μοι
1504 995 1532 1045 ό
1556 992 1683 1056 λαὸς
1710 986 1887 1057 οὗτος,
1910 1013 1929 1046 ι

2047 1006 2065 1038 ι
2101 985 2195 1040 Vae
2235 985 2329 1056 qui
2374 985 2429 1039 in
2468 985 2686 1041 occulto
2710 987 3000 1043 consilium
3034 990 3260 1059 faciunt,
3290 1002 3344 1048 et
3375 994 3615 1051 eruntin

356 1081 452 1136 καὶ
476 1082 545 1135 τὰ
576 1080 703 1151 ἐξῆς
731 1082 835 1146 ἕως
864 1082 956 1137 τοῦ
981 1100 993 1113 ’
1024 1103 1043 1134 ι
1077 1084 1214 1137 Οὐαὶ
1237 1086 1287 1137 οἱ
1311 1086 1369 1138 ἐν
1394 1087 1573 1156 κρυφῇ
1603 1084 1798 1156 βουλὴν
1828 1102 1939 1138 ποι-

353 1172 561 1236 οῦντες,
591 1173 683 1228 καὶ
709 1173 862 1228 ἔσται
895 1175 953 1228 ἐν
987 1175 1166 1228 σκότει
1193 1174 1261 1228 τὰ
1292 1174 1428 1245 ἔργα
1460 1175 1660 1230 αὐτῶν.
1705 1193 1724 1228 ι
1761 1178 1938 1248 Προσ-

355 1264 533 1320 λασὼν
561 1267 740 1319 τοίνυν
777 1268 875 1339 τὴν
903 1269 1270 1340 προκειμένην
1305 1272 1363 1323 ὲν
1396 1269 1474 1341 τῷ
1506 1270 1822 1342 Εὑαγγελίῳ
1850 1271 1938 1325 λέ-

359 1354 459 1423 ξιν,
497 1356 699 1429 ἐθέμην
725 1359 846 1412 τινὰ
882 1359 991 1414 τῶν
1028 1360 1134 1432 πρὸ
1166 1359 1353 1432 αὐτῆς,
1388 1360 1480 1414 καί
1515 1378 1637 1415 τινα
1663 1361 1770 1415 τῶν
1810 1360 1937 1433 ἐξῆς

357 1448 545 1519 αὐτῆς,
577 1449 664 1504 ἴνα
692 1452 1129 1523 παραστήσωμεν
1154 1452 1275 1507 τίνα
1303 1452 1502 1525 τρόπον
1542 1452 1759 1506 ἀπειλεῖ
1790 1470 1936 1524 καμ-

358 1540 550 1611 μύσειν
587 1542 715 1605 τοὺς
747 1542 1056 1614 ὀφθαλμοὺς
1087 1543 1195 1597 τῶν
1236 1544 1345 1599 ἀπὸ
1375 1544 1470 1603 τοῦ
1508 1544 1637 1598 λαοῦ
1684 1544 1712 1596 ὁ
1755 1544 1934 1615 λόγος,

250 1679 255 1683 .
355 1631 681 1699 ἐκστάντων,
717 1636 811 1688 καὶ
841 1635 1354 1707 κραιπαλησάντων,
1390 1635 1482 1689 καὶ
1516 1636 1933 1707 πεποτισμένων

355 1725 625 1798 πνεύματι
684 1727 1030 1795 κατανύξεως
1055 1746 1069 1760 ’
1129 1728 1342 1783 ἀπειλεῖ
1387 1728 1445 1782 δὲ
1495 1729 1786 1800 καμμύσαι
1842 1730 1938 1784 καὶ

2041 1078 2276 1133 tenebris
2302 1092 2469 1148 opera
2497 1093 2711 1133 eorum.
2742 1097 2759 1132 ι
2795 1077 3093 1137 Assumens
3121 1083 3285 1153 igitur
3308 1100 3617 1143 sermonem

2040 1169 2134 1238 qui
2168 1178 2347 1225 exstat
2374 1169 2429 1224 in
2459 1166 2771 1240 Evangelio,
2825 1172 3054 1241 apposui
3109 1175 3369 1231 nonnulla
3425 1192 3617 1234 eorum

2039 1275 2162 1328 quae
2194 1261 2505 1329 praecedunt
2538 1261 2714 1328 illum,
2746 1270 2799 1316 et
2846 1263 3106 1319 nonnulla
3142 1280 3333 1321 eorum
3367 1285 3489 1338 qua:
3528 1285 3617 1325 se~

2040 1360 2304 1421 quuntur,
2356 1360 2415 1407 ut
2470 1352 2766 1407 doceamus
2798 1368 2907 1423 quo
2935 1363 3096 1425 pacto
3146 1355 3387 1413 minetur
3437 1375 3619 1416 sermo

2042 1442 2295 1498 claudere
2326 1443 2514 1497 oculos
2545 1443 2762 1498 illorum
2797 1445 2863 1500 de
2894 1447 3115 1516 pepulo,
3174 1449 3267 1518 qui
3322 1448 3618 1520 obstupue-

2040 1544 2188 1601 runt,
2244 1545 2298 1590 et
2330 1535 2581 1590 inebriati
2613 1546 2761 1602 sunt,
2805 1545 2859 1591 et
2898 1539 3011 1606 poti
3043 1546 3171 1594 sunt
3219 1541 3413 1610 spiritu
3463 1558 3617 1598 com~

2039 1626 2382 1696 punctionis;
2407 1627 2647 1681 minatur
2666 1634 2720 1680 et
2742 1626 2994 1684 claudere
3014 1631 3202 1687 oculos
3234 1632 3620 1703 prOphetarum

2042 1731 2255 1781 eorum,
2298 1726 2354 1772 et
2389 1717 2696 1788 principum
2740 1731 2930 1772 eorum
2961 1720 3053 1790 qui
3087 1721 3412 1791 profitentur
3443 1740 3504 1780 se
3533 1727 3619 1779 νίν

353 1817 482 1881 τοὺς
528 1821 812 1891 προφήτας
858 1818 1059 1883 αὐτῶν,
1107 1821 1202 1874 καὶ
1248 1823 1377 1886 τοὺς
1428 1820 1933 1892 ἐπαγγελλομένους

2040 1807 2169 1863 dere
2209 1808 2460 1877 occulta;
2514 1827 2656 1880 quae,
2687 1812 2905 1883 opinor,
2940 1818 3306 1883 contigerunt,
3338 1826 3460 1885 post
3488 1815 3620 1872 Ser-

350 1908 484 1980 όρᾷν
504 1909 573 1963 τὰ
605 1911 822 1982 κρυπτὰ
846 1911 1111 1985 ἄρχοντας
1135 1912 1317 1969 αὐτῶν
1334 1930 1350 1946 ’
1377 1915 1541 1986 ἅπερ,
1575 1910 1752 1985 οἶμαι,
1779 1914 1938 1983 γεγέ-

350 2018 509 2071 νηται
560 2003 696 2073 μετὰ
728 2002 826 2075 τὴν
866 2002 965 2058 τοῦ
1008 2005 1259 2077 Σωτῆρος
1284 2006 1575 2078 ἐπιδημίαν
1605 2009 1663 2061 ἐν
1697 2005 1776 2077 τῷ
1823 2005 1938 2078 λαῷ

350 2094 578 2168 ἐκείνῳο
616 2097 806 2166 γέγονε
844 2098 951 2170 γὰρ
991 2099 1175 2164 αὐτοῖς
1215 2099 1392 2153 πάντα
1435 2098 1503 2152 τὰ
1549 2100 1769 2171 ῥήματα
1800 2097 1936 2152 ὅλων

353 2186 453 2257 μὲν
481 2187 590 2241 τῶν
623 2188 875 2261 Γραφῶν,
898 2191 992 2245 καὶ.
1018 2189 1114 2245 τοῦ
1153 2189 1375 2247 Ἡσαΐου
1408 2190 1486 2253 δὲ,
1526 2210 1544 2241 ι
1581 2190 1658 2254 ὡς
1681 2190 1830 2259 λόγοι
1857 2189 1938 2261 βι-

352 2275 499 2330 ϐλίου
541 2279 1002 2350 ἐσφραγισμένου.
1043 2299 1062 2332 ι
1101 2281 1175 2334 Τὸ
1206 2280 1283 2346 δὲ,
1336 2300 1354 2331 ι
1404 2281 1867 2351 ἐσφραγισμένοι»,
1911 2302 1930 2333 ι

349 2368 579 2439 εἴρηται,
600 2370 766 2423 οἱονεὶ
794 2370 1178 2443 κεκλεισμένου
1203 2374 1268 2444 τῇ
1292 2372 1551 2445 ἀσαφείᾳ,
1574 2374 1670 2427 καὶ
1699 2373 1774 2445 μὴ
1798 2375 1938 2444 ὴνοιο

350 2458 548 2528 γμένου
579 2463 644 2531 τῇ
682 2462 948 2534 σαφηνείᾳ
968 2479 982 2492 ’
1019 2463 1155 2537 ὅπερ
1186 2464 1380 2537 ἐπίσης
1408 2468 1520 2529 τοῖς
1557 2466 1692 2537 μηδὲ
1716 2465 1814 2539 τὴν
1839 2468 1938 2539 ἀρ-

350 2548 470 2622 χὴν,
507 2549 594 2603 διὰ
631 2552 692 2605 τὸ
740 2552 814 2624 μὴ
852 2554 1050 2608 εἰδέναι
1076 2556 1398 2628 γράμματα,
1443 2559 1754 2629 ἀναγνῶναι
1798 2560 1934 2615 αὐτὸ

347 2639 684 2712 δυναμένοις,
715 2645 809 2697 καὶ
835 2647 946 2709 τοῖς
988 2645 1481 2720 ἐπαγγελλομένοις
1519 2650 1716 2707 ειδέναι
1748 2653 1934 2725 γράμ-

352 2742 516 2802 ματα,
560 2734 709 2789 ἐστὶν
746 2735 974 2806 ἀσαφὲς,
1015 2736 1076 2790 οὐ
1108 2738 1436 2807 γινώσκουσι
1467 2741 1561 2796 τὸν
1602 2743 1659 2797 ἐν
1691 2746 1804 2808 τοῖς
1844 2762 1937 2814 γε·-

348 2829 685 2897 γραμμένοις
710 2828 854 2885 νοῦν,
881 2829 1077 2895 Καλῶς
1102 2828 1196 2886 οὖν
1221 2835 1473 2906 ἐπιφέρει
1504 2839 1637 2900 τοῖς,
1663 2838 1768 2903 ὅτι,
1795 2838 1934 2894 ἐπὰν

350 2916 593 2982 ἐκλυθεὶς
624 2919 735 2973 ἀπὸ
766 2919 874 2974 τῶν
905 2922 1320 2994 ἁμαρτημάτων
1358 2928 1387 2978 ὁ
1418 2924 1566 2990 λαὸς,
1601 2928 1694 2981 καὶ
1734 2929 1936 2994 ἐκστὰς

351 3010 496 3079 μανῇ
546 3008 665 3062 κατ’
712 3009 900 3075 αὑτοῦ,
941 3005 1021 3075 οἷς
1061 3014 1155 3065 καὶ
1198 3014 1563 3087 κραιπαλήσει
1602 3016 1721 3070 κατ’
1768 3017 1934 3071 αὐτοῦ

349 3100 619 3171 πνεύματι
659 3102 1028 3170 κατανύξεως,
1056 3104 1086 3156 ὃ
1116 3106 1503 3179 ποτισθήσεται
1542 3108 1649 3163 ὑπὸ
1688 3107 1780 3163 τοῦ
1822 3112 1936 3183 Ku-

352 3192 488 3264 ρίου,
535 3190 883 3267 καμμὺοντος
912 3196 1091 3253 αὐτῶν
1127 3201 1255 3264 τοὺς
1297 3199 1632 3272 ὀφθαλμοὺς,
1678 3202 1756 3267 ὡς
1797 3204 1932 3258 ἀνα-

349 3286 493 3354 ξίους
513 3286 608 3341 τοῦ
636 3286 874 3359 βλέπειν,
901 3290 997 3343 καὶ⁸
1024 3291 1132 3346 τῶν
1158 3293 1455 3367 προφητῶν
1481 3294 1683 3360 αὐτῶν,
1706 3297 1800 3350 καὶ
1827 3296 1935 3351 τῶν

348 3378 624 3451 ἀρχόντων
670 3380 870 3446 αὐτῶν,
918 3382 1025 3436 τῶν
1072 3383 1559 3457 ἐπαγγελλομένων
1603 3386 1820 3458 βλέπειν
1867 3387 1937 3443 τὰ

348 3472 564 3542 κρυπτὰ
591 3472 703 3527 τῶν
728 3475 791 3528 ἐν
821 3476 942 3538 ταῖς
972 3476 1145 3540 θείαις
1168 3476 1412 3550 Γραφαῖς
1452 3481 1770 3552 μυστηρίων
1794 3497 1808 3512 ·
1840 3483 1936 3536 καὶ

346 3561 486 3617 ἐπὰν
522 3564 887 3636 καμμύσωσιν
934 3566 1113 3621 αὐτῶν
1154 3570 1207 3622 οἱ
1249 3568 1537 3642 ὀφθαλμοὶ,
1581 3571 1704 3624 τότε
1728 3572 1935 3638 αὐτοῖς

347 3652 501 3709 ἔσται
530 3654 602 3710 τὰ
627 3657 944 3729 προφητικὰ
972 3659 1192 3731 ῥήματα
1219 3660 1652 3732 ἐσφραγισμένα,
1680 3661 1774 3717 καὶ
1811 3664 1935 3718 ἐπι-

347 3744 711 3817 κεκρυμμένα
734 3762 749 3777 ο
774 3748 913 3819 ὅπερ
942 3748 1279 3803 πεπόνθασιν
1309 3752 1338 3803 ό
1365 3750 1496 3816 λαὸς
1527 3753 1556 3806 ό
1583 3753 1692 3810 τῶν
1735 3757 1811 3828 μὴ
1844 3773 1937 3810 πιο

348 3837 646 3891 στευόντων
674 3840 755 3901 είς
782 3837 873 3891 τὸν
907 3837 1113 3910 Ἰησοῦν
1145 3838 1224 3903 t'o;
1252 3841 1505 3911 Χριστόν.
1559 3844 1726 3900 Ἑπὰν
1753 3845 1811 3900 δὲ
1841 3846 1938 3915 γέο

347 3946 502 4000 νηται
528 3931 599 3985 τὰ
625 3930 936 4003 προφητικὰ
965 3933 1149 3993 αὐτοῖς
1179 3949 1197 3982 ι
1226 3931 1303 3996 ὡς
1329 3932 1477 4002 λόγοι
1501 3933 1705 4004 βιϐλίου
1726 3938 1936 4009 ἐσφρα-

347 4020 633 4092 γισμένου,
672 4039 690 4072 ι
727 4021 789 4074 οὐ
827 4020 985 4092 μόνον
1013 4023 1128 4085 τοῖς
1164 4022 1240 4094 μὴ
1270 4023 1492 4089 εἰδόσιν,
1529 4025 1665 4083 ἀλλὰ
1698 4028 1933 4092 καὶτοῖς

346 4110 581 4179 ἐπαγγε)
592 4109 837 4182 λομένοις
864 4110 1062 4166 ειδέναι
1086 4110 1409 4185 γράμματα,
1441 4115 1562 4171 τότε
1589 4110 1743 4171 εἶπεν
1770 4118 1799 4173 ό
1822 4117 1936 4171 Κύ-

347 4214 464 4272 ριος
502 4200 648 4272 μόνῳ
693 4199 771 4275 τῷ
811 4202 1040 4273 στόματι
1086 4202 1328 4272 ἐγγίζειν
1361 4205 1452 4261 τὸν
1497 4204 1624 4262 λαὸν
1654 4206 1770 4279 (23)
1821 4209 1933 4264 τῶν

359 4296 629 4351 Ἰουδαίων
675 4296 753 4369 τῷ
802 4295 951 4367 Θεῷο
990 4299 1085 4351 καὶ
1135 4302 1249 4362 τοῖς
1292 4299 1496 4369 χείλεσι
1543 4301 1710 4372 τιμᾷν
1768 4302 1933 4358 αὐτόν

346 4404 502 4458 φησι,
535 4388 667 4441 διότι
701 4390 734 4459 ἡ
765 4387 964 4461 καρδία
993 4388 1171 4444 αὐτῶν
1199 4388 1291 4443 διὰ
1326 4389 1426 4460 τὴν
1473 4391 1555 4454 είς
1596 4389 1688 4445 τὸν
1726 4391 1935 4463 Ἰησοῦν

343 4479 604 4536 ἀπιστίαν
630 4481 817 4553 πόρρω
840 4482 989 4534 ἐστὶν
1013 4480 1124 4534 ἀπὸ
1149 4481 1377 4554 Κυρίου.
1403 4483 1513 4536 Kal.
1539 4481 1636 4536 νῦν
1674 4483 1928 4554 μάλιστα,

2040 1898 2244 1954 vatoris
2271 1900 2590 1965 adventum,
2623 1903 2675 1957 in
2698 1904 2847 1959 illum
2866 1905 3150 1976 populum,
3175 1920 3301 1960 nam
3324 1905 3465 1963 facta
3492 1918 3621 1963 sunt

2040 1991 2148 2047 illis
2177 1993 2340 2048 verba
2372 1994 2557 2049 omnia
2590 1996 2835 2050 omnium
2885 1996 3315 2065 Scripturarum,
3362 2009 3415 2052 et
3445 1997 3619 2067 Isaiae,

2045 2104 2064 2136 ι
2096 2085 2239 2140 sicut
2263 2086 2429 2141 verba
2450 2086 2575 2141 libri
2596 2088 2812 2158 signati.
2845 2106 2863 2139 ι
2894 2086 3107 2144 chtum
3133 2098 3217 2146 est
3250 2098 3431 2144 autem
3460 2089 3618 2158 illud,

2046 2175 2298 2246 isiguati,
2336 2196 2356 2230 ›
2392 2178 2550 2249 quasi
2576 2177 2749 2243 dicas.
2804 2177 3135 2236 obscuritate
3169 2197 3268 2237 sua
3300 2181 3492 2247 clausi,
3525 2198 3622 2238 ne-

2038 2282 2144 2337 que
2174 2270 2561 2340 perspicuitate
2590 2270 2798 2341 aperti;
2832 2272 2924 2343 qui
2964 2272 3184 2342 quidem
3220 2274 3498 2345 aequaliter
3520 2275 3621 2330 ob-

2038 2375 2236 2415 scurus
2267 2371 2371 2428 est,
2415 2373 2468 2418 et
2519 2362 2588 2418 iis
2627 2363 2722 2433 qui
2772 2364 2918 2434 quod
2971 2363 3180 2420 litteras
3224 2368 3616 2439 ignoraverint,

2037 2452 2217 2522 legere
2240 2452 2393 2508 illum
2423 2454 2648 2510 omnino
2680 2470 2788 2510 non
2820 2464 3070 2525 possunt,
3103 2464 3159 2513 et
3188 2459 3256 2513 iis
3286 2459 3379 2530 qui
3406 2459 3617 2516 litteras

2038 2544 2257 2615 quidem
2290 2545 2431 2602 scire
2474 2562 2532 2602 se
2581 2550 2926 2617 proﬁtentur,
2977 2564 3197 2605 sensum
3245 2565 3376 2605 vero
3421 2550 3514 2622 qui
3561 2553 3617 2607 in

2039 2635 2257 2705 scriptis
2307 2636 2623 2695 reconditus
2666 2648 2782 2705 est,
2835 2656 2943 2695 non
2991 2649 3376 2710 assequuntur.
3403 2637 3618 2712 Optime

2039 2728 2207 2799 igitur
2239 2729 2308 2785 iis
2346 2729 2518 2795 addit,
2550 2731 2695 2802 quod
2734 2740 3014 2802 postquam
3049 2732 3349 2790 dissolutus
3382 2735 3620 2805 populus

2037 2836 2069 2875 a
2100 2823 2361 2891 peccatis,
2394 2830 2448 2878 et
2488 2825 2691 2880 mentis
2724 2824 2900 2895 impos
2926 2824 3113 2883 lurore
3139 2836 3295 2883 actus
3322 2826 3484 2884 fuerit
3516 2830 3616 2884 ad-

2036 2928 2228 2969 versus
2261 2913 2461 2983 ipsum,
2494 2912 2694 2985 quibus
2717 2916 2955 2985 peccatis
2976 2918 3138 2972 etiam
3167 2918 3402 2974 insanict
3426 2930 3617 2978 contra

2042 3007 2191 3062 illum
2230 3007 2532 3064 inebriatus
2581 3009 2775 3079 spiritu
2820 3010 3282 3081 compunctionis,
3321 3027 3483 3081 quem
3511 3028 3614 3084 po-

2038 3107 2264 3161 tandum
2297 3104 2399 3176 ipsi
2445 3105 2705 3175 praebebit
2759 3105 3045 3173 Dominus,
3089 3106 3348 3163 claudens
3395 3098 3613 3163 illorum

2041 3199 2253 3263 oculos,
2281 3197 2445 3268 quasi
2476 3198 2681 3270 indigni
2715 3199 2825 3254 sint
2856 3199 3124 3270 aspicere,
3149 3206 3201 3255 et
3230 3199 3629 3270 prophetarum

2038 3306 2253 3354 eorum,
2281 3300 2338 3345 et
2367 3289 2675 3360 principum
2718 3306 2911 3347 eorum
2950 3290 3045 3362 qui
3079 3291 3287 3346 occulta
3328 3291 3616 3362 mysterio-

2037 3396 2161 3437 rum
2191 3397 2313 3453 quaa
2342 3381 2692 3438 continentur
2715 3381 2771 3436 in
2795 3381 2995 3438 divinis
3024 3380 3321 3453 Scripturis
3347 3382 3530 3437 videre
3558 3397 3618 3436 se

2039 3474 2397 3545 proﬁtentur;
2424 3482 2477 3529 et
2500 3484 2789 3545 postquam
2819 3474 2993 3530 clausi
3013 3472 3216 3530 fuerint
3234 3488 3422 3529 eorum
3448 3472 3614 3537 oculi,

2038 3575 2170 3621 tunc
2214 3565 2528 3636 prophetica
2562 3566 2729 3622 verba
2770 3574 2936 3621 erunt
2968 3565 3077 3622 illis
3102 3565 3385 3636 obsignata
3409 3574 3463 3620 et
3490 3565 3617 3620 abso

2038 3657 2289 3721 condita;
2315 3655 2462 3726 quod
2490 3654 2710 3727 quidem
2742 3670 2939 3726 passus
2968 3664 3051 3713 est
3083 3655 3316 3725 populus
3352 3670 3460 3710 non
3499 3671 3618 3710 cre-

2038 3747 2282 3803 dentium
2313 3748 2370 3803 in
2402 3745 2624 3814 Iesum,
2659 3755 2920 3819 tanquam
2971 3747 3270 3802 Christum.
3310 3745 3612 3816 Postquam

2038 3848 2219 3895 autem
2266 3838 2582 3910 prophetica
2627 3838 2795 3895 verba
2834 3838 2976 3893 facta
3015 3836 3217 3893 fuerint
3248 3837 3376 3902 illis,
3416 3857 3435 3894 ι
3473 3838 3617 3895 sicut

2036 3931 2201 3987 verba
2234 3930 2357 3986 libri
2382 3929 2604 4000 signati,
2639 3948 2657 3981 ι
2686 3946 2794 3985 non
2825 3928 2894 3984 iis
2917 3927 3082 3984 modo
3106 3929 3196 4000 qui
3220 3929 3490 3993 nesciunt,
3520 3931 3615 3985 sed

2039 4032 2093 4077 et
2121 4021 2191 4077 iis
2228 4020 2324 4091 qui
2348 4020 2560 4076 litteras
2590 4018 2734 4076 scire
2761 4033 2819 4074 se
2841 4018 3187 4089 profitentur,
3219 4028 3349 4073 tunc
3384 4018 3615 4088 subjuno

2038 4112 2119 4166 xit
2143 4109 2411 4167 Dominus
2442 4110 2558 4165 solo
2584 4124 2680 4165 ore
2711 4109 3149 4180 appropinquare
3178 4105 3491 4165 Iudaeorum
3521 4106 3619 4180 pu-'

2035 4202 2224 4273 pulum
2251 4200 2394 4268 Deo;
2423 4208 2479 4256 et
2509 4200 2668 4256 labiis
2700 4200 2848 4255 hunc
2874 4198 3146 4254 honorare
3169 4199 3320 4265 dicit,
3350 4200 3493 4269 quod
3517 4217 3614 4255 cur

2036 4307 2229 4351 eorum
2258 4300 2479 4364 propter
2513 4290 2945 4347 incredulitatem
2975 4306 3102 4362 erga
3132 4289 3318 4346 .lesum
3354 4290 3512 4362 longe
3543 4291 3614 4347 sit

2037 4402 2068 4441 a
2101 4386 2349 4443 Domino.
2372 4384 2439 4440 Et
2467 4399 2615 4440 nunc
2645 4382 2902 4448 maxime,
2933 4398 3001 4437 ex
3022 4398 3132 4454 quo
3154 4382 3493 4438 Servatorem
3515 4399 3614 4438 no-

2039 4487 2214 4536 strum
2236 4478 2545 4548 ejurarunt,
2583 4475 2693 4532 diei
2719 4475 2893 4546 possit
2925 4475 3055 4530 illud
3092 4490 3122 4529 a
3157 4472 3266 4530 Deo
3297 4475 3364 4531 de
3392 4475 3500 4532 illis
3521 4475 3564 4508 δ”
3595 4493 3610 4532 :

345 4571 405 4640 ἐξ
429 4567 491 4626 οὗ
523 4572 615 4627 τὸν
648 4574 875 4644 Σωτῆρα
905 4571 1060 4644 ήμῶν
1092 4574 1420 4644 ἠρνήσαντο,
1463 4572 1677 4645 λεχθείη
1720 4572 1786 4628 ἂν
1824 4575 1931 4630 ὑπὸ

2045 4590 2064 4624 ι
2100 4571 2231 4627 Sine
2250 4584 2418 4625 causa
2445 4576 2627 4622 autem
2654 4567 2839 4623 colunt
2867 4581 2986 4635 me;
3017 4585 3037 4619 ›
3068 4582 3176 4622 non
3200 4567 3345 4623 enim
3377 4569 3613 4638 amplius

342 4665 438 4719 τοῦ
464 4664 601 4718 Θεοῦ
634 4665 763 4737 περὶ
788 4663 964 4718 αὐτῶν
998 4664 1058 4717 τό
1079 4681 1091 4693 ’
1135 4683 1153 4714 ι
1186 4664 1379 4735 Μάτην
1405 4665 1461 4717 δέ
1490 4663 1739 4719 σέϐονταί
1768 4682 1863 4737 με’
1903 4684 1924 4718 ι

2037 4660 2237 4717 docent
2267 4657 2361 4713 Dei
2391 4656 2669 4721 mandata,
2723 4655 2816 4711 sed
2859 4656 3181 4724 hominum;
3236 4663 3289 4711 et
3334 4654 3613 4716 doctrinas

343 4758 527 4813 οὐκέτι
569 4756 679 4829 γὰρ
708 4757 1051 4812 διδάσκουσιν
1090 4756 1201 4829 (24)
1235 4756 1545 4828 ἐντάλματα
1587 4756 1746 4822 Θεοῦ,
1789 4757 1930 4814 ἀλλὰ

2038 4770 2148 4811 non
2189 4751 2424 4825 amplius
2456 4766 2549 4807 cas
2574 4766 2698 4826 qua:
2719 4760 2847 4811 sunt
2875 4768 2907 4811 a
2944 4752 3208 4829 sapientia
3236 4754 3484 4826 spiritus,
3514 4758 3612 4813 sed

416 4879 461 4941 ν’
495 4874 686 4935 Matth.
714 4894 803 4944 xv,
836 4876 891 4932 9.

415 4975 799 5052 Βιϐλίου
838 4974 953 5052 τοῦ.
972 4970 1486 5052 ,ἐσφραγισμέκοψ
1534 4970 1610 5026 Ita
1658 4970 1923 5052 ηεξ)ῃίοα

2036 4972 2166 5028 tioui
2195 4968 2548 5052 consentiunt
2585 4967 2872 5052 blatthafus
2900 4975 2957 5052 et
2982 4966 3194 5052 μοι-ους
3218 4985 3232 5034 ;
3272 4976 3327 5052 et
3356 4968 3462 5052 illis
3486 4968 3611 5025 Ori-

341 5037 709 5122 g:V_ti|gata,
756 5055 811 5102 et
857 5037 1624 5122 reliquaejinterpretationes.
1673 5040 1815 5122 lJXX
1869 5051 1926 5122 et

2036 5056 2196 5122 gentes
2217 5057 2230 5095 :
2255 5040 2452 5122 Μάτην
2467 5039 2524 5122 δέ
2545 5037 2801 5122 σέϐονταί
2823 5055 2914 5122 με,
2927 5037 3271 5122 διδάσψτες
3301 5039 3615 5122 ἐντάλματα

344 5106 679 5188 Epiphanius
695 5106 829 5172 liter.
853 5106 999 5180 LXIV,
1022 5112 1224 5238 βιϐλίου
1239 5106 1333 5164 τοῦ
1355 5111 1790 5194 ἐσφραγισμένου
1806 5112 1925 5166 τού-

344 5204 460 5238 του.
480 5189 633 5238 quasi
653 5189 719 5238 de
741 5203 840 5238 suo
860 5186 998 5238 libro
1043 5192 1237 5238 ocutus
1261 5179 1425 5235 fuerit
1445 5182 1634 5237 Isaias.
1654 5181 1919 5238 Hamus.

2036 5106 2331 5184 ἱνθρὼπων
2359 5106 2454 5165 κάι
2490 5106 2857 5173 διδασκαλίας.
2886 5108 3056 5190 aliter
3084 5106 3312 5233 Vulgata
3337 5128 3354 5193 ε
3393 5129 3413 5192 ς
3456 5106 3518 5165 Et
3542 5112 3612 5164 ti-

2036 5190 2287 5237 muerunt
2326 5196 2414 5235 me
2449 5180 2708 5236 mandato
2753 5179 3038 5235 hominum
3088 5187 3143 5234 et
3217 5188 3460 5238 octrtms.
3496 5198 3517 5232 ι
3553 5188 3612 5238 et

343 5177 633 5243 τὸυἶαυοεί
653 5189 719 5243 de
741 5203 840 5242 suo
860 5177 998 5242 libro
1022 5177 1237 5238 locutus
1261 5177 1919 5239 fuerit’lsai'asﬁllns'rws.
2027 5177 2287 5237 muerunt
2326 5196 2414 5235 me
2449 5180 2708 5236 mandato
2753 5177 3038 5235 hominum
3088 5187 3143 5234 et
3177 5177 3460 5243 doctrinis,
3496 5198 3517 5232 ι
3553 5188 3612 5241 et

417 5208 460 5251 υ,
476 5204 633 5312 ἓυιιει
653 5204 719 5243 (te
741 5204 998 5242 8110110Γο
1022 5204 1237 5238 ιοουιυδ
1261 5204 1425 5235 luent
1445 5204 1634 5237 Isaias.
1654 5204 1919 5239 HUETIUS.

417 5258 471 5322 (‘2
510 5264 530 5328 )
567 5260 745 5324 Μόνῳ
777 5257 863 5328 ,τῷ
906 5258 1159 5325 στόματι
1185 5251 1432 5328 ἐγγίζειν
1469 5251 1580 5306 τὸν
1604 5253 1778 5328 λαόν,
1803 5261 1917 5328 _ctc.

2036 5204 2287 5237 [nuerunt
2328 5204 2414 5235 HIC
2450 5204 2708 5236 manuum
2754 5204 3038 5235 nummum
3088 5204 3143 5234 υι
3177 5204 3460 5243 υυιιιιίιιιδ,
3496 5204 3517 5232 Ι
3553 5204 3608 5241 υἱ

2036 5259 2297 5328 quotquot
2314 5249 2584 5328 Hebraieo
2607 5248 2887 5328 contextui
2912 5248 3196 5328 insistunt,
3221 5248 3381 5320 cujus
3400 5250 3608 5328 variam

344 5323 593 5398 Impuras
638 5338 692 5383 et
717 5323 912 5384 illotas
951 5323 1148 5398 manus
1190 5325 1288 5398 ori
1311 5323 1602 5398 admovere
1639 5323 1915 5398 piaculum

342 5392 470 5474 erat
496 5397 818 5474 Pharisagis,
862 5413 933 5453 ne
973 5392 1365 5474 scilit-e‘tulahia
1405 5400 1555 5474 etes
1587 5394 1912 5474 polluerent.

342 5461 820 5543 Institutumuillud
846 5467 1126 5543 exagitans
1148 5463 1421 5543 Christus,
1455 5461 1606 5543 Isaiai
1626 5464 1789 5543 verba
1815 5478 1916 5543 _ap-

415 5538 518 5614 site
546 5539 602 5592 in
637 5538 760 5594 illos
792 5531 1053 5593 contorsit
1090 5554 1104 5590 :
1131 5554 1167 5614 _r
1196 5531 1385 5614 Purus
1418 5542 1504 5586 est
1546 5531 1916 5614 populns_iste

364 5609 504 5664 abiis
543 5617 598 5662 et
639 5622 734 5662 ore
773 5617 963 5664 tenus:
1016 5603 1179 5661 corde
1225 5611 1409 5658 autem
1452 5603 1917 5660 contauiinatissi-

344 5648 647 5749 iii-usfllsa.
676 5648 827 5749 xxxx“,
856 5648 987 5749 ιδδ,
1008 5675 1139 5749 i_l_n.
1277 5676 1281 5680 ’

415 5741 536 5821 (24)’
562 5745 774 5803 Οὐκέτι
813 5741 923 5817 γὰρ
947 5741 1375 5811 διδάσκουσιν,
1426 5754 1531 5811 etc.
1574 5741 1696 5799 Τῶν
1721 5743 1777 5796 0⁸
1803 5742 1918 5799 edi-

664 5850 938 5909 Γιτιιοι..
986 5846 1103 5907 Gn.
1138 5846 1316 5909 Xlll.

1998 5317 2196 5400 luisse
2228 5324 2332 5377 hoc
2363 5321 2487 5400 loco
2504 5319 2829 5400 lectionem,
2859 5317 3062 5400 exnhac
3094 5317 3606 5400 interpretationum

2024 5392 2289 5448 varietate
2321 5390 2623 5459 conjiciunt
2644 5389 2888 5459 quidam.
2920 5387 3033 5459 Ego
3058 5386 3215 5442 aliter
3239 5386 3448 5457 judico,
3475 5404 3606 5445 nam

2063 5473 2392 5532 mterquamr
2414 5456 2562 5531 quod
2584 5456 2731 5532 nulla
2758 5456 3028 5532 ejusmodi
3054 5456 3275 5532 notatur
3299 5459 3524 5532 variatio
3548 5459 3608 5517 in

2063 5478 2386 5532 mterquam
2414 5478 2562 5531 quoa
2584 5478 2731 5513 nuua
2758 5478 3028 5528 ejusmout
3054 5478 3275 5511 natatur
3299 5478 3524 5513 vanauo
3548 5478 3607 5517 in

2022 5478 2152 5591 ﬁeri
2180 5531 2439 5595 etKetib,
2484 5543 2662 5598 neque
2702 5529 2757 5582 in
2802 5527 2969 5598 variis
3000 5525 3323 5598 lectionibus
3351 5526 3607 5585 Orienta-

2023 5604 2157 5658 lium
2178 5612 2233 5657 et
2260 5595 2717 5663 Occidentalium,
2749 5611 2924 5665 neque
2945 5596 2998 5649 in
3028 5595 3135 5648 illis
3163 5595 3273 5650 Ben
3298 5596 3526 5663 Ascher,
3552 5605 3607 5652 et

2024 5673 2136 5729 Ben
2158 5669 2481 5743 Nephtbali;
2500 5668 2547 5723 si
2564 5683 2676 5722 rem
2702 5667 2924 5743 propius
2946 5673 3180 5734 spectes,
3203 5668 3419 5743 etiamsi
3441 5667 3608 5743 verba

2025 5736 2280 5800 recedant
2326 5741 2625 5815 paulisper,
2672 5736 2956 5794 sententiae
2983 5745 3162 5791 tamen
3202 5737 3257 5790 in
3284 5737 3425 5792 idem
3465 5737 3606 5817 reci:

3249 5836 3326 5897 30
