4100 6456
494 363 605 419 939

1953 354 2293 413 QRICENIS

3643 369 3747 424 960

498 483 787 542 humanas.
844 479 999 536 Unde
1269 492 1392 533 cum
1444 443 1558 532 haec
1609 476 1715 533 illis
1747 476 2039 532 acciderint

2140 528 2144 541 ,
2172 474 2494 550 ἀνθρώπων,
2530 478 2624 533 καὶ
2664 477 3013 546 διδασκαλίας
3046 479 3230 536 οὐκέτι
3258 481 3357 546 τὰς
3389 482 3497 537 άπδ
3522 483 3622 556 τῆς
3655 485 3751 539 τοῦ

498 572 777 629 transtulit
806 569 950 626 Deus
983 571 1238 642 pepulum
1270 569 1604 636 Judteorum,
1633 581 1687 625 et
1718 568 1951 640 perdidit
1973 583 2065 624 sa-

487 665 753 735 pientiam
800 659 1016 717 illorum
1053 662 1145 732 qui
1185 662 1327 733 apud
1369 675 1464 717 eos
1501 668 1658 715 erant
1704 661 2009 731 sapientum
2049 678 2061 714 :

495 770 596 809 nec
617 754 760 808 enim
792 753 1026 823 amplius
1056 752 1197 823 apud
1228 752 1350 806 illos
1373 760 1455 806 est
1478 750 1767 820 sapientia,
1793 759 1858 805 ut
1892 763 2069 821 neque

492 846 792 917 prophetia,
826 845 919 902 sed
951 854 1006 900 et
1049 842 1462 915 intelligentiam
1509 841 1922 912 intelligentium
1962 856 2064 911 po-

491 937 603 1008 puli
646 936 870 1003 defodit,
914 944 967 991 et
996 935 1238 992 occuluit
1268 934 1432 998 Deus,
1468 947 1570 988 nec
1611 933 1846 1003 amplius
1880 934 2064 1004 splen—

489 1029 616 1085 dida
658 1037 742 1085 est
785 1036 840 1083 et
887 1026 1150 1093 illustris;
1185 1036 1494 1097 propterea,
1527 1027 1743 1082 etiamsi
1777 1025 2063 1081 videantur

491 1119 782 1175 consilium
813 1117 1032 1189 aliquod
1069 1115 1339 1187 profunde
1375 1117 1582 1189 agitare
1606 1115 1673 1183 ",
1702 1129 1826 1171 cum
1854 1114 1907 1169 id
1932 1128 2060 1185 pro-

488 1220 606 1279 pter
639 1208 930 1264 Dominum
965 1221 1074 1262 non
1110 1205 1334 1272 faciant,
1382 1206 1570 1262 miseri
1600 1205 1884 1272 dicuntur;
1928 1212 1984 1259 et
2011 1205 2057 1260 si

484 1302 697 1356 occulta
730 1300 917 1370 aliqua
959 1298 1129 1353 divini
1159 1298 1373 1353 consilii
1400 1296 1779 1353 enuntiaturos
1805 1308 1863 1350 se
1893 1294 2058 1364 proli-

484 1402 724 1456 teantur,
756 1390 1121 1453 mentiuntur,
1170 1390 1430 1459 quoniam
1481 1402 1644 1457 opera
1692 1386 1903 1442 illorum
1948 1400 2055 1440 non

484 1483 621 1537 lucis
650 1490 799 1547 sunt.
831 1482 923 1537 sed
950 1480 1294 1535 tenebrarum
1320 1488 1372 1533 et
1396 1479 1594 1533 noctis.
1634 1474 1821 1531 Visum
1847 1485 1932 1530 est
1957 1490 2056 1529 au-

484 1585 589 1628 tem
624 1573 783 1626 nobis
810 1571 1001 1642 paucis
1024 1570 1206 1626 verbis
1230 1569 1592 1640 prophetiam,
1618 1576 1673 1623 et
1699 1566 1846 1622 illius
1872 1566 2053 1636 aliqua

478 1683 544 1721 ex
578 1675 730 1736 parte
766 1664 1180 1735 explicationem
1229 1663 1459 1733 aperire,
1497 1660 1757 1732 quoniam
1803 1658 2053 1715 meminit

2168 569 2475 641 πνεύματος
2510 573 2721 642 σοφίας,
2747 574 2883 629 ἀλλὰ
2904 574 3001 639 τὰς
3036 573 3401 646 ἀνθρωπίνας.
3431 575 3594 631 Ὅθεν
3619 577 3742 631 τούς

2165 680 2274 717 των
2297 664 2477 729 αὐτοῖς
2509 667 2929 737 συμϐαινόντων,
2961 666 3258 739 μετέθηκεν
3289 671 3318 723 ό
3357 669 3489 734 Θεὸς
3510 671 3600 725 τὸν
3639 672 3747 726 τῶν

2178 754 2443 809 Ἰουδαίων
2475 756 2624 823 λαὸν,
2666 760 2759 812 καὶ
2785 758 3034 814 ἀπώλεσε
3064 760 3163 834 τὴν
3197 762 3388 831 σοφίαν
3418 763 3597 818 αὐτῶν
3636 765 3747 819 τῶν

2165 845 2295 919 παρ’
2325 848 2509 912 αὐτοῖς
2546 849 2725 920 σοφῶν
2747 867 2761 882 ο
2795 851 2979 905 οὐκέτι
3008 852 3117 923 γάρ
3143 854 3259 906 ἐστι
3300 854 3460 923 σοφία
3494 858 3624 928 παρ’
3649 858 3746 910 αύ-

2161 936 2293 998 τοῖς,
2324 935 2400 999 ὡς
2432 934 2556 990 οὔτε
2589 939 2915 1009 προφητεία,
2949 941 3085 997 ἀλὶὰ
3122 945 3218 996 καὶ
3260 944 3358 1014 τὴν
3391 942 3605 999 σύνεσιν
3633 945 3744 999 τῶν

2164 1025 2398 1080 συνετῶν
2439 1026 2532 1080 τοῦ
2565 1026 2696 1082 λαοῦ
2741 1032 3093 1105 κατορώρυχε
3123 1052 3249 1099 που,
3294 1036 3392 1089 καὶ
3438 1036 3675 1109 ἔκρυψεν
3713 1042 3743 1093 ό

2159 1119 2330 1219 Ofbc:
2352 1120 2447 1219 καὶ
2490 1121 2687 1219 ούκέτι.
2716 1123 2833 1177 ἐστί
2877 1124 3101 1219 λαμπρά
3125 1127 3247 1219 ,καὶ
3295 1129 3566 1201 ἐπιφανής
3585 1146 3601 1162 '
3634 1130 3739 1197 διδ,

2159 1207 2261 1263 κᾶν
2301 1209 2498 1263 δοκῶσι
2533 1209 2729 1284 βουλήν
2770 1230 2889 1266 τινα
2928 1207 3158 1285 βαθέωξ
3187 1218 3381 1281 ποιεῖν,
3414 1217 3476 1270 οὐ
3521 1217 3609 1272 διὰ
3641 1219 3738 1273 τοῦ

2158 1298 2363 1372 Κυρίου
2404 1301 2573 1373 αὐτὴν
2616 1303 2896 1367 ποιοῦντες
2938 1305 3343 1371 ταλανίζονται·
3379 1307 3483 1361 κᾶν
3520 1311 3738 1381 κρυπτά

2156 1407 2275 1444 τινα
2302 1391 2740 1460 ὲπαγγέλλωνται
2775 1384 2972 1465 βοτυλῆς
2994 1395 3159 1462 θείας,
3183 1396 3488 1468 ψεύδονται,
3514 1399 3635 1452 ἐπεὶ
3665 1399 3735 1452 τά

2154 1481 2290 1554 ἔργα
2314 1481 2492 1535 αὐτῶν
2514 1483 2574 1536 ού
2606 1485 2781 1553 φωτός
2804 1486 2970 1551 ἐστιν,
2992 1486 3127 1540 ἀλλὰ
3155 1487 3376 1552 σκότους
3398 1488 3492 1541 καὶ
3519 1489 3729 1551 νυκτός.

2153 1571 2253 1624 Διὰ
2301 1570 2545 1644 βραχέων
2585 1572 2643 1626 δὲ
2684 1571 2860 1639 ἔδοξεν
2895 1577 3025 1646 ἡμῖν
3073 1576 3328 1631 ἐκθέσθαι
3371 1577 3469 1649 τὴν
3517 1594 3733 1650 προφη-

2151 1666 2322 1730 τείαν,
2363 1667 2458 1719 καὶ
2490 1665 2590 1737 τὴν
2615 1667 2708 1719 ὲπὶ
2750 1667 2914 1721 ποσὸν
2949 1669 3245 1739 σαφήνειαν
3285 1670 3472 1741 αὐτῆς,
3498 1669 3733 1742 ἐπείπερ

480 1758 625 1813 illius
663 1754 973 1821 Matthaeus,
1014 1753 1273 1809 meminit
1321 1761 1376 1809 et
1422 1753 1666 1819 Marcus;
1716 1751 1859 1807 unde
1903 1750 2039 1807 circa

2154 1754 2395 1826 ἐμνήσθη
2423 1755 2595 1826 αὐτῆς
2618 1758 2647 1809 ὁ
2676 1744 2974 1823 Ματθαίος,
3012 1759 3260 1831 ἐμνήσθη
3291 1760 3347 1813 δὲ
3387 1761 3481 1813 καὶ
3518 1760 3546 1812 ό
3572 1760 3731 1831 Μάρ-

478 1847 964 1919 transgressionem
998 1845 1277 1901 seniorum
1311 1846 1667 1901 statuentium
1702 1852 1763 1899 ut
1794 1856 1919 1898 eum
1946 1856 2045 1912 pa-

476 1954 597 1993 nem
628 1937 915 1993 comedent
945 1934 1583 2005 Judaei,lavent1nanus,
1612 1934 1813 1989 utiliter
1840 1932 2045 2004 produ-

471 2042 659 2084 eemus
682 2044 747 2084 ea
777 2041 899 2098 qum
930 2027 1036 2083 hoe
1074 2027 1197 2082 loco
1234 2027 1315 2084 sic
1346 2042 1410 2083 se
1441 2026 1644 2082 habent
1661 2026 1705 2060 δ’
1744 2043 1759 2081 :
1792 2043 1811 2078 ι
1849 2022 2045 2080 Phari-

472 2121 564 2177 saei
593 2106 764 2188 enim,
794 2129 850 2176 et
874 2134 1067 2175 omnes
1085 2106 1285 2189 Judaei,
1314 2119 1419 2175 nisi
1444 2119 1638 2175 crebro
1668 2117 1897 2174 laverint
1921 2132 2038 2172 ma-

476 2228 602 2280 nus,
639 2226 749 2266 non
783 2210 1139 2278 manducent,
1186 2219 1429 2267 tenentes
1470 2208 1814 2265 traditionem
1856 2208 2039 2264 senio-

476 2319 619 2358 rum.
645 2301 712 2357 Et
748 2317 779 2357 a
816 2300 935 2357 foro
965 2301 1071 2357 nisi
1102 2301 1599 2372 baptizentur,1wn
1630 2302 1954 2369 comedunt;
1986 2310 2040 2357 et

476 2397 580 2451 alia
608 2395 779 2451 multa
799 2402 925 2450 sunt
950 2409 1069 2465 qua:
1097 2394 1290 2450 tradita
1312 2403 1441 2450 sunt
1467 2395 1575 2451 illis
1600 2409 1837 2461 servare,
1863 2393 2039 2465 bapti-

473 2498 649 2544 smata
682 2489 934 2557 calicum,
979 2497 1033 2543 et
1078 2502 1390 2555 urceorum,
1428 2497 1482 2544 et
1510 2495 1952 2553 aramentorum,
1983 2496 2038 2543 et

472 2582 757 2637 lectorum.
788 2598 808 2634 ι

536 2763 623 2819 12.
672 2783 691 2816 ι
731 2762 797 2819 Et
840 2763 1158 2819 convocatis
1188 2761 1256 2818 ad
1288 2778 1346 2819 se
1378 2762 1554 2818 turbis
1589 2762 1727 2818 dixit
1744 2762 1836 2817 eis
1869 2780 1883 2817 :
1916 2760 2031 2816 Au-

463 2856 574 2910 dite
616 2863 671 2911 et
716 2856 995 2927 intelligite
1023 2856 1092 2924 ⁸⁸,
1124 2874 1143 2908 ι
1180 2863 1235 2910 et
1260 2869 1382 2924 quat
1421 2862 1745 2925 sequuntur.
1784 2851 2033 2909 Dilucide

465 2944 552 3000 his
579 2945 759 3001 verbis
791 2961 821 3001 a
854 2944 1142 3002 Servatore
1181 2945 1464 3013 docemur,
1509 2959 1635 3001 eum
1680 2944 1735 2999 in
1766 2941 2029 3010 Levitico,

463 3039 548 3094 vel
580 3038 636 3094 in
674 3037 1096 3100 Deuteronomio
1112 3037 1353 3109 iegimus
1384 3050 1448 3092 ea
1474 3050 1609 3107 quae
1636 3034 1704 3091 de
1735 3034 1957 3091 mundis
1977 3042 2033 3090 et

2149 1864 2263 1912 κος,
2298 1848 2390 1917 ἀφ’
2421 1840 2483 1901 οὗ
2517 1848 2802 1920 χρησίμως
2832 1850 3296 1924 παραστησόμεθα
3325 1852 3455 1921 περί
3482 1850 3585 1923 τῆς
3620 1868 3729 1906 πα-

2150 1938 2431 2012 ραδάσεως
2473 1938 2580 1993 τῶν
2632 1941 3017 2014 πρεσϐυτέρων
3058 1942 3322 2009 δοξάντων
3367 1944 3575 1998 νίπτειν
3627 1944 3728 2007 τὰς

2147 2031 2354 2100 χεῖρας,
2388 2029 2514 2084 ὅταν
2547 2030 2709 2097 ἄρτον
2756 2032 3007 2086 ἐσθίωσιν
3050 2033 3311 2097 Ἰουδαῖοι,
3341 2032 3412 2087 τὰ
3453 2034 3593 2089 κατὰ
3632 2033 3726 2086 τὸν

2145 2119 2308 2173 τόπον
2338 2119 2509 2184 οὕτως
2540 2120 2763 2192 ἔχοντα’
2808 2141 2826 2174 ι
2857 2125 2905 2177 οἰ
2936 2123 3045 2195 γάρ
3069 2126 3372 2198 Φαρισαῖοι,
3401 2127 3496 2181 καὶ
3523 2127 3724 2193 πάντες

2143 2214 2193 2266 οἰ
2239 2213 2501 2278 Ἰουδαῖοι,
2526 2213 2621 2267 ἐὰν
2650 2213 2724 2285 μὴ
2754 2217 2947 2286 πυγμῇ
2972 2215 3235 2285 νίψωνται
3261 2217 3360 2281 τὰς
3389 2222 3598 2292 χεῖρας,
3625 2221 3726 2274 οὐκ

2143 2304 2402 2371 ἐσθίουσι,
2440 2305 2767 2378 κρατοῦντες
2797 2307 2895 2375 τὴν
2941 2307 3237 2378 παράδοσιν
3272 2308 3381 2362 τῶν
3415 2308 3721 2380 πρεσϐυτέ-

2145 2411 2253 2467 ρων
2276 2410 2292 2425 ⁶
2343 2395 2439 2448 καὶ
2490 2395 2587 2448 ἀπ’
2632 2396 2865 2466 ἀγορᾶς,
2911 2394 3005 2447 ἐὰν
3059 2394 3135 2466 μὴ
3182 2395 3569 2465 βαπτίσωνται,
3618 2398 3721 2452 οὐκ

2142 2484 2397 2541 ἐσθίουσι.
2432 2486 2543 2540 Καὶ
2567 2484 2701 2539 ἄλλα
2734 2485 2856 2540 τινά
2886 2486 3031 2539 ἐστιν
3062 2486 3099 2540 ἃ.
3130 2486 3435 2558 παρέλαϐον
3467 2491 3716 2559 κρατεῖν,

2143 2574 2485 2648 βαπτισμοὺς
2527 2576 2822 2649 ποτηρίων,
2870 2577 2962 2631 καὶ
3010 2575 3233 2643 ξεστῶν,
3286 2580 3380 2633 καὶ
3427 2579 3717 2650 χαλκείων⁹

2140 2669 2235 2722 καὶ
2264 2658 2485 2747 κλινῶν.
2526 2687 2545 2720 ι

2215 2778 2234 2812 ‹
2282 2760 2393 2813 Καὶ
2425 2759 2937 2833 προσκαλεσάμενος
2976 2760 3068 2814 τὸν
3101 2761 3277 2832 ὄχλον,
3314 2757 3468 2817 εἶπεν
3490 2762 3714 2828 αὐτοῖς’

2151 2850 2399 2905 Ἀκούετε
2426 2851 2520 2906 καὶ
2548 2851 2776 2918 συνίετε,
2811 2872 2835 2904 ν
2866 2853 2961 2907 κα).
2990 2851 3059 2907 τὰ
3079 2853 3224 2926 ἑξῆς.
3265 2852 3460 2923 Σαφῶς
3490 2853 3579 2909 διὰ
3600 2854 3720 2909 τού-

2137 2960 2245 2997 των
2279 2942 2386 2998 ύπὸ
2417 2941 2511 2997 τοῦ
2555 2943 2804 3016 Σωτῆρος
2834 2944 3219 3017 διδασκόμεθα,
3250 2947 3715 3015 ἀναγινώσκοντες

2137 3034 2194 3087 ὲν
2231 3032 2309 3106 τῷ
2340 3033 2628 3106 Λευῖτικῷ,
2677 3034 2773 3089 καὶ
2806 3037 2865 3091 ὲν
2908 3036 2988 3107 τῷ
3026 3038 3431 3109 Δευτερονομίῳ
3470 3032 3541 3091 τὰ
3586 3038 3715 3109 περὶ

464 3130 763 3189 immundis
805 3131 941 3187 cibis
967 3129 1165 3188 tradita
1213 3136 1362 3195 sunt,
1402 3134 1634 3199 propter
1672 3141 1795 3198 qua
1826 3140 1926 3182 nos
1971 3135 2031 3181 ut

2140 3124 2389 3198 καθαρῶν
2421 3126 2514 3180 καὶ
2543 3125 2867 3199 ἀκαθάρτων
2902 3127 3231 3200 βρωμάτων,
3266 3129 3352 3198 ἐφ’
3382 3123 3463 3192 οἷς
3493 3128 3571 3193 ὡς
3603 3144 3713 3183 πα-

2055 3174 2103 3234 ο

462 3225 755 3280 violatores
785 3229 1046 3280 accusant
1071 3219 1242 3277 ιιιόεὶ
1275 3221 1606 3290 corporales,
1637 3228 1692 3275 et
1731 3232 1924 3290 parum
1962 3217 2033 3273 ab

2140 3215 2462 3291 ρανομοῦσιν
2491 3217 2811 3287 ἐγκαλοῦσιν
2840 3221 2973 3290 ἡμῖν
3003 3222 3055 3274 οἰ
3090 3222 3399 3292 σωματικοὶ
3443 3213 3729 3289 Ἰουδαίοι,”

466 3320 549 3374 his
587 3317 958 3387 discrepantes
1002 3312 1263 3380 Ebiona'i,
1308 3326 1417 3367 non
1451 3309 1761 3383 Scriptura:
1804 3326 2031 3382 scopum

459 3429 585 3471 esse
627 3411 899 3479 arbitrari,
939 3425 1066 3466 eum
1108 3410 1202 3481 qui
1241 3408 1436 3463 obvius
1474 3415 1558 3463 est
1585 3420 1750 3478 super
1778 3405 1847 3461 iis
1869 3405 2031 3460 rebus

463 3519 703 3561 sensum.
738 3501 872 3557 Nam
905 3502 952 3556 si
986 3520 1005 3553 ι
1037 3514 1144 3556 non
1178 3497 1325 3569 quod
1348 3499 1517 3552 intrat
1539 3497 1593 3551 in
1625 3510 1688 3550 os
1714 3494 2033 3566 coinquinat

463 3596 758 3662 hominem,
790 3593 883 3650 sed
916 3592 1061 3662 quod
1090 3589 1329 3661 procedit
1358 3602 1422 3644 ex
1453 3588 1628 3653 ore",
1667 3606 1687 3640 ›
1716 3595 1770 3643 et
1796 3586 2032 3643 maxime

459 3687 746 3761 quoniam,
765 3686 922 3757 juxta
954 3683 1220 3749 Marcum,
1251 3682 1368 3738 haec
1399 3680 1535 3737 dixit
1564 3677 1821 3736 Servator
1844 3696 1866 3731 ε
1900 3693 2032 3750 pur-

458 3796 592 3852 gans
630 3793 821 3836 omnes
860 3777 1099 3841 escas",
1132 3793 1154 3829 ι
1211 3772 1562 3830 manifestum
1593 3781 1676 3827 est
1706 3785 1816 3827 non
1845 3769 2028 3841 inqui-

459 3871 580 3926 nari
608 3886 706 3928 nos
732 3884 796 3926 ea
821 3868 1169 3925 eomedentes
1199 3881 1320 3939 quae
1337 3864 1509 3922 Judaei
1533 3863 1728 3919 litterae
1748 3862 1885 3934 legis
1915 3877 2035 3918 ser-

463 3962 575 4016 vire
629 3960 874 4016 volentes
933 3957 1212 4013 immunda
1271 3970 1395 4013 esse
1445 3952 1840 4026 pronuntiant;
1896 3960 2030 4008 tunc

461 4061 640 4108 autem
680 4050 979 4120 inquinari,
1002 4048 1223 4121 quando
1247 4062 1370 4104 eum
1401 4054 1649 4116 oporteat
1671 4044 1814 4100 labia
1840 4051 2026 4100 nostra

458 4142 668 4200 ratione
698 4140 876 4195 vineta
930 4155 1071 4207 esse,
1116 4152 1327 4209 nosque
1356 4137 1424 4192 iis
1452 4151 1574 4208 qua:
1604 4135 1836 4191 dicimus
1864 4143 2033 4191 state-

459 4248 574 4289 ram
604 4242 657 4288 et
682 4231 874 4287 libram
900 4231 1176 4297 adhibere,
1201 4229 1361 4285 obvia
1376 4241 1605 4299 quaeque
1618 4224 1896 4296 loquimur
1912 4224 2034 4295 qui-

456 4325 604 4391 dem,
648 4323 954 4395 eogitamus
987 4329 1169 4377 autem
1218 4336 1326 4376 non
1376 4318 1706 4384 necessaria,
1737 4315 1879 4372 unde
1902 4313 2028 4371 fons

458 4417 616 4473 nobis
652 4418 882 4472 scaturit
904 4423 1273 4487 peccatorum.
1300 4414 1375 4468 Ae
1406 4412 1560 4468 decet
1583 4410 1803 4481 quidem
1828 4407 1923 4464 Dei
1947 4409 2027 4463 le-

2133 3310 2229 3364 καὶ
2255 3311 2306 3364 οἰ
2338 3308 2503 3382 ὀλίγῳ
2526 3308 2872 3382 διαφέροντες
2910 3312 3091 3367 αὐτῶν
3130 3313 3432 3370 Ἐδιωναῖοι
3466 3316 3601 3389 (95),
3633 3317 3711 3388 μὴ

2132 3402 2372 3475 νομίζειν
2402 3403 2495 3457 τὸν
2538 3403 2738 3457 σκοπὸν
2769 3401 2908 3458 εῖναι
2934 3407 3001 3475 τῇ
3030 3406 3221 3479 Γραφῇ
3253 3408 3540 3481 πρόχειρον
3583 3411 3714 3484 περὶ

2130 3494 2337 3549 τούτων
2382 3494 2529 3549 νοῦν.
2578 3512 2605 3546 4
2645 3495 2708 3548 Εἰ
2726 3495 2835 3567 γὰρ
2875 3496 2934 3549 οὺ
2980 3496 3040 3551 τὸ
3089 3498 3466 3570 εἰσερχόμενον
3519 3502 3600 3565 εἰς
3648 3500 3715 3556 τδ

2134 3586 2307 3658 στόμα
2334 3589 2503 3641 κοινοῖ
2537 3587 2629 3642 τὸν
2668 3588 2972 3660 ἄνθρωπον,
3010 3589 3147 3644 ἀλλά
3169 3589 3231 3644 τὺ
3262 3591 3615 3664 ὲξερχόμενον
3645 3595 3714 3648 ὲκ

2114 3667 2227 3735 τοῦ
2260 3678 2546 3750 στόματος,
2597 3696 2617 3731 ι
2649 3678 2746 3733 καὶ
2781 3678 3015 3750 μάλιστα
3038 3681 3161 3735 ἐπεὶ
3193 3682 3335 3736 κατὰ
3361 3683 3454 3738 τὸν
3481 3683 3716 3756 Μάρκον

2131 3769 2288 3841 ἔλεγε
2321 3770 2492 3825 ταῦτα
2530 3772 2560 3824 ό
2591 3769 2800 3841 Σωτὴρ,
2842 3789 2861 3822 ι
2901 3770 3213 3842 καθαρίζων
3247 3773 3423 3828 πάντα
3463 3773 3532 3828 τὰ
3562 3772 3713 3846 βρώο

2134 3878 2300 3933 ματα,
2328 3881 2346 3912 ι
2365 3860 2543 3933 δῆλον,
2563 3861 2644 3915 δτι
2665 3862 2727 3915 οὐ
2752 3860 3073 3933 κοινούμεθα
3092 3862 3189 3933 μὲν
3208 3862 3478 3927 ἐσθίοντες
3498 3863 3535 3918 ἃ.
3573 3865 3712 3920 Ἰου-

2130 3952 2272 4007 δαῖοί
2305 3969 2458 4022 φασι,
2503 3951 2580 4024 τῷ
2621 3952 2906 4025 γράμματι
2945 3952 3041 4007 τοῦ
3083 3952 3248 4024 νόμου
3293 3952 3562 4010 δουλεύειν
3591 3954 3720 4009 ὲθέη

2129 4044 2330 4108 λοντες,
2378 4037 2517 4097 εἶναι
2557 4042 2842 4115 ἀκάθαρτα
2872 4060 2886 4075 ’
2936 4044 3056 4098 τότε
3099 4044 3158 4098 δὲ
3201 4044 3546 4117 κοινούμεθα,
3580 4040 3713 4114 δτε,

2128 4136 2245 4190 δέον
2286 4134 2357 4189 τὰ
2399 4134 2552 4207 χείλη
2597 4134 2754 4206 ἡμῶν
2793 4134 3035 4189 δεδέσθαι
3085 4135 3354 4209 αἰσθήσει,
3386 4139 3481 4191 καὶ
3533 4142 3714 4193 ποιεῖν

2129 4230 2277 4301 ἡμᾶς
2303 4223 2383 4292 οἷς
2408 4227 2638 4299 λέγομεν
2661 4226 2823 4296 ζυγὸν
2854 4228 2948 4281 καὶ
2971 4227 3229 4298 σταθμὸν,
3256 4228 3489 4301 λέγομεν
3516 4229 3615 4301 μὲν
3634 4231 3711 4286 τὰ

2131 4318 2530 4392 παρατυχόντα,
2578 4317 2993 4390 διαλογιζόμεθα
3033 4318 3090 4373 δὲ
3129 4319 3199 4373 τὰ
3247 4320 3322 4393 μὴ
3353 4321 3563 4386 δέοντα,
3608 4322 3710 4393 ἀφ’

2130 4404 2206 4465 ὧν
2246 4412 2281 4481 ἡ
2332 4408 2484 4481 πηγὴ
2524 4409 2655 4479 ἡμῖν
2695 4408 2910 4479 ἔρχεται
2955 4408 3065 4463 τῶν
3111 4411 3546 4483 ἁμαρτημάτων.
3592 4414 3710 4469 Καὶ

455 4523 577 4580 gem
610 4520 674 4561 ea
702 4521 823 4575 quae
850 4520 880 4561 e
911 4504 1152 4575 nequitia
1180 4502 1474 4574 proﬂuunt,
1509 4509 1725 4568 vetare;
1757 4514 1880 4570 quae
1896 4511 2026 4554 vero

2140 4497 2340 4571 πρέπον
2369 4497 2432 4564 γέ
2459 4497 2575 4548 ἐστι
2607 4496 2742 4550 Θεοῦ
2784 4497 2934 4569 νόμῳ
2967 4499 3332 4572 ἀπαγορεύειν
3362 4501 3432 4557 τὰ
3457 4501 3566 4556 ἀπὸ
3605 4519 3711 4556 κα-

457 4599 526 4655 ad
562 4597 816 4652 virtutem
842 4597 1131 4669 pertinent,
1160 4596 1480 4666 praecipere;
1509 4607 1631 4662 quae
1658 4605 1789 4646 vero
1815 4605 1883 4646 ex
1905 4603 2026 4646 sese

456 4697 586 4747 sunt
613 4688 992 4757 indill'erentia,
1035 4703 1135 4745 suo
1164 4687 1289 4743 loco
1320 4686 1646 4756 relinquere,
1685 4698 1750 4740 ea
1779 4680 2029 4736 videlicet

452 4799 576 4855 qua:
607 4782 748 4838 male
767 4780 881 4837 fieri
903 4792 1153 4854 possunt,
1187 4779 1235 4836 si
1255 4794 1321 4834 ex
1356 4778 1623 4837 instituto.
1655 4785 1711 4830 et
1737 4789 1803 4830 ex
1822 4787 1886 4827 ea
1907 4784 2030 4843 qua:

453 4877 508 4931 in
527 4873 685 4930 nobis
705 4881 790 4930 est
810 4873 1020 4929 ratione
1036 4873 1091 4927 in
1110 4871 1178 4927 iis
1196 4884 1512 4942 peccemus;
1533 4875 1676 4923 recte
1690 4874 1869 4921 autem
1887 4862 2026 4930 ﬁeri,

2132 4590 2277 4654 κίας,
2324 4590 2418 4643 καὶ
2467 4589 2824 4664 προστάσσειν
2868 4590 2936 4645 τὰ
2976 4592 3098 4645 κατ’
3131 4593 3334 4665 ἀρετήν
3356 4610 3370 4625 ο
3410 4594 3479 4649 τὰ
3522 4594 3580 4648 δὲ
3624 4596 3710 4668 τῷ

2131 4677 2245 4749 ἰδίῳ
2272 4677 2416 4749 λόγῳ
2445 4678 2729 4749 ἀδιάφορα,
2760 4678 2932 4733 ταῦτα
2963 4681 3057 4751 ὲᾷν
3079 4683 3171 4736 ἐπὶ
3200 4682 3401 4756 χώρας,
3428 4684 3707 4756 δυνάμενα

2126 4768 2215 4822 διὰ
2245 4768 2344 4840 τὴν
2372 4768 2688 4841 προαίρεσιν
2717 4770 2810 4823 καὶ
2838 4770 2929 4824 τὸν
2954 4772 3014 4824 ὲν
3040 4774 3170 4843 ἡμῖν
3195 4774 3371 4844 λόγον,
3397 4776 3712 4848 ἁμαρτανό-

2132 4873 2269 4929 μενα
2320 4857 2421 4929 μὲν
2458 4856 2645 4922 κακῶς
2690 4858 3044 4930 πράττεσθαι,
3087 4862 3493 4936 κατορθούμενα
3522 4864 3579 4919 δὲ
3615 4865 3710 4935 γί-

521 5033 695 5090 “lsa.
726 5050 876 5103 χχιχ,
913 5033 1000 5088 l5.
1074 5030 1119 5064 “
1163 5028 1328 5086 Marc.
1365 5044 1466 5091 vn,
1519 5027 1574 5092 ὅ,
1600 5026 1654 5080 4.
1716 5025 1761 5057 ⁵⁸
1791 5021 1980 5078 Matth.
2009 5037 2099 5091 xv,
2127 4990 2216 5076 ιθ.
2292 5019 2334 5051 ⁸⁸
2372 5017 2504 5075 ibid.
2536 5018 2623 5075 ll.
2704 5021 2750 5053 "
2773 5018 2941 5079 Mare.
2965 5030 3063 5092 vti,
3089 5023 3177 5080 l9.

450 5200 610 5265 dunt,
640 5211 765 5253 eum
801 5195 1124 5268 praesertim
1159 5193 1526 5268 διδάσκουσιν,
1560 5194 1648 5247 hie
1674 5189 2026 5268 signiﬁcatiof

452 5284 576 5326 nem
596 5262 719 5323 'non
751 5262 1003 5331 docendi,
1035 5264 1128 5319 sed
1153 5263 1395 5319 discendi
1417 5263 1663 5318 obtinere
1681 5262 1948 5324 videatur,
1969 5267 2028 5314 ut

453 5337 608 5410 infra
623 5351 849 5410 quoque
868 5335 1204 5410 notabimus.
1231 5331 1495 5410 liuentis.

523 5398 658 5479 (25)·
675 5398 782 5462 Kal
800 5409 853 5479 οἱ
874 5402 1453 5479 ἀδινῷ-διαφέροντες
1467 5398 2027 5479 αὐτῶνέζὲξῦιωτςαζοι.

665 5477 913 5550 proxime
928 5469 1020 5550 ad
1044 5469 1261 5550 {addens
1295 5469 1613 5550 accederent
1652 5471 1895 5550 Ebiongei
1929 5469 2028 5550 do-

451 5539 577 5632 cent
618 5539 876 5629 lr'enaeus,
925 5543 1260 5632 Epiphanius
1295 5552 1350 5599 et
1364 5539 1771 5632 ‘Theodoretus.
1799 5539 1918 5622 Non
1948 5540 2018 5622 ab

453 5617 684 5687 impuris
706 5625 891 5672 autem
918 5615 1055 5671 cibis
1080 5613 1440 5678 solummodo,
1465 5614 1557 5669 sed
1587 5623 1641 5668 et
1668 5614 1737 5666 ab
1760 5613 2017 5666 animatis

454 5688 711 5763 omnibus
737 5703 831 5743 eos
865 5684 1217 5763 abstinuisse,
1247 5683 1709 5763 ac_pro_impuris_
1734 5682 2015 5763 habuisse,

450 5757 811 5828 eamdemque
833 5770 1071 5812 errorem
1093 5753 1254 5810 Petro
1283 5751 1568 5810 aliinxisse'
1588 5753 1744 5810 testis
1768 5762 1850 5808 est
1872 5751 2017 5808 idem

2124 5184 2491 5257 Epiphanius,
2510 5182 2703 5240 haeres.
2732 5202 2863 5257 xxx.
2895 5185 3006 5243 Nec
3030 5186 3409 5248 Ebionaeorum
3439 5191 3711 5255 duntaxat

2125 5255 2279 5313 οὗτοι·
2311 5256 2398 5330 ille
2421 5255 2543 5330 fuit,
2565 5272 2686 5325 qua:
2707 5256 2944 5311 animata
2978 5257 3211 5330 fuissent
3237 5264 3540 5330 respuenda
3562 5280 3702 5320 een~

2124 5343 2265 5393 sere,
2294 5326 2387 5381 sed
2418 5335 2473 5381 et
2492 5324 2897 5391 Nazareorum,
2923 5337 2975 5381 et
3004 5324 3482 5392 Dositheandrum‘.
3514 5342 3564 5387 et
3592 5331 3706 5391 Va-

2122 5397 2405 5461 lesiorum,
2433 5404 2487 5451 et
2509 5396 2872 5464 quorumdam
2902 5413 2933 5451 e
2958 5395 3361 5462 Saturnilianis,
3394 5411 3447 5455 et
3468 5401 3706 5459 Marcio-

2124 5467 2305 5533 nistis,
2331 5475 2404 5531 et,
2439 5467 2487 5522 si
2508 5465 2802 5534 Philastrio
2825 5465 2959 5522 ﬁdes
2980 5477 3084 5534 est,
3109 5468 3490 5532 Aeriauorum,
3518 5481 3571 5527 et
3592 5472 3705 5528 En-

2124 5528 2568 5608 eratitarum,iet
2611 5528 3159 5608 Manichazorum,'et
3199 5540 3291 5608 qui
3333 5555 3399 5595 ex
3439 5528 3547 5596 illis
3586 5545 3701 5599 orti

2122 5618 2270 5682 sunt,
2298 5605 2861 5682 Priscillianistarum,
2884 5605 3422 5682 ct_Apotacticorum,
3440 5626 3533 5665 seu
3551 5613 3704 5682 Apo-

2124 5678 2463 5753 stolieorum.
2534 5673 2711 5753 Quam
2780 5673 3049 5753 insaniam
3112 5673 3417 5753 damnavit
3452 5673 3702 5753 synodus

2123 5741 2326 5819 Gangr.
2353 5763 2474 5803 can.
2514 5761 2576 5814 ιι,
2610 5744 2824 5816 aliaque
2850 5747 3079 5804 subinde
3108 5747 3303 5805 concil.
3341 5746 3413 5803 in.
3484 5740 3531 5753 "
