4100 6414
1506 235 1582 250 ιρι.
1595 240 1603 244 ι
1623 236 1680 245 κισ-

401 367 500 424 9-H

1389 363 1740 422 COMMENT.
1783 362 1849 415 IN
1888 339 2302 422 unm/Eum
2341 367 2582 424 TOMUS
2623 367 2712 421 ιιι.

3547 369 3654 428 9όῖ

402 482 626 554 γενεσθαι
679 483 876 548 καλῶς.
918 483 1100 537 Ταῦτα
1133 482 1189 536 δέ
1209 499 1289 544 τις
1313 481 1586 554 ἐπιμελῶς
1611 482 1828 552 νοήσας,
1855 481 1977 550 ὕψε-

2079 480 2242 554 495
2268 485 2313 539 si
2339 484 2408 538 ad
2438 485 2640 538 bonum
2672 483 2832 538 tinem
2857 483 3243 556 perducantur.
3263 481 3343 537 Ad
3377 482 3492 541 haec
3523 498 3652 540 vero

403 588 514 638 ται,
541 575 623 628 δτι
653 577 744 629 καὶ
764 576 834 629 τὰ
856 576 1178 646 νομιζόμενα
1206 573 1384 642 ἀγαθὰ
1412 567 1522 626 οἷόν
1553 567 1619 629 τέ
1635 575 1769 634 ἐστι,
1797 572 1980 635 κακῶς

404 665 500 718 καὶ
537 668 644 719 ἀπὸ
681 667 885 731 πάθους
923 667 1174 730 λαϐόντα,
1220 665 1696 736 ἁμαρτάνεινηκαί
1727 664 1795 716 τὰ
1821 663 1977 732 λεγό-

407 773 544 829 μενα
577 759 881 830 ἀκάθαρτα,
917 759 1140 812 δυνατὸν
1169 757 1309 812 κατὰ
1339 756 1494 825 λόγον
1527 759 1583 808 ἐν
1617 758 1808 828 χρήσει
1846 759 1978 827 ἡμῖν

405 847 684 919 γινόμενα,
718 847 1018 916 λογίζεσθαι
1043 848 1274 921 καθαρά.
1299 849 1509 920 Ὥσπερ
1536 847 1644 923 γὰρ
1673 843 1765 900 τοῦ
1801 849 1979 918 ἁμαρ-

405 939 655 1004 τάνοντος
701 940 950 995 Ἰουδαίου
993 942 1026 1010 ἡ
1071 940 1340 1012 περιτομὴ
1382 941 1461 1004 είς
1492 939 1857 1010 ἀκροϐυστίαν
1901 941 1981 994 λο-

406 1030 743 1103 γισθήσεται,
781 1030 874 1086 τοῦ
915 1031 972 1084 δὲ
1014 1031 1401 1104 κατορθοῦντος
1442 1031 1549 1084 ἀπὸ
1593 1031 1701 1085 τῶν
1745 1031 1914 1085 ἐθνῶν
1943 1033 1978 1104 ἡ

406 1120 740 1191 ἀκροϐυστία
765 1121 844 1183 είς
867 1120 1187 1192 περιτομὴν,
1219 1120 1390 1184 οῦτως
1413 1121 1481 1174 τά
1523 1121 1620 1193 μέν
1651 1119 1978 1192 νομιζόμενα

408 1213 625 1287 καθαρὰ
660 1213 1037 1286 λογισθήσεται
1075 1217 1153 1278 είς
1196 1214 1480 1286 ἀκάθαρτα
1517 1214 1593 1284 τῷ
1639 1213 1712 1285 μὴ
1755 1215 1982 1278 δεόντως

408 1307 607 1370 αὐτοῖς,
638 1307 771 1378 μηδὲ
806 1308 894 1361 ὅτε
937 1309 1036 1372 δεῖ,
1085 1309 1220 1379 μηδὲ
1251 1309 1371 1362 ὅσον
1407 1308 1486 1362 δεῖ
1519 1306 1653 1378 (26),
1691 1308 1824 1379 μηδέ
1857 1307 1978 1362 ὅθεν

407 1401 488 1453 δεῖ
517 1399 782 1471 χρωμένῳ
800 1417 813 1429 ·
840 1399 906 1452 τά
945 1399 1001 1455 δὲ
1030 1399 1293 1470 λεγόμενα
1319 1399 1601 1476 ἀκάθαρτα
1639 1419 1656 1450 ι
1700 1401 1876 1456 πάντα
1897 1400 1981 1469 γί-

408 1507 554 1544 νεται
581 1491 793 1561 καθαρὰ
825 1493 936 1554 τοῖς
966 1491 1224 1562 καθαροῖς
1243 1508 1255 1521 °
1294 1494 1407 1554 τοῖς
1444 1491 1552 1562 γὰρ
1590 1491 1983 1562 μεμιασμένοις

409 1583 502 1634 καὶ
547 1581 794 1645 ἀπίστοις
835 1581 984 1636 οὐδὲν
1025 1581 1284 1656 καθαρὸν,
1327 1584 1448 1636 ἐπεὶ
1483 1582 1774 1655 μεμίανται
1802 1582 1979 1636 αὐτῶν

409 1671 502 1728 καὶ
535 1673 562 1724 6
607 1671 752 1739 νοῦς,
783 1673 878 1725 καὶ
918 1675 950 1742 ἡ
983 1672 1284 1744 συνείδησις
1311 1689 1323 1702 ·
1370 1692 1388 1724 ι
1429 1674 1519 1726 καὶ
1551 1671 1739 1737 ταῦτα,
1777 1689 1978 1744 μεμια-

410 1763 602 1832 σμένα,
638 1762 853 1816 ἅπαντα
887 1765 1030 1815 ποιεῖ
1065 1761 1236 1834 μιαρὰ
1281 1756 1355 1816 ὧν
1384 1762 1450 1816 ἂν
1496 1761 1730 1834 ἅψηταιθ
1762 1762 1837 1825 ὡς
1875 1763 1980 1817 πά-

407 1850 488 1903 λιν
531 1853 593 1904 ἐκ
638 1850 730 1902 τοῦ
783 1850 1026 1903 ἐναντίου
1064 1853 1092 1903 6
1122 1850 1356 1919 καθαρὸς
1401 1849 1525 1912 νοῦς
1560 1849 1651 1902 καὶ
1689 1851 1721 1920 ἡ
1762 1847 1977 1920 καθαρὰ

408 1941 709 2010 συνείδησις
750 1940 924 1993 πάντα
953 1943 1096 1993 ποιεῖ
1137 1939 1372 2012 καθαρὰ,
1408 1940 1511 1994 κᾶν
1536 1940 1663 2011 δοκῇ
1698 1940 1979 2012 ἀκάθαρτα

405 2033 693 2104 τυγχάνειν
714 2050 726 2062 ’
759 2033 819 2085 οὑ
852 2032 958 2108 γὰρ
990 2033 1096 2085 ἀπὸ
1130 2033 1444 2097 ἀκολασίας,
1475 2032 1593 2085 ούδέ
1617 2033 1724 2090 άπὸ
1763 2033 1980 2105 φιληδο-

406 2125 546 2189 νίας,
591 2124 710 2181 οὐδὲ
753 2124 892 2194 μετὰ
933 2125 1256 2196 διακρίσεως
1297 2125 1687 2198 περιελκούσης
1727 2127 1806 2188 εἰς
1852 2126 1980 2180 ἐκά-

408 2232 541 2287 τερα
589 2219 636 2269 οἰ
680 2217 877 2273 δίκαιοι
923 2217 1159 2287 χρῶνται
1209 2220 1320 2281 τοῖς
1360 2217 1703 2289 βρώμασινῆ
1749 2218 1976 2288 πόμασι,

411 2307 748 2378 μεμνημένοι
779 2307 870 2360 τοῦ
897 2325 910 2337 ο
967 2328 986 2359 ι
1032 2308 1156 2360 Εἴτε
1199 2308 1427 2372 ἐσθίετε,
1469 2308 1579 2361 εἴτε
1627 2310 1833 2370 πίνετε,
1871 2307 1978 2361 εἴτε

407 2398 534 2451 ἄλλο
561 2402 781 2462 ποιεῖτε,
805 2402 885 2462 εἰς
913 2399 1066 2464 δόξαν
1087 2399 1221 2453 Θεοῦ
1246 2402 1469 2453 ποιεῖτε.
1506 2421 1524 2451 ι
1553 2401 1615 2454 Et
1641 2401 1695 2454 δέ
1717 2401 1821 2474 χρὴ
1851 2402 1980 2454 ὐπο-

408 2490 613 2559 γράψαι
650 2490 718 2544 τὰ
757 2491 896 2544 κατὰ
928 2491 988 2543 τὸ
1015 2491 1348 2560 Εὐαγγέλιον
1377 2491 1661 2565 ἀκάθαρτα
1692 2491 1975 2566 βρώματα,

409 2580 670 2650 φήσομεν,
700 2579 780 2632 ὅτι
807 2578 1030 2634 τοιαῦτά
1065 2583 1180 2634 ἐστι
1216 2579 1283 2633 τὰ
1314 2580 1424 2633 ἀπὸ
1464 2581 1776 2648 πλεονεξίας
1806 2598 1977 2636 πεπο-

411 2668 660 2742 ρισμένα,
710 2673 801 2724 καὶ
851 2671 958 2726 ἀπὸ
997 2671 1445 2743 αἰσχροκερδείας
1487 2674 1976 2751 περιγεγενημένα,

412 2759 504 2813 καὶ
536 2760 643 2814 ἀπὸ
675 2762 983 2834 φιληδονίας
1020 2763 1427 2835 λαμϐανόμενα,
1459 2763 1552 2818 καὶ
1591 2762 1700 2825 ἀπὸ
1730 2764 1824 2822 τοῦ
1862 2763 1980 2823 θεο-

409 2853 674 2908 ποιεῖσθαι
709 2856 1024 2928 τιμωμένην
1069 2857 1167 2928 τὴν
1209 2856 1471 2929 γαστέρα,
1510 2857 1640 2913 ὅταν
1684 2857 1842 2929 αὑτὴ,
1885 2857 1980 2914 καί⁴

408 2945 463 2997 αἰ
497 2945 614 2997 κατ’
645 2946 812 3017 αὐτὴν
839 2948 1064 3018 ὀρέξεις,
1095 2950 1188 3003 καὶ
1221 2949 1296 3026 μὴ
1324 2952 1353 3004 6
1380 2951 1556 3020 λόγος,
1591 2951 1734 3023 ἄρχῃ
1756 2952 1854 3026 τῆς
1878 2950 1980 3021 diu.

407 3034 510 3104 Χῆς
535 3034 710 3107 ἡμῶν.
755 3036 913 3096 Ἀλλὰ
940 3040 1033 3092 καὶ
1060 3039 1415 3107 γινώσκοντες
1448 3041 1743 3112 δαιμονίοις
1777 3041 1979 3114 κεχρῆ-

2083 574 2175 644 qui
2208 574 2494 643 diligenter
2533 575 2792 639 attendet,
2832 574 3033 630 videbit
3055 575 3107 630 in
3133 576 3199 630 iis
3220 590 3341 644 qum
3364 574 3504 628 bona
3531 589 3653 632 essu

2082 661 2397 730 creduntur,
2420 679 2579 732 posse
2605 679 2729 719 eum
2761 680 3007 735 peccare,
3037 665 3129 734 qui
3155 664 3294 718 male
3319 673 3372 719 et
3393 680 3456 719 ex
3483 679 3653 733 pravo

2082 751 2274 806 affectu
2323 768 2386 808 ea
2435 755 2771 825 susceperit;
2808 761 3013 822 etquae
3058 753 3338 808 immunda
3372 751 3649 819 dicuntur,

2081 857 2241 911 posse
2265 859 2364 912 pro
2392 845 2610 898 mundis
2645 844 2904 914 reputari,
2947 845 2992 899 si
3022 857 3147 901 cum
3180 843 3391 904 ratione
3427 842 3493 899 iis
3527 851 3652 901 uta-

2083 949 2223 987 mur.
2265 933 2734 1005 Quemadmodum
2761 935 2904 988 enim
2936 934 3299 1006 delinquentis
3336 931 3506 988 Judaei
3545 933 3652 987 eir-

2083 1024 2345 1078 cumcisio
2375 1025 2429 1078 in
2458 1026 2780 1096 prteputium
2807 1023 3164 1096 reputabitur,
3196 1033 3248 1079 et
3269 1024 3470 1079 ethnici
3505 1031 3652 1078 recte

2083 1114 2333 1168 facientis
2385 1115 2706 1189 praeputium
2753 1115 2806 1169 in
2854 1114 3437 1181 circumcisionem”;
3485 1114 3565 1169 sic
3595 1123 3652 1170 et

2081 1217 2203 1270 quae
2240 1217 2378 1272 pura
2410 1203 2814 1270 existimantur,
2847 1219 2944 1272 pro
2975 1203 3205 1273 impuris
3239 1205 3653 1272 imputabuntur

2081 1291 2152 1356 ei,
2180 1292 2271 1360 qui
2306 1307 2404 1346 nec
2435 1293 2686 1347 decenter
2712 1292 2800 1358 iis,
2833 1308 3009 1364 neque
3037 1293 3255 1364 quando
3292 1303 3523 1368 Oportet,
3555 1311 3654 1350 ne—

2081 1397 2187 1451 que
2217 1381 2359 1436 unde
2396 1392 2626 1456 oportet,
2671 1383 2865 1449 utitur;
2907 1399 3029 1454 quae
3075 1396 3254 1440 autem
3309 1385 3520 1456 impura
3563 1387 3650 1441 di-

2081 1485 2300 1536 cuntur,
2337 1494 2355 1526 ι
2385 1477 2567 1531 omnia
2601 1479 2737 1532 (lunt
2768 1477 2967 1534 munda
2997 1479 3214 1533 mundis
3241 1495 3254 1532 :
3282 1477 3653 1548 coinquinatis

2079 1566 2224 1620 enim
2259 1574 2314 1620 et
2346 1567 2655 1625 inﬁdelibus
2687 1568 2822 1624 nihil
2851 1578 2933 1624 est
2964 1569 3250 1633 mundum,
3283 1569 3542 1640 quoniam
3569 1569 3650 1624 in-v

2080 1659 2317 1728 quinatae
2346 1668 2472 1727 sunt
2499 1675 2689 1714 eorum
2723 1670 2775 1714 et
2797 1674 2951 1714 mens
2999 1670 3052 1714 et
3080 1662 3409 1715 conscientia
3429 1661 3512 1728 5";
3551 1680 3570 1729 ι
3600 1675 3654 1722 et

2081 1750 2197 1804 haec
2224 1750 2429 1820 polluta
2466 1767 2590 1805 cum
2619 1759 2768 1817 sunt,
2793 1750 2977 1805 omnia
3003 1751 3213 1820 impura
3239 1751 3474 1806 cilicium
3501 1767 3652 1822 qua:~

2082 1857 2296 1911 cunque
2322 1841 2596 1914 attigerint
2623 1861 2637 1896 :
2663 1841 3117 1913 quemadmodum
3153 1858 3345 1898 rursus
3372 1859 3402 1898 e
3433 1854 3652 1897 contra-

2081 1932 2163 1987 rio
2194 1948 2332 2002 pura
2364 1949 2520 2010 mens
2562 1942 2616 1988 et
2659 1949 2795 2004 pura
2823 1931 3154 1988 conscientia
3186 1948 3322 2002 pura
3350 1934 3534 1987 omnia
3569 1933 3650 1988 fat~

2079 2026 2249 2092 ciunt,
2280 2027 2493 2083 etiamsi
2520 2026 2733 2097 impura
2759 2041 2879 2083 esse
2904 2026 3216 2092 videantur;
3245 2041 3343 2079 nec
3371 2026 3512 2083 enim
3540 2041 3651 2098 prae

2079 2118 2303 2173 lascivia
2346 2119 2430 2173 vel
2473 2119 2651 2174 studio
2697 2117 3011 2189 voluptatis,
3043 2131 3220 2190 neque
3256 2132 3380 2178 cum
3428 2118 3648 2179 dubita.

2081 2211 2229 2266 tione
2260 2211 2316 2266 in
2357 2220 2646 2282 utramque
2678 2221 2886 2282 partem
2930 2211 3201 2276 trahente,
3249 2219 3476 2265 utuntur
3512 2211 3645 2282 justi

2079 2302 2202 2358 cibo
2240 2310 2295 2357 et
2323 2311 2477 2373 potu,
2507 2319 2778 2362 memores
2818 2303 2946 2360 dicti
2989 2303 3133 2360 illius
3160 2304 3205 2336 ⁵⁸
3234 2322 3246 2357 :
3283 2321 3302 2355 ‹
3343 2302 3466 2358 Sive
3492 2319 3650 2358 man-v

2079 2395 2312 2460 ducatis,
2338 2394 2451 2450 sive
2476 2395 2684 2460 bibitis,
2712 2394 2826 2449 sive
2857 2395 2986 2465 quid
3017 2393 3216 2460 facitis,
3243 2394 3426 2450 omnia
3456 2395 3509 2449 in
3533 2395 3650 2467 gloo

2081 2487 2216 2542 riam
2258 2487 2351 2543 Dei
2385 2486 2564 2545 facite.
2608 2507 2628 2542 ι
2678 2487 2832 2561 Quod
2863 2487 2908 2543 si
2939 2487 3254 2559 designandi
3297 2497 3426 2543 sunt
3472 2489 3509 2542 ii
3551 2489 3648 2558 qui

2074 2579 2230 2650 juxta
2268 2578 2625 2650 Evangelium
2655 2579 2854 2649 impuri
2889 2587 3018 2634 sunt
3047 2579 3181 2647 cibi,
3217 2580 3463 2638 dicemus
3513 2583 3648 2640 tales

2079 2687 2201 2727 esse
2239 2659 2362 2727 illos
2395 2672 2487 2744 qui
2511 2671 2579 2726 ab
2605 2671 2832 2730 avaritia
2861 2671 3366 2740 subministrantur,
3396 2680 3450 2728 et
3475 2675 3648 2745 turpis

2078 2763 2214 2818 lucri
2245 2764 2426 2819 studio
2464 2772 2868 2833 comparantur,
2892 2771 2946 2819 et
2970 2780 3079 2834 pro:
3105 2766 3384 2839 voluptate
3415 2781 3648 2822 sumun-

2079 2865 2189 2923 tur,
2243 2863 2297 2911 et
2329 2856 2532 2911 idcirco
2580 2856 2726 2930 quod
2756 2857 3080 2912 honoratum
3128 2867 3368 2917 ventrem
3403 2873 3502 2933 pro
3535 2857 3649 2916 Dco

2079 2949 2410 3016 habeamus;
2437 2949 2655 3019 quando
2681 2948 2930 3004 videlicet
2953 2950 3090 3022 ipse,
3107 2945 3340 3021 ejusqué
3356 2951 3649 3024 appetitus,

2081 3056 2189 3095 non
2217 3039 2376 3106 ratio,
2405 3040 2602 3095 animae
2631 3049 2831 3097 nostrae
2864 3040 3234 3097 dominantur.
3267 3041 3374 3098 Sed
3403 3052 3459 3099 et
3481 3043 3653 3100 scien-

409 3126 532 3181 σθαί
554 3144 694 3194 τινα,
723 3127 754 3204 ἢ
782 3129 854 3200 μὴ
881 3128 1238 3202 γινώσκοντες
1263 3133 1383 3204 μὲν,
1413 3132 1762 3209 ὑπονοοῦντες
1781 3133 1858 3199 δὲ,
1886 3135 1977 3187 καὶ

2084 3143 2161 3188 tes
2187 3131 2473 3188 daemoniis
2507 3147 2666 3188 usum
2699 3132 2936 3204 aliquem
2962 3131 3150 3199 fuisse,
3184 3134 3268 3189 vel
3300 3150 3409 3191 non
3447 3150 3651 3210 cogno-

406 3219 800 3294 διακρινόμενοι
832 3225 958 3294 περὶ
987 3224 1195 3289 τούτου,
1225 3227 1272 3279 εἰ
1299 3226 1645 3297 χρησαίμεθα
1671 3229 1783 3291 τοῖς
1808 3228 1981 3280 τοιού-

406 3329 538 3378 τοις,
578 3315 677 3374 ούκ
711 3315 790 3378 είς
827 3314 982 3382 δόξαν
1014 3315 1149 3370 Θεοῦ
1191 3306 1372 3382 αὐτοῖς
1405 3318 1738 3391 κεχρήμεθα,
1770 3319 1890 3373 οὐδὲ
1921 3319 1977 3372 ἐν

408 3405 628 3475 ὀνόματι
659 3405 917 3476 Χριστοῦ,
953 3408 1014 3460 ού
1052 3408 1210 3480 μόνον
1241 3408 1342 3479 τῆς
1376 3409 1505 3482 περί
1544 3413 1635 3466 τοῦ
1657 3411 1980 3471 εἰδωλόθυτα

409 3491 547 3551 εἶναι
588 3497 904 3570 ὑπολήψεως
947 3500 1377 3572 κατακρινούσης
1413 3502 1504 3554 τὺν
1541 3502 1808 3567 ἐσθίοντα,
1841 3505 1977 3564 ἀλλὰ

408 3589 502 3645 καὶ
535 3589 634 3660 τῆς
667 3591 794 3662 περί
819 3588 1005 3642 τούτου
1033 3589 1355 3660 διακρίσεως
1374 3609 1387 3621 ·
1424 3611 1442 3642 ι
1487 3593 1545 3646 '0
1576 3593 1684 3670 γὰρ
1708 3595 1980 3668 διακρινό-

411 3697 589 3753 μενος,
630 3682 770 3735 me
799 3683 888 3740 τὸν
921 3682 1273 3748 Ἅπόστολον,
1313 3684 1405 3737 ἐὰν
1446 3684 1614 3762 φάγῃ,
1645 3689 1975 3768 κατακέκριμ

406 3789 516 3839 ται,
544 3773 626 3829 ὅτι
660 3774 761 3833 οὐκ
796 3774 862 3826 ὲκ
901 3773 1161 3838 πίστεως·
1202 3775 1310 3826 πᾶν
1351 3775 1407 3833 δὲ
1440 3775 1468 3828 6
1497 3776 1596 3829 οὐκ
1624 3777 1688 3830 ἐκ
1721 3779 1973 3845 πίστεως,

407 3867 649 3936 ἁμαρτία
675 3864 841 3923 ἐστίν.
879 3885 897 3917 ι
938 3864 1032 3919 Ἐκ
1062 3866 1292 3930 πίστεως
1324 3868 1423 3938 μὲν
1448 3863 1540 3924 οὖν
1565 3869 1733 3923 ἐσθίει
1759 3873 1786 3926 ό
1818 3890 1977 3930 πεπιν-

409 3958 647 4023 στευκὼς
676 3958 748 4031 μὴ
790 3960 846 4011 ἐν
867 3959 1160 4026 ,εἰδωλείοις
1187 3959 1296 4030 (27)
1335 3961 1590 4019 τεθύσθαι
1621 3963 1681 4015 τὸ
1725 3964 1976 4037 ἐσθιόμε-

407 4067 515 4115 νον,
541 4051 675 4124 μηδὲ
697 4051 915 4106 πνικτὸν
935 4051 1066 4105 αὐτὸ
1087 4047 1243 4115 εἶναι,
1269 4052 1301 4125 ἢ
1331 4049 1470 4124 αἷμα
1492 4071 1504 4085 ·
1529 4055 1626 4112 οὐκ
1655 4056 1719 4108 ἐκ
1744 4055 1976 4121 πίστεως

404 4143 462 4196 δὲ
489 4146 517 4196 6
545 4144 672 4214 περὶ
696 4144 900 4197 τούτων
929 4145 1072 4209 τινος
1101 4144 1510 4216 διακρινόμενος
1529 4163 1542 4177 ⁸
1590 4148 1683 4205 καὶ
1722 4150 1975 4213 κοινωνὸς

403 4234 460 4288 δὲ
488 4234 596 4288 τῶν
633 4235 921 4307 δαιμονίων
965 4235 1169 4308 γίνεται
1211 4236 1239 4289 6
1277 4237 1369 4290 καὶ
1399 4237 1537 4298 αὐτὰ
1585 4237 1742 4304 εἰδὼς
1785 4239 1975 4310 δαιμο-

405 4330 537 4395 νίοις
571 4329 848 4396 τεθύσθαι,
877 4331 971 4386 καὶ
1009 4331 1160 4389 οὐδὲν
1194 4327 1354 4408 ἦττον
1390 4333 1670 4407 χρώμενος
1703 4333 1839 4406 μετὰ
1882 4353 1976 4408 με..

407 4422 748 4493 μολυσμένης
779 4421 876 4492 τῆς
908 4423 1034 4495 περί
1067 4421 1172 4477 τῶν
1215 4422 1502 4493 δαιμονίων
1533 4427 1974 4500 κοινωνησάντων

401 4514 478 4584 τῷ
503 4515 700 4585 θύματι
725 4514 1046 4582 φαντασίας.
1075 4514 1183 4570 Kal.
1213 4516 1242 4572 6
1283 4513 1600 4580 Ἀπόστολος
1633 4517 1817 4589 μέντοι
1850 4521 1972 4574 ἐπι-

405 4607 666 4676 στάμενος
699 4606 773 4676 μὴ
806 4605 903 4675 τὴν
938 4603 1097 4672 φύσιν
1124 4604 1229 4658 τῶν
1277 4604 1577 4679 βρωμάτων
1618 4607 1796 4661 αἰτίαν
1835 4604 1974 4663 εἶναι
2024 4669 2035 4679 ,

405 4696 608 4768 βλάϐης
656 4696 734 4768 τῷ
773 4696 1070 4770 χρωμένῳ,
1116 4696 1149 4767 ἢ
1194 4697 1459 4767 ὠφελείας
1504 4699 1582 4770 τῷ
1627 4701 1970 4774 ἀπεχομένῳ,

404 4789 538 4847 ἀλλὰ
574 4790 642 4847 τὰ
679 4788 922 4864 δόγματα
957 4789 1052 4846 καὶ
1079 4789 1170 4842 τὸν
1208 4791 1577 4862 ἐνυπάρχοντα
1607 4791 1784 4862 λόγον,
1816 4791 1936 4849 εἶπε
1955 4814 1969 4827 ο

407 4899 428 4931 ι
466 4879 671 4952 Βρῶμα
708 4879 764 4932 δὲ
795 4881 942 4952 ἡμᾶς
975 4879 1036 4933 οὐ
1071 4880 1367 4952 παρίστησι
1404 4880 1480 4950 τῷ
1515 4881 1633 4952 Θεῷ
1655 4899 1670 4913 ·
1703 4883 1826 4937 οὔτε
1862 4886 1972 4958 γὰρ

399 4972 494 5026 ἐὰν
515 4972 795 5042 φάγωμεν,
827 4970 1282 5043 περισσευόμεθα,
1311 4969 1433 5024 οὗτε
1459 4971 1554 5025 ἐὰν
1584 4974 1656 5045 μὴ
1686 4977 1968 5049 φάγωμεν,

399 5062 784 5135 ὑστερούμεθα.
819 5082 837 5113 ι
876 5064 985 5122 Καὶ
1019 5062 1248 5132 ἐπείπερ
1285 5062 1554 5130 ἠπίστατο
1587 5066 1710 5130 τοὺς
1735 5069 1968 5138 μεγαλο-

399 5153 690 5226 φυέστερον
721 5153 973 5223 νοοῦντας
997 5153 1139 5208 κατὰ
1166 5153 1257 5206 τὸν
1291 5151 1456 5224 νόμον
1482 5153 1604 5209 τίνα
1633 5157 1700 5210 τὰ
1732 5159 1967 5231 καθαρὰ,

397 5244 491 5297 καὶ
533 5244 654 5297 τίνα
700 5243 769 5296 τὰ
816 5243 1120 5314 ἀκάθαρτα,
1155 5241 1494 5305 ἀποστάντας
1543 5243 1642 5314 τῆς
1690 5249 1817 5318 περὶ
1872 5251 1967 5304 τοῦ

398 5333 630 5406 χρῆσθαι
669 5334 744 5398 ὡς
769 5332 1047 5405 καθαροῖς,
1082 5333 1176 5390 και
1209 5331 1538 5402 ἀκαθάρτοις
1565 5333 1847 5409 διαφορᾶς,
1875 5345 1969 5403 καὶ

2083 3238 2296 3280 scentes
2340 3224 2584 3296 quidem,
2636 3225 2976 3300 suspicantes
3022 3234 3223 3292 autem,
3282 3235 3336 3287 et
3385 3242 3451 3283 ea
3490 3228 3557 3283 de
3588 3243 3650 3288 re

2081 3315 2413 3381 dubitantes,
2449 3315 2496 3371 si
2530 3315 2729 3371 talibus
2762 3322 3001 3382 utamur,
3043 3332 3152 3373 non
3190 3317 3258 3378 ad
3299 3317 3394 3376 Dei
3421 3318 3650 3391 gloriam

2080 3407 2186 3462 illis
2214 3407 2298 3462 usi
2330 3422 2542 3473 sumus,
2571 3404 2743 3477 neque
2778 3406 2832 3466 in
2871 3407 3091 3466 nomine
3118 3406 3342 3474 Christi,
3372 3424 3495 3464 eum
3538 3423 3650 3465 non

2080 3500 2198 3570 ipsa
2248 3500 2424 3558 solum
2475 3501 2715 3573 suSpicio
2750 3502 2903 3557 cibos
2954 3501 3113 3556 idolis
3160 3501 3468 3558 immolatos
3501 3517 3647 3565 esse,

2079 3591 2452 3648 conludentem
2487 3593 2832 3662 condemnet,
2856 3592 2949 3648 sed
2989 3601 3041 3647 et
3069 3593 3135 3648 de
3164 3607 3225 3648 ea
3259 3608 3317 3649 re
3344 3593 3646 3664 dubitatio;

2084 3703 2104 3736 ι
2138 3683 2231 3753 qui
2264 3684 2408 3738 enim
2443 3683 2676 3751 dubitat,
2705 3684 2860 3755 juxta
2894 3685 3208 3756 Apostolnm
3235 3685 3301 3752 ⁵⁸,
3331 3685 3378 3740 si
3417 3684 3648 3746 manda.

2078 3774 2304 3840 caverit,
2332 3775 2622 3829 damnatus
2653 3787 2755 3841 est,
2788 3775 2916 3846 quia
2947 3790 3055 3830 non
3083 3763 3150 3830 ex
3195 3774 3332 3841 ﬁde;
3364 3790 3524 3836 omne
3553 3791 3651 3830 au.-

2077 3878 2184 3922 tem
2213 3865 2358 3936 quod
2391 3881 2498 3921 non
2545 3881 2611 3921 ex
2654 3865 2777 3934 (ide,
2803 3877 3087 3938 peceatum
3119 3875 3220 3922 est.
3261 3887 3280 3919 ι
3307 3866 3388 3922 Ex
3423 3866 3525 3922 [ide
3549 3882 3649 3921 au-

2078 3967 2185 4013 tem
2220 3959 2513 4014 manducet
2560 3957 2606 4013 is
2653 3959 2746 4029 qui
2783 3959 2954 4018 credit
3003 3959 3058 4013 in
3109 3959 3377 4018 idolorum
3437 3961 3652 4032 templis

2078 4051 2417 4106 immolatum
2447 4067 2556 4106 non
2579 4065 2699 4106 esse
2729 4051 2780 4106 id
2812 4051 2957 4124 quod
2986 4053 3309 4122 comeditur,
3344 4070 3444 4110 nec
3477 4054 3651 4110 suffo-

2076 4151 2259 4197 catum
2296 4141 2427 4195 illud
2453 4156 2596 4206 esse,
2627 4155 2724 4196 nec
2747 4141 3103 4211 sanguinem;
3128 4158 3233 4198 non
3270 4159 3331 4198 ex
3363 4144 3465 4199 tlde
3494 4159 3647 4208 vero,

2076 4234 2170 4304 qui
2207 4234 2272 4289 de
2303 4233 2486 4304 aliquo
2525 4248 2716 4289 eorum
2755 4233 2987 4297 dubitat,
3030 4243 3085 4288 et
3120 4234 3390 4304 particeps
3427 4234 3650 4312 quidem

2075 4327 2472 4383 daemoniorum
2516 4327 2594 4390 ﬁt,
2630 4325 2724 4396 qui
2773 4325 2861 4380 illa
2893 4325 3178 4383 daemoniis
3219 4326 3496 4386 immolata
3528 4340 3652 4385 esse

2079 4419 2248 4484 novit,
2295 4419 2470 4489 iisque
2505 4418 2859 4473 nihilominus
2901 4426 3081 4473 tamen
3118 4418 3310 4484 utitur,
3361 4433 3486 4478 eum
3531 4419 3652 4488 pol--

2077 4512 2188 4567 luta
2221 4510 2607 4582 imaginatione
2628 4509 2694 4564 de
2718 4509 3056 4564 daemonibus
3082 4509 3409 4567 sacrificium
3438 4511 3658 4580 partici-

2076 4602 2354 4674 pantibus.
2397 4599 2463 4656 Et
2493 4600 2786 4670 Apostolus
2814 4600 3036 4670 quidem
3081 4601 3260 4662 sciens
3287 4612 3537 4656 naturam
3573 4602 3653 4656 ci—

2077 4699 2272 4750 borum
2303 4693 2506 4748 nullius
2527 4691 2838 4746 detrimenti
2865 4705 3088 4751 causam
3117 4707 3238 4747 esse
3263 4692 3312 4751 ei
3336 4693 3430 4768 qui
3458 4693 3648 4760 utitur,

2076 4803 2178 4842 nec
2213 4783 2569 4840 emolumenti
2604 4782 2654 4837 ei
2686 4781 2779 4858 qui
2822 4781 3077 4847 abstinet,
3125 4781 3220 4836 sed
3253 4781 3559 4850 opiniones,
3596 4791 3654 4836 et

2075 4895 2196 4935 eam
2227 4893 2349 4949 qua:
2377 4876 2488 4930 illis
2516 4874 2656 4931 inest
2683 4873 2971 4942 rationem,
3003 4875 3140 4930 dixit
3162 4875 3206 4906 ⁸⁷
3230 4891 3244 4928 ;
3268 4892 3287 4926 ‹
3309 4873 3442 4929 Esca
3467 4881 3650 4929 autem

2081 4989 2181 5027 nos
2209 4985 2314 5026 non
2349 4968 2696 5024 commendat
2728 4967 2856 5032 Deo,
2883 4982 3060 5038 neque
3091 4967 3234 5022 enim
3271 4967 3318 5022 si
3348 4968 3651 5023 manduca-

2078 5064 2342 5127 vei-imus,
2385 5062 2820 5128 abundabimus;
2867 5075 3042 5131 neque
3079 5059 3126 5115 si
3160 5059 3327 5132 496
3355 5075 3464 5114 non
3495 5076 3655 5114 mth

2078 5153 2480 5218 dncaverlmus,
2515 5136 2850 5208 deﬁciemus.
2889 5169 2909 5202 ι
2943 5149 3008 5205 Et
3029 5153 3290 5218 quoniam
3325 5151 3531 5205 sciebat
3555 5164 3651 5211 eos

2077 5247 2170 5317 qui
2205 5245 2493 5300 sublimius
2529 5243 2839 5313 intelligunt
2856 5242 3011 5313 juxta
3035 5243 3205 5313 legem
3239 5256 3484 5310 quamam
3510 5255 3648 5309 pura

2075 5339 2185 5396 sint
2216 5345 2270 5392 et
2303 5349 2554 5406 quaenam
2599 5333 2834 5409 impura,
2875 5332 3227 5392 abhorrentes
3269 5345 3300 5391 a
3334 5329 3648 5391 discrimina

460 5491 506 5523 ⁸³
529 5490 690 5546 Rom.
715 5506 776 5554 ιι,
807 5489 862 5543 6.
905 5489 960 5558 ,⁸³
989 5489 1095 5544 Tit.
1127 5506 1166 5555 ι,
1200 5488 1286 5543 15.
1339 5489 1385 5519 ³⁵
1411 5484 1578 5542 ICor.
1615 5506 1669 5556 Χ,
1696 5492 1784 5546 51,
1863 5495 1910 5527 ³⁸
1943 5497 1977 5551 Η

2089 5544 2100 5554 .
2136 5495 2244 5567 xw,
2276 5499 2366 5552 ‘25.
2447 5497 2489 5526 ⁸⁷
2517 5493 2535 5546 Ι
2565 5492 2692 5547 Cor.
2728 5507 2848 5557 vm,
2885 5491 2938 5546 8.

467 5634 579 5705 (26)
618 5629 784 5705 ἰῌηδὲ
816 5629 966 5683 ὅσον
992 5629 1098 5684 δεῖ.
1144 5627 1267 5682 llzcc
1303 5624 1684 5682 desiderantur
1710 5629 1764 5684 in
1800 5633 1963 5689 unico

397 5702 584 5762 codice
618 5702 794 5754 Helm.

468 5773 580 5844 (27)
616 5769 968 5833 Ειδωλείοις.
1021 5767 1109 5821 Sic
1153 5765 1353 5837 optime
1387 5765 1541 5820 codd.
1583 5765 1876 5830 Vaticanus
1907 5781 1959 5836 et

2073 5636 2419 5691 aninianus.
2472 5629 2674 5700 Reg-ius
2712 5640 2854 5700 vero
2883 5635 2937 5680 et
2967 5623 3316 5700 Holmiensis,
3360 5619 3641 5692 εἰδωλίοις,

2071 5710 2338 5762 (Iuste-rum
2375 5703 2492 5757 vide
2519 5692 2639 5756 A'ct.
2676 5713 2766 5768 xv,
2791 5696 2882 5765 20,
2915 5704 2970 5751 et
3002 5709 3114 5759 ut,
3145 5692 3237 5753 25.
