4100 6420
411 378 517 446 eis

1902 379 2225 437 ORIGENIS

3569 383 3674 438 9-“

415 510 466 563 in
490 504 695 563 utendo
719 513 780 563 ut
810 503 979 574 puris,
1005 510 1059 557 et
1081 502 1331 572 impuris,
1357 509 1410 556 ct
1437 499 1843 570 superstitione,
1865 497 1991 567 opi-

2099 497 2533 570 δεισιδαιμονῖας,
2570 494 2742 571 οἶμαι,
2777 502 2833 554 ὲν
2874 499 3149 571 διαφόροις
3193 496 3525 570 ὲνδιαφορεῖν
3560 497 3676 570 (28)

417 618 541 670 nor,
572 600 717 657 circa
749 597 1060 654 dillerentcs
1093 596 1265 661 cibos,
1292 594 1359 651 iis
1380 590 1862 649 indiscrimlnatim
1888 589 1990 657 uti,

415 704 806 766 proptereaque
831 708 860 746 a
889 688 1091 747 ludatis
1116 698 1372 759 tanquam
1397 687 1531 758 legis
1562 692 1994 756 transgre’ssores

413 785 687 853 damnari,
723 781 927 840 idcirco
959 782 1097 838 dixit
1129 780 1394 837 alicubi"
1422 799 1434 833 :
1479 796 1497 831 ι
1524 774 1697 834 Nemo
1733 792 1862 850 ergo
1895 792 1994 833 nos

407 878 616 949 judicet
656 875 713 933 in
753 877 898 946 cibo,
947 883 1042 931 aut
1074 876 1129 930 in
1163 885 1314 945 potu,
1352 891 1373 924 ι
1421 882 1475 927 οι
1508 885 1631 941 quae
1662 877 1990 941 sequuntur,

412 975 618 1029 docens
661 984 764 1025 nos
804 984 868 1023 ea
914 982 1037 1038 quae
1077 972 1207 1021 sunt
1243 960 1399 1036 juxta
1440 963 1701 1027 litteram,
1744 962 1991 1017 umbram

410 1082 564 1133 esse;
600 1077 758 1118 veros
788 1069 971 1116 autem
1003 1056 1139 1128 legis
1173 1070 1370 1112 sensus
1401 1053 1495 1126 qui
1525 1055 1581 1109 in
1610 1055 1679 1109 iis
1709 1051 1993 1109 continen-

410 1175 519 1225 tur,
543 1146 728 1213 futu'ra
758 1169 879 1210 esse
900 1150 1068 1219 bona,
1096 1149 1151 1204 in
1179 1149 1380 1219 quibus
1405 1147 1642 1217 reperire
1662 1155 1745 1202 est
1767 1146 1990 1217 quinam

410 1252 521 1307 sint
547 1247 671 1320 puri
705 1246 903 1302 anima:
936 1238 1250 1314 spirituales
1287 1240 1417 1304 cibi,
1453 1247 1507 1295 et
1537 1238 1760 1309 quinam
1792 1237 1992 1307 impuri

412 1345 466 1396 in
518 1336 870 1396 sermonibus
917 1332 1109 1396 falsis,
1166 1329 1687 1395 contradicentibus,
1736 1326 1993 1383 laedentes

411 1446 537 1486 eum
568 1429 663 1499 qui
694 1427 762 1482 iis
786 1424 1086 1480 innutritus
1109 1431 1223 1477 est:
1256 1441 1274 1474 ι
1300 1418 1560 1475 Umbram
1585 1418 1732 1475 enim
1759 1416 1997 1473 habebat

406 1525 496 1583 lex
530 1521 841 1575 futurorum
878 1514 1228 1572 bonorum”.
1273 1534 1291 1565 ι
1850 1512 1865 1523 ’

484 1617 574 1672 l5.
616 1611 1081 1681 Quemadmodum
1116 1618 1295 1663 autem
1338 1605 1393 1661 in
1429 1602 1617 1661 multis
1649 1603 1996 1660 animadver-

415 1710 636 1765 tendum
666 1715 748 1762 est
772 1705 825 1761 id
850 1702 994 1775 quod
1021 1702 1073 1757 in
1108 1700 1417 1756 Servatoris
1444 1696 1791 1755 sermonibus
1819 1692 1995 1751 admi-

413 1802 676 1857 rabantur
699 1796 890 1863 Judaei,
922 1793 1067 1864 quod
1119 1807 1313 1863 nempe
1359 1793 1413 1845 in
1463 1797 1732 1862 potestate
1779 1784 1993 1858 profer-

414 1901 621 1958 rentur,
648 1890 729 1946 sic
754 1896 809 1944 et
850 1886 905 1941 in
940 1886 1026 1941 his
1071 1882 1165 1954 qui
1209 1881 1481 1938 habentur
1518 1880 1625 1935 hoc
1666 1879 1809 1934 loco.
1853 1874 1991 1932 Cum

410 1984 734 2039 advocasset
760 1977 925 2048 igitur
950 1974 1195 2040 turbam,
1244 1971 1383 2029 dixit
1407 1971 1517 2026 illis
1538 1971 1583 2003 ‘°
1610 1988 1625 2026 :
1668 1988 1689 2021 ι
1718 1967 1914 2024 Audite
1942 1977 1997 2023 et

413 2072 718 2144 intelligite,
750 2090 770 2124 δ
819 2078 875 2125 et
924 2083 1046 2139 quae
1088 2074 1218 2122 sunt
1261 2063 1553 2134 deinceps;
1588 2068 1644 2118 et
1675 2058 1812 2117 illud
1836 2058 1992 2125 dixit,

413 2183 538 2222 cum
588 2163 992 2219 ollenderentur
1036 2153 1298 2212 Pharisaei
1341 2155 1448 2211 hoc
1489 2168 1764 2220 sermone,
1807 2159 1994 2222 utpote

414 2257 509 2327 qui
552 2262 782 2326 ‘proptcr
828 2267 1027 2323 pravas
1060 2247 1360 2307 sententias
1392 2256 1447 2303 et
1483 2260 1705 2317 pravam
1739 2240 1875 2315 legis
1903 2257 1994 2297 ac-

414 2348 722 2420 ceptionem
773 2360 886 2400 non
935 2350 1119 2399 essent
1159 2339 1426 2411 plantatio
1468 2334 1651 2393 Patris
1683 2335 1769 2394 sui
1804 2334 1899 2407 qui
1937 2334 1992 2389 in

416 2440 570 2497 oretis
597 2446 702 2504 est,
731 2445 786 2493 et
817 2436 939 2493 ideo
970 2434 1379 2491 cradicarcntur
1400 2431 1482 2498 ⁶¹;
1513 2429 1715 2501 quippe
1734 2426 1991 2485 eradicati

415 2543 563 2600 sunt,
605 2529 748 2602 quod
784 2544 894 2586 non
936 2525 1241 2597 receperint
1269 2523 1541 2580 excultam
1582 2537 1613 2577 a
1642 2516 1802 2576 Patre
1829 2520 1991 2575 vitem

414 2640 599 2682 veram
645 2618 833 2678 Jesum
882 2617 1185 2674 Christum.
1236 2612 1524 2683 Quomodo
1565 2614 1712 2667 enim
1744 2619 1995 2683 poterant

413 2727 538 2773 esse
565 2711 831 2786 plantatio
861 2706 1041 2764 Patris
1074 2706 1112 2762 ii
1137 2706 1233 2778 qui
1266 2701 1683 2761 oll'endebantur
1710 2701 1837 2757 Jesu
1876 2715 1995 2756 ser-

416 2808 672 2864 monibus
710 2801 1082 2859 avertentibus
1141 2799 1361 2871 quidem
1417 2796 1487 2853 ab
1541 2812 1652 2853 eo:
1695 2815 1714 2849 ι
1753 2793 1832 2851 Ne
1871 2794 1966 2851 teti

414 2899 592 2970 geris,
630 2908 809 2966 neque
845 2890 1115 2966 gustaris,
1159 2904 1338 2960 neque
1389 2887 1834 2950 contrectaveris,
1873 2902 1997 2958 quae

417 2996 547 3043 sunt
569 2985 753 3042 omnia
775 2983 831 3039 in
856 2982 1134 3038 interitum
1158 2980 1278 3050 ipso
1303 2979 1501 3048 abusu,
1524 2978 1827 3037 secundum
1857 2993 1997 3049 pra:-

417 3088 572 3153 cepta
613 3087 668 3133 ct
698 3075 975 3133 doctrinas
1001 3071 1297 3142 hominum
1318 3070 1397 3139 ⁶²ς
1442 3070 1843 3128 deducentibus
1866 3084 1996 3125 vero

2095 591 2162 660 τῇ
2210 589 2404 661 χρήσει
2432 588 2541 643 τῶν
2578 590 2905 662 βρωμάτων,
2939 592 3034 645 καὶ
3073 590 3162 643 διὰ
3205 588 3362 643 τοῦτο
3404 588 3512 643 ὑπὸ
3547 589 3676 642 ἰου-

2094 681 2257 736 δαίων
2291 681 2367 748 ὡς
2390 684 2739 756 παρανόμους
2768 683 3070 756 κρίνεσθαι,
3095 681 3182 736 διὰ
3207 681 3366 736 τοῦτο
3392 679 3514 735 εἶπέ
3542 697 3643 734 που
3660 698 3673 712 ·

2101 792 2119 825 ι
2157 772 2249 845 Μὴ
2280 769 2373 828 οὗν
2402 775 2636 847 κρινέτω
2664 793 2747 839 τις
2778 774 2926 846 ἡμᾶς
2955 776 3011 828 ὲν
3042 774 3264 846 βρώσει,
3293 774 3327 846 ἢ
3359 773 3417 826 ὲν
3448 773 3626 840 πόσει,
3652 790 3675 826 ι

2095 867 2190 921 xui.
2225 865 2295 919 τά
2333 864 2481 936 ἑξῆς,
2533 865 2818 923 διδάσκων.
2845 866 3013 937 ἡμᾶς,
3058 866 3140 919 ὅτι
3184 864 3255 919 τά
3294 864 3391 935 μὲν
3436 862 3579 918 κατὰ
3617 862 3680 917 τὸ

2094 960 2328 1033 γράμμα
2363 958 2492 1014 σκιά
2528 959 2666 1026 ἐστι,
2689 956 2760 1011 τὰ
2790 956 2835 1011 δ’
2873 955 3049 1029 άληθῆ
3076 954 3171 1010 τοῦ
3198 957 3363 1028 νόμου
3394 955 3679 1011 ἐναποκει-

2099 1064 2237 1120 μενα
2266 1046 2477 1117 τούτοις
2515 1050 2762 1120 νοήματα
2804 1046 3067 1119 μέλλοντά
3102 1047 3253 1100 ἐστιν
3278 1044 3478 1116 ἀγαθά,
3514 1048 3570 1100 ὲν
3597 1040 3680 1111 οἷς

2096 1139 2242 1195 ἐστιν
2268 1139 2447 1212 εὑρεῖν
2476 1140 2597 1193 τίνα
2635 1138 2705 1193 τὰ
2735 1137 2951 1210 καθαρὰ
2973 1141 3073 1212 τῆς
3112 1138 3291 1209 ψυχῆς
3334 1140 3682 1210 πνευματικὰ
3794 1134 3801 1141 ’

2096 1228 2380 1302 βρώματα,
2413 1231 2508 1285 καὶ
2549 1230 2671 1285 τίνα
2707 1221 2777 1286 τὰ
2813 1230 3099 1303 ἀκάθαρτα
3129 1232 3187 1285 ὲν
3222 1229 3399 1299 λόγοις
3436 1228 3678 1299 ψευδέσι,

2096 1320 2192 1375 καὶ
2222 1318 2505 1384 ἐναντίοις,
2534 1317 2843 1391 βλάπτοντα
2878 1319 2969 1373 τὸν
3002 1319 3336 1390 τρεφόμενον
3371 1319 3430 1372 ὲν
3461 1316 3678 1380 αύτοῖςο

2102 1429 2122 1464 ι
2167 1408 2335 1465 Σκιὰν
2386 1410 2498 1483 γὰρ
2549 1405 2697 1484 εἶχεν
2747 1413 2777 1466 δ
2823 1412 2986 1484 νόμος
3032 1411 3143 1465 τῶν
3194 1410 3493 1484 μελλόντων
3543 1409 3682 1479 ἀγα-

2098 1500 2228 1557 θῶν.
2277 1522 2297 1556 ι

2169 1594 2382 1667 Ὥσπερ
2410 1595 2466 1649 δὲ
2502 1594 2561 1651 ὲν
2598 1593 2813 1661 πολλοῖς
2849 1594 3214 1668 κατανοητέον
3241 1593 3304 1648 τὸ
3335 1591 3683 1666 θαυμαζόμει

2099 1705 2188 1742 νον
2219 1688 2370 1762 παρὰ
2405 1687 2682 1754 Ἰουδαίοις
2703 1690 2796 1743 ἐπὶ
2816 1691 2930 1754 τοῖς
2956 1688 3050 1743 τοῦ
3085 1688 3337 1761 Σωτῆρος
3366 1687 3573 1757 λόγοις,
3599 1687 3684 1742 ὅτι

2100 1779 2173 1833 ἐν’
2192 1779 2408 1853 ἐξουσίᾳ
2438 1781 2708 1851 ἐλέγοντο,
2733 1781 2906 1847 οὕτως
2935 1781 3029 1835 καὶ
3059 1779 3150 1834 ἐπὶ
3172 1780 3279 1834 τῶν
3313 1780 3454 1835 κατά
3478 1780 3569 1833 τὸν
3595 1778 3684 1833 τό-

2099 1885 2223 1929 πον.
2240 1871 2349 1925 Τὸν
2375 1872 2530 1944 δχλον
2550 1872 2679 1943 γοῦν
2715 1872 3252 1946 προσκαλεσάμενος,
3279 1866 3432 1926 εἶπεν
3464 1873 3647 1936 αὐτοῖς
3665 1887 3678 1901 ·

2102 1983 2121 2017 ι
2170 1965 2425 2020 Ἀκούετε
2473 1967 2567 2021 καὶ
2615 1966 2846 2030 συνίετε,
2891 1985 2910 2018 ι
2962 1966 3055 2019 καὶ
3099 1965 3169 2019 τά
3215 1964 3374 2036 ἐξῆςο
3406 1964 3503 2018 καὶ
3540 1962 3683 2018 τοῦτ’

2096 2054 2271 2125 ἔλεγε,
2313 2058 2627 2129 Φαρισαίων
2674 2054 3178 2128 σκανδαλιξομένων
3227 2055 3322 2109 ἐπὶ
3374 2055 3548 2125 τούτῳ
3605 2051 3685 2124 τῷ

2094 2150 2258 2220 λόγῳ,
2283 2151 2359 2214 ὡς
2394 2148 2484 2203 διὰ
2508 2148 2579 2202 τά
2619 2148 2870 2221 μοχθηρά
2909 2149 3177 2220 δόγματα,
3207 2148 3301 2201 καὶ
3333 2145 3432 2218 τὴν
3474 2145 3685 2215 φαύλην

2096 2240 2250 2313 παρὰ
2278 2241 2374 2294 τοῦ
2397 2241 2564 2311 νόμου
2597 2240 2843 2312 ὶκδοχὴν,
2872 2240 2990 2294 ὀύκ
3020 2241 3190 2294 ὄντων
3229 2238 3453 2308 φυτείας
3497 2237 3593 2291 τοῦ
3621 2238 3683 2290 ὲν

2094 2335 2345 2407 οὐρανοῖς
2367 2331 2558 2387 ἑαυτοῦ
2582 2332 2818 2405 Πατρὸς,
2842 2333 2936 2386 καὶ
2964 2330 3054 2386 διὰ
3072 2330 3230 2385 τοῦτο
3248 2328 3649 2402 ὲκριζουμένων
3663 2343 3679 2359 ⁸

2096 2424 2537 2499 ἐξερῤιζώθησαν
2579 2423 2690 2496 γάρ
2735 2423 2810 2496 μὴ
2851 2421 3286 2497 παραδεξάμενοι
3311 2421 3409 2493 τὴν
3448 2421 3558 2475 άπὸ
3587 2418 3681 2474 τοῦ

2096 2517 2309 2590 Πατρὸς
2333 2514 2756 2588 γεωργουμένην
2776 2515 3019 2587 ἄμπελον
3040 2513 3298 2585 ἀληθινὴν
3330 2512 3538 2584 Ἰησοῦν
3557 2513 3684 2582 Χρι-

2099 2612 2240 2667 στόν.
2273 2610 2402 2675 Πῶς
2432 2608 2543 2682 γὰρ
2572 2608 2834 2680 ἠδύναντο
2870 2605 3009 2663 εἶναι
3044 2607 3238 2678 φυτεία
3267 2604 3363 2659 τοῦ
3396 2602 3609 2675 Πατρὸς
3633 2603 3685 2655 οῖ

2094 2706 2189 2760 ἐπὶ
2236 2706 2349 2768 τοῖς
2403 2702 2582 2776 Ἰησοῦ
2642 2699 3127 2766 σκανδαλισθέντες
3174 2698 3376 2769 λόγοις,
3422 2697 3684 2768 ἀφιστᾶσι
3778 2750 3781 2751 ν

2100 2796 2197 2868 μὲν
2228 2792 2355 2849 τοῦ·
2391 2814 2409 2847 ι
2446 2794 2538 2866 Μὴ
2574 2776 2707 2869 at“,
2747 2791 2882 2866 μηδὲ
2911 2790 3105 2865 γεύσῃ,
3153 2789 3286 2862 μηδὲ
3326 2788 3505 2859 θίγῃς,
3538 2785 3575 2841 ἃ
3615 2781 3685 2856 ἦν

2099 2888 2278 2943 πάντα
2305 2890 2386 2952 είς
2419 2885 2625 2960 φθορὰν
2657 2887 2724 2959 τῇ
2752 2884 3078 2956 ἀποχρήσει,
3110 2880 3258 2937 κατὰ
3277 2880 3345 2935 τά
3376 2879 3687 2950 ἐντάλματα

2099 2980 2195 3035 καὶ
2240 2978 2591 3044 διδασκαλίας
2636 2976 2747 3033 τῶν
2785 2975 3090 3048 ἀνθρώπων
3110 2991 3124 3006 ·
3187 2993 3206 3026 ι
3247 2972 3583 3047 προσάγουσι
3629 2968 3688 3024 δὲ

2098 3073 2189 3127 τὸν
2217 3069 2435 3126 συνετὸν
2467 3068 2675 3124 ἑαυτῶν
2707 3068 2984 3141 ἀκροατὴν
3015 3065 3092 3136 τῷ
3137 3065 3204 3119 τὰ
3245 3064 3357 3120 ἄνω
3404 3060 3533 3134 περὶ
3563 3058 3688 3115 τούο

418 3150 717 3247 sapientem
773 3183 934 3225 suum
981 3165 1289 3222 auditorem
1339 3162 1407 3220 ad
1466 3165 1782 3235 quaerenda,
1827 3180 1995 3236 super

2099 3184 2206 3222 των
2238 3164 2440 3238 ζητεῖν,
2475 3165 2571 3219 καὶ
2621 3162 2695 3235 μὴ
2742 3162 2837 3215 ἐπὶ
2869 3160 2994 3230 γῆς,
3042 3159 3117 3223 ὡς
3161 3158 3210 3209 οί
3263 3155 3542 3218 ἰουδαῖοι;
3575 3150 3686 3205 Καὶ

418 3268 526 3326 illis
558 3280 624 3321 ea
666 3277 790 3333 qua:
831 3275 1051 3318 sursum
1082 3267 1230 3325 sunt,
1272 3275 1381 3314 non
1413 3271 1535 3331 quae
1571 3274 1736 3331 super
1766 3268 1992 3325 terram,

419 3370 477 3416 ut
503 3353 713 3414 Judaei?
740 3348 807 3408 Et
828 3350 1085 3423 quoniam
1106 3357 1330 3421 propter
1352 3364 1517 3419 prava
1543 3364 1706 3405 sensa
1728 3347 1994 3406 Pharisaei

417 3448 681 3526 plantatio
710 3460 821 3504 non
849 3451 1006 3500 erant
1034 3437 1215 3498 Patris
1243 3441 1338 3512 qui
1372 3442 1428 3495 in
1456 3441 1612 3499 cmlis
1644 3451 1760 3510 est;
1792 3441 1998 3500 idcirco

417 3548 485 3602 de
517 3541 625 3600 illis
653 3549 914 3609 tauquam
942 3533 1356 3599 insanabilibus,
1384 3532 1461 3589 ait
1480 3533 1767 3604 discipulis
1791 3534 1837 3568 ⁵³
1863 3558 1876 3591 :
1910 3530 1998 3590 Si-

417 3636 533 3693 nite
554 3635 708 3699 illos;
747 3651 767 3685 ι
795 3628 979 3696 sinite,
1023 3632 1312 3700 propterea
1356 3625 1497 3697 quod
1531 3626 1658 3684 caeci
1701 3643 1828 3683 cum
1861 3627 1994 3692 sint,

417 3727 680 3785 deberent
731 3724 1027 3779 caecitatem
1083 3735 1239 3776 suam
1294 3719 1518 3786 sentire,
1567 3727 1623 3775 et
1667 3720 1836 3776 duces
1873 3718 1999 3775 vita:

417 3834 693 3893 quaerere;
724 3815 828 3888 ipsi
849 3829 979 3871 vero
1013 3813 1312 3869 caecitatem
1342 3824 1502 3867 suam
1534 3827 1642 3867 non
1674 3811 1995 3878 sentientes,

419 3926 596 3970 caecos
621 3911 822 3966 ducere
853 3923 913 3963 se
942 3907 1272 3979 gloriantur,
1304 3918 1411 3958 non
1437 3902 1739 3975 cogitantes
1770 3919 1998 3960 casuros

419 4002 480 4062 se
505 4004 561 4058 in
598 3999 833 4065 foveam,
883 3996 951 4053 de
980 4009 1088 4067 qua
1120 3995 1176 4049 in
1215 3991 1452 4048 Psalmis
1497 3991 1761 4063 scriptum
1806 3993 1951 4048 est“
1982 4013 1995 4049 :

424 4116 444 4149 ι
478 4095 682 4150 Lacum
707 4087 920 4161 aperuit
944 4098 998 4144 et
1018 4084 1203 4142 ell'odit
1222 4099 1372 4151 eum,
1394 4093 1449 4139 et
1474 4083 1675 4140 incidet
1704 4083 1759 4139 in
1789 4082 1999 4140 foveam

420 4201 586 4259 quam
638 4181 786 4239 fecit.
818 4199 838 4233 ι
893 4177 1037 4233 Alibi
1087 4175 1348 4245 scriptum
1382 4181 1468 4229 est
1489 4173 1535 4204 "
1563 4192 1577 4227 :
1606 4171 1745 4228 Cum
1779 4173 2003 4229 vidisset

420 4281 612 4338 turbas
644 4273 959 4333 ascendisse
988 4271 1043 4325 in
1079 4278 1343 4332 montem,
1386 4275 1440 4321 et
1468 4280 1593 4321 cum
1627 4263 1880 4332 sedisset,
1913 4280 2005 4320 ac-

356 4436 365 4441 ,
423 4372 658 4429 cessisse
696 4366 763 4422 ad
803 4381 929 4420 eum
975 4359 1275 4433 discipulos
1303 4360 1458 4431 ejus;
1498 4376 1518 4410 ι
1552 4357 1643 4413 hic
1667 4365 1853 4413 autem
1885 4372 2002 4411 ma-

422 4479 555 4520 num
583 4460 756 4515 turbae
792 4455 1041 4529 porrigit,
1082 4469 1202 4509 cam
1248 4450 1543 4514 advocans,
1579 4459 1633 4505 et
1672 4448 2002 4507 abducensa

2100 3258 2224 3312 ἐπεὶ
2251 3256 2339 3310 διά
2358 3254 2427 3308 τὰ
2457 3252 2705 3326 μοχθηρὰ
2724 3250 2971 3322 δόγματα
3003 3249 3065 3302 ού
3107 3246 3299 3317 φυτεία
3327 3242 3470 3318 ἦσαν
3501 3241 3595 3298 τοῦ
3627 3246 3685 3297 ὲν

2097 3348 2345 3423 οὐρανοῖς
2368 3347 2584 3419 Πατρδς
2609 3347 2658 3399 oi
2683 3344 2986 3414 Φαρισαῖοι,
3016 3339 3103 3396 διὰ
3133 3339 3289 3394 τοῦτο
3310 3339 3386 3402 ὡς
3420 3337 3550 3410 περὶ
3571 3338 3688 3390 άνι-

2098 3442 2244 3498 άτων
2287 3437 2469 3493 αὐτῶν
2514 3435 2663 3506 λέγει
2689 3438 2803 3500 τοῖς
2835 3432 3110 3506 μαθηταῖς
3138 3431 3232 3486 1:6-
3273 3451 3293 3483 ι
3339 3431 3546 3500 ’Ἄφετε
3587 3426 3687 3483 αύ-

2099 3532 2256 3597 τούς·
2297 3549 2317 3584 ι
2355 3528 2546 3600 ἄφετε,
2579 3526 2669 3582 διὰ
2695 3525 2875 3590 τοῦτο,
2906 3526 2990 3580 ὅτι
3024 3520 3217 3593 τυφλοὶ
3246 3520 3421 3586 ὄντες,
3446 3522 3565 3576 δέον
3589 3520 3687 3573 αύ·

2097 3626 2225 3688 τοὺς
2254 3618 2604 3677 αἰσθάνεσθαι
2632 3615 2728 3690 τῆς
2750 3615 3081 3685 τυφλότητος
3106 3616 3198 3667 καὶ
3225 3610 3408 3686 ζητεῖν
3437 3610 3685 3683 ὁδηγοὺς,

2099 3717 2150 3771 οἱ
2176 3715 2232 3769 δὲ
2260 3711 2706 3782 ἐπαγγέλλονται,
2748 3704 3199 3776 ἀναισθητοῦντες
3225 3705 3325 3777 τῆς
3351 3703 3561 3760 ἑαυτῶν
3596 3720 3687 3755 τυ-

2101 3807 2384 3878 φλότητος,
2418 3804 2631 3874 ὁδηγεῖν
2663 3800 2916 3870 τυφλοὺς,
2959 3797 3019 3852 ού
3049 3794 3387 3868 λογιζόμενοι
3430 3794 3688 3867 ἐμπεσεῖ-

2103 3895 2224 3952 σθαι
2260 3897 2340 3958 εἰς
2382 3892 2623 3963 βόθυνον,
2667 3888 2796 3960 περὶ
2842 3881 2904 3941 οὗ
2948 3887 3006 3938 ὲν
3046 3882 3298 3954 Ψαλμοῖς
3339 3879 3682 3953 γέγραπται*

2108 4009 2126 4041 ι
2163 3989 2379 4043 Λάκκον
2403 3981 2602 4056 ὤρυξε,
2632 3982 2727 4035 καὶ
2756 3976 3062 4048 ἀνέσκαψεν
3093 3974 3278 4040 αὐτὸν,
3309 3968 3402 4028 καὶ
3430 3971 3688 4056 ἐμπεσεῖ-

2101 4097 2191 4134 ται
2220 4080 2300 4143 εις
2322 4055 2518 4150 βόθρον
2544 4074 2604 4127 δν
2632 4070 2946 4144 εἰργάσατο.
2988 4084 3007 4118 ι
3052 4060 3314 4134 Ἀλλαχοῦ
3345 4055 3572 4132 μὲνρύν
3591 4055 3687 4128 τέο

2102 4186 2366 4242 γραπται,
2388 4169 2491 4234 ὅτι,
2529 4186 2549 4219 ι
2602 4165 2747 4220 Ἰδὼν
2767 4164 2893 4227 τοὺς
2915 4158 3125 4231 ὄχλους,
3148 4153 3316 4227 ἀνέϐη
3343 4153 3423 4218 είς
3450 4152 3514 4209 τὸ
3536 4152 3685 4226 δρος,

2104 4266 2197 4321 καλ⁵
2229 4262 2550 4324 καθίσαντος
2580 4257 2744 4312 αὐτοῦ
2780 4251 3085 4328 προσῆλθον
3109 4252 3158 4303 oi
3185 4246 3423 4319 μαθηταὶ
3452 4242 3638 4299 αὐτοῦ’
3659 4260 3684 4299 ι

2104 4355 2336 4411 ἐνταῦθα
2373 4353 2430 4408 δὲ
2460 4352 2640 4425 ὀρέγει
2678 4349 2837 4420 χεῖρα
2863 4344 2940 4416 τῷ
2967 4343 3129 4415 ὄχλῳ,
3170 4335 3688 4412 προσκαλεσάμενος

2104 4450 2288 4513 αύτδν,
2323 4447 2419 4502 καὶ
2448 4442 2682 4513 ἀφιστὰς
2711 4439 2813 4510 τῆς
2847 4436 3017 4509 ῥητῆς
3042 4431 3151 4486 τῶν
3179 4429 3322 4486 κατὰ
3349 4428 3513 4499 νόμον
3544 4427 3687 4497 ἐρω-

423 4553 737 4626 supradicta
754 4519 1071 4619 acceptione
1089 4545 1454 4617 quaestionum
1477 4558 1601 4615 quze
1624 4550 1753 4598 sunt
1776 4542 1830 4595 in
1854 4542 1994 4612 lege,

2104 4543 2363 4614 τημάτων
2408 4532 2656 4607 ἐκδοχῆς,
2701 4535 2792 4586 ὅτε
2841 4528 3058 4601 πρῶτον
3107 4526 3203 4597 μὲν
3235 4523 3419 4591 ἔλεγεν
3462 4519 3650 4626 αὐτοῖς
3670 4533 3686 4550 ·

421 4665 550 4705 cum
575 4648 811 4717 primum
842 4642 1057 4699 dicebat
1084 4640 1191 4697 illis
1219 4659 1233 4694 :
1267 4655 1286 4689 ι
1321 4635 1519 4691 Audite
1547 4643 1601 4690 et
1629 4632 1935 4704 intelligite,
1975 4652 1993 4683 ι

424 4743 668 4798 nondum
699 4736 863 4811 497
896 4733 1237 4806 capientibus
1269 4744 1393 4801 quae
1428 4726 1759 4794 audiebant;
1806 4725 2003 4781 deinde

425 4851 553 4892 vero
587 4843 844 4904 tanquam
900 4830 957 4886 in
1009 4825 1287 4900 parabolis
1319 4822 1536 4878 dicebat
1567 4820 1674 4877 illis
1700 4818 1747 4852 “
1780 4838 1793 4875 :
1832 4838 1852 4872 ι
1879 4816 2002 4874 Non

423 4928 570 5000 quod
604 4928 771 4982 intrat
797 4924 852 4978 in
897 4937 962 4979 os
1007 4918 1329 4989 coinquinat
1373 4915 1673 4982 hominem,
1716 4912 1810 4970 sed
1853 4911 2003 4983 quod

426 5018 669 5092 procedit
698 5032 766 5072 ex
794 5030 911 5071 ore.
947 5031 965 5066 ι

493 5113 583 5167 M.
614 5108 745 5167 Post
776 5108 864 5163 illa
898 5119 1078 5177 operm
1114 5101 1348 5174 pretium
1397 5107 1482 5156 est
1525 5096 1771 5153 animum
1802 5095 1871 5151 ad
1896 5095 2003 5152 hoc

426 5206 631 5263 dictum
676 5202 979 5261 advertere,
1012 5194 1158 5266 quod
1208 5193 1259 5248 ei
1305 5189 1621 5248 cavillantes
1659 5196 1999 5259 pervertunt,

495 5374 540 5406 ⁸⁸
571 5368 690 5426 Col.
725 5382 782 5431 ll,
813 5363 900 5430 16,
938 5361 1026 5416 17.

1128 5361 1173 5392 ⁸³
1201 5356 1336 5413 ibid.
1366 5357 1468 5421 l7;
1510 5354 1673 5410 Hebr.
1696 5368 1755 5419 ι,
1784 5355 1838 5409 1.
1927 5352 1976 5386 ⁸⁸
2008 5350 2202 5407 Matth.
2228 5363 2320 5421 XV.
2352 5344 2440 5421 59o

2113 4655 2131 4687 ι
2194 4631 2449 4686 Ἀκούετε
2507 4626 2603 4681 καὶ
2658 4625 2890 4689 συνίετε,
2957 4639 2976 4671 ι
3036 4616 3249 4672 οὐδέπω
3301 4613 3562 4667 συνιεῖσιν
3612 4602 3691 4664 ὧν

2105 4728 2303 4797 ἤκουον
2327 4740 2340 4755 ·
2377 4721 2504 4792 ἑξῆς
2540 4718 2599 4772 δὲ
2640 4717 2717 4780 ὡς
2760 4716 2817 4769 ὲν
2858 4710 3197 4785 παραϐολαῖς
3240 4705 3427 4775 ἔλεγεν
3467 4702 3690 4764 αὐτοῖς·

2112 4794 2139 4870 ι’
2172 4817 2246 4871 Ού
2279 4816 2342 4869 τὸ
2372 4810 2754 4884 εἰσερχόμενον
2784 4808 2864 4871 είς
2893 4805 2956 4860 τὸ
2983 4802 3157 4876 στόμα
3178 4800 3349 4856 κοινοῖ
3367 4797 3463 4853 τὸν
3480 4794 3693 4866 ἄνθρω-

2107 4927 2229 4976 πον,
2263 4906 2398 4963 ἀλλὰ
2427 4905 2489 4959 τὸ
2519 4900 2968 4973 ἐκπορευόμενον.
3011 4913 3030 4947 ι

2178 5087 2335 5145 Μετὰ
2346 5084 2521 5141 ταῦτα
2544 5082 2692 5149 ἄξιον
2719 5079 2846 5132 ἰδεῖν
2865 5076 3010 5143 λέξιν
3035 5068 3557 5143 συκοφαντουμένην
3585 5064 3695 5121 ὑπὸ

2109 5182 2218 5238 τῶν
2260 5179 2575 5251 φασκόντων
2622 5173 2735 5247 (29)
2775 5172 2836 5226 οὐ
2888 5170 2980 5224 τὸν
3015 5166 3178 5222 αὐτὸν
3206 5158 3349 5219 εἷναι
3379 5161 3548 5232 νόμου
3597 5156 3697 5213 καὶ

2555 5341 2597 5374 σι
2631 5306 2764 5395 ibid.
2802 5337 2902 5403 is;
2937 5332 3097 5389 Joan.
3128 5347 3232 5399 xv,
3256 5331 3309 5385 ι.
3411 5324 3700 5397 ιιαοιιι,

424 5446 517 5511 at,
544 5405 963 5508 232'“..;',’l',“é.‘
983 5405 1054 5463 ’³³
1075 5405 1390 5494 Μειιῖἷξῖνζ
1411 5405 1770 5482 ιῖιῖσῗβεᾶῖ.
1790 5405 1890 5494 ιιι,
1917 5423 1995 5479 16.

2107 5405 2378 5484 Matthav,
2400 5417 2449 5470 l.
2528 5412 2574 5445 “
2593 5409 2782 5466 Matth.
2814 5405 3027 5476 xv,-l5.

522 5608 613 5677 ‘28)
668 5608 765 5659 Ἐν
791 5603 1094 5677 διαφόροις
1108 5598 1514 5677 ᾼένδιαφορεῖν,
1551 5608 1657 5655 etc.
1686 5596 1949 5677 Erasmus
1981 5613 1996 5651 :

436 5697 456 5733 ι
489 5669 811 5746 Contempta
842 5669 1228 5746 supérstitione
1277 5669 1333 5746 in
1375 5669 1559 5746 rebus,
1594 5671 1892 5746 utopinor,
1917 5669 2003 5721 in-

430 5737 802 5801 tlifl‘erentilius
825 5764 839 5799 :
873 5763 891 5795 ι
914 5737 1163 5814 legebat:
1191 5743 1254 5814 ἐν
1272 5741 1602 5814 ἀδιαφόροις.
1629 5737 1736 5791 Pro
1757 5738 2003 5814 ἐνδιαφο-

433 5819 547 5889 ρεῖν
587 5824 769 5871 autem
805 5808 997 5870 cedex'
1010 5812 1212 5880 Regius
1243 5808 1434 5878 habet,
1465 5808 1525 5863 ού
1562 5808 1857 5878 διαφορεῖν.
1903 5808 2005 5862 Lc-

2109 5590 2354 5665 gendunl
2374 5587 2651 5665 existima}
2677 5578 2918 5665 Huetius.
2935 5574 3269 5665 ddistiopsi‘v,
3297 5569 3385 5627 vel
3407 5568 3696 5638 ὲναδιαφο·

2112 5645 2667 5736 βεῖνέ-Ἐγδιαφορεῖν
2695 5645 3273 5736 autem,insolens‘est.

2349 5710 2506 5782 illud.
2530 5710 2649 5779 τὶῦν
2695 5721 3079 5791 φασκόντων,
3122 5724 3258 5791 etc.“
3281 5710 3693 5769 Valentiniano-

2112 5729 2124 5736 ’
2182 5729 2311 5853 (2η
2349 5729 2485 5782 Ὑπὸ
2530 5729 2649 5779 τῶν
2695 5729 3079 5791 φασκόντων,
3122 5729 3228 5770 etc.
3285 5729 3479 5769 valenti

2112 5818 2255 5869 rum,
2310 5797 2780 5859 iarcionistarum,
2816 5790 3180 5858 aliorumque.
3213 5781 3479 5839 Hunnus.
