4100 6414
441 411 550 466 945

1411 409 1762 465 (ΖΟΜΜΕΝΤ.
1805 409 1870 463 ΙΝ
1910 404 2328 465 ΜΑΤΤΠΛΕΕΜ
2381 402 2618 462 TOMUS
2657 404 2744 460 XI.

3601 401 3664 456 945
3673 402 3705 454 6

446 532 781 600 Εὑαγγελίου
831 533 1006 604 Ἰησοῦ
1037 531 1273 604 Χριστοῦ
1306 532 1471 585 θεόν·
1502 531 1696 596 οἵτινές
1729 547 1914 601 φασιν,
1947 531 2004 584 ὅτ

2135 525 2227 596 qui
2260 525 2414 580 aiunt
2445 540 2550 580 non
2576 523 2828 580 eumdem
2863 538 2983 578 esse
3011 523 3147 593 legis
3178 532 3231 576 et
3264 520 3536 592 Evangelii
3573 518 3702 578 Jcsu

441 625 542 678 οὐκ
574 624 718 678 ἐστιν
740 627 768 678 6
812 624 984 696 Ἰησοῦ
1017 624 1251 694 Χριστοῦ
1282 624 1529 696 οὐράνιος
1560 622 1748 694 Παήρ
1780 622 2023 694 γεωργὸς

445 715 552 769 τῶν
601 717 742 770 κατὰ
773 717 1046 779 Μωῦσέως
1077 716 1242 786 νόμον
1281 717 1540 788 οἰομένων
1580 715 1712 769 Θεὸν
1756 715 2018 768 εὐσεϐεῖν.

443 807 616 869 Αὐτὸς
655 803 806 861 εἶπεν
837 809 868 860 6
909 808 1114 879 Ἰησοῦς
1151 809 1278 873 τοὺς
1303 807 1647 880 Φαρισαίους,
1685 807 1735 862 οἳ
1765 801 1903 878 ἦσαν
1930 805 2024 859 λα-

441 897 726 968 τρεύοντες
751 898 829 969 τῷ
849 899 1092 954 κτίσαντι
1119 899 1210 953 τὸν
1236 901 1440 971 κόσμον
1464 900 1558 954 καὶ
1583 899 1674 955 τὸν
1695 898 1856 970 νόμον
1881 896 2018 969 Θεῷ,

442 991 544 1044 οὐκ
570 986 707 1044 εἶναι
733 991 957 1060 φυτείαν
981 991 1049 1063 ἢν
1068 991 1364 1061 ἐφύτευσεν
1390 993 1419 1045 6
1446 991 1694 1062 οὐράνιος
1723 989 1888 1044 αὑτοῦ
1918 989 2023 1045 Πα-

443 1079 570 1151 τὴρ,
599 1083 692 1134 καὶ
737 1082 826 1137 διὰ
859 1083 1018 1137 τοῦτο
1046 1082 1214 1155 αὐτὴν
1247 1081 1616 1154 έκριζοῦσθαι.
1652 1080 1841 1144 Εἴποις
1872 1080 1916 1134 δ’
1955 1080 2022 1134 ἂν

443 1171 536 1224 καὶ
565 1171 758 1238 ταῦτα,
782 1174 885 1238 ὅτι,
923 1174 1025 1228 κᾶν
1054 1174 1213 1244 εἰπερ
1252 1174 1444 1246 Πατὴρ
1474 1169 1542 1245 ἦν
1573 1173 1669 1228 τοῦ
1712 1171 1886 1243 Ἰησοῦ
1927 1191 1943 1222 ‹
1993 1175 2022 1225 6

440 1260 771 1330 εἰσαγαγὼν,
807 1264 900 1318 καὶ
930 1264 1202 1333 φυτεύσας
1240 1283 1258 1316 ι
1308 1265 1398 1320 τὸν
1432 1264 1539 1320 ἀπὸ
1569 1263 1841 1331 Αἰγύπτου
1874 1261 2021 1330 ἐξελ-

443 1352 604 1406 θόντα
635 1353 786 1420 λαδν,
819 1374 836 1406 ι
880 1357 958 1422 εἰς
984 1355 1109 1426 ὅρος
1134 1355 1494 1427 κληρονομίας
1522 1354 1738 1421 ἑαυτοῦ,
1772 1357 1852 1422 εἰς
1884 1355 2021 1408 ἕτοι-

445 1459 544 1512 μον
594 1445 1008 1516 κατοικητήριον
1056 1445 1250 1500 ἑαυτοῦ
1271 1487 1284 1510 ,
1330 1465 1348 1497 ι
1387 1440 1539 1499 εἶπεν
1573 1445 1642 1500 ἂν
1684 1444 1889 1517 Ἰησοῦς
1928 1445 2021 1498 ἐπὶ

443 1535 555 1595 τοῖς
585 1533 897 1604 Φαρισαίοις
924 1535 988 1588 τό
1007 1552 1019 1566 ο
1055 1553 1073 1586 ι
1110 1536 1269 1592 Πᾶσα
1295 1537 1487 1606 φυτεία
1516 1538 1582 1607 ἣν
1606 1537 1705 1590 οῦκ
1727 1536 2020 1607 ἐφύτευσεν

441 1623 468 1673 6
528 1621 722 1693 Πατήρ
779 1641 880 1693 μου
937 1626 965 1676 6
1014 1625 1284 1697 οὐράνιος,
1327 1625 1776 1698 ὲκριζωθήσεται.
1821 1645 1838 1679 ι
1876 1625 2020 1698 Πρὸς

441 1709 614 1766 ταῦτα
643 1711 699 1765 δὲ
731 1715 996 1784 φήσομεν,
1029 1715 1111 1768 ὃτι
1152 1717 1267 1771 ὅσοι
1313 1717 1402 1770 διὰ
1433 1716 1528 1787 τὴν
1575 1716 1853 1790 μοχθηράν
1894 1719 2019 1790 περὶ

441 1801 548 1856 τῶν
581 1804 724 1858 κατὰ
749 1806 841 1858 τὸν
873 1807 1036 1877 νόμον
1069 1808 1292 1879 ἐκδοχὴν
1317 1809 1416 1862 ούκ
1447 1805 1586 1880 ἦσαν
1617 1809 1806 1878 φυτεία
1833 1810 1926 1866 τοῦ
1959 1813 2017 1865 ἐν

439 1894 689 1964 οὐρανοῖς
733 1897 945 1968 Πατρὸς
965 1937 979 1956 ,
1012 1894 1155 1954 οῦτοι
1188 1899 1526 1968 τετύφλωντο
1550 1900 1616 1955 τά
1645 1903 1909 1973 νοήματα,
1941 1902 2017 1966 ὼς
2049 1875 2090 1930 Β

445 1984 520 2056 μὴ
553 1985 897 2051 πιστεύοντες
918 1990 983 2060 τῇ
1007 1988 1256 2063 ἀληθείᾳ,
1285 1989 1420 2044 ἀλλὰ
1448 1989 1792 2055 εὐδοκοῦντες
1815 1995 1878 2063 τῇ
1905 1992 2020 2048 ἀδι-

439 2079 554 2150 κίᾳ,
588 2079 692 2134 ὑπὸ
717 2079 812 2134 τοῦ
837 2078 1242 2154 θεοποιηθέντος
1270 2081 1378 2136 ἀπὸ
1406 2081 1512 2136 τῶν
1541 2083 1672 2137 υἱῶν
1705 2083 1798 2139 τοῦ
1827 2083 2018 2148 αἰῶνος

437 2169 656 2234 τούτου,
700 2171 794 2226 καὶ
836 2171 923 2225 διὰ
970 2171 1126 2226 τοῦτο
1169 2172 1461 2243 λεγομένου
1510 2174 1662 2244 παρὰ
1695 2173 1770 2244 τῷ
1820 2175 2018 2246 Παύλῳ

437 2261 572 2315 Θεοῦ
616 2261 710 2315 τοῦ
750 2263 944 2328 αἰῶνος
990 2263 1199 2318 τούτου.
1254 2263 1364 2319 Καὶ
1401 2263 1475 2336 μὴ
1525 2265 1754 2339 νομίσῃς
1807 2267 2018 2323 Παῦλον

437 2352 584 2422 ἡμᾶς
616 2351 832 2424 ἀληθῶς
871 2350 1008 2407 εἶναι
1041 2354 1151 2425 (50)
1185 2355 1362 2424 λέγειν
1396 2357 1556 2411 αὑτὸν
1599 2356 1762 2410 Θεόν·
1801 2357 1876 2423 ὡς
1908 2359 2017 2431 γάρ

439 2446 514 2514 μὴ
541 2440 675 2498 οὖσα
700 2445 832 2510 Θεὸς
856 2448 888 2517 ή
909 2446 1085 2502 κοιλία
1101 2446 1208 2502 τῶν
1233 2447 1656 2520 ὑπερτιμώντων
1683 2450 1780 2520 τὴν
1801 2450 2014 2522 ἡδονὴν,

437 2535 732 2607 φιληδόνων
773 2536 972 2607 μᾶλλον
1003 2539 1038 2609 ἢ
1081 2539 1362 2607 φιλοθέων,
1398 2539 1614 2610 λέγεται
1659 2543 1763 2598 ὑπὸ
1801 2543 2016 2600 Παύλου

433 2622 572 2680 εἶναι
604 2628 737 2692 Θεὸς
783 2630 990 2685 αὐτῶν
1047 2632 1218 2699 οὕτως
1253 2635 1328 2706 μὴ
1362 2635 1438 2690 ὣν
1466 2635 1598 2700 Θεὸς
1639 2638 1667 2689 6
1709 2635 1890 2707 ἄρχων
1921 2631 2022 2690 τοῦ

433 2718 626 2783 αἰῶνος
657 2720 870 2785 τούτου,
904 2724 1032 2794 περὶ
1064 2716 1124 2777 οῦ
1151 2743 1314 2797 φησιν
1344 2729 1372 2782 6
1405 2727 1628 2800 Σωτήρ·
1665 2745 1683 2779 I
1724 2727 1836 2782 Νῦν
1863 2730 1892 2781 6
1918 2728 2016 2801 ἄρ·

432 2829 543 2882 κων
566 2812 660 2866 τοῦ
695 2812 902 2884 κόσμου
935 2815 1127 2872 τούτου
1161 2818 1431 2891 κέκριται,
1472 2839 1490 2871 ι
1535 2821 1666 2884 Θεὸς
1697 2816 1836 2875 εῖναι
1864 2822 2016 2893 λέγε-

431 2921 520 2959 ται
557 2905 667 2959 τῶν
700 2905 776 2979 μὴ
835 2907 1202 2980 βουληθέντων
1247 2910 1308 2964 τὸ
1351 2911 1568 2984 πνεῦμα
1609 2913 1709 2984 τῆς
1744 2914 2014 2980 υἱοθεσίας

433 2993 638 3060 λαϐεῖν,
675 2997 762 3051 ἵνα
808 2999 1072 3066 γένωνται
1110 3002 1214 3056 υίοὶ
1254 3001 1347 3056 τοῦ
1398 3003 1592 3068 αἰῶνος
1637 3006 1846 3060 ἐκείνου
1877 3009 2011 3077 (5-1),

434 3086 652 3162 καὶτῆς
689 3091 1042 3157 ἀναστάσεως
1073 3094 1174 3166 τῆς
1211 3096 1277 3148 ὲκ
1315 3096 1546 3168 νεκρῶν,
1591 3098 1686 3152 καὶ
1728 3099 1817 3154 διὰ
1856 3099 2013 3155 τοῦτο

2129 616 2335 672 Christi
2368 615 2576 683 Deum;
2611 616 2704 686 qui
2751 614 2970 688 quidem
3019 616 3373 685 pronuntiant
3423 615 3700 670 caelestem

2125 706 2253 764 Jesu
2287 706 2493 764 Christi
2547 706 2764 764 Patrem
2816 723 2925 762 non
2976 723 3099 763 esse
3139 723 3328 763 eorum
3381 707 3698 778 agricolam,

2127 800 2222 874 qui
2257 800 2360 856 sibi
2391 800 2644 856 videntur
2669 800 2826 870 juxta
2852 799 3019 856 Mosis
3046 800 3216 872 legem
3269 798 3438 856 Deum
3482 799 3571 870 pie
3610 815 3702 856 co-

2125 889 2256 948 lere.
2294 889 2412 965 Ipse
2439 888 2598 947 Jesus
2621 890 2761 945 dixit
2791 889 3096 947 Pharisaeos
3125 893 3218 961 qui
3245 890 3412 946 Deum
3448 892 3702 947 colebant

2123 979 2462 1036 conditorem
2496 979 2686 1036 mundi
2719 987 2774 1034 et
2808 978 2964 1049 legis,
2997 995 3106 1036 non
3147 994 3268 1035 esse
3306 980 3698 1050 plantationem

2125 1086 2291 1142 quam
2320 1071 2622 1144 plantassct
2655 1070 2894 1126 ccelestis
2923 1070 3096 1142 ipsius
3121 1069 3303 1138 Pater,
3330 1079 3385 1125 et
3414 1079 3700 1141 propterea

2124 1163 2270 1220 illam
2307 1163 2598 1222 eradicari.
2628 1163 2841 1221 Dixeris
2864 1173 3044 1218 autem
3077 1172 3130 1220 et
3159 1165 3270 1230 illa,
3301 1164 3516 1222 etiamsi
3547 1172 3700 1235 pater

2121 1263 2268 1312 esset
2315 1253 2442 1310 .Iesu
2494 1257 2541 1310 is
2593 1253 2688 1324 qui
2747 1272 2765 1306 ι
2807 1253 3144 1316 introduxit,
3193 1265 3248 1308 et
3294 1255 3556 1324 plantavit
3599 1256 3642 1287 ⁵⁷
3673 1275 3691 1307 ι

2121 1357 2410 1403 exeuntem
2437 1347 2503 1404 de
2528 1347 2771 1419 Ain-pte
2800 1349 3084 1419 populum,
3123 1368 3144 1400 ι
3173 1349 3225 1404 ἰιι
3257 1359 3442 1407 monte
3473 1352 3699 1407 haeredi—

2123 1438 2252 1494 tatis
2284 1455 2417 1507 sua},
2446 1439 2500 1493 in
2548 1439 2868 1495 ﬁrmissimo
2914 1439 3228 1496 habitaculo
3275 1456 3402 1506 suo,
3433 1461 3452 1494 ι
3495 1442 3699 1497 dixisse

2123 1539 2305 1586 tamen
2329 1529 2518 1585 Jesum
2547 1531 2614 1585 de
2632 1531 2958 1588 Pharisazis:
2992 1552 3009 1585 ι
3029 1532 3220 1588 Omnis
3242 1534 3509 1605 plantatio
3533 1550 3696 1603 quam

2122 1639 2230 1678 non
2265 1623 2530 1697 plantavit
2555 1621 2717 1676 Pater
2740 1639 2898 1678 meus
2921 1623 3571 1688 crelestis,cradicabitur
3595 1625 3658 1677 ⁸⁸.
3675 1642 3694 1675 ι

2119 1713 2199 1769 Ad
2230 1714 2346 1770 haec
2379 1730 2508 1770 vero
2534 1713 2804 1776 dicemus,
2849 1714 3164 1786 quicunque
3211 1725 3431 1785 propter
3474 1729 3698 1785 pravam

2121 1805 2493 1874 acccptionem
2528 1820 2717 1860 eorum
2749 1821 2870 1875 qua:
2910 1811 3039 1860 sunt
3088 1803 3144 1856 in
3201 1804 3338 1874 lege,
3387 1821 3495 1860 non
3543 1816 3701 1860 erant

2121 1895 2389 1966 plantatio
2420 1893 2599 1952 Patris
2630 1895 2725 1968 qui
2758 1896 2813 1950 in
2844 1896 2998 1952 coclis
3027 1903 3131 1959 est,
3163 1895 3312 1966 ipsos
3341 1908 3530 1968 utpote
3558 1898 3698 1952 veri-

2121 1986 2218 2041 tati
2262 2002 2369 2042 non
2413 1985 2719 2052 credentes,
2764 1988 2858 2044 sed
2913 1987 3178 2057 injustitia
3224 1988 3545 2058 gaudentes,
3575 2003 3701 2042 esse
3773 2052 3780 2058 ε

2120 2088 2304 2136 mente
2330 2088 2634 2135 excaecatos
2665 2079 2734 2136 ab
2762 2095 2829 2136 eo
2855 2079 2948 2150 qui
2981 2097 3011 2134 a
3037 2080 3164 2136 tiliis
3198 2079 3379 2134 saeculi
3415 2079 3577 2150 hujus
3600 2096 3700 2150 pro

2123 2170 2235 2227 Deo
2301 2171 2580 2240 habetur,
2631 2181 3027 2244 proptereaque
3079 2172 3220 2242 apud
3277 2171 3506 2227 Paulum
3556 2170 3698 2228 Deus

2121 2263 2285 2335 hujus
2318 2264 2502 2320 saeculi
2533 2264 2734 2319 dicitur
2757 2264 2823 2317 ⁶⁹.
2853 2262 2964 2319 Nec
2995 2280 3122 2320 vero
3153 2264 3436 2320 existimes
3466 2263 3693 2319 Paulum

2118 2354 2300 2410 dicere
2339 2353 2506 2410 Deum
2537 2355 2685 2411 hunc
2721 2371 2906 2411 revera
2941 2365 3189 2411 nostrum
3223 2373 3346 2411 esse
3375 2374 3389 2422 ;
3435 2357 3697 2426 quemad-

2123 2445 2345 2502 modum
2374 2447 2521 2500 enim
2546 2455 2756 2511 venter,
2787 2462 2912 2502 cum
2942 2445 3087 2502 Deus
3113 2463 3222 2502 non
3266 2447 3336 2502 sit
3361 2463 3551 2503 eorum
3577 2448 3698 2519 qui,

2121 2541 2455 2611 voluptatem
2521 2541 2744 2611 plurimi
2813 2541 3111 2605 facientes,
3161 2540 3455 2610 voluptatis
3513 2543 3697 2612 potius

2121 2647 2285 2702 quam
2323 2631 2413 2688 Dei
2457 2643 2732 2688 amatores
2785 2640 2935 2696 sunt,
2982 2647 3012 2686 a
3061 2629 3232 2686 Paulo
3285 2631 3430 2688 Deus
3480 2633 3697 2688 illorum

2119 2725 2423 2795 appellatur
2451 2725 2530 2793 ⁷⁰;
2573 2725 2649 2779 ita
2693 2723 2910 2780 etiarnsi
2965 2722 3110 2779 Deus
3159 2740 3266 2778 non
3323 2726 3396 2780 sit
3447 2726 3698 2798 princeps

2117 2817 2306 2872 saeculi
2331 2815 2472 2886 ejus,
2501 2816 2567 2872 de
2597 2831 2709 2886 quo
2743 2816 2820 2870 ait
2850 2815 3109 2872 Servator
3135 2834 3149 2872 :
3199 2836 3218 2870 ί
3249 2816 3406 2874 Nunc
3446 2820 3698 2892 princeps

2116 2907 2283 2980 hujus
2330 2909 2519 2964 mundi
2563 2909 2840 2979 judicatus
2879 2918 2963 2966 est
2988 2909 3058 2976 "',
3089 2928 3108 2962 ›
3152 2909 3296 2966 Deus
3336 2926 3459 2967 esse
3499 2913 3696 2969 dicitur

2115 3018 2308 3060 eorum
2333 3001 2426 3073 qui
2456 3002 2709 3072 spiritum
2761 3003 3074 3074 adoptionis
3109 3003 3355 3076 accipere
3391 3006 3603 3072 nolunt,
3640 3015 3699 3060 ut

2117 3095 2211 3153 lilii
2243 3095 2376 3152 [lant
2406 3095 2592 3150 saeculi
2639 3095 2807 3163 illius,
2843 3106 2898 3152 et
2935 3097 3352 3153 resurrectionis
3389 3113 3420 3152 a
3465 3098 3696 3154 mortuis

435 3180 732 3247 μεινάντων
774 3183 832 3235 ὲν
873 3186 942 3256 τῇ
975 3185 1178 3255 υἱότητι
1217 3184 1310 3239 τοῦ
1343 3187 1536 3251 αἰῶνος
1577 3188 1790 3244 τούτου.
1828 3191 2013 3246 Ταῦτα

2119 3196 2173 3244 et
2206 3197 2490 3259 propterea
2528 3198 2754 3245 manent
2779 3189 2873 3245 ﬁlii
2906 3190 3089 3245 saeculi
3120 3190 3284 3261 hujus
3312 3191 3380 3244 τ’.
3410 3188 3536 3245 Haac
3561 3190 3695 3246 mihi

429 3265 486 3320 δέ
523 3285 611 3340 μοι
650 3270 856 3338 ἔδοξεν,
892 3275 941 3326 εἰ
990 3274 1083 3327 καὶ
1126 3276 1544 3346 παρεκϐατικῶς
1573 3277 1817 3351 εἴρηται,
1843 3281 2012 3350 ἀναγ-

435 3360 604 3425 καίως
665 3363 1036 3435 παρειλῆφθαι
1076 3365 1164 3420 διὰ
1214 3365 1305 3418 τό’
1342 3386 1359 3416 ι
1409 3367 1610 3438 Τυφλοί
1651 3371 1788 3423 εἰσιν
1828 3371 2013 3441 ὁδηγοὶ

432 3459 675 3528 τυφλῶν·
729 3481 747 3513 ι
791 3461 937 3526 τίνες
976 3463 1071 3528 δέ;
1109 3465 1172 3517 Oi
1199 3465 1505 3536 Φαρισαῖοι,
1547 3459 1624 3520 ὧν
1666 3469 1696 3521 6
1741 3468 1874 3533 Θεὸς
1917 3469 2011 3524 τοῦ

430 3552 624 3616 αἰῶνος
651 3553 843 3606 τούτου
870 3552 1147 3622 ἐτύφλωσε
1177 3553 1244 3608 τὰ
1273 3557 1539 3628 νοήματα,
1571 3555 1740 3611 ὄντων
1770 3557 2013 3615 ἀπίστων

433 3644 585 3716 παρὰ
611 3645 670 3698 τὸ
707 3645 780 3717 μὴ
817 3647 1240 3700 πεπιστευκέναι
1273 3650 1354 3712 εἰς
1391 3649 1598 3720 Ἰησοῦν
1629 3651 1884 3721 Χριστὸν,
1919 3652 2012 3706 καὶ

430 3736 737 3806 ἐτύφλωσεν
775 3755 794 3791 ι
829 3739 909 3801 εἰς
937 3739 998 3792 τὸ
1033 3739 1106 3810 μὴ
1132 3740 1368 3808 αὐγάσαι
1402 3741 1584 3804 αὐτοῖς
1607 3741 1700 3795 τὸν
1734 3744 2012 3815 φωτισμὸν

428 3828 522 3882 ⁴τοῦ
558 3829 891 3898 Εύαγγελίου
920 3830 1020 3901 τῆς
1050 3831 1208 3902 δόξης
1239 3831 1333 3885 τοῦ
1359 3831 1492 3886 Θεοῦ
1523 3833 1582 3886 ὲν
1611 3833 1886 3906 προσώπῳ
1915 3835 2012 3890 τοῦ

430 3919 686 3988 Χριστοῦ.
738 3938 756 3971 ι
794 3921 869 3973 Οὐ
907 3921 1068 3991 μόνον
1106 3920 1162 3973 δὲ
1195 3922 1290 3974 ἀπ’
1321 3922 1545 3976 ἐκείνων
1581 3923 1840 3992 φευκτέον
1886 3925 2010 3997 ὁδηο

429 4007 642 4074 γείσθαι
680 4009 916 4078 τυφλῶν,
951 4009 1058 4062 τῶν
1091 4009 1496 4081 αἰσθανομένων
1534 4011 1743 4066 δεῖσθαι
1779 4013 2008 4084 ὁδηγῶν,

429 4100 580 4170 παρὰ
602 4101 664 4153 τὸ
694 4101 917 4173 μηδέπω
941 4103 1121 4155 αὐτῶν
1151 4103 1507 4174 ἀπειληφέναι
1539 4104 1636 4176 τὴν
1667 4106 1896 4178 δύναμιν
1918 4109 2008 4162 τοῦ

427 4189 492 4242 δι’
535 4191 714 4245 αὐτῶν
755 4192 866 4263 (52)
913 4191 1158 4261 βλέπειν·
1193 4193 1332 4248 ἀλλὰ
1375 4195 1484 4264 γὰρ
1517 4195 1611 4247 καὶ
1647 4196 1740 4249 ἐπὶ
1769 4198 2008 4264 πάντων,

426 4277 534 4332 τῶν
564 4281 1046 4352 ἐπαγγελλομένων
1070 4284 1281 4355 ὁδηγεῖν
1304 4285 1360 4337 ὲν
1385 4283 1526 4352 ὑγιεῖ
1547 4284 1862 4357 διδασκαλίᾳ
1891 4289 2010 4340 ἐπι-

431 4372 608 4443 μελῶς
649 4374 964 4437 ἀκουστέον,
1002 4375 1095 4430 καὶ
1147 4375 1326 4447 κρίσιν
1369 4376 1497 4446 ὑγιᾶ
1538 4378 1650 4440 τοῖς
1697 4377 2009 4449 λεγομένοις

428 4465 783 4536 προσακτέον,
835 4467 1044 4536 μήποτε
1091 4469 1209 4520 κατ’
1257 4466 1480 4535 ἄγνοιαν
1513 4467 1748 4536 τυφλῶν,
1804 4469 1898 4522 καὶ
1932 4469 2008 4542 μὴ

2120 3278 2239 3332 visa
2274 3287 2402 3333 sunt
2432 3279 2746 3335 necessario
2778 3279 2948 3335 fuisse
2990 3291 3297 3350 assumpta,
3341 3280 3557 3338 etiamsi
3601 3296 3697 3351 per

2116 3368 2513 3441 digressionem
2545 3370 2688 3426 dicta
2741 3370 2980 3436 fuerint,
3025 3382 3244 3444 prepter
3292 3371 3462 3427 illud:
3503 3391 3521 3426 ι
3552 3371 3695 3427 Caci

2117 3465 2248 3513 sunt
2278 3457 2446 3514 duces
2471 3473 2741 3514 caecorum
2755 3461 2832 3529 '3;
2862 3479 2880 3513 ι
2912 3461 3138 3530 quinam
3163 3461 3381 3516 autem?
3408 3459 3693 3527 Pharisaei,

2115 3564 2351 3622 quorum
2383 3569 2401 3601 ε
2431 3552 2570 3607 Deus
2600 3551 2764 3622 hujus
2793 3552 2977 3608 saeculi
3012 3551 3310 3606 excrecavit
3341 3562 3552 3610 mentes
3569 3551 3638 3618 “,
3669 3572 3689 3604 ι

2115 3649 2302 3711 utpote
2331 3642 2425 3711 qui
2463 3641 2727 3697 increduli
2762 3641 2893 3707 sint,
2919 3641 3067 3712 quod
3103 3641 3156 3696 in
3188 3639 3378 3697 Jesum
3405 3640 3688 3695 Christum

2115 3747 2223 3787 non
2250 3731 2605 3800 crediderint,
2629 3743 2682 3787 et
2711 3733 3006 3792 cxczecavit
3035 3733 3278 3804 quidem,
3318 3750 3336 3782 ι
3369 3740 3428 3785 ιιι
3451 3747 3558 3784 non
3588 3731 3694 3785 ful-

2114 3829 2236 3892 geat
2267 3822 2347 3878 eis
2377 3823 2705 3878 illuminatio
2732 3821 3010 3894 Evangelii
3062 3822 3248 3893 gloria:
3294 3820 3412 3887 Dei,
3457 3821 3509 3875 in
3556 3821 3692 3876 facie

2113 3911 2317 3968 Christi
2345 3913 2411 3965 ⁷⁵.
2451 3932 2469 3963 ι
2513 3912 2628 3967 Non
2659 3913 2838 3969 solum
2872 3925 3052 3970 autem
3081 3913 3382 3968 cavendum
3409 3923 3492 3967 est
3529 3927 3594 3965 ne
3623 3912 3694 3966 ah

2113 4004 2220 4062 illis
2250 4005 2518 4060 ducamur
2547 4006 2706 4062 caecis
2736 4006 2828 4076 qui
2861 4004 2962 4062 sibi
2995 4007 3097 4077 ipsi
3131 4022 3269 4077 opus
3301 4021 3425 4060 esse
3457 4003 3691 4059 ducibus

2113 4099 2379 4161 sentiunt,
2410 4098 2557 4168 quod
2606 4097 2848 4153 llOltdtllll
2903 4097 3212 4167 acceperint
3261 4097 3573 4153 facultatem
3623 4112 3688 4150 ex

2112 4202 2234 4244 sese
2262 4189 2512 4255 videndi;
2546 4189 2640 4244 sed
2684 4189 2848 4244 etiam
2897 4203 3062 4259 super
3115 4190 3298 4244 omnia
3344 4187 3513 4260 498
3563 4204 3686 4243 cum

2113 4295 2312 4350 magna
2337 4280 2618 4352 diligentia
2649 4289 2704 4335 et
2741 4295 2873 4335 cura
2907 4281 3162 4336 audiendi
3202 4293 3330 4336 sunt
3373 4281 3470 4345 illi,
3506 4279 3600 4349 qui
3629 4294 3690 4334 se

2110 4372 2166 4426 in
2197 4387 2332 4426 sana
2361 4372 2615 4426 doctrina
2656 4371 2826 4426 duces
2858 4386 2981 4426 esse
3018 4370 3363 4441 proﬁtentur,
3403 4379 3457 4426 ct
3492 4386 3686 4425 sanum

2107 4462 2377 4535 judicium
2430 4463 2499 4518 iis
2546 4477 2669 4533 quae
2721 4462 2976 4518 dicuntur
3025 4462 3418 4526 adhibendum,
3451 4478 3518 4516 ne
3552 4461 3690 4517 forte

428 4553 734 4625 βλεπόντων
783 4557 852 4610 τὰ
909 4557 1209 4628 πράγματα
1259 4559 1358 4629 τῆς
1421 4557 1606 4627 ὑγιοῦς
1658 4558 2005 4624 διδασκαλίας

2116 4557 2260 4615 ducti
2285 4556 2442 4629 juxta
2476 4557 2841 4629 ignorantiam
2874 4573 3169 4625 carcerum,
3211 4567 3266 4614 et
3321 4574 3410 4614 res
3461 4575 3583 4629 qua:
3621 4561 3689 4613 ad

423 4645 799 4716 ὁδηγούμενοι,
841 4647 1033 4716 τυφλοὶ
1079 4647 1171 4700 καὶ
1226 4647 1380 4702 αύτοί⁵
1421 4647 1510 4702 διὰ
1561 4647 1622 4702 τὸ
1676 4649 1750 4720 μὴ
1785 4647 2003 4720 βλέπειν

422 4737 514 4790 τὸν
537 4737 660 4791 νοῦν
687 4738 795 4791 τῶν
827 4738 1056 4810 Γραφῶν
1084 4739 1442 4809 τυγχάνοντες
1476 4739 1763 4812 φανῶμεν,
1788 4739 1863 4805 ὡς
1891 4741 2002 4813 άμ-

494 4857 540 4887 ⁶⁷
572 4854 742 4911 Exod.
782 4872 869 4916 xv,
901 4857 984 4909 17.
1041 4856 1086 4886 ⁸⁸
1115 4855 1303 4911 Matth.
1341 4856 1426 4915 15.
1473 4857 1556 4912 l3.
1634 4857 1677 4889 ⁸⁸
1710 4857 1752 4910 ll
1779 4857 1906 4914 Cur.
1945 4875 2013 4925 Iv,

494 4942 542 4988 ll,
582 4927 679 4988 15;
728 4924 858 4980 Luc.
904 4942 994 4988 xx,
1030 4926 1120 4988 54,
1151 4927 1239 4988 55,
1267 4925 1352 4980 56.
1391 4929 1436 4958 ⁷³
1465 4926 1654 4983 Matth.
1705 4943 1794 4988 xv,
1829 4929 1914 4984 Η.

2208 4861 2255 4892 ⁷⁸
2281 4859 2514 4929 Philipp.
2549 4875 2628 4923 III,
2660 4860 2746 4916 l9.
2849 4861 2887 4892 '“

2123 4929 2163 4984 ll
2211 4931 2336 4988 Cor.
2375 4946 2448 4988 Iv.
2490 4930 2545 4988 4.
2573 4930 2626 4983 6.
2705 4931 2749 4962 ⁷⁵
2780 4931 2887 4987 ibid

2323 4970 2336 4985 .
2375 4949 2448 4996 Iv,
2490 4949 2545 4996 τ,
2573 4949 2626 4983 o.
2709 4949 2749 4962 συ
2781 4949 2913 4990 ιυιιι.

425 4941 542 4990 VIII,
582 4927 679 4991 15;
728 4924 858 4980 Luc.
904 4942 994 4990 xx,
1030 4926 1120 4991 54,
1151 4927 1239 4992 55,
1267 4925 1352 4980 56.
1391 4929 1436 4958 ⁷³
1465 4926 1654 4983 Matth.
1705 4943 1794 4991 xv,
1829 4929 1914 4984 Η.

496 5021 606 5093 (50)
657 5018 832 5093 Ἡμεῖς
857 5019 1096 5087 ἀληθῶς
1125 5017 1295 5072 εἶναι.
1329 5019 1420 5093 Sic
1447 5035 1639 5093 omnes
1676 5021 1833 5093 codd.
1865 5038 1998 5076 mss.

426 5090 841 5231 gri’oreimjllam
874 5106 1060 5145 vocem
1093 5091 1442 5160 praetermisit
1475 5091 1760 5148 Erasmus.
1792 5090 2001 5163 Legen-

466 5177 553 5215 um
625 5178 760 5232 μων.

491 5275 612 5359 ςδι)
659 5276 778 5359 Υἰοί
824 5273 1189 5359 requirite-.0;
1219 5274 1475 5359 éx‘ehlov.
1518 5272 1682 5359 Vides
1729 5272 1818 5357 hic
1859 5273 2001 5359 duos

424 5342 648 5414 αἰῶνας,
670 5356 726 5400 et
747 5347 1054 5417 oppositum
1077 5347 1248 5398 αἰῶνα
1272 5345 1498 5417 ἐκεῖνον,
1531 5343 1686 5398 αἰῶνι
1712 5342 1913 5417 τούτῳ,
1934 5355 2001 5417 ut

425 5413 960 5472 reveraduo'sunt.
1011 5415 1216 5468 Horum
1259 5415 1393 5468 alter
1440 5414 1578 5467 idem
1621 5423 1703 5482 est
1742 5415 1834 5482 qui
1864 5413 1997 5467 αἰὼν

425 5485 1114 5558 ἐρχόμενος,Μοιτο.-ιι,ξ50;
1143 5484 1272 5558 Luc.
1307 5498 1466 5558 vaII,
1490 5483 1578 5558 ὄρ,
1607 5481 1741 5558 alii»:
1766 5481 1992 5558 μέλλων,

425 5553 613 5611 Matth.
655 5572 747 5620 χιι,
790 5556 891 5620 52;
924 5555 1086 5608 Hebr.
1122 5571 1196 5617 vI,
1229 5555 1281 5616 5,
1309 5553 1443 5607 αἰὼν
1467 5554 1561 5606 τοῦ
1592 5553 1803 5616 αἰῶνος,
1833 5553 1994 5608 llehr.

427 5643 464 5692 I,
496 5629 550 5690 8,
591 5626 784 5688 αἰῶνες
821 5625 930 5676 τῶν
959 5623 1190 5687 αἰώνων,
1232 5633 1286 5678 et
1319 5640 1462 5693 saepe
1495 5623 1628 5677 αἰῶν
1656 5624 1996 5693 simpliciter,

425 5691 507 5750 vel
535 5696 753 5758 αἰῶνες.
780 5697 1086 5764 rAlterfvero
1114 5694 1245 5764 αἰὼν
1277 5695 1370 5747 τοῦ
1397 5691 1605 5764 κόσμου
1629 5691 1838 5764 τούτου,
1859 5692 1995 5764 Eph.

429 5780 488 5830 Il,
519 5767 576 5832 ‘2,
609 5763 838 5828 ἐνεστὼς
871 5763 1003 5834 αἰὼν
1041 5763 1292 5834 πονηρός,
1321 5764 1452 5823 Gal.
1557 5772 1620 5824 Iv"
1660 5764 1688 5814 6
1716 5761 1811 5816 νῦν
1841 5761 1996 5830 αἰών,

428 5825 534 5891 Tit.
562 5825 622 5902 in,
654 5835 741 5904 ιε,
767 5825 984 5891 υιαίὼν
1016 5825 1195 5898 οὗτος,
1218 5825 1440 5902 passim.
1471 5832 1772 5903 Utrumque
1797 5825 1996 5904 optime

2110 4651 2381 4709 sinceram
2429 4649 2734 4709 doctrinam
2789 4651 3060 4720 pertinent
3108 4652 3330 4706 minimc
3366 4652 3687 4714 videntium,

2111 4743 2241 4800 caeci
2275 4753 2329 4799 et
2357 4743 2457 4814 ipsi
2480 4758 2600 4798 esse
2629 4742 2938 4808 videamur,
2968 4744 3113 4816 quod
3141 4743 3544 4816 Seripturarum
3565 4760 3690 4798 scn-

2208 4861 2255 4892 "°
2281 4859 2514 4931 Philipp.
2549 4875 2628 4931 III,
2660 4860 2746 4916 l9.
2849 4861 2892 4892 '“
2928 4859 3204 4931 Joan.xvr,
3259 4864 3343 4919 ll.
3444 4867 3490 4896 τ’
3524 4866 3686 4920 Rom.

2107 5023 2356 5080 distinxit
2394 5023 2571 5081 Lucas
2607 5041 2695 5092 xx,
2744 5025 2833 5090 54,
2881 5024 2969 5079 55.
3013 5025 3168 5081 Unde
3215 5035 3268 5080 et
3319 5027 3464 5084 hunc
3504 5029 3684 5084 locum

2107 5094 2720 5175 cxprcssit_0_rigenes:
2760 5097 2822 5147 Οἱ
2853 5095 2960 5147 υἱοὶ
2983 5096 3084 5175 ,τοῦ
3124 5096 3317 5175 αἰῶνος
3353 5099 3544 5175 τούτου
3581 5117 3684 5175 γας

2114 5165 2294 5236 μοῦσι,
2325 5166 2420 5218 καὶ
2448 5165 2905 5236 ἐκγαμίσκονταιέ
2951 5167 3015 5236 οἰκ
3035 5166 3092 5220 δὲ
3138 5168 3562 5234 καταξιωθέντες
3590 5165 3682 5222 τοῦ

2110 5235 2305 5310 αἰῶνος
2343 5236 2552 5310 ἐκείνου
2595 5235 2781 5310 τυχεῖν
2823 5235 2917 5310 καὶ
2950 5235 3067 5310 *τῆς
3110 5239 3475 5310 άναστάσεως
3498 5242 3595 5310 τῆς
3620 5241 3683 5292 ὲκ

2107 5306 2315 5377 νεκρῶν
2337 5306 2459 5360 οὔτε
2484 5303 2770 5378 γαμοῦσιν,
2794 5303 2916 5359 οὔτε
2945 5303 3392 5376 ἐκγαμίσκονται.
3423 5309 3514 5362 Sic
3541 5303 3682 5380 apud

2105 5396 2362 5454 llehrzeos
2417 5398 2526 5453 duo
2579 5405 2709 5452 sunt
2756 5397 2986 5462 saecula,
3035 5406 3141 5457 run
3181 5383 3317 5461 dm:
3365 5418 3383 5449 ι
3422 5401 3681 5455 smculnm

2109 5490 2305 5563 ho_c,__i
2355 5500 2425 5563 et
2463 5473 2578 5563 βίῃ
2625 5501 2819 5563 κισ-ιη(
2862 5491 3119 5563 δωοιιιυηι
3177 5492 3440 5556 futurum,
3499 5513 3518 5545 ι
3571 5510 3682 5563 quo

2107 5561 2190 5614 vel
2224 5560 2343 5615 dies
2378 5559 2587 5614 Messias
2622 5559 2947 5631 intelligunt,
2987 5562 3066 5613 vel
3101 5571 3313 5631 tempus
3345 5564 3489 5629 quod
3531 5559 3678 5617 mor-

2108 5639 2214 5684 tem
2263 5631 2445 5702 statim
2482 5631 2750 5702 sequitur,
2797 5629 2878 5682 vel
2917 5631 3062 5697 quod
3091 5629 3350 5700 sequetur
3384 5647 3678 5702 corporum

2107 5701 2578 5758 resurrectionem.
2617 5698 2790 5754 Ilum.

2177 5771 2291 5839 (δε)
2330 5768 2555 5824 Αὐτῶν.
2586 5768 2940 5826 Scribcndum
2972 5771 3186 5832 αὐτούς.
