4100 6426
422 402 529 459 9δῦ

1911 400 2246 459 ORIGENIS

3581 408 3695 466 976

421 518 520 590 qui
575 533 888 574 sermonem
945 517 1067 573 ﬁdei
1122 518 1517 588 amplcctentes
1561 518 1784 589 pietatis
1839 535 1988 577 caus:

2114 521 2417 593 πορισμὸν,
2465 522 2716 576 διδόντων
2776 522 3044 595 προφάσει
3100 520 3379 587 εὐσεϐείας
3400 539 3415 553 ·
3481 524 3511 578 ό
3567 520 3698 593 γοῦν

422 611 559 667 dant
592 626 608 664 :
639 610 763 666 talis
814 610 983 680 igiznr
1032 609 1327 680 episcopus
1379 630 1397 662 ι
1440 611 1647 666 bonum
1699 627 1847 682 opus
1897 628 2009 669 non

421 699 700 759 desiderat
718 699 788 766 ³³,
821 720 839 750 ι
894 715 1071 771 neque
1120 708 1301 771 potest
1345 716 1470 757 esse
1511 702 2008 773 irreprchensibilis,

422 809 604 864 neque
635 793 866 858 sobrius,
916 797 1095 863 neque
1143 792 1373 861 prudens
1407 794 1475 859 ",
1537 803 1725 864 utpote
1759 796 1857 866 qui
1895 797 2005 865 διο.

400 870 504 941 ria
539 885 728 940 ebrius
782 885 876 951 sit,
934 893 990 940 et
1047 885 1478 955 intemperanter
1540 886 1635 942 illa
1698 886 1866 943 fuerit
1921 889 2010 943 in-

423 977 755 1048 gurgitatus.
815 975 961 1030 Idem
1018 990 1238 1046 quoque
1279 976 1348 1031 de
1397 977 1731 1049 presbyteris
1782 987 1837 1033 et
1889 978 2010 1033 dia-

421 1068 576 1123 conis
636 1068 808 1123 dices.
860 1064 988 1121 Haec
1045 1075 1228 1122 autem
1292 1067 1509 1122 etiamsi
1571 1069 1858 1124 videamur
1910 1085 2010 1140 per

421 1160 816 1231 digressionem
841 1159 1067 1222 dixisse,
1099 1159 1223 1213 vide
1257 1167 1438 1215 tamen
1468 1175 1651 1216 annon
1686 1162 2002 1218 necessario

423 1252 568 1308 dicta
622 1252 764 1314 sint,
812 1251 958 1321 quod
1015 1261 1367 1321 peccatorum
1417 1252 1664 1308 omnium
1718 1252 1845 1309 fons
1894 1253 2007 1309 sint

424 1343 587 1415 502
623 1344 782 1399 mala:
821 1343 1205 1413 cogitationes,
1240 1359 1304 1399 ea
1340 1344 1505 1399 etiam
1553 1346 1794 1415 polluere
1816 1346 2004 1401 valen-

422 1446 529 1501 tes,
563 1451 686 1505 qute
723 1435 770 1491 si
803 1436 1014 1506 absque
1068 1435 1177 1492 illis
1225 1435 1368 1491 facta
1417 1436 1673 1503 fuissent,
1708 1438 2000 1495 facientem

418 1527 627 1597 justum
654 1527 934 1583 fecissent.
971 1526 1228 1595 Quaenam
1259 1528 1425 1598 igitur
1452 1544 1516 1584 ea
1545 1530 1655 1585 sint
1697 1546 1821 1601 qua:
1845 1531 2003 1588 coin-

422 1617 674 1685 quiuant,
706 1632 737 1671 a
774 1617 930 1672 nobis
967 1631 1068 1686 pro
1112 1616 1256 1672 virili
1296 1617 1635 1688 disputatum
1677 1632 1761 1677 est
1789 1640 1803 1677 :
1836 1622 2002 1678 illotis

422 1716 607 1763 autem
642 1707 894 1763 manibus
933 1709 1238 1775 comedere,
1273 1708 1553 1766 hominem
1602 1727 1711 1767 non
1752 1713 2003 1784 coinqui-

421 1805 556 1865 nat;
608 1798 701 1854 sed
752 1799 798 1853 si
850 1799 1112 1855 audacter
1163 1800 1630 1870 pronuntiandum
1682 1813 1800 1869 est,
1849 1806 2000 1861 illoto

2112 613 2352 678 τοιοῦτος
2372 613 2673 679 ἐπίσκοπος
2698 636 2714 665 ι
2747 614 2809 668 οὐ
2832 614 2995 669 καλοῦ
3029 616 3191 689 ἔργου
3215 614 3493 687 ἐπιθυμεῖ,
3529 634 3549 669 ι
3574 614 3696 670 οὐδὲ

2112 705 2335 761 δύναται
2367 703 2507 761 εἶναι
2544 727 2561 758 ι
2589 706 3112 780 ἀνεπίληπτοςγούδὲ
3142 707 3420 779 νηφάλιος,
3443 708 3564 763 οὐδὲ
3583 702 3692 761 σώ-

2114 817 2286 872 φρων,
2346 819 2365 851 ι
2419 798 2635 871 μεθύων
2680 799 2785 853 ὑπὸ
2823 799 3012 871 δόξης,
3047 800 3142 855 καὶ
3177 800 3492 864 ἀκολάστως
3520 792 3695 869 αὐτῆς

2111 890 2541 963 ἐμφορούμενος.
2587 891 2660 945 Τὸ
2704 891 2762 945 δὲ
2807 892 2939 946 αὐτὸ
2982 893 3078 946 καὶ
3125 893 3254 964 περὶ
3306 890 3694 964 πρεσϐυτέρων

2110 983 2204 1036 καὶ
2233 982 2498 1037 διακόνων
2539 986 2703 1055 ἐρεῖς.
2744 982 2929 1038 Ταῦτα
2967 984 3048 1046 δὲ,
3084 986 3132 1037 εί
3165 985 3258 1038 καὶ
3296 983 3517 1055 δόξομεν
3548 999 3692 1037 τισιν

2108 1075 2167 1129 ὲν
2208 1075 2547 1145 παρεκϐάσει
2595 1076 2876 1147 εἰρηκέναι
2899 1115 2914 1140 ,
2949 1076 3050 1147 ὅρα
3078 1077 3126 1129 εί
3162 1075 3237 1146 μὴ
3270 1072 3583 1144 ἀναγκαίως
3606 1072 3695 1127 λι-
3802 1086 3809 1091 ’

2107 1168 2294 1222 λεκται
2313 1208 2328 1233 ,
2360 1167 2448 1222 διὰ
2473 1166 2536 1220 τὸ
2569 1168 2752 1240 πηγὴν
2794 1164 2933 1221 εἶναι
2972 1167 3188 1222 πάντων
3218 1167 3326 1222 τῶν
3355 1166 3691 1239 ἁμαρτημά-

2104 1276 2214 1314 των
2246 1260 2374 1323 τοὺς
2411 1260 2681 1331 πονηροὺς
2712 1258 3095 1330 διαλογισμοὺς
3115 1298 3129 1323 ,
3159 1257 3497 1331 δυναμένους
3526 1256 3691 1331 μολῦ-

2105 1370 2191 1407 ναι
2226 1350 2324 1406 καὶ
2351 1349 2441 1415 τὰ,
2476 1352 2526 1403 εἰ
2557 1351 2726 1422 χωρὶς
2766 1335 2943 1405 αὐτῶν
2982 1354 3296 1423 πράττοιτο,
3325 1349 3691 1405 δικαιώσαντα

2106 1443 2173 1498 ἂν
2204 1443 2297 1497 τὸν
2324 1444 2644 1514 ποιήσαντα.
2682 1443 2819 1495 Τίνα
2855 1443 2953 1514 μὲν
2980 1440 3075 1496 οὖν
3106 1442 3174 1495 τά
3202 1442 3507 1507 κοινοῦντα,
3548 1440 3692 1496 κατὰ

2103 1528 2333 1603 δύναμιν
2367 1533 2499 1604 ἡμῖν
2532 1531 2857 1602 ἐξήτασται·
2911 1532 2974 1587 τὸ
3016 1532 3073 1586 δὲ
3117 1532 3363 1597 ἀνίπτοις
3398 1529 3555 1603 χερσὶ
3587 1547 3691 1601 φα-

2103 1629 2223 1695 γεῖν
2250 1626 2312 1679 ού
2341 1627 2512 1679 κοινοί
2542 1625 2632 1679 τὸν
2659 1625 2945 1698 ἄνθρωπον
2968 1644 2983 1657 ο
3012 1626 3125 1681 ἀλλ’
3156 1628 3205 1681 εί
3236 1627 3316 1680 δεῖ
3342 1626 3688 1699 τολμήσαντα

2105 1718 2282 1771 εἰπεῖν
2300 1757 2315 1783 ,
2345 1719 2517 1771 κοινοὶ⁹
2546 1716 2604 1771 τὸ
2635 1718 2848 1789 ἀνίπτῳ
2878 1717 3077 1790 καρδίᾳ
3105 1716 3388 1772 ότιποτοῦν
3418 1720 3636 1787 φαγεῖν,
3660 1713 3691 1769 ό

2104 1808 2318 1877 πέφυκε
2351 1808 2417 1862 τὸ
2441 1809 2767 1882 ἡγεμονικὸν
2802 1809 2958 1882 ἡμῶν
2986 1809 3206 1864 ἐσθίειν.

418 1890 581 1946 corde
612 1890 829 1961 quidvis
862 1890 1182 1959 comedere,
1217 1892 1362 1962 quod
1392 1908 1425 1948 a
1460 1902 1656 1950 natura
1687 1906 2065 1965 comparatum
2096 1908 2180 1955 est.
2213 1908 2273 1955 ut
2301 1915 2456 1956 mens
2487 1909 2672 1956 nostra
2704 1901 2974 1967 comedat,
3007 1901 3138 1956 illud
3170 1916 3333 1972 porro
3364 1900 3580 1971 polluit.

978 1983 1054 2037 De
1104 1984 1432 2040 Chananwa.

492 2072 579 2128 16.
614 2094 633 2127 ι
667 2074 731 2129 Et
757 2091 1011 2147 egressus
1043 2076 1167 2131 inde
1210 2075 1402 2139 Jesus,
1452 2077 1678 2132 secessit
1724 2078 1777 2131 in
1820 2090 1999 2149 partes

416 2163 545 2236 Tyri
568 2176 620 2221 et
647 2167 889 2235 Sidonis,
915 2179 969 2224 et
998 2185 1124 2224 ecce
1151 2170 1346 2223 mulier
1372 2168 1682 2224 Cbanamea
1699 2171 1767 2223 ’⁷.
1791 2190 1809 2222 ι
1846 2170 1999 2228 Unde

421 2274 443 2307 ‹
477 2257 647 2313 inde?
680 2278 698 2310 ι
738 2275 805 2314 an
845 2276 875 2316 e
923 2268 1067 2316 terra
1119 2256 1434 2322 chesaret,
1498 2260 1566 2316 de
1596 2278 1702 2332 qua
1744 2264 1997 2333 superius

416 2347 625 2405 dictum
654 2359 738 2405 est
760 2351 807 2384 "
836 2370 847 2405 :
887 2371 905 2403 ι
938 2352 1004 2406 Et
1042 2368 1168 2408 eum
1203 2350 1686 2419 transfretassent,
1731 2363 1997 2409 venerunt

414 2440 473 2495 in
508 2446 708 2495 terram
796 2440 1128 2499 Genesaret?
1171 2461 1191 2493 ι
1234 2440 1474 2498 Secessit
1519 2451 1726 2509 autem,
1765 2442 1997 2501 fortasse

412 2528 559 2601 quod
616 2530 1019 2588 oﬂ‘enderentur
1061 2533 1343 2598 Pharisaei,
1387 2542 1676 2605 postquam
1711 2535 1997 2593 audissent

413 2639 522 2679 non
559 2624 612 2679 id
641 2624 788 2696 quod
821 2625 1011 2689 intrat.
1042 2626 1136 2683 sed
1166 2628 1313 2697 quod
1359 2628 1473 2682 exit
1516 2628 1795 2684 hominem
1839 2631 1995 2685 coin-

416 2713 671 2784 quinare.
706 2713 863 2782 Quod
892 2725 1073 2772 autem
1124 2728 1345 2788 propter
1386 2734 1481 2776 eos
1521 2720 1616 2789 qui
1665 2721 1733 2777 de
1779 2722 1993 2778 insidiis

411 2806 653 2876 suspecti
682 2816 840 2862 erant
866 2809 1083 2876 dixerit,
1120 2829 1138 2862 ι
1169 2812 1415 2876 secessit,
1451 2831 1470 2864 »
1514 2814 1599 2869 vel
1627 2829 1693 2870 cx
1732 2816 1834 2871 boc
1871 2816 1992 2871 loco

411 2899 761 2968 perspicuum
810 2908 894 2954 est
924 2902 968 2933 ”
1008 2920 1021 2956 :
1075 2920 1095 2954 ι
1125 2900 1262 2957 Cum
1310 2912 1492 2959 autem
1547 2904 1791 2961 audisset
1845 2905 1990 2976 quod

406 2985 646 3044 Joannes
674 2989 904 3046 traditus
942 3000 1107 3058 esset,
1147 2993 1379 3049 secessit
1422 2994 1478 3049 in
1528 2994 1830 3051 Galilaeam.
1865 3017 1882 3048 ι
1926 2997 1993 3052 Et

412 3080 535 3136 ideo
569 3079 783 3137 Marcus
812 3097 875 3138 ea
904 3099 1025 3153 quae
1055 3085 1333 3154 pertinent
1360 3084 1426 3140 ad
1458 3086 1605 3141 hunc
1638 3086 1819 3143 locum
1858 3103 1992 3143 cono

409 3172 654 3229 scribens
679 3174 811 3231 dicit
835 3175 895 3231 ‘:
933 3195 952 3227 ι
985 3175 1227 3248 Surgens
1278 3177 1414 3237 abiit
1463 3177 1517 3233 in
1572 3178 1709 3236 ﬁnes
1751 3179 1900 3252 Tyri,
1936 3189 1992 3236 et

410 3262 691 3335 ingressus
723 3266 968 3334 domum,
1003 3269 1275 3324 neminem
1310 3269 1483 3324 voluit
1517 3271 1677 3327 scire.
1713 3290 1731 3322 ι
1784 3270 1989 3327 Verisi-

2550 1992 2691 2060 IIspl
2721 1990 2830 2059 τῆς
2867 1994 3227 2060 Χαναναίας.
3505 2042 3508 2046 .

2180 2101 2199 2133 ι
2237 2082 2349 2136 Kal.
2382 2080 2613 2149 ἐξελθὼν
2647 2080 2857 2136 ἐκεῖθεν
2881 2083 2910 2134 ό
2955 2080 3163 2153 Ἰησοῦς
3184 2122 3199 2146 ,
3234 2080 3580 2155 ἀνεχώρησεν
3608 2083 3697 2144 είς-

2101 2171 2167 2227 τά
2190 2172 2330 2245 μέρη
2352 2173 2530 2244 Τύρου
2549 2175 2642 2228 καὶ
2657 2170 2905 2238 Σιδῶνος,
2927 2175 3021 2227 καὶ
3043 2174 3153 2228 ἰδοὺ
3179 2175 3316 2245 γυνὴ
3338 2174 3638 2230 Χαναναία.
3660 2193 3680 2227 ι

2100 2262 2293 2326 Πόθεν,
2343 2280 2361 2313 t
2399 2260 2640 2330 ὲκείθεν;
2685 2281 2703 2315 ι
2737 2260 2770 2334 ἦ
2802 2262 2910 2317 ἀπὸ
2950 2263 3055 2333 γῆς
3095 2263 3424 2335 Γενησαρὲτ,
3460 2265 3589 2335 περὶ
3616 2259 3688 2336 ἧς,

2100 2353 2394 2425 προείρητο
2417 2352 2527 2426 (48)
2551 2370 2565 2383 ’
2608 2372 2625 2404 ι
2667 2353 2778 2407 Καὶ
2812 2352 3248 2426 διαπεράσαντες
3280 2349 3442 2424 ἦλθον
3475 2355 3556 2418 εἰς
3584 2355 3683 2423 τὴν

2098 2443 2201 2515 γῆν
2233 2442 2576 2516 Γενησαρέτ;
2616 2463 2634 2495 ι
2684 2444 3023 2516 Ἀνεχὼρησε
3045 2444 3122 2510 δὲ,
3158 2445 3298 2516 τάχα
3316 2445 3403 2499 διὰ
3431 2444 3493 2497 τὸ
3515 2461 3681 2497 σκαν-

2096 2530 2404 2600 δαλίζεσθαι
2452 2536 2581 2599 τοὺς
2623 2536 2952 2607 Φαρισαίους
2997 2536 3372 2603 ἀκούσαντας,
3406 2537 3489 2590 ὅτι
3529 2537 3588 2589 οὐ
3622 2534 3685 2590 τδ

2097 2627 2480 2698 είσερχόμενον
2499 2667 2514 2691 ,
2546 2626 2680 2680 ἀλλὰ
2711 2626 2774 2680 τὸ
2816 2626 3248 2698 ἐκπορευόμενον
3282 2630 3452 2682 κοινοῖ
3476 2626 3565 2681 τὸν
3586 2628 3680 2682 ἄν·

2096 2720 2331 2793 θρωπον.
2360 2721 2481 2773 Ὅτι
2514 2717 2569 2773 δὲ
2602 2718 2688 2773 διὰ
2708 2718 2834 2784 τοὺς
2871 2720 3293 2791 υπονοουμένους
3310 2716 3683 2774 ἐπιϐουλεύειν

2095 2808 2216 2867 εἷπε
2244 2811 2336 2865 τό·
2382 2831 2401 2863 ι
2443 2810 2779 2883 ἀνεχώρησε,
2822 2829 2841 2864 ι
2880 2810 3041 2881 δῆλον
3078 2812 3142 2865 ὲκ
3173 2811 3302 2866 τοῦ·
3348 2831 3364 2863 ι
3416 2812 3685 2876 Ἀκούσας

2092 2904 2149 2958 δὲ
2174 2943 2188 2968 ,
2219 2904 2301 2958 ὅτι
2339 2904 2592 2974 Ἰωάννης
2624 2902 2920 2975 παρεδόθη,
2955 2901 3303 2976 ἀνεχώρησεν
3329 2905 3409 2968 εἰς
3435 2905 3535 2976 τὴν
3568 2904 3677 2959 Γα-

2092 2991 2325 3047 λιλαίαν.
2370 3012 2390 3045 ι
2429 2993 2581 3064 Τάχα
2613 2991 2701 3046 διά
2733 2992 2891 3046 τοῦτο
2918 2992 3012 3046 καὶ
3040 2994 3069 3046 ό
3099 2992 3326 3065 Μάρκος
3348 2995 3685 3066 ἀναγράφων

2091 3084 2160 3139 τά
2192 3086 2335 3140 κατά
2365 3084 2455 3139 τὸν
2487 3085 2652 3139 τόπον
2679 3086 2865 3156 φησὶν,
2900 3086 3002 3147 ὅτι,
3044 3104 3063 3136 t
3117 3085 3380 3150 Ἀναστάς
3407 3082 3569 3157 ἦλθεν
3599 3088 3680 3151 είς

2092 3177 2162 3231 τὰ
2192 3178 2318 3247 ὅρια
2360 3174 2570 3249 Τύρου,
2615 3176 2709 3229 καὶ
2742 3175 2999 3230 εἰσελθὼν
3032 3177 3114 3242 εἰς
3143 3178 3244 3250 τὴν
3279 3179 3457 3234 οἰκίαν
3490 3177 3679 3233 οὐδένα

2093 3266 2317 3340 ἐθέλησε
2359 3266 2584 3336 γνῶναι.
2635 3285 2654 3318 ι
2686 3266 2869 3330 Είκδς,
2907 3268 2989 3321 ὅτι
3025 3268 3153 3332 τοὺς
3194 3267 3678 3333 σκανδαλισθέντας

406 3356 537 3413 mile
562 3368 647 3414 est
672 3359 819 3416 hunc
866 3360 1141 3417 devitassc
1184 3359 1495 3418 Pharisaeos
1539 3362 1793 3419 doctrina
1843 3363 1988 3421 illius

2092 3356 2186 3409 ἐπὶ
2213 3357 2277 3426 τῇ
2313 3352 2632 3426 διδασκαλίᾳ
2655 3352 2821 3408 αὐτοῦ
2857 3355 3186 3424 Φαρισαίους
3210 3357 3550 3430 περιίστατο,
3576 3373 3679 3410 πε-

407 3448 670 3520 οσειιεοε,
703 3468 827 3509 cum
858 3454 1032 3524 magis
1061 3461 1431 3524 opportunum
1474 3455 1543 3510 ad
1577 3456 1890 3526 patiendum
1933 3464 1990 3512 et

404 3551 552 3599 recte
585 3543 910 3614 praefinitum
943 3553 1157 3615 tempus
1190 3556 1553 3617 exspectaret.
1604 3546 1811 3603 Dixerit
1858 3562 1987 3603 vero

403 3634 676 3705 quispiam
729 3634 935 3707 Tyrum
991 3646 1045 3691 et
1076 3636 1333 3695 Sidonem
1388 3656 1490 3711 pro
1545 3641 1801 3713 gentibus
1860 3656 1986 3699 esse

402 3726 598 3783 dictas.
632 3726 905 3782 Secedens
932 3727 1097 3798 igitur
1120 3744 1185 3784 ex
1217 3729 1403 3799 Israel,
1432 3733 1499 3788 ad
1526 3734 1767 3805 gentium
1799 3744 1983 3805 partes

402 3817 632 3874 accedit.
665 3818 843 3890 Tyrus
871 3828 1018 3875 certe
1040 3820 1342 3891 appellatur
1371 3825 1517 3895 quod
1544 3824 1688 3895 apud
1724 3824 1985 3881 Hebrzeos

403 3907 508 3963 Sor
534 3908 754 3975 dicitur,
785 3918 839 3963 et
871 3911 1116 3965 redditur
1148 3929 1244 3982 per
1269 3930 1454 3970 vocem
1491 3917 1778 3987 angustia:
1814 3915 1982 3972 Sidon

400 4011 581 4056 autem
617 4016 740 4072 qua:
766 4011 820 4057 et
846 4001 919 4056 ita
950 4003 1019 4058 ab
1053 4002 1298 4063 Hebraeis
1327 4019 1701 4079 nuncupatur,
1733 4009 1983 4064 redditur

399 4105 497 4162 per
526 4094 748 4147 verbum
783 4107 1046 4150 venantes.
1095 4094 1152 4150 In
1197 4099 1449 4168 gentibus
1496 4109 1677 4155 autem
1730 4109 1978 4155 certantes

400 4193 527 4240 sunt
555 4184 817 4256 improbae
854 4199 1171 4260 potestates,
1206 4198 1261 4246 et
1312 4207 1507 4262 magna
1557 4199 1642 4247 est
1693 4191 1835 4260 apud
1886 4206 1980 4245 cas

394 4280 670 4347 angustia,
699 4297 761 4337 ea
786 4283 1036 4340 videlicet
1061 4299 1185 4354 qua:
1214 4283 1268 4338 in
1298 4284 1538 4353 nequitia
1562 4291 1648 4338 est
1668 4292 1724 4337 et
1743 4282 1979 4338 aﬂ‘ectio-

393 4373 578 4429 nibus.
610 4371 875 4444 Egressus
910 4375 1073 4446 igitur
1104 4374 1265 4431 Jesus
1307 4391 1338 4432 e
1375 4377 1690 4444 Genesaret,
1736 4379 1965 4431 secessit

466 4509 513 4540 "
546 4506 565 4560 l
592 4506 732 4562 Tim.
765 4526 844 4574 Ill,
874 4513 921 4565 l.
1001 4515 1049 4547 “
1080 4513 1209 4567 ibid.
1233 4513 1290 4567 2.
1362 4515 1408 4547 ⁸⁷
1440 4513 1629 4570 Matth.
1660 4531 1750 4583 xv,
1783 4516 1873 4579 2|,
1906 4515 1995 4569 22.

2091 3454 2328 3526 ριμένων
2357 3452 2448 3507 τὸν
2484 3453 2917 3526 ἐπιτηδειότερον
2945 3455 3025 3517 είς
3054 3452 3113 3507 τὸ
3143 3453 3339 3508 παθεῖν
3369 3451 3465 3505 καὶ
3496 3449 3677 3513 καλῶς

2086 3544 2389 3618 ὡρισμένον
2433 3546 2643 3618 καιρόν.
2681 3546 2837 3600 Είποι
2880 3543 2927 3599 δ’
2968 3546 3034 3601 ἀν
3071 3562 3176 3611 τις,
3225 3545 3307 3599 ὅτι
3350 3543 3545 3617 Τύρος,
3584 3543 3678 3596 καὶ

2087 3636 2257 3693 Σιδὼν
2302 3638 2425 3692 ἀντὶ
2467 3638 2574 3692 τῶν
2620 3638 2790 3692 ἐθνῶν
2836 3635 3108 3692 λέλεκται.
3168 3636 3553 3708 Ἀναχωρήσας
3582 3629 3676 3687 οὖν

2085 3731 2195 3786 ἀπὸ
2225 3731 2318 3785 τοῦ
2360 3731 2577 3804 Ἰσραὴλ
2598 3772 2614 3795 ,
2650 3732 2733 3796 είς
2761 3731 2830 3785 τά
2871 3730 3009 3803 μέρη
3044 3728 3154 3784 τῶν
3183 3729 3352 3784 ἐθνῶν
3379 3727 3677 3798 παραγίνε·

2086 3840 2196 3877 ται.
2228 3822 2403 3894 Τύρος
2435 3822 2534 3895 μὲν
2567 3817 2659 3876 οὗν
2694 3822 2824 3892 παρ’
2868 3820 3142 3891 Ἑϐραίοις
3162 3818 3539 3890 ὀνομαζομένη
3573 3833 3677 3886 με-

2084 3914 2488 3985 ταλαμϐάνεται
2508 3913 2644 3982 Σὸρ,
2671 3914 2793 3984 ἥτις
2808 3910 3171 3984 ἑρμηνεύεται
3210 3907 3471 3979 συνοχή
3503 3905 3674 3962 Σιδὼν

2082 4004 2139 4057 δὲ
2164 4003 2336 4067 οὕτως
2366 4004 2460 4057 καὶ
2493 4005 2624 4074 παρ’
2673 4000 2946 4073 Ἑϐραίοις
2977 3998 3352 4072 ὀνομαζομένη
3390 3996 3672 4069 μεταλαμ-

2084 4096 2307 4150 ϐάνεται
2346 4095 2457 4168 (49)
2489 4098 2570 4160 είς
2605 4095 2703 4161 τὸ,
2755 4092 3071 4163 θηρῶντες.
3121 4093 3210 4145 Ἑν
3249 4090 3306 4145 δὲ
3351 4092 3463 4154 τοῖς
3495 4088 3673 4143 ἔθνεσι

2084 4186 2180 4240 καὶ
2209 4190 2256 4241 οἱ
2285 4186 2560 4260 θηρῶντες
2591 4187 2728 4240 εἰσιν
2756 4187 2810 4239 αἱ
2840 4184 3076 4256 πονηραὶ
3105 4183 3362 4254 δυνάμεις
3396 4180 3508 4252 (50)
3533 4222 3547 4246 ,
3580 4181 3673 4233 καὶ

2079 4277 2248 4348 πολλὴ
2279 4277 2477 4349 συνοχὴ
2520 4278 2649 4347 παρ’
2691 4276 2896 4340 αὐτοῖς,
2942 4278 2975 4347 ἡ
3012 4277 3071 4329 ἐν
3101 4277 3166 4346 τῇ
3207 4273 3377 4345 κακίᾳ
3426 4274 3521 4327 καὶ
3558 4274 3671 4332 τοῖς

2081 4371 2323 4425 πάθεσιν.
2344 4368 2610 4435 Ἐξελθὼν
2642 4366 2735 4424 οὖν
2763 4368 2873 4423 ἀπὸ
2903 4369 3001 4438 τῆς
3026 4368 3335 4440 Γενησαρὲτ
3367 4370 3395 4422 ὁ
3440 4368 3665 4437 Ἰησοῦς,

2074 4515 2119 4548 ’⁸
2140 4514 2327 4568 Matth.
2361 4528 2470 4578 xtv,
2504 4511 2593 4566 54.
2668 4512 2713 4543 ⁸⁸
2745 4509 2931 4565 Matth.
2965 4525 3038 4573 tv,
3067 4509 3154 4563 12.
3217 4506 3543 4575 ‘Marc.vu,
3572 4506 3665 4565 ει.

395 4622 486 4712 uia
516 4623 850 4680 oblationum
900 4628 1119 4712 nomine
1163 4629 1551 4712 censebantur.
1599 4630 1681 4685 Ad
1730 4631 1972 4712 episcopi
2012 4616 2054 4670 ί)
2085 4627 2237 4712 vocis
2260 4627 2495 4709 iteratio,
2517 4634 2606 4712 lut-
2628 4623 2766 4679 alias
2790 4638 2944 4712 saepe.
2966 4622 3043 4678 fit.
3081 4622 3158 4678 Ea
3189 4639 3289 4712 nos
3318 4623 3664 4712 emcodﬂicg.

394 4702 577 4772 autem
614 4709 801 4772 curam
842 4698 1165 4764 pertinebat,
1215 4699 1429 4772 clericis
1452 4716 1569 4762 eas,
1599 4698 1785 4772 egenis
1812 4698 1973 4757 aete-

394 4763 582 4835 risque
615 4763 877 4837 dividere,
921 4783 1130 4821 necnon
1166 4776 1220 4821 et
1244 4768 1457 4823 illarum
1490 4763 1697 4837 partevtn
1728 4773 1832 4827 sibi
1860 4789 1975 4827 ser-

394 4848 545 4906 vare,
576 4844 637 4906 ut
673 4835 844 4906 liquet
870 4853 935 4891 ex
971 4837 1204 4905 apostol.
1234 4852 1356 4892 can.
1392 4835 1557 4894 xxxix
1588 4850 1637 4894 et
1673 4859 1758 4896 xu
1782 4853 1833 4896 et
1870 4840 1970 4896 Ur-

394 4902 522 4957 bani
553 4902 962 4981 epistfdecret.
990 4902 1103 4975 j'atn
1156 4906 1401 4981 laudata,
1448 4919 1502 4964 et
1537 4912 1734 4968 concil.
1765 4913 1970 4981 Gangr.

393 4988 517 5028 can.
565 4984 725 5052 vt_t_et_
749 4992 874 5052 vm_._
913 4976 1050 5032 Cum
1084 4993 1214 5048 ergo
1260 4980 1471 5052 amplas
1509 4996 1639 5048 opes
1682 4976 1973 5052 episcopus

394 5057 505 5118 pro
538 5044 767 5118 arbitrio
811 5044 1204 5118 _dispensaret,
1258 5044 1630 5118 episcopatum
1695 5044 1975 5107 anthib'ant

393 5114 573 5188 multi,
603 5123 663 5168 ut
685 5131 780 5170 eas
808 5114 1144 5188 imaderent,
1178 5114 1478 5186 pauiillurit
1503 5135 1630 5175 vero
1656 5123 1841 5188 egenis
1876 5123 1977 5175 im-

393 5187 675 5259 pertirent,
711 5194 815 5259 et}
850 5187 1234 5244 existimabant
1262 5199 1529 5259 quiestum
1579 5187 1713 5246 esse
1740 5192 1971 5247 aliorum

391 5254 664 5324 pietatem.
698 5275 716 5307 ι
754 5255 1017 5324 Ηιῖετιυε.

462 5325 574 5395 (48)
605 5328 752 5399 μερὶ
780 5323 854 5399 ἧς
877 5329 1213 5399 προείρητο,
1243 5339 1347 5385 etc.
1374 5330 1464 5386 Sic
1494 5330 1670 5386 llolm.
1692 5331 1814 5387 cod.
1851 5331 1975 5388 llaec

389 5407 569 5476 autem
605 5394 750 5476 mg.
781 5394 927 5453 eoa;
961 5394 1322 5476 praetermittit
1350 5419 1377 5476 εΔ
1400 5404 1526 5476 περὲ
1556 5399 1971 5476 ἦςγπροείρητψ

389 5467 501 5547 Kal.
526 5464 977 5541 διαπεράσαντες
998 5464 1162 5539 ἦλθον
1206 5473 1286 5535 εἰς
1329 5471 1427 5543 τὴν
1460 5464 1969 5547 αξῆνΤεννησὰρέτ.

461 5604 575 5676 (49)
611 5608 748 5681 Σὸρ,
786 5610 918 5678 ἥτις
945 5613 1329 5681 ἑρμηνεύεται
1362 5613 1633 5681 σιννοχή⁶
1677 5613 1867 5668 Σιδὼν

380 5673 579 5758 ιοῆτωζ·
610 5673 724 5758 καὶ
744 5673 906 5749 adp"
931 5673 1213 5758 ϐράίοις
1239 5673 1641 5758 ότομαζοιὶἕιλη
1667 5688 1970 5758 μεταλαμ-

390 5744 648 5822 βάνεται.
682 5744 1046 5822 Ιίιεεόιιιίδςξι
1083 5744 1242 5807 erant
1286 5744 1558 5807 in'nost'ro
1585 5744 1794 5819 codice,
1832 5744 1968 5809 et'in

390 5818 835 5884 interpretatione
865 5820 1076 5876 Erasmi
1105 5840 1118 5877 :
1152 5838 1372 5879 causam
1396 5824 1697 5894 praebuerat
1724 5826 1966 5896 ejusdem

2082 4699 2479 4776 supplevimus.
2514 4695 2779 4776 Origenes
2825 4695 2881 4747 in
2911 4692 3168 4776 Ιορκιι,
3435 4711 3448 4748 :
3476 4692 3704 4776 Τύριοι,ι

2080 4763 2204 4840 γάρξ
2219 4763 2967 4840 ὲρμηνεύονταισυνέχοντες.
2998 4763 3068 4840 Et
3082 4764 3274 4840 homil.
3304 4765 3370 4818 14
3395 4765 3448 4818 ἱιι
3475 4763 3665 4840 Josue,

2080 4785 2190 4840 γαρ
2219 4785 2244 4821 ε
2288 4785 2611 4840 μηνευονται
2637 4785 2967 4835 συνεχοντες.
3001 4785 3063 4817 bl.
3083 4785 3273 4819 11011111.
3304 4785 3370 4818 Ii
3395 4785 3448 4818 Ill
3475 4785 3665 4833 δοδυθ,

2080 4842 2147 4895 de
2175 4785 2379 4894 Sigone
2418 4852 2583 4908 agens
2607 4855 2628 4908 _:
2664 4834 2770 4890 Sed
2809 4835 2875 4895 si.
2918 4835 3229 4908 inquithad
3262 4835 3665 4908 interpretatio-

2082 4925 2206 4965 nem
2248 4902 2489 4963 nominis
2529 4905 2768 4971 redeam,
2797 4904 2944 4975 quod
2977 4902 3268 4975 significat,
3309 4902 3663 4970 Venatricem,

2082 4980 2166 5034 vel
2209 4978 2525 5043 Venatores;
2567 4996 2586 5030 ι
2621 4986 2677 5030 ει
2719 4975 2907 5029 homil.
2947 4975 3013 5030 16
3056 4976 3347 5044 sequenti:
3388 4995 3405 5027 ι
3449 4975 3660 5032 Sidonii

2080 5052 2338 5106 dicuntur
2377 5059 2579 5111 autem,
2628 5048 2930 5115 sicutAante
2967 5046 3079 5115 jam
3125 5046 3387 5107 diximus,
3431 5044 3662 5103 Venato-

2075 5136 2192 5183 res;
2229 5140 2246 5172 ι
2281 5129 2336 5175 et
2358 5119 2548 5173 homil.
2580 5117 2646 5171 l5
2679 5116 2732 5169 in
2765 5113 3007 5170 Ezechﬁ:
3044 5134 3063 5166 ι
3093 5115 3461 5171 Comminatio
3487 5124 3571 5172 est
3602 5117 3659 5173 in

2076 5192 2357 5253 Sidonem,
2392 5205 2515 5259 quae
2552 5190 2943 5259 interpretati"
2999 5184 3300 5259 Venatores.
3334 5205 3352 5237 ι
3384 5184 3656 5259 Hierony-

2074 5276 2197 5315 tnus
2232 5259 2303 5314 De
2325 5253 2524 5313 nantia.
2555 5253 2717 5312 Hebr.
2747 5270 2765 5310 :
2804 5276 2823 5307 ι
2857 5253 3055 5326 Tyrus,
3085 5271 3206 5325 nine
3231 5253 3496 5311 Hebraicc
3521 5253 3657 5311 dici-

2073 5341 2162 5386 tur
2192 5330 2320 5394 Zor,
2351 5339 2405 5384 et
2439 5330 2835 5397 interpretatur
2848 5324 3178 5397 Tribulatio,
3200 5327 3337 5397 *sive
3369 5327 3653 5397 Augustin,

2072 5384 2153 5456 vel
2208 5384 2777 5459 Fortitudo.it'lilem,
2826 5395 3026 5451 ibidem
3078 5412 3091 5449 :
3141 5384 3384 5460 (Sidon,
3434 5384 3655 5451 Venatio

2072 5472 2329 5542 tristitiw.
2377 5488 2394 5521 ι
2424 5469 2602 5542 Tyrus
2636 5484 2665 5522 ιι
2702 5476 2828 5532 aut,
2877 5483 2895 5516 ι
2935 5468 3571 5542 astrin_xit,_coarctavit.
3626 5485 3648 5519 ι

2068 5541 2198 5597 Inde
2238 5555 2438 5597 nomen
2469 5534 2570 5601 "m:
2616 5557 2635 5589 ι
2686 5552 2887 5607 rupes;
2924 5555 2947 5607 ε
3002 5536 3149 5607 unde
3206 5534 3350 5607 Tyro
3407 5552 3651 5604 nomen,

2066 5611 2212 5734 qu'od
2264 5610 2385 5734 ἴυρί
2451 5608 2708 5681 imposita
2758 5605 2855 5661 'sit.
2915 5605 3086 5663 Sidon
3134 5622 3164 5663 a
3206 5605 3308 5668 ’τίκ
3356 5626 3375 5660 ι
3419 5617 3652 5664 venatus

2067 5698 2127 5734 es
2159 5726 2172 5734 .
2214 5703 2231 5731 ι
2291 5699 2347 5734 1).

2067 5690 2172 5738 est.
2214 5703 2231 5731 ι
2270 5690 2347 5736 In.

2140 5754 2253 5820 (50)
2296 5749 2602 5819 Θηρῶιτές
2628 5749 2785 5820 δίο-ιν
2809 5750 2868 5820 al
2900 5747 3164 5820 πονηραί
3187 5746 3494 5820 δυνάμεις.
3532 5746 3646 5803 Hoc

2068 5818 2172 5890 cst,
2205 5818 2477 5879 daemones
2509 5836 2521 5871 :
2558 5821 2631 5875 ita
2658 5818 3113 5890 'l'heolihylactus.
3150 5818 3219 5873 In.
