4100 6452
338 447 441 509 9⁵57

1301 432 1655 503 COMMENT.
1699 447 1764 501 IN
1808 434 2224 504 lilAT'l‘ll.-I:llf.\l
2265 449 2502 506 renus
2543 446 2632 503 xl.

3497 450 3604 509 958

310 556 653 634 σάνεχώρησε
696 558 793 634 μὲν
833 552 940 615 ἁπὸ
974 553 1068 614 τοῦ
1124 561 1339 633 Ἰσραὴλ
1366 603 1380 626 ,
1424 557 1557 633 ἦλθε
1608 562 1663 616 δὲ
1700 563 1799 616 οὐκ
1839 564 1909 626 εἰς

2024 567 2242 637 quidem
2273 567 2341 620 ab
2377 566 2561 630 Israel,
2593 565 2738 620 venit
2768 579 2898 620 vero
2931 579 3037 620 non
3075 562 3280 637 Tyrum
3320 563 3407 621 vel
3446 566 3603 621 Sido-

335 652 517 725 Τύρον
532 654 625 707 καὶ
646 648 870 718 Σιδῶνα,
894 652 1011 706 ἀλλ’
1035 654 1115 715 εἰς
1146 652 1215 705 τὰ
1253 653 1394 725 μέρη
1417 650 1594 725 Τύρου
1624 654 1720 707 καὶ
1750 653 1915 707 Σιδῶα

334 755 444 810 νος,
479 744 557 816 τῷ
583 747 647 799 ὲκ
673 745 875 817 μέρους
897 743 993 798 νῦν
1025 743 1302 798 πιστεύειν
1323 746 1448 808 τοὺς
1472 745 1580 797 ἀπὸ
1596 743 1703 797 τῶν
1722 743 1912 798 ἐθνῶν.

343 836 434 901 Ὦς
464 839 513 890 εί
554 839 635 901 εἰς
677 839 859 891 πᾶσαν
902 836 1096 907 Τύρον,
1157 837 1252 889 καὶ
1295 836 1503 890 Σιδῶνα
1548 837 1913 907 ἐπεδήμησεν,

333 928 508 992 οὐδεὶς
554 929 777 991 ἄπιστος
832 930 889 981 ἐν
933 927 1070 997 αὐτῇ
1127 926 1478 998 κατελείφθη.
1525 927 1688 980 Κατὰ
1723 927 1780 980 δὲ
1825 924 1917 979 τὸν

335 1018 594 1090 Μάρκονο
648 1038 666 1070 ι
718 1019 980 1082 Ἀναστὰς
1029 1020 1058 1071 ὁ
1115 1018 1322 1090 Ἰησοῦς
1367 1014 1536 1090 ἦλθεν
1575 1019 1658 1082 είς
1694 1018 1760 1071 τὰ
1795 1019 1917 1088 ὅρια

336 1103 535 1182 Τύρου,
587 1130 606 1165 ι
642 1112 744 1182 τῆς
775 1111 1003 1181 συνοχῆς
1041 1109 1151 1163 τῶν
1182 1109 1381 1174 ἐθνῶν,
1419 1110 1506 1163 ἵνα
1544 1108 1638 1162 καὶ
1672 1102 1780 1162 ἀπὸ
1809 1109 1917 1162 τῶν

330 1200 496 1274 ὁρίων
555 1203 779 1256 ἐκείνων
821 1203 870 1255 οἱ
909 1200 1254 1264 πιστεύοντες
1300 1200 1539 1271 σωθῆναι
1597 1200 1914 1272 δυνηθῶσιν,

336 1293 474 1346 ἐπὰν
506 1292 795 1358 ὲξέλθωσιν
840 1293 1006 1346 aut-du
1046 1279 1283 1364 πρόσχες
1317 1292 1427 1364 γὰρ
1455 1290 1565 1362 τῷ’
1608 1311 1627 1343 ι
1665 1293 1774 1345 Καὶ
1809 1292 1915 1347 ἰδοὺ

333 1386 471 1457 γυνὴ
518 1380 798 1441 Χαναναία
837 1386 945 1440 άπὸ
982 1384 1091 1439 τῶν
1137 1386 1300 1456 ὁρίων
1354 1384 1581 1439 ἐκείνων
1627 1382 1917 1452 ἐξελθοῦσα

331 1474 530 1548 ἒκραξε
560 1476 793 1545 λέγουσα
814 1486 829 1506 ⁸
863 1475 1116 1546 Ἐλέησόν
1149 1492 1238 1545 με,
1272 1474 1357 1549 υἱὲ
1390 1473 1572 1538 Δαυὶδ,
1604 1473 1636 1543 ἡ
1672 1472 1917 1544 θυγάτηρ

333 1578 437 1641 μου
470 1567 659 1632 δεινῶς
690 1565 1080 1637 δαιμονίζεται.
1123 1585 1141 1618 ι
1173 1567 1282 1620 Καὶ
1310 1561 1486 1636 οἶμαι,
1513 1565 1596 1618 ὅτι
1619 1566 1719 1618 οὐκ
1748 1563 1814 1618 ἂν
1842 1565 1916 1636 μὴ

328 1650 621 1723 ἐξελθοῦσα
649 1657 756 1711 ἀπὸ
790 1657 900 1711 τῶν
930 1655 1095 1729 ὁρίων
1122 1655 1346 1709 ἐκείνων
1372 1656 1596 1727 κράζειν
1637 1655 1775 1727 πρὸς
1813 1655 1917 1725 ἰη-

329 1750 459 1804 σοῦν
479 1750 702 1805 ἐδύνατο
721 1751 831 1804 άπὸ
851 1750 1114 1821 μεγάλης,
1141 1749 1218 1813 ὡς
1241 1748 1620 1821 ἐμαρτυρήθη,
1645 1748 1878 1813 πίστεως
1897 1765 1913 1779 ·

328 1843 426 1897 καὶ
457 1842 601 1896 κατὰ
623 1842 721 1913 τὴν
756 1842 1052 1911 ἀναλογίαν
1091 1858 1154 1910 γε
1204 1841 1303 1911 τῆς
1350 1840 1588 1904 πίστεως
1633 1839 1916 1911 ἐξέρχεταί

2018 674 2169 723 nem,
2204 658 2299 712 sed
2330 658 2383 711 in
2413 668 2595 727 partes
2622 655 2749 727 Tyri
2779 665 2828 712 et
2853 655 3095 724 Sidonis,
3140 669 3199 711 ut
3238 672 3367 727 pars
3409 673 3602 713 eorum

2018 750 2114 819 qui
2145 765 2176 804 e
2212 749 2464 819 gentibus
2495 759 2627 802 sunt
2652 764 2798 803 nunc
2826 748 3033 803 credat.
3081 748 3159 802 lta
3200 757 3261 803 ut
3302 749 3348 804 si
3397 747 3600 820 Tyrum

2022 842 2332 896 universam
2364 850 2419 896 et
2457 840 2716 895 Si‘donem
2760 841 3168 910 perlustrasset,
3209 842 3393 896 nullus
3438 841 3491 894 in
3537 855 3602 895 ea

2019 934 2244 989 relictus
2308 933 2504 989 fuisset
2566 935 2900 988 incredulus.
2965 934 3036 988 At
3087 935 3242 1003 juxta
3309 933 3601 989 Marcum:

2026 1044 2044 1076 ι
2076 1025 2319 1095 Snrgens
2372 1021 2533 1080 Iesus
2582 1025 2716 1079 abiit
2765 1028 2819 1079 in
2877 1025 3012 1081 ﬁnes
3062 1025 3220 1097 Tyri,
3266 1044 3284 1077 ι
3336 1025 3606 1094 angustia:

2019 1127 2214 1185 nempe
2265 1117 2533 1185 gentium,
2569 1123 2627 1169 nt
2677 1124 2731 1170 et
2783 1116 3016 1171 salutem
3064 1116 3326 1186 consequi
3379 1122 3603 1185 possent

2020 1203 2302 1257 credentes
2351 1217 2380 1256 e
2414 1202 2615 1257 ﬁnibus
2648 1203 2773 1263 illis,
2809 1212 3165 1274 posteaquam
3195 1220 3257 1259 ex
3298 1205 3366 1260 iis
3396 1205 3602 1275 egressi

2022 1292 2271 1348 fuissent.
2307 1290 2445 1347 Nam
2478 1295 2722 1348 animum
2769 1296 2834 1349 ad
2876 1296 2931 1350 id
2967 1297 3188 1351 adverte
3215 1297 3235 1327 ³
3269 1314 3282 1349 :
3317 1314 3336 1347 ι
3370 1295 3433 1349 Et
3475 1310 3604 1351 ecce

2020 1386 2217 1440 mulier
2260 1385 2567 1440 Chananma
2603 1401 2633 1440 a
2664 1385 2825 1457 503
2859 1386 3061 1442 ﬁnibus
3092 1387 3199 1443 illis
3240 1403 3458 1460 egressa
3486 1388 3603 1443 cla-

2019 1477 2188 1533 mavit
2219 1477 2409 1533 dicens
2439 1497 2453 1532 :
2487 1477 2745 1534 Miserere
2776 1479 2917 1544 mei,
2970 1479 3044 1533 lili
3086 1479 3280 1545 David,
3326 1479 3436 1535 lilia
3482 1495 3603 1534 mea

2020 1569 2159 1623 male
2191 1584 2222 1624 a
2251 1569 2523 1623 dremonio
2551 1577 2801 1623 vexatur.
2836 1588 2854 1622 ι
2883 1570 2948 1625 At
2978 1584 3080 1640 ego
3101 1571 3321 1639 quidem
3345 1571 3605 1627 existimo

2020 1662 2125 1716 nisi
2156 1675 2185 1715 e
2220 1659 2423 1715 ﬁnibus
2452 1660 2560 1714 illis
2593 1661 2849 1723 exiissct,
2881 1661 2947 1717 ad
2977 1659 3163 1716 Iesum
3205 1662 3444 1717 clamare
3491 1674 3602 1716 non

2018 1753 2265 1822 potuisse
2296 1767 2361 1806 ex
2390 1766 2607 1822 magna,
2648 1761 2707 1805 ut
2738 1752 3068 1821 perhibitum
3105 1760 3209 1817 est,
3247 1753 3391 1808 ﬁde:
3426 1762 3480 1808 et
3499 1766 3603 1823 pro

2021 1844 2143 1900 ﬁdei
2195 1844 2445 1913 portione
2495 1843 2773 1914 egreditur
2817 1843 2940 1913 quis
2987 1859 3017 1897 e
3066 1843 3268 1900 ﬁnibus
3317 1844 3601 1916 gentium,

324 1950 415 1997 τις
443 1933 552 1987 άπὺ
582 1933 690 1986 τῶν
739 1935 797 1986 ἐν
834 1935 946 1996 τοῖς
978 1931 1188 1986 ἔθνεσιν
1224 1931 1410 2002 ὁρίων,
1449 1930 1519 1997 ἃ,
1554 1932 1643 1986 ὅτε
1670 1932 1909 2003 διεμέρι-

2021 1949 2180 2006 quas,
2222 1953 2241 1985 ι
2275 1932 2493 2003 quando
2543 1932 2823 1987 dividebat
2871 1932 3191 1989 Altissimus
3228 1943 3439 2005 gentes,
3467 1949 3604 1988 con-

323 2023 422 2089 ζεν
474 2024 600 2095 ἔθνη
647 2025 675 2077 ὁ
722 2023 1003 2093 Ὕψιστος,
1054 2023 1249 2095 ἔστησε
1309 2022 1451 2077 κατὰ
1497 2022 1728 2095 ἀριθμὸν
1786 2022 1916 2077 υίῶν

334 2110 556 2189 Ἰσραὴλ
584 2116 694 2187 (51)
714 2156 729 2180 ,
765 2117 861 2170 καὶ
887 2115 985 2187 τὴν
1015 2117 1109 2170 ἐπὶ
1141 2115 1323 2170 πλεῖον
1354 2114 1529 2187 φορὰν
1569 2115 1749 2170 αὐτῶν
1779 2114 1917 2170 ἐκώ·-

320 2209 505 2264 λυσεν.
568 2208 834 2263 Ἐνταῦθα
883 2208 984 2278 μὲν
1026 2204 1118 2263 οῦν
1150 2209 1274 2279 ὅρια
1313 2208 1531 2281 εἴρηταί
1570 2226 1694 2263 τινα
1736 2206 1915 2283 Τύρου

322 2302 420 2356 καὶ
452 2300 682 2365 Σιδῶνος
702 2317 718 2331 °
769 2303 827 2356 ἐν
859 2300 916 2354 δὲ
948 2304 1014 2373 τῇ
1060 2300 1257 2372 Ἑξόδῳ
1291 2301 1416 2373 ὅρια
1450 2300 1546 2355 τοῦ
1574 2300 1774 2375 Φαραὼ
1794 2343 1809 2368 ,
1857 2302 1917 2356 ἐν

319 2384 424 2458 οἷς,
448 2393 600 2463 φασὶ,
621 2392 864 2461 γίνονται
893 2393 950 2447 αἱ
982 2392 1126 2448 κατὰ
1154 2392 1262 2447 τῶν
1288 2392 1603 2462 Αἰγυπτίων
1623 2394 1911 2464 μάστιγες.

320 2485 434 2540 Καὶ
461 2483 748 2556 νομιστέον
776 2502 840 2555 γε
884 2484 1118 2539 ἕκαστον
1153 2485 1333 2557 ήμῶν,
1371 2485 1756 2558 ἁμαρτάνοντα
1792 2486 1912 2557 μὲν,

321 2577 381 2632 ἐν
405 2578 518 2641 τοῖς
537 2569 706 2647 ὁρίοις
731 2568 875 2630 εἶναι
904 2577 1082 2648 Τύρου
1106 2617 1121 2641 ,
1155 2577 1189 2648 ἢ
1222 2576 1472 2641 Σιδῶνος,
1505 2577 1537 2649 ἢ
1567 2576 1770 2650 Φαραὼ
1818 2577 1914 2633 καὶ

318 2670 420 2742 τῆς
458 2668 756 2737 Αἰγύπτου,
789 2669 823 2739 ἦ
858 2685 1003 2734 τινος
1034 2668 1142 2723 τῶν
1168 2669 1273 2734 ἔξω
1299 2669 1400 2741 τῆς
1426 2669 1521 2723 τοῦ
1543 2669 1678 2723 Θεοῦ
1702 2669 1912 2741 ’κληρο-

318 2762 537 2826 δοσίαςο
586 2761 990 2834 μεταϐάλλοντα
1028 2762 1084 2816 δὲ
1117 2761 1226 2816 ἀπὸ
1265 2761 1366 2834 τῆς
1409 2760 1609 2828 κακίας
1656 2763 1737 2827 είς
1781 2763 1913 2834 ἀρε-

319 2854 441 2926 τὴν,
480 2851 799 2927 ἐξέρχεσθαι
831 2854 931 2926 μὲν
960 2855 1070 2908 ἀπὸ
1102 2854 1212 2909 τῶν
1246 2854 1389 2910 κατὰ
1420 2856 1489 2910 τὰ
1514 2854 1694 2925 φαῦλα
1725 2856 1911 2928 ὁρίων,

321 2947 546 3016 φθάνειν
583 2947 639 3002 δὲ
664 2947 758 3001 ἐπὶ
786 2946 857 3001 τά
884 2947 1010 3018 ὅρια
1037 2947 1139 3019 τῆς
1165 2947 1385 3021 μερίδος
1413 2948 1507 3002 τοῦ
1540 2946 1700 3013 θεοῦ,
1731 2949 1826 3003 καὶ
1853 2951 1912 3003 ἐν

317 3038 530 3103 τούτοις
565 3037 732 3111 οὔσης
776 3039 1038 3111 διαφορᾶς
1060 3079 1075 3104 ,
1125 3040 1250 3111 ἥτις
1287 3043 1535 3111 φανεῖται
1575 3043 1688 3104 τοῖς
1718 3039 1788 3094 τά
1814 3040 1911 3095 τοῦ

316 3130 593 3205 μερισμοῦ
638 3131 732 3186 καὶ
767 3128 869 3203 τῆς
909 3130 1266 3205 κληροδοσίας
1293 3131 1388 3185 τοῦ
1428 3132 1644 3206 Ἰσραὴλ
1673 3133 1910 3207 δυναμέ-

210 3223 215 3227 ’
492 3223 758 3329 ἀνάλογον
821 3222 902 3296 τῷ
956 3221 1319 3329 πνευματωξῷ
1365 3225 1676 3279 συνιστάναι
1737 3225 1908 3297 νόμῳ.
1938 3271 1981 3329 c

314 3310 564 3386 Πρόσχες
582 3314 640 3368 δὲ
666 3315 761 3368 καὶ
787 3316 853 3386 τῇ
874 3312 1039 3367 οἱονεὶ
1061 3314 1365 3386 ἀπαντήσει
1388 3316 1656 3389 γενομένῃ
1682 3316 1778 3370 τοῦ
1807 3318 1913 3390 ’1η⁶

317 3403 415 3459 σοῦ
446 3405 587 3476 πρὸς
617 3403 714 3477 τὴν
748 3405 1063 3459 Χαναναίαν
1094 3409 1330 3475 γυναῖκα
1351 3422 1365 3436 ·
1413 3409 1442 3460 ὁ
1485 3408 1584 3479 μὲν
1614 3408 1723 3480 γάρ
1750 3408 1910 3481 ἔρχεσ-

315 3510 406 3551 ut
448 3496 526 3561 ὡς
568 3497 661 3551 ἐπὶ
689 3497 758 3551 τὰ
799 3497 942 3569 μέρη
989 3497 1167 3570 Τύρου
1209 3499 1305 3552 καὶ
1335 3498 1582 3565 Σιδῶνος,
1620 3503 1653 3571 ἡ
1679 3501 1736 3555 δὲ
1764 3500 1912 3566 ἐξελ-

316 3591 487 3647 θοῦσα
513 3591 623 3646 τῶν
655 3592 820 3664 ὁρίων
842 3592 1069 3646 ἐκείνων
1100 3593 1342 3665 κέκραγε
1366 3592 1631 3662 λέγουσα’
1674 3613 1693 3645 ι
1736 3595 1914 3666 Ἐλέη-

317 3681 411 3737 σόν
447 3699 535 3753 με,
570 3681 765 3755 Κύριε,
792 3683 876 3735 υίέ
911 3682 1095 3736 Δαυίδ.
1136 3702 1157 3735 ι
1197 3684 1480 3738 Χαναναία
1509 3685 1565 3738 δὲ
1585 3680 1655 3758 ἦν
1687 3689 1721 3758 ή
1748 3685 1907 3757 γυνὴ,

315 3776 455 3847 ὅπερ
489 3775 967 3847 μεταλαμϐάνεται
1005 3778 1087 3840 είς
1130 3775 1211 3843 τὸ,
1249 3777 1663 3848 ἡτοιμασμένη
1704 3796 1908 3836 ταπει-

316 3869 498 3923 νώσει
541 3866 677 3941 (52).
731 3869 794 3922 Οί
848 3869 946 3940 μὲν
990 3867 1190 3923 δίκαιοι
1241 3870 1631 3941 ἡτοιμασμένοι
1674 3873 1813 3926 εἰσὶν
1852 3876 1911 3927 ἐν

318 3957 563 4031 βασιλείᾳ
594 3957 705 4014 τῶν
736 3958 979 4032 οὐρανῶν
1026 3958 1139 4032 (55)
1161 3999 1174 4025 ,
1222 3961 1318 4014 καὶ
1352 3964 1418 4033 τῇ
1461 3963 1519 4015 ἐν
1546 3965 1612 4033 τῇ
1653 3963 1902 4037 βασιλείᾳ

315 4048 411 4104 τοῦ
442 4049 579 4104 Θεοῦ
611 4049 816 4120 ὑψώσει
838 4068 850 4081 ·
888 4053 936 4104 οἱ
960 4050 1017 4104 δὲ
1051 4051 1368 4123 ἁμαρτωλοὶ
1399 4054 1792 4125 ἡτοιμασμένοι
1815 4073 1911 4110 τα·-

316 4141 576 4196 πεινὼσει
612 4143 712 4214 τῆς
740 4143 795 4198 ἐν
820 4144 1004 4206 αὐτοῖς
1033 4143 1254 4209 κακίας,
1301 4144 1397 4197 καὶ
1429 4144 1537 4198 τῶν
1576 4148 1698 4199 κατ’
1740 4146 1911 4220 αὐτὴν

314 4232 591 4307 πράξεων,
640 4234 1040 4306 ἑτοιμαζόντων
1079 4235 1189 4308 (54)
1229 4234 1427 4300 αὐτοὺς
1466 4238 1626 4309 αὐτῇ,
1680 4237 1775 4292 καὶ
1811 4240 1909 4311 τῆς

317 4323 704 4398 βασιλευούσης
742 4329 801 4382 ἐν
835 4327 911 4399 τῷ
943 4326 1123 4399 θνητῷ
1151 4328 1333 4381 αὐτῶν
1373 4326 1585 4399 σώματι
1611 4332 1906 4403 ἁμαρτίας.

316 4415 461 4488 Πλὴν
488 4418 521 4489 ἡ
551 4418 828 4487 Χαναναία
864 4417 1156 4483 ἐξελθοῦσα
1186 4418 1294 4474 ἀπὸ
1322 4419 1431 4472 τῶν
1462 4420 1625 4491 ὁρίων
1658 4421 1904 4488 ἐκείνων,

314 4508 461 4580 ἐξῄει
493 4510 603 4564 ἀπὸ
629 4509 725 4564 τοῦ
772 4509 1102 4583 ἡτοιμάσθαι
1151 4511 1261 4584 (55)
1310 4514 1375 4583 τῇ
1419 4511 1767 4578 ταπεινώσει,
1814 4531 1906 4567 κε-

2019 2027 2199 2083 stituit
2223 2026 2379 2096 juxta
2412 2041 2702 2080 numerum
2733 2025 2972 2080 liliorum
3004 2024 3169 2081 Israel
3202 2027 3243 2092 ³,
3282 2046 3301 2078 ι
3333 2034 3388 2081 et
3416 2025 3604 2097 prohi-

2018 2120 2137 2176 buit
2161 2135 2228 2173 nc
2254 2119 2487 2174 ulterius
2524 2117 2919 2188 proferrentur.
2949 2116 3049 2173 Hic
3095 2119 3261 2189 igitur
3303 2120 3437 2173 lines
3480 2117 3604 2188 qui-

2018 2211 2143 2267 dam
2171 2210 2299 2283 Tyri
2328 2220 2381 2267 et
2408 2210 2629 2267 Sidonis
2670 2211 2800 2267 dicti
2853 2222 3023 2278 sunt;
3073 2212 3127 2267 in
3179 2210 3368 2267 Exodo
3416 2221 3599 2267 autem

2019 2305 2155 2359 lines
2186 2301 2488 2358 Pharaonis
2514 2302 2556 2367 ",
2592 2302 2645 2356 in
2675 2303 2894 2371 quibus,
2922 2303 3197 2372 inquiunt,
3231 2305 3368 2358 ﬁunt
3389 2302 3600 2375 ﬂagella

2018 2396 2280 2450 adversus
2337 2392 2646 2464 :Egyptios.
2712 2392 2789 2447 Ae
2844 2394 3179 2448 censendum
3239 2393 3460 2463 quidem
3518 2400 3604 2448 est

2017 2501 2468 2558 unumquemque
2517 2493 2789 2551 nostrum,
2839 2484 2969 2539 dum
3023 2492 3244 2554 peccat,
3292 2484 3347 2539 in
3399 2484 3602 2539 finibus

2015 2579 2223 2634 versari
2253 2576 2405 2649 Tyri,
2436 2576 2521 2631 vel
2548 2574 2790 2638 Sidonis,
2825 2576 2908 2630 vel
2940 2573 3245 2629 Pharaonis
3275 2582 3326 2628 et
3355 2572 3599 2645 Egypti,

2016 2673 2099 2728 vel
2134 2671 2376 2741 alicujus
2406 2686 2472 2725 ex
2508 2670 2576 2724 iis
2602 2668 2696 2739 qui
2742 2675 2872 2723 sunt
2919 2675 3076 2722 extra
3126 2667 3458 2722 haereditatis
3505 2666 3599 2721 Dei

2015 2763 2500 2828 distributionem;
2535 2761 2859 2830 migrantem
2904 2773 3035 2814 vero
3066 2772 3096 2812 a
3128 2758 3261 2812 vitio
3306 2757 3375 2812 ad
3430 2757 3603 2810 virtu-

2016 2869 2147 2925 tem,
2181 2857 2331 2912 exire
2356 2871 2388 2910 e
2419 2855 2678 2910 vitiorum
2711 2852 2931 2917 ﬁnibus,
2961 2851 3030 2905 ad
3069 2851 3206 2905 lines
3250 2863 3379 2904 vero
3429 2848 3602 2917 partis

2014 2946 2111 3003 Dei
2156 2945 2461 3018 pervenire,
2505 2959 2630 3000 cum
2679 2943 2735 2998 in
2788 2941 2875 2997 his
2928 2949 3110 2997 tamen
3152 2939 3226 2995 sit
3275 2939 3598 3007 dill'erentia,

2013 3058 2136 3114 quae
2164 3042 2245 3096 eis
2287 3038 2571 3110 apparebit
2594 3036 2688 3108 qui
2729 3043 2962 3106 possunt
3001 3050 3064 3089 ea
3106 3048 3231 3104 quae
3267 3034 3333 3088 ad
3371 3032 3599 3088 divisio-

2013 3149 2138 3191 nem
2164 3142 2220 3188 et
2250 3130 2581 3188 haereditatis
2607 3129 2775 3186 Israel
2808 3127 3251 3183 distributionem
3301 3125 3601 3196 pertinent,

2012 3228 2170 3298 juxta
2201 3223 2497 3295 spiritualis
2526 3220 2662 3293 legis
2685 3219 2952 3275 rationem
2987 3218 3341 3275 constituere.
3367 3217 3602 3273 Attende

2013 3320 2144 3374 item
2176 3317 2244 3372 ad
2278 3316 2426 3371 hunc
2453 3312 2584 3369 Jesu
2614 3309 2773 3382 quasi
2805 3325 3100 3366 occursum
3141 3307 3354 3364 factum
3379 3306 3597 3363 mulieri

2012 3410 2374 3473 Chananteaz;
2403 3406 2449 3462 is
2476 3405 2621 3460 enim
2657 3403 2805 3459 venit
2836 3411 3094 3473 tanquam
3150 3401 3205 3456 in
3255 3409 3438 3471 partes
3467 3398 3596 3471 Tyri

2012 3496 2073 3554 et'
2095 3496 2361 3563 Sidonis;
2403 3494 2518 3549 haec
2558 3501 2741 3547 autem
2779 3508 2809 3546 e
2841 3492 3041 3546 ﬁnibus
3076 3489 3185 3545 illis
3227 3505 3443 3560 egressa
3483 3490 3599 3545 cla-

2014 3589 2183 3644 mavit
2207 3587 2401 3643 dicens
2428 3603 2442 3640 :
2477 3603 2495 3636 ι
2529 3583 2786 3660 Miserere
2816 3584 2944 3645 mei,
2971 3581 3221 3645 Domine,
3248 3580 3324 3635 ﬁli
3353 3579 3542 3634 David.
3571 3599 3591 3631 ι

2013 3682 2209 3737 Mulier
2239 3694 2371 3734 vero
2402 3687 2523 3734 erat
2556 3678 2887 3742 Cbauanma,
2924 3674 3066 3744 quod
3100 3673 3493 3742 interpretatur
3525 3672 3595 3724 ad

2012 3773 2371 3828 humilitatem
2403 3780 2618 3841 parata.
2669 3767 2812 3823 Iusti
2859 3767 3081 3836 quidem
3127 3764 3304 3835 parati
3352 3770 3481 3818 sunt
3527 3762 3597 3825 ad

2012 3879 2243 3935 regnum
2270 3862 2560 3929 cmlorum,
2590 3869 2646 3916 et
2674 3859 2965 3915 elationem
3022 3872 3145 3928 qua:
3190 3869 3276 3910 eSt
3321 3855 3377 3909 in
3428 3870 3598 3926 regno

2014 3957 2107 4013 Dei
2143 3975 2157 4012 :
2190 3964 2504 4027 peccatores
2551 3963 2734 4009 autem
2778 3952 2955 4023 parati
2995 3951 3060 4005 ad
3101 3949 3457 4019 abjectionem
3502 3964 3598 4003 ne-

2011 4052 2199 4122 quitiae
2224 4065 2347 4122 quae
2375 4051 2430 4104 in
2455 4048 2564 4103 illis
2595 4056 2679 4103 est
2705 4055 2761 4101 et
2785 4044 3094 4101 facinorum
3119 4057 3239 4112 quas
3264 4041 3421 4112 juxta
3445 4041 3595 4095 illam

2013 4145 2170 4209 ﬁunt,
2204 4142 2306 4197 hos
2334 4140 2403 4196 ad
2432 4154 2553 4195 eam
2583 4137 3034 4209 prreparantium,
3057 4142 3112 4188 et
3138 4132 3343 4203 peccati
3375 4131 3429 4185 in
3455 4148 3598 4186 mor-

2011 4236 2106 4290 tali
2134 4248 2328 4290 eorum
2360 4246 2592 4302 corpore
2617 4228 2898 4302 regnantis
2923 4229 2967 4281 ⁸.
2993 4226 3262 4281 Caeterum
3286 4224 3594 4280 Chanamza

2011 4342 2234 4399 egressa
2267 4341 2299 4380 e
2332 4324 2536 4379 ﬁnibus
2563 4322 2695 4390 illis,
2730 4336 2760 4376 a
2790 4319 3187 4391 praeparatione
3221 4318 3287 4371 ad
3333 4316 3597 4387 objectio-

2011 4434 2137 4474 nem
2171 4417 2416 4474 exiverat
2442 4416 2690 4471 clamans
2723 4422 2779 4468 et
2816 4411 3005 4468 dicens
3032 4411 3053 4442 '
3081 4427 3096 4465 :
3130 4428 3149 4463 ι
3177 4408 3436 4465 Miserere
3465 4409 3593 4476 mei,

2014 4512 2266 4578 Domine,
2305 4509 2378 4563 ﬁli
2410 4506 2598 4562 David.
2631 4526 2652 4560 ι

316 4606 556 4675 κραγυῖα
603 4606 697 4658 καὶ
744 4604 1011 4673 λέγουσαο
1054 4624 1073 4657 ι
1123 4605 1374 4678 Ἐλέησόν
1421 4622 1522 4677 με,
1571 4606 1781 4678 Κύριε,
1820 4608 1906 4661 υἱὲ
1940 4607 2120 4663 Δαυίδ.
2160 4625 2178 4656 ι

387 4723 408 4754 ³
434 4723 627 4780 Matth.
663 4741 753 4791 xv,
777 4723 878 4780 22.
956 4726 977 4757 ³
1014 4725 1230 4782 Denter.
1266 4742 1464 4793 xxxtn,
1489 4727 1544 4782 8.
1624 4726 1645 4759 ι
1667 4727 1841 4784 Exod.
1875 4744 1996 4791 vm,
2025 4725 2095 4790 2;
2123 4721 2255 4787 x,4.
2334 4722 2355 4753 ³
2385 4717 2546 4774 Rom.
2579 4733 2654 4783 vr,
2694 4718 2778 4771 l2.
2858 4717 2879 4748 ⁸
2901 4716 3091 4771 Matth.
3119 4732 3212 4782 xv,
3242 4715 3346 4781 22,
3378 4731 3470 4780 xx,
3502 4713 3597 4769 30.

384 4840 500 4909 (51)
537 4840 806 4906 Ἔστησε
846 4838 997 4893 κατὰ
1028 4836 1278 4907 ἀριθμὸν
1317 4836 1463 4893 υἱῶν
1513 4837 1780 4906 Ἰσραήλ.
1826 4836 1897 4893 Ita

2015 4841 2113 4897 bet,
2138 4850 2162 4909 ι
2185 4827 2485 4909 secundum
2508 4842 2795 4909 numerum
2816 4827 3052 4909 ﬁliorum
3077 4823 3261 4909 Israel.
3294 4823 3594 4909 iHusrtgs.
3636 4820 3641 4825 ’

315 4945 376 4986 se
435 4930 638 4986 habent
689 4929 978 4997 Hebt'aica,
1025 4928 1184 4984 Dent.
1220 4944 1395 4990 xxx".
1431 4929 1487 4996 8,
1533 4937 1662 4989 -νιι
1699 4913 1901 4991 ’πεοιπὸ

312 5001 499 5081 ’τη-πω
522 5040 542 5073 ι
566 5019 727 5091 juxta
754 5035 1042 5074 numerum
1076 5017 1544 5091 liliorttm_Israel;
1590 5039 1608 5071 ι
1639 5023 1929 5090 quemail-'

242 5104 245 5105 '
286 5097 538 5187 imodum
561 5088 882 5160 interpretes
903 5106 1116 5146 omnes.
1147 5089 1259 5145 Soli
1283 5088 1462 5187 LXI}:
1497 5090 1638 5146 κατὰ
1662 5088 1901 5187 Ὕάριθμξν

284 5162 563 5254 ίάγγέλων
587 5182 745 5238 Θεοῦ.
773 5181 1044 5254 Legerant
1079 5181 1335 5254 fortasse,
1393 5165 1633 5254 58:1”;3

322 5269 350 5324 ε
369 5253 523 5321 juxta
556 5252 1113 5324 numernm'ﬁliorum
1139 5252 1266 5324 Dei,
1291 5272 1309 5304 ι
1343 5254 1489 5324 quod
1524 5253 1651 5306 alibi
1680 5270 1899 5324 quoque

316 5319 671 5405 Septuaginta
685 5323 1074 5405 reddiderunt,
1115 5319 1468 5404 ἄγγελοι.”Αὺ
1480 5319 1899 5405 antiquissimis

315 5392 657 5465 tenuioribus
684 5393 739 5447 in
762 5394 1153 5465 interpretibus
1168 5392 1355 5465 sacris
1375 5392 1616 5465 varietas
1634 5392 1900 5465 haecine-

318 5461 472 5528 levit,
528 5472 592 5517 nt
635 5477 757 5528 qua:
814 5462 868 5518 in
909 5461 1418 5519 'vetustissimorum
1466 5462 1687 5517 Patrum
1743 5463 1896 5520 libris

317 5540 597 5603 appareat.
627 5532 1101 5603 OrigenesAbomil.
1129 5533 1201 5588 28
1233 5534 1283 5588 in
1306 5532 1503 5588 Num.:
1536 5553 1554 5585 ι
1589 5533 1725 5600 Quia
1754 5535 1897 5591 sicut

317 5601 445 5659 cum
497 5601 837 5673 dispergeret
886 5601 1029 5659 Deus
1079 5604 1220 5659 ﬁlios
1261 5605 1465 5667 Adam,
1520 5606 1711 5660 statuit
1758 5605 1894 5660 lines

319 5674 558 5753 gentium
592 5671 893 5753 secundum
912 5679 1199 5753 numerum
1221 5673 1530 5753 angelorum
1553 5675 1667 5738 Dei,
1682 5674 1817 5741 .vel,
1837 5684 1896 5730 ut

320 5741 373 5797 in
402 5744 526 5800 aliis
557 5743 958 5813 exemplaribus
986 5743 1238 5813 legimus,
1264 5741 1586 5813 «secundum
1608 5759 1894 5801 numerum

318 5813 553 5869 ﬁliorum
582 5811 770 5877 Israel,
799 5832 817 5865 δ
840 5821 967 5878 etc.~,
991 5811 1058 5867 et'
1073 5812 1220 5867 hom.
1248 5813 1314 5866 15
1342 5812 1393 5865 in
1427 5811 1647 5879 Ezech.,
1669 5830 1689 5863 ι
1710 5830 1900 5870 secun-

319 5884 445 5938 dum
472 5900 760 5940 numerum
788 5884 1103 5955 angelorum
1129 5881 1245 5948 Dei,
1291 5900 1308 5934 ι
1350 5880 1462 5938 sive
1491 5892 1550 5937 ut
1572 5884 1766 5941 melius
1804 5886 1901 5941 ba-

2074 4891 2192 4973 (32)
2233 4897 2663 4973 Ἡτοιμασμένη
2691 4895 3064 4973 ταπεινώσει.
3093 4891 3162 4958 Ἀ,
3201 4904 3301 4959 Ἦ)
3325 4896 3469 4949 unde
3498 4894 3599 4973 _Ni-

2005 4965 2132 5045 phal
2161 4965 2281 5045 in);
2317 4988 2336 5021 ι
2361 4965 2702 5045 incurvatus,
2712 4969 3040 5045 depressus,
3068 4983 3088 5017 ι
3102 4974 3170 5045 _et
3192 4965 3596 5045 per_metaphoo

2005 5034 2206 5109 iam”
2236 5041 2579 5096 humiliatus.
2614 5059 2633 5091 ι
2684 5038 2765 5093 Ex
2797 5034 2912 5093 hoc
2937 5038 3058 5092 loco
3102 5034 3545 5109 Théophylactus
3576 5053 3594 5092 :

2006 5106 2381 5187 zavavaiaﬁs,
2415 5109 2795 5187 ἡτοιμασμένη
2817 5110 2882 5187 τῇ
2911 5106 3261 5187 ταπεινώσειε
3286 5106 3363 5161 In.
3383 5174 3410 5186 _

2077 5186 2191 5256 (5.5)
2236 5176 2978 5256 Ἠτοιμὲισιίένοι-εζρνὶιὶίρτν
3009 5176 3301 5256 ,βασιλείᾳ
3335 5176 3456 5230 τῶν
3480 5180 3593 5256 ,οὺ-

1999 5245 2226 5323 paritr,
2256 5260 2362 5308 etc.
2383 5245 2607 5323 'Allu'dit
2645 5249 2712 5303 ad
2756 5249 2947 5323 Matth.
2985 5263 3110 5323 xxv,
3152 5248 3242 5301 54.
3279 5245 3590 5323 Legendum

2007 5319 2259 5395 videtur:
2291 5319 2832 5395 ἡτοιμασμένοι-εἰσὶ
2877 5319 3143 5395 βασιλεία,
3174 5327 3306 5395 e_tc.,
3345 5330 3405 5371 ut
3445 5320 3592 5395 ἡτοι-

2051 5394 2279 5467 ασμένοι
2301 5387 2654 5467 ταπεινώσει,
2674 5387 2909 5467 ῥιίίῶσει.
2927 5387 3372 5467 Tlteopliylactus
3392 5387 3591 5467 signa

2051 5413 2279 5467 ασμενοι
2301 5413 2654 5453 ταπεινωσει,
2682 5413 2909 5459 υψωσει.
2946 5413 3372 5458 ιιιστιψιιιιίιυιυδ
3392 5413 3463 5466 sit
3489 5413 3590 5467 uti;

2003 5413 2156 5521 ioco:
2190 5464 2384 5536 Oiydp
2409 5461 2605 5536 δίκαιοι
2631 5460 2711 5531 τῷ
2741 5459 2866 5532 ὕψει
2893 5458 2997 5529 τῆς
3023 5456 3301 5529 βασιλείας
3324 5472 3421 5509 του
3451 5456 3590 5509 Θεου

2004 5534 2435 5609 ἡτοιμάσθησαν.
2472 5534 2543 5585 In.
2571 5599 2586 5609 _
2774 5598 2828 5609 ω
3056 5596 3092 5609 __
3256 5596 3267 5607 _

2074 5596 2192 5677 (5'5)
2233 5596 2531 5677 Πρᾉὰξεων,
2560 5598 3005 5677 τίει)ιιιοιζξώοςτίοένἶ
3056 5596 3132 5650 Ita
3164 5596 3425 5677 scriptum
3471 5603 3593 5677 erat

2004 5676 2057 5730 in
2081 5666 2244 5732 ‘cotm.
2276 5666 2461 5729 Ilolm.
2504 5680 2560 5726 et
2592 5666 2724 5740 Reg.
2771 5669 2877 5740 Sed
2906 5667 3037 5740 quis
3069 5682 3177 5719 non
3227 5666 3372 5720 violet
3412 5668 3589 5722 curri-

2006 5748 2242 5818 gentlum
2265 5760 2392 5818 esse
2421 5737 2821 5818 ἐτοιμαζουσῶν
2841 5741 2864 5791 ?
2885 5737 2980 5818 _ln.
3019 5805 3054 5818 ἢ
3134 5804 3145 5818 ο
3349 5806 3379 5818 η

2079 5817 2170 5886 (55
2216 5805 2612 5886 Ἡτοιμάσθὰι.
2665 5811 2753 5866 Sic
2800 5810 2969 5867 codex
3015 5805 3250 5878 Regius,
3312 5806 3403 5862 alii
3456 5820 3589 5863 vero

2011 5885 2431 5961 ἡτοιμασθῆναι.
2616 5894 2617 5897 “
