4100 6424
472 381 581 441 959

548 509 639 566 Π.
691 509 898 581 Collige
947 516 1129 563 autem
1175 522 1242 561 ex
1292 504 1605 578 Evangeliis
1654 506 1880 576 quinam
1935 522 2061 561 eum
2093 511 2138 566 Α

477 600 648 658 ﬁlium
677 601 842 658 David
874 600 1169 671 appellant,
1202 600 1346 655 sicut
1375 598 1489 662 illa,
1520 608 1576 655 et
1601 599 1732 655 czcci
1771 600 1866 669 qui
1902 609 2064 656 erant

473 690 826 759 Jericiiunte;
852 693 1076 763 quinam
1108 707 1239 746 vero
1268 690 1468 746 Filium
1498 690 1617 756 Dei,
1658 705 1824 763 atque
1856 693 1911 748 id
1938 694 2062 763 qui-

475 786 597 841 dem
625 786 745 840 sine
768 786 1082 841 addimcnto
1112 786 1379 851 vocabuli]
1401 801 1537 851 vere,
1559 794 1619 839 ut
1646 794 1704 840 et
1743 786 2064 842 daemoniaci

475 876 720 931 dicentes
745 878 766 909 ⁷
802 895 817 933 :
855 896 874 929 ι
908 877 1048 943 Quid
1079 878 1240 932 nobis
1262 885 1318 931 et
1351 877 1472 944 tibi,
1502 876 1577 931 ﬁli
1609 875 1704 931 Dei
1731 894 1745 942 ;
1780 896 1798 929 ι
1833 879 2060 947 quinam

474 976 655 1022 autem
689 985 814 1024 cum
850 969 1158 1040 adjectiune
1188 968 1361 1035 vocis,
1392 984 1526 1033 vere,
1559 976 1620 1023 ut
1643 969 1737 1038 qui
1764 969 1817 1022 in
1844 970 2061 1038 navigio

474 1058 777 1114 adorabant
799 1060 1044 1116 dicentes
1067 1059 1143 1113 illi
1166 1077 1179 1114 :
1202 1077 1221 1108 ι
1251 1057 1388 1114 Vere
1404 1058 1567 1130 505
1587 1058 1759 1114 Filius
1785 1058 1876 1113 Dei
1894 1075 1951 1113 es
1964 1060 2007 1114 ⁸.
2034 1078 2053 1112 ι

474 1145 682 1203 llorum
718 1149 812 1204 sed
853 1150 1002 1204 enim
1040 1147 1289 1204 collectio
1332 1147 1482 1202 utilis
1530 1147 1634 1202 erit
1677 1147 1804 1211 tibi,
1842 1147 2058 1217 opinor,

473 1237 542 1292 ad
568 1252 760 1292 eorum
788 1236 1225 1307 cognoscendam
1260 1235 1624 1291 diﬂ‘ereutiam
1646 1236 1741 1305 qui
1773 1236 1839 1289 ad
1868 1234 2058 1291 Jesnm

475 1330 785 1394 accedunt;
818 1329 1070 1384 nonnulli
1100 1328 1326 1403 quidem
1358 1343 1505 1393 eum,
1541 1336 1601 1383 ut
1628 1328 1723 1397 qui
1757 1343 1823 1382 ex
1850 1327 2061 1385 semine

484 1418 651 1475 David
683 1421 987 1476 secundum
1015 1435 1235 1475 carnem
1278 1420 1495 1491 genitus
1538 1418 1630 1485 sit,
1662 1419 1863 1474 adeunt
1894 1438 1908 1486 ;
1937 1420 2060 1489 qui-

478 1512 606 1565 dam
642 1527 771 1566 vero
801 1522 1062 1582 tanquam
1117 1528 1240 1566 eum
1265 1552 1279 1577 ,
1325 1510 1421 1580 qui
1456 1530 1476 1559 ι
1508 1511 1925 1581 pranlestinatus
1975 1520 2061 1566 est

476 1601 649 1658 Filius
677 1602 768 1657 Dei
799 1603 851 1657 in
883 1604 1106 1669 virtute,
1138 1600 1438 1657 secundum
1463 1601 1718 1671 spiritum
1748 1601 2060 1659 sanctiﬁca-

477 1692 643 1749 tionis
662 1694 705 1756 ’,
738 1712 755 1744 ι
789 1702 844 1747 et
876 1694 1071 1747 horum
1104 1691 1271 1762 aliqui
1314 1706 1439 1745 cum
1475 1690 1747 1757 dictione,
1780 1707 1894 1746 vere
1914 1708 1935 1759 ί
1961 1692 2061 1747 ali-

474 1782 568 1853 qui
606 1798 732 1838 vero
769 1783 977 1853 absque
1016 1783 1127 1837 illa.
1169 1781 1557 1838 Animadverte
1607 1794 1868 1853 pra:terea
1914 1783 2060 1838 Cha-

472 1889 716 1933 nanieam
755 1891 863 1930 non
895 1890 993 1945 pro
1022 1876 1154 1943 ﬁlio,
1183 1891 1348 1947 quem
1386 1892 1613 1945 prorsus
1649 1893 1754 1932 non
1800 1877 2058 1949 genuisse
2092 1849 2131 1906 Β

470 1965 619 2021 illam
652 1978 901 2039 apparet,
927 1969 1022 2024 sed
1052 1985 1153 2040 pro
1195 1969 1303 2024 ﬁlia
1334 1984 1365 2023 a
1395 1969 1644 2024 daemone
1681 1970 1919 2040 graviter
1967 1986 2058 2025 νεε-

468 2068 595 2114 sata
625 2075 858 2128 orasse;
896 2061 1059 2116 aliam
1097 2070 1281 2116 autem
1316 2070 1547 2117 matrem
1594 2062 1765 2117 ﬁlium
1812 2063 1906 2135 qui
1963 2062 2059 2118 de-

470 2150 698 2208 functus
747 2152 1112 2219 eﬁerebatur,
1158 2153 1342 2209 vivum
1395 2153 1715 2226 recepisse;
1753 2162 1809 2211 et
1863 2170 2058 2211 rursus

471 2244 965 2315 archisynagogum
1012 2260 1111 2314 pro
1168 2244 1275 2299 ﬁlia
1331 2245 1850 2303 duodecim‘annos
1895 2256 2057 2305 nata.

471 2334 619 2388 velut
666 2344 921 2400 mortua,
972 2352 1160 2392 orasse
1193 2338 1275 2404 '°;
1315 2338 1563 2409 regulum
1613 2354 1741 2394 vero
1800 2354 1899 2409 pro
1946 2339 2058 2395 ﬁlio

471 2426 631 2496 quasi
657 2427 955 2481 etiamnum
983 2438 1298 2499 aegrotante,
1329 2439 1382 2484 et
1413 2429 1645 2500 jamjam
1691 2431 1963 2487 morituro
1988 2433 2055 2486 ¹¹.

472 2514 544 2570 At
572 2516 680 2570 ﬁlia
719 2532 748 2571 a
778 2517 1025 2573 dzemone
1045 2519 1272 2590 jactata,
1307 2529 1359 2574 ct
1390 2520 1536 2576 ﬁlius
1561 2530 1813 2577 mortuus
1842 2522 2058 2578 duabus

468 2617 628 2664 erant
667 2611 935 2668 matribus
984 2612 1246 2669 oriundi:
1292 2621 1347 2668 ct
1395 2614 1506 2669 ﬁlia
1555 2615 1685 2670 item
1733 2624 1974 2677 mortua.
2004 2625 2060 2672 et

471 2698 615 2756 Illius
646 2701 711 2756 ad
747 2712 978 2760 mortem
1012 2719 1187 2774 usque
1213 2713 1508 2776 :cgrotans,
1541 2704 1759 2761 duobus
1785 2708 2055 2779 patribus,

468 2807 704 2863 quorum
735 2795 826 2853 liie
853 2796 1341 2868 arcbisynagogus,
1367 2798 1590 2869 regulus
1622 2798 1713 2855 ille
1740 2809 1879 2855 erat.
1931 2800 2058 2859 Haec

468 2893 652 2939 autem
682 2886 749 2941 de
779 2886 1014 2944 diversis
1040 2889 1347 2964 animarum
1381 2891 1697 2961 generibus,
1731 2908 1870 2963 quas
1895 2893 2057 2952 Jesus

470 2977 753 3034 viviﬁcans
788 2990 970 3046 sanat,
1001 2981 1304 3038 disserendi
1337 2985 1620 3041 materiam
1650 2986 1935 3042 continere
1967 3003 2057 3042 ar-

470 3067 667 3123 bitror.
701 3072 780 3126 Ac
809 3087 1152 3145 quacunque
1179 3084 1337 3130 sanat
1366 3076 1419 3128 in
1453 3077 1679 3146 populo,
1713 3091 1775 3133 ea
1823 3094 2055 3148 prmser-

1869 421 1880 432 .
1953 378 2281 436 ORIGENIS

3647 382 3758 438 9(ὶο

2237 503 2516 573 Συνάγαγε
2561 504 2619 558 δὲ
2650 504 2760 558 ἀπὸ
2789 504 2894 558 τῶν
2924 497 3296 574 Εύαγγελίων,
3340 500 3484 566 τίνες
3525 501 3631 574 μὲν
3657 504 3750 556 αύ-

2162 597 2254 650 τδν
2286 596 2542 651 καλοῦσιν
2571 597 2686 651 υἱὸν
2726 596 2908 663 Δαυὶδ,
2935 597 3011 660 ὡς
3042 596 3202 667 αὐτὴ,
3236 596 3331 649 καὶ
3356 598 3406 649 οἱ
3436 597 3494 649 ὲν
3536 596 3757 667 Ἱεριχοῖ

2163 689 2351 758 τυφλοί
2373 689 2517 759 (56)·
2550 689 2699 752 τίνες
2729 688 2786 741 δὲ
2817 689 2931 742 υἱὸν
2960 687 3119 754 Θεοῦ,
3154 689 3249 742 καὶ
3269 688 3388 758 ἦτοι
3420 689 3590 761 χωρὶς
3627 689 3751 759 τῆς,

2161 780 2419 848 ἀληθῶς,
2456 780 2795 853 προσθήκης,
2828 780 2903 844 ὡς
2927 783 2976 834 οἱ
2997 780 3431 851 δαιμονιζόμενοι
3456 780 3708 849 λέγοντες
3729 796 3749 812 ο

2168 884 2187 917 ι
2228 868 2292 919 Τί
2333 870 2466 938 ἡμῖν
2509 868 2605 922 καὶ
2638 869 2742 933 σοὶ,
2795 868 2894 921 Υίὲ
2923 868 3017 921 τοῦ
3049 868 3220 921 Θεοῦ·
3268 887 3287 919 ι
3323 868 3467 933 τίνες
3506 870 3562 923 δὲ
3608 870 3751 940 μετά

2159 959 2282 1029 τῆς,
2317 957 2579 1026 ἀληθῶς,
2616 958 2954 1031 προσθήκης,
2988 959 3065 1025 ὡς
3096 961 3144 1012 οἱ
3177 961 3236 1014 ὲν
3268 958 3345 1031 τῷ
3380 959 3549 1031 πλοίῳ
3577 977 3752 1032 προσ-

2162 1048 2451 1112 κυνοῦντες
2470 1066 2485 1079 ·
2516 1067 2536 1100 ι
2590 1048 2829 1121 Ἀληθῶς
2865 1050 3003 1103 Θεοῦ
3025 1049 3153 1115 Υἱὸς
3186 1044 3238 1103 εἴ
3260 1067 3274 1080 ·
3321 1070 3340 1101 ›
3369 1049 3617 1119 λέγοντες
3646 1051 3751 1103 αύ-

2159 1140 2257 1212 τῷ.
2307 1141 2416 1194 Καὶ
2450 1141 2559 1212 γὰρ
2599 1142 2890 1212 χρήσιμος,
2939 1137 3127 1213 οἶμαι,
3169 1140 3320 1195 ἔσται
3360 1159 3444 1195 σοι
3472 1143 3507 1213 ή
3545 1141 3755 1195 τούτων

2162 1233 2453 1303 συναγωγὴ
2488 1231 2627 1304 πρὸς
2667 1234 2734 1286 τὸ
2768 1233 2898 1287 ἰδεῖν
2926 1234 3026 1305 τὴν
3057 1233 3321 1306 διαφορὰν
3354 1234 3462 1289 τῶν
3492 1234 3750 1306 προσιόν-

2158 1340 2296 1377 των·
2352 1323 2500 1387 τινὲς
2547 1324 2646 1399 μὲν
2688 1326 2853 1380 οἱονεὶ
2894 1325 2973 1397 τῷ
3016 1326 3293 1397 γενομένῳ
3340 1326 3405 1380 ὲκ
3437 1325 3753 1397 σπέρματος

2160 1416 2324 1470 Δαυὶδ
2350 1416 2494 1471 κατά
2517 1417 2696 1489 σάρκα
2725 1418 2982 1490 προσίασι
3005 1436 3018 1448 ·
3049 1418 3195 1483 τινὲς
3223 1418 3282 1472 δὲ
3318 1437 3337 1470 ι
3377 1419 3456 1490 τῷ
3476 1417 3756 1491 ὁρισθέντι

2161 1507 2277 1579 Υίῷ
2303 1507 2439 1563 Θεοῦ
2464 1509 2522 1562 ὲν
2550 1509 2797 1583 δυνάμει,
2833 1512 2975 1567 κατὰ
2997 1510 3213 1584 πνεῦμα
3241 1511 3573 1584 ἁγιωσύνης,
3606 1530 3626 1564 ι
3655 1513 3754 1567 καὶ

2159 1600 2366 1653 τούτων
2395 1601 2541 1666 τινὲς
2588 1602 2689 1674 μιν
2740 1603 2881 1674 μετά
2917 1603 3035 1668 τοῦ,
3069 1601 3338 1672 ἀληθῶς·
3374 1602 3519 1667 τινὲς
3559 1602 3617 1656 δὲ
3645 1619 3753 1674 χω·-

2163 1694 2249 1764 ρὶς
2292 1694 2504 1749 τούτου.
2542 1692 2676 1751 Εἶτα
2710 1698 2981 1772 πρόσχες,
3017 1700 3099 1754 ὅτι
3132 1701 3166 1772 ή
3207 1698 3487 1754 Χαναναία
3541 1699 3639 1773 μὲν
3686 1700 3751 1753 οὐ

2162 1788 2294 1857 περὶ
2331 1787 2470 1853 υἱοῦ,
2503 1787 2563 1843 ὃν
2588 1790 2711 1844 οὐδὲ
2731 1790 2831 1863 τὴν
2858 1792 3036 1864 ἀρχὴν
3057 1791 3446 1863 γεγεννηκέναι
3477 1791 3757 1861 φαίνεται,

2159 1878 2295 1934 ἀλλά
2327 1880 2454 1954 περὶ
2497 1880 2766 1954 θυγατρὸς
2796 1882 3127 1955 παρεκάλει,
3158 1883 3345 1947 δεινῶς
3375 1882 3756 1954 δαιμονιζομέ-

2158 1987 2286 2042 νης’
2321 1971 2454 2044 άλλη
2493 1971 2552 2025 δὲ
2592 1974 2775 2046 μήτηρ
2806 1974 2921 2027 υἱὸν
2948 1973 3376 2047 ἐκκομιζόμενον
3396 1974 3590 2046 νεκρὸν
3613 1974 3753 2027 ἀπο-

2159 2065 2427 2138 λαμϐάνει
2467 2064 2680 2131 ζῶντα·
2730 2067 2829 2121 καὶ
2877 2066 3042 2121 πάλιν
3089 2069 3118 2120 6
3166 2066 3266 2139 μὲν
3303 2067 3753 2138 ἀρχισυνάγωγος

2160 2160 2288 2232 περὶ
2315 2158 2684 2225 δωδεκαέτους
2711 2158 2984 2231 θυγατρὸς
3000 2158 3160 2225 ἀξιοῖ,
3184 2158 3260 2221 ὡς
3281 2156 3715 2227 ἀποτεθνηκυίας
3734 2168 3750 2184 ⁶

2156 2250 2186 2307 6
2216 2253 2274 2306 δὲ
2307 2252 2583 2324 βασιλικὸς
2609 2250 2740 2325 περὶ
2764 2250 2906 2317 υἱοῦ,
2940 2250 3017 2313 ὡς
3058 2250 3140 2304 ἔτι
3179 2249 3460 2313 νοσοῦντος
3488 2249 3584 2303 καὶ
3614 2248 3752 2302 ἀπο-

2159 2344 2417 2416 θνήσκειν
2453 2345 2761 2417 μέλλοντος.
2795 2342 3120 2415 Δαιμονῶσα
3153 2342 3333 2396 τοίνυν
3357 2341 3625 2412 θυγάτηρ,
3658 2340 3752 2393 καὶ

2157 2438 2272 2502 υἱὸς
2301 2437 2523 2510 νεκρὸς,
2568 2436 2662 2491 δύο
2689 2431 2832 2508 ἦσαν
2868 2434 3122 2509 μητέρων
3144 2451 3157 2464 '
3199 2433 3295 2488 mi.
3331 2432 3624 2505 τεθνηκυῖα
3659 2430 3755 2484 θυ-

2158 2527 2358 2600 γάτηρ,
2389 2528 2483 2582 καὶ
2513 2527 2628 2591 υίὸς
2651 2525 2789 2600 πρὸς
2830 2524 3059 2579 θάνατον
3091 2523 3354 2587 ἀσθενῶν,
3386 2522 3495 2578 τῶν
3523 2521 3618 2575 δύο
3648 2536 3757 2577 πσ-

2157 2618 2353 2692 τέρων,
2383 2612 2458 2673 ὧν
2487 2622 2517 2673 ὁ
2547 2619 2647 2690 μὲν
2682 2618 3154 2693 ἀρχισυνάγωγος,
3191 2617 3221 2669 6
3252 2617 3310 2671 δὲ
3351 2614 3628 2686 βασιλικὸς
3659 2607 3753 2683 ἦν.

2163 2711 2348 2782 Ἔχειν
2383 2711 2442 2765 δὲ
2474 2710 2645 2766 ταῦτα
2679 2710 2939 2781 πείθομαι
2967 2710 3160 2779 λόγους
3199 2708 3328 2779 περὶ
3359 2706 3532 2775 γενῶν
3567 2706 3625 2758 ὲν
3652 2704 3758 2774 ψυ-

2159 2808 2281 2877 χαῖς
2321 2804 2615 2877 διαφόρων,
2656 2804 2882 2868 ἅστινας
2922 2805 2951 2857 6
2999 2801 3207 2875 Ἰησοῦς
3253 2800 3533 2866 ζωοποιῶν
3580 2801 3753 2875 idem.

2160 2897 2271 2950 Καὶ
2313 2896 2491 2950 πάντα
2532 2895 2589 2950 δὲ
2622 2897 2724 2950 ὅσα
2760 2894 3052 2968 θεραπεύει
3093 2896 3154 2948 ὲν
3207 2891 3287 2965 τῷ
3322 2891 3456 2964 λαῷ,
3518 2890 3757 2962 μάλιστα

2161 2986 2268 3043 ὑπὸ
2300 2990 2409 3044 τῶν
2453 2988 2856 3059 εύαγγελιστῶν
2896 2986 3388 3060 ἀναγεγραμμένα,
3420 2984 3613 3055 γέγονε
3655 2982 3757 3055 μὲν

2159 3082 2306 3146 τότε,
2339 3082 2427 3136 ἵνα
2447 3082 2497 3135 oi
2530 3079 2607 3153 μὴ
2634 3080 2810 3145 ἄλλως
2835 3078 3205 3143 πιστεύοντες,
3239 3077 3334 3131 ὲάν
3372 3075 3448 3149 μὴ
3473 3076 3624 3129 ἴδωσι
3655 3089 3755 3146 ση-

471 3161 569 3216 tim
619 3179 742 3232 qua:
792 3166 994 3235 scripta
1047 3177 1173 3223 sunt
1219 3168 1288 3223 ab
1332 3169 1709 3240 evangelistis,
1745 3180 1878 3227 tunc
1928 3181 2058 3228 sunt

2165 3177 2297 3246 μεία
2332 3174 2428 3228 καὶ
2461 3173 2696 3245 τέρατα,
2737 3172 3071 3228 πιστεύσωσι
3091 3187 3104 3204 ο
3153 3169 3401 3243 σύμϐολα
3431 3167 3541 3241 γὰρ
3573 3163 3642 3241 ἦν
3685 3165 3761 3263 τά

473 3252 640 3320 facta,
670 3264 727 3309 ut
760 3257 1045 3312 crederent
1069 3258 1105 3312 ii
1139 3260 1231 3328 qui
1257 3260 1502 3331 alioquin
1550 3260 1657 3318 nisi
1703 3261 1837 3318 visis
1877 3263 2054 3334 signis

2163 3280 2316 3327 ποτε,
2343 3262 2452 3316 τῶν
2483 3262 2569 3316 ἀεὶ
2602 3263 2708 3316 ὑπὸ
2730 3264 2832 3334 τῆς
2864 3262 3147 3333 δυνάμεως
3190 3259 3364 3332 Ἰησοῦ
3400 3257 3756 3329 ἐπιτελουμέ-

471 3355 526 3399 et
572 3347 837 3418 prodigiis
889 3364 997 3403 non
1047 3353 1410 3408 credidissent
1451 3355 1493 3385 ¹¹
1534 3372 1552 3423 ;
1600 3369 1728 3409 nam
1781 3370 1904 3425 qua:
1953 3357 2058 3411 ali-

469 3440 713 3509 quando,
758 3457 975 3507 eorum,
1021 3460 1144 3513 qua:
1199 3461 1413 3516 semper
1468 3447 1670 3504 virtute
1712 3447 1845 3503 Jesu
1896 3449 2059 3519 perﬁ-

470 3531 710 3597 ciuntur,
742 3535 989 3606 symbols
1016 3547 1194 3593 erant.
1238 3537 1528 3609 Nunquam
1571 3540 1719 3595 enim
1768 3543 2058 3611 contingit,

470 3633 532 3680 nt
562 3629 994 3699 unumquodque
1024 3644 1215 3685 eorum
1242 3646 1367 3701 quae.
1414 3634 1619 3702 scripta
1666 3642 1826 3702 sunt,
1863 3652 2061 3693 secun—

468 3717 599 3772 dum
631 3719 903 3790 cujusque
951 3721 1276 3793 dignitatem
1319 3723 1520 3781 virtute
1564 3724 1656 3782 Dei
1706 3743 1814 3782 non
1851 3727 2058 3784 factum

469 3810 562 3866 sit.
590 3808 900 3869 Chananaea
930 3813 1095 3885 igitur
1117 3823 1339 3885 propter
1358 3832 1532 3886 genus
1556 3832 1717 3874 suum
1744 3837 1811 3875 ne
1839 3837 2060 3892 respon-

469 3902 683 3959 sionem
716 3905 938 3974 quidem
972 3907 1266 3976 impetrare
1307 3907 1620 3963 merebatur
1653 3926 1685 3965 a
1710 3908 1864 3977 Jesu,
1892 3913 2059 3985 proﬁ-

384 4010 393 4017 '
470 4002 616 4051 tente
647 4011 707 4053 se
737 4013 847 4052 non
879 3998 948 4056 ad
982 3999 1130 4054 aliud
1165 3998 1443 4069 quidpiam
1477 4015 1509 4055 a
1545 3999 1709 4057 Patre
1747 4023 1765 4056 ι
1800 4006 2055 4072 missum,

470 4087 575 4143 nisi
607 4089 674 4143 ad
700 4105 831 4146 oves
858 4107 980 4160 qua:
1001 4092 1282 4161 perierunt
1302 4091 1503 4148 domus
1533 4093 1700 4149 Israel
1726 4096 1794 4161 ³³,
1826 4115 1845 4147 ι
1883 4113 2058 4167 genus

468 4179 723 4238 videlicet
757 4183 1067 4239 animarum
1100 4184 1497 4254 perspicacium
1528 4186 1802 4255 perditum
1830 4207 1843 4244 :
1870 4191 1964 4247 sed
1989 4191 2059 4245 ob

468 4275 810 4344 propositum
838 4286 892 4332 et
919 4274 1442 4333 adorationemJesu
1471 4274 1566 4333 Dei
1584 4278 1724 4335 Filio
1751 4281 2057 4339 exbibitam

467 4381 796 4435 responsum
830 4370 1208 4441 consequitur,
1243 4377 1388 4443 quod
1426 4377 1601 4447 ipsius
1628 4374 1869 4430 declarat
1902 4375 2059 4446 igno-

470 4455 757 4525 bilitatem,
794 4462 1025 4532 ejusque
1051 4464 1308 4519 meritum
1336 4467 1628 4537 signiﬁcat,
1660 4482 1779 4523 eam
1809 4467 2058 4523 videlicet

2160 3374 2288 3412 νων.
2334 3357 2449 3410 Ούκ
2490 3356 2607 3410 ἔστι
2647 3356 2755 3428 γάρ
2792 3356 2883 3408 ὅτε
2916 3354 3145 3407 ἕκαστον
3190 3351 3296 3407 τῶν
3352 3351 3758 3424 γεγραμμένων

2162 3448 2269 3503 ὑπὸ
2308 3448 2410 3521 τῆς
2433 3449 2717 3520 δυνάμεως
2747 3446 2920 3518 Ἰησοῦ
2956 3445 3100 3500 κατά
3118 3446 3217 3517 τὴν
3246 3444 3477 3498 ἑκάστου
3506 3443 3663 3507 ἀξίαν
3691 3443 3756 3496 ού

2161 3538 2388 3608 γίνεται.
2406 3539 2600 3603 Γὲνους
2624 3538 2725 3609 μὲν
2742 3534 2834 3591 οὖν
2860 3536 3020 3608 χάριν
3038 3539 3070 3608 ή
3091 3534 3371 3590 Χαναναία
3383 3533 3504 3588 οὐδὲ
3526 3532 3758 3605 ἀποκρί-

2164 3651 2301 3697 σεως
2320 3633 2447 3701 ἀξία
2473 3629 2541 3704 ἦν
2566 3631 2667 3703 τῆς
2684 3630 2791 3684 ἀπὸ
2819 3627 2995 3704 Ἰησοῦ
3022 3624 3631 3699 τυχεῖνςὸμολογοῦντος
3654 3623 3755 3677 οῦκ

2162 3726 2250 3780 ἐπ’
2266 3726 2395 3781 ἄλλο
2418 3743 2471 3779 τι
2509 3744 2527 3777 ι
2550 3722 2890 3778 ἀπεστάλθαι
2916 3741 2933 3773 ι
2968 3721 3116 3794 παρά
3139 3720 3234 3775 τοῦ
3259 3719 3473 3791 Πατρὸς
3513 3717 3583 3788 ιῆ
3618 3717 3756 3790 πρὸς

2161 3818 2230 3873 τὰ
2256 3817 2505 3890 πρόϐατα
2536 3814 2606 3870 τά
2624 3815 2943 3870 ἀπολωλότα
2963 3813 3113 3868 οίκου
3151 3811 3386 3885 Ἰσραὴλ,
3425 3832 3441 3862 ι
3473 3812 3628 3879 γένος
3647 3809 3755 3880 ψυ-

2160 3910 2272 3981 χῶν
2311 3908 2633 3983 διορατικῶν
2695 3906 3008 3971 ἀπολωλόςο
3066 3905 3440 3979 προαιρέσεως
3481 3903 3536 3956 δὲ
3588 3902 3755 3956 ἕνεκα

2161 4000 2256 4055 καὶ
2286 4002 2380 4055 τοῦ
2418 3999 2926 4074 προσκεκυνηκέναι
2961 3997 3138 4069 Ἰησοῦ
3170 3996 3284 4068 Υίῴ
3315 3995 3410 4049 τοῦ
3441 3994 3577 4048 Θεοῦ
3613 3995 3752 4047 ἀπο-

2162 4094 2397 4167 κρίσεως
2420 4094 2699 4163 τυγχάνει,
2736 4089 3068 4162 ἐλεγχούσης
3088 4088 3261 4159 αὐτῆς
3280 4087 3377 4160 τὴν
3409 4086 3750 4155 δυσγένειαν,

2162 4186 2258 4240 καὶ
2288 4186 2385 4257 τὴν
2416 4184 2575 4251 ἀξίαν
2598 4184 2767 4255 αὐτῆς
2796 4182 3158 4254 παριστάσης,
3189 4180 3273 4235 ὃτι
3309 4176 3529 4249 ψιχίων,
3558 4176 3633 4242 ὡς
3655 4194 3752 4230 κυ-

2162 4277 2345 4339 νίδιον,
2398 4277 2491 4330 καὶ
2537 4276 2639 4329 οὐκ
2688 4275 2869 4346 ἄρτων
2913 4268 2981 4344 ἦν
3014 4269 3160 4337 ἀξία.
3209 4272 3295 4334 Ὣς
3338 4270 3394 4322 δὲ
3433 4268 3751 4322 ὲπιτείνασα

2160 4367 2259 4442 τὴν
2287 4366 2628 4440 προαίρεσιν,
2660 4365 2755 4418 καὶ
2781 4361 3204 4434 παραδεξαμένη
3237 4360 3327 4414 τὸν
3368 4360 3542 4430 Ἰησοῦ
3571 4358 3750 4426 λόγον,

2163 4459 2541 4523 ὲπιδικάζεται
2570 4456 2672 4511 κᾶν
2692 4456 2767 4520 ὡς
2795 4455 3027 4509 κυνίδιον
3053 4457 3236 4525 τυχεῖν
3253 4453 3471 4524 ψιχίων,
3499 4452 3592 4505 καὶ
3621 4453 3753 4521 ὁμοο

470 4547 652 4612 micis,
682 4561 740 4604 ut
770 4553 1048 4620 catellum,
1082 4570 1189 4609 non
1222 4557 1458 4624 panibus
1486 4560 1706 4630 dignam
1739 4575 1882 4615 esse.
1918 4560 2053 4625 Cum

2160 4552 2309 4620 λογεί
2359 4549 2579 4620 κυρίους
2629 4549 2753 4611 τοὺς
2814 4546 3263 4616 εὐγενεστέρους,
3317 4546 3439 4598 τότε
3494 4542 3752 4615 τυγχάνει

472 4646 653 4695 autem
691 4643 991 4699 intensiore
1026 4648 1231 4714 studio,
1276 4658 1330 4705 et
1371 4652 1727 4721 comprobato
1772 4650 1902 4707 Jesu
1939 4668 2055 4707 ser-

471 4750 635 4791 mone
663 4735 716 4790 id
744 4737 1043 4804 cuutendit,
1106 4748 1162 4794 ut
1198 4742 1346 4797 velut
1385 4742 1616 4798 catellus
1662 4745 1834 4799 micas
1885 4746 2056 4813 impc-

472 4834 600 4889 trct.
632 4836 686 4882 et
712 4829 1094 4898 generosiorcs
1121 4846 1242 4888 esse
1277 4833 1529 4890 dominos
1573 4834 1884 4895 conﬁtetur.
1924 4842 2056 4888 tunc

471 4918 888 4986 responsionem
920 4920 1148 4978 alteram
1184 4924 1414 4991 obtinet,
1450 4941 1574 4996 quae
1616 4941 1871 4998 magnam
1909 4925 2056 4981 illius

470 5007 632 5063 ﬁdem
656 5018 907 5074 testatur,
945 5011 1299 5088 futurumque
1334 5018 1409 5072 illi
1440 5018 1588 5088 quod
1612 5019 1725 5072 vult
1749 5017 2051 5087 pollicetur.

472 5097 741 5156 Existimo
782 5113 989 5170 autem,
1030 5097 1154 5163 cum
1195 5111 1552 5181 proportione
1588 5109 1655 5164 ad
1692 5127 1710 5159 ι
1743 5110 1886 5163 illam
1933 5125 2056 5179 qua:

470 5207 694 5249 sursum
724 5207 809 5253 est
840 5196 1166 5268 Jerusalem,
1206 5202 1432 5257 liberam
1477 5201 1632 5258 Pauli
1677 5211 1908 5257 matrem
1931 5202 1997 5269 ”,
2030 5221 2049 5250 ι

469 5284 700 5358 ejusque
734 5289 1017 5359 similium,
1048 5294 1459 5364 intelligendam
1503 5309 1625 5352 esse
1659 5293 2054 5357 Cbananaeam,

471 5388 702 5435 matrem
755 5384 950 5453 puella:
1000 5400 1031 5439 a
1082 5385 1356 5441 dzcmouio
1403 5395 1638 5453 vexatae,
1686 5403 1807 5459 qua:
1858 5386 2052 5441 matris

561 5544 582 5577 "
617 5544 806 5602 Matth.
828 5565 948 5611 vm,
975 5549 1065 5604 Q9.
1144 5550 1165 5581 ⁸
1198 5548 1388 5603 Matth.
1415 5564 1527 5612 xiv,
1554 5549 1640 5603 55.

476 5611 521 5647 ⁸⁵
544 5613 675 5670 ibid.
707 5619 798 5673 48.
878 5621 921 5651 ¹³
950 5619 1141 5674 Mattb.
1174 5637 1226 5684 ιι,
1262 5620 1329 5684 6;
1364 5636 1451 5685 xv,
1483 5611 1577 5676 ’ἓξ-ί.
1660 5619 1700 5649 ”
1731 5618 1850 5673 Gal.
1878 5635 1949 5686 Iv,
1991 5620 2080 5672 ‘26.

1742 5548 1763 5581 ’
1790 5547 1948 5601 Rom.
1978 5564 2015 5609 ι,
2043 5549 2095 5601 ι.

2160 4641 2506 4713 ἀποκρίσεως
2535 4638 2794 4711 δευτέρας
2836 4636 3216 4710 μαρτυρούσης
3243 4637 3412 4707 αὐτῆς
3446 4638 3510 4707 τῇ
3545 4636 3747 4701 πίστει,

2160 4732 2237 4799 ὡς
2287 4729 2496 4801 μεγάλῃ
2521 4769 2535 4793 ,
2596 4727 2690 4783 καὶ
2731 4726 3208 4799 ἐπαγγελλομένης
3258 4726 3474 4779 ἔσεσθαι
3525 4725 3662 4795 αὐτῇ
3719 4726 3751 4777 ὃ

2164 4822 2433 4894 βούλεται.
2482 4821 2767 4892 Ἀνάλογον
2802 4821 2848 4875 δ’
2878 4816 3031 4892 οἶμαι
3067 4839 3085 4872 ι
3135 4824 3200 4891 τῇ
3236 4821 3348 4875 ἄνω
3395 4818 3752 4891 Ἰερουσαλὴμ

2161 4915 2423 4987 ἐλευθέρᾳ
2474 4915 2642 4987 μητρὶ
2696 4914 2931 4978 Παύλου,
2989 4932 3008 4965 ι
3063 4913 3158 4966 καὶ
3197 4911 3306 4965 τῶν
3350 4910 3753 4983 παραπλησίων

2163 5007 2313 5077 αὐτῷ
2336 5008 2517 5080 δεήσει
2552 5008 2743 5079 νοῆσαι
2774 5007 2874 5079 τὴν
2907 5005 3245 5069 Χαναναίαν,
3279 5003 3493 5075 μητέρα
3523 5004 3621 5075 τῆς
3643 5002 3751 5056 δεισ-

2160 5099 2264 5163 νῶς
2312 5098 2795 5172 δαιμονιζομένης,
2832 5097 3096 5171 σύμϐολον
3127 5097 3501 5168 τυγχάνουσαν
3541 5094 3747 5167 μητρὸς

2160 5193 2373 5246 τοιᾶσδε
2410 5192 2590 5263 ψυχῆς
2631 5190 2765 5263 (57).
2814 5190 2926 5246 Καὶ
2967 5190 3258 5261 ἐπίστησον
3305 5191 3353 5242 εί
3405 5190 3479 5261 μὴ
3528 5188 3746 5258 εθλογόν

2160 5286 2309 5339 ἐστιν
2334 5281 2588 5340 εἶναικαὶ
2612 5284 2839 5347 πολλοὺς
2863 5282 3123 5353 πατέρας,
3143 5282 3234 5337 καὶ
3258 5282 3455 5347 πολλάς
3478 5283 3743 5354 μητέρας,

2162 5377 2424 5447 ἀνάλογον
2441 5382 2551 5441 τοῖς
2566 5378 2839 5450 πατράσιν
2865 5376 3069 5446 ’Λϐραὶι
3078 5393 3133 5446 μ,
3155 5375 3291 5446 πρὸς
3310 5373 3404 5439 οὓς
3421 5374 3587 5447 ἀπῄει
3602 5376 3633 5428 6
3652 5390 3749 5428 πα-

2175 5548 2215 5578 ¹⁰
2252 5545 2383 5603 Lue.
2413 5561 2511 5611 vn,
2547 5543 2631 5607 li,
2664 5542 2748 5598 l5.
2831 5541 2870 5571 “
2899 5538 3085 5596 Hattb.
3123 5555 3196 5607 ix,
3228 5540 3322 5606 l8;
3353 5538 3512 5596 Joan.
3545 5555 3617 5603 tv,
3651 5537 3742 5596 46.

552 5754 663 5828 (iiii)
706 5757 861 5810 Οίέν
891 5758 1149 5828 Ἱεριχοῖ
1190 5757 1545 5828 κτινφλοίηΕῐ
1605 5759 1694 5828 alii
1750 5759 1879 5828 item
1934 5758 2059 5813 caeci

2160 5774 2222 5823 in,
2255 5756 2318 5812 de
2352 5755 2550 5825 quibus
2582 5750 2769 5807 Matth.
2798 5766 2871 5814 Ix,
2908 5747 2997 5803 27.
3032 5746 3295 5804 Hunnus.

554 5824 667 5893 (b7)
708 5825 945 5894 Μητρὸς
983 5820 1243 5882 ’τόὶᾶσδε
1269 5820 1533 5897 ”ις·ινχῆ‹;.
1607 5826 1739 5884 Vide
1803 5820 2217 5898 Hieronymum.
