4100 6424
343 357 439 413 961

1315 347 1666 405 ΟΟΜΜΕΝΤ.
1709 347 1775 402 ΙΝ
1817 345 2232 404 ΜΑΤἸΊΙᾹΞΠΜ
2270 348 2508 405 TOMUS
2551 349 2640 405 Μ.

3506 355 3614 413 96?.

344 493 632 564 τριάρχης,
668 490 761 545 καὶ
782 493 847 563 τῇ
882 488 1233 562 Ἰερουσαλὴμ
1262 488 1434 560 μητρὶ
1458 487 1533 550 ὡς
1554 485 1765 549 Παῦλός
1794 502 1925 557 φησι

2037 464 2297 533 ejusmodi
2327 465 2524 521 anima:
2555 467 2864 537 symbolum
2890 477 2992 523 est.
3020 470 3097 524 Ac
3125 470 3345 525 attende
3370 487 3499 525 num
3524 487 3614 529 ra-

347 585 476 657 περὶ
518 584 733 648 ἑαυτοῦ,
763 583 859 638 καὶ
890 582 997 636 τῶν
1025 581 1224 653 ὁμοίων
1252 579 1423 651 αὐτῷ.
1460 577 1620 641 Εἰκὸς
1652 575 1707 630 δὲ
1739 575 1927 647 ἐξελη-

343 674 568 729 λυθυῖαν
602 675 826 747 ταύτην,
866 670 934 745 ἦς
983 671 1250 744 σύμϐολον
1282 672 1316 742 ἡ
1345 669 1645 731 Χαναναία,
1682 668 1790 721 ἀπὸ
1820 667 1928 720 τῶν

344 764 512 839 ὁρίων
535 766 715 838 Τύρου
742 767 834 820 καὶ
867 764 1095 827 Σιδῶνος
1115 805 1129 828 ,
1167 756 1241 817 ὧν
1273 762 1434 815 τύποι
1459 757 1600 833 ἦσαν
1628 761 1677 813 οἱ
1707 760 1798 813 ἐπὶ
1827 759 1929 830 γῆς

343 859 522 923 τόποι,
556 856 1019 931 προσεληλυθυῖαν
1041 856 1118 927 τῷ
1151 856 1364 927 Σωτῆρι
1409 854 1698 925 ἠξιωκέναι
1746 853 1927 918 αὐτὸν,

348 953 445 1004 καὶ
476 949 555 1004 ἔτι
585 948 681 1002 νῦν
716 947 900 1015 ἀξιοῦν
935 948 1229 1016 λέγουσαν·
1273 964 1290 996 1
1324 944 1577 1015 Ἐλέησόν
1608 960 1695 1013 με,
1732 941 1927 1012 Κύριε,

349 1038 431 1090 υίὲ
456 1035 639 1099 Δαυὶδ,
684 1038 717 1107 ὴ
744 1036 986 1107 θυγάτηρ
1017 1053 1119 1105 μου
1148 1034 1335 1098 δεινῶς
1357 1031 1742 1104 δαιμονίζεται.
1786 1051 1803 1082 1
1837 1026 1931 1084 Εἷ-

349 1145 417 1182 τα
448 1129 675 1192 καὶτοῖς
709 1127 927 1194 ἔξωθεν,
964 1129 1057 1181 καὶ
1085 1129 1197 1190 τοῖς
1225 1125 1514 1198 μαθηταῖς,
1547 1126 1633 1179 ὅτε
1670 1125 1769 1188 δεῖ,
1804 1125 1934 1177 ἀπο-

351 1218 669 1293 κρινόμενος
713 1214 833 1272 εἶπε
865 1220 960 1273 τό·
1003 1238 1021 1270 1
1064 1220 1175 1272 Ούκ
1206 1216 1539 1289 ἀπεστάλην,
1583 1237 1600 1268 1
1640 1217 1928 1279 διδάσκων,

352 1308 434 1362 ὃτι
458 1308 563 1363 είσί
589 1326 733 1372 τινες
755 1309 1164 1381 προηγούμεναι
1192 1308 1363 1378 ψυχαὶ
1390 1308 1594 1379 νοεραὶ,
1626 1307 1721 1362 καὶ
1752 1308 1930 1379 διορα-

351 1399 499 1452 τικα).
556 1400 921 1467 ἀπολωλυῖαι,
968 1400 1247 1472 τροπικῶς
1282 1396 1570 1469 λεγόμεναι
1609 1418 1627 1450 1
1685 1398 1934 1469 πρόϐατα

351 1489 500 1542 οἴκου
548 1491 781 1562 Ἰσραὴλ,
841 1511 858 1542 1
899 1491 1061 1563 ᾇπερ,
1106 1486 1291 1559 οἶμαι,
1334 1492 1383 1544 οἱ
1426 1489 1806 1561 ἀπλούστεροι,
1841 1491 1934 1542 ἐπὶ

354 1577 449 1632 τοῦ
487 1579 628 1634 κατά
657 1582 835 1652 σάρκα
872 1579 1088 1653 Ἰσραὴλ
1119 1580 1431 1652 νομίζοντες
1456 1578 1727 1651 λελέχθαι,
1764 1581 1933 1649 ἀναγ-

353 1670 526 1735 καίως
570 1672 959 1743 προσήσονται,
1010 1673 1093 1724 ὅτι
1139 1672 1166 1723 ό
1216 1671 1405 1744 Σωτὴρ
1448 1669 1607 1742 ἡμῶν
1649 1671 1930 1742 ἀπεστάλη

353 1762 457 1815 ὑπὸ
489 1760 582 1816 τοῦ
606 1762 841 1835 Πατρδς,
873 1763 994 1833 οὐχ).
1022 1761 1158 1833 πρὸς
1188 1761 1380 1825 ἀλλους
1413 1761 1445 1828 ἢ
1478 1761 1604 1825 τοὺς
1647 1762 1934 1828 Ἰουδαίους

352 1852 591 1915 ἐκείνους
614 1851 979 1916 ἀπολωλότας.
1031 1852 1223 1923 Ἡμεῖς
1250 1852 1306 1906 δὲ
1333 1854 1382 1905 οι
1414 1852 1695 1923 εὐχόμενοι
1722 1851 1782 1918 ἐξ
1812 1854 1935 1925 ἁλη-

353 1942 501 2008 θεὶας
522 1943 701 2014 λέγειν
721 1984 735 2008 ,
766 1964 785 1996 1
815 1945 863 1996 εί
890 1945 985 1997 καὶ
1004 1945 1240 2018 Χριστόν
1270 1962 1398 1998 ποτε
1420 1945 1562 1999 κατὰ
1585 1944 1763 2018 σάρκα
1775 1944 1935 2014 ἐγνώ-

352 2048 564 2104 καμεν,
617 2033 752 2089 ἀλλά
785 2033 880 2087 νῦν
917 2033 1099 2086 οὐκέτι
1133 2032 1495 2103 γινώσκοντες
1521 2075 1536 2098 ,
1589 2053 1607 2086 1
1650 2036 1808 2105 ἴσμεν
1841 2035 1932 2088 τοῦ

351 2122 527 2191 Λόγου
571 2125 980 2196 προηγούμενον
1016 2123 1154 2179 εἶναι
1201 2124 1361 2194 ἔργον
1407 2123 1599 2190 σώζειν
1650 2127 1777 2190 τοὺς
1812 2143 1935 2179 συν-

351 2215 650 2287 ετωτέρους
669 2232 682 2244 ·
716 2216 1031 2286 οἰκειότεροι
1064 2214 1171 2287 γάρ
1202 2209 1345 2269 οὗτοι
1389 2214 1538 2288 παρὰ
1570 2218 1697 2280 τοὺς
1729 2215 1937 2286 ἀμϐλυ-

351 2302 542 2374 τέρους
590 2303 738 2375 σιειτῷ
779 2306 1159 2375 τυγχάνουσιν.
1206 2304 1366 2360 Ἀλλὰ
1403 2307 1524 2359 ἐπεὶ
1558 2326 1577 2356 1
1618 2305 1688 2359 τὰ
1723 2306 1936 2360 ἀπολω-

351 2393 480 2448 λότα
516 2394 764 2468 πρόϐατα
804 2398 953 2450 οἴκου
1008 2395 1246 2470 Ἰσραὴλ,
1297 2418 1315 2450 1
1356 2396 1508 2469 παρά
1539 2397 1603 2450 τὸ
1630 2397 1749 2451 κατ’
1785 2397 1937 2450 ἐκλο-

353 2484 457 2557 γὴν
483 2485 706 2558 χάριτος
741 2486 978 2561 λεῖμμα,
1006 2486 1312 2560 ἠπείθησαν
1342 2487 1417 2559 τῷ
1452 2489 1634 2559 Λόγῳ,
1666 2486 1755 2542 διὰ
1779 2486 1937 2541 τοῦτο

359 2597 379 2630 1
412 2576 693 2646 ἐξελέξατο
717 2580 788 2634 τὰ
832 2580 993 2654 μωρά
1021 2580 1116 2634 τοῦ
1154 2581 1382 2652 κόσμου,
1429 2600 1448 2632 1
1482 2580 1572 2634 τὸν
1606 2579 1681 2654 μὴ
1718 2581 1937 2652 Ἰσραὴλ

355 2671 491 2744 μηδὲ
520 2671 822 2745 διορατικὺν
848 2673 980 2744 (58),
1028 2691 1046 2724 1
1087 2673 1173 2728 ἵνα
1198 2673 1536 2747 καταισχύνῃ
1581 2673 1709 2736 τοὺς
1739 2673 1936 2744 σοφοὺς

353 2762 447 2818 τοῦ
482 2763 731 2837 Ἰσραήλο
768 2785 786 2818 1
825 2765 920 2819 καὶ
951 2765 1174 2819 ἐκάλεσε
1208 2784 1227 2817 1
1277 2766 1346 2820 τὰ
1383 2765 1458 2839 μὴ
1488 2765 1634 2833 ὅντα,
1674 2784 1693 2818 ›
1716 2765 1935 2820 συνετὸν

354 2854 508 2922 ἔθνος
550 2857 824 2929 παραδοὺς
884 2858 1086 2923 αὐτοῖς,
1127 2858 1177 2911 οἳ
1213 2858 1474 2929 ἠδύναντο
1500 2860 1747 2931 χωρῆσαι
1779 2879 1798 2910 1
1836 2859 1936 2931 τὴν

352 2949 567 3020 μωρίαν
616 2949 711 3004 τοῦ
757 2949 1131 3021 κηρύγματος,
1195 2968 1214 3002 1
1268 2933 1386 3003 καὶ·
1416 2951 1714 3024 εὐδοκήσας
1764 2949 1936 3004 σῶσαι

352 3039 480 3104 τοὺς
513 3041 594 3104 εἰς
619 3038 777 3093 τοῦτο
805 3039 1176 3105 πιστεύοντας,
1218 3041 1305 3095 ἵνα
1332 3039 1577 3116 διελέγξῃ
1613 3060 1631 3093 1
1673 3040 1739 3095 τὰ
1781 3041 1931 3108 ὄντα,

2033 555 2165 609 tioni
2209 568 2638 611 consentaneum
2685 558 2757 614 sit
2810 570 2863 614 et
2906 560 3093 629 plures
3144 578 3267 618 esse
3315 571 3521 632 patres,
3558 574 3615 619 et

2029 646 2216 716 plures
2266 657 2471 703 matres
2511 648 2687 703 instar
2736 660 2950 721 patrum
2997 650 3309 719 Abraham,
3356 654 3421 708 ad
3472 671 3614 724 quos

2033 738 2167 792 abiit
2216 738 2528 807 patriarcha
2558 740 2621 802 ³⁵,
2654 749 2705 795 et
2756 741 3062 798 Jerusalem
3109 745 3300 800 matris
3350 748 3616 815 quemad-

2032 829 2253 884 modum
2313 829 2390 884 ait
2442 831 2642 887 Paulus
2688 832 2756 889 de
2808 833 3018 903 seipso,
3073 834 3268 903 suique
3316 835 3610 889 similibus.

2032 917 2340 975 Verisimile
2368 930 2453 975 est
2488 930 2670 975 autem
2702 937 2977 993 egressam
3024 923 3196 989 illam,
3242 924 3402 993 cujus
3453 923 3614 993 505

2030 1013 2340 1084 symbolum
2373 1025 2457 1069 est
2480 1013 2813 1081 Chananaza,
2846 1030 2877 1070 e
2898 1015 3099 1070 ﬁnibus
3134 1013 3262 1086 Tyri
3290 1027 3344 1071 et
3368 1015 3612 1082 Sidonis,

2032 1121 2266 1176 quorum
2302 1106 2489 1177 ﬁgurae
2515 1116 2673 1161 erant
2702 1108 2822 1162 loca
2851 1116 3030 1172 terrae,
3063 1116 3353 1178 postquam
3384 1109 3618 1164 accessit

2032 1198 2099 1251 ad
2133 1195 2501 1261 Servatorcm,
2531 1213 2721 1253 orasse
2754 1198 2906 1252 illum
2929 1238 2943 1262 ,
2980 1209 3034 1252 et
3062 1214 3206 1254 nunc
3251 1198 3415 1253 etiam
3456 1215 3618 1254 orare

2032 1285 2303 1341 dicentem
2334 1286 2422 1340 “:
2462 1305 2482 1338 1
2521 1285 2782 1343 Miserere
2817 1288 2963 1354 mei,
3010 1286 3242 1343 Domine
3283 1289 3362 1342 ﬁli
3409 1288 3615 1355 David,

2033 1377 2142 1433 ﬁlia
2181 1395 2298 1434 mea
2328 1379 2470 1434 male
2496 1395 2524 1433 a
2555 1379 2828 1434 daemonio
2857 1389 3110 1435 vexatur.
3145 1398 3165 1431 1
3200 1378 3403 1436 Deinde
3448 1391 3502 1436 et
3548 1381 3618 1437 iis

2034 1472 2126 1541 qui
2159 1469 2294 1526 foris
2329 1480 2479 1537 sunt,
2510 1480 2564 1526 et
2587 1469 2894 1541 discipulis,
2927 1488 3054 1527 cum
3102 1486 3192 1526 res
3234 1471 3310 1525 ita
3354 1471 3616 1541 postulat,

2033 1562 2372 1632 respondens
2416 1562 2555 1617 dixit
2579 1563 2622 1594 "
2656 1581 2669 1616 :
2702 1582 2720 1615 1
2750 1561 2870 1618 Non
2918 1580 3039 1620 sum
3082 1566 3318 1633 missus,
3363 1584 3382 1617 1
3415 1566 3619 1623 docens

2033 1671 2154 1711 esse
2193 1655 2436 1725 perditas
2484 1656 2751 1726 quasdam
2786 1657 3117 1728 principales
3157 1658 3373 1713 animas
3415 1657 3617 1713 intelli-

2035 1755 2245 1816 genles,
2292 1755 2343 1801 et
2388 1746 2750 1816 perspicaces,
2792 1761 2915 1815 quae
2956 1748 3161 1816 tropice
3196 1766 3215 1799 1
3249 1763 3380 1803 oves
3418 1749 3618 1803 domus

2037 1835 2201 1892 Israel
2234 1856 2252 1888 1
2287 1838 2633 1908 appellantur
2660 1836 2724 1904 ¹⁸,
2746 1852 2872 1906 quae
2899 1838 3284 1907 simpliciores,
3308 1841 3528 1909 opinor,
3550 1840 3620 1895 de

2035 1931 2240 1984 carnali
2272 1929 2433 1985 Israel
2471 1931 2615 1985 dicta
2653 1945 2774 1986 esse
2810 1930 3166 1993 arbitrantes,
3210 1932 3526 1987 necessario
3562 1941 3621 1987 et

2035 2021 2169 2075 illud
2201 2022 2509 2090 admittent,
2548 2020 2899 2076 Servatorem
2937 2031 3186 2077 nostrum
3217 2037 3325 2077 non
3359 2023 3427 2078 ad
3457 2024 3616 2090 alios,

2036 2130 2200 2184 quam
2230 2115 2295 2169 ad
2324 2113 2541 2169 Judzeos
2567 2115 2690 2170 ilios
2735 2115 2828 2184 qui
2869 2115 3166 2185 perierunt,
3206 2132 3238 2170 a
3283 2114 3445 2172 Patre
3486 2119 3619 2171 mis-

2036 2219 2159 2260 sum
2186 2221 2328 2261 esse.
2363 2204 2476 2261 Nos
2511 2215 2693 2260 autent
2723 2207 2817 2277 qui
2852 2208 3066 2264 sincere
3096 2223 3196 2263 nos
3230 2207 3377 2278 loqui
3412 2208 3615 2279 gloria-

2037 2314 2183 2364 mur,
2221 2317 2238 2350 1
2270 2298 2374 2354 etsi
2413 2300 2711 2369 aliquando
2751 2300 3108 2370 cognovimus
3149 2301 3449 2356 secundum
3496 2315 3619 2356 car-

2037 2405 2163 2444 nem
2196 2390 2500 2458 Christum,
2543 2392 2641 2447 sed
2692 2406 2838 2447 nunc
2873 2391 2989 2461 jam
3033 2407 3144 2446 non
3175 2401 3466 2448 noscentes
3496 2393 3560 2459 '°,
3593 2412 3613 2444 1

2037 2483 2244 2539 scimus
2277 2482 2437 2538 Verbi
2472 2485 2820 2555 potissimum
2860 2485 2996 2539 illud
3031 2499 3159 2539 esse
3203 2499 3363 2554 opus,
3402 2486 3618 2555 perspi-

2038 2574 2281 2630 caciores
2317 2591 2536 2631 scrvare
2566 2594 2578 2629 :
2612 2576 2664 2629 hi
2694 2575 2842 2631 enim
2881 2576 3076 2645 majori
3114 2586 3243 2633 sunt
3273 2577 3351 2631 illi
3379 2576 3621 2631 necessi-

2038 2665 2227 2720 tudine
2263 2665 2562 2733 conjuncti,
2593 2683 2762 2737 quam
2812 2667 3142 2723 hebetiores.
3196 2667 3303 2723 Sed
3355 2672 3614 2740 quoniam

2044 2772 2063 2806 1
2095 2769 2226 2810 oves
2273 2770 2395 2824 qua:
2441 2754 2722 2825 perierunt
2765 2756 2965 2811 domus
3007 2753 3267 2823 Israel",
3304 2776 3328 2810 1
3376 2760 3618 2828 exceptis

2037 2845 2283 2915 reliquiis
2301 2862 2423 2915 qua:
2440 2854 2568 2901 sunt
2593 2865 2611 2896 1
2634 2847 2934 2902 secundum
2954 2845 3271 2903 electionem
3292 2849 3481 2919 gratiae
3497 2851 3566 2915 “,
3594 2871 3612 2902 1

2037 2938 2206 3013 verbo
2230 2938 2393 2993 ﬁdem
2428 2955 2536 2994 non
2570 2940 2899 3007 habuerunt,
2928 2952 3218 3013 propterea
3254 2963 3275 2993 1
3303 2958 3428 3013 qua:
3452 2943 3619 2998 stulta

2039 3041 2167 3085 sunt
2196 3032 2385 3086 mundi
2434 3032 2618 3102 elegit,
2653 3052 2672 3084 1
2708 3030 2876 3089 Israel
2915 3042 3098 3090 autem
3141 3050 3209 3090 ne
3249 3035 3616 3104 perspicacem

353 3131 416 3184 ὲκ
445 3128 538 3185 τοῦ
588 3133 855 3204 στόματος
903 3133 1113 3205 νηπίων
1152 3134 1247 3186 καὶ
1284 3133 1628 3204 θηλαζόντων
1672 3153 1933 3209 καταρτι-

2037 3124 2281 3195 quidem,
2316 3142 2334 3175 1
2369 3132 2429 3179 ut
2457 3123 2757 3179 confundat
2788 3124 3062 3194 sapientes
3094 3145 3112 3176 1
3152 3124 3316 3180 Israel
3340 3142 3356 3191 ;
3380 3134 3436 3179 et
3457 3140 3620 3192 vora-

355 3224 587 3299 σάμενος
616 3223 765 3296 αὐτῷ
805 3221 954 3278 αἶνον
974 3265 988 3290 ,
1033 3244 1052 3277 1
1098 3227 1219 3279 ἐπεὶ
1255 3226 1478 3295 γέγονεν
1502 3227 1671 3299 ἐχθρά
1699 3230 1767 3300 τῇ
1798 3227 1933 3301 ἀλη-

354 3316 492 3390 θείᾳ.
539 3317 799 3373 Ἔλθοῦσα
825 3319 946 3390 tu;
986 3318 1290 3383 Χαναναία,
1339 3319 1665 3393 προσεκύνει
1711 3319 1788 3384 ώς
1817 3319 1937 3391 Θεῷ

352 3407 431 3481 τῷ
488 3409 665 3481 Ἰησοῦ
709 3409 968 3478 λέγουσαο
1012 3429 1030 3461 ι
1071 3409 1275 3483 Κύριε,
1317 3408 1585 3483 βοήθησόν
1622 3428 1733 3482 μοι.
1790 3412 1848 3463 '0
1880 3411 1937 3464 δὲ

352 3501 676 3575 ἀποκριθεὶς
717 3496 897 3555 εἶπεν·
944 3502 1059 3556 Οὐκ
1086 3500 1262 3565 ἔξεστι
1296 3502 1483 3555 λαϐεῖν
1520 3501 1610 3555 τὸν
1637 3501 1798 3574 ἄρτον
1829 3501 1937 3557 τῶν

352 3594 580 3654 τέκνων,
622 3590 714 3644 καὶ
735 3590 918 3661 βαλεῖν
948 3592 1056 3654 τοῖς
1078 3591 1664 3663 κυναρίοις.›Ζητήσαι
1693 3591 1737 3645 δ’
1759 3592 1825 3646 ἄν
1855 3610 1939 3656 τις

354 3685 414 3738 τὸ
438 3684 684 3755 βούλημα
707 3684 799 3736 καὶ
826 3682 1030 3754 ταύτης
1062 3685 1160 3755 τῆς
1190 3681 1391 3747 λέξεως
1408 3724 1422 3745 ,
1457 3685 1580 3738 ἐπεὶ
1606 3684 1807 3756 μέτρου
1841 3686 1938 3756 μὲν

358 3776 624 3849 παρόντος
673 3775 876 3848 ἀρτων,
943 3775 1019 3839 ὡς
1077 3774 1152 3847 μὴ
1200 3774 1461 3830 δύνασθαι
1513 3776 1609 3829 καὶ
1652 3775 1721 3830 τὰ
1772 3776 1940 3833 τέκνα

357 3868 557 3923 ἐσθίειν
584 3870 801 3941 ἄρτους,
836 3868 931 3922 καὶ
963 3866 1175 3922 κυνίδια
1199 3869 1298 3942 τῆς
1329 3868 1526 3932 οἰκίας,
1559 3867 1591 3940 ἢ
1624 3870 1717 3922 καὶ
1746 3869 1939 3934 ἄλλους

356 3961 536 4032 ἀρτων
572 3957 633 4014 εὖ
668 3960 1044 4032 εἰργασμένων
1077 3959 1212 4033 (59),
1247 3961 1346 4032 οὐχ
1372 3957 1485 4013 οἷόν
1513 3976 1571 4013 τε
1594 3960 1738 4014 κατὰ
1764 3960 1826 4013 τὸ
1846 3959 1938 4014 εύ-

356 4052 513 4121 λογον
546 4052 801 4116 κυνιδίοις
827 4052 1065 4106 δίδοσθαι
1090 4054 1298 4125 τροφὴν
1332 4051 1444 4123 (60)
1484 4052 1576 4107 τὸν
1608 4051 1788 4116 καλῶς
1827 4054 1940 4124 εἰρ-

356 4144 628 4216 γασμένον
655 4145 763 4200 τῶν
799 4145 1004 4200 τέκνων
1037 4145 1222 4217 ἄρτον.
1256 4143 1426 4197 Οὐδὲν
1448 4142 1506 4196 δὲ
1539 4143 1781 4197 τοιοῦτον
1817 4144 1939 4214 φαί-

358 4255 506 4294 νεται
537 4240 633 4293 ἐπὶ
665 4238 766 4311 τῆς
816 4238 991 4311 Ἰησοῦ
1020 4237 1334 4310 δυνάμεως,
1371 4238 1466 4307 ἀφ’
1505 4231 1573 4310 ἦς
1604 4237 1830 4293 δυνατὸν
1870 4234 1940 4310 ἦν

358 4330 452 4384 καὶ
481 4330 551 4384 τὰ
576 4330 743 4384 τέκνα
768 4330 1223 4402 μεταλαμϐάνειν,
1262 4330 1357 4383 καὶ
1393 4329 1461 4382 τὰ
1484 4327 1752 4401 λεγόμενα
1785 4330 1938 4383 κυνί-

356 4423 466 4478 δια.
506 4424 647 4494 "Ope
683 4418 775 4476 οὗν
803 4425 999 4494 μήπως
1031 4421 1167 4493 πρὸς
1195 4421 1284 4474 τό·
1323 4438 1342 4471 1
1383 4419 1501 4474 Οὐκ
1535 4419 1712 4484 ἔξεστι
1753 4419 1939 4473 λαϐεῖν

2037 3216 2116 3271 vit
2149 3234 2167 3267 1
2200 3230 2322 3285 quae
2369 3229 2476 3269 non
2514 3223 2643 3270 sunt
2666 3215 2732 3282 ²¹,
2764 3234 2783 3267 1
2817 3224 3030 3286 gentem
3077 3215 3185 3271 illis
3227 3214 3615 3285 intelligentem

2039 3306 2282 3370 tradens.
2323 3322 2445 3374 quae
2495 3315 2709 3377 poterat
2742 3321 2937 3376 capere
2971 3326 2989 3359 1
3025 3306 3313 3362 stultitiam
3348 3306 3617 3377 pratdica-

2041 3395 2207 3451 tionis
2232 3396 2299 3460 ³³,
2333 3414 2353 3447 1
2386 3403 2439 3451 et
2483 3395 2671 3450 volens
2715 3410 2934 3451 servate
2981 3397 3109 3453 huic
3154 3412 3441 3453 assensum
3473 3414 3617 3468 pra:-

2038 3487 2249 3556 bentcs,
2278 3497 2339 3544 ut
2366 3487 2634 3544 refelleret
2672 3507 2691 3540 1
2721 3503 2784 3543 ea
2806 3504 2930 3560 quae
2965 3497 3095 3544 sunt
3119 3488 3187 3557 ",
3217 3504 3286 3544 ex
3313 3503 3408 3544 ore
3437 3487 3622 3543 infan-

2039 3580 2175 3635 tium
2199 3588 2253 3637 et
2284 3581 2599 3636 lactentium
2635 3581 2926 3651 perﬁciens
2949 3582 3054 3637 sibi
3083 3583 3299 3638 laudem
3324 3583 3395 3649 ",
3429 3601 3450 3635 1
3480 3599 3622 3654 quo-

2038 3674 2188 3727 niam
2224 3673 2315 3729 illa
2349 3672 2567 3727 veritati
2602 3673 2829 3729 inimica
2864 3671 3007 3728 facta
3036 3684 3185 3729 sunt.
3218 3674 3356 3729 Cum
3379 3676 3622 3733 venisset

2037 3774 2223 3820 autem
2268 3764 2601 3830 Chanantea,
2652 3763 2840 3820 Jesum
2895 3771 2955 3819 ut
3008 3764 3180 3820 Deum
3230 3766 3496 3822 adorabat
3539 3767 3625 3825 di-

2040 3872 2172 3913 cens
2194 3857 2277 3911 “z
2310 3876 2328 3907 1
2359 3855 2610 3924 Domine,
2639 3856 2838 3928 adjuva
2868 3872 2974 3912 me.
3004 3856 3110 3924 Qui
3137 3858 3474 3928 respondens
3503 3859 3619 3915 ait:

2041 3947 2158 4003 Non
2201 3947 2330 4003 licet
2357 3963 2576 4004 sumere
2610 3962 2807 4018 panem
2849 3948 3084 4004 ﬁliorum
3120 3958 3177 4004 et
3212 3949 3429 4006 mittere
3470 3950 3626 4005 cani-

2041 4039 2166 4095 bus.
2200 4058 2220 4091 1
2265 4037 2591 4106 Qutesirerit
2613 4047 2794 4094 autem
2834 4038 3036 4108 aliquis
3081 4054 3304 4094 sensum
3351 4040 3627 4095 sermonis

2042 4133 2211 4198 illius,
2246 4130 2448 4204 quippe
2473 4146 2598 4186 cum
2632 4130 2751 4186 haec
2779 4130 2997 4187 adesset
3025 4146 3229 4200 panum
3256 4146 3538 4198 mensura,
3566 4142 3626 4188 ut

2041 4239 2150 4280 non
2183 4234 2406 4296 possent
2452 4237 2623 4292 panes
2666 4223 2953 4278 comedere
2998 4221 3097 4278 ﬁlii
3143 4222 3331 4290 simul,
3372 4232 3428 4279 et
3457 4237 3626 4279 canes

2041 4320 2263 4383 domus,
2299 4317 2404 4373 nisi
2437 4317 2577 4372 alios
2613 4317 2685 4371 ab
2729 4316 3029 4372 elaboratis
3066 4316 3301 4387 panibus
3330 4334 3344 4383 ;
3377 4331 3487 4371 non
3524 4331 3626 4387 po-

2043 4418 2203 4475 terat,
2229 4410 2385 4478 juxta
2416 4415 2621 4462 rectam
2651 4407 2945 4471 rationem,
2971 4404 3181 4460 catellis
3213 4403 3268 4458 in
3302 4402 3623 4458 alimoniam

358 4516 451 4568 τὺν
479 4516 642 4587 ἄρτον
670 4514 778 4569 τῶν
811 4516 1040 4578 τέκνων,
1088 4532 1110 4565 1
1166 4512 1406 4578 λεκτέον,
1454 4513 1537 4566 ὅτι
1568 4531 1587 4562 1
1626 4511 1655 4563 ὁ
1695 4510 1934 4576 κενώσας

2045 4501 2161 4557 dari
2195 4501 2354 4571 panis
2385 4498 2623 4556 ﬁliorum
2652 4498 2986 4554 elaboratus.
3026 4495 3174 4551 Nihil
3220 4505 3401 4552 autem
3448 4495 3627 4551 simile

361 4607 551 4661 ἑαυτὸν
574 4606 653 4679 τῷ
691 4606 903 4680 μορφὴν
926 4604 1112 4658 δούλου
1145 4605 1530 4676 ἀνειληφέναι,
1568 4622 1587 4655 1
1622 4605 1823 4675 μέτρον
1850 4602 1939 4656 δυ⁴

358 4700 595 4772 νάμεως,
636 4700 758 4755 καθ’
790 4699 819 4753 ὃ
847 4698 1042 4771 ἐχώρει
1066 4698 1174 4771 (61)
1207 4698 1277 4752 τὰ
1307 4700 1364 4751 ὲν
1397 4698 1589 4769 κόσμῳ
1613 4696 1936 4769 πράγματα,

361 4786 615 4864 ἐκόμισεν
634 4809 647 4823 ο
689 4793 783 4862 ἀφ’
816 4786 884 4865 ἧς
906 4791 1188 4862 δυνάμεως
1235 4789 1329 4843 καὶ
1354 4787 1619 4861 ᾐσθάνετό
1642 4804 1761 4842 τινα
1785 4785 1939 4859 ἐξέρ-

2046 4593 2230 4648 videre
2254 4600 2343 4648 est
2373 4593 2428 4648 in
2457 4591 2588 4649 Jesu
2631 4600 2922 4663 potestate,
2966 4589 3127 4660 cujus
3166 4588 3460 4659 participes
3507 4586 3625 4641 ﬁeri

2045 4695 2318 4757 poterant,
2360 4693 2416 4741 et
2453 4684 2573 4753 ﬁlii,
2621 4693 2677 4741 et
2720 4684 2815 4755 qui
2863 4683 3041 4739 catelli
3085 4681 3445 4752 appellantur.
3490 4676 3629 4735 Vide

2045 4782 2209 4851 igitur
2233 4796 2364 4836 num
2389 4779 2529 4837 forte
2565 4779 2855 4836 dicendum
2896 4778 2971 4833 sit
3011 4776 3079 4832 ad
3116 4777 3169 4830 id
3195 4776 3240 4807 "
3268 4793 3281 4829 :
3314 4793 3333 4826 1
3381 4771 3498 4827 Non
3543 4780 3628 4828 est

431 4954 475 4985 ¹⁸
498 4954 635 5008 Gen.
670 4968 759 5014 xv,
792 4950 876 5005 l5.
947 4950 990 4981 ⁸⁸
1018 4949 1209 5004 Matth.
1238 4962 1330 5011 xv,
1362 4947 1454 5001 22.
1522 4947 1565 4978 "
1592 4944 1723 5014 ibid.
1751 4943 1844 4998 26.
1863 5013 1877 5014 η
1906 4942 1934 5014 ξ

2037 4940 2118 4996 id.
2189 4936 2303 5014 "_ll
2328 4935 2464 5014 C_o_r._
2476 4952 2546 5014 _v,
2573 4934 2661 5014 l_6.
2726 4933 2772 4966 ³⁸
2795 4931 3070 5014 alnum},
3209 4927 3254 4959 ¹¹
3280 4924 3441 4980 Rom.
3467 4936 3546 4987 tu,
3570 4920 3624 4978 Β.

360 5024 406 5059 η
440 5024 459 5078 l
498 5000 635 5079 63F:
660 5000 945 5089 (Iertes.
1018 5000 1222 5075 “ista.
1242 5000 1373 5073 "at.
1402 5000 1474 5049 Ἧι
1501 5016 1632 5071 ibid.
1665 5013 1756 5069 es.
1833 5007 2201 5077 "Psal.vm,
2233 5009 2286 5063 ε.
2365 5008 2412 5040 η
2445 5000 2640 5063 nanti.
2672 5021 2760 5069 xv,
2794 5004 2887 5058 se.
2966 5002 3010 5034 ιτ
3035 5000 3170 5056 ibid.

431 5168 545 5237 (58)
591 5167 701 5223 Τὸν
723 5166 819 5237 μὴ,
846 5165 1092 5235 Ἰσραὴλ
1293 5158 1651 5237 διορατικόχ.
1788 5162 1935 5211 recte

363 5226 561 5296 habent
590 5226 749 5294 codd:
784 5226 1457 5308 Validantisznglican—tts
1488 5238 1548 5308 et
1576 5226 1929 5308 Tarinianus,

362 5294 464 5365 nec
501 5309 656 5365 aliter
686 5309 890 5375 legerat
937 5294 1336 5380 lirasinuquui
1370 5299 1529 5355 vertit
1548 5316 1566 5380 ε
1618 5316 1635 5348 1
1669 5294 1934 5380 Videlicet

362 5363 487 5434 eum
519 5363 620 5449 qui
648 5363 770 5433 non,
787 5385 904 5449 erat
939 5376 1132 5449 Israel,
1166 5363 1351 5449 neque
1365 5369 1750 5449 _perspicai_1..1
1793 5363 1931 5449 hiate

360 5437 915 5509 codex'llolmiensis,
967 5446 1057 5499 τὸν
1087 5445 1142 5498 δὲ
1178 5437 1414 5512 Ἰσραήλ,
1454 5437 1560 5495 etc.
1611 5437 1749 5492 Male
1796 5437 1929 5491 item

360 5521 533 5575 codex
566 5518 789 5587 Regius.
819 5516 909 5570 τὸν
941 5517 1039 5587 μὲν
1074 5513 1444 5587 Ἰσραήλνέιος
1653 5578 1668 5587 ,
1839 5574 1895 5587 ρ..

435 5589 549 5657 (59)
578 5574 788 5643 *H"xaz'
807 5574 1038 5657 ἀλέὸυς
1064 5574 1259 5657 dying;
1287 5574 1356 5637 έῦ
1387 5574 1933 5657 gmw-maia

363 5651 639 5713 habebant
688 5656 846 5711 codd.
892 5654 1067 5709 llolm.
1099 5651 1155 5709 et
1198 5653 1329 5720 Reg.
1378 5651 1704 5720 Correxerat
1746 5656 1930 5720 autem

363 5728 563 5798 aliquis
596 5727 661 5781 ad
699 5741 850 5780 oram
894 5725 1015 5779 libri
1049 5723 1225 5777 llolm.
1263 5717 1426 5798 ἀειον
1458 5717 1516 5775 εὖ
1552 5719 1930 5798 εἰργασμένον,

367 5740 563 5798 Illquls
596 5740 661 5781 au
699 5741 850 5780 oram
896 5740 1015 5779 nnri
1050 5740 1225 5777 11mm.
1263 5740 1426 5848 GEMV
1458 5740 1516 5775 ευ
1552 5740 1930 5801 ειργασμενον,

367 5814 530 5868 quam
576 5798 863 5852 lectionem
907 5803 1124 5851 secutus
1170 5802 1254 5851 est
1353 5807 1607 5850 rasmus:
1659 5806 1739 5845 ste
1786 5803 1931 5843 enim

2040 5149 2253 5207 reddit:
2285 5169 2305 5201 1
2328 5147 2598 5215 Quoniam
2626 5159 2752 5200 cum
2782 5145 2998 5215 adesset
3022 5154 3090 5194 ea
3111 5150 3370 5215 mensura
3394 5147 3622 5215 panum,

2041 5232 2102 5277 ut
2137 5235 2270 5290 non,
2299 5210 2521 5290 possent
2566 5215 2822 5290 simulet
2870 5212 2966 5268 fil-ii
3003 5210 3292 5266 comedere
3314 5210 3624 5290 ’βοηθῇ-οι

2039 5274 2217 5348 catelli
2247 5274 2493 5353 familia,
2522 5296 2617 5343 aut
2658 5286 2748 5340 alii
2788 5296 3048 5354 praeterea
3079 5291 3277 5350 panem
3314 5274 3454 5354 bene
3487 5286 3626 5350 con-

2040 5343 2242 5418 Echini
2260 5343 2284 5425 ;7
2306 5343 2337 5411 1'
2364 5343 2635 5428 indigeste
2679 5364 2734 5411 et
2777 5343 3095 5428 perturbato
3133 5360 3330 5428 sensu,
3383 5343 3436 5428 id
3469 5343 3623 5428 enim

2038 5433 2200 5502 plane
2229 5424 2334 5486 sibi
2358 5429 2474 5484 vult
2485 5424 2804 5502 'Origenesut
2814 5425 2956 5502 tium
2981 5437 3056 5502 ea
3071 5425 3218 5502 esset
3240 5427 3454 5502 panum)
3466 5424 3624 5502 tuen:

2225 5481 2452 5568 ἶιῖἠδξιί
2481 5481 2716 5568 possem
2752 5495 2849 5568 lilii
2893 5492 3059 5568 simul
3105 5498 3162 5545 et
3210 5481 3625 5568 canesidomus

2039 5553 2576 5643 panem—comedere,
2615 5565 2720 5643 nisi
2750 5564 2901 5643 forte
2920 5563 3087 5616 alium
3112 5576 3144 5614 a
3167 5569 3309 5627 pane
3337 5553 3623 5607 elaborato

2040 5632 2236 5713 panem
2267 5637 2832 5713 canescornedelent.
2859 5632 3126 5713 “DFTIII‘S'.
3160 5698 3331 5713 __
3383 5701 3424 5713 Δ.
3464 5689 3590 5713 mu:

2264 5689 2738 5781 ᾖροξᾶήῆ
2764 5704 2819 5758 in
2866 5702 3024 5759 codd.
3074 5698 3337 5756 Vaticano
3373 5701 3430 5747 et
3464 5689 3623 5745 Tari-

2043 5800 2228 5838 ntano.
