4100 6486
489 317 596 371 9ῧὸ

1968 317 2290 374 OlllGENlS

491 438 695 490 bonum
730 445 947 488 sumere
996 449 1187 505 panem
1241 435 1513 503 tiliorum,
1556 428 1678 490 eum
1720 435 1813 505 qui
1866 444 2061 488 semet-

2169 456 2355 526 χεσθαι
2377 455 2646 526 ποσότητα
2665 450 2758 508 ἀπ’
2780 455 2964 520 αὑτοῦ,
2987 457 3062 521 ὡς
3088 457 3245 529 δῆλον
3274 459 3338 512 ἐκ
3363 455 3453 514 τοῦ
3479 475 3492 489 ·
3533 459 3746 531 Ἥψατό

492 527 672 594 ipsum
731 525 1028 580 exinanivit
1085 526 1226 580 servi
1281 525 1514 580 formam
1577 527 1892 596 accipiendo
1930 527 2057 590 ",i

494 630 806 670 mensuram
834 617 1138 684 potestatis,
1168 616 1472 672 secundum
1514 633 1678 686 quam
1720 633 1805 673 res
1836 617 2064 671 munda-

496 723 594 764 nas
626 709 956 772 continuabat,
989 708 1276 775 attulisse;
1305 709 1372 764 de
1405 725 1513 778 qua
1547 717 1818 778 potestate
1863 710 2067 763 sentie-

497 800 586 853 bat
618 800 972 868 quantitatem
1002 800 1238 869 aliquam
1256 788 1294 854 'a
1335 816 1392 855 se
1429 802 1626 867 exisse,
1666 799 1830 871 506
1873 808 1934 853 ut
1983 801 2064 854 vel

495 889 618 943 inde
645 889 846 959 liquet:
878 907 896 940 ι
929 888 1125 959 Tetigit
1153 905 1238 943 me
1263 890 1480 959 aliquis,
1517 906 1643 944 nam
1671 906 1770 959 ego
1801 891 1924 944 novi
1951 891 2064 946 vir-

494 990 662 1034 tutem
695 981 760 1036 de
799 996 885 1034 me
925 981 1122 1035 exiisse
1145 982 1210 1034 '9.
1243 999 1261 1032 ι
1297 980 1372 1035 De
1410 982 1513 1036 hac
1555 981 1738 1050 itaque
1780 981 2064 1050 potestatis

463 1087 746 1126 “mensura
793 1071 1146 1140 dispensabat
1182 1088 1200 1138 ;
1241 1070 1530 1140 praecipuis
1563 1071 1806 1142 quidem,
1851 1077 1904 1123 et
1939 1069 2064 1124 liliis

492 1163 654 1218 dictis
697 1163 854 1232 plura
893 1161 1188 1215 liberaliter
1226 1161 1599 1225 distribuens;
1631 1161 1888 1230 pauciora
1937 1175 2064 1213 vero

493 1256 560 1309 iis
581 1255 675 1325 qui
707 1256 840 1309 tales
865 1269 974 1306 non
1003 1261 1177 1316 erant,
1207 1261 1466 1322 tanquam
1493 1253 1723 1308 catellis.
1752 1251 1856 1306 Sed
1879 1267 2066 1321 quam-

491 1347 575 1400 vis
607 1349 720 1400 haec
749 1347 822 1400 ita
854 1345 1066 1408 ﬂerent,
1099 1345 1461 1399 nihilominus
1493 1353 1673 1399 tamen
1707 1359 1830 1399 cum
1865 1360 2062 1414 magna

495 1439 627 1492 ﬁdes
655 1439 868 1492 adesset
893 1439 965 1501 ei,
995 1453 1115 1506 qua
1153 1445 1376 1506 propter
1422 1438 1635 1507 generis
1665 1435 2063 1506 ignobilitatem

494 1544 616 1598 quae
645 1538 760 1582 erat
793 1529 846 1580 in
874 1527 1201 1589 Chananzca,
1238 1529 1433 1582 catella
1463 1536 1607 1593 erat,
1649 1537 1906 1597 tanquam
1952 1527 2064 1582 lilio

496 1635 687 1687 panem
723 1619 957 1672 liliorum
981 1617 1144 1672 dedit.
1179 1614 1433 1671 Fortasse
1459 1617 1623 1671 etiam
1659 1627 1711 1671 et
1746 1633 2062 1672 sermonum

493 1709 618 1763 Jesu
651 1717 778 1764 sunt
807 1710 1022 1776 quidam
1055 1723 1242 1777 panes,
1274 1724 1412 1778 quos
1443 1709 1508 1762 iis
1544 1709 1720 1763 solum
1769 1709 1900 1763 dare
1939 1709 2066 1763 licet

417 1876 422 1880 η
495 1810 750 1869 tanquam
782 1798 929 1865 ﬁliis,
967 1798 1058 1867 qui
1095 1799 1306 1853 ratione
1350 1801 1525 1870 magis
1573 1800 1775 1868 pollent
1812 1819 1826 1867 ;
1872 1809 1925 1855 et
1967 1801 2059 1854 alii
2094 1787 2134 1840 Β

493 1892 620 1946 item
645 1906 945 1956 sermones,
982 1892 1123 1946 velut
1145 1891 1451 1961 perexiguae
1474 1892 1631 1946 micae
1653 1892 1719 1946 de
1745 1906 1943 1962 magno
1969 1893 2061 1948 illo

489 1984 762 2047 convivio,
812 1992 868 2038 et
905 1986 1315 2053 generosiorum
1354 1999 1563 2048 mensa,
1599 2000 1662 2038 ac
1687 1985 2060 2048 dominorum,

489 2075 690 2143 quibus
711 2074 908 2129 animae
940 2074 1215 2129 nonnullae
1240 2074 1389 2127 velut
1420 2089 1582 2128 canes
1609 2082 1851 2127 utantur.
1901 2073 1975 2128 Ac
2007 2073 2061 2127 in

492 2165 695 2236 Moysis
725 2169 841 2236 lege
864 2167 908 2198 ³⁰
935 2167 1002 2220 de
1034 2166 1312 2220 nonnullis
1338 2165 1598 2234 scriptum
1634 2174 1716 2219 est
1743 2173 1802 2219 ut
1827 2165 2056 2219 canibus

491 2257 966 2326 projiciantur;et
997 2255 1223 2327 Spiritui
1267 2265 1456 2311 sancto
1499 2271 1642 2310 cura:
1685 2256 1789 2309 fuit
1820 2254 1886 2310 de
1925 2255 2062 2310 cibis

492 2349 818 2419 quibusdam
847 2349 1080 2412 sancire,
1110 2357 1167 2402 ut
1191 2349 1627 2417 relinquerentur
1653 2347 1901 2403 canibus.
1927 2345 2061 2398 Exin

498 2442 720 2496 stiment
743 2440 907 2511 igitur
939 2439 1049 2510 (66)
1074 2439 1163 2494 alii
1193 2440 1246 2493 in
1289 2438 1676 2495 ecclesiasticis
1715 2438 2063 2493 sermonibus

491 2530 781 2601 peregrini,
817 2531 1051 2585 transire
1094 2530 1307 2584 animas
1341 2529 1411 2583 ab
1443 2528 1698 2583 humanis
1740 2527 2062 2598 corporibus

489 2624 546 2678 in
587 2636 816 2693 corpora
852 2623 1070 2688 canina,
1110 2637 1209 2694 pro
1239 2624 1392 2677 varia
1428 2621 1714 2692 iniquitate
1743 2639 1758 2675 :
1795 2635 1894 2676 nos
1931 2635 2063 2674 vero

490 2717 546 2771 in
577 2716 757 2771 divina
792 2717 1072 2785 Scriptura
1100 2716 1151 2769 id
1179 2715 1403 2769 minime
1439 2713 1793 2784 reperientes,
1821 2726 2062 2782 pronun-

490 2809 687 2863 tiamus
722 2808 931 2862 ratione
958 2808 1132 2878 magis
1177 2807 1468 2875 pollentem
1516 2805 1962 2861 constitutionem
2003 2804 2060 2858 in

489 2906 764 2952 carentem
796 2899 972 2966 magis
1010 2896 1222 2951 ratione
1262 2896 1485 2959 mutari,
1524 2910 1589 2950 ex
1633 2911 1830 2967 magna
1868 2907 2063 2962 nempe

491 2987 706 3056 ignavia
731 2997 785 3042 et
820 2987 1032 3041 incuria
1061 2986 1114 3040 id
1143 2987 1435 3056 patientem
1466 3005 1479 3040 :
1512 2986 1762 3040 similiter
1795 2995 1849 3040 et
1887 2988 2060 3040 ratio-

491 3079 576 3132 nis
603 3078 814 3148 inopem
846 3078 1176 3133 voluntatem
1205 3087 1422 3148 propter
1453 3079 1750 3149 neglectam
1788 3078 2056 3137 rationem

489 3170 731 3224 converti
754 3170 825 3223 ita
850 3185 1265 3239 nonnunquam,
1283 3179 1342 3225 ut
1366 3170 1574 3226 ratione
1595 3171 1820 3240 praedita
1843 3171 2057 3235 evadat,

489 3263 624 3317 adeo
657 3271 716 3317 ut
738 3263 830 3333 qui
863 3263 994 3317 olim
1029 3263 1256 3318 catellus
1291 3261 1468 3318 fuerat
1506 3262 1573 3317 de
1606 3262 1764 3318 micis
1797 3279 1828 3317 e
1869 3279 2059 3318 mensa

491 3350 836 3406 dominorum
887 3366 1109 3406 suorum
1148 3353 1466 3407 cadentibus
1508 3351 1669 3407 edere
1712 3367 1924 3419 amans,
1963 3353 2059 3408 lilii

491 3451 694 3497 statum
749 3450 1094 3513 assequatur.
1155 3442 1460 3499 Plurimum
1519 3443 1788 3514 siquidem
1849 3443 2060 3500 confert

489 3536 683 3604 virtus,
714 3544 773 3589 ut
799 3536 925 3605 quis
952 3535 1096 3590 ﬁlius
1121 3533 1218 3589 Dei
1252 3534 1347 3591 iiat
1371 3552 1387 3602 ;
1414 3535 1656 3606 nequitia
1687 3542 1891 3597 autem,
1915 3542 1970 3589 et
2002 3535 2058 3589 in

488 3627 898 3683 contumeliosis
932 3626 1276 3682 sermonibus
1303 3625 1484 3681 rabies
1513 3634 1568 3680 et
1608 3625 1966 3694 impudentia,
2003 3633 2062 3680 ut

488 3721 633 3789 quis,
657 3720 816 3787 juxta
853 3716 1148 3786 Scripturae
1189 3733 1519 3783 sermonem,
1548 3717 1701 3771 canis
1735 3715 2058 3785 appelletur.

490 3812 680 3867 Simile
709 3812 872 3865 etiam
905 3810 1174 3880 intelliges
1212 3810 1278 3864 de
1304 3809 1530 3878 reliquis
1561 3807 1898 3875 nominibus,
1938 3823 2061 3878 qua:

489 3903 700 3958 ratione
728 3901 1043 3956 carentibus
1078 3900 1408 3956 animalibus
1438 3899 1771 3954 tribuuntur.
1829 3898 2060 3955 Verum-

489 4005 671 4049 tamen
702 3993 796 4062 qui
825 3992 1237 4062 reprehenditur
1264 4000 1322 4046 ut
1342 3992 1516 4057 canis,
1550 4007 1651 4046 nec
1671 4007 1815 4063 agre
1842 3991 1945 4047 l’ert
1975 3993 2060 4047 in-

487 4087 709 4158 dignum
737 4101 795 4140 se
818 4085 923 4140 dici
952 4100 1089 4154 pane
1116 4085 1374 4149 filiorum,
1398 4092 1452 4138 et
1479 4099 1601 4138 cum
1626 4085 1774 4138 omni
1798 4086 2057 4154 patientia

487 4191 794 4232 sermonem
844 4174 1167 4230 Chananaeae
1202 4174 1348 4229 illius
1389 4184 1638 4243 usurpat,
1674 4173 1944 4230 dicentem
1970 4175 2012 4204 "
2041 4192 2054 4228 :

2171 547 2271 619 μού
2319 564 2422 610 τις,
2462 545 2575 614 ἐγὼ
2619 545 2727 618 γὰρ
2765 546 2934 615 ἔγνων
2971 549 3197 620 δύναμιν
3235 547 3617 619 ἐξεληλυθυῖαν
3649 551 3743 606 ἀπ’

2166 637 2319 706 ἐμοῦ.
2367 656 2384 688 ι
2433 637 2565 689 Ἀπὸ
2596 637 2786 690 τούτου
2830 635 2923 691 οὖν
2961 638 3053 690 τοῦ
3099 638 3295 710 μέτρου
3329 639 3428 709 τῆς
3463 638 3744 710 δυνάμεως

2166 727 2503 798 ἐταμιεύετο,
2521 732 2633 791 τοῖς
2661 729 2760 798 μὲν
2785 729 3213 800 προηγουμένοις
3237 729 3454 783 πλείονα
3477 730 3744 794 ἐπιδιδοὺς

2166 821 2257 873 καὶ
2281 820 2634 890 καλουμένοις
2657 823 2812 884 υἱοῖς,
2848 823 2960 885 τοῖς
2975 821 3032 873 δὲ
3065 822 3139 892 μὴ
3170 821 3428 885 τοιούτοις
3461 821 3738 887 ἐλάττονα,

2164 911 2238 974 ὡς
2271 915 2380 976 τοῖς
2407 913 2682 975 κυνιδίοις.
2735 912 2870 965 Ἀλλ’
2899 915 2946 965 εί
2980 913 3074 966 κα)⁸
3100 913 3272 966 ταῦτα
3307 913 3480 977 οὕτως
3510 913 3743 982 ἐγίνετο,

2165 1003 2316 1057 οὐδὲν
2356 999 2518 1076 ἦττον
2558 1005 2690 1057 ὅπου
2742 1004 2950 1075 μεγάλη
2991 1003 3194 1069 πίστις,
3242 1005 3409 1059 ἔδωκε
3447 1002 3535 1057 τὸν
3577 1002 3746 1074 ἄρτον

2165 1092 2271 1147 τῶν
2291 1093 2517 1158 τέκνων,
2545 1093 2620 1158 ὡς
2647 1093 2839 1163 τέκνῳ,
2876 1097 2942 1164 τῇ
2970 1093 3057 1147 διὰ
3078 1093 3177 1163 τὴν
3209 1095 3267 1146 ὲν
3291 1092 3575 1166 Χαναναία
3612 1090 3744 1148 δυσ-

2165 1182 2379 1252 γένειαν
2424 1183 2646 1253 κυνιδίῳ
2694 1182 3053 1252 τυγχανούσῃ.
3099 1183 3250 1252 Τάχα
3285 1181 3341 1233 δὲ
3374 1181 3468 1234 καὶ
3507 1179 3617 1234 τῶν
3659 1179 3744 1232 λό-

2165 1291 2277 1343 γων
2335 1274 2508 1344 Ἰησοῦ
2546 1274 2650 1327 eici
2680 1291 2826 1337 τινες
2861 1274 3034 1345 ἄρτοι,
3076 1271 3170 1334 οὓς
3210 1275 3321 1334 τοῖς
3359 1269 3743 1342 λογικωτέροις

2165 1367 2240 1430 ὡς
2273 1366 2482 1430 τέκνοις
2530 1366 2716 1430 ἔξεστι
2740 1366 2937 1420 διδόναι
2983 1367 3195 1436 μόνοιςο
3247 1365 3342 1417 καὶ
3380 1363 3530 1418 ἄλλοι
3569 1362 3739 1433 λόγοι,

2144 1457 2326 1510 ὀἱονεὶ
2369 1456 2522 1528 ψιχία
2558 1458 2666 1511 ἀπὸ
2703 1457 2802 1526 τῆς
2839 1457 3080 1528 μεγάλης
3111 1457 3313 1520 ἑστίας,
3347 1456 3438 1509 καὶ
3461 1453 3739 1525 τραπέζης

2165 1548 2272 1602 τῶν
2297 1550 2692 1620 εὐγενεστέρων
2723 1551 2814 1602 καὶ
2842 1549 3070 1620 κυρίων,
3102 1543 3180 1612 οἷς
3211 1547 3488 1618 χρήσαιντ’
3513 1544 3576 1599 ἄν
3596 1560 3740 1606 τινες

2165 1641 2331 1710 ψυχαὶ
2353 1639 2426 1704 ὡς
2461 1638 2641 1703 κύνες.
2681 1641 2790 1694 Καὶ
2828 1639 2970 1694 κατά
3002 1638 3088 1694 τὸν
3121 1637 3401 1701 Μωῦσέως
3423 1636 3582 1705 νόμον
3613 1631 3739 1704 περί

2165 1749 2326 1784 τινων
2358 1731 2667 1801 γέγραπται
2699 1715 2774 1800 τῷ
2809 1730 2930 1783 κυνὶ
2959 1727 3260 1801 ἁπορῤίψαι
3293 1727 3454 1789 αὐτὰ,
3481 1725 3573 1777 κα)¹
3606 1722 3738 1793 ὲμέ-

2162 1824 2294 1895 λησε
2320 1824 2398 1894 τῷ
2433 1825 2571 1894 ἁγίῳ
2595 1822 2870 1893 Πνεύματι
2893 1820 3226 1875 ἐντείλασθαι
3262 1818 3389 1890 περί
3418 1835 3579 1871 τινων
3607 1815 3742 1886 βρω-

2166 1916 2370 1987 μάτων,
2420 1915 2506 1968 ἵνα
2550 1914 2676 1966 κυσὶ
2722 1911 3072 1983 παραληφθῇ.
3114 1909 3298 1962 Ἀλλοι
3341 1910 3436 1978 μὲν
3467 1902 3559 1960 οὖν
3605 1906 3740 1957 ὑπο-

2161 2006 2582 2076 λαμϐανέτωσαν
2629 2004 2741 2074 (62)
2781 2002 2918 2067 ξένοι
2959 2001 3054 2054 τοῦ
3095 1995 3547 2069 ὲκκλησιαστικοῧ
3579 1994 3739 2063 λόγου

2166 2097 2510 2170 μεταϐαίνειν
2546 2095 2644 2158 τὰς
2671 2094 2845 2165 ψυχὰς
2873 2093 2979 2146 ἀπὸ
3019 2092 3287 2162 σωμάτων
3319 2087 3619 2158 ἀνθρώπων
3649 2083 3740 2136 ἐπὶ

2165 2188 2392 2260 σώματα
2424 2186 2611 2240 κύνεια
2645 2185 2785 2238 κατά
2815 2183 2909 2254 τὴν
2931 2183 3186 2253 διάφορον
3214 2178 3411 2233 κακίαν
3431 2195 3443 2207 ·
3475 2178 3634 2247 ἡμεῖς
3659 2173 3737 2237 δὲ,

2166 2279 2430 2352 μηδαμῶς
2469 2276 2626 2330 τοῦτο
2670 2275 3013 2346 εὑρίσκοντες
3045 2275 3102 2325 ὲν
3128 2275 3194 2342 τῇ
3229 2269 3348 2337 θείᾳ
3374 2268 3587 2352 Γραφῇ,
3631 2279 3738 2332 φα·-

2166 2345 2285 2438 μὲν,
2314 2345 2402 2420 ῄότι
2425 2345 2760 2427 κατάστασις
2787 2362 3126 2432 λογικωτέρα
3169 2345 3488 2429 μεταϐάλλει
3517 2357 3595 2414 είς
3617 2352 3740 2405 ἀλο-

2163 2457 2430 2528 γωτέραν,
2465 2457 2528 2509 ἐκ
2555 2453 2753 2523 πολλῆς
2778 2451 3049 2524 ῥᾳθυμίας
3071 2449 3164 2503 καὶ
3203 2445 3460 2516 ἀμελείας
3490 2440 3739 2497 τὸτοιοῦ-

2161 2566 2253 2602 τον
2285 2547 2590 2618 πάσχουσα’
2613 2543 2813 2615 ὁμοίως
2849 2543 2906 2598 δὲ
2936 2541 3028 2594 καὶ
3070 2538 3382 2610 ἀλογωτέρα
3423 2532 3740 2606 προαίρεσις

2164 2638 2316 2711 παρά
2376 2638 2436 2692 τὸ
2489 2637 2582 2691 τοῦ
2631 2636 2789 2704 λόγου
2843 2632 3177 2704 ἠμεληκέναι
3217 2627 3326 2699 (65)
3356 2667 3372 2693 ,
3421 2623 3738 2695 ἐπιστρέφει

2163 2730 2293 2783 ποτὲ
2326 2731 2408 2792 είς
2445 2729 2504 2781 τὸ
2543 2727 2736 2796 λογικὴ
2779 2721 2940 2788 εἶναι,
2987 2724 3063 2786 ὡς
3095 2722 3154 2778 τό
3192 2737 3323 2773 ποτε
3368 2716 3637 2777 κυνίδιον,
3675 2713 3740 2767 τι

2162 2818 2392 2888 ἀγαπῶν
2423 2818 2620 2872 ἐσθίειν
2649 2817 2756 2870 ἀπὸ
2783 2815 2891 2869 τῶν
2925 2813 3120 2887 ψιχίων
3151 2811 3260 2865 τῶν
3293 2807 3600 2888 ¹πιπτόντων
3629 2803 3736 2858 ἀπὸ

2161 2913 2258 2985 τῆς
2282 2910 2560 2983 τραπέζης
2588 2908 2694 2962 τῶν
2721 2908 2921 2981 κυρίων
2949 2903 3134 2969 αὐτοῦ,
3170 2904 3324 2974 ἥκειν
3356 2901 3435 2964 εἰς
3465 2897 3736 2952 κατάσταο

2164 2983 2248 3054 σιν
2293 3001 2506 3054 τέκνου.
2547 2999 2709 3066 Μέγα
2736 2996 2845 3068 γὰρ
2875 2994 3238 3066 συμϐάλλεται
3271 2989 3440 3062 ἀρετὴ
3477 2986 3573 3058 μὲν
3602 2983 3736 3056 πρὸς

2162 3093 2223 3146 τὸ
2251 3093 2471 3162 ποιῆσαι
2492 3091 2676 3144 τέκνον
2701 3086 2857 3152 Θεοῦ,
2879 3085 3046 3140 κακία
3069 3085 3125 3138 δὲ
3144 3084 3237 3137 καὶ
3261 3083 3322 3136 τὸ
3341 3078 3610 3140 λυσσῶδες
3625 3074 3735 3146 (δι)

2163 3185 2222 3236 ἐν
2247 3161 2427 3251 λόγοις
2459 3181 2811 3251 ὑϐριστικοῖς,
2857 3179 2949 3230 καὶ
2981 3177 3041 3230 τὸ
3078 3173 3293 3234 ἀναιδὲς
3326 3169 3459 3240 πρὸς
3488 3166 3548 3220 τὸ
3576 3161 3737 3233 ποιῆ-

2165 3274 2254 3328 σαί
2293 3290 2412 3326 τινα
2445 3269 2805 3342 χρηματίσαι,
2834 3266 2973 3321 κατά
3004 3265 3095 3319 τὸν
3121 3265 3221 3336 τῆς
3253 3259 3478 3334 Γραφῆς
3513 3255 3622 3329 (65)
3647 3253 3736 3306 λό-

2163 3384 2278 3436 γον,
2312 3363 2468 3419 κύνα.
2505 3361 2579 3414 Τὸ
2605 3361 2661 3413 δὲ
2689 3361 2871 3431 ὅμοιον
2903 3359 3117 3427 νοήσεις
3149 3356 3244 3408 καὶ
3274 3354 3366 3406 ἐπὶ
3391 3350 3498 3403 τῶν
3536 3344 3738 3436 λοιπῶν

2159 3435 2459 3526 ὀνομάτων,
2487 3450 2596 3504 τῶν
2631 3449 2770 3504 κατὰ
2800 3447 2869 3501 τὰ
2891 3448 3058 3515 ἄλογα
3079 3445 3212 3509 ζῶα.
3233 3441 3378 3512 Πλὴν
3407 3443 3435 3493 ὁ
3464 3435 3738 3526 ἐλεγχθεὶς

2160 3547 2236 3611 ὡς
2260 3525 2433 3607 κύων,
2476 3543 2570 3595 καὶ
2605 3541 2678 3612 μὴ
2703 3539 3087 3609 ἀγανακτήσας
3117 3537 3210 3588 ἐπὶ
3237 3533 3316 3604 τῷ
3351 3531 3564 3596 ἀνάξιος
3597 3525 3737 3582 εἷναι

2161 3635 2416 3706 λέγεσθαι
2447 3635 2613 3705 ἄρτου
2639 3631 2843 3684 τέκνων
2862 3669 2876 3693 ,
2907 3628 2999 3681 καὶ
3025 3625 3160 3697 μετὰ
3183 3626 3362 3695 πάσης
3389 3618 3738 3685 ἀνεξικακίας

2163 3724 2331 3779 εἰπὼν
2358 3724 2448 3776 τὸν
2470 3722 2566 3792 τῆς
2592 3718 2901 3783 Χαναναίας
2922 3716 3136 3786 ἐκείνης
3154 3714 3330 3781 λόγον,
3349 3711 3438 3763 τὸν
3460 3711 3733 3780 φήσανταο

2169 3839 2186 3870 ι
2227 3817 2358 3885 Ναὶ,
2404 3814 2597 3886 Κύριε,
2637 3812 2731 3865 καὶ
2774 3809 2882 3880 γὰρ
2919 3808 2997 3870 τὰ,
3020 3806 3251 3877 κυνάρια
3290 3802 3456 3857 ἐσθίει
3488 3799 3595 3854 ἀπὸ
3630 3797 3738 3851 τῶν

2165 3907 2362 3978 ψιχίων
2402 3906 2510 3958 τῶν
2542 3903 2847 3956 πιπτόντων
2897 3897 3004 3952 ἀπὸ
3043 3896 3142 3966 τῆς
3179 3890 3458 3965 τραπέζης
3491 3889 3598 3944 τῶν
3642 3903 3740 3938 κυ-

2169 3997 2298 4068 ρίων
2325 3995 2524 4058 αὐτῶν,
2573 4011 2592 4044 ι
2626 3988 2869 4056 τεύξεται
2900 3988 2999 4058 τῆς
3039 3984 3480 4056 προσηνεστάτης
3507 3979 3738 4051 ἀποκρί-

2168 4084 2505 4157 σεως-Ἰησοῦ
2533 4083 2781 4152 λέγοντος
2807 4078 2954 4149 αὐτῷ
2973 4095 2986 4108 ·
3020 4097 3038 4128 ι
3071 4075 3296 4144 Μεγάλη
3315 4076 3457 4144 σουὴ
3484 4073 3684 4135 πίστις,
3711 4089 3730 4123 ι

2165 4179 2302 4232 ὲπάν
2349 4175 2678 4247 τηλικαύτην
2729 4171 2973 4243 ἀναλάϐῃ
3017 4169 3199 4221 πίστιν
3231 4208 3245 4230 ,
3309 4167 3401 4220 καὶ
3459 4166 3739 4233 λέγοντος*

491 4287 512 4321 ι
541 4269 738 4336 Etiam,
771 4267 1031 4336 Domine,
1069 4283 1196 4322 nam
1242 4275 1296 4321 et
1334 4266 1511 4322 catelli
1555 4266 1724 4321 edunt
1770 4266 1837 4321 de
1879 4267 2056 4334 micis,

2171 4287 2190 4318 ι
2239 4266 2480 4320 Γενέσθω
2511 4283 2592 4318 σοι
2624 4265 2698 4327 di;
2728 4262 2933 4325 θέλεις,
2975 4279 2992 4312 ι
3024 4259 3111 4312 ἵνα
3140 4258 3230 4311 καὶ
3268 4257 3428 4319 αὐτὸς
3465 4256 3609 4326 ἰαθῇ,
3643 4253 3741 4311 καὶ

559 4407 606 4439 ’⁸
625 4406 860 4476 Philipp.
892 4421 954 4471 ιι,
993 4404 1042 4459 7.
1121 4405 1165 4436 ’θ
1200 4402 1335 4458 Luc.
1368 4419 1486 4470 vnl,
1517 4401 1608 4458 46.
1709 4402 1753 4433 ³ο
1779 4399 1954 4455 Exod.
1981 4418 2061 4457 XX]

2163 4403 2250 4485 ii._
2310 4403 2352 4434 ιι
2377 4401 2566 4456 Matth.
2597 4413 2686 4464 xv,
2717 4376 2802 4450 2'7.

560 4544 673 4615 (61)
710 4542 941 4615 Μέτρωθ
982 4540 1318 4615 δυνάμεως,
1343 4541 1470 4596 καθ’
1500 4541 1530 4594 ὃ
1571 4540 1794 4615 ἐχώρει,
1825 4551 1932 4594 etc.
1970 4538 2060 4593 Sic

493 4612 608 4669 haic
662 4614 893 4682 benigne
943 4627 1238 4682 possumus
1309 4613 1708 4682 interpretari,
1764 4612 2058 4682 humanam

490 4680 993 4744 Chi-istinaturann,
1021 4691 1208 4752 utpote
1239 4691 1500 4752 creatam.
1525 4684 1605 4752 vis
1628 4680 1852 4734 inﬁnita:
1885 4680 2062 4752 neuti—

490 4770 656 4824 quam
701 4752 871 4808 fuisse
900 4749 1186 4822 capacem;
1225 4753 1393 4824 sedda
1430 4749 1610 4804 Verbo
1665 4760 1923 4824 tanquam
1976 4749 2064 4802 in-

491 4821 856 4880 strumentum
906 4821 1218 4879 mensuram
1279 4822 1518 4891 aliquam
1565 4821 1849 4890 potestatis
1906 4832 2063 4873 acce-

490 4897 654 4966 pisse.
688 4894 951 4948 Hunnus.

561 4965 668 5036 (62)
706 4967 910 5036 Ἄλλοι
947 4962 1066 5036 μὲν
1111 4958 1224 5017 οὖν
1245 5033 1258 5036 _
1284 4959 1908 5036 ivzolayﬁarétwaar_,
1955 4966 2060 5011 etc.

487 5029 606 5089 Jam
651 5029 830 5104 supra
883 5029 1199 5104 doctrinam
1245 5033 1407 5095 hanc,
1459 5044 1580 5104 quae
1643 5029 2063 5104 peeeptpiixmcw

490 5105 707 5169 asserit,
728 5099 796 5159 ab
816 5104 1048 5171 Origene
1071 5103 1406 5157 confutatam
1427 5099 1682 5171 vidimus.
1705 5099 2064 5168 Hieronymus

492 5185 694 5240 tamen,
728 5170 941 5243 epistol.
975 5173 1042 5226 59
1077 5174 1143 5226 ad
1187 5173 1430 5243 Avitum,
1459 5170 1624 5243 hujus
1658 5170 1860 5243 erroris
1906 5181 2062 5243 reum

489 5237 821 5315 ipsum’pera
864 5244 922 5297 it.
945 5243 1064 5309 Quo
1084 5243 1208 5312 jure
1233 5237 1577 5310 disputamus
1605 5240 1656 5292 in
1680 5237 2061 5308 ‘Origenianis.

489 5316 587 5368 llic
630 5324 808 5368 autem
828 5261 1323 5368 ISSimonianorum.
1381 5310 1838 5364 Basilidianorum
1861 5349 1876 5368 ,
1917 5306 2061 5361 Mar-

489 5306 587 5370 llic
630 5306 808 5369 autem
829 5306 1338 5376 ‘Sim’onia'norum,’
1381 5306 1838 5364 Basilidianorum
1861 5349 1876 5374 ,
1917 5306 2063 5361 Mar-

489 5387 884 5450 cionistarum,
926 5384 1266 5450 aliorumque
1303 5397 1426 5436 cum
1467 5381 1667 5445 quibus
1721 5393 1934 5450 semper
1994 5377 2061 5430 ad

488 5455 852 5527 prmliandum
901 5449 1235 5527 compositus
1280 5461 1396 5527 est,
1449 5451 1700 5527 stolidam
1752 5449 2064 5527 Opinionem

490 5535 644 5580 notat

488 5567 761 5666 ἓὶἷίἓῖνέειῗ
769 5567 847 5648 ’ἱιῖι
873 5567 1163 5648 ὶῖὄῦἷῗὶἱίἶῖ
1179 5567 1593 5666 ἶίξέᾀῂῘέῗῖ
1601 5567 2064 5666 seinse—ﬁlias;

493 5657 634 5718 lides'
660 5681 764 5718 non
795 5665 1083 5719 advertens
1127 5665 1194 5717 de
1225 5657 1618 5733 lege—naturali
1671 5660 1870 5713 debere
1902 5657 2066 5709 intel-

489 5734 606 5802 ligi,
636 5737 701 5788 ad
733 5736 944 5804 ineptas
984 5742 1036 5790 et
1077 5732 1296 5805 impias
1321 5732 1534 5788 fabulas
1573 5744 1881 5785 sermonem
1932 5740 2064 5795 apo-

728 5541 834 5594 qua
871 5518 1368 5593 metempsychosin
1419 5518 2075 5594 statuebant._0rigenes

2163 4543 2416 4601 stolicum
2473 4540 2638 4594 traxit
2691 4539 2744 4591 in
2795 4533 3211 4606 Pythagoricum
3260 4531 3480 4601 dogma,
3528 4527 3578 4583 id
3619 4535 3738 4606 est,

2162 4597 2306 4684 quod
2335 4612 2542 4684 animte
2578 4611 2633 4662 in
2671 4608 2775 4684 alia
2823 4597 3015 4684 atque:
3034 4604 3140 4657 alia
3181 4597 3414 4684 corpora
3461 4597 3734 4684 transiuit.

2162 4674 2384 4743 dantur,
2419 4695 2486 4734 ex
2529 4679 2634 4733 hoc
2677 4675 2923 4746 Apostoli
2964 4674 3111 4746 dicto
3154 4683 3386 4746 conatur
3419 4678 3685 4746 astruere.
3717 4687 3735 4717 ι

2163 4736 2314 4807 ῨὝὶιΙο
2340 4736 2603 4805 1ί·οηαξιιιη
2650 4736 2743 4801 Ιίὺῖ
2789 4761 2827 4809 ι,
2869 4759 2988 4812 cap.
3038 4741 3128 4796 20.
3168 4739 3567 4812 Epiphaniam,
3598 4736 3733 4812 hazr.

2161 4806 2315 4884 mi,
2353 4835 2472 4889 cap.
2513 4820 2546 4889 4
2583 4827 2638 4873 et
2683 4817 2771 4889 il,
2807 4806 2898 4868 ubi
2939 4806 3375 4889 erroremnhunc
3410 4806 3738 4889 V'alentin‘o,

2162 4879 2482 4953 Colarbasb,
2509 4887 2785 4942 Gnosticis
2816 4884 3068 4938 oumibus
3101 4890 3155 4936 et
3184 4879 3517 4944 Manichaeis,
3542 4883 3741 4945 praeter

2162 4962 2514 5024 Marcionem,
2552 4956 2760 5011 tribuit.
2798 4953 2888 5024 In.
3047 5023 3057 5024 ί
3166 5023 3175 5024 7
3279 5017 3291 5024 _
3460 5015 3491 5024 η
3575 5021 3584 5024 _
3673 5012 3704 5024 ί,

2163 5015 2348 5102 Tum
2389 5015 2651 5102 "apage
2683 5025 2788 5102 τοῦ
2813 5023 2999 5102 λργου
3029 5017 3428 5102 ἠμεληκέναι,
3459 5015 3742 5102 sententia

2163 5085 2403 5172 postulat
2429 5085 2492 5152 ut
2516 5096 2593 5167 τῷ
2621 5085 2956 5166 ἠμεληκέναι
2987 5085 3219 5160 negandi
3261 5086 3528 5158 particula
3565 5085 3744 5153 praelio

2164 5168 2341 5243 ﬁgatur.
2375 5168 2451 5221 1n.
3163 5184 3166 5190 '

2235 5261 2347 5332 (64)
2390 5256 2497 5311 Καὶ
2533 5255 2599 5332 rd
2627 5249 3264 5332 lucratiideg._Erasmus
3305 5241 3740 5332 redditxtpmul-

2165 5314 2760 5403 taque'graveolentia;
2793 5341 2810 5373 ι
2858 5314 3066 5390 legebat
3113 5333 3304 5390 nempe
3333 5319 3428 5373 καὶ
3473 5314 3537 5368 τὸ
3569 5314 3741 5366 δυσῶ-

2165 5400 2272 5466 δες.
2305 5400 2382 5454 in.

2233 5491 2346 5559 (65)
2393 5480 2958 5559 Χρημᾳτίςαι-κατὰ
3002 5478 3107 5559 ad]
3154 5479 3282 5559 ζῇς.
3315 5474 3740 5559 Γραφῆςλριιε.

2165 5559 2208 5613 ll
2406 5543 2621 5623 χ’γιῖθς
2666 5552 2811 5608 Psal.
2857 5565 2943 5603 XXI
2968 5591 2981 5614 ,
3021 5548 3118 5613 l7;
3163 5543 3373 5603 Beeles.
3402 5543 3536 5612 xiu,
3576 5543 3647 5600 2'3
3683 5558 3714 5596 ο

2166 5632 2355 5792 animi)
2391 5719 2523 5774 Vide
2550 5713 2856 5785 Apologia»:
2883 5707 3172 5777 Pamphili.

3640 321 3750 380 964

3788 4618 3810 4705 l

3755 4708 3805 4774 is

3756 4765 3774 4818 ἶ
