4100 6426
377 323 491 380 905

1339 323 1695 382 COMMENT.
1739 322 1805 377 IN
1847 320 2264 377 ΜΑἸἽἭεΕυΜ
2303 320 2546 381 TOMUS
2579 324 2675 380 XI.

3538 330 3646 390 966

375 436 436 511 ιτ⁹
476 451 600 490 τινα
644 436 856 509 καρπὸν
888 436 1143 508 ἐγέννησε
1169 436 1420 509 δεόμενον
1451 437 1666 502 ίάσεως,
1696 436 1792 491 καὶ
1815 429 1949 490 οὗτος

2071 450 2193 503 quae
2222 436 2425 492 cadunt
2456 437 2523 493 de
2545 454 2733 495 mensa
2763 440 3112 497 dominorum
3141 459 3392 512 suorum,
3422 463 3441 499 ι
3472 446 3654 502 mitis.

385 527 723 601 θεραπευθῇ.

2072 526 2267 580 simam
2332 539 2704 599 consequetur
2759 536 3170 603 responsionem
3232 536 3359 594 Jesu
3418 540 3654 596 dicentis

382 620 486 693 ipsi
511 624 556 657 ³³
583 643 596 678 :
628 641 650 674 ι
681 623 872 694 Magna
894 633 978 679 est
1010 623 1145 680 ﬁdes
1176 633 1290 691 tua,
1329 643 1347 677 ι
1370 632 1659 694 postquam
1689 619 2048 690 assumpserit
2073 627 2277 675 tantam
2301 621 2486 688 tidem,
2517 633 2570 678 et
2599 626 2831 682 dicentis
2854 628 2901 659 ³³
2928 647 2940 682 :
2982 648 2999 680 ι
3029 628 3152 685 Fiat
3179 631 3275 686 tibi
3305 632 3451 688 sicut
3488 632 3593 698 vis,
3629 650 3647 683 ι

382 726 443 772 ut
463 726 519 774 et
547 718 663 789 ipse
691 728 936 784 sanetur,
957 727 1011 773 et
1037 719 1081 773 si
1104 733 1267 789 quem
1294 718 1520 788 protulit
1547 717 1783 773 fructum
1818 714 2107 771 sanatione
2130 714 2486 788 indigentem,
2521 729 2745 773 sanetur
2780 730 2835 775 et
2868 721 2977 776 ille.

642 833 784 901 Περὶ
815 831 934 887 τῶν
964 831 1446 901 θεραπευθέντων
1478 831 1694 901 ὄχλων.

455 963 475 995 ι
512 944 623 999 Καὶ
664 945 909 1015 μεταϐὰς
955 945 1164 999 ἐκεῖθεν
1212 946 1242 998 6
1289 945 1513 1017 Ἰησοῦς.
1556 965 1575 997 ι
1608 944 1775 1016 Δῆλον
1807 944 1864 998 δὲ
1901 947 1965 998 ὲκ

379 1036 486 1089 τῶν
524 1037 957 1108 προειρημένων,
1000 1038 1084 1091 ὅτι
1132 1038 1240 1091 ἀπὸ
1275 1036 1382 1092 τῶν
1426 1037 1604 1110 μερῶν
1642 1036 1820 1107 Τύρου
1871 1037 1966 1089 καὶ

379 1124 611 1191 Σιδῶνος
640 1145 658 1178 ι
697 1124 832 1199 ἦλθε
870 1129 1022 1200 παρὰ
1041 1129 1138 1200 τὴν
1169 1129 1442 1183 θάλασσαν
1464 1129 1564 1200 τῆς
1587 1127 1894 1194 Γαλιλαίας,
1939 1147 1958 1180 ι

377 1217 499 1287 ἥτις
542 1218 690 1274 ἐστὶν
737 1221 770 1292 ή
813 1220 1059 1293 συνήθως
1111 1221 1484 1293 ὀνομαζομένη
1529 1220 1836 1293 Γεννησαρέτ
1880 1235 1963 1283 τις

377 1307 562 1381 λίμνη·
588 1311 685 1364 καὶ
718 1311 879 1365 πάλιν
917 1331 935 1364 ι
971 1312 1136 1384 ἀνέϐη
1171 1315 1251 1377 είς
1268 1312 1330 1366 τὸ
1357 1312 1502 1385 ὅρος,
1538 1331 1556 1364 ι
1599 1310 1727 1365 ἔνθα
1759 1309 1964 1373 ἀναϐὰς

377 1400 687 1466 ἐκαθέζετο.
731 1404 920 1458 Ἔστιν
950 1401 1043 1458 οῦν
1083 1407 1279 1471 εἰπεῖν,
1308 1407 1389 1460 ὅτι
1420 1406 1500 1469 είς
1528 1405 1589 1458 :6
1633 1402 1753 1475 ὅρος
1781 1402 1959 1467 τοῦτο,

375 1492 836 1558 ὃπουίκαθέζεται
870 1498 898 1550 6
949 1496 1177 1570 Ἰησοῦς,
1221 1498 1319 1569 οὐχ
1364 1488 1962 1566 ὑγιαίνοντεςᾊναδαί-

2482 836 2643 909 507
2700 840 2777 895 De
2807 844 3011 898 sanatis
3048 845 3235 899 turbis.

2143 945 2226 1000 l8.
2272 966 2289 998 ‹
2320 945 2539 1003 Etcum
2586 952 2873 1009 transisset
2920 955 3047 1011 inde
3087 955 3248 1012 Jesus
3279 958 3343 1013 “.
3377 977 3396 1011 ι
3426 958 3652 1016 Constat

2066 1049 2129 1090 ex
2171 1051 2333 1105 supra
2381 1037 2574 1104 dictis,
2613 1054 2645 1096 e
2692 1044 2939 1111 partibus
2985 1042 3111 1114 Tyri
3157 1056 3208 1100 et
3250 1045 3469 1104 Sidonis
3500 1066 3519 1099 ‹
3553 1062 3651 1102 ve-

2066 1127 2216 1183 nisse
2269 1129 2420 1185 illum
2473 1147 2633 1187 secus
2678 1149 2832 1190 mare
2883 1133 3203 1204 Galilaaze",
3236 1157 3254 1189 ι
3295 1140 3438 1211 quod
3490 1139 3652 1210 vulgo

2070 1224 2324 1289 stagnum
2354 1220 2651 1280 Genesaret
2677 1227 2980 1296 appellatur
3008 1246 3021 1283 ε
3056 1239 3108 1283 ει
3131 1245 3323 1286 rursus
3351 1250 3369 1282 ι
3402 1232 3651 1286 ascendit

2069 1306 2123 1360 in
2156 1320 2394 1364 montem
2418 1311 2483 1377 ³⁸,
2516 1332 2534 1364 ι
2565 1314 2655 1369 ubi
2683 1324 2971 1385 postquam
3004 1319 3360 1383 ascendisset,
3386 1318 3644 1375 sedebat.

2066 1397 2220 1455 Licet
2245 1402 2409 1472 igitur
2446 1405 2629 1461 dicere
2668 1416 2910 1463 montem
2938 1409 3089 1464 illum
3132 1410 3225 1466 ubi
3273 1411 3423 1467 sedet
3464 1410 3648 1469 Jesus.

2069 1506 2178 1546 non
2225 1507 2322 1548 eos
2370 1497 2665 1552 ascendere
2704 1500 2854 1555 solos
2900 1502 2994 1571 qui
3030 1504 3150 1557 sani
3185 1514 3333 1571 sunt,
3381 1506 3474 1561 sed
3521 1521 3647 1560 cum

375 1600 526 1640 νουσι
554 1587 745 1658 μόνον,
786 1587 924 1642 ἀλλά
951 1589 1092 1660 μετὰ
1117 1589 1224 1643 τῶν
1259 1589 1610 1658 ὑγιαινόντων
1641 1589 1736 1643 καὶ
1766 1590 1815 1642 οί
1848 1589 1949 1643 διά-

2069 1582 2154 1638 his
2187 1593 2242 1639 et
2271 1585 2394 1642 illos
2425 1588 2518 1657 qui
2564 1591 2734 1646 variis
2768 1592 3009 1648 aﬂlictati
3046 1593 3263 1651 fuerant
3309 1597 3534 1654 morbis.
3571 1598 3649 1651 Ac

282 1702 295 1715 ·
376 1698 516 1754 (popa
542 1681 689 1752 πάθη
719 1682 1068 1746 πεπονθότες.
1095 1682 1206 1737 Καὶ
1234 1685 1372 1754 τάχα
1396 1682 1552 1736 τοῦτο
1572 1682 1634 1736 τὸ
1664 1682 1809 1755 δρος,
1836 1682 1949 1736 ἔνθα

2066 1671 2298 1730 fortasse
2328 1692 2486 1733 mons
2526 1679 2615 1735 ille
2654 1681 2709 1735 in
2744 1697 2853 1753 quo
2892 1685 3115 1740 sedebat
3157 1685 3315 1742 Jesus
3357 1698 3647 1759 postquam

374 1770 585 1834 ἀναϐὰς
616 1769 903 1836 ἐκαθέζετο
928 1774 956 1825 6
987 1770 1214 1843 Ἰησοῦς,
1248 1773 1641 1845 ὴικοινοτέρως
1679 1774 1827 1827 ἐστὶν
1848 1773 1963 1826 ὀνο-

377 1861 656 1935 μαζομένη
702 1861 1015 1934 Ἐκκλησία,
1048 1863 1379 1935 ἀνεστηκυῖα
1417 1862 1506 1916 διὰ
1538 1862 1630 1917 τὸν
1676 1862 1832 1933 λόγον
1866 1864 1960 1918 τοῦ

372 1957 509 2010 Θεοῦ
545 1956 695 2028 παρά
726 1958 824 2030 τὴν
846 1957 1038 2029 λοιπὴν
1079 1958 1200 2029 γῆν,
1223 1958 1317 2011 καὶ
1348 1959 1473 2021 τοὺς
1493 1959 1579 2010 ἐπ’
1600 1958 1788 2030 αὐτῆς·
1828 1958 1959 2012 ὅπου

375 2047 767 2120 προσέρχονται
807 2049 905 2119 οὐχ
968 2050 1016 2102 οί
1082 2048 1322 2120 μαθηταὶ
1379 2049 1775 2112 καταλιπόντες
1835 2051 1960 2115 τοὺς

373 2139 585 2210 ὄχλους,
617 2140 692 2205 ὼς
713 2141 807 2193 ἐπὶ
840 2139 947 2193 τῶν
985 2140 1375 2213 μακαρισμῶν,
1403 2126 1540 2195 ἀλλά
1570 2140 1755 2195 πολλοὶ
1790 2139 1955 2213 ὄχλοι,

371 2232 570 2295 οἵτινες
595 2232 747 2286 αὐτοὶ
770 2233 868 2304 μὲν
895 2233 954 2286 ού
981 2233 1382 2305 κατηγοροῦντο
1404 2233 1480 2299 ὡς
1499 2234 1693 2304 κωφοὶ,
1719 2235 1754 2306 ἦ
1779 2252 1833 2288 τι
1861 2252 1959 2288 πε-

373 2322 651 2388 πονθότες,
681 2324 863 2394 έχουσι
889 2324 946 2378 δὲ
988 2324 1106 2395 μεθ’
1128 2325 1336 2381 ἑαυτῶν
1367 2329 1493 2392 τοὺς
1520 2328 1815 2392 τοιούτους.
1847 2328 1959 2382 Καὶ

370 2413 483 2485 γὰρ
528 2413 668 2468 ἔστιν
708 2415 836 2469 ἰδεῖν
880 2417 1019 2488 μετά
1053 2418 1161 2471 τῶν
1193 2419 1646 2491 προσερχομένων
1674 2420 1846 2492 ὄχλων
1878 2422 1960 2485 εἰς

370 2506 528 2561 τοῦτο
565 2506 624 2561 τὸ
647 2508 791 2580 ὅρος,
834 2508 962 2564 ἔνθα
992 2512 1021 2565 6
1046 2512 1160 2577 υίὸς
1191 2512 1478 2579 καθέζεται
1504 2512 1597 2568 τοῦ
1622 2513 1779 2580 Θεοῦ,
1806 2513 1959 2579 τινὰς

375 2598 474 2668 μὲν
505 2599 934 2672 κεκωφωμένους
984 2602 1123 2673 πρὸς
1149 2603 1219 2658 τὰ
1255 2603 1722 2676 ἐπαγγελλόμενα,
1764 2604 1957 2669 ἄλλους

371 2688 427 2744 δὲ
459 2691 695 2761 τυφλοὺς
727 2690 826 2763 τὴν
854 2691 1050 2765 ψυχὴν,
1091 2696 1185 2748 καὶ
1222 2694 1295 2767 μὴ
1326 2695 1622 2765 βλέποντας
1657 2697 1719 2750 τὸ
1768 2697 1958 2770 ἀληθι-

370 2781 461 2834 νδν
490 2782 627 2853 φῶς,
660 2784 755 2838 καὶ
788 2784 980 2850 ἄλλους
1016 2785 1227 2856 χωλοὺς
1261 2788 1356 2841 καὶ
1387 2786 1462 2859 μὴ
1493 2789 1826 2860 δυναμένους
1858 2806 1957 2844 πο-

373 2872 625 2944 ρεύεσθαι
658 2874 799 2929 κατὰ
824 2875 1002 2945 λόγον,
1029 2877 1123 2931 καὶ
1148 2877 1338 2943 ἄλλους
1366 2878 1593 2943 κυλλοὺς
1620 2879 1731 2951 (67)
1760 2880 1853 2934 καὶ
1879 2879 1953 2951 μὴ

2062 1779 2187 1820 eum
2236 1771 2678 1837 conscendisset,
2727 1775 2774 1829 is
2827 1777 3040 1846 estqui
3089 1779 3376 1846 vulgatiori
3424 1781 3648 1836 nomine

2063 1856 2302 1917 Ecclesia
2339 1876 2709 1936 nuncupatur,
2744 1876 2923 1922 erecta
2954 1884 3050 1938 per
3081 1872 3306 1925 verbum
3346 1870 3441 1926 Dei
3480 1887 3645 1941 supra

2060 1951 2326 2022 reliquam
2362 1964 2587 2020 terram,
2617 1964 2671 2011 et
2704 1956 2798 2027 qui
2829 1957 2882 2011 in
2916 1973 2979 2013 ea
3018 1969 3178 2027 sunt;
3212 1975 3322 2031 quo
3356 1962 3644 2029 accedunt,

2061 2058 2168 2098 non
2202 2045 2475 2117 discipuli,
2528 2048 2733 2105 relictis
2783 2050 2977 2115 turbis,
3017 2051 3476 2121 quemadmodum
3518 2069 3643 2108 cum

2061 2133 2128 2189 de
2160 2134 2591 2194 beatitudiuibus
2617 2132 2926 2196 verba'illis
2968 2140 3110 2196 facta
3141 2151 3296 2210 sunt;
3335 2143 3427 2199 sed
3470 2143 3646 2198 turbae

2060 2227 2266 2294 multa),
2302 2243 2425 2298 quae
2455 2229 2675 2301 quidem
2722 2247 2832 2286 non
2878 2233 3299 2288 accusabantur
3327 2236 3457 2305 ipsa:
3497 2237 3651 2308 quod

2061 2318 2260 2385 surdae,
2291 2320 2467 2377 aliove
2508 2323 2702 2377 morbo
2740 2321 2948 2380 affecta:
2982 2325 3111 2393 sint,
3155 2326 3248 2381 sed
3287 2326 3420 2382 tales
3453 2342 3639 2383 secum

2058 2407 2281 2464 habent.
2323 2409 2458 2465 Nam
2503 2412 2557 2466 in
2596 2411 2663 2467 iis
2696 2412 2872 2468 turbis
2917 2429 3041 2484 quae
3082 2415 3148 2469 ad
3193 2426 3433 2471 montem
3485 2418 3639 2473 illum

2059 2498 2348 2565 accedunt,
2384 2500 2475 2555 ubi
2502 2500 2653 2557 sedet
2682 2501 2856 2557 Filius
2888 2501 3003 2567 Dei,
3031 2507 3324 2561 nonnullos
3350 2508 3532 2564 videre
3555 2519 3640 2565 est

2058 2588 2126 2643 ad
2159 2605 2223 2644 ea
2253 2607 2374 2661 quae
2397 2594 2792 2663 promittuntur
2823 2599 3022 2654 surdos
3051 2596 3256 2665 factos;
3287 2599 3423 2654 alios
3452 2601 3639 2659 animo

2056 2692 2379 2749 excaecatus,
2414 2694 2468 2740 et
2497 2700 2689 2741 verum
2721 2687 2906 2745 lumen
2938 2704 3045 2743 non
3079 2691 3636 2760 intuentes;claudos

2057 2774 2218 2840 alios,
2258 2785 2313 2831 et
2339 2775 2494 2846 juxta
2541 2789 2744 2835 rectam
2788 2781 3054 2837 rationem
3090 2783 3374 2840 ambulare
3402 2799 3510 2840 non
3541 2801 3639 2840 va-

2055 2865 2257 2934 lentes;
2311 2868 2453 2925 alios
2502 2885 2750 2937 mancos,
2799 2881 2856 2927 et
2898 2873 3059 2942 juxta
3113 2882 3314 2929 rectam
3366 2875 3634 2933 rationem

366 2960 698 3033 δυναμένους
737 2963 877 3018 κατά
917 2964 1073 3035 λόγον
1111 2964 1458 3039 ἐργάζεσθαι.
1496 2964 1654 3024 Οὗτοι
1693 2971 1871 3025 τοίνυν
1904 2973 1949 3025 οἱ

2055 2974 2216 3030 agere
2250 2975 2356 3014 non
2384 2961 2645 3018 valentes.
2664 2960 2729 3017 Hi
2750 2979 2883 3032 ergo
2908 2965 3000 3034 qui
3035 2980 3158 3019 cum
3191 2964 3362 3021 turbis
3392 2976 3634 3023 montem

2053 3051 2389 3119 ascendunt,
2436 3052 2529 3107 ubi
2573 3062 2690 3108 erat
2728 3051 2910 3123 Jesus,
2959 3056 3085 3111 talia
3125 3057 3310 3112 animo
3347 3057 3637 3128 patientes,
3722 3112 3734 3122 ,

367 3052 538 3107 ταῦτα
571 3053 713 3108 κατά
752 3054 928 3127 ψυχὴν
962 3057 1309 3125 πεπονθότες,
1350 3061 1398 3113 οί
1449 3060 1587 3131 μετά
1629 3060 1738 3115 τῶν
1777 3061 1949 3133 ὄχλων

366 3145 446 3206 εἰς
467 3143 528 3196 τὸ
560 3144 685 3216 ὅρος
720 3145 1043 3213 ἀναϐάντες,
1081 3146 1208 3202 ἔνθα
1242 3144 1311 3221 ἦν
1350 3151 1378 3202 6
1419 3151 1646 3223 Ἰησοῦς,
1694 3152 1817 3207 ὅσον
1852 3155 1950 3227 μὲν

366 3231 471 3297 ἔξω
498 3233 608 3287 τῶν
628 3234 804 3290 ποδῶν
837 3237 942 3289 είσι
971 3235 1064 3291 τοῦ
1118 3237 1314 3309 Ἰησοῦ,
1346 3240 1407 3293 οὐ
1437 3238 1827 3312 θεραπεύονται
1857 3245 1949 3299 ὑπ’

365 3322 552 3377 αὐτοῦ’
584 3324 725 3379 ἐπὰν
756 3325 833 3391 δὲ,
856 3325 932 3391 ὡς
955 3327 1182 3383 τοιαῦτα
1207 3331 1556 3398 πεπονθότες,
1591 3334 1822 3406 ριφῶσιν
1845 3336 1949 3390 ὑπὸ

363 3414 473 3470 τῶν
501 3414 675 3488 ὄχλων
707 3418 861 3491 παρὰ
891 3421 1017 3486 τοὺς
1042 3421 1211 3487 πόδας
1247 3424 1434 3491 αὐτοῦ,
1458 3427 1552 3481 καὶ
1567 3427 1635 3481 τά
1665 3427 1950 3484 τελευταῖα

364 3505 459 3560 τοῦ
482 3507 732 3579 σώματος
751 3509 846 3564 τοῦ
879 3512 1138 3584 Χριστοῦ,
1161 3514 1281 3567 οὐδὲ
1312 3516 1517 3571 τούτων
1549 3516 1688 3582 ἄξιοι
1719 3518 1781 3572 τὺ
1825 3520 1948 3573 ὅσον

365 3603 448 3671 ἐφ’
481 3602 695 3667 ἑαυτοῖς
714 3605 1097 3676 τυγχάνοντες,
1138 3606 1260 3661 τότε
1296 3607 1387 3661 ὑπ’
1428 3606 1594 3660 αὑτοῦ
1624 3606 1949 3681 θεραπεύον-

363 3710 471 3746 ται.
506 3695 617 3749 Kal
649 3695 790 3751 ἐπὰν
814 3697 929 3769 ἴδῃς
949 3698 1009 3751 ὲν
1043 3697 1122 3770 τῷ
1142 3699 1240 3772 τῆς
1274 3699 1575 3770 κοινότερον
1622 3700 1947 3772 Ἐκκλησίας

367 3785 665 3858 λεγομένης
683 3788 1013 3860 ἀθροίσματι
1035 3790 1403 3862 ἐρριμμένους
1438 3790 1576 3861 μετά
1614 3793 1740 3856 τοὺς
1759 3792 1946 3846 τελευ-

365 3878 549 3944 ταίους
585 3880 778 3951 αὐτῆς,
816 3881 979 3935 οἱονεὶ
1006 3883 1098 3935 καὶ
1131 3882 1282 3953 παρὰ
1313 3882 1440 3946 τοὺς
1483 3882 1651 3946 πόδας
1696 3882 1791 3936 τοῦ
1842 3885 1947 3957 ’1η-

366 3970 460 4023 σοῦ
506 3970 755 4043 σώματος
796 3973 896 4045 τῆς
951 3972 1299 4046 Ἐκκλησίας,
1328 3974 1460 4037 τοὺς
1505 3975 1945 4045 κατηχουμένους

364 4064 759 4137 προσελθόντας
792 4067 932 4136 μετά
954 4067 1053 4139 τῆς
1088 4066 1223 4130 ιδίας
1258 4066 1593 4137 κωφότητος,
1629 4068 1726 4120 καὶ
1753 4067 1944 4137 τυφλό-

363 4175 544 4231 τητος,
588 4157 890 4231 χωλότητος
929 4176 1010 4224 τε,
1037 4158 1133 4212 καὶ
1156 4158 1499 4231 κυλλότητος,
1528 4159 1624 4212 καὶ
1655 4158 1734 4230 τῷ
1765 4159 1944 4232 χρόνῳ

2051 3143 2292 3214 quandiu
2321 3145 2386 3199 ad
2430 3145 2596 3214 pedes
2623 3143 2753 3203 Jesu
2798 3162 2908 3201 non
2949 3155 3113 3213 sunt,
3149 3149 3221 3204 ab
3260 3148 3354 3204 illo
3394 3165 3504 3206 non
3538 3167 3639 3208 sa-

2051 3243 2283 3303 nantur;
2320 3251 2445 3291 cum
2490 3252 2622 3292 vero
2661 3253 2692 3293 a
2729 3239 2907 3295 turbis
2957 3240 3023 3295 ad
3072 3240 3237 3310 pedes
3285 3240 3434 3302 illius
3473 3247 3529 3298 et
3567 3243 3637 3298 ad

2048 3335 2296 3383 extrema
2336 3328 2585 3399 corporis
2613 3328 2822 3386 Christi
2860 3331 3088 3402 projecti
3129 3341 3279 3397 sunt,
3318 3340 3509 3405 utpote
3536 3333 3639 3404 "qui

2048 3418 2252 3475 talibus
2285 3420 2493 3476 morbis
2520 3420 2801 3489 laborent,
2839 3421 3037 3476 horum
3083 3422 3325 3493 alioquin
3366 3432 3633 3495 quantum

2047 3509 2273 3580 quidem
2301 3511 2366 3565 ad
2403 3511 2537 3565 illos.
2561 3511 2752 3567 attinet
2792 3513 3024 3583 indigni,
3050 3521 3180 3568 tunc
3208 3513 3278 3567 ab
3311 3513 3404 3568 illo
3435 3529 3636 3570 sanau-

2050 3609 2157 3656 tur.
2197 3598 2263 3655 Et
2306 3617 2430 3656 cum
2471 3601 2674 3657 videris
2709 3603 2765 3655 in
2798 3600 3058 3657 Ecclesiae
3096 3602 3260 3673 vulgo
3292 3603 3451 3658 dictae
3502 3616 3636 3657 con-

2047 3693 2365 3765 gregatioue
2402 3694 2829 3750 catechumenos
2850 3735 2863 3758 ,
2893 3695 2988 3765 qui
3031 3711 3155 3750 cum
3194 3695 3410 3764 propria
3444 3693 3630 3751 surdi-

2045 3793 2181 3850 tate,
2217 3792 2273 3840 et
2297 3785 2563 3850 caecitate,
2593 3786 3018 3852 claudicatione,
3049 3802 3114 3843 ac
3141 3787 3420 3843 debilitate
3447 3803 3635 3844 acces-

2044 3884 2269 3944 serunt,
2303 3877 2577 3947 projectos
2616 3885 2740 3946 post
2771 3877 2899 3933 illos’
2936 3877 3030 3946 qui
3068 3878 3122 3932 in
3155 3892 3217 3932 ea
3258 3878 3433 3933 ultimi
3466 3887 3629 3948 sunt,

2046 3976 2099 4021 et
2128 3968 2274 4023 velut
2307 3969 2372 4023 ad
2408 3969 2571 4038 pedes
2600 3969 2852 4038 corporis
2878 3969 3085 4025 Christi
3113 3986 3234 4040 qua:
3254 3978 3339 4026 est
3364 3969 3628 4033 Ecclesia,

2043 4065 2098 4112 et
2124 4058 2451 4127 procedente
2486 4068 2731 4128 tempore
2762 4056 2925 4113 Verbi
2968 4074 3070 4129 ope
3110 4067 3369 4124 sanatos;
3408 4058 3630 4116 minime

2042 4149 2253 4205 errabis
2277 4164 2400 4204 cum
2432 4149 2581 4205 dices
2607 4149 2762 4215 tales,
2793 4159 3084 4221 postquam
3109 4152 3474 4207 ascenderunt
3501 4168 3627 4207 cum

362 4248 830 4322 θεραπευομένους
886 4248 1029 4305 κατὰ
1054 4250 1143 4305 τὸν
1180 4251 1370 4319 Λόγον,
1410 4250 1511 4304 οὐκ
1563 4248 1629 4304 ἂν
1672 4250 1941 4322 ἁμάρτοις

2053 4241 2220 4296 turbis
2244 4241 2502 4296 Ecclesiae
2539 4242 2593 4296 in
2620 4252 2859 4298 montem
2890 4242 2980 4297 ubi
3005 4250 3124 4297 erat
3146 4240 3327 4311 Jesus,
3353 4242 3628 4313 proiectos

359 4307 486 4405 τοῦς
517 4307 785 4406 τοιούτους
805 4307 999 4411 λέγων,
1028 4307 1335 4404 ἀναϐάντας
1358 4307 1498 4411 μετά
1517 4339 1624 4395 τῶν
1643 4307 1817 4412 ὄχλων
1840 4307 1941 4412 τῆς

2053 4331 2217 4388 luisse
2245 4332 2312 4387 ad
2340 4333 2504 4403 pedes
2531 4333 2699 4397 illius,
2730 4342 2784 4389 et
2819 4343 3065 4398 sanatos,
3111 4332 3249 4388 adeo
3286 4307 3628 4390 iit—Ecclesia

373 4429 701 4505 Ἐκκλησίας
729 4435 809 4499 είς
840 4432 903 4487 τὸ
927 4432 1052 4506 ὅρος
1083 4434 1217 4488 ὅπου
1254 4429 1322 4505 ἦν
1360 4435 1389 4488 6
1429 4430 1656 4504 Ἰησοῦς,
1684 4432 1943 4505 ὲρρίφθαι

362 4525 513 4598 παρά
548 4527 675 4591 τοὺς
709 4526 876 4590 πόδας
904 4525 1090 4590 αὑτοῦ,
1138 4525 1233 4580 κα)⁸
1263 4523 1695 4596 τεθεραπεῦσθαι
1725 4525 1942 4591 αὐτοὺς,

358 4615 499 4670 ὥστε
527 4618 618 4671 τὸν
647 4616 801 4688 ὄχλον
828 4617 927 4687 τῆς
964 4616 1288 4688 Ἐκκλησίας
1313 4615 1613 4687 θαυμάζειν
1646 4614 1943 4686 βλέποντας

356 4711 466 4767 ἀπὸ
486 4707 821 4783 τηλικούτων
847 4708 1033 4764 κακῶν
1071 4708 1373 4781 μεταϐολὰς
1404 4710 1496 4762 ἐπὶ
1530 4709 1591 4762 τὸ
1615 4708 1824 4778 βέλτιον
1844 4726 1941 4778 γε·

356 4801 608 4872 νομένας,
631 4799 760 4853 ὥστ’
782 4800 849 4854 ἂν
880 4801 1073 4855 εἰπεῖν·
1112 4802 1173 4854 Οί
1206 4793 1469 4871 πρότερον
1503 4800 1677 4871 κωφοὶ
1716 4800 1940 4872 ὕστερον

355 4892 572 4947 λαλοῦσι
606 4890 717 4966 (68)
753 4891 845 4945 τὸν
872 4890 1028 4960 λόγον
1057 4888 1152 4943 τοῦ
1191 4889 1349 4952 Θεοῦ,
1385 4890 1479 4942 καὶ
1508 4892 1557 4943 οἱ
1589 4888 1752 4960 χωλοὶ
1793 4907 1943 4962 περι-

357 4985 605 5040 πατοῦσι·
649 4983 1032 5056 πληρουμένης
1070 4982 1282 5053 καὶτῆς
1304 4981 1397 5035 τοῦ
1435 4982 1653 5035 Ἡσαΐου
1676 4982 1737 5036 ού
1778 4983 1941 5054 μόνον

2047 4425 2207 4480 turba
2234 4439 2264 4479 a
2289 4425 2456 4480 tantis
2481 4426 2639 4481 malis
2675 4426 2729 4480 in
2759 4427 2957 4482 melius
2986 4427 3322 4482 mutationes
3352 4427 3627 4497 aspiciens

2045 4516 2293 4583 miretur,
2331 4517 2406 4571 ita
2439 4524 2498 4571 ut
2524 4517 2704 4584 dicat;
2733 4517 2827 4589 qui
2854 4518 3009 4588 prius
3031 4518 3167 4572 muti
3185 4525 3361 4585 erant,
3392 4518 3629 4590 loquun-

2044 4616 2135 4662 tur
2163 4608 2361 4663 deinde
2394 4608 2619 4663 verbum
2651 4606 2769 4674 Dei,
2809 4616 2865 4665 et
2908 4609 3086 4664 claudi
3127 4609 3409 4667 ambulant
3442 4630 3456 4666 :
3497 4626 3624 4666 cum

2044 4701 2332 4771 impleatur
2364 4716 2474 4756 non
2525 4701 2581 4756 in
2612 4701 2892 4773 c0rporeis
2927 4700 3105 4758 solum
3128 4743 3144 4768 ,
3189 4702 3285 4759 sed
3321 4712 3377 4758 et
3419 4703 3473 4758 in
3507 4704 3624 4774 spi-

2043 4792 2335 4847 ritualibus
2368 4792 2652 4862 prophetia
2680 4792 2830 4849 Isaiae
2855 4793 3089 4849 dicentis
3110 4793 3188 4847 a":
3229 4810 3248 4844 ι
3280 4792 3434 4848 Tunc
3468 4793 3625 4848 saliet

2043 4884 2188 4940 sicut
2217 4899 2411 4939 cervus
2445 4883 2705 4947 claudus,
2757 4884 2925 4955 508
2964 4893 3018 4939 et
3056 4892 3241 4954 aperta
3295 4884 3396 4938 erit
3438 4883 3623 4954 lingua

2042 4979 2212 5046 muti;
2250 4997 2268 5031 ι
2313 4986 2368 5033 ει
2399 4977 2511 5034 illic
2552 4977 2797 5048 quidem,
2852 4976 2961 5033 nisi
3001 4974 3228 5032 fortuito
3258 4975 3465 5033 dictum
3496 4986 3618 5033 est:

426 5188 473 5223 ⁸⁸
495 5187 684 5246 Matth.
721 5204 812 5257 xv,
844 5187 937 5244 28.
1011 5185 1057 5218 ³⁸
1082 5183 1214 5240 ibid.
1290 5183 1335 5214 ³⁵
1351 5180 1542 5237 Matth.
1570 5198 1662 5248 xv,
1690 5181 1783 5242 29.
1861 5181 1907 5215 ⁸⁵
1940 5182 1949 5237 i

2058 5223 2072 5236 .
2153 5180 2197 5213 ³⁸
2220 5181 2352 5238 ibid.
2430 5180 2881 5245 "lsa.xxxv,6.

425 5377 537 5451 (67)
574 5378 684 5453 Kal
706 5377 800 5453 μὴ
832 5375 1206 5453 δυναμένους
1232 5374 1614 5453 πορεύεσθαι.
1640 5372 1789 5453 κατὰ
1828 5374 1932 5427 λό-

351 5443 482 5521 τοίρ,
516 5443 615 5503 καὶ
643 5443 874 5523 Mue
899 5443 1189 5523 κυλειούς.
1232 5443 1360 5523 Haec
1390 5444 1443 5497 in
1479 5443 1636 5499 codd.
1666 5444 1926 5523 suisunon

354 5510 631 5598 repererat
664 5510 1035 5598 liuetius,sc_d
1060 5517 1155 5597 hic
1171 5514 1493 5585 supplentur
1520 5528 1551 5568 e
1580 5513 1739 5568 codd.
1770 5510 1921 5567 Vati-

351 5584 513 5650 cano,
541 5587 862 5657 Anglicano,
891 5596 945 5640 et
974 5584 1288 5640 Tariniano.
1654 5651 1682 5662 η

366 5728 385 5730 _
425 5658 538 5730 (68)
582 5656 962 5730 Οὶ-ετρότερρν
989 5654 1459 5730 κωφρὶ-ὕστερον
1488 5655 1772 5730 λαλουσι,
1815 5660 1925 5730 etc.

353 5722 616 5805 Drigehes
648 5722 743 5780 lib.
780 5722 1234 5805 ιιιϐριιιι·ιι“⁷ίῖειεἔ
1257 5724 1400 5805 _pari
1441 5724 1708 5805 sententia
1753 5737 1776 5805 ε.
1815 5722 1928 5805 illst

351 5792 790 5870 γὰρ’ἀνοίγονται
818 5793 1084 5865 ὀφθαλμοὶ
1108 5792 1323 5864 τυφλῶν
1347 5792 1443 5865 τὴν
1471 5792 1667 5863 ψυχὴν,
1694 5793 1787 5846 καὶ
1811 5792 1926 5847 ὦτα

2035 5373 2662 5457 τῶνηξκκεκωφηεεένωγ
2708 5371 2844 5457 re:
2862 5369 3089 5457 λέγεις.
3122 5366 3329 5457 ξιρξῑῖις
3346 5407 3381 5457 ν.
3398 5363 3621 5457 ἀξεεέεῖ

2037 5443 2335 5516 προθύμως
2358 5434 2499 5524 πέρῗ
2516 5441 2671 5504 Θεοῦ,
2704 5434 2799 5492 καὶ
2828 5440 2928 5509 τῆς
2959 5434 3089 5511 παρ’
3113 5434 3331 5574 αὖτοῦέ
3357 5434 3394 5490 ί.
3430 5434 3619 5519 αὐτῷ)

2038 5515 2317 5574 μακαρίας
2345 5512 2516 5574 ζωης·
2556 5508 2740 5564 πολλοὶ
2771 5508 2828 5561 δὲ
2857 5507 2951 5561 καὶ
2977 5507 3141 5574 χωλοὶ
3168 5504 3268 5568 τὰς
3321 5505 3496 5574 κίάσειςᾼ
3519 5521 3619 5574 του

2038 5504 2326 5586 μακαρίας
2345 5504 2516 5586 ζωῆς·
2531 5508 2740 5586 ’πολλοι
2771 5508 2828 5586 δὲ
2857 5504 2951 5586 κα).
2977 5504 3141 5586 χωλοὶ
3168 5504 3268 5568 τὰς
3300 5504 3497 5583 ἐάσεις
3519 5504 3619 5586 τοῦ

2038 5525 2317 5586 μακαρίας
2345 5525 2516 5583 ςωης⁶
2556 5525 2740 5564 πολλοι
2771 5525 2828 5561 οε
2857 5525 2951 5561 και
2977 5525 3141 5627 gnam.
3168 5525 3268 5568 τας
3300 5525 3497 5583 auaui
3519 5525 3619 5561 του

2036 5584 2131 5654 (ὡς
2162 5585 2195 5655 ἡ
2229 5583 2415 5655 Γραφὴ
2439 5578 2746 5655 ὠνόμασεν)
2772 5577 2890 5655 ,ἔσω
2918 5578 3011 5655 διν-
3025 5591 3230 5655 ρωπου,
3280 5591 3377 5628 νυν
3405 5590 3516 5655 τοι).

2072 5642 2130 5707 ου
2159 5642 2452 5717 ίᾶισοὶμένὸυ
2492 5642 2708 5713 αὖτοὺς,
2729 5642 2831 5717 ὀὐχ
2863 5642 3052 5709 ἁπλῶς
3081 5642 3334 5699 ἆλλονται
3353 5682 3371 5711 ,
3398 5642 3516 5699 ἀλλ’
3542 5645 3617 5709 ὡς

2062 5726 2249 5795 λαφος.
2293 5722 2335 5777 ll
2345 5725 2554 5778 uerius.

3630 5880 3669 5910 Α
