4100 6414
299 427 405 485 969

1262 419 1614 481 COMMENT.
1656 420 1722 476 IN
1763 413 2181 476 blATTll'EliM
2236 414 2475 474 TliMlIS
2519 416 2607 476 XI.

3462 397 3565 452 970

296 549 390 609 τὸς
411 548 549 611 Θεὸς
594 548 783 618 ῐῐατῇρ
818 546 926 616 (75)
969 548 1082 597 ἐστι
1138 542 1229 596 τοῦ
1274 541 1709 613 θεραπεύσαντος
1761 541 1873 601 τοὺς

1991 537 2153 608 igitur
2183 537 2450 592 fat-ianuis
2490 536 2776 591 nobiscum
2823 533 2877 588 in
2919 542 3192 595 montem.
3233 533 3324 589 ubi
3352 535 3562 589 consti-

296 637 751 708 προειρημένους,
780 636 871 689 καὶ
910 634 1041 696 Θεὸς
1072 632 1164 684 τοῦ
1216 631 1451 703 Ἰσραήλ·
1488 631 1550 682 οὑ
1595 629 1702 699 γὰρ
1755 628 1882 680 Ἰου-

293 726 461 783 διίων
489 728 649 797 μόνον
679 730 710 781 ὁ
734 727 865 789 ﬂed;
885 728 1051 788 ἐστιν,
1080 723 1214 776 ἀλλὰ
1239 723 1332 775 καὶ.
1358 720 1545 775 ἐθνῶν.
1595 717 1880 773 Ἀναϐιόἁ-

294 817 479 888 ζωμεν
497 815 593 872 οὖν
627 818 743 889 μεθ’
783 816 989 871 ἑαυτῶν
1013 816 1106 868 ἐπὶ
1130 816 1187 867 τὸ
1212 814 1357 887 ὅρος,
1382 813 1511 867 ἔνθα
1548 810 1834 874 καθέζεται
1854 812 1883 862 ὁ

311 907 514 979 Ἰησοῦς
530 908 628 979 τὴν
666 907 989 978 Ἐκκλησίαν
1014 903 1202 968 αὑτοῦ,
1230 904 1355 966 τοὺς
1383 899 1737 972 βουλομένους
1762 899 1884 950 ἀνο-

299 999 501 1052 εαίνειν
532 999 619 1052 ἐπ’
662 998 792 1052 αὐτὸ
841 996 957 1069 μεθ’
1007 994 1167 1067 ἡμῶν
1200 994 1439 1063 κωφοὺς,
1479 990 1736 1061 τυφλοὺς,
1776 1006 1883 1058 κω-

298 1090 441 1153 λοὺς,
470 1088 715 1151 κυλλοὺς,
764 1088 859 1141 καὶ
896 1087 1114 1159 ἐτέρους
1166 1082 1416 1148 πολλοὺς,
1464 1080 1560 1135 καὶ
1603 1078 1881 1150 ῥίπτωμεν

298 1181 490 1244 αὐτοὺς
518 1179 671 1251 παρὰ
703 1182 828 1243 τοὺς
864 1179 1030 1242 πόδας
1062 1178 1155 1231 τοῦ
1208 1175 1408 1247 Ἰησοῦ,
1447 1175 1534 1228 ἵνα
1568 1169 1882 1243 θεραπεύσῃ

296 1273 512 1337 αὐτοὺς,
533 1270 675 1325 ὥστε
709 1271 988 1340 θαυμάσαι
1020 1270 1113 1321 ἐπὶ
1141 1272 1207 1339 τῇ
1235 1266 1440 1321 τούτων
1475 1262 1737 1335 θεραπείᾳ.
1756 1262 1883 1323 τοὺς

295 1360 505 1431 ὄχλους
548 1360 598 1411 οἱ
633 1359 741 1429 γὰρ
774 1359 1011 1429 μαθηταὶ⁵
1044 1357 1143 1410 οὐκ
1169 1351 1652 1426 ἀναγεγραμμένοι
1678 1351 1783 1404 εἰσὶ
1814 1349 1882 1403 τὰ

296 1450 519 1504 τοιαῦτα
547 1450 867 1521 θαυμάζειν,
901 1449 1143 1516 καίτοιγε
1179 1447 1445 1517 παρόντες
1468 1443 1545 1515 τῷ
1585 1443 1758 1514 Ἰησοῦ
1787 1444 1882 1495 καὶ

295 1543 436 1605 τότε,
473 1542 549 1606 ὡς
581 1542 737 1612 δῆλον
768 1543 832 1594 ὲκ
858 1540 971 1593 τοῦ·
1010 1559 1027 1591 ι
1071 1541 1127 1593 '0
1155 1540 1211 1593 δὲ
1257 1538 1480 1609 Κύριος,
1510 1537 1883 1606 προσκαλεσαε

294 1650 459 1702 μενος
493 1634 617 1698 τοὺς
652 1632 901 1704 μαθητὰς
928 1630 1115 1694 αὑτοῦ,
1150 1627 1290 1683 εἷπε·
1326 1625 1765 1698 Σπλαγχνίζομαι
1788 1627 1881 1679 ἐπὶ

296 1726 385 1777 τὸν
405 1725 581 1795 όχλον,
612 1745 630 1776 ι
657 1726 749 1778 καὶ
774 1725 844 1777 τὰ
881 1725 1028 1796 ἑξῆς.
1057 1721 1209 1792 Τάχα
1235 1720 1291 1773 δὲ
1313 1721 1362 1773 εί
1384 1716 1661 1789 ἐπιμελῶς
1685 1718 1881 1789 προσέ-

292 1832 409 1886 χοις
432 1814 528 1886 τίεν
563 1835 582 1867 ι
612 1816 922 1887 Προσῆλθον
941 1814 1090 1885 αὐτῷ
1121 1813 1267 1884 ὄχλοι
1298 1811 1502 1876 πολλοὶ,
1535 1829 1553 1862 ι
1588 1810 1769 1881 εὕροις
1791 1811 1876 1875 ἂν,

293 1908 443 1961 ὅτιοί
486 1907 724 1979 μαθηταὶ
755 1907 878 1960 τότε
912 1907 974 1960 οὐ
1008 1904 1315 1978 προσῆλθον
1347 1902 1517 1974 αὐτῷ,
1546 1902 1681 1957 ἀλλὰ
1717 1898 1884 1957 πάλαι

292 1999 594 2070 ἀρξάμενοι
634 1998 968 2064 ἀκολουθεῖν,
1006 1999 1099 2051 καὶ
1126 1997 1206 2060 είς
1248 1995 1308 2049 τὸ
1342 1995 1467 2066 ὄρος
1508 1994 1878 2066 ἠκολούθησαν

290 2091 463 2161 αὐτῷ.
498 2090 808 2162 Προσῆλθον
841 2090 897 2143 δὲ
923 2088 1069 2160 αὐτῷ
1091 2089 1141 2141 οἱ
1174 2088 1280 2140 τῶν
1316 2085 1572 2158 μαθητῶν
1602 2087 1877 2150 ἐλάττους,

293 2182 390 2234 καὶ
415 2182 534 2234 τότε
577 2181 788 2250 πρῶτον
824 2180 972 2251 αὐτῷ
1005 2180 1342 2252 προσιόντες,
1382 2179 1442 2231 οὐ
1476 2177 1543 2231 τὰ
1567 2179 1728 2250 ὃμοια
1767 2182 1878 2242 τοῖς

1988 630 2089 682 tuit
2119 628 2279 683 Jesus
2318 627 2617 683 Ecclesiam
2652 642 2832 691 suam,
2870 625 2964 697 qui
3006 625 3380 682 conscendere
3417 626 3569 681 illum

1986 720 2271 775 nobiscum
2293 720 2584 783 voluerint,
2605 726 2808 783 mutos,
2832 730 3028 783 caecos,
3050 717 3298 783 claudos,
3324 731 3570 777 mancos,

1984 811 2148 882 509
2176 822 2229 865 et
2259 811 2459 865 multos
2506 810 2666 876 alios,
2700 819 2755 864 et
2786 809 3143 879 projiciamus
3172 822 3271 864 eos
3310 809 3379 863 ad
3407 808 3575 878 pedes

1981 901 2132 966 Jesu,
2165 911 2224 955 ut
2248 910 2401 956 sanet
2439 900 2582 965 illos,
2611 899 2750 955 adeo
2785 908 2844 954 ut
2873 899 3088 955 sanatio
3118 900 3295 955 turba:
3330 899 3571 957 admira-

1985 991 2183 1046 tionem
2216 990 2430 1060 pariat:
2463 1004 2562 1044 nec
2593 988 2737 1044 enim
2778 987 3040 1056 scriptum
3078 996 3158 1042 est
3189 987 3306 1043 hac
3333 986 3570 1042 admira-

1983 1090 2068 1138 tos
2110 1081 2281 1135 fuisse
2323 1079 2645 1149 discipulos,
2701 1077 2955 1147 quamvis
2987 1084 3043 1130 et
3084 1084 3214 1131 tunc
3253 1075 3385 1133 Jesu
3415 1076 3573 1137 adea-

1983 1183 2124 1233 sent,
2155 1182 2213 1226 ut
2250 1188 2316 1226 ex
2363 1186 2430 1226 eo
2479 1171 2702 1240 planum
2741 1178 2827 1224 est
2858 1167 2901 1200 δ’
2933 1185 2947 1222 :
2982 1186 3002 1219 ι
3028 1166 3191 1222 Jcsus
3227 1176 3409 1221 autem
3439 1182 3575 1222 con-

1982 1264 2190 1319 vocatis
2228 1263 2512 1333 discipulis
2553 1263 2668 1318 suis
2712 1261 2848 1316 dixit
2879 1279 2893 1315 :
2925 1258 3183 1314 Misereor
3224 1261 3418 1323 turbae,
3463 1278 3482 1311 ι
3517 1268 3572 1312 et

1982 1372 2106 1425 quae
2124 1365 2446 1425 sequuntur.
2465 1354 2716 1409 Forsitan
2749 1366 2878 1409 vero
2917 1353 2964 1408 si
2997 1352 3282 1429 diligenter
3311 1351 3426 1411 haec
3453 1366 3573 1421 pcr-

1983 1450 2235 1521 penderis
2259 1449 2303 1481 δ’
2332 1462 2347 1502 :
2379 1466 2399 1499 ι
2429 1448 2795 1502 Accesserunt
2833 1446 2905 1501 ad
2944 1460 3069 1501 eum
3105 1444 3279 1502 turba
3312 1442 3514 1508 multae,
3547 1461 3567 1495 ι

1983 1541 2221 1611 reperies
2253 1549 2383 1594 tunc
2413 1538 2479 1592 ad
2507 1553 2631 1593 eum
2655 1537 2955 1606 discipulos
2984 1551 3092 1591 non
3121 1534 3442 1600 accessisse,
3475 1534 3572 1589 sed

1980 1647 2107 1687 eum
2138 1632 2462 1702 jampridem
2495 1644 2621 1684 cum
2673 1628 2829 1698 sequi
2875 1629 3191 1698 coepissent,
3242 1636 3298 1683 et
3348 1642 3474 1682 eum
3516 1625 3571 1681 in

1982 1732 2222 1778 montem
2268 1733 2486 1778 εοςυιοε
2531 1736 2673 1777 esse.
2722 1723 3087 1775 Ασοεεεετυηι
3122 1731 3308 1776 autem
3339 1722 3406 1776 ad
3446 1737 3570 1777 eum

1982 1816 2075 1886 qui
2094 1814 2379 1884 discipulis
2406 1813 2709 1870 deteriores
2740 1819 2919 1875 erant,
2950 1821 3005 1866 et
3031 1821 3161 1867 tunc
3188 1812 3424 1881 primum
3445 1828 3570 1867 eum

1920 1887 2249 1962 Badeuntes
2301 1906 2491 1960 eadem
2541 1919 2650 1959 non
2710 1902 2988 1974 patiuntur
3034 1918 3101 1958 ac
3148 1903 3186 1958 ii
3237 1904 3332 1974 qui
3382 1919 3573 1959 secum

1984 1996 2367 2053 ascenderunt.
2421 1994 2663 2051 Observa
2719 1994 2848 2049 item
2902 1994 2959 2048 in
3009 1992 3300 2065 Evangelio
3345 1993 3572 2065 quinam

1984 2085 2173 2155 scripti
2213 2085 2323 2140 sint
2350 2082 2540 2139 Jesum
2568 2083 2739 2140 fuisse
2763 2082 2959 2146 secuti,
2990 2086 3216 2154 quinam
3247 2084 3571 2152 accessisse,

1984 2179 2209 2248 quinam
2244 2176 2417 2232 fuisse
2447 2176 2689 2243 adducti,
2716 2186 2772 2232 et
2812 2176 3039 2247 quinam
3071 2174 3243 2232 dividi
3272 2176 3328 2231 in
3365 2191 3572 2247 praee-

296 2274 415 2342 μετ’
444 2271 623 2325 αὐτῶν
651 2271 1017 2341 άναϐεόηκόσι
1048 2269 1365 2324 πεπόνθασι.
1393 2271 1710 2341 Παρατήρει
1736 2270 1793 2323 δὲ
1820 2271 1873 2322 ἐν

1985 2270 2175 2322 dentes
2211 2278 2265 2323 et
2302 2268 2739 2338 subsequentes;
2774 2284 2962 2324 eorum
3000 2269 3130 2324 item
3170 2270 3268 2340 qui
3319 2284 3572 2327 accesse-

291 2362 370 2433 τῷ
399 2362 715 2433 [εὐαγγελίῳ
753 2362 895 2426 τίνες
931 2363 1027 2433 μὲν
1056 2359 1535 2433 ἀναγεγραμμένοι
1580 2358 1715 2411 είσὶν
1744 2360 1873 2428 ηκο-

1983 2368 2135 2427 runt,
2166 2360 2390 2431 quinam
2418 2360 2475 2415 in
2522 2360 2688 2415 domo
2726 2361 2792 2415 ad
2822 2377 2947 2415 eum
2989 2361 3312 2429 acczssisse,
3355 2372 3411 2418 et
3442 2364 3571 2433 qui-

290 2456 611 2526 λουθηκέναι
640 2456 719 2527 τῷ
753 2457 949 2526 Ἰησοῦ,
986 2455 1128 2520 τίνες
1149 2456 1206 2509 δὲ
1228 2452 1708 2525 προσεληλυθέναι,
1731 2452 1873 2519 τίνες

1986 2466 2113 2506 nam
2145 2452 2213 2507 ad
2242 2467 2366 2506 eum
2408 2451 2535 2507 alibi
2571 2453 2876 2522 degentem.
2912 2451 3152 2507 Plurima
3187 2453 3457 2523 siquidem
3487 2455 3573 2509 in-

289 2548 347 2601 ὂὲ
374 2547 697 2618 προσῆχθαι,
730 2549 822 2601 καὶ
841 2548 984 2610 τίνες
1004 2548 1291 2619 διῃρῆσθαι
1319 2548 1400 2609 εἰς
1420 2545 1762 2618 προάγοντας
1785 2548 1873 2599 καὶ

1986 2543 2171 2598 venies
2196 2558 2262 2598 ex
2293 2543 2701 2610 observatione,
2723 2542 3026 2611 spiritualia
3052 2544 3426 2613 spiritualihus
3447 2560 3573 2600 con-

291 2638 371 2699 εἰς
422 2635 867 2700 ἀκολουθοῦντας,
911 2637 1003 2690 καὶ
1050 2635 1159 2689 τῶν
1206 2632 1689 2707 προσεληλυθότων
1734 2634 1873 2697 τίνες

1988 2635 2235 2696 tendens,
2264 2636 2427 2705 digna
2468 2634 2738 2706 exquisita
2769 2634 3033 2704 sapientia
3077 2650 3199 2706 qua:
3243 2638 3298 2690 iu
3329 2634 3570 2707 Evange-

293 2727 441 2798 αὐτῷ
474 2727 586 2801 (74)
621 2730 680 2781 ὲν
711 2730 778 2798 τῇ
812 2729 960 2799 οίκίᾳ
986 2727 1306 2800 προσῆλθον,
1342 2726 1438 2780 καὶ
1469 2726 1612 2789 τίνες
1645 2724 1873 2797 ἀλλαχοῦ

1990 2727 2080 2782 liis
2106 2727 2437 2782 continetur.

289 2820 628 2892 τυγχάνοντι.
674 2819 852 2874 Πολλὰ
882 2821 992 2890 γὰρ
1026 2820 1093 2874 ἂν
1125 2819 1305 2891 εὕροις
1340 2821 1404 2873 ὲκ
1432 2818 1531 2889 τῆς
1565 2817 2026 2889 παρατηρήσεως,
2091 2822 2480 2891 πνευματικοῖς
2530 2821 2871 2892 πνευματικὰ
2917 2821 3252 2893 συγκρίνων,
3304 2822 3429 2889 ἄξια
3472 2824 3573 2895 τῖς

290 2917 350 2969 ἐν
380 2917 495 2981 τοῖς
526 2916 876 2986 Εὑαγγελίοις
908 2913 1168 2987 ἀκριϐοῦς
1202 2915 1416 2985 σοφίας.

730 3011 870 3079 Περὶ
902 3011 1021 3066 τῶν
1042 3011 1192 3065 ἑπτὰ
1224 3010 1436 3079 ἄρτων.

2499 3001 2571 3059 De
2600 3015 2796 3075 septem
2830 3006 3076 3074 panibus.

368 3121 387 3154 ι
439 3101 498 3155 '0
528 3101 588 3156 δὲ
648 3100 873 3174 Ἰησοῦς,
922 3102 1433 3173 προσκαλεσάμενος
1466 3103 1592 3166 τοὺς
1629 3099 1879 3173 μαθητὰς

292 3189 482 3257 αὐτοῦ,
516 3186 691 3246 εἶπεν.
726 3209 746 3243 ι
791 3190 1071 3263 ’Δνωτέρω
1109 3190 1210 3260 μὲν
1250 3191 1344 3243 ἐπὶ
1376 3189 1476 3261 τῆς
1508 3190 1703 3261 ὁμοίας
1745 3189 1878 3244 “ratio

2062 3097 2348 3155 l9.desus
2375 3107 2556 3152 autem
2581 3099 2898 3153 convocatis
2919 3098 3203 3169 discipulis
3224 3100 3345 3155 suis
3372 3099 3564 3155 dixit.»

1988 3191 2165 3261 Supra
2195 3188 2414 3259 quidem
2450 3189 2503 3242 in
2546 3188 2711 3244 simili
2744 3190 2811 3243 de
2840 3189 3076 3259 panibus
3121 3189 3373 3258 historia,
3412 3201 3569 3247 ante-

291 3301 392 3355 της
425 3284 538 3356 (75)
565 3283 695 3356 περὶ
726 3284 835 3337 τῶν
866 3283 1046 3354 ἄρτων
1082 3282 1346 3354 ἱστορίας,
1384 3282 1491 3354 πρὸ
1532 3280 1639 3335 τῶν
1678 3282 1873 3353 ἄρτων,

1985 3298 2149 3353 quam
2193 3297 2394 3352 panum
2427 3280 2630 3336 mentio
2664 3280 2804 3335 facta
2844 3281 2935 3345 sit,
2969 3298 2988 3332 ι
3019 3282 3209 3337 exiens
3229 3279 3394 3338 Jesus
3437 3283 3571 3339 vidit

297 3392 318 3425 ι
359 3371 590 3439 ἐξελθὼν
626 3375 656 3427 ὁ
712 3372 921 3444 Ἰησοῦς
973 3368 1080 3426 εἶδε
1128 3372 1295 3426 πολὺν
1345 3371 1523 3443 ὄχλον,
1560 3372 1656 3427 καὶ
1677 3372 1879 3426 ἐσπλα-

292 3465 521 3538 γχνίσθη
557 3467 643 3519 ἐπ’
682 3465 869 3528 αὑτὸν,
904 3466 1001 3519 καὶ
1031 3464 1365 3536 ἐθεράπευσε
1394 3466 1519 3528 τοὺς
1560 3462 1878 3537 ἀρρώστους

289 3557 494 3614 αὐτῶν.
538 3557 651 3611 Καὶ
686 3557 846 3627 ὀψίας
873 3557 931 3611 δὲ
964 3558 1259 3628 γενομένης
1303 3555 1607 3627 προσῆλθον
1647 3557 1798 3628 αὐτῷ
1825 3559 1877 3610 οἱ

293 3648 535 3721 μαθηταὶ
564 3649 864 3718 λέγοντες-ι
880 3648 1124 3720 Ἔρημός
1144 3650 1290 3702 ἐστιν
1318 3649 1351 3701 ό
1369 3647 1554 3714 τόπος,
1576 3647 1669 3701 καὶ
1692 3649 1726 3718 ή
1759 3646 1877 3718 ὥρα

293 3741 571 3812 παρῆλθεν
599 3742 721 3813 ἦδτγ
773 3741 1042 3795 ἀπόλυσον
1076 3742 1294 3805 αὐτοὺς,
1336 3760 1354 3792 ι
1394 3741 1487 3795 καὶ
1510 3740 1577 3794 τὰ
1610 3739 1757 3812 ἑξῆςο
1783 3740 1877 3793 νῦν

286 3828 349 3883 δὲ
383 3828 522 3900 μετὰ
554 3829 651 3900 τὴν
690 3829 985 3900 θεραπείαν
1017 3828 1125 3883 τῶν
1165 3830 1363 3899 κωφῶν
1406 3830 1499 3883 καὶ
1528 3828 1635 3882 τῶν
1675 3830 1877 3883 λοιπῶν

291 3920 714 3991 σπλαγχνίζεται
747 3922 840 3974 ἐπὶ
871 3922 962 3975 τὸν
980 3920 1134 3991 ὄχλον
1157 3924 1305 3992 τρεῖς
1336 3921 1436 3991 ἤδη
1460 3922 1672 3992 ἡμέρας
1710 3939 1878 3992 προσ-

292 4013 521 4085 μένοντα
542 4013 712 4083 αὐτῷ,
750 4015 844 4067 καὶ
877 4014 952 4083 μὴ
991 4013 1179 4084 ἔχοντα
1226 4015 1436 4083 φαγεῖν·
1481 4014 1574 4067 καὶ
1614 4014 1732 4067 ἐκεῖ
1776 4014 1877 4085 μὲν

286 4106 339 4158 ot
392 4105 632 4176 μαθηταὶ
678 4106 807 4176 περὶ
843 4104 952 4157 τῶν
980 4104 1090 4176 (76)
1126 4104 1578 4174 πεντακισχιλίων
1610 4104 1870 4168 ἀξιοῦσιν

286 4195 475 4249 ἐνθάδε
507 4196 564 4250 δὲ
589 4197 680 4265 ἀφ’
702 4196 897 4250 ἑαυτοῦ
930 4197 1055 4268 περὶ
1085 4196 1193 4249 τῶν
1223 4196 1671 4268 τετρακισχιλίων
1703 4196 1870 4265 λέγει’

287 4289 532 4343 κάκεῖνοι
568 4289 669 4360 μὲν
699 4287 860 4357 ὀψίας
889 4288 1201 4360 τρέφονται,
1230 4287 1446 4360 ἡμέραν
1480 4286 1628 4358 αὐτῷ
1664 4287 1875 4341 συνδια-

285 4377 594 4450 τρίψαντεςο
629 4373 775 4433 οὗτοι
812 4377 890 4442 δὲ,
931 4378 1390 4451 μαρτυρηθέντες,
1424 4378 1506 4432 ὅτι
1549 4377 1697 4449 αὐτῷ
1727 4384 1875 4450 τρεῖς

284 4470 503 4542 ἡμέρας
551 4471 948 4541 προσέμειναν,
999 4468 1476 4541 μεταλαμϐάνουσι
1517 4468 1623 4523 τῶν
1670 4472 1873 4542 ἄρτων,

286 4561 377 4618 ἵνα
411 4562 485 4634 μὴ
509 4561 807 4616 ἐκλυθῶσιν
832 4565 891 4617 ἐν
913 4565 979 4633 τῇ
1011 4561 1134 4633 ὁδῷ·
1163 4562 1322 4615 κάκεῖ
1356 4562 1453 4632 μὲν
1491 4562 1643 4616 πέντε
1673 4563 1872 4634 ἄρτους

1979 3375 2195 3431 turbam
2226 3374 2474 3438 multam,
2506 3382 2561 3428 et
2593 3374 2851 3428 misertus
2878 3381 2961 3428 est
2993 3373 3094 3440 eis,
3121 3383 3176 3428 et
3209 3375 3424 3430 curavit
3448 3374 3569 3430 latt-

1979 3468 2173 3539 guidos
2199 3481 2412 3522 eorum.
2448 3464 2684 3535 Vespere
2711 3475 2890 3520 autem
2927 3465 3093 3532 facto,
3126 3477 3475 3522 accesserunt
3495 3469 3565 3523 ad

1978 3575 2105 3614 eum
2139 3559 2391 3629 discipuli
2421 3558 2540 3627 ejus
2577 3558 2858 3613 dicentes:
2900 3557 3160 3614 Desertus
3187 3568 3272 3615 est
3304 3560 3480 3626 locus,
3511 3570 3569 3616 et

1979 3651 2115 3707 hora
2158 3651 2272 3720 jam
2313 3649 2605 3720 praeteriit;
2636 3649 2850 3704 dimitte
2891 3649 3013 3705 illos
3038 3650 3107 3718 “,
3135 3668 3157 3702 ο
3187 3660 3242 3706 et
3268 3668 3391 3722 quae
3437 3663 3568 3709 sunt

1979 3744 2255 3812 deinceps.
2290 3740 2448 3796 Nunc
2471 3750 2651 3796 autem
2704 3749 2829 3811 post
2874 3751 3152 3797 mutorum
3199 3744 3563 3809 sanationem,

1977 3845 2032 3890 et
2063 3837 2394 3905 reliquorum
2417 3872 2433 3900 ,
2485 3832 2775 3889 tniseretur
2827 3835 3031 3901 turbae,
3073 3851 3199 3905 qua:
3236 3837 3416 3893 triduo
3448 3837 3561 3908 jam

1977 3942 2104 3982 cum
2143 3927 2234 3980 illo
2272 3936 2747 3994 perseveraverat,
2779 3942 2879 3982 nec
2912 3926 3148 3982 habebat
3190 3927 3339 3997 quod
3378 3942 3568 3985 eome-

1979 4016 2171 4069 dcret:
2205 4025 2256 4070 et
2290 4016 2398 4071 illic
2436 4016 2658 4085 quidem
2690 4016 2941 4087 discipuli
2976 4032 3076 4087 pro
3118 4019 3362 4089 quinque
3399 4020 3565 4074 milli-

1979 4106 2081 4159 bus
2108 4114 2331 4175 rogant;
2367 4105 2455 4160 hic
2502 4120 2631 4161 vero
2673 4121 2774 4176 pro
2812 4116 3049 4177 quatuor
3095 4108 3335 4164 millibus
3370 4124 3565 4180 sponte

1978 4195 2264 4266 loquitur:
2297 4212 2361 4251 ae
2399 4196 2475 4251 illi
2512 4197 2734 4267 quidem
2780 4213 3006 4268 vespere
3037 4201 3378 4265 nutriuntur,
3410 4215 3561 4270 post-

1977 4304 2142 4358 quam
2178 4288 2322 4343 diem
2371 4304 2495 4344 cum
2551 4290 2644 4345 illo
2678 4289 2974 4357 triverunt;
3020 4292 3098 4346 illi
3142 4308 3273 4347 vero
3322 4294 3415 4364 qui
3463 4310 3563 4365 per

1978 4389 2090 4434 tres
2122 4380 2240 4435 dies
2262 4379 2556 4436 adhaesisse
2587 4381 2659 4436 illi
2690 4382 3066 4451 perhibentur,
3098 4386 3394 4454 participes
3424 4387 3562 4441 tlunt

1979 4485 2204 4538 panum,
2239 4486 2307 4525 ne
2344 4471 2602 4527 deﬁciant
2633 4472 2686 4526 in
2727 4475 2849 4539 via;
2892 4483 2946 4529 et
2994 4476 3104 4530 illic
3131 4478 3352 4547 quidem
3388 4478 3562 4534 disci-

1979 4562 2091 4630 puli
2121 4563 2365 4632 quinque
2404 4579 2570 4633 panes
2608 4573 2664 4620 et
2699 4564 2808 4619 duo
2844 4566 3022 4635 pisces
3056 4583 3163 4623 non
3203 4570 3563 4641 interroganti

362 4680 407 4712 “
439 4677 631 4733 Matth.
672 4695 771 4743 xv,
807 4678 894 4731 52.
975 4678 1020 4710 ⁵³
1052 4678 1209 4743 ibid.,
1245 4676 1329 4731 ὅθ.
1410 4677 1456 4709 ⁵³
1490 4677 1677 4731 Matth.
1713 4694 1825 4742 xw,
1861 4678 2069 4739 {4.15.

284 4801 387 4884 τῇς
413 4801 775 4923 aestimabis,
803 4800 879 4863 ὼς
900 4799 1162 4923 κρείττων
1191 4794 1329 4852 εἶναι
1356 4797 1457 4869 τῆς
1487 4800 1551 4852 ὲκ
1580 4797 1688 4853 τῶν
1712 4800 1868 4870 ἑρπε-

286 4888 398 4923 των
435 4870 670 4923 Βλάϐης.
741 4869 843 4921 λλὰ
878 4886 950 4923 κα
1005 4871 1371 4923 καταοτήοιον
1404 4870 1539 4923 αὐτῆ
1579 4868 1760 4923 ἐστιν.
1791 4869 1868 4923 ὣς

1977 4800 2230 4855 ciscatur.
2269 4800 2321 4853 hl
2352 4817 2479 4856 vero
2506 4812 2753 4857 metuens
2773 4818 2989 4869 cervus,
3019 4803 3108 4857 uhl
3132 4805 3199 4856 ad
3231 4803 3431 4859 bellum
3461 4818 3561 4858 an-

1978 4868 2177 4923 cuibus
2209 4868 2551 4923 inferendum
2583 4886 2641 4923 se
2676 4873 2914 4923 accingit
2934 4915 2949 4923 -
2980 4873 3349 4923 elunhobosco
3388 4875 3561 4923 nasci-

286 4868 398 4926 τῶν
435 4870 670 4942 βλάϐης,
706 4868 850 4942 an;
878 4868 973 4923 καὶ
1005 4871 1371 4942 καταρτῄριον
1404 4868 1761 4942 αυτῇμὲστινᾼ,
1791 4869 1868 4933 ὣς

369 4938 453 4995 σιν
496 4942 545 4993 oi
591 4938 660 5010 τά
701 4938 923 4993 τοιαῦτα
964 4938 1363 5010 τετηρηκότες,
1410 4939 1471 4992 τὸ
1512 4938 1608 5010 τῆς
1656 4939 1870 5010 ἐχίδνης

331 5011 514 5081 ρῶμα.
556 5029 575 5061 ι
605 5009 879 5081 Quoniam
904 5026 1034 5079 ergo
1062 5009 1134 5063 ita
1166 5024 1385 5081 cervoa
1412 5009 1606 5081 natura
1640 5009 1868 5081 compa-

289 5079 470 5135 ratqu
501 5090 585 5135 est
608 5121 621 5143 ,
654 5088 713 5134 ut
735 5080 883 5134 omni
909 5081 1242 5149 serpentium
1272 5079 1471 5149 injuria
1501 5079 1753 5148 superior
1775 5079 1864 5140 Sit.

289 5151 405 5207 imo
430 5159 484 5203 et
516 5150 716 5217 vipera:
747 5164 875 5203 esus
905 5148 1201 5203 remedium
1238 5149 1339 5216 ipsi
1377 5148 1468 5212 sit,
1506 5159 1563 5202 ut
1591 5149 1746 5202 aiunt
1772 5150 1865 5218 qui

292 5236 382 5275 res
416 5221 685 5286 ejusmodi
714 5220 1094 5273 observarunt.
1120 5238 1141 5271 ι
1172 5218 1515 5288 Serpentium
1544 5220 1866 5287 quorumvis

290 5292 610 5344 vulneribus
634 5289 901 5344 obnoxios
926 5303 1048 5344 esse
1085 5303 1295 5352 cervos,
1330 5288 1423 5342 sed
1452 5289 1865 5358 phalangiorum

296 5362 602 5429 praecipue;
622 5359 836 5415 cancris
856 5358 1298 5429 autemcomesis
1321 5368 1383 5429 et
1404 5359 1602 5413 hedera
1630 5358 1864 5429 silvestri

292 5427 479 5499 sanari
529 5429 804 5499 proditum
878 5438 963 5485 est
1008 5428 1076 5483 ab
1133 5427 1769 5499 Aristotcle,i_0ppiano
1813 5440 1866 5499 et

290 5497 543 5568 ΔΞΙίοηο.
567 5498 890 5568 Quanquam
923 5508 1134 5562 autem,
1165 5508 1226 5554 ut
1265 5513 1429 5568 supra
1458 5497 1617 5561 dixi,
1646 5512 1753 5554 non
1809 5498 1860 5550 id

290 5567 453 5624 facile
482 5570 720 5634 credam,
743 5567 889 5638 quod
918 5569 1109 5624 scribit
1134 5567 1718 5638 Oppianus,serpentes
1748 5583 1863 5638 cer-

290 5639 377 5710 vis
419 5638 703 5710 insidiari,
731 5636 966 5710 quorum
992 5636 1328 5710 praesentiam
1354 5648 1408 5694 et
1450 5636 1670 5710 odorem
1710 5636 1859 5710 refu-

294 5708 446 5778 giunt
474 5717 532 5761 et
554 5707 979 5771 exhorr'escunt;
1033 5709 1145 5761 fieri
1180 5716 1358 5763 tamen
1398 5722 1556 5777 posse
1585 5707 1857 5772 existimo,

295 5786 355 5857 ut
391 5793 421 5831 a
470 5792 633 5860 cervo
670 5778 1130 5860 deprehensuset
1155 5779 1721 5860 exagitatusnserpens
1750 5779 1856 5860 vim

300 5848 345 5901 vi
374 5847 630 5918 repellat,
659 5856 715 5918 et
740 5846 982 5901 mortem
1027 5846 1126 5900 sibi
1150 5846 1376 5917 jamjam
1405 5847 1739 5904 inferendam
1773 5849 1859 5904 ul-

621 5928 894 6008 Ρλτιιοιι.
931 5942 1050 6004 Gn.
1111 5942 1282 6003 Xlll.

1978 4868 2177 4939 guibus
2209 4868 2551 4943 inferendum
2583 4886 2641 4927 se
2676 4873 2949 4942 accingit,
2978 4868 3349 4943 elaphobosco
3388 4875 3565 4943 pasci-

1977 4950 2087 5011 tur,
2106 4954 2283 5009 eoque
2313 4942 2557 5011 munitus
2580 4943 2927 5011 serpentibus
2958 4944 3182 4997 resistit.
3208 4942 3558 5000 Dioscorides

1977 5010 2183 5081 libLut,
2210 5025 2333 5081 cap.
2366 5009 2466 5076 80;
2499 5009 2708 5067 Plinius
2739 5013 2831 5065 lib.
2858 5028 2994 5074 χιιι,
3014 5027 3146 5081 ‘cap.
3176 5012 3267 5065 22.
3289 5011 3557 5072 "uanus.

2047 5078 2159 5150 (73)
2204 5078 2321 5132 "Ott.
2365 5084 2399 5134 ό
2449 5082 2630 5149 αὐτὸς
2684 5081 2827 5148 Θεὸς
2876 5078 3118 5150 Πατὴρ,
3173 5096 3277 5150 etc.
3328 5084 3563 5139 Marcio-

1977 5149 2174 5222 nistns,
2207 5151 2458 5222 aliosque
2484 5152 2769 5222 haereticos
2800 5149 3136 5222 perstringit.
3167 5149 3241 5205 lo.

2199 5230 2240 5311 .1}
2244 5219 2388 5311 Peri.
2403 5220 2602 5311 λϐοὐοξ
2632 5219 3087 5311 Βςςςίμὲζαύτῶἧ.
3272 5292 3285 5309 '

2045 5289 2159 5413 S75)
2212 5291 2508 5358 Ἀνωτέρω
2525 5289 2645 5373 per:
2675 5291 2773 5345 ἐπὶ
2800 5289 2913 5359 τῆς
2938 5293 3147 5361 ὁμοίας
3176 5292 3423 5372 eaut-ne.
3448 5300 3551 5348 etc.

1972 5359 2100 5435 [nte
2132 5359 2578 5435 _Chry_sosto_mus
2627 5377 2681 5435 In
2726 5364 2976 5435 eumdem
3001 5361 3260 5435 “llatthaet
3297 5362 3552 5435 _|ocum_:

1970 5429 2082 5483 Καὶ
2121 5428 2379 5501 άνωτέρω
2415 5430 2479 5483 τὸ
2507 5433 2730 5501 σημεῖον
2749 5430 2914 5501 τοῦτο
2950 5430 3149 5500 μᾶλλον
3176 5430 3370 5501 ποιεῖν,
3403 5428 3555 5501 [ξριτι-

1966 5517 2059 5553 τον
2106 5497 2450 5570 ἐθεράπευσε
2469 5497 2595 5561 τοὺς
2619 5498 2680 5551 τὸ
2704 5498 2868 5570 σῶμα
2899 5497 3352 5570 πεπηρωμένους.
3401 5497 3552 5570 Hjla-

1968 5570 2084 5624 rius
2115 5567 2279 5639 porro
2308 5579 2361 5623 et
2393 5567 2755 5638 Hieronymus
2792 5567 2943 5623 hanc
2981 5567 3232 5637 Oi‘igenis
3259 5567 3554 5639 expositio-

1967 5654 2091 5694 nem
2119 5637 2360 5694 inaxima
2386 5652 2451 5693 ex
2487 5637 2639 5708 parte
2670 5651 2801 5692 suos
2830 5639 2881 5691 in
2912 5637 3339 5692 commentarios
3374 5647 3556 5693 trans-

1970 5710 2229 5763 tulerunt.
2264 5707 2529 5764 Ηυετιυς.

2040 5779 2152 5849 (76)
2192 5778 2302 5833 Καὶ
2347 5777 2483 5849 ἐκεῖ
2506 5777 2625 5848 μὲν
2667 5780 2721 5831 οἱ
2760 5774 3019 5846 μαθηταὶ
3058 5775 3192 5845 περὶ
3246 5774 3395 5845 τῶν,
3444 5786 3551 5835 etc.

1968 5847 2412 5920 ChrySostomus,
2443 5847 2827 5923 Hieronymus.
2862 5849 2937 5902 In.

3078 5944 3154 6005 31
