4100 6426
526 418 627 474 UTI

2008 412 2335 470 ORIGENIE
3675 427 3791 484 972

527 551 589 591 se
616 534 882 589 duntaxat
910 531 1107 587 habere
1134 530 1359 599 dicunt;
1390 530 1479 587 hic
1502 544 1632 587 vero
1667 531 1734 588 de
1774 540 1982 602 septem
2009 548 2102 602 pa-

2206 536 2300 589 καὶ
2323 534 2415 589 δύο
2442 535 2628 607 ἰχθύας
2666 536 2828 605 φασιν
2854 538 2902 617 οξ
2945 538 3184 611 μαθηταὶ
3211 539 3354 611 ἔχειν
3382 539 3579 610 μόνους
3603 542 3666 596 οὐ
3694 560 3802 597 πυν-

528 628 712 687 nibus,
736 634 792 680 et
823 626 1009 694 paucis
1035 623 1312 693 piseiculis
1343 623 1699 694 interroganti
1741 625 2068 694 respondent
2093 643 2105 677 :

525 728 582 772 et
615 718 723 772 illic
752 717 970 786 quidem
999 715 1156 785 jubet
1186 723 1437 770 catervas
1464 714 1740 783 reclinari,
1764 715 1848 771 vel
1868 714 2109 769 discum-

528 810 659 864 bere
689 823 855 875 super
886 820 1146 877 granten;
1183 805 1405 874 scripsit
1424 805 1626 875 quippe
1653 804 1829 860 Lucas
1853 804 1898 837 “
1924 823 1935 858 :
1969 823 1988 855 ι
2017 803 2110 859 Fa-

524 900 633 956 cite
664 898 830 970 510
860 899 981 954 illos
1009 898 1383 963 discumbere;
1418 916 1439 949 ι
1466 898 1544 952 ait
1573 909 1753 951 autem
1790 895 2007 953 Marcus
2025 896 2105 949 ⁸³ε

532 1008 557 1044 ε
590 989 856 1060 Ρτωοθρίι
888 989 1028 1050 illis,
1061 998 1122 1043 ut
1150 987 1474 1043 accumbere
1523 986 1766 1043 facerent
1810 1001 2039 1048 omnes;
2084 1004 2103 1037 ι

526 1082 618 1138 hic
650 1092 835 1136 autem
864 1094 977 1134 non
1003 1078 1193 1149 jubet,
1217 1077 1312 1132 sed
1348 1076 1634 1131 denuntiat
1679 1075 1850 1130 turbae
1891 1084 1952 1129 ut
1990 1075 2109 1130 dis-

525 1176 751 1232 cumbat
775 1192 793 1228 :
815 1173 928 1227 illic
948 1186 1147 1227 rursus
1170 1168 1362 1224 iisdem
1397 1167 1580 1223 verbis
1600 1167 1790 1223 dicunt
1812 1176 1924 1221 tres
1946 1180 2105 1221 evan-

525 1267 734 1339 δείξειε
763 1265 848 1317 ⁸ος
886 1282 909 1314 ι
938 1260 1189 1331 Acceptis
1228 1260 1470 1330 quinque
1516 1256 1771 1328 panibus,
1806 1265 1862 1311 et
1896 1257 2109 1313 duobus

525 1357 773 1428 piscibus
816 1353 1170 1424 aspicientem
1216 1350 1272 1406 in
1318 1350 1517 1406 cmlum
1565 1348 1935 1415 benedixisse;
1965 1365 1984 1399 ι
2020 1348 2110 1403 hic

527 1458 748 1512 autem,
806 1444 1268 1517 quemadmodum
1332 1442 1669 1511 scripserunt
1726 1438 2012 1495 Matthaeus
2054 1449 2110 1496 et

529 1540 750 1595 larens
775 1539 845 1605 ⁸⁷,
888 1554 910 1589 ι
947 1536 1151 1607 gratias
1196 1542 1442 1605 agentem
1481 1530 1667 1586 Jesum
1707 1529 1966 1601 fregisse;
2000 1550 2020 1581 ι
2056 1540 2111 1587 et

526 1633 643 1688 illic
685 1630 905 1701 quidem
965 1641 1129 1697 super
1178 1624 1361 1679 fenum
1407 1622 1793 1683 discumbunt;
1836 1621 1924 1677 hic
1981 1635 2109 1677 vero

524 1723 879 1780 discumbunt
932 1732 1098 1788 super
1144 1726 1366 1771 terram.
1418 1716 1479 1769 in
1532 1714 1617 1767 bis
1667 1721 1848 1767 autem
1899 1727 2111 1783 qua-res

524 1810 946 1881 discrepantiam
979 1805 1210 1862 Joannis
1236 1802 1536 1860 secundum
1572 1802 1714 1868 loca,
1742 1801 1835 1870 qui
1868 1801 1937 1856 de
1969 1799 2108 1857 faci-

526 1915 661 1959 nere
695 1872 788 1956 illo
819 1915 990 1972 agens
1030 1895 1251 1966 scripsit
1286 1892 1476 1953 Jesum
1517 1892 1727 1949 dixisse
1751 1892 1795 1924 ⁸⁸
1826 1910 1839 1946 :
1877 1911 1894 1944 ι
1924 1890 2109 1948 Facite
2141 1872 2184 1927 Β

2211 624 2445 696 θομένῳ·
2512 626 2701 680 ἐνθάδε
2759 629 2814 681 δὲ
2875 629 3163 701 πυθομένῳ
3224 633 3612 705 ἀποκρίνονται
3670 639 3803 707 περὶ

2213 722 2351 775 ἑπτὰ
2386 723 2566 793 ἄρτων
2595 724 2689 776 καὶ
2713 722 2908 791 ὀλίγων
2941 724 3209 796 ἰχθυδίων·
3252 728 3414 780 κάκεῖ
3449 727 3548 798 μὲν
3588 727 3807 783 κελεύει

2209 815 2334 876 τοὺς
2357 813 2549 883 ὄχλους
2573 813 2950 884 ἀνακλιθῆναι,
2970 814 3002 887 ἢ
3028 816 3321 872 ἀναπεσεῖν
3345 820 3438 873 ἐπὶ
3458 819 3553 873 τοῦ
3580 820 3803 892 χόρτουο

2209 902 2306 954 καὶ
2337 901 2445 972 γὰρ
2469 904 2497 955 ό
2525 903 2758 968 Λουκᾶς,
2791 921 2810 953 ι
2852 905 3225 960 Κατακλίνατε
3243 909 3462 973 αὐτοὺς,
3499 929 3518 962 ι
3558 912 3801 982 ἀνέγρα-

2210 996 2298 1065 ψεσ
2318 997 2413 1049 καὶ
2436 996 2464 1048 ὁ
2488 996 2730 1069 Μάρκος,
2765 1017 2785 1050 ι
2829 998 3111 1064 Ἑπέταξε,
3145 1020 3164 1052 ι
3194 1001 3378 1073 φησὶν,
3402 1021 3422 1053 ι
3460 1004 3644 1067 αὐτοῖς
3665 1006 3807 1059 πάν-

2212 1103 2310 1150 τας
2342 1086 2647 1141 ἀνακλῖναι·
2684 1108 2703 1139 ι
2745 1089 2930 1143 ἐνθάδε
2966 1090 3023 1144 δὲ
3047 1092 3109 1144 οὐ
3144 1091 3374 1158 κελεύει,
3418 1094 3556 1147 ἀλλὰ
3585 1113 3803 1168 παραγ-

2211 1180 2387 1250 γέλλει
2412 1179 2525 1251 (77)
2556 1180 2636 1252 τῷ
2668 1181 2808 1253 ὄχλῳ
2830 1183 3202 1255 ἀνακλιθῆναι⁸
3241 1187 3401 1241 πάλιν
3424 1188 3540 1243 ἐκεῖ
3563 1188 3664 1259 μὲν
3697 1192 3799 1243 αύ-

2208 1274 2329 1337 ταῖς
2351 1271 2561 1337 λέξεσιν
2585 1273 2632 1325 οί
2672 1275 2821 1344 τρεῖς
2852 1274 3233 1343 εὐαγγελισταί
3279 1294 3464 1346 φασιν,
3495 1279 3598 1343 ὅτι,
3626 1298 3647 1333 ι
3693 1283 3802 1335 Λα-

2208 1361 2321 1418 ϐὼν
2352 1365 2479 1428 τοὺς
2502 1365 2662 1418 πέντε
2692 1365 2889 1436 άρτους
2923 1365 3018 1420 καὶ
3050 1369 3175 1431 τοὺς
3205 1368 3299 1421 δύο
3327 1367 3537 1439 ίχθύας,
3571 1370 3803 1424 ἀναϐλέ-

2208 1452 2316 1524 ψας
2350 1456 2428 1517 είς
2462 1452 2552 1506 τὸν
2572 1454 2801 1525 οὐρανὸν
2818 1456 3147 1527 ηύλόγησενο
3171 1458 3355 1512 ὲνθάδε
3381 1460 3460 1522 δὲ,
3489 1460 3566 1525 ὡς
3596 1462 3625 1514 ὁ
3647 1462 3799 1515 Ματ-

2210 1544 2361 1609 θαῖος
2389 1546 2483 1599 καὶ
2510 1547 2733 1618 Μάρκος
2771 1547 3103 1619 ἀνέγραψαν,
3139 1568 3159 1600 ι
3191 1551 3604 1623 Εὐχαριστήσας
3630 1552 3660 1603 ὁ
3694 1553 3806 1622 Ἰη-

2213 1634 2341 1697 σοῦς
2372 1634 2589 1688 ἐκλασε·
2634 1655 2653 1686 ι
2688 1636 2849 1690 κάκεῖ
2879 1638 2978 1708 μὲν
3010 1638 3103 1691 ἐπὶ
3126 1639 3223 1692 τοῦ
3251 1640 3445 1711 χόρτου
3484 1641 3801 1694 άνακλίνον-

2209 1741 2320 1778 ται*
2352 1725 2540 1781 ἐνθάδε
2585 1726 2642 1780 δὲ
2682 1727 2775 1780 ἐπὶ
2821 1728 2920 1800 τὴν
2957 1728 3063 1800 γῆν
3101 1730 3486 1786 ἀναπίπτουσι.
3531 1733 3799 1803 Ζητήσεις

2210 1817 2267 1871 δὲ
2294 1818 2352 1871 ὲν
2376 1821 2487 1881 τοῖς
2528 1818 2671 1872 κατὰ
2707 1820 2833 1884 τοὺς
2858 1822 3055 1884 τόπους
3089 1822 3149 1875 τὸ
3179 1822 3273 1876 τοῦ
3315 1824 3557 1878 Ἰωάννου
3587 1826 3799 1896 παρηλ-

2208 1908 2494 1979 λαγμένον,
2514 1910 2574 1973 ὃς
2596 1909 2681 1965 ἐπ’
2708 1912 2924 1982 ἐκείνης
2954 1912 3052 1983 μὲν
3073 1912 3173 1983 τῆς
3196 1914 3446 1985 πράξεως
3468 1915 3791 1986 ἀνέγραψεν,

520 1994 780 2053 homines
813 1990 1178 2052 discumbere,
1213 2005 1232 2039 ι
1275 1994 1485 2041 etcum
1530 1984 1734 2055 gratias
1771 1983 1995 2053 egisset,
2040 1983 2104 2039 de

2208 2000 2289 2054 ὅτι
2315 1996 2467 2053 εἶπεν
2491 2001 2521 2052 ὀ
2537 2002 2608 2071 ἰη
2618 1999 2764 2064 σοῦς’
2793 2002 3090 2073 «Ποιήσατε
3112 1983 3575 2075 τοὺςάνθρὼπους
3595 1983 3797 2058 άναπε-

524 2085 760 2157 panibus
786 2083 1004 2139 dedisse
1036 2077 1510 2137 discumbentibus
1535 2094 1549 2130 :
1580 2076 1744 2145 hujus
1774 2081 1956 2166 autem
1989 2088 2104 2128 om-

2209 2092 2342 2155 σεῖν,
2376 2108 2396 2142 υ
2430 2090 2525 2144 καὶ
2544 2091 2628 2144 ὅτι
2660 2091 3055 2163 εὐχαριστήσας
3075 2094 3243 2147 ἔδωκε
3272 2095 3384 2157 τοῖς
3413 2094 3800 2166 ἀνακειμένοις

528 2180 660 2234 nino
690 2192 800 2233 non
840 2173 1106 2231 meminit.
1142 2170 1592 2227 Animadvertens
1623 2178 1804 2223 autem
1848 2165 2104 2222 dill'eren—

2207 2185 2316 2238 ἀπὸ
2340 2184 2450 2237 τῶν
2476 2182 2680 2255 ἄρτων·
2720 2184 2925 2255 ταύτης
2961 2185 3018 2237 δὲ
3053 2186 3176 2241 οὐδὲ
3202 2187 3304 2258 τὴν
3330 2186 3503 2259 ἀρχὴν
3549 2165 3793 2259 ἐμνημό-

528 2270 681 2337 tiam,
699 2267 996 2324 secundum
1023 2265 1163 2331 loca,
1185 2278 1374 2318 eorum
1403 2275 1527 2331 qua:
1550 2259 1617 2315 de
1644 2259 1877 2329 panibus
1902 2259 2103 2327 scripta

2206 2293 2386 2332 νευσε.
2415 2276 2704 2347 Προσέχων
2732 2273 2827 2331 οὖν
2860 2280 2924 2350 τῇ
2952 2277 3185 2350 διαφορᾷ
3206 2279 3335 2345 τῶν,
3367 2279 3507 2334 κατὰ
3540 2282 3668 2344 τοὺς
3699 2282 3789 2335 τόι

526 2371 681 2428 sunt,
711 2361 834 2414 illos
856 2358 1111 2413 existimo
1140 2354 1348 2410 ordinis
1368 2368 1490 2408 esse
1517 2350 1914 2422 prasstantioris
1937 2364 2102 2420 quam

2209 2383 2361 2433 πους,
2397 2368 2489 2421 ἐπὶ
2512 2369 2623 2431 τοῖς
2654 2368 2837 2437 ἄρτοις
2866 2369 3287 2440 γεγραμμένων,
3333 2369 3553 2433 τούτους
3585 2370 3801 2441 νομίζω

528 2452 684 2516 istos,
720 2450 978 2521 quoniam
1010 2447 1085 2501 illi
1118 2445 1439 2500 nutriuntur
1465 2443 1520 2497 in
1556 2450 1761 2505 monte,
1793 2441 1884 2496 isti
1919 2440 1975 2495 in
2010 2441 2105 2495 de-

525 2551 678 2600 serto
725 2542 883 2608 loco;
926 2539 1003 2594 illi
1060 2546 1349 2609 postquam
1401 2533 1583 2588 triduo
1628 2530 1814 2588 Jesum
1860 2530 2106 2588 comitati

525 2642 690 2701 sunt;
728 2632 817 2689 isti
872 2645 1002 2687 vero
1052 2643 1148 2700 per
1199 2641 1369 2682 unum
1425 2625 1692 2680 duntaxat
1732 2624 1900 2690 diem,
1946 2622 2105 2693 cuius

522 2738 748 2794 vespere
775 2721 963 2776 nutriti
992 2727 1140 2775 sunt.
1156 2716 1423 2771 Praeterea
1451 2714 1496 2769 si
1516 2714 1655 2769 idem
1683 2727 1790 2768 non
1814 2720 1898 2768 est
1916 2710 2104 2768 Jesum

525 2830 719 2891 sponte
756 2815 973 2878 fecisse,
1000 2827 1067 2867 ac
1099 2808 1293 2866 liccisse
1324 2813 1612 2877 postquam
1656 2804 1710 2860 id
1747 2819 1870 2861 esse
1906 2803 2107 2861 facien-

525 2911 659 2965 dum
687 2923 719 2963 a
743 2904 1028 2975 discipulis
1061 2900 1380 2971 accepisset,
1409 2897 1531 2951 vide
1570 2911 1753 2951 annon
1797 2895 2105 2966 praecellant

526 3001 566 3056 ii
608 2999 702 3070 qui
751 2996 1073 3052 beneficium
1104 2998 1430 3061 acceperunt
1471 3005 1501 3043 a
1543 2988 1695 3051 Jesu,
1742 3003 1810 3041 ex
1865 2996 2106 3056 tempore

524 3098 784 3163 pascente
811 3090 955 3151 illos,
985 3094 1047 3141 ut
1077 3083 1342 3140 beneficio
1387 3081 1509 3136 illos
1534 3080 1916 3150 obstringeret.
1946 3076 2101 3145 Quod

2205 2456 2480 2528 τάγματος
2509 2453 2648 2511 εἶναι
2668 2457 3011 2530 διαφέροντος
3035 2458 3162 2531 παρ’
3194 2459 3454 2524 ἐκείνους·
3478 2460 3667 2532 διόπερ
3695 2455 3793 2516 οὗ·-

2205 2567 2288 2602 τοι
2320 2552 2420 2621 μὲν
2449 2550 2506 2602 ὲν
2533 2548 2649 2621 δρει
2680 2550 2967 2621 τρέφονται
3000 2550 3134 2620 (78),
3179 2552 3374 2604 ἐκεῖνοι
3412 2551 3467 2605 δὲ
3506 2552 3564 2605 ὲν
3597 2552 3801 2624 έρήμῳ

2204 2638 2375 2709 τόπῳο
2411 2642 2505 2692 καὶ
2529 2630 2674 2692 οὗτοι
2707 2639 2805 2709 μὲν
2849 2642 2999 2709 τρεῖς
3031 2642 3470 2712 παραμείναντες
3497 2640 3575 2711 τῷ
3615 2642 3795 2713 Ἰησοῦ

2206 2731 2441 2803 ἡμέρας,
2469 2731 2660 2784 ἐκεῖνοι
2682 2730 2738 2784 δὲ
2768 2732 2917 2801 μίαν,
2943 2727 3012 2802 ἦς
3044 2734 3101 2785 ὲν
3129 2734 3194 2804 τῇ
3222 2732 3430 2803 ἑσπέρᾳ
3452 2732 3789 2805 ἐτράφησαν.

2209 2822 2330 2875 Ἔτι
2360 2822 2417 2876 δὲ
2442 2823 2491 2875 εί
2524 2821 2598 2893 μὴ
2637 2822 2831 2875 ταυτόν
2860 2824 2977 2875 ἐστι
3007 2822 3068 2875 τὸ
3092 2823 3184 2892 ἀφ’
3226 2821 3419 2876 ἑαυτοῦ
3446 2824 3668 2894 ποιῆσαι
3698 2823 3797 2876 τὸν

2219 2913 2441 2985 Ἰησοῦν,
2485 2913 2565 2984 τῷ
2596 2913 2706 2967 ἀπὸ
2747 2913 2856 2968 τῶν
2902 2914 3156 2985 μαθητῶν
3204 2913 3510 2969 ἀκούσαντα
3560 2915 3791 2986 πρᾶξαι,

2205 3004 2305 3072 δρα
2346 3005 2395 3056 εί
2441 3003 2514 3074 μὴ
2561 3003 2907 3075 διαφέρουσιν
2952 3005 3002 3057 οἱ
3040 3004 3489 3078 εὐεργετηθέντες
3535 3004 3640 3057 ὑπὸ
3692 3004 3789 3058 τοῦ

2219 3093 2417 3165 Ἰησοῦ,
2441 3093 2667 3148 αὐτόθεν
2706 3095 2800 3149 ἐπὶ
2839 3094 2915 3165 τῷ
2954 3096 3312 3167 εὐεργετῆσαι
3348 3096 3642 3167 θρέψαντος
3685 3097 3788 3151 αὖ·

528 3183 578 3239 ai
604 3181 902 3239 secundum
925 3177 1191 3233 Joannem
1217 3175 1261 3209 “
1290 3172 1575 3229 hordeacei
1627 3178 1787 3227 erant
1838 3184 2029 3240 panes,
2070 3184 2101 3224 e

2205 3185 2349 3249 τούς.
2375 3185 2438 3240 Et
2473 3185 2529 3238 δὲ
2559 3184 2700 3238 κατὰ
2758 3186 3010 3257 Ἰωάννην
3061 3187 3292 3259 κρίθινοι
3337 3185 3476 3260 ἦσαν
3517 3190 3565 3243 οἱ
3607 3189 3791 3260 ἄρτοι,

528 3274 734 3348 quibus
759 3269 1147 3342 superfuerunt
1183 3262 1405 3335 copbini
1443 3261 1751 3327 duodecim,
1781 3276 1883 3315 nec
1923 3260 2103 3316 simile

534 3367 810 3441 quidpiam
852 3364 922 3418 de
963 3361 1082 3419 istis
1131 3357 1350 3424 dlcitur,
1397 3354 1672 3427 quomodo
1716 3352 1989 3423 prioribus
2045 3352 2101 3405 lii

528 3475 640 3516 non
669 3454 1042 3530 prastabunt?
1089 3451 1169 3507 Ac
1220 3450 1436 3507 illorum
1482 3448 1703 3519 quidem
1747 3466 1766 3501 ι
1816 3446 2102 3516 languidos

532 3552 745 3608 curavit
764 3550 833 3616 ⁵⁰;
866 3568 886 3602 ι
913 3548 1000 3603 hic
1031 3555 1213 3601 autem
1237 3559 1344 3598 non
1387 3541 1674 3612 languidos
1701 3542 1794 3611 qui
1831 3555 1954 3596 cum
1986 3550 2102 3595 tur-

532 3644 617 3700 bis
646 3652 804 3699 erant
824 3642 1054 3705 curavit,
1091 3636 1187 3693 sed
1212 3649 1407 3701 caecos,
1436 3643 1489 3688 et
1513 3633 1761 3700 claudos,
1800 3644 1856 3691 et
1898 3642 2100 3696 mutos.

528 3744 584 3792 et
612 3748 872 3799 mancos;
909 3731 1054 3787 unde
1096 3737 1151 3784 et
1203 3742 1369 3798 super
1411 3726 1519 3782 illis
1567 3726 1837 3781 mirantur
1867 3735 2104 3795 quatuor

530 3827 734 3893 millia;
768 3826 837 3881 de
877 3822 1148 3896 languidis
1193 3830 1374 3876 autem
1406 3819 1544 3875 nihil
1579 3819 1685 3877 tale
1728 3818 1933 3875 dictum
1973 3826 2099 3877 est:

530 3917 939 3990 prastantiores
981 3924 1162 3970 autem
1202 3923 1350 3978 sunt,
1396 3913 1609 3982 opinor,
1641 3912 1736 3982 qui
1780 3912 1847 3966 de
1893 3920 2102 3980 septem

529 4009 760 4080 panibus
799 4007 1172 4072 comederunt,
1205 4020 1303 4075 pro
1347 4004 1545 4074 quibus
1579 4012 1715 4060 acta
1745 4009 1875 4060 sunt
1913 4002 2104 4073 gratia

530 4101 597 4155 iis
636 4101 729 4171 qui
773 4099 842 4155 de
883 4098 1129 4169 quinque
1170 4095 1465 4153 benedictis
1498 4095 1882 4159 comederunt;
1916 4103 1971 4149 et
2006 4091 2101 4163 qui

527 4193 881 4257 comederunt
908 4191 977 4246 de
1006 4188 1195 4259 paucis
1226 4185 1524 4256 pisciculis,
1550 4185 1618 4239 iis
1647 4184 1742 4254 qui
1782 4185 1850 4240 de
1886 4184 2103 4239 duobus

526 4284 913 4349 comederunt;
947 4279 1174 4337 forsitan
1199 4277 1349 4333 etilli
1377 4277 1470 4347 qui
1501 4291 1665 4346 super
1694 4285 1893 4332 teriam
1920 4276 2103 4331 discu-

527 4378 797 4442 buerunt;
830 4385 885 4429 et
914 4373 989 4428 illi
1022 4372 1238 4442 quidem
1267 4386 1298 4426 e
1331 4369 1677 4439 paucioribus
1708 4368 1939 4437 panibus
1964 4370 2101 4424 duo-

527 4468 702 4525 decim
730 4467 995 4536 cophinus
1021 4463 1369 4532 relinquunt;
1400 4460 1451 4516 hi
1478 4476 1605 4516 vero
1628 4474 1659 4515 e
1680 4461 1925 4530 pluribus
1947 4475 2102 4530 spor-

2202 3279 2296 3349 ὰφ⁸
2348 3272 2423 3333 ὧν
2465 3277 2859 3349 έπερίσσευσαν
2911 3279 2964 3331 οἱ
3011 3277 3217 3332 δώδεκα
3272 3279 3500 3349 κόφινοι,
3541 3279 3693 3334 οὐδὲν
3729 3280 3793 3335 δὲ

2199 3371 2440 3426 τοιοῦτον
2463 3370 2594 3442 περὶ
2631 3369 2836 3424 τούτων
2865 3370 3105 3440 λέγεται,
3139 3371 3256 3434 πῶς
3282 3371 3345 3425 οὐ
3379 3371 3620 3442 βελτίους
3638 3364 3795 3427 οὗτοι

2202 3463 2355 3536 παρὰ
2379 3464 2506 3525 τοὺς
2534 3461 2862 3533 προτέρουςς
2888 3462 3171 3517 Κάκείνων
3198 3463 3297 3533 μὲν
3316 3465 3444 3527 τούς
3472 3462 3792 3536 ἀρρώστους

2201 3555 2584 3628 ἐθεράπευσεν
2615 3553 2851 3608 ἐνταῦθα
2878 3554 2936 3608 δὲ
2968 3555 3096 3617 τοὺς
3128 3554 3265 3624 μετὰ
3318 3554 3426 3608 τῶν
3466 3554 3638 3625 ὄχλων
3685 3556 3797 3611 οὐκ

2202 3645 2515 3720 ἀρρώστους
2546 3644 2858 3717 θεραπεύει,
2883 3644 3017 3698 ἀλλὰ
3040 3644 3291 3714 τυφλοὺς,
3323 3645 3417 3700 καὶ
3440 3647 3664 3717 χωλοὺς,
3692 3648 3798 3703 καὶ

2202 3738 2441 3808 κωφοὺς,
2470 3738 2563 3791 καὶ
2588 3736 2830 3801 κυλλούς
2861 3736 2940 3790 διδ
2962 3736 3058 3790 καὶ
3083 3738 3175 3790 επὶ
3198 3737 3410 3801 τούτοις
3446 3739 3547 3808 μὲν
3569 3737 3785 3811 θαυμά-

2201 3825 2386 3892 (ouo-tv
2413 3829 2464 3881 οι
2486 3826 2927 3899 τετρακισχίλιοιο
2955 3828 3048 3881 ἐπὶ
3070 3826 3126 3879 δὲ
3148 3830 3258 3891 τοῖς
3292 3826 3595 3898 ἀρρώστοις
3632 3831 3799 3885 οὐδέν

2200 3917 2439 3974 τοιοῦτον
2464 3917 2730 3972 λέλεκται.
2749 3918 3044 3989 Κρείττους
3064 3917 3122 3971 δέ
3146 3920 3300 3982 εἰσιν,
3323 3914 3496 3988 οἶμαι,
3515 3919 3565 3971 oi
3582 3919 3782 3989 φαγόν-

2200 4025 2292 4073 τες
2319 4008 2428 4062 sub
2462 4006 2572 4060 τῶν
2591 4006 2732 4061 ἑπτὰ
2764 4007 3265 4078 εὐχαριστηθέντων
3298 4008 3499 4080 ἄρτων,
3533 4008 3641 4061 τῶν
3677 4026 3785 4078 φα-

2201 4101 2405 4169 γόντων
2443 4099 2554 4154 ἀπὸ
2595 4100 2757 4154 πέντε
2798 4085 3230 4170 εὐλογηθέντων
3272 4099 3367 4153 καὶ
3413 4101 3463 4152 oi
3521 4099 3788 4169 φαγόντες

2202 4191 2311 4247 ἀπὸ
2352 4190 2462 4244 τῶν
2500 4190 2698 4258 ὀλίγων
2733 4189 2985 4261 ἰχθυδίων
3024 4188 3173 4261 παρὰ
3200 4191 3325 4252 τοὺς
3368 4190 3642 4258 φαγόντας
3676 4190 3788 4243 ἀπὸ

2199 4283 2308 4337 τῶν
2335 4282 2400 4353 ﬂ“
2428 4282 2569 4353 τάχα
2592 4281 2651 4333 δὲ
2682 4281 2778 4335 καὶ
2813 4282 2861 4334 oi
2885 4281 3248 4344 ἁναπεσόντες
3285 4282 3378 4334 ἐπὶ
3404 4282 3504 4354 τὴν
3524 4281 3647 4351 γῆν.
3674 4283 3788 4335 Καὶ

2203 4376 2401 4429 έκεῖνοι
2445 4373 2546 4444 μὲν
2579 4373 2687 4426 ἀπὸ
2732 4372 3074 4445 ὀλιγωτέρων
3103 4374 3281 4445 ἄρτων
3306 4373 3511 4429 δώδεκα
3533 4375 3786 4444 κοφίνους

2202 4464 2638 4520 καταλείπουσαν
2663 4454 2808 4516 οὗτοι
2832 4464 2888 4517 δὲ
2910 4465 3019 4518 ἀπὸ
3044 4465 3303 4521 πλειόνων
3329 4466 3470 4520 ἑπτὰ
3496 4466 3789 4538 σπυρίδας,

531 4569 614 4614 tas
640 4568 866 4628 septem,
901 4555 1044 4625 quod
1073 4554 1226 4624 plura
1250 4562 1305 4608 et
1328 4552 1589 4622 stnpliora
1621 4567 1814 4621 capere
1843 4560 2098 4623 possent;

2205 4555 2278 4627 τῷ
2315 4554 2755 4626 χωρητικὼτεροι
2803 4550 2943 4608 εἶναι
2984 4555 3268 4626 μειζόνωνθ
3321 4558 3417 4610 καὶ
3449 4556 3589 4628 τάχα
3640 4551 3793 4611 οὗτοι

526 4661 582 4705 et
611 4649 842 4705 fortasse
869 4647 1086 4717 quidem
1118 4645 1192 4699 illi
1227 4654 1442 4699 terrena
1466 4646 1650 4699 omnia
1683 4644 2020 4713 proculcant,
2041 4650 2099 4698 et

527 4756 690 4814 super
719 4739 810 4793 illa
838 4737 1222 4802 discumbunt;
1259 4736 1314 4790 bi
1359 4750 1489 4789 vero
1535 4751 1702 4804 super
1738 4734 1967 4800 ftenum,
2002 4751 2097 4791 su—

526 4848 621 4904 per
671 4831 843 4891 solam
886 4828 1141 4883 videlicet
1190 4842 1409 4883 carnem
1469 4840 1624 4882 suam
1655 4844 1666 4879 :
1703 4844 1729 4878 ι.
1758 4827 1949 4883 Omnis
1998 4825 2095 4883 sed

525 4925 669 4979 enim
703 4938 832 4979 caro
868 4922 1075 4979 faenum
1100 4921 1167 4974 ⁸³.
1200 4937 1219 4971 ι
1255 4918 1383 4973 Post
1411 4917 1498 4971 illa
1526 4922 1688 4972 etiam
1724 4919 2097 4979 animadverte

524 5014 707 5070 Jesum
738 5015 1008 5069 dimittere
1048 5027 1143 5066 eos
1174 5010 1394 5079 jejunus
1437 5009 1579 5062 nolle
1615 5010 1687 5075 η,
1731 5025 1799 5065 ne
1842 5011 2096 5066 deficiant

526 5115 707 5177 utpote
735 5105 969 5176 panibus
987 5102 1115 5159 Jesu
1148 5103 1327 5166 vacui,
1350 5107 1403 5154 et
1431 5100 1814 5156 detrimentum
1839 5112 2097 5173 praeterea

522 5199 737 5269 capiant
763 5197 960 5257 invia,
1007 5210 1128 5265 quae
1170 5192 1236 5247 ad
1276 5206 1364 5247 res
1405 5190 1733 5248 domesticas
1768 5193 1937 5248 ducit.
1985 5192 2094 5249 0b-

523 5304 675 5345 serva
704 5297 884 5343 autem
925 5286 1098 5342 sicubi
1144 5283 1406 5352 scriptum
1453 5290 1537 5336 est
1580 5280 1766 5339 Jesum
1795 5284 2092 5349 dimisisse,

593 5428 637 5461 “
662 5425 795 5481 Luc.
822 5439 899 5488 Ix,
929 5425 1017 5478 Η.
1094 5424 1137 5455 ⁸³
1164 5421 1328 5476 Marc.
1375 5438 1450 5487 τι,
1500 5422 1587 5476 '59.

521 5497 687 5551 Marc.
722 5506 841 5561 νιιι,
873 5494 925 5549 6.
999 5493 1222 5548 “Joan.
1256 5510 1328 5560 τι,
1362 5492 1445 5546 l0.

592 5615 705 5685 (Π)
732 5612 971 5685 Egeriae
1005 5612 1072 5685 δὲ
1101 5613 1172 5670 οὐ
1200 5612 1451 5685 κελεύει,
1476 5611 1636 5669 ἀλλὰ
1667 5611 2084 5685 θιῖιιδι>ιιειεγένὶλιιςιἵ

522 5680 896 5752 nmmum
929 5684 1145 5751 quidem
1197 5681 1339 5752 apud
1375 5680 1617 5752 Marcum
1639 5721 1654 5745 ,
1694 5680 1961 5748 vm,'l6,
1997 5683 2090 5737 sed

523 5750 739 5808 κεὶεύει
762 5753 905 5816 apud
936 5750 1120 5806 Matth.
1152 5750 1245 5812 xv,
1273 5752 1360 5806 '55.
1388 5750 1660 5808 Hunnus.

594 5821 704 5895 (τι)
747 5821 919 5879 Οὗτοι
944 5822 1061 5889 μὲν
1080 5821 1149 5874 ἐν
1170 5820 1291 5892 ὄρει
1326 5820 1660 5890 τρέφονται,
1694 5831 1800 5878 etc.
1833 5820 1897 5876 Ει
1930 5821 2003 5876 illi
2034 5821 2086 5876 in

2205 4648 2306 4720 μὲν
2336 4646 2674 4701 ἐπιϐαίνουσι
2708 4644 2821 4718 (79)
2850 4646 3067 4700 πάντων
3101 4646 3212 4699 τῶν
3245 4649 3471 4718 γηΐνων,
3508 4647 3604 4700 καὶ
3655 4648 3789 4701 ἀνα·-

2202 4740 2492 4793 πίπτουσιν
2521 4734 2612 4791 ἐπ’
2632 4736 2833 4790 αὐτῶν·
2862 4739 2910 4791 oi
2934 4737 2978 4790 δ’
3018 4738 3112 4791 ἐπὶ
3134 4738 3227 4791 τοῦ
3254 4739 3466 4810 χόρτου,
3493 4739 3585 4792 ἐπὶ
3613 4740 3784 4810 μόνης

2201 4831 2299 4903 τῆς
2334 4828 2543 4904 σαρκὸς
2566 4830 2765 4885 αὐτῶνθ
2814 4849 2832 4882 ι
2875 4831 3032 4885 Πᾶσα
3068 4850 3087 4886 ι
3132 4832 3241 4905 γὰρ
3278 4850 3297 4883 ι
3343 4831 3477 4904 σὰρξ
3511 4833 3723 4904 χόρτος.
3758 4852 3779 4885 ι

2201 4922 2443 4993 Πρόσχες
2485 4919 2578 4975 καὶ
2630 4920 2769 4992 μετὰ
2813 4920 3007 4986 ταῦτα,
3053 4923 3135 4976 ὅτι
3187 4921 3409 4985 τούτους
3450 4922 3719 4979 ἀπολῦσαι
3752 4926 3789 4977 ὁ

2211 5011 2415 5082 Ἰησοῦς
2446 5014 2659 5083 νήστεις
2682 5013 2743 5066 οὐ
2769 5011 2929 5078 θέλει,
2954 5014 3038 5067 ῐνα
3062 5014 3136 5086 μὴ
3169 5014 3486 5080 ἐκλυθῶσιν,
3528 5016 3605 5080 ὡς
3634 5016 3783 5071 κενοὶ

2200 5103 2310 5157 τῶν
2341 5103 2520 5175 ἄρτων
2561 5103 2756 5174 Ἰησοῦ,
2785 5103 2879 5158 καὶ
2911 5104 2991 5157 ἔτι
3020 5106 3160 5176 ὲντῇ
3183 5104 3286 5176 ὁδῷ
3310 5106 3690 5178 τυγχάνοντες,
3712 5111 3791 5180 τῇ

2201 5192 2294 5245 ἐπὶ
2315 5190 2383 5245 τὰ
2402 5191 2597 5257 οἰκεῖα,
2629 5191 2888 5262 praesa.
2928 5194 3241 5265 Σημείωσαι
3271 5195 3329 5249 δὲ
3361 5194 3415 5249 εῐ
3448 5213 3551 5252 που
3580 5199 3782 5269 ἀναγέ-

2200 5298 2445 5353 γραπται.
2482 5282 2512 5333 ὁ
2558 5282 2762 5353 Ἰησοῦς
2807 5284 3217 5351 ἀπολελυκέναι,
3268 5286 3336 5339 ἶν’
3373 5286 3493 5359 ἴδῃς
3511 5288 3787 5361 διαφορὰν

1662 5424 1710 5494 δέ
1731 5422 1920 5478 Matth.
1978 5440 2090 5494 τιν,

2205 5435 2244 5490 ι;
2305 5422 2467 5494 Marc.
2500 5438 2574 5486 vt,
2626 5424 2722 5487 4|;
2777 5422 2909 5494 Luc.
2962 5440 3035 5485 Ix,
3071 5424 3163 5494 lii.
3235 5426 3279 5457 "’
3305 5425 3495 5481 Matth.
3541 5430 3781 5494 xv,56;

1523 5491 1566 5527 “’
1591 5492 1748 5557 ibid.,
1778 5493 1865 5548 l5.
1934 5495 1980 5527 ⁸⁸
2010 5493 2104 5548 Mal

2230 5509 2339 5560 xrv,
2373 5493 2460 5547 14.
2538 5494 2581 5526 ⁸³
2609 5495 2716 5549 lsa.
2742 5509 2832 5560 XL,
2865 5493 2917 5548 6.
2997 5495 3043 5527 "
3067 5492 3257 5549 Matth.
3288 5512 3376 5561 xv,
3401 5497 3492 5551 32.

2197 5610 2411 5685 deserto
2440 5619 2598 5665 erant
2637 5626 2649 5661 :
2697 5608 2886 5667 Matth.
2927 5609 3172 5685 ειη-ὅδε
3211 5630 3230 5663 ι
3262 5608 3418 5669 Unde
3450 5627 3582 5685 ergo
3616 5613 3787 5670 nobis

2199 5680 2251 5734 in
2282 5680 2503 5749 deserto
2527 5694 2695 5749 panes
2723 5680 2939 5749 tantos?
2981 5701 2997 5729 ι
3029 5676 3109 5736 lo.
3515 5676 3533 5685 “
3706 5722 3709 5727 .

2198 5750 2392 5892 N47132:
2397 5748 2513 5875 ἔδει
2529 5745 2689 5873 ἧάχα
2711 5745 2873 5808 οὗτοι
2894 5749 3011 5818 μὲν
3037 5752 3430 5820 ἐπιϐαίνουσι,
3463 5766 3565 5811 etc.
3592 5751 3777 5811 Theo-
