4100 6424
535 425 646 477 975

2009 421 2335 478 ORIGENIS

3685 420 3792 483 9'76

538 538 628 593 tite
655 535 846 608 gratia,
891 545 1167 605 acceptum
1204 536 1405 604 aliquid
1442 535 1636 590 llerodi
1678 547 1726 591 et
1771 538 1868 591 toti
1898 536 2099 595 .ludzeo-

2215 553 2326 601 τον,
2363 537 2678 608 βουλόμενον
2703 538 2841 608 τάχα
2901 539 2991 591 καὶ
3014 539 3100 592 διὰ
3131 539 3226 609 τὴν
3261 539 3458 610 νεαρὰν
3502 539 3682 610 φιλίαν
3705 560 3795 598 κε·-

541 645 662 682 rum
695 628 902 682 nationi
933 628 1127 682 facere.
1180 625 1332 682 Nunc
1367 638 1546 682 autem
1590 630 1749 682 etiam
1781 645 2021 699 persaepe
2058 631 2111 684 in

539 721 644 774 vita
676 720 852 774 videre
870 729 954 774 est
971 733 1064 773 eos
1085 719 1174 788 qui
1201 718 1350 772 valde
1377 721 1676 772 contrarias
1705 719 1816 772 sive
1843 719 1896 773 in
1931 719 2111 772 ethni-

535 829 724 868 corum
756 813 1118 882 philosophia,
1165 813 1278 868 sive
1310 812 1362 864 in
1397 812 1520 866 aliis
1555 812 1857 882 disciplinis
1891 822 2111 867 senten-

532 906 642 959 tias
673 913 910 966 tuentur,
946 905 996 958 in
1027 904 1078 958 id
1112 919 1373 974 apparere
1401 905 1804 958 consentientes
1835 916 1893 958 ut
1923 901 2109 958 Jesum

528 999 811 1054 Christum
863 998 916 1052 in
973 998 1093 1067 ejus
1141 997 1418 1065 discipulis
1473 997 1708 1051 ludibrio
1766 996 1999 1051 habeam
2058 1007 2111 1050 et

528 1098 862 1160 oppugnent.
916 1087 1074 1153 Inde,
1119 1088 1342 1156 opinor,
1394 1087 1805 1142 ratiocinatione
1859 1085 2106 1155 progredi

529 1179 655 1236 licet
681 1180 748 1234 ad
779 1179 1237 1235 considerandum
1265 1219 1282 1244 ,
1329 1194 1508 1233 annon
1541 1179 1911 1248 oppositarum
1956 1187 2108 1246 pote-

529 1280 732 1327 statum
780 1281 973 1324 mutuo
1021 1269 1467 1336 discrepantium.
1502 1279 1560 1322 ut
1597 1269 1896 1322 Pharaonis
1931 1284 1960 1321 a
2001 1268 2106 1322 Na-

530 1364 952 1420 buchodonosor
984 1364 1052 1426 ⁵⁸,
1085 1362 1375 1416 Tharatha:
1398 1361 1712 1430 EthiOpum
1740 1361 1880 1430 regis
1908 1375 1937 1414 a
1971 1358 2106 1414 Sen-

528 1455 792 1512 nacherib
819 1469 942 1526 rege
979 1454 1324 1524 Assyriorum
1360 1454 1404 1485 ⁸⁹
1427 1493 1441 1516 ,
1484 1453 1744 1507 adversus
1769 1450 1982 1516 Jesum,
2023 1451 2106 1520 ip-

528 1547 754 1616 siusque
815 1545 1072 1615 populum
1143 1545 1234 1599 ﬁat
1292 1545 1582 1615 aliquando
1619 1559 1940 1599 consensus.
1993 1543 2106 1598 Hac

529 1637 763 1692 fortasse
790 1635 996 1690 ratione
1028 1653 1046 1686 ι
1088 1635 1374 1688 astiterunt
1416 1648 1570 1703 reges
1599 1643 1774 1696 terrae,
1809 1642 1863 1686 et
1895 1632 2102 1702 princi-

527 1743 624 1797 pcs
668 1733 1037 1781 convenerunt
1089 1724 1143 1778 in
1200 1741 1366 1778 unum
1420 1724 1686 1788 ⁶⁰,»ιιιιιιο
1734 1723 1896 1778 modo
1944 1733 2102 1778 a'ntca

527 1818 854 1883 concordes;
892 1825 1161 1870 utcontra
1201 1815 1488 1870 Dominum
1517 1817 1796 1885 ipslusque
1820 1815 2099 1869 Christum

523 1908 754 1964 consilia
792 1907 1072 1972 habentes,
1111 1905 1398 1961 Dominum
1436 1907 1618 1978 gloria:
1647 1908 1990 1976 perimerent.

597 2172 650 2226 2.
691 2172 768 2225 Ad
811 2173 923 2226 haec
967 2180 1145 2226 autem
1194 2171 1423 2225 dicendo
1471 2171 1837 2240 pervenimus,
1885 2180 2103 2241 propter

527 2264 829 2318 Pharisaeos
861 2273 915 2317 et
959 2263 1304 2328 Sadduczeos,
1351 2263 1443 2333 qui
1487 2263 1648 2318 simul
1685 2263 1751 2316 ad
1785 2262 1968 2317 JeSum
2007 2278 2101 2318 ac—

524 2362 830 2417 cesserunt,
879 2351 933 2406 in
979 2352 1045 2407 iis
1085 2369 1205 2422 qua:
1249 2353 1313 2406 ad
1351 2351 1798 2408 resurrectionem
1835 2353 2102 2422 pertinent

525 2446 928 2510 dissentientes,
974 2452 1027 2498 et
1061 2444 1205 2498 velut
1243 2443 1309 2498 ad
1363 2444 1414 2498 id
1466 2444 1763 2499 concordes
1803 2443 2010 2510 factos,
2046 2453 2104 2498 ut

527 2537 865 2593 Servatorem
912 2545 1158 2591 nostrum
1195 2544 1483 2599 tentarent,
1533 2544 1588 2590 et
1629 2545 1882 2606 rogarent
1920 2544 1979 2589 ut
2025 2537 2103 2590 si-

524 2643 687 2696 gnum
738 2627 805 2681 de
853 2626 993 2682 ccelo
1045 2627 1146 2682 sibi
1184 2627 1509 2681 ostenderet.
1539 2625 1648 2682 Nec
1671 2627 1814 2681 enim
1869 2628 1936 2682 iis
1970 2643 2102 2682 con-

525 2719 654 2774 tenti
699 2718 958 2790 prodigiis
991 2733 1112 2788 quae
1155 2716 1451 2784 Servator,
1505 2717 1558 2772 in
1612 2718 1871 2772 curandis
1923 2717 2104 2772 omnis

521 2809 736 2879 generis
781 2808 988 2863 morbis
1033 2817 1087 2862 et
1131 2807 1508 2879 languoribus,
1544 2806 1748 2862 fecerat
1790 2807 1842 2860 in
1881 2807 2102 2876 populo,

523 2901 755 2969 aliisque
785 2899 1064 2954 miraculis
1091 2913 1213 2969 qua:
1240 2899 1418 2968 palam
1456 2909 1509 2952 ct
1542 2899 1594 2952 in
1639 2899 1934 2952 multorum
1971 2912 2104 2952 con-

527 3001 714 3064 spcctu
762 2998 1184 3061 perpetraverat,
1227 2989 1480 3044 volebant
1517 2997 1774 3058 praetcrea
1819 2989 1964 3045 hunc
2002 2987 2104 3043 sibi

527 3101 589 3139 ac
619 3085 687 3140 de
713 3084 852 3148 caelo
883 3083 1102 3152 quidem
1133 3083 1348 3154 signum
1392 3081 1696 3136 ostendere.
1741 3081 1916 3151 Atque
1950 3081 2106 3151 equi-

2217 629 2543 699 χαρισμένον
2569 646 2620 680 τι
2654 630 2730 700 τῷ
2792 629 3024 702 Ἡρώδῃ,
3055 631 3149 684 καὶ
3175 631 3335 682 παντὶ
3390 632 3467 702 τῷ
3520 632 3788 688 Ἰουδαίων

2215 719 2357 773 ἔθνει
2395 721 2638 790 ποιῆσαι.
2666 722 2931 784 Πολλάκις
2970 722 3027 775 δὲ
3059 723 3146 775 καὶ
3177 723 3271 776 νῦν
3299 725 3430 794 όρᾷν
3456 725 3604 780 ἐστιν
3631 729 3692 780 ἐν
3709 725 3787 797 τῷ

2215 809 2314 879 βίῳ
2340 811 2578 874 καὶτοὺς
2603 811 2978 880 διαςωνότατα
3018 812 3262 883 δόγματα
3317 814 3427 868 εἴτε
3464 817 3522 868 ὲν
3556 817 3622 886 τῇ
3669 817 3786 870 Ἐλ-

2211 900 2387 972 λήνων
2422 903 2728 974 φιλοσοφίᾳ,
2757 903 2864 956 εἴτε
2896 903 2991 958 καὶ
3018 905 3076 956 ὲν
3123 904 3300 968 ἄλλοις
3349 907 3525 974 λόγοις
3567 908 3789 978 ἔχοντας

2211 995 2452 1062 ὁμονοεῖν
2507 994 2820 1058 δοκοῦντας,
2875 996 2960 1048 ἵνα
3022 994 3325 1065 χλευάζωσι
3355 997 3448 1049 καὶ
3481 999 3786 1069 προσπολε-

2213 1085 2353 1155 μῶσι
2387 1084 2464 1155 τῷ
2493 1089 2549 1138 ὲν
2577 1089 2688 1148 τοῖς
2713 1085 2980 1155 μαθηταῖς
3017 1087 3191 1158 Ἰησοῦ
3238 1087 3478 1158 Χριστῷ.
3516 1089 3648 1141 Ἀπὸ
3673 1091 3789 1143 τοῦ·

2207 1193 2316 1228 των
2350 1175 2426 1240 δὲ,
2465 1172 2638 1246 οἶμαι,
2671 1176 2785 1228 ἔστι
2817 1176 3066 1248 διαϐῆναι
3107 1178 3186 1248 τῷ
3231 1179 3374 1249 λόγῳ
3401 1180 3492 1232 ἐπὶ
3535 1179 3597 1232 τὸ
3635 1181 3785 1245 ἰδεῖν,

2207 1265 2289 1318 ὅτι
2313 1267 2520 1337 μήποτε
2550 1267 2643 1320 καὶ
2689 1267 2797 1320 τῶν
2827 1269 3214 1338 ἀντικειμένων
3257 1268 3546 1340 ἐνεργειῶν
3577 1270 3786 1339 διαφω-

2207 1355 2326 1410 νίαν
2351 1357 2485 1428 πρὸς
2517 1357 2751 1429 ἀλλήλας
2777 1360 3034 1430 ἐχουσῶν,
3073 1361 3149 1424 ὼς
3181 1360 3378 1432 Φαραὼ
3406 1361 3545 1432 πρὸς
3571 1362 3784 1415 Ναϐουο

2208 1448 2491 1519 χοδονόσορ
2523 1450 2656 1520 (85),
2695 1451 2790 1504 κα).
2815 1452 3038 1524 Θαραθά
3075 1452 3335 1522 βασιλέως
3372 1453 3644 1506 Αἰθιόπων
3671 1454 3784 1524 (86)

2197 1541 2710 1612 πρὸςΣενναχηρεὶμ
2739 1542 2962 1612 βασιλέα
3031 1544 3346 1614 Ἀσσυρίων,
3394 1545 3602 1612 γίνεταί
3653 1562 3784 1598 ποτε

2210 1629 2499 1698 συμφωνία
2534 1630 2672 1683 κατά
2694 1631 2786 1683 τοῦ
2829 1631 3000 1703 Ἰησοῦ
3047 1631 3138 1684 καὶ
3170 1632 3263 1684 τοῦ
3305 1631 3434 1685 λαοῦ
3476 1631 3661 1686 αὑτοῦ.
3686 1632 3787 1685 Οὖ-

2204 1732 2312 1779 τως
2335 1717 2474 1786 τάχα
2495 1718 2589 1770 καὶ
2629 1738 2646 1767 ε
2681 1720 3029 1790 παρέστησαν
3053 1722 3103 1772 οἱ
3135 1720 3371 1789 βασιλεῖς
3417 1723 3515 1792 τῆς
3535 1723 3661 1792 γῆς,
3687 1724 3785 1777 καὶ

2204 1809 2252 1860 οἱ
2282 1809 2540 1879 ἄρχοντες
2575 1811 2919 1883 συνήχθησαν
2958 1813 3049 1865 ἐπὶ
3077 1813 3137 1864 τὸ
3161 1813 3342 1879 abte,»
3375 1814 3626 1885 οὐδαμῶς
3652 1814 3796 1885 πρό--

2207 1917 2362 1971 τερον
2396 1901 2641 1973 ἀλλήλοις
2671 1903 3038 1974 ὁμονοοῦντες,
3063 1905 3170 1969 ἵνα,
3220 1907 3591 1977 σκοπήσαντες
3640 1907 3785 1962 κατά

2205 1990 2297 2043 τοῦ
2325 1992 2528 2062 Κυρίου
2556 1993 2649 2046 καὶ
2674 1993 2814 2046 κατά
2839 1993 2930 2046 τοῦ
2960 1993 3194 2066 Χριστοῦ
3232 1995 3416 2060 αὐτοῦ,
3453 1997 3544 2051 τὸν
3577 1998 3781 2071 Κύριον

2201 2081 2300 2151 τῆς
2333 2081 2491 2153 δόξης
2525 2085 2934 2138 ἀποκτείνωσιν.

2287 2174 2410 2226 Ἐπὶ
2441 2176 2614 2228 ταῦτα
2636 2177 2689 2228 δὲ
2721 2177 2798 2246 τῷ
2828 2177 2970 2248 λόγῳ
3000 2177 3354 2249 ἐληλύθαμεν,
3382 2179 3468 2232 διὰ
3511 2181 3640 2245 τοὺς
3662 2182 3781 2252 ἅμα

2204 2263 2595 2335 προσελθόντας
2618 2264 2694 2334 τῷ
2725 2265 2896 2334 Ἰησοῦ
2912 2267 3235 2336 Φαρισαίους
3264 2270 3356 2320 καὶ
3373 2268 3779 2334 Σαδδουκαίους,

2201 2355 2326 2417 τοὺς
2373 2355 2430 2406 ἐν
2475 2357 2586 2416 τοῖς
2635 2355 2762 2424 περὶ
2819 2357 3166 2420 ἀναστάσεως
3217 2357 3635 2427 διαφωνοῦντας,
3685 2363 3783 2414 καὶ

2202 2444 2360 2498 οἱονεὶ
2393 2447 2862 2515 συμφωνήσαντας
2885 2446 2974 2499 διά
3005 2447 3064 2499 τὸ
3112 2449 3370 2519 πειράσαι
3415 2449 3503 2502 τὸν
3555 2451 3783 2522 Σωτῆρα

2204 2533 2385 2605 ἡμῶν,
2423 2534 2518 2587 καὶ
2544 2535 2889 2606 ἐπερωτῆσαι
2918 2537 3080 2590 αὐτὸν
3097 2542 3316 2608 σημεῖον
3345 2542 3407 2592 ὲκ
3431 2540 3521 2592 τοῦ
3552 2539 3780 2612 οὐρανοῦ

2204 2624 2464 2690 ἐπιδεῖξαι
2490 2627 2689 2690 αὐτοῖς.
2716 2628 2790 2680 Οὐ
2814 2628 2921 2699 γὰρ
2970 2629 3296 2700 ἀρκούμενοι
3351 2633 3406 2683 ὲν
3449 2635 3568 2695 ταῖς
3607 2633 3781 2686 ίάσεσι

2204 2717 2382 2788 πάσης
2409 2717 2587 2783 νόσου,
2616 2721 2706 2772 καὶ
2742 2721 2920 2791 πάσης
2957 2721 3227 2792 μαλακίας
3264 2724 3322 2774 ὲν
3354 2723 3430 2793 τῷ
3475 2724 3588 2794 λαῷ
3620 2741 3781 2797 τερα-

2206 2809 2392 2874 στίοις,
2423 2810 2651 2874 καὶτοῖς
2679 2811 2857 2876 ἄλλοις
2892 2813 3230 2884 παραδόξοις,
3260 2813 3294 2867 ἀ
3325 2817 3381 2866 ὲν
3421 2815 3618 2884 γνώσει
3648 2815 3779 2871 πολ-

2201 2896 2310 2952 λῶν
2335 2901 2625 2972 πεποιήκει
2657 2904 2686 2955 ὀ
2715 2903 2902 2974 Σωτὴρ
2925 2906 2956 2974 ἡ
2967 2904 3103 2973 μῶν,
3133 2903 3420 2973 ἠϐούλοντο
3463 2907 3623 2961 αὑτὸν
3655 2909 3779 2960 ἑπι-

2204 2991 2372 3056 δείξαι
2395 2992 2576 3055 αὐτοῖς
2608 2993 2702 3047 καὶ
2731 2993 2788 3060 ἐξ
2829 2995 3058 3066 οὐρανοῦ
3097 2999 3338 3067 σημεῖον,
3372 2999 3478 3051 Καὶ
3528 2999 3781 3069 στοχάζο-

2207 3101 2326 3156 μαι,
2347 3085 2427 3138 ὅτι
2475 3086 2736 3140 ὑπενόουν
2788 3086 2897 3156 (87)
2935 3088 3033 3157 μὲν
3093 3087 3163 3140 τά
3191 3089 3283 3141 ἐπὶ
3304 3087 3409 3157 γῆς
3438 3091 3657 3160 σημεῖα,
3701 3089 3780 3154 ὼς

526 3177 648 3229 dem
693 3173 935 3244 conjicio
990 3173 1296 3243 suspicatos
1346 3171 1518 3227 fuisse
1565 3172 1684 3226 illos
1739 3173 1890 3243 signa
1942 3186 2099 3242 super

2205 3176 2476 3248 δυνάμενα
2505 3177 2597 3230 καὶ
2629 3177 2702 3247 μὴ
2743 3178 2808 3229 ὲκ
2861 3177 2995 3230 Θεοῦ
3031 3174 3189 3232 ιῖναι·
3225 3180 3326 3232 οὐκ
3372 3177 3621 3249 ὤκνησαν
3646 3180 3781 3248 γοῦν

527 3277 726 3320 terram
759 3264 901 3320 edita
949 3276 1107 3332 posse
1144 3262 1306 3317 etiam
1341 3279 1372 3316 a
1406 3261 1516 3317 Deo
1557 3279 1660 3318 non
1697 3279 1818 3318 esse
1861 3281 1874 3317 :
1923 3264 2104 3333 itaque

527 3372 636 3411 non
663 3355 864 3410 veritos
893 3369 1014 3410 esse
1038 3353 1216 3409 dicere
1240 3351 1425 3409 Jesum
1461 3373 1479 3405 ε
1511 3354 1706 3424 ejicere
1731 3355 2001 3410 daemones
2046 3357 2100 3409 in

529 3447 810 3502 Beelzean
843 3447 1084 3517 principe
1124 3446 1516 3500 daamoidorum
1551 3445 1631 3511 ⁶¹;
1678 3463 1696 3496 ι
1739 3455 1959 3516 putasse
2000 3461 2100 3500 au-

527 3548 633 3594 tem
661 3538 876 3608 signum
907 3537 974 3591 de
998 3536 1135 3590 cmlo
1161 3535 1272 3589 ticri
1304 3553 1409 3589 non
1437 3551 1598 3604 posse
1632 3551 1662 3590 a
1694 3536 1994 3601 Beelzebul,
2019 3538 2102 3592 vel

528 3629 773 3700 improba
799 3629 979 3698 aliqua
1007 3634 1291 3697 potestate.
1324 3625 1673 3681 Fallebantur
1693 3625 1935 3697 profecto
1957 3628 2101 3682 circa

525 3730 757 3791 utraque
789 3719 966 3790 signa,
1002 3717 1161 3788 513
1193 3727 1244 3772 et
1275 3732 1339 3772 ea
1369 3732 1488 3787 quae
1522 3732 1684 3787 supra
1711 3725 1910 3772 terram
1940 3716 2097 3784 ﬁunt,

523 3821 579 3867 et
618 3825 742 3882 quae
779 3809 846 3865 de
876 3811 1016 3866 coelo
1041 3810 1312 3872 oriuntur,
1332 3809 1554 3863 minime
1578 3808 1787 3878 proba'i
1807 3809 2098 3878 trapezitae,

511 3917 627 3959 .nec
667 3903 902 3957 scientes
934 3899 1157 3969 spiritus
1197 3906 1484 3967 operantes
1516 3897 1844 3962 discernere,
1880 3898 2102 3966 quinam

596 4064 641 4092 ⁸⁸
674 4062 739 4116 ιν
772 4062 903 4133 Reg.
945 4081 1090 4119 utr.
1169 4065 1211 4099 "
1240 4064 1368 4120 ibid.
1405 4079 1515 4118 nx.

522 4255 641 4310 ‘Act.
669 4271 740 4320 ιν,
761 4253 828 4308 27
855 4274 867 4309 :
893 4273 910 4306 ι
931 4253 1315 4309 Convencrunt
1340 4255 1484 4308 enim
1518 4270 1641 4308 vere
1666 4253 1717 4307 in
1741 4253 1957 4308 civitate
1989 4254 2088 4307 ista

530 4327 789 4380 adversus
843 4333 1090 4379 sanctum
1147 4339 1375 4393 puerum
1432 4334 1584 4378 tuum
1643 4323 1828 4377 Jesum
1861 4365 1874 4388 ,
1933 4340 2092 4393 quem

527 4395 751 4458 linXisli,
790 4393 1027 4464 Herodes
1065 4403 1118 4446 et
1152 4393 1379 4448 Pontius
1406 4393 1632 4458 Pilatus,
1665 4409 1807 4464 cum,
1849 4394 2096 4464 gentibus

2207 3268 2407 3336 λέγειν,
2437 3268 2539 3331 ὅτι,
2568 3287 2585 3318 ι
2629 3268 2716 3319 Ἐν
2741 3268 3064 3332 Βεελξεϐοῦλ
3113 3271 3330 3340 ἄρχοντι
3356 3270 3464 3323 τῶν
3488 3271 3784 3342 δαιμονίων

2207 3358 2458 3412 ὲκὸάλλει
2493 3356 2562 3410 τά
2591 3356 2842 3427 δαιμόνια
2870 3359 2898 3409 ὁ
2942 3357 3163 3427 Ἰησοῦς·
3182 3377 3198 3408 ι
3237 3359 3408 3411 ἐδόκει
3433 3359 3475 3410 δ’
3498 3360 3679 3423 αὐτοῖς
3704 3362 3780 3431 μὴ

2205 3447 2462 3502 δύνασθαι
2491 3447 2549 3514 ἐξ
2578 3447 2806 3518 οὐρανοῦ
2833 3451 3052 3518 σημεῖον
3079 3449 3184 3501 ἀπὸ
3207 3448 3550 3513 Βεελζεῆοῦλ,
3575 3451 3608 3520 ἦ
3636 3467 3782 3516 τινος

2206 3535 2372 3607 ἄλλης
2403 3536 2510 3606 (88)
2553 3537 2792 3608 πονηρᾶς
2843 3537 3120 3604 γίγνεσθαι
3169 3538 3465 3608 δυνάμεως.
3503 3539 3782 3612 Ἡμάρτα-

2208 3645 2296 3681 νον
2322 3627 2379 3680 δὲ
2407 3628 2533 3698 περὶ
2562 3628 2907 3700 ἀμφοτέρων,
2941 3628 3046 3680 τῶν
3074 3645 3132 3680 τε
3187 3631 3278 3681 ἐπὶ
3322 3631 3422 3699 γῆς
3453 3631 3547 3683 καὶ
3588 3631 3695 3683 τῶν
3721 3631 3782 3696 ἐξ

2205 3719 2432 3790 οὐρανοῦ
2463 3720 2722 3790 σημείων,
2755 3721 2826 3790 μὴ
2859 3721 3067 3790 δόκιμοι
3110 3722 3451 3790 τραπεζῖται,
3490 3723 3622 3794 μηδὲ
3655 3725 3779 3775 ἐπι-

2210 3810 2465 3882 στάμενοι
2518 3811 2814 3881 διακρίνειν
2845 3813 3128 3881 πνεύματα
3161 3811 3228 3864 τά
3278 3812 3620 3882 ἐνεργοῦντα,
3651 3816 3781 3867 ποῖα

2215 3901 2312 3972 μὲν
2344 3902 2452 3956 ἀπὺ
2482 3901 2576 3955 τοῦ
2598 3902 2732 3955 Θεοῦ
2767 3905 2902 3966 ἐστι,
2935 3906 3060 3956 ποῖα
3111 3903 3167 3955 δὲ
3206 3903 3550 3972 ἀφεστηκότα
3587 3903 3776 3959 αὑτοῦ.

1610 4066 1656 4096 ⁶⁰
1682 4063 1826 4119 Psal.
1859 4082 1918 4131 ιι,
1953 4065 2007 4119 2.
2087 4067 2128 4099 ⁶¹
2163 4065 2350 4122 Matth.
2387 4085 2462 4134 ix,
2495 4069 2585 4133 54,
2614 4078 2666 4124 et
2699 4085 2797 4135 xtl,
2825 4069 2912 4122 2i.

2197 4253 2504 4315 Ezechiam,
2538 4273 2556 4306 ›
2590 4253 2830 4309 Hebraeis
2857 4270 2962 4308 non
2990 4263 3288 4322 consonat;
3317 4255 3445 4308 illud
3488 4255 3774 4320 nimirum,

2210 4343 2228 4374 ι
2272 4334 2324 4377 et
2359 4325 2459 4378 iret
2497 4334 2685 4378 contra
2723 4339 2847 4377 eum
2871 4365 2884 4384 .
2921 4343 2939 4375 ι
2993 4341 3057 4380 ex
3108 4323 3352 4390 Hebraeo,
3393 4333 3546 4387 mm,
3569 4337 3662 4383 «et
3687 4341 3776 4379 re-

2203 4410 2394 4465 versus
2434 4401 2555 4464 est;
2582 4412 2598 4442 ν
2634 4395 2825 4446 melius
2849 4392 3028 4465 LXX,
3057 4395 3150 4465 καὶ
3195 4395 3536 4465 ἀπέστρεψεν
3557 4435 3570 4457 ,
3601 4404 3653 4465 e_t
3677 4393 3774 4448 Jo-

522 4475 578 4517 et
609 4463 1085 4536 ipopuli‘sulsracl;
1130 4481 1147 4513 ι
1194 4479 1294 4517 nec
1346 4465 1490 4518 enim
1537 4464 1660 4536 inde
1699 4459 1957 4536 probatur
1993 4462 2097 4517 lle—
2133 4483 2174 4536 ι)
2205 4464 2430 4536 nathan,
2466 4459 2663 4536 antri
2691 4471 2744 4516 et
2774 4462 2959 4536 rediit.
2981 4483 2998 4514 ι
3043 4463 3173 4536 Quae
3193 4459 3387 4536 autem
3421 4459 3771 4536 tradit‘Jose-

513 4531 711 4586 rodem
739 4551 768 4587 a
799 4531 973 4586 Pilato
1000 4531 1125 4587 Jesu
1154 4542 1380 4587 mortem
1414 4535 1742 4603 poposcisse.
1781 4531 2040 4603 l-Iusrins.

599 4603 839 4675 (85)-ΑὯς
871 4603 1077 4671 Φαραὼ
1102 4603 1250 4670 πρὸς
1277 4602 1828 4671 Ναϐουχοδοι-ύσορ.
1865 4603 1928 4654 IV
1961 4602 2092 4670 Reg.

518 4673 992 4812 “ginieapadd
1029 4743 1334 4809 ,βασιλέως
1379 4743 1690 4806 Αἰθιόπων,
1737 4751 1841 4796 ctc.
1896 4751 2099 4824 ripa-an

519 4831 788 4887 .Hehraice
835 4833 1068 4897 dicitur;
1119 4831 1349 4899 Θαρακά
1391 4831 1460 4884 ab
1493 4830 1882 4899 lnterpretibus
1922 4828 2094 4895 LXX;

523 4903 801 4974 Θαρσίκης
833 4920 862 4958 a
887 4901 1155 4974 Josepbo;
1187 4901 1389 4956 Tirhac
1438 4916 1467 4953 a
1497 4901 1738 4974 Sulpicio
1771 4902 1972 4974 severo
1993 4941 2005 4963 ,
2043 4911 2098 4953 et

528 4969 672 5026 hunc
721 4969 965 5026 nonnulli
1016 4969 1312 5040 eum_esse
1361 4980 1550 5040 putant
1600 4969 1694 5039 qui
1744 4987 1773 5024 a
1831 4969 2097 5040 Strabone

525 5042 736 5124 Τεαρκό
783 5043 1099 5124 appellatur:
1148 5038 1632 5124 Setinac‘heribum’
1670 5040 1904 5124 prpil‘nnt
1953 5039 2093 5124 sacri

525 5107 740 5167 codices
770 5107 891 5182 post
923 5117 1199 5182 vastatam
1225 5107 1425 5164 δυόωσι
1465 5108 2093 5182 partenrﬂabsacenad

526 5176 944 5253 oppugnandam
994 5179 1384 5253 Jerosolymam
1419 5176 1653 5253 misisse,
1688 5179 1863 5253 ipsum
1893 5176 2090 5253 Lachis

523 5248 1036 5320 obsedisse,.atqne
1080 5249 1204 5303 inde
1257 5264 1380 5320 cum
1430 5250 1484 5301 in
1539 5248 1778 5320 Lobnam
1820 5248 2092 5320 civitatem

522 5323 786 5389 impetum
833 5317 1217 5383 convertisset,
1263 5317 2093 5389 RahsacenVJerosolyInzeobsi-

523 5385 742 5446 dionem
791 5391 1053 5454 solvisse,
1110 5397 1164 5441 et
1221 5389 1287 5441 ad
1339 5385 1798 5442 Sennacheribuni
1849 5385 2090 5439 Lobnam

521 5461 870 5516 contendisse
901 5476 912 5509 :
947 5475 1070 5514 cum
1103 5473 1229 5513 vero
1272 5456 1570 5512 Tharacam
1605 5471 1782 5525 regem
1815 5457 1967 5525 Chus
1999 5455 2092 5508 ad-

525 5547 742 5584 versum
774 5545 831 5585 se
857 5530 1154 5584 exercitum
1189 5528 1389 5582 ducere
1437 5523 1775 5587 accepissent
1827 5527 1892 5578 ad
1936 5523 2094 5578 Jero-

527 5601 749 5668 solyma:
771 5600 1223 5668 expugnationem
1259 5597 1503 5668 rediisse.
1536 5595 1669 5668 Nam
1688 5596 1844 5668 quod
1870 5592 1936 5646 IV
1957 5593 2088 5664 Reg.

531 5663 642 5732 xui.
668 5671 722 5734 9,
749 5663 942 5736 legitur
965 5685 978 5720 :
1012 5689 1029 5720 c
1054 5669 1299 5736 Cumque
1327 5666 1568 5722 audisset
1598 5667 1664 5720 de
1687 5663 1934 5719 Tharaca
1970 5663 2093 5732 rege

533 5737 820 5806 ﬁlth'mpia:
867 5740 1108 5794 dicentes
1149 5752 1164 5788 :
1208 5737 1349 5792 Ecce
1385 5744 1759 5806 egressusest
1788 5741 1847 5788 ut
1890 5742 2094 5806 pugnet

531 5803 816 5863 adversum
848 5817 917 5873 te,
951 5817 1005 5863 et
1034 5808 1136 5863 iret
1167 5817 1356 5863 contra
1399 5803 1547 5870 eunt,
1593 5804 1745 5861 misit
1775 5805 1997 5860 nuntios
2023 5803 2091 5860 ad

2203 4533 2344 4612 phus
2365 4533 2677 4612 fintiqmlib.
2706 4548 2756 4593 κ,
2781 4547 2912 4612 _cap_.
2941 4535 2990 4597 1,
3023 4532 3390 4612 circa_l’elusii
3425 4533 3767 4612 obsidionem

2202 4600 2516 4672 impeditum
2563 4600 3024 4672 Sennacherihum
3073 4619 3102 4655 a
3147 4601 3430 4665 Tharaca,
3489 4604 3570 4656 vel
3611 4602 3770 4672 juxta

2200 4669 2530 4724 Herodotum
2579 4686 2607 4722 a
2653 4671 2900 4725 muribus
2927 4673 3248 4739 procedente
3286 4673 3497 4725 obviam
3534 4669 3775 4727 Sethone

2199 4755 2324 4810 rege
2349 4781 2363 4805 ,
2413 4739 2690 4793 discedere
2735 4739 2911 4810 fuisse
2953 4750 3200 4810 coactum
3224 4779 3238 4803 ,
3277 4741 3569 4808 Scriptura)
3603 4757 3774 4795 sacrae

2199 4808 2304 4862 non
2351 4819 2685 4878 repugnant,
2736 4825 2858 4861 nam
2892 4808 3076 4863 Lohna
3123 4809 3775 4878 Pelusiumﬂcontendere

2197 4883 2368 4946 potuit
2418 4877 2891 4940 S-nnacheribus,
2928 4882 3241 4948 priusquam
3291 4881 3356 4932 de
3403 4877 3770 4948 Tharacaiin-

2198 4950 2438 5003 audisset
2467 4948 2761 5018 quidquam
2785 4987 2797 5011 ,
2831 4947 3054 5018 ejnSque
3086 4952 3315 5002 adventu
3369 4949 3433 5001 ad
3475 4963 3534 5002 se
3563 4947 3771 5016 perlato

2199 5019 2426 5087 regredi.
2495 5016 2774 5070 Pclusiaca
2820 5019 2921 5072 hac
2965 5016 3144 5071 autem
3197 5019 3477 5072 obsidione
3521 5019 3774 5087 innxium

2197 5084 2502 5140 commotus
2551 5087 2761 5139 videtur
2811 5088 2976 5142 fuisse
3041 5087 3323 5152 That-aea,
3388 5095 3446 5155 nt
3497 5084 3770 5155 Egyptiis

2197 5156 2473 5226 suppetias
2503 5155 2682 5210 ferret.
2713 5157 2866 5221 Quod
2895 5173 3021 5211 vero
3051 5157 3208 5224 snbji-
3230 5159 3268 5209 it
3295 5173 3359 5210 ex
3395 5154 3669 5226 Herodoto
3699 5157 3770 5210 de

2198 5225 2464 5287 muribus,
2516 5226 2692 5279 simile
2723 5227 2842 5294 ejus
2871 5235 2953 5280 est
2991 5226 3137 5294 quod
3167 5227 3518 5279 Cretensibus
3543 5225 3766 5280 Amasi-

2196 5304 2309 5366 tﬁum
2338 5295 2711 5366 obsidentibus
2739 5295 3508 5366 contigissereig't{Elianus
3549 5296 3643 5348 lib.
3682 5309 3762 5366 xtl

2197 5365 2272 5417 De
2313 5365 2534 5417 animal.
2566 5407 2581 5431 ,
2613 5381 2732 5433 cap.
2773 5363 2836 5421 5.
2877 5374 2931 5418 et
2973 5364 3086 5417 alii.
3136 5363 3288 5419 Unde
3323 5380 3448 5418 vero
3491 5363 3764 5430 acoeperit

2199 5433 2473 5505 Sulpicius
2519 5434 2750 5505 Severus
2801 5433 3100 5505 Tharacam
3151 5435 3498 5505 Assyriorum
3533 5447 3762 5504 regnum

2195 5501 2478 5569 invasisse,
2511 5505 2656 5558 dicat
2690 5501 2960 5558 Hariolus.
3005 5504 3078 5557 lo.

2263 5593 2372 5664 (87)
2412 5595 2522 5648 Kal
2566 5593 2956 5664 στοχάζομαι,
3001 5595 3091 5649 ὅτι
3129 5596 3454 5659 ὑπενόουν,
3489 5605 3596 5650 etc.
3638 5593 3775 5649 Vide

2195 5661 2689 5754 Thgo'phy‘laaetnm.‘
2703 5661 2775 5754 lo
2785 5703 2798 5716 .

2267 5734 2378 5802 (88)
2419 5732 2862 5805 “Aung.__l)cest
2903 5735 2957 5788 in
2991 5734 3229 5793 editione
3261 5733 3440 5791 Huetii
3463 5774 3478 5801 ,
3512 5732 3608 5791 sed
3639 5746 3776 5805 sup-

2198 5801 2377 5872 pletur
2403 5820 2436 5859 e
2465 5805 2652 5860 codice
2677 5801 2960 5860 Vaticano.
3206 5848 3214 5858 ..
