4100 6438
348 373 448 428 977
507 425 515 433 ,

1311 369 1666 428 COMMENT.
1710 370 1776 425 IN
1820 368 2236 426 MATTHASUM
2272 366 2510 425 TOMUS
2550 365 2665 424 XII.

3512 372 3616 425 978

347 488 456 542 Καὶ
484 490 652 562 ἐχρῆν
690 490 886 554 αὐτοὺς
911 490 1107 544 εἰδέναι
1132 489 1267 562 (89),
1291 491 1373 545 ὅτι
1397 493 1490 544 καὶ
1513 491 1581 545 τὰ
1616 489 1787 543 πολλὰ
1813 488 1919 543 τῶν

2028 502 2058 542 a
2098 485 2210 543 Deo
2253 495 2414 556 sunt,
2455 487 2679 557 quinam
2716 486 2785 541 ab
2818 485 2911 541 illo
2953 485 3174 542 absunt.
3218 486 3287 541 Art
3325 498 3619 546 consenta-

345 578 439 632 ἐπὶ
458 580 737 644 Μωῦσέως
760 580 898 633 κατὰ
925 581 1024 652 τῆς
1047 578 1325 649 Αἰγύπτου
1349 580 1669 653 τεραστίων,
1691 579 1791 632 οὐκ
1805 578 1931 632 ὅντα

345 668 409 735 ἐξ
435 669 690 742 οὐρανοῦ,
717 671 905 740 σαφῶς
924 667 992 741 ἦν
1020 669 1115 723 τοῦ
1150 669 1307 734 Θεοῦ,
1335 673 1430 724 καὶ
1461 669 1523 724 τὸ
1547 670 1711 723 πεσὸν
1736 667 1849 741 πῦρ
1873 668 1930 734 ἐξ

334 761 581 833 οὐρανοῦ
604 764 699 816 ἐπὶ
732 763 800 817 τὰ
824 764 1070 835 πρόϐατα
1126 763 1221 817 τοῦ
1262 764 1383 817 Ἰὼϐ
1432 764 1532 818 οὐκ
1570 759 1640 835 ἧν
1684 763 1792 817 άπὸ
1834 762 1928 817 τοῦ

345 854 504 908 Θεοῦ·
538 855 632 909 τοῦ
659 856 824 909 αὐτοῦ
847 856 956 928 γὰρ
982 857 1157 910 ἐκεῖνο
1181 857 1244 909 τὸ
1290 856 1403 928 πῦρ
1439 851 1529 928 ἦν,
1584 850 1646 910 οὗ
1670 852 1809 927 ἦσαν
1837 857 1930 910 καὶ

341 947 395 1001 ot
417 946 984 1018 αίχμαλωτεύσαντες,
1034 948 1127 1001 καὶ
1152 950 1201 1001 οἱ
1231 949 1557 1019 ποιήσαντες
1580 950 1726 1019 τρεῖς
1753 948 1930 1019 ἀρχάς

347 1036 561 1090 ἱππέων
586 1035 695 1107 (90)
731 1037 871 1090 κατὰ
903 1037 1013 1091 τῶν
1044 1037 1257 1111 κτηνῶν
1288 1037 1382 1090 τοῦ
1417 1035 1558 1092 Ἰὼϐ.
1592 1033 1759 1107 Οἶμαι
1785 1037 1830 1090 δ’
1845 1038 1927 1090 ὅτι

345 1129 440 1181 καὶ
467 1129 523 1180 ὲν
548 1127 627 1198 τῷ
664 1120 884 1200 Ἠσαίᾳ,
910 1130 986 1194 ὡς
1030 1129 1342 1200 δυναμένων
1377 1129 1618 1200 σημείων
1654 1129 1926 1201 δειχθῆναι

343 1217 439 1270 καὶ⁷
459 1218 569 1271 ἀπὸ
597 1218 701 1289 γῆς
732 1220 827 1273 καὶ
848 1220 957 1274 ἀπὸ
979 1220 1232 1293 οὐρανοῦ,
1275 1220 1489 1291 ἀληθῶν
1520 1221 1618 1290 μὲν
1674 1222 1738 1272 ὲκ
1765 1219 1921 1273 Θεοῦ·

347 1326 369 1361 ι
411 1309 501 1363 Ἐν
523 1311 674 1383 πάσῃ
703 1311 761 1364 δὲ
782 1311 1028 1384 δυνάμει,
1056 1313 1150 1366 καὶ
1179 1312 1449 1384 σημείοις,
1473 1312 1568 1366 καὶ
1589 1311 1779 1381 τέρασι
1803 1311 1927 1381 ψεύ-

339 1396 487 1463 δους,
503 1419 521 1450 ι
544 1400 653 1453 ἀπὸ
672 1399 764 1454 τοῦ
788 1401 1051 1473 πονηροῦ,
1078 1401 1329 1456 λέλεκται
1359 1401 1438 1472 τῷ
1501 1401 1682 1472 Ἀχάζ·
1721 1421 1740 1454 ι
1765 1401 1927 1473 Αἴτη-

342 1506 434 1542 σον
458 1491 674 1562 σεαυτῷ
697 1496 924 1564 σημεῖον
961 1493 1112 1567 παρὰ
1156 1494 1361 1566 Κυρίου
1394 1494 1487 1549 τοῦ
1531 1492 1667 1547 Θεοῦ
1698 1510 1816 1555 σου,
1845 1495 1926 1558 είς

341 1580 522 1650 βάθος,
559 1583 591 1656 ἢ
615 1585 695 1648 εἰς
717 1584 904 1654 ῦψοςοι
937 1586 987 1638 εί
1015 1584 1125 1656 γὰρ
1146 1586 1221 1656 μὴ
1239 1582 1307 1658 ἦν
1324 1588 1545 1658 σημεῖα,
1575 1585 1669 1639 καὶ
1688 1586 1748 1639 οὐ
1773 1584 1925 1657 παρὰ

339 1673 547 1744 Κυρίου
580 1673 676 1728 τοῦ
702 1675 841 1729 Θεοῦ
896 1693 1019 1731 τινα
1065 1677 1173 1730 τῶν
1207 1678 1288 1739 είς
1336 1675 1519 1747 βάθος,
1547 1675 1642 1728 καὶ
1690 1675 1798 1728 τῶν
1845 1677 1923 1740 εἰς

340 1762 494 1835 ὕψος,
519 1766 619 1820 οῦκ
640 1765 706 1821 ἂν
732 1767 982 1823 ἐλέλεκτο
1012 1769 1094 1822 τό·
1151 1787 1168 1819 ι
1194 1769 1422 1839 Αἵτησον
1450 1767 1661 1838 σεαυτῷ
1701 1770 1923 1837 σημεῖον

338 1853 494 1926 παρὰ
517 1855 722 1928 Κυρίου
748 1856 844 1909 τοῦ
890 1856 1028 1909 Θεοῦ
1067 1872 1162 1909 σου
1209 1857 1288 1919 εἰς
1324 1854 1505 1925 βάθος,
1534 1854 1566 1925 ἢ
1623 1855 1703 1917 εἰς
1730 1852 1916 1923 ὕψος.»

337 1938 413 1996 Εὖ
452 1938 570 1997 οἶδα
600 1943 677 2007 δὲ,
709 1944 791 1998 δτι
817 1944 958 2010 δόξει
982 1945 1088 2000 τινὶ
1112 1944 1284 2015 βίαιον
1315 1939 1539 1999 εἶναιτὸ
1559 1942 1799 1997 τοιοῦτον
1822 1943 1922 2014 τῆς

336 2035 468 2104 περὶ
512 2032 631 2098 τοῦ,
696 2052 714 2085 ι
741 2034 974 2106 Αἴτησον
1009 2033 1223 2106 σεαυτῷ
1255 2037 1478 2106 σημεῖον
1512 2033 1661 2105 παρὰ
1713 2033 1920 2105 Κυρίου

333 2123 432 2179 τοῦ
466 2123 635 2191 Θεοῦ,
684 2143 703 2177 ι
747 2125 974 2197 ὲκδοχῆς
995 2143 1008 2156 ·
1042 2125 1177 2179 ἀλλὰ
1204 2124 1496 2196 ἐπίστησον
1542 2123 1620 2194 τῷ
1646 2123 1922 2195 εἰρημένῳ

341 2210 496 2282 παρὰ
523 2212 601 2284 τῷ
645 2215 952 2288 Ἀποστὸλῳ
976 2216 1106 2288 περὶ
1152 2214 1247 2269 τοῦ
1280 2214 1566 2287 ἀνθρώπου
1608 2215 1707 2287 τῆς
1739 2216 1921 2287 ἁμαρ-

334 2305 479 2368 τίας,
513 2305 608 2359 τοῦ
641 2306 758 2362 υίοῦ
786 2308 886 2379 τῆς
911 2307 1207 2372 ἀπωλείας,
1237 2309 1319 2362 δτι
1349 2327 1367 2360 ι
1404 2311 1462 2362 ὲν
1487 2308 1635 2382 πάσῃ
1667 2307 1918 2378 δυνάμει,

335 2396 430 2450 καὶ
465 2397 733 2468 σημείοις,
762 2399 857 2453 καὶ
889 2400 1082 2472 τέρασι
1127 2400 1377 2471 ψεύδους,
1422 2401 1516 2455 καὶ
1561 2403 1710 2473 πάσῃ
1734 2402 1921 2473 ἀπάτῃ

333 2489 550 2554 ἀδικίας
585 2510 603 2541 ι
633 2493 743 2554 τοῖς
776 2491 1170 2564 ἀπολλυμένοις
1199 2493 1406 2554 ἐκεῖνος
1432 2492 1800 2561 ὲπιφανεῖται,
1833 2509 1920 2562 μι-

337 2583 606 2655 μούμενος
631 2583 810 2639 πάντα
838 2584 1062 2655 τέρατα,
1080 2583 1148 2638 τὰ
1175 2584 1275 2655 τῆς
1302 2581 1581 2654 ἀληθείας.
1600 2583 1711 2636 Καὶ
1730 2582 1919 2656 ὥσπερ

335 2673 385 2727 at
406 2673 514 2728 τῶν
541 2674 855 2744 Αἰγυπτίων
884 2675 1124 2750 ἐπαοιδοὶ
1156 2674 1251 2728 καὶ
1298 2674 1603 2746 φαρμακοὶ,
1653 2673 1729 2738 ὡς
1761 2674 1916 2730 ἐλάτο

333 2780 461 2829 τους
483 2763 579 2819 τοῦ
610 2765 902 2837 ἀνθρώπου
927 2767 1026 2839 τῆς
1060 2764 1352 2838 ἁμαρτίας,
1383 2765 1477 2820 καὶ
1517 2765 1612 2819 τοῦ
1651 2766 1771 2820 υἱοῦ
1821 2769 1920 2839 τῆς

336 2857 632 2923 ἀπωλείας,
656 2857 917 2929 δυνάμεις
965 2857 1117 2922 τινὰς
1165 2858 1531 2931 ἐμιμήσαντο,
1573 2858 1669 2913 καὶ
1693 2863 1917 2930 σημεῖα,

336 2948 431 3005 καὶ
460 2948 666 3022 τέρατα
696 2951 796 3022 τῆς
821 2950 1099 3022 ἀληθείας,
1130 2949 1412 3013 ποιοῦντες
1452 2949 1523 3004 τὰ
1548 2949 1642 3005 τοῦ
1667 2952 1914 3022 ψεύδους,

338 3040 421 3104 είς
450 3038 513 3094 τὸ
547 3040 623 3112 μὴ
647 3039 1001 3095 πιστεύεσθαι
1056 3040 1125 3095 τὰ
1172 3040 1369 3113 άληθῆ’
1412 3040 1586 3105 οὕτως
1632 3038 1786 3114 οἶμαι
1826 3045 1918 3099 τὸν

333 3130 620 3203 ἄνθρωπον
642 3132 742 3204 τῆς
771 3131 1045 3205 ἁμαρτίας
1088 3131 1157 3186 τὰ
1183 3136 1387 3204 σημεῖα
1436 3135 1780 3207 μιμήσασθαι
1806 3136 1915 3209 (91)

334 3221 429 3276 καὶ
460 3222 562 3286 τὰς
584 3222 864 3293 δυνάμεις.
893 3223 1046 3293 Τάχα
1071 3222 1129 3276 δὲ
1156 3224 1248 3277 καὶ
1273 3222 1445 3277 ταῦτα
1465 3223 1807 3297 ὑφορώμενοι
1829 3226 1918 3281 διὰ

332 3311 431 3377 τὰς
457 3313 586 3384 περὶ
615 3313 780 3367 αὐτοῦ
811 3314 1148 3386 προφητείας
1179 3315 1228 3367 οἱ
1275 3316 1580 3387 Φαρισαῖοι·
1605 3316 1752 3388 ζητῶ
1779 3318 1835 3372 δὲ
1870 3319 1919 3372 εί

334 3405 428 3459 καὶ
456 3404 800 3459 Σαδδουκαῖοι
851 3403 1205 3477 πειράζοντες
1241 3403 1542 3476 ἐπηρώτων
1582 3410 1806 3477 σημεῖον
1852 3411 1918 3462 ὲκ

333 3498 427 3551 τοῦ
452 3497 685 3569 οὐρανοῦ
718 3497 983 3565 ἐπιδεῖξαι
1008 3499 1190 3562 αὐτοῖς
1221 3497 1313 3551 τὸν
1369 3498 1599 3569 Ἰησοῦν*
1649 3501 1697 3553 εί
1744 3500 1804 3554 δὲ
1844 3502 1919 3575 μὴ

333 3589 490 3642 τοῦτο
521 3588 774 3660 λέγοιμεν
808 3589 1006 3652 αὐτοὺς
1053 3589 1498 3662 ὑπονενοηκέναι,
1552 3592 1605 3646 τί
1671 3594 1918 3667 φήσομεν

333 3678 531 3743 αὐτοὺς
562 3679 888 3734 πεπονθέναι
916 3680 1053 3753 πρὸς
1075 3679 1143 3733 τὰ
1169 3681 1276 3736 ὑπὸ
1317 3682 1412 3736 τοῦ
1450 3682 1624 3754 Ἰησοῦ
1658 3686 1919 3757 γινόμενα

330 3773 614 3844 τεράστια,
632 3775 929 3844 άτέγκτους
955 3777 1235 3847 μένοντας,
1248 3777 1342 3831 καὶ
1370 3777 1444 3850 μὴ
1467 3778 1919 3851 δυσωπουμένους

332 3865 442 3921 τῶν
465 3867 766 3937 γινομένων
797 3867 867 3920 τά
902 3868 1217 3940 παράδοξα;
1262 3868 1386 3922 Ἐάν
1437 3868 1494 3921 δέ
1540 3886 1623 3934 τις
1674 3871 1921 3943 ὑπολαμ-

334 3956 474 4030 6άνῃ
500 3955 794 4026 ἀπολογίας
817 3958 967 4029 ἡμᾶς
993 3958 1248 4031 ἀφορμὰς
1283 3960 1571 4014 δεδωκέναι.
1618 3962 1730 4025 τοῖς
1757 3963 1920 4031 Φαρι-

335 4049 508 4113 σαίοις
563 4049 659 4103 καὶ
706 4049 1106 4114 Σαδδουκαίοις,
1154 4051 1287 4104 ὅπου
1340 4052 1437 4123 μὲν
1480 4054 1541 4106 ὲν
1591 4052 1917 4117 Βεελζεΰοὺλ

333 4140 635 4206 φάσκουσιν
682 4140 1047 4212 ἐκϐεϐλῆσθαι
1105 4142 1209 4196 ὑπὸ
1282 4141 1457 4213 Ἰησοῦ
1506 4143 1574 4198 τὰ
1623 4143 1913 4216 δαιμόνια,

332 4231 467 4284 ὅπου
491 4231 549 4285 δὲ
582 4232 901 4305 ἐπερωτῶσι
935 4232 1075 4304 μετὰ
1126 4233 1220 4287 τοῦ
1267 4232 1548 4306 πειράζειν
1581 4234 1671 4287 τὸν
1709 4234 1915 4304 Ἰησοῦν

333 4323 462 4394 περὶ
488 4323 715 4394 σημείου
768 4324 1040 4396 οὐρανίουο
1086 4323 1243 4390 ἴστω,
1290 4324 1372 4377 ὅτι
1409 4323 1508 4395 μὲν
1560 4323 1917 4393 πιθανότητός

334 4431 517 4485 φαμεν
544 4415 741 4479 αὐτοὺς
767 4415 1170 4487 περιεσπᾶσθαι
1222 4416 1359 4487 πρὸς
1395 4416 1458 4469 τὸ
1510 4416 1585 4487 μὴ
1624 4415 1915 4470 πιστεῦσαι

2034 595 2196 635 neum
2240 591 2358 637 erat
2407 580 2550 636 scire
2597 580 2720 635 illos
2768 579 2937 635 multa
2968 595 3035 635 ex
3076 580 3144 636 iis
3192 579 3453 651 prodigiis
3498 595 3619 650 qua:

2032 672 2294 728 adversus
2324 670 2617 743 Egyptum
2657 671 2801 726 edita
2851 681 2977 727 sunt
3002 669 3203 742 Moysis
3239 672 3615 742 temporibus,

2030 776 2156 817 cum
2181 777 2288 815 non
2315 777 2347 816 e
2371 761 2510 816 cwlo
2531 770 2736 824 essent,
2767 760 3058 816 manifesto
3085 771 3265 815 tamen
3294 759 3386 815 Dei
3416 761 3616 827 fuisse;

2029 859 2081 906 et
2114 854 2292 921 ignem
2325 852 2420 920 qui
2444 866 2473 904 e
2496 851 2637 905 caelo
2661 849 2865 904 decidit
2895 865 3059 919 super
3083 863 3214 904 oves
3234 848 3336 904 Job
3357 850 3424 915 θ’,
3453 865 3484 903 a
3508 848 3619 902 Deo

2032 957 2138 996 non
2175 940 2376 1007 fuisse;
2425 941 2668 1011 ejusdem
2701 942 2901 1011 quippe
2937 940 3080 1010 ignis
3128 940 3218 997 ille
3265 950 3414 1005 erat,
3458 941 3619 1009 cujus

2028 1044 2185 1088 erant
2213 1043 2267 1088 et
2300 1035 2334 1088 ii
2362 1034 2454 1103 qui
2490 1034 2543 1087 in
2576 1034 2942 1102 captivitatem
2972 1035 3351 1099 abduxerunt,
3388 1045 3444 1088 et
3476 1031 3619 1088 fece-

2029 1137 2159 1179 runt
2204 1136 2314 1181 tres
2362 1124 2606 1194 equitum
2664 1131 2875 1180 turmas
2931 1125 3196 1179 adversus
3245 1140 3439 1194 pecora
3490 1123 3612 1178 Joh.

2028 1215 2296 1271 Existimo
2346 1226 2528 1270 autem
2586 1215 2639 1268 in
2694 1216 2869 1280 Isaia,
2928 1216 3089 1284 quasi
3134 1215 3344 1270 ostendi
3394 1224 3617 1283 possent

2027 1306 2181 1375 signa
2209 1314 2260 1360 et
2286 1320 2315 1360 e
2346 1314 2489 1359 terra
2519 1314 2572 1359 et
2594 1305 2819 1370 e'cmlo,
2850 1319 2974 1360 vera
3005 1304 3225 1373 quidem
3253 1318 3284 1357 a
3319 1302 3430 1358 Deo
3455 1321 3469 1359 :
3500 1321 3520 1354 ι
3560 1304 3616 1358 In

2027 1398 2177 1453 omni
2209 1413 2338 1453 vero
2374 1399 2592 1462 virtute,
2628 1406 2682 1452 et
2710 1398 2917 1468 signis,
2961 1409 3015 1453 et
3046 1396 3307 1468 prodigiis
3341 1397 3618 1452 mendaci-

2026 1490 2130 1545 bus
2177 1491 2261 1556 ⁶³;
2319 1508 2337 1542 ι
2393 1505 2422 1544 a
2475 1488 2654 1552 malo,
2704 1490 2912 1545 dictum
2944 1506 3068 1549 esse
3098 1491 3282 1546 Achaz
3314 1491 3394 1546 διε
3430 1510 3449 1544 ι
3488 1489 3619 1547 Pete

2028 1581 2123 1636 tibi
2151 1582 2367 1652 signum
2415 1597 2445 1635 a
2489 1581 2720 1638 Domino
2752 1582 2860 1637 Deo
2894 1591 2988 1635 tuo
3010 1621 3026 1646 ,
3070 1584 3124 1636 in
3160 1582 3494 1653 profundum
3530 1585 3618 1638 in-

2026 1673 2188 1739 terni,
2234 1673 2350 1727 sive
2378 1672 2431 1727 in
2469 1673 2746 1728 excelsum
2780 1687 2979 1742 supra;
3018 1692 3037 1724 ι
3067 1689 3192 1728 nam
3228 1676 3275 1730 si
3300 1692 3406 1733 non
3435 1690 3620 1737 essent

2025 1765 2180 1836 signa
2220 1763 2466 1834 quaedam
2494 1780 2561 1819 ex
2594 1764 2661 1821 iis
2688 1781 2810 1835 quae
2838 1774 2966 1820 sunt
2995 1765 3049 1819 in
3082 1766 3436 1835 profundum,
3463 1779 3518 1824 et
3549 1784 3618 1826 ex

1955 1838 1995 1893 Β
2026 1855 2095 1911 iis
2125 1870 2246 1925 quae
2269 1864 2399 1912 sunt
2431 1857 2487 1910 in
2520 1857 2821 1921 excelsum,
2869 1870 2900 1909 a
2934 1855 3166 1911 Domino
3191 1855 3302 1911 Deo
3319 1874 3427 1914 non
3447 1862 3611 1930 prod-

2025 1949 2211 2008 euntia
2233 1989 2249 2015 ,
2318 1948 2523 2003 dictum
2553 1947 2796 2018 profecto
2817 1961 2928 2003 non
2963 1954 3112 2002 esset
3143 1965 3156 2001 :
3196 1966 3217 2000 ι
3248 1946 3375 2004 Pete
3407 1948 3504 2004 tibi
3536 1948 3617 2006 εἰ·-

2023 2055 2190 2112 gnum
2222 2055 2253 2093 a
2298 2038 2530 2095 Domino
2579 2038 2691 2094 Deo
2730 2048 2866 2106 tuo,
2916 2038 2971 2093 in
3010 2038 3341 2108 profundum
3392 2038 3615 2106 inferni,

2023 2132 2138 2187 sive
2178 2132 2231 2185 in
2273 2132 2550 2188 excelsum
2585 2146 2771 2201 supra.
2815 2149 2835 2183 ›
2864 2129 3274 2201 Expositioncm
3308 2142 3490 2188 autem
3528 2142 3614 2189 ta-

2023 2220 2133 2275 lem
2169 2219 2334 2291 hujus
2364 2219 2471 2275 loci
2510 2238 2522 2274 :
2568 2237 2587 2272 ι
2626 2216 2755 2274 Pete
2787 2218 2885 2274 tibi
2914 2219 3133 2290 signum
3162 2234 3193 2274 a
3238 2217 3469 2275 Domino
3503 2218 3616 2275 Deo

2024 2319 2159 2375 tuo,
2221 2329 2239 2362 ι
2290 2311 2568 2381 aliquibus
2595 2318 2898 2366 contortam
2934 2308 3112 2364 visum
3160 2306 3226 2363 iri
3272 2318 3615 2380 perspectum

2025 2401 2232 2468 habeo;
2269 2402 2364 2456 sed
2399 2400 2619 2455 adverte
2646 2399 2713 2454 ad
2743 2400 2794 2455 id
2833 2401 2979 2470 quod
3018 2399 3088 2454 ab
3115 2398 3379 2470 Apostolo
3406 2400 3614 2456 dictum

2022 2504 2105 2549 est
2134 2494 2202 2550 de
2231 2492 2450 2549 homine
2475 2491 2705 2564 peccati,
2760 2491 2874 2546 ﬁlio
2925 2491 3280 2561 perditionis,
3332 2492 3615 2562 apparitu-

2025 2603 2145 2643 rum
2180 2587 2327 2642 hunc
2357 2586 2712 2657 pereuntibus
2744 2602 2763 2637 ι
2799 2585 2852 2638 in
2880 2583 3030 2639 omni
3064 2584 3284 2650 virtute,
3321 2592 3375 2640 et
3416 2583 3611 2655 signis,

2021 2686 2077 2733 et
2110 2676 2373 2748 prodigiis
2397 2676 2754 2732 mendacibus
2774 2714 2789 2740 ,
2821 2681 2874 2730 et
2900 2675 2955 2728 in
2984 2673 3135 2729 omni
3164 2672 3484 2729 seductione
3513 2673 3614 2729 ini-

2020 2768 2249 2840 quitatis
2287 2767 2373 2835 ⁸⁸,
2412 2785 2433 2820 ι
2464 2767 2710 2840 prodigia
2750 2766 2935 2822 omnia
2984 2766 3288 2823 imitantem
3324 2783 3448 2839 qua:
3486 2777 3616 2825 sunt

2021 2858 2290 2917 veritatis.
2325 2858 2394 2914 Et
2437 2858 2901 2930 quemadmodum
2945 2855 3324 2930 Egyptiorum
3365 2858 3616 2916 incanta-

2024 2961 2169 3008 tores
2196 2960 2252 3008 et
2284 2950 2538 3018 maleﬁci,
2572 2960 2758 3023 utpote
2801 2950 3091 3008 inferiores
3130 2953 3352 3010 homine
3384 2956 3613 3025 peccati,

2021 3052 2069 3099 et
2107 3044 2218 3100 ﬁlio
2252 3043 2595 3115 perditionis,
2650 3045 2880 3100 virtutes
2925 3044 3192 3115 quasdam
3233 3044 3428 3102 imitati
3461 3056 3610 3113 sunt,

2021 3140 2076 3187 et
2114 3133 2307 3204 signa,
2340 3142 2395 3189 et
2426 3133 2672 3205 prodigia
2711 3132 2993 3201 veritatis,
3044 3132 3309 3194 facientes
3361 3138 3611 3208 prodigia

2022 3223 2303 3280 mendacia
2327 3265 2344 3292 ,
2392 3240 2463 3281 ne
2487 3223 2632 3281 veris
2673 3223 2809 3281 ﬁdes
2855 3226 3187 3293 haberetur;
3239 3227 3313 3283 ita
3355 3228 3616 3287 existimo

2021 3315 2299 3372 hominem
2334 3317 2542 3388 peccati
2571 3316 2726 3388 signa
2756 3316 3095 3374 imitaturum
3127 3327 3183 3375 et
3205 3319 3454 3377 virtutes.
3487 3319 3613 3379 Haec

2021 3405 2258 3463 fortasse
2303 3407 2649 3479 suspicantes
2686 3415 2909 3479 propter
2940 3409 3198 3466 vaticinia
3239 3410 3307 3466 de
3338 3411 3433 3467 illo
3467 3412 3611 3468 facta

2020 3497 2315 3567 Pharisaei;
2344 3514 2531 3570 quaero
2562 3506 2743 3554 autem
2774 3514 2843 3554 an
2864 3500 3029 3556 etiam
3058 3498 3362 3569 Sadducei,
3395 3509 3611 3559 tentan-

2020 3601 2103 3647 tes
2149 3599 2479 3662 rogaverunt
2524 3588 2710 3645 Jesum
2739 3631 2756 3657 ,
2813 3599 2872 3645 ut
2919 3592 3135 3664 signum
3185 3592 3290 3649 sibi
3346 3594 3415 3650 de
3469 3595 3614 3652 calo

2020 3682 2335 3738 ostenderet
2375 3699 2389 3736 :
2430 3681 2576 3752 quod
2631 3680 2676 3736 si
2708 3679 2759 3736 id
2798 3682 2920 3739 illos
2950 3683 3176 3738 minime
3218 3682 3390 3740 fuisse
3426 3686 3610 3756 suspi-

2019 3780 2173 3827 catos
2205 3772 2472 3837 dicemus,
2501 3772 2774 3841 quomodo
2799 3772 3275 3841 pronuntiahimus
3305 3788 3433 3846 erga
3481 3789 3610 3846 pro-

2018 3865 2161 3936 digia
2190 3880 2220 3919 a
2245 3863 2373 3920 Jesu
2401 3864 2547 3920 edita
2571 3866 2692 3921 illos
2725 3866 2897 3922 fuisse
2929 3864 3172 3932 affectos,
3205 3866 3300 3937 qui
3324 3867 3379 3922 in
3411 3868 3613 3925 duritie

2019 3955 2461 4026 perseverabant,
2508 3965 2564 4012 et
2610 3971 2795 4013 rerum
2827 3973 2950 4028 quae
2985 3957 3186 4013 ﬁebant
3207 3957 3470 4030 miracula
3497 3975 3607 4016 non

2018 4046 2450 4103 erubescebant?
2480 4046 2636 4114 Quod
2663 4047 2708 4103 si
2733 4048 2988 4118 Opinetur
3007 4048 3279 4119 quispiam
3310 4051 3611 4121 praebuisse

2019 4153 2121 4192 nos
2150 4152 2339 4192 ansam
2368 4135 2709 4193 delensionis
2733 4136 3028 4194 Pharisaeis
3044 4148 3097 4194 et
3118 4137 3451 4208 Sadducaais,
3481 4156 3607 4195 cum

2019 4230 2109 4285 ubi
2146 4231 2200 4285 in
2233 4230 2517 4286 Beelzebul
2550 4247 2579 4286 a
2609 4229 2738 4288 Jesu
2764 4231 3031 4288 daemonia
3076 4232 3199 4303 ejici
3232 4233 3443 4302 dicunt,
3492 4243 3609 4290 tum

2019 4323 2112 4378 ubi
2159 4338 2326 4393 super
2361 4323 2571 4379 caelesti
2627 4324 2785 4395 signo
2828 4321 3015 4380 Jesum
3065 4333 3337 4380 tentantes
3371 4324 3608 4381 interro-

2017 4423 2175 4483 gaut;
2213 4413 2351 4470 sciat
2381 4414 2472 4470 ille
2499 4413 2707 4471 dixisse
2734 4413 2957 4483 quidem
2987 4429 3089 4471 nos
3118 4413 3283 4489 514
3315 4415 3429 4471 veri
3461 4415 3613 4471 simi-

333 4507 445 4568 τοῖς
475 4504 568 4559 τοῦ
614 4506 790 4578 Ἰησοῦ
826 4506 1164 4579 παραδόξοις,
1215 4508 1278 4561 οὐ
1309 4507 1416 4578 μὴν
1449 4506 1590 4563 ὥστε
1641 4507 1737 4561 καὶ
1777 4523 1912 4576 συγ-

2021 4504 2245 4562 litudine
2269 4508 2507 4578 quadam
2539 4506 2711 4564 fuisse
2743 4508 2866 4565 illos
2897 4509 3194 4577 adductos,
3231 4517 3291 4565 ut
3340 4509 3609 4581 prodigiis

333 4599 610 4665 γνωστοὺς
643 4593 804 4663 εἶναι,
873 4600 946 4670 μὴ
987 4598 1291 4673 ὲνορῶντας
1320 4602 1433 4663 τοῖς
1479 4599 1588 4653 τῶν
1620 4599 1915 4671 προφητῶν

333 4686 514 4758 λόγοις
539 4690 938 4762 πληρουμένοις
981 4693 1038 4744 ὲν
1055 4695 1180 4755 ταῖς
1216 4692 1450 4763 πράξεσι
1478 4691 1573 4746 τοῦ
1612 4692 1810 4762 Ἰησοῦ,
1847 4691 1915 4758 ἃς

331 4781 585 4853 οὐδαμῶς
612 4781 825 4853 πονηρὰ
848 4781 1078 4852 δύναμις
1113 4783 1454 4854 μιμήσασθαι
1491 4778 1580 4837 οἶά
1600 4800 1660 4835 τε
1686 4778 1774 4854 ἦν.
1796 4785 1915 4837 Ψυ-

334 4872 433 4943 χὴν
469 4871 527 4926 δὲ
548 4869 869 4937 ἐξελθοῦσαν
896 4871 1246 4943 ἐπιπρέψαι,
1272 4870 1414 4926 ὥστε
1452 4872 1553 4944 ἢδη
1577 4872 1789 4938 ὄζοντα,
1820 4874 1914 4928 καὶ

402 5013 446 5044 ⁹¹
469 5011 634 5081 Job],
660 5013 747 5078 16,
778 5013 865 5069 17.
941 5013 986 5048 ⁸³
1018 5013 1062 5068 Il
1086 5013 1278 5070 Thess.
1310 5031 1371 5080 ιι,
1406 5016 1458 5070 9.
1536 5015 1581 5047 “
1609 5014 1712 5072 lsa.
1744 5033 1841 5082 vu,
1878 5017 1961 5072 ll.

405 5150 517 5225 (89)
534 5151 672 5225 *Καὶ
694 5153 886 5225 ἐχρῆν
921 5155 1144 5225 αὐτοὺς
1180 5154 1421 5218 ειδέναι,
1467 5168 1568 5213 etc.
1602 5156 1730 5225 Haec
1783 5158 1911 5212 item

332 5222 506 5296 refert;
532 5222 993 5296 Theophylactns.
1014 5224 1293 5281 Ηυετιυε.
1322 5294 1332 5296 ᾉ
1638 5222 1666 5243 ⁸

401 5293 516 5363 (90)
542 5294 653 5349 Καὶ
690 5293 776 5349 οἵ
796 5294 1162 5363 ποιήσαντες
1217 5294 1371 5364 τρεῖς
1418 5296 1608 5366 ἀρχὰς
1662 5296 1906 5351 ἱππέων.

331 5383 434 5440 ἔοι)
479 5385 641 5458 1,37,
687 5404 707 5438 σ
748 5388 983 5443 Chaldaei
1033 5399 1367 5458 posuerunt;
1409 5407 1427 5439 ι
1464 5395 1666 5458 Dm
1694 5373 1903 5455 nubat;

334 5458 495 5528 vertit
546 5455 852 5528 Pagninus,
895 5476 913 5509 ι
949 5455 1061 5513 tres
1108 5458 1309 5528 duces;
1366 5476 1384 5509 ›
1442 5457 1579 5511 LXX
1628 5459 1904 5528 Complut.

330 5525 465 5599 edit.
497 5535 553 5580 et
575 5525 679 5579 ms.
713 5526 1029 5599 Alexandr.,
1048 5528 1141 5582 καὶ
1170 5527 1423 5583 Χαλδαῖοι
1453 5528 1730 5599 ἐπέθηκαν
1759 5525 1906 5599 τρεῖς

330 5596 541 5667 ἀρχάς·
589 5603 792 5667 0W1
841 5598 943 5667 hoc
990 5599 1146 5664 loco,
1187 5616 1205 5649 ι
1240 5613 1444 5653 cuneos
1487 5596 1746 5664 militum,
1790 5596 1904 5653 tur-

336 5682 476 5729 mas,
514 5666 754 5736 agmina,
790 5683 816 5748 ιΔ
849 5666 1138 5748 signiﬁcat,
1177 5669 1249 5748 ita
1275 5668 1594 5748 dicta-quod
1649 5682 1906 5748 unaquae-

336 5751 442 5803 que
470 5750 631 5791 suum
660 5744 842 5805 caput,
873 5738 989 5791 sive
1019 5753 1178 5793 suum
1213 5740 1405 5794 ducem
1438 5738 1691 5792 habeant.
1743 5738 1906 5793 Eam-

331 5805 453 5861 dem
490 5805 696 5861 obtinet
728 5805 1178 5877 signiﬁcationem
1206 5807 1330 5863 Jud.
1362 5824 1459 5878 vn,
1494 5809 1583 5879 16,
1609 5820 1663 5864 et
1703 5808 1723 5864 ι
1756 5809 1907 5869 Sam.

2020 4596 2149 4654 Jesu
2178 4613 2285 4653 non
2317 4598 2640 4667 crederent;
2697 4606 3068 4655 verumtamen
3115 4601 3273 4656 venia
3324 4615 3433 4656 non
3478 4615 3609 4672 pro-

2020 4698 2204 4758 pterea
2229 4703 2353 4744 esse
2379 4689 2606 4760 dignos;
2650 4705 2775 4744 cum
2807 4704 2916 4744 non
2965 4688 3033 4745 ad
3063 4691 3451 4762 prophetarum
3486 4706 3606 4747 ser-

2021 4793 2210 4835 mones
2239 4778 2293 4833 in
2320 4776 2450 4834 Jesu
2488 4778 2644 4834 factis
2672 4779 2926 4850 impletos
2959 4783 3204 4836 animum
3239 4780 3603 4845 adverterent,

2020 4887 2144 4942 qum
2188 4870 2329 4925 mala
2376 4879 2620 4941 potestas
2653 4871 2879 4942 implere
2908 4872 3329 4943 haudquaquam
3372 4884 3602 4944 poterat.

2044 5015 2087 5047 ⁸⁵
2117 5013 2160 5069 ll
2191 5012 2385 5070 Thess.
2418 5030 2479 5079 ll,
2511 5014 2565 5081 9,
2600 5014 2698 5070 10..

2018 5169 2140 5220 xm,
2168 5154 2330 5223 l7,et
2352 5154 2500 5209 alibi.
2539 5152 2759 5224 Optime
2789 5162 2974 5225 itaque
3005 5152 3319 5226 'l-‘hargum:
3368 5172 3401 5208 ι.
3433 5134 3598 5208 Chal;

2017 5248 2106 5302 dai
2150 5247 2556 5336 cqpstituerunt
2612 5229 3070 5336 amba-19:15.33
3126 5254 3237 5336 tres
3283 5255 3599 5336 turmas):

2016 5332 2149 5372 voce
2197 5316 2380 5388 Graeca
2432 5317 2585 5388 ὄχλος
2621 5313 2886 5388 servata',
2918 5325 2976 5388 et
3038 5314 3233 5387 Aquila
3272 5331 3283 5366 :
3345 5313 3599 5382 τάγματα

2013 5388 2171 5512 ἶρία·
2197 5396 2251 5441 et
2286 5386 2515 5456 Vulgata
2550 5405 2563 5441 :
2600 5405 2620 5439 ι
2654 5386 3155 5442 Chaldaail‘ecerunt
3180 5393 3291 5439 tres
3315 5392 3544 5438 turmas.
3566 5400 3594 5463 ⁸ιι

2038 5475 2091 5511 υ.

2038 5475 2091 5511 Ι).

2085 5524 2195 5599 (941)
2221 5524 2628 5599 Μιμήσασθαι.
2650 5524 2829 5599 Codex
2857 5522 3080 5599 R_egius,
3118 5520 3408 5599 ptp'qctlat.
3442 5520 3595 5599 peri-

2015 5590 2254 5653 bendum
2285 5590 2519 5672 fortasse
2551 5594 2853 5672 μιμεῖσθαι.
2885 5590 3208 5672 de_tamen
3235 5590 3464 5672 0r_igen't
3492 5590 3595 5672 ire:

2017 5681 2192 5737 quens
2217 5674 2301 5719 est
2320 5660 2842 5737 aoristumprimum
2872 5660 3197 5737 profuturo,
3233 5661 3316 5715 vel
3341 5660 3595 5737 praesenti

2019 5681 2192 5737 quens
2217 5680 2301 5719 est
2320 5680 2585 5719 aortstum
2645 5680 2842 5719 rtmum
2872 5680 2971 5732 pro
2995 5680 3197 5723 lllllll‘O,
3233 5680 3316 5715 vet
3345 5680 3595 5731 praesenti

2019 5750 2323 5805 usurpare,_
2346 5743 2405 5788 ut
2462 5680 2709 5805 pluribus
2750 5732 2891 5790 infra
2922 5729 3276 5801 probabimus
3320 5731 3389 5787 ad
3438 5730 3597 5787 Com-

2020 5802 2177 5863 ment}
2205 5805 2257 5859 in
2292 5802 2548 5863 Jama—lt).
