4100 6448
493 358 598 414 ινιτ)

1998 363 2325 425 ornamus

3656 372 3766 429 988

495 477 749 532 Animam
786 485 967 531 autem
999 489 1274 545 egressam
1305 475 1603 542 retrahere,
1648 474 1725 532 ita
1750 485 1813 532 ut
1854 491 1968 549 jam
1998 480 2076 536 fe-

2182 491 2447 561 τετάρτην
2471 487 2685 559 ἡμέραν
2707 485 2910 555 ἄγοντα
2933 486 3042 540 ἀπὸ
3060 485 3168 540 τῶν
3199 482 3478 556 μνημείων
3503 484 3761 553 ἐξελθεῖν,

503 578 617 623 tens
648 575 705 624 et
729 566 1127 638 quatriduanus
1170 568 1344 622 exiret
1378 583 1410 621 e
1457 569 1721 638 sepulcris
1751 571 1799 603 “
1823 613 1839 638 ,
1879 572 2082 629 nullius

495 670 631 725 erat,
659 669 1017 731 praeterquam
1042 658 1162 728 ejus
1187 660 1280 729 qui
1311 675 1341 713 a
1367 659 1528 715 Patre
1557 663 1840 717 audiverat
1874 683 1888 718 :
1924 682 1943 715 ι
1980 663 2084 719 Fa-

497 757 710 809 ciamus
747 754 1019 807 hominem
1042 751 1117 805 -ad
1152 751 1443 822 imaginem
1469 759 1524 806 et
1544 753 1958 809 similitudinem
1985 770 2086 810 uo-

496 856 663 899 stram
693 845 769 911 '7;
796 863 814 896 ι
838 844 931 898 sed
955 852 1010 898 et
1035 843 1213 898 ventis
1238 844 1529 913 imperare,
1553 851 1607 898 et
1624 846 1794 900 maris
1817 846 2083 917 impetum

496 938 705 1003 sedare,
720 936 923 990 nullius
941 936 1171 990 alterius
1187 943 1303 989 erat
1319 951 1383 991 ac
1401 937 1568 999 illius.
1585 953 1680 1007 per
1698 953 1860 1008 quem
1878 939 2083 1003 omnia,

492 1035 548 1081 et
566 1042 714 1081 mare
731 1027 932 1096 ipsum,
954 1026 1211 1094 ventique
1230 1024 1355 1080 facti
1379 1036 1525 1083 sunt.
1547 1027 1798 1085 Doctrina
1822 1038 2082 1101 praeterea

492 1116 559 1171 ad
584 1131 825 1171 amorem
860 1114 1139 1170 Creatoris
1161 1115 1318 1185 juxta
1350 1116 1518 1187 legem
1546 1133 1610 1172 ac
1638 1120 1927 1188 prophetas
1958 1135 2087 1190 pro-

493 1222 718 1274 vocans,
750 1206 1081 1276 cupiditates
1109 1206 1375 1262 cohibens
1416 1216 1471 1260 et
1517 1223 1699 1263 mores
1723 1209 1788 1263 ad
1827 1210 2082 1279 pietatem

493 1298 763 1362 formans,
801 1297 933 1367 quid
962 1297 1108 1353 aliud
1147 1298 1216 1352 iis
1247 1297 1568 1353 ostendebat
1590 1299 1682 1369 qui
1716 1300 1898 1355 videre
1930 1310 2085 1370 pote-

491 1399 639 1456 rant,
686 1404 853 1460 quam
891 1391 1043 1444 illum
1078 1404 1267 1445 revera
1295 1388 1495 1444 Filium
1532 1391 1628 1446 Del
1665 1405 1806 1455 esse,
1859 1392 1953 1462 qui
2001 1401 2084 1447 tot

491 1498 558 1537 ac
580 1490 733 1537 tanta
768 1480 1006 1537 faceret?
1042 1489 1264 1551 propter
1281 1495 1403 1550 quae
1435 1481 1574 1535 dixit
1604 1481 1886 1552 discipulis
1917 1480 2084 1536 Joan-

494 1572 581 1626 nis
609 1570 655 1604 ⁶³
693 1588 708 1626 :
744 1588 765 1622 ι
796 1569 1002 1625 Euntes
1032 1570 1341 1626 renuntiate
1372 1568 1567 1624 Joanni
1609 1586 1732 1641 quae
1770 1570 2005 1627 audistis
2028 1577 2085 1624 et

491 1661 741 1727 vidistis;
772 1661 903 1717 caeci
934 1660 1140 1727 vident,
1176 1678 1196 1711 ι
1231 1669 1287 1715 et
1319 1675 1443 1730 qua:
1470 1670 1793 1730 sequuntur.

2185 580 2395 644 οὐδενὸς
2438 576 2507 652 ῆν
2555 579 2589 650 ἢ
2641 578 2737 633 τοῦ
2797 578 3129 641 ἀκούσαντος
3184 578 3294 632 ἀπὸ
3343 576 3438 631 τοῦ
3498 578 3764 649 navigo;-

2192 691 2211 722 ι
2256 672 2582 743 Ποιήσωμεν
2636 671 2922 742 ἄνθρωπον
2974 673 3095 724 κατ’
3134 671 3321 724 εἰκόνα
3368 669 3461 723 καὶ
3505 671 3766 740 ὁμοίωσιν

2184 765 2513 837 ἡμετέραν.)
2551 763 2711 816 Ἀλλὰ
2744 762 2837 816 καὶ.
2861 761 3081 832 ἀνέμοις
3135 761 3410 825 κελεῦσαι,
3438 761 3536 815 καὶ
3589 759 3768 833 ὁρμὴν

2186 857 2461 925 Θαλάσσης
2482 854 2626 924 λόγῳ
2652 854 2877 918 παῦσαι,
2907 852 3123 918 οὐδενὸς
3165 852 3326 907 ἄλλον
3362 847 3432 922 ῆν
3467 851 3503 921 ἢ
3530 850 3763 915 ἐκείνου,

2185 947 2254 1000 δι’
2296 940 2357 1000 οὗ
2384 944 2456 998 τὰ
2487 945 2688 1007 πάνια,
2716 944 2812 998 καὶ
2843 944 2983 1015 αὑτὴ
3002 947 3037 1015 ἡ
3084 943 3350 1007 Θάλασσα,
3383 943 3479 995 καὶ
3499 942 3550 995 oi
3573 941 3766 1010 ἄνεμοι

2184 1037 2491 1106 γεγόνασιν.
2522 1036 2645 1089 Ἔτι
2669 1034 2726 1087 δὲ
2751 1035 2846 1088 καὶ⁵
2875 1034 3038 1105 ὴ(92)
3056 1032 3372 1087 διδασκαλία
3398 1033 3491 1086 ἐπὶ
3512 1030 3612 1102 τὴν
3638 1031 3773 1099 ἀγά-

2185 1142 2295 1199 πην
2325 1126 2420 1181 τοῦ
2446 1125 2730 1188 κτίσαντος
2757 1123 3208 1196 προσκαλουμένη
3255 1122 3593 1194 συνᾳδόντοις
3616 1122 3770 1193 νόμῳ

2186 1218 2280 1272 καὶ
2311 1220 2635 1289 προφήταις,
2684 1216 2778 1269 καὶ⁵
2826 1215 2926 1278 τὰς
2968 1214 3147 1287 ὁρμὰς
3183 1213 3641 1276 καταστέλλουσα,
3671 1211 3764 1266 καὶ

2183 1311 2253 1364 τὰ
2272 1309 2377 1381 ῆθη
2398 1311 2519 1365 κατ’
2557 1306 2840 1362 εὐσέϐειαν
2878 1305 3185 1377 μορφοῦσα,
3212 1306 3266 1359 τί
3294 1304 3423 1360 ἄλλο
3441 1304 3632 1374 ἐδήλου
3654 1305 3768 1366 τοῖς

2183 1401 2319 1471 ὁρᾷν
2345 1399 2680 1469 δυναμένοις,
2712 1399 2746 1470 ἢ
2804 1399 2887 1452 ὅτι
2937 1396 3153 1468 ἀληθῶς
3184 1394 3321 1449 Θεοῦ
3370 1394 3500 1458 Υίδς
3541 1390 3609 1464 ἦν
3637 1395 3669 1448 ὁ
3696 1393 3768 1449 τὰ

2182 1488 2422 1542 τοσαῦτα
2445 1488 2812 1560 ἐργαςόμενος
2833 1504 2848 1553 ;
2873 1488 2958 1557 ἐφ’
2985 1482 3068 1551 οἷς
3086 1482 3220 1540 ,εἷπε
3242 1487 3337 1541 καὶ
3354 1488 3468 1549 τοῖς
3505 1485 3767 1557 μαθηταῖς

2182 1580 2277 1635 τοῦ
2313 1580 2562 1634 Ἰωάννου
2582 1595 2598 1611 ⁸
2663 1598 2682 1631 ι
2712 1578 3078 1651 Πορευθέντες
3116 1578 3483 1648 ἀπαγγείλατε
3548 1579 3769 1651 Ἰωάννῃ

2181 1672 2283 1725 ὅσα
2303 1670 2475 1724 εἴδετε
2529 1671 2624 1725 καὶ
2665 1672 2960 1741 ἠκούσατε*
2993 1670 3184 1741 τυφλοὶ
3222 1669 3640 1735 ἀναῦλέπουσι,ι
3674 1669 3770 1723 καὶ

2182 1763 2254 1818 τὰ
2273 1762 2419 1833 ἑξῆς.

559 1861 614 1917 5.
653 1859 847 1917 Postea
895 1860 1254 1930 dispiciamus
1297 1874 1409 1929 quo
1441 1865 1602 1929 pacto
1641 1868 1866 1931 rogatus
1914 1876 2080 1931 super

2255 1854 2411 1911 Μετά
2440 1854 2617 1911 ταῦτα
2650 1858 3080 1928 κατανοήσωμεν
3106 1857 3229 1910 τίνα
3247 1856 3470 1929 τρόπον,
3499 1858 3772 1927 ἐπερωτη-

492 1966 602 2003 ιιιιο
630 1949 809 2021 slgno,
840 1958 900 2004 ut
925 1950 1055 2004 illud
1085 1949 1381 2004 Pharisaeis
1405 1957 1458 2002 et
1487 1947 1803 2006 Sadducteis
1825 1966 1855 2004 a
1879 1951 2082 2021 quibus

492 2040 671 2096 fuerat
706 2048 953 2112 rogatus,
1004 2041 1073 2096 de
1120 2041 1264 2096 coelo
1307 2039 1649 2106 ostenderet,
1684 2042 1996 2111 respondet,
2028 2051 2085 2098 et

490 2129 624 2185 dicit
646 2131 697 2163 "
722 2146 739 2184 :
773 2149 794 2182 ι
825 2129 1117 2185 Generatio
1144 2130 1284 2184 mala
1314 2139 1369 2185 et
1403 2129 1647 2185 adultera
1678 2131 1895 2202 signum
1929 2147 2080 2202 quat-

493 2222 604 2281 rlt.
646 2228 702 2276 et
743 2221 958 2292 signum
1001 2237 1109 2276 non
1153 2223 1370 2278 dabitur
1398 2225 1470 2292 ei,
1519 2223 1628 2280 nisi
1671 2224 1887 2295 signum
1928 2226 2083 2283 Jonat

494 2312 789 2382 prophetat;
833 2331 852 2364 ι
896 2325 1006 2382 quo
1040 2323 1304 2384 tempore,
1338 2332 1359 2367 ι
1391 2324 1447 2370 et
1480 2316 1684 2370 relictis
1725 2316 1832 2373 illis
1869 2317 2025 2373 abiit.
2057 2337 2077 2371 ι

494 2403 723 2473 Signum
768 2417 898 2457 vero
926 2402 1097 2470 Jonas,
1144 2404 1303 2474 juxta
1342 2404 1657 2476 petitionem
1687 2405 1929 2472 illorum,
1971 2422 2081 2463 non

491 2493 709 2563 signum
767 2503 887 2549 erat
936 2496 1315 2563 solummodo,
1368 2499 1461 2553 sed
1526 2499 1691 2554 etiam
1742 2498 1959 2568 signum
2015 2497 2085 2555 de

492 2585 667 2651 calo;
704 2586 775 2641 ita
813 2594 873 2641 ut
901 2589 1262 2656 tentantibus,
1297 2599 1349 2644 et
1379 2589 1596 2661 signum
1627 2589 1695 2645 de
1726 2589 1866 2645 cmlo
1890 2597 2083 2661 peten-

494 2677 660 2744 tibus,
703 2679 1059 2735 nihilominus
1099 2695 1197 2750 pro
1236 2681 1436 2737 eximia
1464 2698 1563 2739 sua
1589 2682 1834 2739 bonitate
1862 2682 2082 2753 signum

480 2767 722 2823 dederit.
757 2768 896 2823 Nam
924 2770 971 2825 si
996 2770 1460 2840 quemadmodum
1493 2772 1665 2829 Jonas
1703 2780 1814 2829 tres
1855 2772 1973 2828 dies
2018 2785 2085 2827 ac

491 2865 607 2913 tres
633 2867 821 2914 noctes
854 2860 1118 2930 transegit
1141 2861 1195 2915 in
1226 2873 1420 2917 ventre
1445 2864 1571 2929 eeti,
1608 2864 1680 2918 ita
1705 2861 1878 2917 Filius
1905 2861 2084 2915 homi-

492 2950 576 3001 nis
626 2949 682 3001 in
729 2950 895 3004 corde
936 2957 1126 3017 terrae,
1171 2959 1227 3005 et
1262 2951 1456 3008 deinde
1502 2968 1568 3007 ex
1610 2954 1702 3007 illa
1750 2952 2081 3017 resurrexit;

493 3040 636 3094 unde
674 3040 924 3096 dicemus
969 3041 1186 3112 signum
1228 3040 1402 3098 fuisse
1443 3047 1861 3102 resurrectionis
1905 3044 2032 3104 Jesu
2061 3091 2076 3118 ,

494 3131 599 3185 nisi
624 3145 654 3184 e
687 3130 871 3187 emi»?
908 3147 1035 3186 cum
1068 3133 1366 3202 praesertim
1403 3144 1649 3204 tempore
1684 3137 1959 3206 passionis
2004 3141 2080 3195 si-

492 3237 659 3291 gnum
690 3222 760 3277 [ιι-
780 3222 853 3276 rit
881 3222 1099 3290 latroni,
1143 3239 1361 3279 summo
1397 3225 1667 3283 benelicio
1698 3228 1754 3282 in
1780 3228 1876 3284 Dei
1916 3244 2078 3301 para-

491 3316 673 3369 disum
708 3323 926 3379 evecto;
961 3325 1146 3386 postea
1177 3317 1341 3372 etiam
1363 3359 1378 3382 ,
1413 3319 1628 3388 opinor.
1653 3320 1992 3378 descendens
2022 3324 2077 3377 in

490 3405 766 3461 infernum
812 3407 878 3461 ad
930 3416 1215 3475 mortuos,
1260 3410 1408 3464 velut
1451 3428 1469 3461 ι
1517 3410 1660 3466 inter
1714 3423 1964 3469 mortuos
2011 3414 2077 3468 li-

490 3497 589 3553 ber
621 3497 687 3552 ".
726 3517 749 3550 ›
782 3498 848 3553 Et
894 3498 1152 3554 Servatur
1174 3501 1393 3570 quidem
1429 3503 1646 3557 videtur
1687 3504 1819 3558 mihi
1861 3505 2077 3576 signum

495 3607 528 3646 a
566 3605 623 3645 se
660 3591 1025 3660 proditurum,
1057 3607 1180 3647 cum
1214 3592 1425 3647 ratione
1468 3593 1609 3662 signi
1647 3593 1799 3649 Jonas
1842 3596 2078 3663 conjun-

490 3693 639 3751 gere,
686 3680 871 3736 dicens
908 3696 1015 3735 non
1044 3697 1074 3735 a
1113 3697 1173 3737 se
1201 3682 1416 3751 signum
1448 3684 1564 3738 dari
1605 3683 1783 3739 simile
1811 3685 2081 3739 duntaxat

492 3772 593 3837 illi,
629 3772 722 3828 sed
753 3772 805 3826 ld
847 3772 1025 3841 ipsum
1062 3792 1076 3826 :
1111 3789 1236 3827 nam
1263 3774 1493 3827 observa
1520 3774 1574 3828 id
1608 3793 1621 3829 :
1658 3794 1677 3826 ι
1711 3774 1938 3845 Signum
1968 3790 2077 3830 non

488 3865 712 3920 dabitur
737 3866 809 3932 ei,
842 3866 949 3920 nisi
969 3866 1187 3936 signum
1214 3865 1364 3920 Joua:
1395 3867 1691 3936 propheta.
1728 3885 1749 3918 ι
1778 3865 1893 3921 Hoc
1916 3867 2080 3937 igitur

491 3956 626 4011 illud
662 3965 799 4020 erat,
847 3966 1135 4025 propterea
1169 3959 1314 4027 quod
1348 3959 1493 4013 illius
1526 3959 1630 4013 hoc
1653 3959 2077 4014 declarationem

489 4049 832 4115 continebat,
856 4058 915 4103 ut
942 4050 1087 4103 illius
1112 4050 1251 4119 signi
1278 4052 1666 4106 obscuritatem
1692 4067 1722 4105 a
1746 4066 1805 4106 se
1834 4052 2083 4106 habentis

496 4141 698 4197 solutio
741 4141 814 4195 sit
856 4156 1079 4211 passum
1127 4157 1250 4211 esse
1292 4141 1673 4209 Servatorem,
1722 4151 1777 4196 et
1817 4142 1872 4196 in
1918 4143 2082 4198 corde

480 4242 651 4286 terra:
682 4240 795 4286 tres
821 4208 943 4286 dies
972 4240 1026 4286 et
1064 4208 1172 4286 tres
1200 4241 1391 4288 noctes
1419 4208 1771 4301 transegisse.
1814 4230 1975 4302 515
2001 4230 2083 4285 Si-

491 4323 603 4375 mul
633 4322 798 4376 etiam
833 4320 1100 4376 discimus
1129 4322 1331 4391 aliquid
1357 4322 1630 4392 generale,
1678 4336 1874 4390 nempe
1907 4325 1953 4376 si
2006 4322 2083 4376 si-

491 4429 661 4483 gnum
716 4415 925 4484 aliquid
979 4415 1272 4484 signiﬁcat,
1323 4413 1754 4483 unumquodque
1797 4412 2078 4483 signorum

2185 1948 2301 2012 Osi;
2333 1950 2462 2020 περὶ
2482 1947 2712 2020 σημείου
2767 1949 2907 2016 ἐνὸς,
2937 1950 3006 2003 ἶν’
3032 1951 3096 2003 ὲκ
3148 1946 3241 2002 τοῦ
3272 1947 3500 2020 οὐρανοῦ
3526 1945 3772 2016 ἐπιδείξῃ

2181 2044 2299 2105 τοῖς
2326 2041 2709 2111 ἐπερωτήσασι
2734 2039 3049 2111 Φαρισαίοις
3080 2041 3178 2094 καὶ
3212 2038 3608 2102 Σαδδουκαίοις,
3641 2038 3772 2091 ἁπο-

2184 2133 2429 2204 κρίνεται
2458 2133 2552 2186 καὶ
2576 2132 2743 2202 λέγει·
2773 2151 2792 2184 ι
2824 2131 2993 2185 Γενεὰ
3032 2131 3244 2203 πονηρὰ
3272 2132 3367 2184 καὶ
3398 2129 3646 2201 μοιχαλὶς
3680 2143 3774 2199 οη-

2188 2227 2339 2296 μεῖον
2358 2224 2627 2296 ἐπιζητεῖ,
2652 2225 2746 2279 καὶ
2773 2226 2998 2295 σημεῖον
3017 2224 3080 2277 οὐ
3117 2224 3401 2294 δοθήσεται
3423 2223 3581 2292 αὐτῇ,
3616 2221 3667 2274 εί
3694 2219 3771 2291 μὴ

2180 2318 2244 2370 τδ
2270 2319 2499 2387 σημεῖον
2541 2315 2697 2369 Ἰωνᾶ
2728 2314 2823 2368 τοῦ
2872 2315 3174 2386 προφήτοψ
3204 2315 3295 2367 ὅτε
3327 2314 3421 2366 καὶ
3453 2310 3773 2365 καταλιπὼν

2184 2409 2383 2469 αὐτοὺς
2413 2405 2678 2477 ἀπῆλθε.»
2704 2405 2779 2458 re
2812 2407 3037 2475 σημεῖον
3059 2404 3117 2457 δὲ
3158 2403 3266 2474 ἄρα
3293 2403 3388 2456 τοῦ
3422 2403 3595 2467 Ἰωνᾶ,
3626 2402 3774 2457 κατὰ

2181 2498 2281 2569 τὴν
2306 2496 2576 2569 ἐρώτησιν
2604 2497 2803 2561 αὐτῶν,
2836 2497 2937 2566 οὐχ
2988 2494 3176 2559 ἁπλῶς
3221 2496 3447 2566 σημεῖον
3487 2490 3576 2565 ἦν,
3631 2495 3772 2550 ἀλλὰ

2183 2592 2277 2646 καὶ
2306 2590 2367 2655 ἐξ
2396 2589 2651 2661 οὐρανοῦ·
2675 2588 2817 2643 ὥστε
2847 2588 3009 2643 αὐτὸν
3044 2589 3138 2641 καὶ
3160 2590 3272 2651 τοῖς
3307 2586 3643 2657 πειράζουσι,
3673 2585 3772 2638 καὶ

2182 2683 2500 2754 ἑπιζητοῦσι
2532 2685 2757 2754 σημεῖον
2801 2679 2862 2746 ἐξ
2908 2679 3165 2752 οὐρανοῦ,
3204 2679 3357 2733 οὐδὲν
3407 2674 3575 2752 ἧττον
3627 2675 3772 2731 κατὰ

2180 2775 2279 2848 τὴν
2307 2775 2509 2845 πολλὴν
2533 2774 2727 2828 ἑαυτοῦ
2760 2772 3074 2843 ἀγαθάιητα
3110 2771 3402 2827 δεδωκέναι
3438 2771 3500 2824 τὸ
3520 2772 3766 2841 σημεῖον.

2181 2868 2245 2921 El
2278 2867 2386 2939 γὰρ
2417 2867 2494 2931 ὡς
2529 2868 2711 2931 Ἰωνᾶς
2732 2867 2989 2937 ἐποίησεν
3033 2866 3092 2918 ὲν
3116 2867 3184 2935 τῇ
3216 2863 3397 2935 κοιλίᾳ
3434 2861 3529 2916 τοῦ
3568 2862 3768 2931 κήτους

2179 2962 2329 3031 τρεῖς
2354 2958 2565 3031 ἡμέρας
2592 2957 2690 3010 καὶ
2719 2958 2869 3028 τρεῖς
2888 2955 3112 3019 νύκτας,
3151 2954 3327 3018 οὕτως
3352 2955 3381 3006 ὁ
3404 2952 3531 3017 Υιδς
3550 2950 3645 3005 τοῦ
3675 2952 3770 3005 av.

2181 3050 2402 3123 θρώπου
2436 3051 2494 3103 ὲν
2527 3051 2592 3119 τῇ
2620 3047 2821 3118 καρδίᾳ
2849 3046 2949 3117 τῆς
2970 3047 3093 3118 γῆς,
3128 3046 3226 3100 καὶ
3281 3045 3419 3117 μετὰ
3443 3042 3602 3101 τοῦτο
3652 3043 3770 3099 ἀνι-

2183 3159 2282 3213 στη
2316 3141 2413 3195 ἀπ’
2438 3139 2628 3209 αὐτῆς,
2666 3137 2830 3193 ποθεν
2863 3136 2933 3191 ἂν
2972 3136 3226 3208 λέγοιμεν
3269 3135 3332 3189 τὸ
3382 3136 3482 3206 τῆς
3529 3134 3766 3189 ἀναστά-

2182 3249 2321 3295 σεως
2351 3230 2445 3285 τοῦ
2482 3227 2663 3300 Ἰησοῦ
2695 3228 2979 3298 γεγονέναι
3004 3226 3285 3299 σημεῖονῆ
3319 3225 3430 3279 ἀπὸ
3465 3226 3562 3279 τοῦ
3606 3226 3769 3297 οὐρα-

2179 3321 2308 3388 νοῦ;
2340 3322 2436 3376 καὶ
2466 3319 2701 3393 μάλιστα
2729 3318 2853 3373 ἐπεὶ
2881 3318 3034 3390 παρὰ
3076 3319 3169 3372 τὸν
3214 3317 3404 3388 καιρὸν
3434 3316 3529 3370 τοῦ
3563 3315 3769 3379 πάθους

2178 3414 2372 3482 γέγονε
2400 3414 2631 3484 σημεῖον
2658 3410 3099 3481 εὐεργετουμένῳ
3141 3409 3313 3482 λῃστῇ
3348 3410 3429 3473 είς
3464 3409 3557 3465 τὸν
3589 3408 3771 3481 παρά-

2178 3507 2355 3562 δεισον
2382 3504 2644 3559 είσελθεῖν
2676 3503 2770 3558 τοῦ
2802 3503 2938 3557 Θεοῦ
2975 3504 3107 3574 (95)*
3162 3501 3301 3573 μετὰ
3351 3502 3533 3565 τοῦτο,
3583 3497 3768 3572 οἶμαι,

2181 3597 2528 3652 καταϐαίνων
2564 3598 2646 3661 είς
2670 3595 2797 3667 ᾅδου
2826 3595 2962 3667 πρὸς
2984 3596 3110 3657 τοὺς
3144 3595 3391 3664 νεκροὺς,
3445 3611 3465 3645 ι
3498 3592 3573 3657 ὡς
3596 3594 3655 3645 ὲν
3684 3609 3771 3647 νε-

2179 3690 2332 3761 κροῖς
2353 3686 2694 3759 ἐλεύθερος.»
2728 3686 2841 3739 Καὶ
2884 3685 3035 3738 δοκεῖ
3091 3702 3180 3755 μοι
3241 3685 3533 3739 συνάπτειν
3574 3683 3637 3736 τὸ
3675 3684 3771 3753 ἀφ’

2181 3779 2376 3834 ἑαυτοῦ
2419 3781 2646 3851 σημεῖον
2700 3781 2730 3831 ὁ
2780 3776 2970 3848 Σωτὴρ
3024 3777 3104 3847 τῷ
3155 3776 3301 3847 λόγῳ
3345 3775 3442 3829 τοῦ
3505 3775 3648 3831 κατὰ
3678 3775 3772 3828 τὸν

2195 3875 2383 3931 Ἰωνᾶν
2415 3872 2668 3944 σημείου,
2693 3869 2873 3937 λέγων
2901 3869 3000 3938 οὐχ
3032 3869 3219 3938 ὅμοιον
3259 3866 3465 3953 ἐκεινῳ,
3503 3864 3663 3936 μόνον
3680 3863 3771 3917 -δί-

2182 3965 2368 4019 δοσθαι
2396 3965 2623 4034 σημεῖον
2683 3960 2775 4015 ὑπ’
2810 3959 2995 4024 αὑτοῦ,
3049 3957 3187 4011 ἀλλὰ
3238 3957 3335 4010 καὶ
3388 3956 3521 4010 αὐτὸ
3568 3957 3766 4008 ἐκεῖνο·

2184 4056 2421 4128 πρόσχες
2440 4054 2554 4126 γὰρ
2578 4053 2678 4124 τῷ·
2719 4072 2737 4104 ι
2758 4053 2869 4106 Καὶ
2896 4053 3119 4122 σημεῖον
3138 4050 3200 4101 οὺ
3225 4048 3511 4119 δοθήσεται
3541 4049 3677 4118 αὐτῇ
3722 4050 3772 4101 εί

2185 4147 2261 4218 μὴ
2288 4146 2351 4201 τὺ
2377 4147 2603 4217 σημεῖον
2644 4144 2801 4196 Ἰωνᾶ
2830 4141 2929 4194 τοῦ
2968 4143 3270 4213 προφήτου.
3307 4158 3326 4190 ι
3358 4138 3567 4193 Οὐκοῦν
3594 4141 3773 4192 ἐκεῖνο

2183 4238 2347 4292 τοῦτο
2375 4233 2465 4309 ἦν,
2495 4235 2576 4306 τῷ
2596 4237 2775 4289 ἐκεῖνο
2793 4232 2984 4287 τούτου
3013 4231 3314 4303 δηλωτικὸν
3334 4231 3444 4301 (94)
3466 4229 3769 4299 γεγονέναι,

2184 4328 2274 4382 ἵνα
2300 4330 2336 4398 ἠ
2361 4327 2572 4380 ἐκείνου
2620 4325 2775 4387 λύσις
2808 4322 2902 4376 τοῦ
2952 4322 3181 4392 σημείου
3228 4321 3496 4389 ἀσάφειαν
3546 4318 3773 4373 αὐτόθεν

2183 4416 2401 4487 ἔχοντος
2435 4414 2498 4467 τὸ
2525 4413 2717 4467 παθεῖν
2811 4411 2903 4463 τὸν
2937 4411 3191 4481 Σωτῆρα,
3226 4411 3321 4462 καὶ
3379 4412 3438 4463 ὲν
3483 4412 3548 4480 τῇ
3574 4409 3771 4479 καρδίᾳ

489 4520 615 4573 qua:
643 4507 845 4576 scripta
876 4515 1025 4570 sunt,
1058 4507 1176 4560 sive
1210 4517 1471 4575 tanquam
1515 4506 1571 4560 in
1606 4505 1835 4560 historia
1865 4506 1942 4560 rei
1986 4520 2079 4572 ge-

2182 4507 2281 4576 τῆς
2305 4504 2411 4574 γῆς
2429 4505 2578 4574 τρεῖς
2598 4503 2813 4573 ἡμέρας
2846 4502 2944 4557 καὶ
2971 4503 3123 4572 τρεῖς
3156 4499 3359 4563 νύκτας
3385 4500 3766 4569 πεποιηκέναι.

491 4603 609 4660 δυο.
645 4597 759 4651 sive
787 4606 1046 4666 tanquam
1085 4597 1138 4651 in
1172 4606 1447 4667 prterepto
1468 4597 1706 4666 aliquam
1745 4611 1857 4651 rem
1884 4594 2079 4651 deinde

491 4688 816 4757 completam
849 4688 1158 4759 signillearc
1199 4707 1211 4742 :
1244 4689 1484 4758 signum,
1518 4688 1669 4743 verbi
1705 4688 1902 4758 gratia,
1924 4686 2081 4744 Jona

491 4787 613 4845 post
660 4778 902 4835 triduum
943 4796 977 4835 e
1002 4793 1191 4835 ventre
1236 4781 1343 4834 ceti
1381 4778 1653 4843 exeuntis,
1702 4777 1920 4847 signum
1960 4783 2079 4832 erat

492 4872 908 4927 resurrectionis
953 4870 1253 4925 Salvatoris
1292 4870 1487 4931 nostri,
1534 4875 1655 4937 post
1705 4874 1816 4921 tres
1864 4866 1982 4921 dies
2022 4876 2077 4920 et

490 4972 601 5018 tres
629 4974 817 5020 noctes
867 4965 1204 5033 resurgentis
1245 4979 1273 5016 a
1318 4961 1579 5025 mortuis;
1622 4968 1677 5014 et
1719 4974 1843 5028 qua:
1876 4958 2077 5014 dicitur

489 5056 860 5122 circumcisio,
909 5057 1124 5126 signum
1163 5064 1280 5109 erat
1317 5048 1462 5107 illius
1491 5067 1614 5121 quae
1642 5066 1674 5105 a
1705 5049 1873 5103 Paulo
1899 5049 2075 5104 deela-

493 5158 642 5203 rntur
668 5150 755 5204 bis
779 5149 960 5203 verbis
997 5149 1040 5179 “
1085 5167 1099 5202 :
1152 5166 1170 5198 ι
1218 5144 1330 5200 Nos
1378 5145 1529 5200 enim
1561 5158 1757 5197 sumus
1783 5139 2075 5195 circumci-

487 5244 590 5297 sio.
633 5263 652 5294 ι
684 5243 877 5309 Quaere
907 5258 1039 5295 vero
1064 5251 1117 5295 et
1145 5249 1203 5295 tu
1241 5238 1608 5308 quodcunque
1632 5237 1850 5305 signum
1889 5234 1942 5289 in
1974 5248 2074 5287 an-

586 5379 632 5411 “
661 5379 824 5433 Joan.
862 5394 937 5440 xl,
971 5378 1063 5432 39.
1139 5376 1183 5408 ⁸⁷
1216 5375 1352 5430 Gen.
1389 5392 1427 5441 t,
1454 5374 1546 5430 26.
1622 5374 1668 5407 ⁸⁸
1700 5372 1891 5429 Matth.
1926 5389 2004 5439 ιι,
2036 5372 2080 5437 4,

2255 5371 2303 5404 ⁸⁸
2345 5369 2534 5427 Matth.
2568 5386 2666 5435 xtl,
2690 5370 2781 5435 59,
2814 5378 2871 5425 et
2904 5385 3017 5433 xvt,
3049 5369 3105 5424 4.

486 5451 527 5482 '”
564 5447 766 5519 Philip.
793 5466 874 5513 ιιι,
903 5448 955 5502 ’5.

559 5591 673 5665 (92)
710 5594 834 5647 Ἔτι
853 5591 926 5646 δὲ
952 5592 1052 5646 καί
1078 5592 1138 5659 ἡ,
1164 5601 1268 5646 etc.
1304 5590 1566 5665 Erasmus
1586 5630 1600 5652 ,
1630 5609 1650 5642 ι
1688 5598 1773 5646 est
1802 5597 2005 5653 autem,
2046 5607 2063 5640 ι

485 5669 592 5733 etc.
630 5660 860 5733 Legerat
887 5665 1025 5733 ἔστι,
1055 5665 1147 5717 sed
1177 5677 1480 5733 perperam.
1510 5660 1787 5733 illumve.

562 5731 672 5796 (95)
700 5730 872 5787 Codd.
913 5730 1208 5787 Vaticanus
1233 5742 1287 5785 et
1334 5730 1698 5790 Tarinianus.
1736 5730 1928 5801 γέγονε
1974 5747 2069 5801 ση-

494 5804 642 5870 μεῖον
668 5803 1108 5874 εὐεργετουμὲνῳ
1130 5802 1300 5873 λῃστῇ
1329 5803 1406 5863 εἰς
1428 5801 1515 5853 τὸν
1547 5800 1871 5873 παράδεισον
1903 5800 2074 5854 είσελο

2185 4598 2339 4666 Ἅμα
2363 4594 2423 4649 δὲ
2444 4595 2542 4647 καὶ
2570 4592 2858 4646 ηθολικόν
2875 4608 2929 4644 τι
2963 4589 3327 4662 μανθάνομεν,
3369 4591 3475 4654 ὅτι,
3522 4591 3679 4660 εῖπερ
3709 4589 3770 4643 τὸ

2182 4689 2412 4759 σημεῖον
2444 4685 2703 4756 σημαίνει
2735 4701 2809 4748 τι,
2841 4683 3075 4737 ἕκαστον
3128 4681 3237 4736 τῶν
3266 4681 3770 4752 ἀναγεγραμμένων

2180 4776 2444 4849 σημείων,
2474 4775 2586 4833 εἴτε
2614 4775 2692 4837 ὡς
2749 4775 2810 4826 ὲν
2870 4770 3139 4844 γενομένῃ
3179 4771 3390 4843 ἱστορίᾳ
3441 4770 3552 4826 εἴτε
3585 4770 3662 4834 ὡς
3685 4771 3773 4824 ὲν-

2178 4870 2330 4940 τολῇ,
2366 4866 2665 4938 δηλωτικόν
2705 4865 2851 4929 τινός
2906 4867 3055 4918 ἐστιν
3098 4864 3325 4935 ὕστερον
3367 4862 3767 4935 πληρουμένοψ

2182 4956 2294 5014 οἷον
2331 4961 2393 5013 τὸ
2425 4961 2650 5030 σημεῖον
2695 4958 2852 5011 Ἰωνᾶ
2906 4955 3142 5023 ἐξιόντος
3192 4955 3330 5026 μετὰ
3378 4958 3527 5026 τρεῖς
3557 4955 3770 5026 ἡμέρας

2182 5053 2290 5106 ἀπὸ
2312 5052 2410 5120 τῆς
2435 5050 2643 5112 κοιλίας
2668 5048 2760 5101 τοῦ
2796 5050 2995 5119 κήτους
3042 5047 3140 5117 τῆς
3182 5048 3275 5100 τοῦ
3311 5048 3561 5118 Σωτῆρος
3609 5046 3769 5116 ἡμῶν

2181 5139 2250 5213 ἦν
2285 5141 2635 5203 ἀναστάσεως
2662 5140 2803 5210 μετὰ
2838 5141 2987 5210 spei;
3013 5136 3226 5209 ἡμέρας
3256 5138 3349 5193 καὶ
3373 5140 3522 5209 τρεῖς
3567 5140 3769 5199 νύκτας

2184 5232 2547 5303 ἀνισταμένου
2569 5232 2676 5285 ἀπὸ
2701 5232 2810 5284 τῶν
2834 5231 3063 5303 νεκρῶν·
3117 5231 3212 5284 καὶ
3238 5231 3273 5301 ἡ
3300 5229 3571 5301 περιτομὴ
3615 5229 3770 5297 λεγος

3180 5369 3227 5399 ὀ
3245 5368 3392 5424 Psal.
3420 5382 3668 5432 uxxvn,
3705 5366 3763 5425 6.

2180 5589 2292 5642 θεῖν
2315 5587 2410 5643 τοῦ
2443 5586 2598 5640 Θεοῦ.
2636 5585 2692 5639 In
2716 5585 2956 5641 editione
2984 5582 3162 5639 Huetii
3194 5598 3294 5653 pro
3325 5584 3536 5651 γέγονε,
3570 5594 3764 5653 perpe-

2182 5675 2297 5714 ram
2324 5666 2506 5730 exstat
2529 5656 2830 5730 γεγονέναι,
2852 5664 2907 5709 et
2933 5655 3201 5730 amittitur
3229 5653 3509 5730 εἰσελθεῖν.
3670 5719 3692 5730 _

2253 5729 2364 5797 (94)
2398 5724 2569 5783 Codd.
2604 5725 2806 5796 Regius
2849 5735 2903 5781 et
2945 5724 3293 5789 Tat‘inianus,
3340 5724 3550 5787 ἐκείνου
3602 5724 3765 5783 τοῦτο

2179 5798 2493 5871 δηλωτικόν.
