4100 6486
410 382 509 438 981
1404 380 1760 439 COMMENT.
1803 382 1872 438 IN
1914 384 2329 443 MATTHEUM
2369 381 2609 441 TOMUS
2648 378 2762 435 XII.
3572 383 3682 443 982

404 503 548 574 μένη
572 503 801 573 σημεῖον
830 499 929 573 τῆς
952 502 1104 575 παρὰ
1125 500 1204 574 τῷ
1223 503 1420 574 Παύλῳ
1444 504 1782 576 δηλουμένης
1809 506 1868 558 ὲν
1900 504 1991 576 τῷε

2107 504 2276 575 liquis
2301 503 2602 573 Scripturis
2631 510 2962 568 continetur,
2999 501 3160 572 cujus
3190 501 3266 557 rei
3308 501 3361 557 in
3400 504 3690 560 recentiori

412 612 436 645 ι
483 595 681 664 Ἡμεῖς
711 594 821 665 γάρ
848 594 1016 665 ἐσμεν
1063 595 1097 665 ὴ
1157 597 1481 667 περιτομή.ι
1518 597 1679 668 Ζήτει
1709 596 1767 649 δὲ
1799 596 1893 649 καὶ
1929 596 1991 649 σὺ

2103 597 2371 666 scriptura
2403 596 2620 666 signum
2668 595 2774 661 sit;
2825 603 2881 648 et
2906 592 3054 662 quod
3077 595 3134 647 in
3162 591 3313 649 Novo
3341 593 3695 651 Testamento

408 685 519 740 πᾶν
552 684 614 738 τὸ
642 684 753 754 (95)
778 686 836 738 ὲν
863 687 976 748 τοῖς
1005 683 1255 747 παλαιοῖς
1275 685 1573 757 Γράμμασι
1598 688 1824 756 σημεῖον
1848 686 1991 749 τίνος

2102 686 2319 756 signum
2368 685 2701 750 nominatur,
2740 697 3103 753 ecquamnam
3152 696 3264 737 rem
3312 680 3587 752 signiticet
3610 683 3695 736 vel

408 777 468 830 ἐν
493 779 560 847 τῇ
596 778 769 847 Καινῇ
802 776 1127 848 γράμματός
1151 775 1269 829 ἐστι
1294 776 1427 848 (96)’
1447 777 1544 831 καὶ
1571 778 1634 831 τὸ
1661 780 1718 831 ὲν
1745 780 1812 849 τῇ
1832 775 1991 848 καινῇ

2103 777 2158 833 in
2205 776 2389 832 futuro
2426 775 2649 844 saeculo,
2698 776 2783 830 vel
2827 782 2974 830 certe
3005 775 3061 828 in
3096 771 3300 830 futuris
3330 773 3692 845 temporibus,

404 867 649 940 Διαθήκῃ
687 868 988 940 ὀνομασθὲν
1017 871 1242 942 σημεῖον
1276 870 1422 935 τίνος
1446 871 1594 926 ἐστὶν
1618 873 1650 941 ἢ
1674 872 1733 925 ὲν
1755 870 1835 942 τῷ
1866 872 1994 942 μέλ-

2101 875 2393 937 postquam
2428 866 2632 921 factum
2674 863 2839 920 fuerit
2880 864 3095 933 signum
3125 863 3276 919 illud.

406 961 550 1016 λοντι
570 963 725 1017 αἰῶνι
755 963 1132 1037 δηλοντικδν,ἢ
1161 966 1255 1019 καὶ
1271 967 1329 1019 έν
1353 969 1476 1031 ταῖς
1499 966 1727 1037 ὕστερον
1754 970 1969 1037 γενεαῖς
2051 964 2192 1037 μετὰ
2218 963 2280 1017 τὸ
2308 962 2592 1033 γεγονέναι
2626 962 2687 1015 τὸ
2715 963 2961 1032 σημεῖον.

474 1054 584 1109 Καὶ
609 1055 851 1126 πονηρὰν
879 1055 979 1127 μὲν
998 1054 1154 1111 εἶπεν
1185 1057 1381 1122 αὐτοὺς
1411 1060 1603 1128 γενεὰν
1635 1058 1724 1113 διὰ
1756 1058 1854 1130 τὴν
1889 1059 1997 1112 ἀπὸ

404 1145 497 1200 τοῦ
532 1145 768 1219 πονηροῦ
792 1147 1053 1219 ποιότητα
1075 1149 1157 1213 εἰς
1196 1149 1395 1214 αὐτοὺς
1447 1150 1839 1221 ὲγγινομένην·
1880 1149 1997 1203 ἐστι

403 1234 460 1290 δὲ
485 1238 517 1303 ἡ
550 1238 783 1309 πονηρία
828 1237 1073 1303 ἑκούσιος
1099 1239 1424 1294 κακοποιία’
1483 1240 1766 1310 μοιχαλίδα
1804 1240 1861 1294 δὲ
1906 1240 1996 1295 διὰ

402 1327 578 1391 τοῦτο,
610 1328 732 1381 ἐπεὶ
762 1328 856 1382 τὸν
879 1329 1156 1401 τροπικῶς
1181 1329 1472 1401 λεγόμενον
1503 1330 1694 1402 ἄνδρα,
1728 1330 1828 1401 τῆς
1861 1330 1995 1402 ἀλη-

404 1416 553 1482 θείας
580 1418 761 1488 λόγον,
793 1420 827 1491 ἢ
863 1420 1027 1490 νόμον
1060 1420 1455 1486 καταλιπόντες
1491 1422 1542 1475 οἱ
1581 1421 1865 1491 Φαρισαῖοι
1898 1422 1996 1476 καὶ

402 1510 766 1578 Σαδδουκαῖοι,
796 1511 1196 1585 ἑμοιχεύθησαν
1224 1513 1331 1568 61:6
1358 1513 1453 1568 τοῦ
1493 1513 1724 1583 ψεύδους
1768 1515 1863 1567 καὶ
1901 1512 1995 1568 τοῦ

401 1602 566 1672 νόμου
592 1602 692 1674 τῆς
723 1603 998 1675 ἁμαρτίας
1028 1603 1162 1675 (97).
1192 1604 1255 1658 Ei
1284 1602 1395 1676 γὰρ
1426 1605 1521 1658 δύο
1542 1605 1652 1659 είσὶ
1679 1605 1855 1675 νόμοι,
1883 1606 1911 1659 ὅ
1936 1621 1996 1658 τε

407 1713 425 1744 ι
457 1695 516 1745 ὲν
541 1698 653 1758 τοῖς
684 1695 903 1765 μέλεσιν
942 1693 1104 1766 ήμῶν
1141 1695 1701 1767 άντιστρατευόμενος
1725 1695 1805 1767 τῷ
1845 1696 1996 1768 νόμῳ

398 1782 505 1845 τοῦ¹
527 1785 680 1850 νοὸς,
719 1804 739 1837 ι
773 1787 867 1840 καὶ
907 1787 936 1839 6
969 1785 1064 1839 τοῦ
1104 1786 1224 1849 νοὸς
1246 1826 1262 1850 ,
1297 1785 1542 1851 λεκτέον,
1572 1786 1654 1840 ὅτι
1691 1788 1722 1840 6
1751 1787 1853 1859 μὲν
1899 1787 1994 1842 τοῦ

2173 1056 2228 1110 4.
2272 1059 2351 1111 Ac
2387 1054 2795 1126 generationem
2838 1053 3058 1124 quidem
3112 1052 3313 1108 malam
3359 1051 3501 1107 dixit
3543 1050 3687 1117 illos.

2098 1159 2323 1220 propter
2349 1146 2667 1218 qualitatem
2695 1160 2861 1216 quam
2887 1160 2916 1199 a
2946 1145 3092 1200 malo
3114 1152 3535 1211 contraxerant;
3570 1159 3660 1199 ma
3688 1180 3689 1185 η

2100 1240 2215 1296 litia
2242 1249 2426 1297 autem
2473 1248 2557 1295 est
2595 1238 2915 1311 voluntaria.
2937 1237 3295 1294 maleficentia
3338 1256 3353 1293 :
3388 1237 3690 1293 adulteram

2104 1340 2309 1397 autem,
2344 1340 2629 1402 propterea
2659 1331 2807 1399 quod
2854 1329 3116 1386 Pharisaei
3147 1338 3203 1386 et
3230 1327 3517 1385 Sadducaai
3564 1330 3693 1386 reli-

2101 1433 2225 1488 cto,
2276 1423 2370 1493 qui
2399 1423 2483 1477 vir
2515 1424 2722 1493 tropice
2746 1422 3081 1494 appellatur,
3117 1421 3368 1478 veritatis
3414 1437 3691 1488 sermone,

2099 1516 2183 1570 vel
2210 1515 2348 1586 lege,
2401 1528 2432 1569 a
2480 1514 2765 1571 mendacio
2802 1525 2858 1570 et
2888 1515 3006 1586 lege
3036 1515 3249 1585 peccati
3277 1514 3547 1571 adulterio
3575 1515 3696 1585 pol-

2101 1605 2201 1660 luti
2252 1613 2399 1660 sunt.
2447 1601 2583 1657 Nam
2631 1604 2678 1660 si
2710 1605 2833 1660 duae
2864 1612 2994 1659 sunt
3019 1604 3189 1676 leges,
3236 1616 3291 1661 et
3319 1621 3384 1660 ea
3419 1621 3543 1677 qua:
3581 1624 3600 1658 ι
3637 1605 3691 1659 in

2101 1682 2366 1754 Membris
2398 1695 2602 1753 nostris
2650 1705 2918 1767 repugnat
2955 1696 3062 1769 legi
3111 1696 3312 1753 mentis
3343 1697 3413 1764 ⁷⁸,
3457 1716 3476 1746 ι
3505 1706 3563 1753 et
3606 1697 3693 1752 lex

2102 1788 2330 1854 mentis;
2371 1787 2662 1843 dicendum
2695 1796 2783 1842 est
2816 1787 2985 1857 legem
3026 1787 3247 1851 mentis,
3285 1788 3389 1843 hoc
3416 1796 3500 1843 est
3530 1788 3694 1857 spiri-

397 1877 538 1942 νοδς,
568 1876 850 1932 τουτέστιν
900 1878 930 1931 6
971 1877 1374 1948 πνευματικὸς,
1408 1878 1552 1950 ἁνήρ
1582 1880 1720 1942 ἐστι,
1771 1880 1908 1951 πρὸς
1937 1881 1991 1934 ὃν

2099 1879 2322 1945 tnalem,
2373 1876 2552 1933 virum
2605 1891 2749 1944 esse,
2780 1878 2930 1931 cuia
2968 1876 3078 1934 Deo
3125 1876 3321 1932 tradita
3358 1887 3443 1934 est
3469 1878 3523 1931 in
3561 1893 3693 1934 uxo-

396 1967 649 2040 ἡρμόσθη
668 1967 778 2022 ἀπὸ
798 1966 936 2022 Θεοῦ
967 1967 1106 2039 γυνὴ
1127 1968 1160 2038 ἡ
1182 1966 1352 2039 ψυχὴ,
1378 1967 1536 2038 ἀνδρὶ
1559 1966 1638 2038 τῷ
1657 1968 1828 2040 νόμῳ,
1855 1970 1995 2024 κατὰ

395 2060 458 2113 τὸ
502 2059 919 2131 γεγραμμένον·
971 2078 990 2112 ι
1033 2059 1192 2131 Παρὰ
1236 2058 1295 2113 δὲ
1336 2058 1473 2113 Θεοῦ
1506 2059 1809 2132 ἁρμόζεται
1842 2059 1997 2135 ἀνδρὶ

395 2152 568 2221 γυνή’
616 2168 635 2203 1
658 2153 686 2205 6
714 2150 772 2204 δὲ
805 2150 965 2214 ἄλλος
1014 2151 1201 2222 μοιχός
1235 2153 1354 2204 ὲστι
1398 2150 1500 2220 τῆς
1547 2151 1997 2226 ύποτασσομένης

395 2241 548 2312 αύτῷ
571 2239 770 2312 ψυχῆς,
794 2241 891 2294 καὶ
916 2240 983 2295 δι’
1000 2241 1162 2296 αὐτὸν
1199 2239 1507 2313 μοιχαλίδος
1523 2257 1628 2313 χρη
1637 2244 1991 2316 ματιζούσης.

399 2335 523 2388 Ὅτι
550 2332 607 2387 δὲ
633 2335 662 2387 6
693 2333 855 2403 νόμος
880 2332 1022 2404 ἀνὴρ
1050 2334 1150 2405 τῆς
1180 2333 1360 2405 ψυχῆς
1392 2334 1561 2398 ἐστιν,
1600 2335 1789 2404 σαφῶς
1832 2338 1890 2391 ὲν
1927 2341 1995 2410 τῇ

398 2425 536 2497 πρὸς
572 2424 880 2497 Ῥωμαίους
917 2426 1029 2497 (98)
1055 2427 1085 2479 6
1114 2427 1327 2495 Παῦλος
1349 2432 1596 2504 παριστᾷ
1633 2429 1843 2498 λέγων,
1888 2431 1994 2494 δτι,

401 2536 421 2570 ι
478 2518 537 2572 '0
564 2517 730 2590 νόμος
765 2519 1010 2591 κυριεύει
1061 2521 1157 2575 τοῦ
1203 2522 1496 2596 ἀνθρώπου
1525 2525 1611 2595 ἐφ’
1646 2525 1772 2578 ὅσον
1805 2523 1995 2595 χρόνον

397 2607 463 2678 ζῇ
488 2623 503 2638 ⁸
536 2606 570 2678 ἠ
617 2609 727 2680 γὰρ
766 2608 1039 2681 ὕπανδρος
1061 2610 1198 2683 γυνὴ
1232 2610 1310 2682 τῷ
1360 2612 1526 2677 ζῶντι
1567 2613 1723 2685 ἀνδρὶ
1763 2612 1991 2676 δέδεται,

397 2699 510 2753 δντι
536 2699 715 2772 νόμῳ·
758 2719 777 2753 ι
802 2702 898 2755 καὶ
937 2702 1007 2755 τὰ
1055 2701 1206 2773 ἑξῆς.
1255 2704 1501 2777 Πρόσχες
1528 2704 1638 2777 γὰρ
1670 2709 1730 2759 έν
1760 2705 1992 2771 τούτοις,

398 2791 479 2844 ὅτι
505 2792 534 2846 6
573 2792 741 2864 νόμος
762 2794 1009 2866 κυριεύει
1037 2795 1133 2849 τοῦ
1163 2796 1456 2870 ἀνθρώπου
1474 2838 1488 2863 ,
1535 2800 1621 2869 ἐφ’
1653 2798 1779 2853 ὅσον
1803 2800 1995 2871 χρόνον

398 2882 466 2955 ζῇ
498 2884 527 2937 6
558 2884 742 2955 νόμος,
769 2885 844 2951 ὼς
866 2887 1007 2961 ἀνὴρ
1032 2890 1291 2959 γυναικός
1310 2906 1324 2922 ο
1347 2888 1381 2962 ἠ
1405 2888 1514 2963 γὰρ
1540 2890 1814 2963 ὕπανδρος
1833 2892 1991 2964 γυνὴ,

398 2977 431 3046 ἡ
463 2977 567 3031 61:6
594 2977 686 3031 τὸν
717 2980 885 3050 νόμον
915 2979 1085 3052 ψυχὴ,
1109 2982 1190 3054 τῷ
1221 2983 1387 3048 ζῶντι
1417 2985 1577 3059 ἀνδρὶ
1623 2984 1857 3051 δέδεται,
1880 2980 1994 3040 ὄντι

396 3068 579 3141 νόμῳσ
615 3070 712 3125 ἐὰν
743 3070 798 3124 δὲ
834 3071 1081 3148 ἀποθάνῃ
1113 3077 1143 3129 ὁ
1177 3076 1338 3149 ἀνὴρ,
1376 3079 1406 3131 6
1444 3078 1608 3150 νόμος
1649 3081 1993 3153 κατήργηται

395 3161 504 3215 ἀπὸ
521 3160 614 3216 τοῦ
630 3162 820 3234 νόμου,
850 3164 910 3229 ὃς
931 3167 1080 3221 ἐστιν
1096 3169 1267 3241 ἀνήρ.
1306 3169 1668 3243 Ἀποθνήσκει
1687 3171 1744 3225 δὲ
1772 3174 1802 3225 6
1829 3171 1994 3243 νόμος

2100 1984 2219 2023 rem
2263 1967 2470 2034 anima,
2518 1982 2713 2037 nempe
2761 1968 2882 2022 viro
2925 1966 3052 2037 legi,
3095 1965 3252 2037 juxta
3284 1966 3337 2021 id
3365 1965 3512 2035 quod
3555 1967 3694 2022 scri-

2098 2068 2253 2129 ptum
2299 2064 2385 2115 est
2434 2057 2483 2090 ’¹⁸
2530 2075 2546 2112 ι
2598 2077 2617 2110 ι
2676 2059 2723 2111 Α
2763 2057 2876 2114 Deo
2928 2067 3112 2113 autem
3159 2057 3515 2127 coniungitur
3571 2057 3692 2113 viro

2100 2165 2267 2218 uxor;
2315 2168 2335 2202 ι
2383 2149 2613 2205 alteram
2636 2165 2767 2206 vero
2793 2150 2997 2221 legem,
3027 2149 3328 2205 adulteram
3355 2162 3481 2203 esse
3509 2148 3692 2219 subje~

2097 2252 2199 2299 crte
2249 2243 2328 2298 illi
2378 2242 2594 2307 animas,
2642 2252 2697 2298 et
2743 2251 2967 2313 propter
3010 2243 3158 2297 illam
3193 2241 3452 2297 adultera:
3495 2256 3691 2296 nomen

2098 2343 2421 2391 consecutae.
2460 2334 2616 2402 Quod
2655 2344 2837 2391 autem
2876 2336 2961 2391 lex
2998 2336 3080 2389 vir
3118 2334 3316 2390 animae
3349 2334 3422 2391 sit
3456 2332 3694 2390 dilucide

2098 2426 2151 2482 id
2179 2428 2337 2483 docet
2367 2427 2573 2484 Paulus
2602 2428 2655 2482 in
2680 2425 2927 2494 Epistula
2970 2427 3039 2483 ad
3080 2426 3359 2483 Romanos
3410 2427 3598 2482 dicens
3622 2426 3690 2491 ⁷⁸,

2102 2536 2121 2569 ι
2160 2519 2329 2588 legem
2361 2518 2417 2573 in
2448 2518 2668 2574 homine
2691 2518 2966 2575 dominari
2999 2528 3206 2590 quanto
3238 2531 3484 2590 tempore
3517 2518 3687 2573 vivit:

2096 2608 2255 2675 Nam,
2288 2625 2411 2680 qua:
2455 2611 2559 2666 sub
2604 2611 2724 2666 viro
2765 2621 2850 2666 est
2894 2611 3111 2676 mulier,
3165 2611 3368 2667 viventi
3415 2610 3689 2681 alligatam

2096 2715 2218 2757 esse
2264 2702 2382 2757 viro
2408 2743 2425 2765 .
2466 2705 2561 2771 qui
2612 2711 2697 2758 est
2747 2703 2866 2766 lex;
2914 2721 2935 2754 ι
2973 2710 3027 2760 et
3072 2716 3197 2773 quae
3238 2711 3367 2758 sunt
3412 2703 3687 2773 deinceps.

2095 2793 2331 2849 Adverte
2381 2794 2583 2864 quippe
2630 2792 2687 2848 in
2741 2793 2827 2849 bis
2880 2793 3057 2864 legem
3110 2792 3386 2849 dominari
3439 2792 3688 2859 homini,

2094 2881 2341 2952 quandiu
2385 2881 2518 2937 vivit
2560 2881 2670 2946 lex,
2719 2881 3180 2952 quemadmodum
3220 2882 3303 2937 vir
3336 2883 3516 2939 uxori.
3550 2881 3689 2940 Nam

2096 2974 2215 3027 viro
2240 2971 2457 3028 subdita
2484 2989 2643 3036 uxor,
2678 2972 2861 3028 anima
2892 2973 3144 3029 videlicet
3167 2986 3292 3045 qua:
3311 2985 3396 3032 est
3417 2975 3522 3031 sub
3550 2976 3687 3048 lege,

2095 3065 2296 3121 viventi
2325 3065 2545 3136 alligata
2577 3074 2663 3120 est
2685 3065 2824 3129 viro,
2865 3064 2961 3136 qui
2986 3074 3072 3121 est
3102 3066 3220 3133 lex;
3255 3067 3302 3122 si
3329 3075 3511 3123 autem
3541 3083 3690 3123 mor-

2096 3168 2225 3213 tuus
2257 3156 2423 3214 fuerit
2464 3158 2566 3220 vir,
2615 3157 2722 3213 hoc
2759 3169 2843 3214 est
2870 3158 2990 3222 lex,
3042 3158 3269 3215 liberata
3319 3167 3404 3216 est
3445 3175 3479 3215 a
3528 3160 3647 3231 lege
3671 3202 3686 3228 ,

393 3255 475 3326 τῷ
496 3255 761 3310 ἀναϐάντι
785 3258 880 3311 ἐπὶ
901 3257 1003 3331 τὴν
1042 3260 1456 3332 μακαριότητα,
1501 3264 1597 3318 καὶ
1637 3263 1835 3335 μηκέτι
1885 3263 1991 3318 61:6

2096 3261 2214 3318 quae
2241 3256 2326 3304 est
2348 3247 2452 3303 vir.
2489 3245 2715 3304 Moritur
2745 3257 2927 3304 autem
2971 3249 3057 3304 lex
3094 3249 3143 3305 ei
3185 3251 3281 3321 qui
3326 3251 3576 3309 ascendit
3617 3252 3687 3309 ad
3759 3281 3765 3288 -

395 3347 562 3418 νόμον
585 3347 992 3421 πολιτευομένῳ
1007 3367 1024 3382 ο
1046 3350 1161 3405 ἀλλ’
1185 3351 1261 3417 ὡς
1282 3354 1311 3408 6
1336 3354 1572 3426 Χριστὸς
1601 3354 1881 3427 πράττων,
1910 3354 1991 3418 ὃς,

396 3438 445 3492 εί
477 3438 574 3492 καὶ
620 3439 845 3508 γέγονεν
887 3440 992 3495 61:6
1038 3440 1205 3513 νόμον
1247 3440 1336 3496 διὰ
1368 3444 1497 3508 τοὺς
1536 3443 1642 3497 ὑπὸ
1685 3443 1870 3516 νόμον,
1905 3443 1993 3496 ἵνα

394 3530 521 3595 τοὺς
559 3530 666 3585 61:6
686 3530 855 3602 νόμον
878 3530 1143 3605 κερδήσῃ,
1167 3531 1279 3586 οὔτ’
1304 3530 1520 3605 ἔμεινεν
1545 3533 1651 3588 611:6
1679 3533 1864 3606 νόμον,
1881 3530 1992 3588 οὒτ’

396 3616 611 3691 ἀφῆκεν
657 3618 764 3675 61:6
806 3621 972 3693 νόμον
1003 3622 1134 3687 τοὺς
1152 3623 1248 3676 ὑπ’
1273 3623 1441 3679 αὐτοῦ
1480 3623 1951 3697 ἐλευθερωθέντας
1975 3642 1989 3656 ·

392 3711 639 3784 ἀνήγαγε
673 3712 783 3785 γὰρ
801 3712 999 3778 αὐτοὺς
1027 3712 1145 3787 ἅμα
1171 3714 1355 3788 ἑαυτῷ
1380 3716 1476 3771 ἐπὶ
1496 3717 1595 3789 τὴν
1632 3717 1773 3790 ὑπὲρ
1794 3718 1886 3772 τὸν
1907 3717 1994 3774 νό-

393 3819 500 3872 μον
529 3803 680 3858 θείαν
720 3804 1019 3874 πολιτείαν,
1054 3806 1147 3861 τὸν
1191 3809 1542 3882 περιέχοντα,
1573 3811 1652 3876 ὡς
1682 3811 1821 3883 πρὸς
1865 3811 1992 3876 τοὺς

389 3895 820 3967 ἁτελεστέρους,
868 3900 966 3953 καὶ
1006 3900 1087 3955 ἔτι
1132 3902 1587 3973 ἁμαρτάνοντας,
1628 3902 1822 3968 θυσίας
1863 3904 1993 3975 περὶ

393 3984 640 4056 ἀφέσεως
664 3989 1101 4061 ἁμαρτημάτων.
1141 3992 1200 4045 Ὁ
1220 3985 1314 4047 οὖν
1330 3992 1719 4067 ἀναμάρτητος
1740 3993 1874 4066 (99),
1897 3994 1992 4049 καὶ

395 4076 594 4149 μηκέτι
630 4077 883 4150 δεόμενος
931 4079 1041 4134 τῶν
1066 4080 1311 4155 νομικῶν
1366 4081 1594 4148 θυσιῶν,
1643 4082 1991 4157 ὑπερϐέϐηκε

392 4166 702 4232 τελειωθεὶς
740 4168 881 4240 τάχα
906 4170 1121 4225 καὶτὸν
1144 4171 1517 4243 πνευματικὸν
1543 4171 1707 4245 νόμον
1726 4210 1742 4238 ,
1768 4174 1866 4230 καὶ
1901 4172 1994 4245 γέ-

391 4274 551 4328 γονεν
575 4261 633 4313 ὲν
652 4259 731 4332 τῷ
755 4261 897 4335 ὑπὲρ
926 4262 1098 4337 αὐτὸν,
1115 4263 1279 4335 λόγῳ,
1307 4264 1457 4329 ὅστις
1474 4266 1588 4328 τοῖς
1619 4265 1717 4336 μὲν
1744 4266 1804 4321 ὲν
1828 4266 1995 4340 σαρκὶ

393 4347 530 4414 ζῶσι
549 4348 686 4424 σὰρξ
713 4354 957 4423 ἐγεγόνει
976 4372 990 4385 ·
1026 4355 1140 4420 τοῖς
1164 4354 1222 4410 δὲ
1254 4354 1520 4429 μηδαμῶς
1546 4356 1626 4411 ἔτι
1647 4357 1793 4412 κατὰ
1815 4359 1994 4430 σάρκα

395 4442 870 4515 στρατευομένοις,
899 4445 976 4510 ὡς
996 4439 1065 4518 ἦν
1081 4447 1142 4499 ἐν
1168 4448 1314 4519 ἀρχῇ
1338 4447 1478 4519 πρὸς
1507 4447 1641 4504 Θεὸν
1664 4448 1798 4514 Θεὸς
1821 4448 1992 4521 Λόγος

389 4530 490 4597 ὣν,
520 4533 828 4606 θεωρεῖται,
868 4539 965 4591 καὶ
1008 4539 1388 4594 ἀποκαλύπτει
1420 4540 1515 4594 τὸν
1559 4541 1800 4614 Πατέρα.
1850 4542 1991 4616 Τρία

388 4624 572 4680 τοίνυν
604 4627 748 4682 κατὰ
778 4628 871 4683 τὸν
910 4629 1077 4685 τόπον
1116 4631 1420 4703 νομιστέον,
1451 4635 1687 4703 γυναῖκα
1718 4633 1989 4707 ὖπανδρον

393 4717 500 4772 ὑπὸ
526 4719 694 4792 ἄνδρα
719 4722 812 4776 τὸν
834 4723 998 4796 νόμον
1017 4741 1031 4755 ·
1063 4725 1159 4779 καὶ
1190 4729 1425 4796 γυναῖκα
1454 4727 1757 4800 μοιχαλίδα,
1783 4724 1989 4795 ζῶντος

2096 3338 2509 3405 beatitudinem,
2541 3353 2643 3394 nec
2671 3340 2906 3411 amplius
2938 3339 3041 3396 sub
3073 3340 3190 3410 lege
3217 3341 3377 3408 vivit;
3415 3343 3510 3399 sed
3544 3341 3686 3398 idem

2097 3429 2226 3487 facit
2255 3432 2400 3502 quod
2432 3431 2707 3498 Christus,
2753 3434 2846 3504 qui
2876 3434 3090 3491 etiamsi
3121 3434 3224 3506 legi
3258 3450 3316 3491 se
3360 3435 3684 3500 subdiderit,

2094 3534 2317 3595 propter
2351 3543 2370 3578 ι
2408 3536 2504 3581 eus
2538 3525 2633 3597 qui
2660 3525 2762 3582 sub
2784 3526 2901 3597 lege
2926 3533 3074 3595 sunt,
3108 3534 3167 3580 ut
3187 3539 3283 3582 eos
3312 3527 3406 3597 qui
3436 3528 3541 3583 sub
3572 3527 3688 3596 lege

2093 3626 2250 3675 erant
2294 3617 2639 3675 lucrifaceret
2685 3619 2755 3687 ⁷⁸,
2806 3638 2827 3672 ι
2877 3633 3055 3690 neque
3117 3621 3319 3675 mansit
3375 3619 3480 3676 sub
3527 3619 3684 3691 lege,

2094 3723 2272 3781 neque
2301 3710 2408 3783 legi
2438 3711 2724 3783 subjacere
2750 3724 2948 3782 passus
2973 3718 3076 3779 est,
3119 3724 3262 3782 quos
3291 3710 3345 3765 in
3378 3710 3684 3766 libertatem

2093 3802 2500 3872 vindicaverat;
2551 3803 2653 3860 hos
2679 3801 2825 3858 enim
2866 3816 3055 3859 secum
3080 3801 3147 3857 ad
3172 3801 3417 3858 divinum
3450 3801 3571 3860 vita:
3606 3800 3687 3856 in-

2092 3895 2345 3953 stitutum
2383 3893 2582 3963 evexit,
2618 3894 2766 3966 quod
2791 3903 2876 3951 est
2903 3909 3071 3967 supra
3100 3894 3295 3965 legem,
3324 3904 3445 3964 qua
3475 3891 3685 3948 sacrili-

2091 3987 2176 4044 ela
2225 4000 2326 4058 pro
2368 3994 2716 4058 peccatorum
2755 3985 2920 4059 516
2949 3985 3302 4051 remissione,
3348 3992 3536 4054 utpote
3585 3997 3687 4053 pro

2093 4079 2278 4137 minus
2323 4076 2619 4151 perfectis,
2674 4086 2730 4135 et
2762 4079 3063 4134 etiamnum
3106 4077 3460 4150 peccantibus
3509 4076 3687 4132 couti-

2093 4172 2277 4229 nebat.
2327 4170 2433 4240 Qui
2472 4188 2604 4243 ergo
2640 4181 2867 4244 peccato
2891 4171 3163 4227 obnoxius
3200 4185 3312 4227 non
3361 4178 3466 4238 est,
3509 4183 3687 4240 neque

2092 4267 2328 4339 amplius
2363 4264 2647 4323 sacriﬁciis
2675 4264 2944 4337 legalibus
2987 4263 3213 4335 indiget,
3263 4260 3494 4319 fortasse
3536 4271 3686 4333 post-

2093 4372 2256 4432 quam
2284 4360 2675 4433 perfectionem
2702 4366 2789 4415 est
2816 4360 3125 4424 assecutus,
3157 4354 3494 4426 spiritualem
3519 4352 3683 4409 etiam

2094 4451 2264 4522 legem
2292 4459 2712 4522 pratergressus
2745 4458 2851 4516 est,
2878 4456 2932 4505 et
2961 4447 3031 4504 ad
3063 4448 3289 4503 verbum
3327 4446 3474 4518 quod
3517 4459 3684 4515 supra

2094 4541 2241 4597 illam
2276 4550 2382 4610 est,
2426 4541 2694 4613 pervenit,
2738 4541 2887 4613 quod
2936 4540 3007 4598 iis
3039 4539 3137 4612 qui
3162 4538 3356 4595 vivunt
3393 4537 3453 4594 in
3494 4552 3685 4605 carne,

2095 4647 2224 4690 caro
2248 4632 2454 4690 factum
2488 4640 2603 4703 est;
2639 4634 2709 4691 iis
2742 4642 2926 4690 autem
2956 4630 3051 4705 qui
3082 4647 3193 4689 non
3225 4630 3462 4703 amplius
3490 4644 3678 4686 secum

2094 4725 2226 4782 dum
2257 4741 2477 4783 carnem
2509 4726 2765 4797 militant,
2796 4726 2852 4783 id
2880 4724 3050 4798 quod,
3087 4740 3215 4783 eum
3244 4723 3483 4781 Verbum
3516 4729 3682 4789 esset,

391 4809 487 4863 τοῦ
512 4811 704 4885 ἀνδρὸς
744 4815 913 4887 νόμου
945 4818 1238 4891 γινομένην
1282 4819 1440 4890 ἀνδρὶ
1476 4819 1681 4893 ἑτέρῳ,
1718 4821 1798 4893 τῷ
1829 4822 1979 4895 νόμῳ

2096 4821 2143 4874 in
2185 4819 2457 4891 principio
2502 4828 2624 4876 erat
2667 4819 2813 4891 apud
2867 4818 3039 4876 Deum
3091 4817 3257 4884 Deus,
3304 4817 3582 4882 cernitur,
3631 4825 3687 4870 et

391 4898 493 4969 τῆς
528 4902 731 4973 σαρκὸς
751 4903 852 4976 τὴν
883 4905 1081 4979 ψυχήν·
1108 4907 1204 4961 καὶ¹
1240 4909 1476 4978 γυναῖκα
1510 4906 1589 4980 τῷ
1622 4907 1837 4981 ἀδελφῷ
1881 4908 1977 4965 τοῦ

2096 4910 2303 4968 Patrem
2341 4913 2564 4984 detegit.
2597 4912 2727 4969 Tria
2775 4912 2944 4986 igitur
2989 4913 3045 4967 in
3086 4911 3334 4967 animum
3376 4905 3684 4966 inducenda

466 5037 512 5071 ⁷²
553 5036 712 5095 Rom.
750 5056 846 5107 vn,
872 5040 965 5097 23.
1042 5041 1275 5100 "Marc.
1314 5059 1368 5109 κ,
1397 5045 1451 5103 9.
1529 5046 1576 5077 ⁷⁵
1607 5044 1767 5101 Rom.
1796 5047 1965 5111 vu,t,

2096 5048 2131 5104 5.
2209 5047 2296 5103 τ’Ἰ
2325 5047 2454 5106 Cor.
2486 5066 2562 5119 ιιι,
2599 5051 2687 5106 2t.

488 5202 580 5274 95)
606 5199 781 5269 Ζήτει
825 5200 894 5257 δὲ
938 5202 1038 5259 καὶ
1088 5203 1170 5259 σὺ
1218 5203 1343 5259 πᾶν
1374 5206 1480 5271 τό,
1531 5215 1637 5263 etc.
1673 5204 1976 5262 Erasmus:

400 5292 439 5349 ε⁸
459 5273 724 5349 Quintum
752 5274 920 5349 etiam
955 5288 1141 5349 quaere
1172 5274 1427 5346 signum;
1464 5294 1483 5330 ι
1536 5276 1740 5349 legerat
1772 5295 1784 5330 :
1818 5278 1980 5343 Ζήτει

394 5343 453 5398 δὲ
605 5344 680 5416 σὺ,
700 5342 989 5416 πέμπτονξ
1004 5342 1269 5416 Ησετιοέ.

491 5414 583 5485 96)
620 5413 788 5486 Τίτος
812 5415 884 5486 έν
907 5414 983 5485 τῇ
995 5413 1187 5485 Καινῇ
1202 5413 1542 5486 ιηοάμματός
1562 5415 1713 5471 ἐστι.
1750 5418 1830 5472 lta
1857 5418 1977 5473 cod.

399 5481 583 5539 Holm.
624 5481 785 5554 cujus
806 5485 873 5541 ad
912 5481 1066 5540 oram
1108 5481 1373 5541 atteitu'm
1416 5481 1536 5541 erat
1576 5488 1753 5543 aliena
1793 5503 1980 5554 manu,

396 5556 605 5629 γραφῇ.
642 5551 787 5624 Lege
815 5569 828 5609 :
852 5554 1009 5619 Τίνος
1043 5554 1100 5629 έν
1120 5557 1184 5627 τῇ
1214 5556 1587 5629 καινῇᾷγραφῇ
1620 5560 1756 5629 εστι.
1783 5551 1987 5629 ξυρβιε

400 5625 658 5699 σημεῖον,
680 5631 744 5699 υι
772 5640 937 5699 supra
969 5645 983 5681 :
1017 5625 1080 5699 τδ
1110 5625 1698 5699 σημεῖρξίνιωνᾶζτῆς
1728 5627 1823 5682 τοῦ
1866 5625 1952 5682 τω

397 5690 565 5768 τῆρος
589 5691 747 5766 ήμῶν
776 5690 1243 5764 ἦν’ἀναστάσεῶς.
1273 5694 1429 5753 Hanc
1451 5690 1733 5753 lectionem
1765 5706 1986 5754 secutus

397 5774 486 5820 est
516 5762 822 5835 Erasmus:
871 5783 887 5818 ι
934 5765 1092 5835 cujus
1132 5764 1346 5835 signum
1376 5767 1447 5825 sit
1507 5769 1560 5825 in
1602 5765 1755 5825 Novo
1804 5766 1990 5826 Testa-

401 5842 607 5892 mento.
649 5853 669 5888 ι
703 5834 778 5891 lu.

2160 5208 2274 5281 (97)
2304 5209 2487 5267 Codex
2512 5210 2739 5285 Regius,
2772 5211 2938 5282 νόμου
2964 5210 3057 5263 καὶ
3086 5207 3187 5280 τῆς
3217 5207 3514 5280 ἁμαρτίας.

2158 5324 2270 5396 (98)
2304 5325 2515 5396 Σαφῶς
2543 5325 2614 5378 ἐν·
2642 5323 2719 5394 τῇ
2751 5324 2900 5392 πρὸς
2922 5321 3266 5392 Ῥωμαίους,
3294 5330 3399 5396 etc.
3422 5316 3684 5396 Origenes

2090 5396 2144 5450 in
2167 5387 2326 5451 'bu'nc
2350 5387 2506 5451 Pauli
2537 5387 2743 5459 locum,
2777 5387 2956 5463 capite
2974 5387 3170 5462 nempe
3191 5387 3290 5455 vn,
3309 5390 3496 5463 Alib.__vn
3518 5387 3542 5453 ,⁷
3577 5387 3682 5442 do-

2089 5466 2325 5522 ctrinam
2367 5467 2508 5521 hanc
2546 5464 2667 5520 fuse
2689 5457 3040 5534 persequitur
3070 5457 3126 5516 et
3152 5459 3369 5516 asserit.
3409 5457 3677 5513 Hus'rtus.

2165 5582 2281 5655 (99)
2315 5582 2370 5655 Ὁ
2406 5577 2521 5636 οὖν
2552 5578 2985 5655 ἀναμάρτητος.
3031 5574 3369 5655 Damnosatn
3410 5571 3507 5655 llic
3539 5571 3683 5626 ἀπα-

1957 5658 1983 5726 ζ
2095 5640 2324 5726 θείαςᾴει
2344 5640 2764 5726 ἀναμαρτῃσίας
2784 5640 3090 5726 doctrinam
3120 5642 3377 5726 proponit
3410 5640 3682 5726 .Origelics

2096 5735 2150 5781 et
2168 5711 2293 5780 aliis
2326 5711 2548 5847 φωτὶ)υέ
2594 5711 2731 5774 lacis
2756 5717 2850 5786 qui
2884 5717 2941 5770 in
2968 5711 3175 5771 nostris
3206 5711 3541 5783 Origeuianis
3577 5724 3680 5766 uo-

2098 5796 2195 5847 tati
2236 5804 2385 5847 sunt.
2419 5793 2453 5847 li
2500 5832 2513 5846 .
2552 5807 2612 5847 ιι.
2650 5805 2769 5847 can.
2798 5787 2854 5847 2,
2886 5795 3080 5842 θυαεδι.
3109 5784 3157 5847 7,
3199 5798 3354 5839 num.
3402 5778 3490 5837 18.
3516 5781 3597 5838 lu.

2098 5778 2385 5857 tati’suni,
2419 5778 2513 5849 lib.
2552 5807 2612 5855 ιι,
2650 5778 2854 5860 ειψίὲ,
2886 5795 3080 5842 θυαεδι.
3109 5784 3157 5848 7,
3199 5778 3354 5839 nun].
3402 5778 3490 5837 18.
3516 5781 3597 5838 lu.
