4100 6472
474 341 583 400 985

1985 351 2306 410 ORIGENIS

3641 359 3750 415 υει

467 470 606 517 sunt
633 460 777 517 circa
809 459 957 517 hunc
985 461 1197 529 locum;
1248 464 1444 518 mulier
1491 464 1706 520 subdita
1741 465 1895 531 viro,
1940 469 2051 524 viro

2159 465 2482 538 τεθνηκότος
2513 466 2706 538 ἀνδρὸς
2753 466 3105 538 γαμουμένην
3147 466 3224 538 τῷ
3262 467 3468 534 ζῶντι,
3522 469 3617 523 καὶ
3671 471 3748 543 μὴ

477 567 671 622 nempe
700 551 794 622 qui
818 562 900 609 est
923 553 1031 619 lex,
1059 562 1112 608 et
1151 554 1347 608 mulier
1371 555 1647 623 adultera,
1682 559 1865 613 anima
1900 560 2054 616 vide-

479 639 601 698 licet
626 658 747 713 quae
773 644 982 698 vivente
1004 646 1146 712 viro,
1180 646 1298 700 viro
1324 647 1497 713 alteri,
1530 650 1632 720 legi
1660 665 1853 720 nempe
1875 653 2057 708 carnis

475 750 595 790 sese
622 736 976 805 applicuerit;
1009 747 1062 792 et
1095 740 1292 795 mulier
1319 760 1441 813 qua:
1467 743 1740 799 demortui
1770 745 1870 799 viri
1900 744 2056 799 fratri

474 830 749 896 nupserit,
785 829 908 884 vivo
954 831 1167 888 scilicet
1207 846 1262 888 et
1311 852 1592 907 nunquam
1648 838 2057 895 intermorituro

474 919 672 988 Verbo,
705 924 852 993 quod
885 934 1174 996 postquam
1205 930 1504 984 resurrexit
1537 950 1556 983 ι
1599 947 1631 986 a
1663 931 1918 995 mortuis,
1948 947 2055 985 non

469 1015 723 1080 moritur,
753 1032 900 1071 mors
928 1017 1073 1072 enim
1109 1018 1186 1072 illi
1216 1019 1359 1074 ultra
1390 1037 1497 1076 non
1528 1021 1901 1078 dominabitur
1927 1024 1993 1076 ⁷⁸.
2031 1042 2050 1073 ι

468 1104 534 1161 Et
567 1108 682 1162 haec
706 1107 927 1177 quidem
964 1117 1184 1179 propter
1211 1111 1342 1166 illud
1375 1113 1460 1165 ’τε
1503 1131 1523 1165 ί
1562 1110 1619 1167 Si
1656 1122 1906 1169 mortuus
1935 1112 2054 1168 iuc-

465 1197 536 1251 rit
559 1199 662 1265 vir,
687 1199 915 1254 liberata
941 1209 1027 1255 est
1053 1216 1083 1255 a
1118 1201 1234 1273 lege
1257 1202 1389 1269 viri;
1441 1222 1461 1255 ι
1503 1211 1558 1259 et
1587 1214 1807 1274 propter
1829 1205 1934 1259 hoc
1958 1205 2006 1236 ⁷⁸
2037 1223 2051 1259 :

472 1305 491 1338 ι
530 1287 699 1360 Igitur
743 1289 957 1344 vivente
994 1291 1135 1355 viro,
1174 1291 1455 1346 vocabitur
1486 1291 1761 1357 adultera,
1802 1291 1848 1346 si
1891 1290 2055 1347 fuerit

465 1394 591 1433 cum
620 1379 729 1434 alio
755 1381 911 1448 viro;
966 1398 986 1431 ι
1015 1389 1072 1435 et
1096 1390 1314 1451 propter
1356 1382 1486 1435 illuzl
1518 1400 1531 1436 :
1562 1399 1581 1433 ι
1627 1380 1782 1449 Quod
1819 1382 1866 1438 si
1904 1399 2052 1437 mor-

467 1481 593 1527 tuus
617 1469 782 1526 fuerit
805 1472 909 1537 vir,
951 1472 1173 1527 liberata
1214 1481 1293 1528 est
1322 1488 1353 1527 a
1383 1473 1518 1544 lege,
1559 1482 1619 1528 ut
1656 1489 1762 1528 non
1793 1474 1865 1531 sit
1895 1474 2052 1528 adul-

467 1571 604 1628 tera,
631 1563 678 1619 si
702 1563 895 1635 juncta
925 1563 1085 1620 fuerit
1111 1564 1264 1619 alteri
1293 1565 1433 1622 viro.
1470 1585 1489 1617 ι
1522 1566 1577 1621 Id
1617 1566 1797 1636 ipsum
1823 1576 2004 1622 autem
2036 1585 2049 1622 :

470 1673 491 1706 ι
525 1652 669 1726 Ergo
708 1656 920 1710 vivente
954 1657 1073 1710 viro
1120 1656 1367 1711 adultera
1401 1659 1718 1725 vocabitur,
1771 1678 1791 1711 ι
1836 1662 2052 1714 assum-

465 1745 696 1815 psimus,
729 1746 970 1803 volentes
992 1748 1278 1818 perspicue
1320 1750 1599 1805 declarare
1636 1765 1808 1819 quare
1831 1759 2051 1805 tentan-

2158 561 2557 632 ἀποθνήσκοντι
2578 561 2756 630 Λόγῳ,
2784 560 2864 622 ὃς,
2884 559 3131 630 ἐγερθεὶς
3164 578 3182 611 σ
3215 562 3280 613 ὲκ
3305 558 3536 631 νεκρῶν,
3563 562 3748 615 οὐκέτι

2159 652 2525 722 ἀποθνήσκειο
2573 653 2804 715 θάνατος
2843 652 2953 723 γὰρ
2990 650 3153 704 αὑτοῦ
3186 651 3372 704 οὐκέτι
3421 651 3687 723 κυριεύει.
3724 673 3744 705 ι

2159 741 2269 795 Καὶ
2300 741 2472 793 ταῦτα
2505 740 2592 794 διὰ
2623 741 2685 794 τό
2708 757 2720 770 ·
2772 758 2790 791 ι
2834 739 2960 793 Ἐὰν
2992 739 3239 811 ἀποθάνῃ
3272 741 3301 791 ὁ
3338 739 3512 812 ἀνὴρ,
3542 743 3749 812 κατήρ-

2158 849 2323 903 γηται
2338 832 2444 885 ἀπὸ
2458 831 2552 884 τοῦ
2564 832 2729 902 νόμου
2743 831 2836 884 τοῦ
2854 831 3067 903 ἀνδρὸς,
3091 851 3110 882 ι
3133 831 3228 885 καὶ
3246 830 3333 884 διὰ
3359 832 3418 885 τό
3432 850 3447 863 ⁵
3470 851 3489 883 ‹
3514 833 3634 904 Ἆρ’
3653 829 3747 887 οὖν

2158 908 2359 988 ζῶντος
2389 923 2485 976 τοῦ
2515 922 2707 993 ἀνδρὸς
2740 922 2993 992 μοιχαλὶς
3035 922 3385 994 χρηματίσει,
3422 922 3488 976 ἂν
3520 923 3747 994 γένηται

2157 1017 2312 1088 ἀνδρὶ
2338 1016 2534 1088 ἑτέρῳ,
2577 1035 2596 1067 ι
2634 1015 2724 1069 διὰ
2743 1016 2804 1068 τό
2821 1032 2834 1045 ⁸
2869 1035 2887 1067 ι
2931 1015 3058 1069 Ἐὰν
3083 1014 3329 1086 ἀποθάνῃ
3356 1018 3384 1070 6
3406 1016 3567 1088 ἀνὴρ,
3593 1016 3749 1070 ἐλευ-

2158 1107 2293 1180 θέρα
2330 1108 2477 1162 ἐστὶν
2506 1107 2614 1160 ἀπὺ
2652 1106 2744 1160 τοῦ
2776 1106 2963 1177 νόμου,
2990 1105 3082 1159 τοῦ
3120 1106 3195 1177 μὴ
3236 1101 3373 1158 εἶναι
3406 1105 3575 1177 αὐτὴν
3623 1123 3741 1177 μοι-

2156 1202 2347 1273 χαλίδα
2401 1201 2701 1272 γενομένην
2748 1199 2903 1271 ἀνδρὶ
2950 1199 3143 1270 ἑτέρῳ.
3187 1218 3205 1251 ι
3243 1198 3385 1252 Αὐτὸ
3433 1197 3511 1269 (ί)
3552 1198 3609 1250 δὲ
3646 1198 3743 1251 τό·

2162 1312 2181 1344 ι
2217 1294 2338 1364 'Ap’
2365 1288 2459 1348 οῦν
2491 1290 2691 1356 ζῶντος
2719 1290 2813 1344 τοῦ
2843 1289 3035 1359 ἀνδρὸς
3064 1289 3312 1361 μοιχαλὶς
3338 1289 3688 1360 χρηματίσει,
3719 1308 3737 1340 ι

2156 1384 2595 1459 παρειλήφαμεν,
2631 1383 2939 1455 βουλόμενοι
2961 1382 3147 1452 σαφῶς
3189 1382 3538 1453 παραστῆσαι
3564 1380 3652 1435 διὰ
3689 1380 3743 1433 τί

2154 1482 2266 1541 τοῖς
2299 1476 2617 1549 πειράζουσι
2643 1475 2957 1548 Φαρισαίοις
2980 1475 3073 1528 καὶ
3093 1472 3491 1537 Σαδδουκαίοις,
3514 1472 3610 1526 καὶ
3624 1474 3744 1525 ἐπι-

2155 1569 2379 1643 ζητοῦσι
2422 1572 2646 1642 σημεῖον
2678 1568 2738 1633 ἐξ
2769 1568 2999 1641 οὐρανοῦ
3035 1566 3296 1632 ἐπιδεῖξαι
3317 1567 3499 1628 αὐτοῖς
3519 1603 3534 1627 ,
3568 1567 3598 1618 6
3635 1566 3742 1632 Ἰη-

2157 1662 2284 1727 σοῦς
2308 1657 2462 1716 εἶπεν
2485 1660 2547 1715 οὐ
2575 1661 2733 1733 μόνον
2756 1662 2815 1714 τό
2840 1678 2853 1691 ·
2890 1680 2906 1711 ι
2939 1659 3108 1713 Γενεὰ
3136 1659 3369 1730 πονηρὰ,
3415 1677 3433 1709 ι
3465 1655 3603 1710 ἀλλὰ
3623 1658 3740 1721 καὶ,

2162 1774 2182 1808 ι
2217 1753 2485 1826 μοιχαλίς.
2533 1772 2553 1806 t
2589 1752 2825 1816 Γενικῶς
2862 1752 2961 1823 μὲν
2981 1746 3075 1806 οὖν
3106 1769 3125 1802 ι
3160 1751 3189 1803 6
3217 1752 3274 1804 ὲν
3298 1752 3412 1813 τοῖς
3439 1748 3624 1819 μέλεσι
3648 1746 3740 1801 νό-

464 1839 610 1894 tibus
654 1837 946 1895 Pharisaais
988 1849 1044 1895 et
1091 1840 1427 1907 Sadducaais,
1478 1851 1534 1899 et
1580 1843 1950 1913 quaerentibus
1993 1853 2051 1900 ut

2157 1863 2289 1917 μσς,
2327 1846 2356 1898 6
2390 1842 2939 1916 ἀντιστρατευόμενος
2983 1840 3062 1912 τῷ
3086 1841 3238 1911 νόμῳ
3272 1838 3368 1893 τοῦ
3407 1839 3524 1901 νοὸς
3546 1876 3563 1901 ,
3605 1855 3625 1889 ο
3661 1836 3740 1901 ὡς

461 1930 681 2001 signum
714 1947 745 1987 e
770 1933 911 1988 caelo
937 1933 1247 1990 ostenderet
1278 1935 1403 1999 sibi,
1445 1933 1606 1990 Iesus
1653 1951 1762 1990 non
1794 1935 1935 1991 dixit
1960 1952 2050 1992 so-

464 2021 600 2088 inin,
637 2039 655 2072 ι
694 2023 971 2092 generatio
999 2024 1162 2089 mala,
1192 2043 1212 2077 ι
1242 2025 1336 2080 sed
1373 2024 1562 2089 etiam,
1601 2044 1619 2077 ι
1656 2027 1901 2082 adultera
1927 2028 1993 2083 ".
2024 2045 2043 2079 ι

463 2110 800 2169 Generaliter
844 2115 1011 2183 igitur
1044 2134 1063 2167 ι
1105 2114 1189 2170 lex
1225 2130 1348 2185 qua
1374 2126 1457 2171 est
1491 2116 1542 2170 in
1571 2118 1854 2186 membris,
1884 2133 2048 2187 repu-

462 2216 640 2270 gnans
670 2201 774 2272 legi
806 2203 1006 2258 mentis
1031 2202 1102 2268 ⁸⁰,
1142 2223 1162 2256 ι
1207 2211 1467 2273 tanquam
1502 2204 1584 2257 vir
1617 2202 1849 2269 adulter,
1894 2203 2050 2258 adul-

465 2300 581 2349 lcra
630 2302 715 2347 est
757 2293 985 2360 animae;
1028 2293 1141 2365 jam
1169 2310 1298 2349 vero
1339 2304 1392 2349 et
1439 2295 1621 2350 omnis
1648 2304 1890 2364 potestas
1917 2310 2043 2351 con-

460 2386 652 2451 traria,
683 2384 881 2441 animae
911 2387 1163 2443 humana:
1201 2389 1395 2445 victrix
1427 2388 1587 2456 facta,
1625 2399 1680 2445 et
1709 2390 1784 2444 illi
1815 2390 2047 2446 commi-

459 2486 568 2544 sta,
607 2477 855 2532 adultera
896 2488 983 2533 est
1031 2479 1177 2535 illius
1208 2496 1471 2551 sponsum
1512 2496 1544 2535 a
1577 2479 1689 2536 Deo
1723 2479 1827 2536 sibi
1857 2480 2047 2535 datum

457 2571 731 2639 habentis,
760 2589 953 2645 nempe
985 2574 1243 2631 Verbum.
1283 2576 1411 2632 Post
1440 2577 1557 2632 haec
1582 2577 1847 2647 scriptum
1878 2585 1962 2633 est
1976 2576 2046 2643 ⁸¹,

464 2685 485 2723 ι
527 2667 730 2723 relictis
775 2667 884 2722 illis
915 2668 1150 2734 abiisse;
1200 2687 1222 2721 ι
1277 2671 1553 2738 quomodo
1596 2669 1743 2725 enim
1783 2684 2046 2741 sponsum

461 2757 699 2816 Verbum
740 2775 850 2815 non
898 2760 1212 2832 reliquisset
1252 2762 1557 2817 adulteram
1603 2763 2045 2835 generationem,

455 2861 510 2906 et
538 2852 609 2908 ab
660 2852 751 2907 illa
793 2866 901 2907 non
935 2853 1290 2909 recessisset?
1319 2852 1533 2911 Dixeris
1576 2861 1759 2909 autem
1790 2852 1883 2909 Dei
1914 2852 2048 2909 Ver—

459 2946 588 3001 bum
613 2944 802 3000 relicta
824 2943 1138 3000 Judaeorum
1163 2960 1460 3016 synagoga,
1494 2954 1754 3015 tauquam
1778 2945 2045 3014 adultera,

459 3037 529 3089 ab
563 3035 651 3088 illa
683 3034 1004 3091 discessisse
1045 3041 1099 3088 et
1140 3049 1367 3089 uxorem
1414 3035 1768 3090 scortationis
1805 3036 2044 3106 cepisse,

457 3143 556 3183 eos
611 3140 806 3197 nempe
838 3126 934 3197 qui
980 3141 1048 3181 ex
1099 3126 1351 3196 gentibus
1394 3135 1559 3194 sunt;
1605 3126 2044 3199 quandoquidem

2156 1935 2343 2007 μοιχὸς
2374 1935 2536 2007 ἀνὴρ,
2590 1933 2778 2005 μοιχός
2818 1934 2937 1985 ἐστι
2967 1933 3066 2003 τῆς
3120 1931 3334 2002 ψυχῆςο
3386 1930 3489 2001 ήδη
3537 1928 3596 1983 δὲ
3641 1929 3741 1983 καὶ

2152 2029 2302 2081 πᾶσα
2331 2026 2560 2097 δύναμις
2590 2025 2966 2095 ἀντικειμένη,
3000 2021 3374 2095 ἐπικρατοῦσα
3405 2022 3505 2092 τῆς
3529 2020 3741 2092 ἀνθρω-

2151 2118 2312 2190 πίνης
2339 2117 2542 2188 ψυχῆς,
2572 2118 2669 2172 καὶ
2694 2115 3106 2187 ἀναμιγνυμένη
3150 2114 3289 2185 αὐτῇ
3312 2152 3328 2177 ,
3374 2111 3558 2183 μοιχός
3588 2112 3740 2165 ἐστιν

2148 2209 2340 2280 αὐτῆς,
2368 2209 2601 2280 νυμφίον
2633 2209 2864 2278 ἐχούσης
2904 2206 3011 2261 ὑπὸ
3039 2205 3137 2260 τοῦ
3171 2205 3307 2260 Θεοῦ
3335 2205 3472 2275 αὐτῇ
3513 2203 3740 2258 δοθέντα

2147 2301 2239 2354 τὸν
2264 2300 2456 2368 Λόγον.
2481 2298 2638 2353 Μετὰ
2667 2297 2838 2352 ταῦτα
2870 2298 3177 2370 γέγραπται
3194 2336 3209 2360 ,
3244 2296 3329 2349 ὅτι
3377 2313 3396 2346 ι
3424 2294 3742 2349 καταλιπὼν

2149 2394 2347 2457 αὐτοὺς
2387 2391 2627 2463 ἀπῆλθε·
2675 2412 2694 2444 ι
2750 2390 2868 2454 πῶς
2908 2391 3016 2462 γὰρ
3049 2389 3151 2443 οὐκ
3196 2388 3420 2458 ἔμελλεν
3451 2386 3738 2457 όνυμφίος

2148 2487 2320 2555 Λόγος
2352 2485 2669 2540 καταλιπεῖν
2695 2484 2795 2556 τὴν
2831 2482 3112 2555 μοιχαλίδα
3140 2480 3355 2551 γενεὰν,
3387 2481 3482 2533 καὶ
3513 2480 3738 2533 ἀπεῖναι

2148 2579 2243 2633 ἀπ’
2270 2578 2478 2650 αὑτῆς;
2513 2577 2703 2642 Εἷποις
2737 2577 2782 2630 δ’
2823 2575 2910 2639 ἂν,
2933 2576 3017 2629 ὅτι
3041 2573 3137 2645 τὴν
3175 2571 3445 2627 Ἰουδαίων
3492 2586 3741 2639 συναγω-

2146 2670 2250 2741 γὴν
2281 2669 2358 2733 ὡς
2383 2669 2668 2741 μοιχαλίδα
2699 2666 3016 2723 καταλιπὼν
3040 2667 3070 2719 6
3092 2664 3187 2719 τοῦ
3212 2662 3348 2718 Θεοῦ
3374 2662 3569 2730 Λόγος,
3602 2663 3743 2717 ἀπε-

2146 2761 2376 2834 λήλυθεν
2397 2761 2492 2817 ἀπ’
2522 2761 2715 2831 αὐτῆς,
2748 2760 2843 2815 καὶ
2868 2758 3028 2812 ἔλασε
3050 2758 3286 2827 γυναῖκα
3315 2753 3594 2826 πορνείας,
3610 2752 3741 2814 τοὺς

2146 2857 2256 2912 ἀπὸ
2281 2856 2390 2910 τῶν
2421 2856 2590 2911 ὲθνῶν
2613 2873 2628 2888 ο
2670 2856 2794 2910 ἐπεὶ
2818 2855 3017 2909 ἐκεῖνοι
3057 2853 3177 2925 μὲν,
3211 2851 3363 2914 ὄντες
3392 2849 3546 2913 πόλις
3570 2847 3737 2916 πιστὴ

2147 2946 2286 3001 Σιὼν
2325 2947 2438 3020 (2),
2477 2947 2735 3017 γεγόνασι
2770 2946 2991 3018 πόρνοιο
3030 2938 3177 2999 οὗτοι
3204 2943 3261 2997 δὲ
3307 2941 3446 3012 ὠςή
3492 2938 3663 2994 Ῥαὰὸ
3702 2938 3736 3008 ἠ

2148 3038 2344 3109 πόρνη,
2378 3037 2504 3102 τοὺς
2545 3035 2639 3090 τοῦ
2692 3033 2868 3107 Ἰησοῦ
2905 3032 3287 3096 κατασκόπους
3336 3027 3737 3099 ὑποδεξαμένη,

2146 3127 2380 3199 διεσώθη
2433 3128 2694 3192 πανοικὶ,
2750 3125 2889 3199 μετὰ
2920 3125 3079 3180 τοῦτο
3124 3124 3321 3196 μηκέτι
3377 3120 3736 3194 πορνεύουσα,

461 3220 540 3275 illi
575 3218 711 3275 iacti
730 3227 861 3273 sunt
905 3220 1241 3286 meretrices,
1286 3234 1412 3274 cum
1443 3227 1628 3276 essent
1651 3218 1845 3274 civitas
1875 3220 2048 3277 fidelis

2153 3221 2267 3275 ἀλλ’
2304 3223 2379 3293 (5)
2413 3220 2646 3276 ἐλθοῦσα
2690 3219 2842 3291 παρὰ
2870 3220 2994 3282 τοὺς
3045 3217 3136 3272 τοῦ
3202 3214 3377 3288 Ἰησοῦ
3422 3215 3607 3279 πόδας,
3642 3213 3740 3266 καὶ

529 3334 578 3367 ⁷⁸
612 3333 772 3388 Rom.
804 3347 881 3398 v1,
913 3332 967 3387 9.
1044 3334 1088 3363 ⁷⁷
1121 3332 1279 3388 Rom.
1307 3334 1478 3399 vu,9..
1552 3333 1597 3364 ⁷⁸
1621 3331 1778 3397 ibid.,
1801 3332 1856 3387 5.
1930 3334 1974 3368 ⁷³
2009 3333 2051 3388 ill

2153 3336 2201 3392 b.
2226 3351 2305 3400 tu,
2335 3336 2424 3391 59.
2503 3335 2551 3368 °°
2581 3334 2740 3389 Rom.
2774 3349 2869 3400 vn,
2899 3332 2990 3387 2'5.
3075 3331 3121 3363 ⁶¹
3154 3329 3345 3385 Matth.
3394 3344 3506 3395 xvr,
3538 3329 3593 3383 4.

532 3453 582 3518 (ι
626 3455 804 3508 Αὐτό.
853 3453 992 3509 Male
1022 3454 1189 3509 codex
1219 3452 1571 3518 Holmiensis,
1603 3453 1729 3509 ἀπό.

532 3454 611 3594 (εί
650 3523 834 3591 Πόλις
882 3523 1070 3592 πιστὴ
1121 3522 1291 3579 Σιών.
1356 3524 1564 3579 Alludit
1609 3525 1728 3579 adi

650 3523 1092 3608 ΠόμξιςῇθϊμγτὴΔ
1121 3522 1301 3608 Σιών.
1343 3524 1564 3608 .Ailudit
1609 3525 1784 3608 aii-15:.
1824 3541 1864 3589 1,
1915 3524 1983 3608 gl
2021 3543 2036 3580 :

464 3614 485 3649 ι
518 3594 808 3661 Quomodo
843 3594 983 3649 farta
1015 3602 1099 3650 est
1141 3596 1395 3650 meretrix
1422 3595 1616 3651 civitas
1644 3595 1818 3651 ﬁdelis
1878 3596 2038 3665 plena

463 3664 694 3734 iudicii?
729 3664 843 3734 r_In
881 3663 1107 3720 Hebraeo
1157 3680 1266 3720 non
1312 3676 1537 3734 apparet
1566 3679 1695 3730 vox,
1735 3685 1754 3718 ι
1797 3664 1927 3721 Sion
1955 3705 1970 3730 ,
2014 3684 2034 3717 ι

454 3671 694 3736 judicii?
729 3683 750 3716 ι
785 3671 843 3719 ln
883 3671 1107 3720 Hebraeo
1157 3680 1266 3720 non
1312 3676 1537 3735 apparet
1566 3679 1695 3730 vox,
1735 3685 1754 3718 ι
1797 3671 1927 3721 Sion
1955 3705 1970 3730 ,
2014 3684 2034 3717 ι

459 3750 636 3817 neque
666 3735 722 3789 in
755 3732 1085 3817 Jouathane,
1115 3738 1381 3817 nequch
1409 3735 1568 3808 Syro.
1595 3734 1866 3817 At_L_XX_,
1897 3751 2039 3817 quos

458 3804 573 3861 fere
613 3816 919 3876 sequuntur
955 3806 1130 3876 Arabs
1159 3815 1235 3876 et
1289 3804 1552 3876 Origenes
1589 3825 1602 3861 :
1658 3805 1784 3871 Πῶς
1825 3807 2043 3876 ἐγένετο

457 3876 634 3949 πόρνη
651 3874 842 3949 -πόλις
870 3874 1056 3949 niam
1084 3874 1223 3930 Σιὼν
1256 3874 1485 3949 πλήρης-
1518 3877 1753 3949 κρίσεως
1767 3893 1792 3949 ;_
1840 3874 2041 3931 Vocem

460 3944 812 4017 hanc,'_2}ttbv,
860 3961 890 4000 a
921 3944 1064 4000 LXX
1115 3944 1518 4017 perspicuitatis
1559 3944 1753 4017 gratia
1782 3947 2043 4002 insertam

460 4025 619 4103 puiat
650 4014 1030 4103 Hieronymus;
1066 4014 1136 4103 At
1166 4014 1329 4103 versu
1359 4033 1484 4099 xxvi
1519 4014 1714 4085 capitis
1745 4016 1911 4103 hujus
1938 4031 2042 4070 vox

459 4085 673 4149 eadem,
705 4085 871 4151 Σιών,
885 4086 1027 4154 apud
1050 4088 1177 4149 τοὺς
1197 4085 1252 4140 0'
1277 4087 1566 4155 reperitur,
1592 4102 1716 4157 quae
1738 4088 1802 4139 ad
1823 4085 2045 4142 versum

459 4166 779 4226 sequentem
814 4158 1138 4226 pertinebat,
1173 4165 1233 4212 ut
1284 4156 1551 4212 llebraica
1601 4158 1764 4212 tidem
1811 4156 2043 4212 faciunt.

460 4224 800 4368 ῗῡᾶἶιίίῗέτὰ
830 4296 1009 4353 τοῦτο
1020 4296 1237 4367 μηκέτι
1276 4299 1695 4367 πορνεύουσα,
1728 4299 1888 4362 ἀλλ’,
1936 4308 2043 4355 etc.

460 4364 632 4422 Vetus
657 4378 713 4439 ct
730 4368 952 4439 rancida
974 4364 1472 4435 controversia—est,
1497 4372 1906 4439 multorumque
1928 4379 2042 4424 tum

460 4438 832 4510 recentiorum
882 4436 1180 4510 Scriptum
1221 4450 1426 4494 sancta:
1487 4436 1868 4510 interpretum,
1930 4448 2043 4493 tum

464 4489 844 4580 animatas
875 4489 1885 4580 transuersa;ﬁnitissimis;
1921 4489 2045 4563 εὶῖιῖξ
2080 4489 2124 4543 D

463 4575 614 4650 lier,
640 4575 809 4650 Maria
839 4575 1093 4650 videlicet
1143 4575 1479 4650 Magdaleue,
1506 4590 1707 4650 septem
1761 4580 2050 4634 daemoniis

465 4647 693 4718 liberata
717 4646 881 4702 fuerit
904 4665 918 4713 ;
941 4658 995 4703 et
1011 4650 1152 4717 apud
1185 4646 1463 4705 Si'monem
1484 4646 1841 4714 Pharisaaum,
1865 4664 2053 4718 quem-

466 4717 762 4790 admodum
794 4718 978 4790 retulit
1013 4717 1223 4786 Lucas;
1256 4729 1306 4774 et
1324 4721 1498 4775 multo
1523 4731 1644 4790 post
1674 4721 1726 4774 in
1765 4717 2049 4790 Bethania,

466 4787 814 4843 ministrante
834 4788 1069 4853 Martha,
1104 4801 1158 4846 et
1183 4787 1540 4846 accumbente
1565 4790 1795 4853 Lazaro,
1826 4789 2051 4844 ut'scri-

468 4858 815 4922 sitJoannes;
873 4860 1017 4930 apud
1060 4860 1340 4916 Simonem
1385 4860 1723 4929 chrosum,
1761 4869 1821 4914 ut
1871 4860 2053 4929 prodi-

468 4939 581 4979 nuu
616 4939 700 4982 est
729 4945 757 4981 a
790 4929 1046 4985 Matttnro
1074 4943 1129 4986 et
1180 4949 1209 4985 a
1240 4931 1445 4993 Marco,
1478 4930 1758 4985 Christum
1812 4929 2048 4983 uuxerit.

463 4995 624 5051 Certe
641 5014 820 5066 operae
836 5003 1069 5070 pretium
1087 5018 1195 5056 non
1209 5011 1292 5055 est
1307 5003 1564 5056 crambeu
1578 5002 1720 5055 hanc
1733 5016 2049 5068 recuquere,

464 5083 588 5121 cum
618 5070 685 5122 ad
711 5085 878 5125 unum
903 5070 1190 5139 Origenem
1217 5087 1392 5125 meam
1423 5072 1563 5125 hanc
1584 5086 1797 5125 omnem
1822 5071 2077 5138 opellam.

466 5139 737 5208 pertinere
764 5140 1231 5205 intelligamJllud
1259 5142 1434 5197 obiter
1454 5142 1707 5205 dixerim,
1730 5140 2055 5195 verisimilli-

467 5224 612 5262 mam
638 5209 770 5264 mihi
793 5210 963 5267 videri
989 5210 1163 5266 Grotii
1187 5212 1511 5267 sententiam
1540 5252 1555 5274 ,
1592 5228 1699 5281 qua
1734 5226 1841 5264 non
1888 5226 2052 5263 uuam

469 5287 703 5350 tantum,
726 5282 1086 5350 eamdemque
1129 5283 1413 5337 mulierem
1464 5281 1634 5337 fuisse
1688 5282 1898 5350 statuit,
1932 5296 2055 5348 quae

463 5349 747 5404 Christum
784 5353 927 5420 apud
947 5349 1223 5406 Simonem
1258 5352 1682 5415 Pharisaaum,ct
1707 5350 1849 5420 apud
1878 5349 2056 5405 Simo-

467 5432 591 5475 nem
619 5420 918 5490 Leprosnm
957 5425 1212 5489 unxerit;
1262 5425 1356 5478 sed
1386 5434 1439 5477 ct
1463 5422 1739 5481 Simonem
1765 5422 2054 5484 eumdem,

469 5490 725 5565 idemque
746 5491 973 5565 factum.
1001 5493 1158 5565 Quod
1184 5501 1364 5548 autem
1386 5494 1598 5565 dubitat
1644 5493 1906 5546 eademne
1943 5491 2057 5565 hazc

473 5557 652 5634 [uerit'
681 5576 803 5634 quae
835 5561 1003 5634 Maria
1027 5557 1376 5634 ’Magdalene,
1407 5563 1474 5617 de
1503 5564 1673 5634 nihilo
1691 5572 1803 5634 est;
1829 5571 1887 5616 ut
1908 5562 2053 5615 enim

473 5627 646 5705 fatear
670 5627 834 5686 verba
858 5631 1067 5705 Christi
1090 5627 1157 5688 de
1186 5634 1507 5705 pollinctura
1535 5627 1919 5696 Marize,Marc.
1944 5647 2052 5693 xw,

473 5697 704 5776 8.;Joatt.
735 5717 834 5763 xu,
857 5703 911 5765 7,
942 5697 1592 5776 praesctts'nlliciutn,non
1612 5706 1853 5757 futurum
1874 5717 2056 5776 εὐειδε-

478 5774 664 5835 :tsse;
706 5780 851 5826 certe
895 5775 1039 5845 quod
1086 5775 1169 5830 bis
1209 5776 1487 5830 Christum
1525 5777 1788 5829 \‘iVellltlln
1842 5774 2055 5827 unxcril

2145 3454 2340 3526 Lazari
2357 3472 2545 3523 soror;
2577 3464 2964 3526 mortuumque
2975 3451 3425 3526 itemgunguentis
3438 3449 3738 3520 perfuderit

2150 3520 2756 3597 Magdalene,eamdem
2798 3520 2947 3597 hanc
2970 3520 3318 3593 Magdalenen
3351 3520 3542 3597 fuisse,
3561 3534 3737 3597 aeso-

2143 3590 2322 3651 rorém
2342 3595 2554 3661 Lazari,
2577 3596 2815 3666 aliquam
2833 3594 3041 3666 scilicet
3053 3590 3488 3666 unguentariam
3516 3590 3737 3666 _r_nul_ie-

2143 3682 2282 3732 rem,
2303 3682 2408 3721 nou
2431 3658 2626 3736 praeter
2643 3658 2907 3721 rationem
2921 3664 3115 3736 conjici
3132 3658 3328 3732 potest.
3343 3660 3503 3736 Addit
3516 3658 3737 3736 Magda-

2146 3729 2303 3791 lenen
2338 3729 2506 3791 videri
2545 3735 2843 3796 Galilmam,
2868 3750 2931 3789 ex
2970 3729 3159 3788 Matth.
3187 3748 3357 3794 xxvn,
3384 3730 3473 3795 56,
3498 3740 3552 3784 et
3566 3729 3734 3785 Marc.

2148 3823 2239 3871 xv,
2265 3807 2353 3861 40.
2385 3807 2453 3861 At
2475 3822 2506 3861 e
2544 3808 2763 3864 Galilzea
2794 3805 3077 3861 Christum
3113 3810 3356 3859 secutam
3397 3800 3567 3855 fuisse
3619 3798 3735 3871 Ma-

2150 3870 2415 3960 βάειεξειεξι
2457 3876 3016 3960 ίειιθῑιμυς.›.δει¹ἓ¹εε³π,ξ
3049 3873 3564 3960 laeserat“???
3596 3870 3734 3960 59'."

2147 3937 2331 4024 {ungit
2357 3949 2644 4003 daemoniis
2668 3937 2952 4024 liberatam
2989 3945 3159 3999 fuisse
3203 3937 3552 4024 Magdalenen
3578 3980 3594 4005 ,
3625 3937 3728 4024 La:

2155 4011 2541 4092 cariem-orem
2571 4034 2677 4092 non
2697 4019 2866 4092 item;
2899 4030 3000 4086 ego
3026 4011 3647 4092 nongpeccatisnsoium,
3676 4019 3736 4090 ut

2154 4089 2287 4145 Luc.
2320 4105 2420 4155 vn,
2448 4087 2538 4152 47,
2570 4089 2662 4153 48,
2695 4080 2961 4151 habetur:
2986 4085 3079 4140 sed
3107 4080 3470 4155 et'_rlaamoniis
3515 4080 3734 4133 liberari

2155 4153 2646 4231 potuisse'Mariam
2669 4156 2978 4231 respondeo
3003 4172 3016 4208 :
3041 4153 3225 4231 pergit
3235 4153 3443 4231 lineam
3463 4159 3586 4231 post
3611 4165 3738 4204 uar—

2153 4223 2422 4302 rationem
2456 4228 2524 4284 de
2553 4223 3053 4302 (emina'unetrice,
3106 4223 3377 4302 subjicere
3401 4223 3734 4302 mentionem

2154 4300 2485 4371 Magdalenze
2516 4299 2805 4371 addentem
2832 4296 2882 4351 ei
2911 4303 3096 4371 noiam
3117 4293 3185 4371 ab
3206 4290 3398 4371 ejectis
3421 4290 3734 4371 dasmoniis,

2151 4378 2209 4426 et
2230 4362 2347 4441 non
2376 4370 2444 4441 ab
2469 4369 2757 4441 unctione;
2794 4376 2848 4421 et
2875 4365 3069 4441 merito
3091 4362 3341 4441 quidem,
3376 4362 3530 4441 longe
3559 4362 3739 4441 magis

2151 4440 2298 4494 enim
2325 4440 2526 4513 mirum
2555 4448 2639 4493 est
2674 4431 2959 4513 daemoniis
2984 4431 3374 4513 ipsamluisse
3418 4431 3729 4513 liberatam,

2153 4525 2314 4579 quam
2337 4508 2619 4581 Christum
2643 4508 2889 4581 unxisse,
2922 4501 3223 4581 et‘Cbristi,
3253 4501 3415 4569 cujus
3446 4501 3734 4581 hismriatn

2154 4570 2346 4636 scribit
2392 4579 2588 4641 Lucas,
2615 4578 2804 4633 virtuti
2838 4575 3190 4631 testiﬁcanda:
3207 4573 3365 4642 longe
3392 4570 3578 4640 aptius
3599 4570 3732 4623 illud

2152 4659 2237 4704 est
2271 4668 2284 4704 :
2329 4660 2443 4704 tum
2475 4649 2773 4703 Clementis
2804 4645 3260 4702 constitutionum
3293 4645 3513 4696 demum
3544 4649 3737 4694 aucto—

2154 4720 2314 4774 ritate
2355 4735 2417 4775 se
2449 4729 2649 4785 tuetur,
2686 4732 2851 4788 quam
2896 4730 2996 4788 ego
3026 4715 3262 4788 rejicio._
3288 4711 3395 4767 Sed
3444 4710 3736 4788 redeamus

2154 4791 2220 4843 ad
2251 4789 2540 4860 Origenom
2576 4806 2589 4842 :
2627 4780 2771 4844 illius
2802 4780 3223 4861 profectovalde
3251 4784 3456 4837 incerta
3479 4791 3535 4834 et
3551 4780 3739 4861 desul-

2156 4862 2294 4931 toria
2347 4856 2508 4931 super
2545 4862 2645 4915 hac
2673 4856 2993 4931 quantine
3014 4856 3226 4909 videtur
3250 4869 3372 4931 esse
3416 4856 3687 4906 sententia
3718 4865 3734 4915 ς

2156 4930 2261 4985 huc
2289 4924 2615 5002 enimqucm
2645 4924 2942 5002 tractamus
2982 4927 3125 4988 loco,
3169 4924 3594 5002 tnuliercnreant
3637 4936 3736 5002 uo-

2157 5009 2255 5063 lat,
2286 5001 2354 5071 de
2377 4994 2489 5071 qua
2520 5002 2698 5070 agitur
2728 4998 2860 5052 Luc.
2881 5013 2986 5071 _\_r'|l,
3021 5006 3079 5049 ut
3108 5012 3176 5050 ex
3211 4994 3606 5071 eo_intelligere
3628 4999 3733 5071 est,

2155 5061 2993 5150 queri-scortatﬁcem.appellat,
3026 5080 3251 5150 quoque
3263 5061 3408 5150 ilesu
3444 5061 3736 5150 pcdes‘iaf

2155 5141 2357 5213 cryutis
2391 5152 2443 5195 et
2472 5142 2762 5213 unguentis
2785 5139 3048 5213 rigantem
3074 5139 3278 5213 inducit
3312 5150 3326 5185 :
3375 5147 3501 5188 cum
3547 5141 3733 5213 autem

2159 5206 2436 5282 Simonem
2465 5206 2625 5281 cuj'ns
2650 5212 2703 5264 in
2730 5206 2895 5282 domo
2913 5210 3027 5282 haec
3062 5206 3427 5276 contigerunt,
3466 5206 3733 5282 quiquea

2158 5280 2303 5335 Luca
2339 5279 2651 5336 Pharisaeus
2688 5280 2888 5334 dicitur
2911 5317 2926 5343 ,
2973 5279 3251 5345 leprosum
3286 5281 3604 5342 nuncupet,
3659 5279 3736 5325 ita

2158 5361 2270 5421 uta
2301 5350 2556 5408 Mattbaeo
2582 5360 2636 5406 et
2666 5368 2696 5405 a
2730 5349 2912 5405 Marco
2957 5348 3136 5421 dictus
3158 5355 3265 5413 est,
3300 5360 3468 5398 unum
3496 5353 3551 5421 et
3581 5356 3735 5421 eum:

2157 5420 2278 5474 dem
2306 5420 2582 5478 Simonem
2610 5436 2767 5486 esse,
2803 5430 2858 5474 et
2891 5427 2951 5472 ut
2980 5417 3177 5491 multis
3201 5415 3543 5491 argumentis
3588 5413 3734 5491 vinci

2157 5498 2356 5561 potest,
2378 5508 2541 5547 unam
2573 5484 2992 5561 consequenter,
3023 5484 3386 5561 eamdemque
3401 5484 3626 5561 Mariam
3656 5484 3738 5533 vi-

2159 5554 2318 5615 detur
2340 5554 2671 5617 credidisse.
2703 5554 2937 5632 Humilia
2959 5554 3107 5632 certe
3131 5554 3341 5632 decima
3375 5557 3428 5609 in
3463 5554 3737 5632 diversos,

2159 5647 2279 5701 quae
2304 5632 2523 5703 Origeni
2569 5632 2705 5703 falso
2749 5624 3422 5703 ascribitur,h_aec_legas:
3454 5651 3471 5677 ι
3509 5624 3650 5677 Olim
3683 5630 3738 5675 te

2160 5698 2437 5778 diligebat,
2470 5704 2599 5756 olim
2624 5719 2651 5756 a
2676 5702 2950 5778 Pharisa'o
2974 5709 3029 5778 te
3048 5698 3394 5778 deicndcbat,
3411 5706 3464 5750 et
3498 5711 3527 5749 a
3546 5705 3737 5778 surum)

2166 5769 2572 5844 tttawtliligeuter
2608 5772 2929 5835 excusabat,
2963 5771 3090 5824 olim
3125 5769 3379 5823 laudabat
3412 5780 3483 5837 te,
3514 5769 3737 5845 quando
