4100 6416
368 365 471 421 985

1359 363 1716 423 COMMENT.
1754 366 1819 421 ΙΝ
1846 366 2275 426 ’ΜΑΤΊΊΙΕΗΜ
2313 366 2551 425 TOMUS
2592 366 2707 423 XII.

3531 370 3637 425 986

366 481 636 553 βρέχουσα
685 482 880 545 αὐτοὺς
935 483 1045 544 τοῖς
1095 482 1192 549 τῆς
1240 481 1527 550 μετανοίας
1569 482 1821 555 δάκρυσι,
1856 485 1951 536 καὶ

2058 484 2188 540 Sion
2221 484 2304 550 ⁸²;
2358 485 2411 538 hi
2472 500 2601 539 vero
2633 484 3092 552 quemadmodum
3119 483 3310 541 Rahab
3350 489 3634 548 meretrix.

363 571 658 641 ἀλιίφουσα
687 577 752 644 τῇ
773 574 873 642 τῆς
893 572 1057 640 ἁγίας
1089 570 1363 635 πολιτείας
1388 572 1497 625 τῶν
1514 572 1701 644 μύρων
1727 572 1947 644 εὐωδίᾳ,

364 662 430 718 δι’
458 664 526 736 ἢν
565 664 763 734 Σίμωνι
795 663 871 734 τῷ
899 663 1106 734 λεπρῷ,
1133 662 1211 735 τῷ
1244 663 1498 735 προτέρῳ
1523 663 1638 735 λαῷ
1673 665 1946 731 ὀνειδίζων

365 756 548 824 ἔλεγεν
581 757 680 810 ὅσα
708 756 1041 827 γέγραπται.

2053 592 2174 646 qua:
2207 575 2373 631 Josue
2409 578 3084 646 speculatores-exceperat
3115 578 3183 642 ⁸³,
3218 595 3340 632 cum
3381 579 3637 634 universa

2054 666 2260 723 familia
2311 679 2522 723 servata
2569 669 2728 738 517
2773 679 2889 736 est;
2938 687 3045 726 non
3098 671 3328 740 amplius
3377 681 3636 741 praeterea

2053 771 2337 827 scortans,
2369 762 2460 817 sed
2496 763 2561 816 ad
2600 762 2759 831 pedes
2784 761 2910 818 Jesu
2944 765 3224 826 accidens,
3256 773 3311 819 et
3343 778 3437 820 eos
3464 764 3640 834 lact-y-

367 848 472 902 mis
523 847 854 916 poenitentiae
904 848 1122 919 rigans,
1164 860 1215 904 et
1253 859 1457 905 εωιριω
1491 851 1612 906 vitae
1644 861 2043 920 unguentorum
2079 853 2377 925 fragrantia
2412 856 2700 925 inungens,
2724 867 2945 927 propter
2969 874 3133 928 quam
3158 858 3368 912 Simoni
3398 858 3634 927 leproso.

360 940 537 1009 priori
582 955 774 1007 nempe
809 940 1008 1008 populo
1036 956 1160 995 cum
1206 943 1627 1011 exprobratione
1672 959 1734 997 ea
1770 944 1906 998 dixit
1937 960 2060 1015 qua:
2082 946 2284 1015 scripta
2314 945 2531 1000 sunt“.

649 1034 788 1102 Περὶ
815 1034 921 1103 τῆς
959 1033 1140 1105 ζύμης
1175 1035 1294 1090 τῶν
1318 1038 1672 1106 Φαρισαίων.

442 1148 461 1179 t
502 1129 617 1181 Καὶ
647 1128 892 1193 ἐλθόντες
945 1130 994 1182 οἱ
1049 1128 1291 1200 μαθηταὶ
1345 1128 1511 1183 αὐτοῦ
1554 1132 1634 1194 εἰς
1660 1131 1720 1184 rb
1759 1132 1948 1203 πέραν,

367 1219 691 1273 ἐπελάθοντο
717 1220 915 1291 ἄρτους
941 1220 1149 1275 λαϐεῖν.
1178 1240 1196 1272 ι
1238 1222 1391 1275 Ἐπεὶ
1423 1221 1497 1293 μὴ
1522 1224 1786 1293 χρήσιμοι
1815 1220 1956 1295 ἦσαν

366 1312 413 1362 oi
447 1310 622 1381 ἄρτοι,
671 1312 720 1363 oi
765 1311 872 1383 πρὸ
898 1310 992 1363 τοῦ
1029 1310 1226 1382 πέραν,
1279 1314 1392 1375 τοῖς
1429 1311 1641 1366 ἐλθοῦσι
1691 1313 1957 1384 μαθηταῖς

366 1401 547 1468 εἰς-τὺ
579 1402 789 1474 πέραν’
828 1403 1002 1457 ἄλλων
1044 1403 1156 1476 γὰρ
1196 1403 1428 1476 ἔχρῃζον
1477 1403 1584 1475 πρὸ
1616 1404 1709 1457 τοῦ
1758 1405 1953 1476 πέραν,

367 1493 462 1546 καὶ
493 1494 666 1548 ἄλλων
689 1494 900 1548 ἐδέοντο
933 1497 1013 1558 εἰς
1045 1495 1108 1548 rb
1150 1495 1357 1567 πέραν*
1393 1494 1483 1551 διὰ
1513 1494 1705 1560 τοῦτο,
1752 1496 1959 1568 ἀμελή-

369 1601 560 1648 σαντες
587 1584 681 1638 τοῦ
706 1585 1005 1654 ἐπάγεσθαι
1034 1585 1286 1650 ἀπιόντες
1315 1586 1396 1649 είς
1423 1584 1485 1639 rb
1523 1586 1696 1657 πέραν
1732 1586 1951 1659 ἄρτους,

373 1695 392 1726 ι
428 1675 751 1730 ἐπελάθοντο
785 1694 805 1728 ι
829 1676 1025 1739 αὐτοὺς
1053 1676 1150 1729 σὺν
1180 1676 1395 1741 ἑαυτοῖς
1423 1695 1442 1729 t
1482 1675 1689 1735 λαϐεῖν.
1725 1696 1744 1729 ι
1776 1678 1871 1742 Εἰς
1892 1679 1954 1731 τὸ

2431 1041 2506 1095 De
2539 1042 2794 1112 fermento
2827 1042 3242 1098 Pltarisa’orum.

2126 1133 2178 1187 5.
2210 1151 2229 1185 ι
2258 1132 2324 1187 Et
2348 1149 2472 1188 cum
2499 1133 2775 1188 venissent
2803 1134 3053 1203 discipuli
3086 1135 3206 1204 ejus
3233 1145 3384 1188 trans
3412 1133 3637 1202 fretum,

2056 1223 2212 1276 obliti
2238 1235 2365 1278 sunt
2391 1239 2560 1293 panes
2596 1224 2842 1293 accipere
2869 1225 2913 1257 ⁸⁵
2948 1264 2962 1278 .
3002 1246 3020 1277 ι
3053 1225 3317 1290 Quoniam
3357 1225 3639 1295 discipulis

2055 1314 2148 1382 qui
2193 1314 2602 1382 prmterierant,
2651 1314 2688 1368 ii
2738 1316 2852 1384 jam
2904 1331 3011 1370 non
3070 1317 3229 1371 utiles
3276 1324 3432 1370 erant
3470 1332 3639 1386 panes

2056 1418 2196 1472 quos
2244 1403 2515 1458 habebant
2559 1405 2876 1475 priusquam
2939 1407 3266 1474 transirent;
3316 1406 3439 1461 aliis
3492 1407 3638 1460 enim

2055 1510 2192 1563 opus
2235 1493 2344 1549 illis
2379 1502 2517 1557 erat,
2561 1505 2851 1564 antequam
2894 1499 3207 1562 transirent,
3250 1506 3304 1553 et
3332 1498 3455 1554 aliis
3487 1498 3638 1562 item,

2059 1593 2350 1655 postquam
2385 1586 2741 1652 transissent;
2782 1597 3066 1657 propterea
3109 1605 3232 1644 cum
3266 1591 3548 1645 tendentes
3572 1590 3639 1643 ad

2060 1678 2369 1732 ulteriorem
2416 1677 2627 1748 ripam,
2686 1695 2854 1753 panes
2897 1690 3179 1750 asportare
3227 1682 3591 1752 neglexissmtt
3622 1722 3641 1748 ,

367 1766 542 1836 πέραν
567 1765 624 1819 δὲ
660 1767 917 1836 γεγόνασι
959 1766 1200 1838 μαθηταὶ
1234 1767 1326 1821 τοῦ
1365 1767 1561 1839 Ἰησοῦ,
1604 1770 1653 1822 oi
1674 1769 1951 1832 διαϐάντες

2066 1786 2083 1817 ¢
2113 1766 2265 1820 obliti
2309 1775 2438 1820 sunt
2471 1785 2490 1817 ι
2526 1783 2623 1822 eos
2649 1784 2832 1823 secum
2870 1787 2889 1820 ι
2936 1772 3202 1840 accipere.
3255 1790 3274 1824 ›
3319 1771 3495 1827 Trans
3526 1771 3641 1827 fre-

366 1854 475 1908 ἀπὸ
495 1854 606 1908 τῶν
640 1856 970 1927 σωματικῶν
999 1857 1092 1909 ἐπὶ
1119 1857 1189 1911 τὰ
1210 1858 1578 1929 πνευματικὰ,
1609 1859 1703 1913 καὶ
1718 1859 1825 1914 ἀπὸ
1846 1858 1951 1913 τῶν

2060 1867 2171 1912 tttm
2209 1867 2388 1912 autem
2430 1858 2649 1914 iverunt
2691 1860 2948 1930 discipuli
2979 1861 3129 1927 Jesu,
3181 1864 3332 1932 quia
3359 1863 3644 1933 corporeis

366 1946 640 2018 αίσθητῶν
671 1950 766 2002 ἐπὶ
787 1949 858 2003 τὰ
892 1950 1079 2021 νοητά.
1116 1951 1228 2004 Καὶ
1249 1953 1388 2023 τάχα
1421 1952 1508 2007 ἵνα
1543 1954 1954 2026 ἀποστρέφηται

363 2040 492 2104 τοὺς
520 2040 610 2095 διὰ
656 2040 752 2095 τοῦ
804 2042 1103 2112 ἐφθακέναι
1154 2046 1233 2107 είς
1285 2045 1347 2098 τὸ
1391 2046 1565 2117 πέραν
1619 2046 1957 2119 ἀρξαμένους

364 2124 638 2197 πνεύματι
659 2127 754 2182 τοῦ
795 2129 1178 2201 παλινδρομεῖν
1198 2133 1291 2185 ἐπὶ
1320 2133 1389 2187 τὰ
1418 2134 1671 2205 σάρκινα,
1700 2132 1822 2190 εἶπε
1843 2142 1957 2202 τοῖς

364 2215 446 2279 είς
472 2216 532 2269 rb
556 2217 731 2290 πέραν
762 2219 792 2272 ό
837 2219 1078 2290 Ἰησοῦς
1126 2240 1144 2273 t
1194 2222 1408 2294 Ὁρᾶτε,
1438 2226 1531 2278 καὶ
1558 2229 1854 2300 προσέχετε
1880 2247 1894 2261 ·
1931 2249 1950 2280 ι

362 2302 431 2376 ἦν
458 2308 567 2380 γάρ
603 2327 655 2363 τι
707 2310 937 2383 φύραμα
979 2313 1327 2380 διδασκαλίας
1381 2318 1472 2370 καὶ
1516 2315 1696 2391 ζύμης
1740 2320 1956 2392 ἀληθῶς

366 2398 621 2465 παλαιᾶς,
656 2402 756 2473 τῆς
809 2404 949 2457 κατὰ
983 2406 1044 2459 rb
1079 2406 1234 2476 ψιλὸν
1272 2409 1528 2481 γράμμα,
1558 2411 1651 2463 καὶ
1679 2410 1767 2465 διὰ
1800 2412 1955 2465 τοῦτο

364 2489 463 2543 οὐκ
504 2490 933 2565 ἀπηλλαγμένης
976 2495 1085 2549 τῶν
1114 2498 1223 2551 ἀπὸ
1262 2497 1483 2562 κακίας.
1516 2500 1655 2571 ὅπερ
1696 2503 1955 2574 παρεῖχον

363 2581 647 2649 Φαρισαῖοι
673 2583 768 2636 καὶ
800 2585 1187 2654 Σαδδουκαῖοι,
1223 2590 1315 2658 ἀφ’
1348 2585 1418 2661 ἧς
1440 2591 1501 2643 ού
1543 2590 1791 2660 βούλεται
1848 2593 1954 2663 Ἰη-

368 2673 493 2738 σοῦς
524 2675 726 2729 ἐσθίειν
763 2676 845 2730 ἔτι
878 2679 1006 2743 τοὺς
1057 2680 1222 2744 ἰδίους
1260 2680 1509 2752 μαθητὰς
1531 2723 1544 2743 ,
1581 2683 1811 2754 ποιήσας
1858 2685 1956 2738 αύ-

363 2771 478 2834 rei;
503 2768 580 2839 (4)
604 2768 724 2823 νέον
747 2771 842 2823 καὶ
869 2773 1236 2843 πνευματικὸν
1265 2773 1515 2846 φύραμα,
1542 2775 1731 2831 ἑαυτὸν
1778 2793 1955 2847 παρα-

368 2857 511 2930 σχὼν
550 2862 663 2926 τοῖς
711 2863 979 2916 ἀποστᾶσι
1024 2863 1126 2934 τῆς
1179 2862 1359 2936 ζύμης
1397 2864 1507 2918 τῶν
1529 2865 1836 2935 Φαρισαίων
1861 2867 1954 2920 καὶ

365 2947 757 3017 Σαδδουκαίων,
787 2953 881 3006 καὶ
906 2953 1360 3025 προσεληλυθόσιν
1382 2954 1550 3025 αὐτῷ,
1582 2956 1745 3028 ἄρτον
1777 2956 1955 3022 ζῶντα

367 3040 426 3107 ἐξ
452 3041 682 3114 οὐρανοῦ
730 3044 1162 3116 καταϐεϐηκότα,
1203 3046 1298 3100 καὶ
1332 3047 1476 3119 ζωὴν
1508 3048 1719 3102 διδόντα
1753 3048 1830 3120 τῷ
1862 3050 1954 3102 κό-

2056 1947 2122 2002 ad
2170 1947 2473 2017 spiritualia
2516 1951 2912 2018 transiverunt;
2958 1960 3012 2006 et
3049 1969 3077 2006 a
3112 1953 3426 2019 sensilibus,
3474 1954 3540 2008 ad
3575 1968 3642 2010 ea

2056 2054 2177 2109 qua:
2208 2039 2483 2096 intellectu
2514 2042 3071 2111 comprehenduntur.
3102 2043 3179 2099 Ac
3203 2043 3427 2100 forsitan
3459 2054 3517 2099 ut
3545 2059 3643 2100 eos

2057 2142 2343 2200 averteret,
2388 2134 2483 2206 qui
2525 2135 2711 2190 animo
2732 2136 2843 2205 jam
2876 2137 2944 2191 ad
2980 2138 3222 2193 carnalia
3250 2153 3529 2194 recurrere
3557 2138 3642 2193 in-

2055 2224 2359 2293 cipiebant,
2394 2236 2678 2297 postquam
2728 2228 2926 2282 fretum
2969 2228 3343 2297 trajecisscnt,
3394 2229 3533 2284 dixit
3574 2230 3643 2286 iis

2054 2316 2216 2373 Jesus
2247 2319 2341 2388 qui
2374 2320 2738 2374 transiverant
2775 2320 2821 2351 ⁸⁸
2860 2339 2873 2375 :
2917 2339 2935 2370 ι
2973 2319 3259 2376 Intuemini
3286 2332 3338 2376 et
3365 2329 3570 2377 cavete.
3616 2340 3636 2373 ›

2058 2409 2187 2465 Erat
2207 2411 2351 2465 enim
2382 2426 2560 2465 massa
2586 2411 2831 2480 quaedam
2866 2413 3128 2468 doctrinae
3152 2422 3202 2467 ct
3236 2412 3487 2467 fet-ntcnti
3516 2428 3642 2468 vere

2055 2503 2276 2569 veteris,
2310 2503 2455 2573 quod
2477 2512 2595 2558 erat
2625 2504 2923 2558 secundum
2965 2504 3166 2559 nudam
3213 2506 3464 2570 litteram,
3515 2519 3642 2573 pro-

2056 2605 2346 2665 ptereaque
2392 2595 2461 2649 ab
2488 2595 2556 2650 iis
2595 2610 2719 2665 quae
2755 2596 2822 2650 ad
2868 2597 3162 2665 nequitiam
3191 2596 3460 2665 pertinent
3488 2597 3637 2650 solu-

2057 2698 2170 2743 tum
2204 2703 2309 2743 non
2338 2697 2476 2753 erat,
2518 2703 2681 2757 quant
2721 2704 2955 2743 massam
2996 2688 3253 2743 Pharisaei
3294 2688 3637 2756 praebebant,

2056 2796 2120 2835 ac
2150 2781 2467 2847 Sadducazi;
2506 2782 2572 2836 de
2616 2797 2722 2850 qua
2758 2781 2993 2852 amplius
3024 2796 3129 2836 non
3159 2781 3276 2835 vult
3309 2779 3470 2835 Jesns
3510 2795 3643 2835 suos

2054 2872 2354 2943 discipulos
2399 2875 2722 2941 comedere,
2773 2883 2958 2946 utpote
3007 2875 3099 2946 qui
3144 2876 3224 2932 eis
3269 2882 3543 2931 recentem
3589 2882 3646 2928 et

2056 2966 2400 3035 Spiritualem
2450 2982 2686 3023 massam
2734 2966 3078 3034 confecisset,
3126 2984 3186 3024 se
3232 2968 3349 3039 ipse
3394 2968 3644 3038 prtebens

2058 3056 2127 3113 iis
2153 3057 2245 3127 qui
2280 3074 2311 3113 a
2346 3058 2616 3113 fermento
2665 3057 3066 3117 Pharisaeorum
3118 3070 3173 3115 et
3218 3060 3640 3117 Sadducazorum

369 3146 510 3223 σμῳ.
554 3133 705 3223 Ἐπεὶ
728 3134 784 3187 δὲ
809 3135 927 3199 ὁδός
958 3137 1073 3190 ἐστι
1107 3137 1185 3208 τῷ
1213 3139 1411 3209 μηκέτι
1432 3141 1754 3212 χρησομένῳ
1780 3140 1951 3214 ζύμῃ,

2059 3158 2419 3215 recesserant,
2449 3158 2503 3206 et
2536 3150 2602 3206 ad
2633 3167 2693 3207 se
2718 3161 3084 3218 accesserant,
3122 3168 3314 3223 panem
3340 3153 3521 3208 vivum
3546 3150 3642 3221 qni

368 3221 461 3277 καὶ
488 3222 792 3295 φυράματι,
836 3225 932 3278 καὶ
970 3224 1293 3298 διδασκαλίᾳ
1331 3230 1642 3300 Φαρισαίων
1685 3231 1779 3284 καὶ
1815 3230 1949 3284 Σαδ-

366 3312 653 3377 δουκαίων,
706 3316 972 3387 πρότερον
1004 3318 1102 3387 μὲν
1139 3318 1199 3371 rb
1232 3316 1451 3391 θεωρεῖν
1472 3361 1487 3386 ,
1522 3321 1773 3395 δεύτερον
1810 3324 1867 3379 δὲ
1892 3323 1955 3378 τὸ

369 3404 679 3476 προσέχειν,
732 3406 817 3460 ἵνα
855 3409 1065 3478 μήποτε
1126 3412 1191 3465 ὲκ
1241 3412 1334 3466 τοῦ
1389 3414 1464 3486 μὴ
1496 3414 1713 3484 βλέπειν
1764 3418 1858 3470 καὶ
1894 3417 1953 3483 ἐξ

369 3495 699 3567 ἀπροσεξίας
730 3500 1009 3573 μεταλάϐῃ
1040 3520 1125 3559 τις
1156 3504 1257 3575 τῆς
1287 3505 1743 3578 ἁπηγορευμένης
1774 3506 1953 3579 ζύμης

369 3587 590 3643 ἐκείνων
609 3604 622 3617 ’
651 3588 746 3642 διὰ
772 3588 931 3644 τοῦτο
964 3592 1179 3664 πρῶτον
1206 3594 1285 3648 τόο
1311 3613 1329 3646 t
1370 3596 1585 3668 Ὁρᾶτε,
1613 3617 1632 3648 ι
1665 3597 1813 3668 λέγει
1840 3602 1953 3665 τοῖς

373 3680 661 3753 μαθηταῖς,
695 3681 789 3734 καὶ
812 3682 1066 3756 δεύτερον
1095 3687 1186 3738 τό·
1226 3704 1244 3737 ι
1279 3687 1602 3758 Προσέχετε.
1649 3708 1666 3740 ι
1709 3695 1956 3762 Διορατι-

371 3772 482 3827 κῶν
507 3770 599 3828 οὖν
644 3774 763 3831 ἐστι
807 3776 903 3831 καὶ
947 3778 1323 3849 προσεκτικῶν
1355 3781 1607 3851 χωρίζειν
1639 3781 1736 3852 τὴν
1777 3783 1956 3854 ζύμην

370 3866 478 3920 τῶν
511 3868 883 3926 Σαδδουκαίων
931 3871 1026 3925 καὶ
1073 3871 1382 3942 Φαρισαίων
1406 3911 1423 3936 ,
1483 3874 1577 3928 καὶ
1625 3876 1808 3929 πᾶσαν
1855 3878 1957 3931 οὐκ

377 3977 395 4009 ι
432 3957 656 4031 ἀζύμων
676 3961 1023 4031 είλικρινείας
1053 3962 1149 4016 καὶ
1172 3963 1433 4035 ἀληθείας
1453 3984 1471 4014 ι
1499 3964 1707 4038 τροφὴν
1735 3969 1954 4025 ἀπὸτοῦ

373 4049 574 4116 ζῶντος
605 4051 795 4125 ἄρτου,
822 4054 915 4107 καὶ
945 4051 1007 4120 ἐξ
1026 4055 1257 4127 οὐρανοῦ
1286 4057 1745 4129 καταϐεϐηκότος,
1770 4060 1857 4113 ἵνα
1890 4061 1958 4116 τὰ

375 4143 475 4215 μὲν
504 4146 613 4201 τῶν
634 4148 944 4219 Φαρισαίων
976 4150 1072 4206 καὶ
1116 4150 1490 4204 Σαδδουκαίων
1533 4151 1608 4223 μὴ
1642 4153 1954 4225 προσίηται,

370 4235 542 4292 τὺνδὲ
574 4237 753 4302 ζῶντα
783 4239 878 4293 καὶ
922 4239 1175 4311 ἀληθινὸν
1204 4241 1369 4312 ἄρτον
1408 4240 1603 4295 ἐσθίων
1642 4260 1726 4307 τις
1769 4244 1954 4316 ῥωσθῇ

443 4380 492 4414 ⁸³
532 4380 637 4435 lsa.
669 4399 708 4444 ι,
742 4382 830 4438 2i.
911 4383 957 4416 ⁸³
992 4382 1109 4439 Jos.
1147 4399 1219 4449 vr,
1264 4383 1355 4439 25.

372 4463 486 4522 seq.
564 4453 610 4485 ⁸⁸
636 4452 656 4508 l
680 4453 810 4511 Cor.
835 4469 887 4521 v,
921 4453 977 4509 8.

2056 3241 2126 3296 de
2170 3242 2310 3298 cmlo
2341 3243 2661 3310 descendit,
2711 3253 2765 3299 et
2817 3244 2912 3314 qui
2955 3244 3124 3299 vitam
3175 3243 3269 3299 dat
3322 3243 3528 3297 mundo
3570 3241 3640 3297 ⁸⁷.

2057 3330 2507 3404 Quandoquidem
2539 3335 2796 3405 autemei
2822 3334 2916 3404 qui
2946 3348 3050 3390 non
3086 3334 3320 3404 amplius
3352 3332 3640 3399 fermento,

2057 3433 2113 3478 et
2155 3440 2357 3490 massa,
2388 3440 2452 3481 ac
2496 3425 2743 3481 doctrina
2784 3424 3188 3481 Pharisaeorum
3222 3432 3277 3478 et
3320 3422 3643 3478 Saddnearo-

2058 3531 2181 3569 rum
2210 3531 2417 3572 usurus
2462 3517 2564 3584 sit,
2614 3517 2731 3572 haec
2773 3526 2858 3573 est
2904 3516 3026 3583 via,
3064 3516 3298 3587 primum
3335 3514 3553 3584 quidem
3586 3519 3645 3567 ut

2058 3609 2258 3674 videat,
2287 3608 2528 3665 secundo
2558 3618 2737 3664 autem
2769 3617 2827 3662 ut
2852 3617 3071 3673 caveat,
3106 3607 3323 3676 nequis
3350 3604 3644 3675 aliquando

2058 3714 2125 3754 ex
2158 3716 2224 3754 eo
2251 3701 2395 3771 quod
2438 3716 2547 3755 non
2589 3700 2863 3756 intueatur
2899 3708 2955 3754 et
2999 3716 3104 3754 non
3148 3707 3353 3764 caveat,
3382 3695 3640 3766 prohibiti

2059 3790 2276 3848 illdrum
2308 3791 2553 3846 fermenti
2586 3792 2856 3862 particeps
2886 3791 3010 3857 (lat;
3053 3797 3336 3861 propterea
3360 3786 3644 3857 discipulis

2060 3882 2295 3952 primum
2327 3882 2499 3937 dicit:
2535 3901 2555 3933 ι
2594 3881 2918 3949 Intuemini;
2958 3898 2979 3932 ι
3010 3879 3204 3935 deinde
3245 3896 3261 3934 :
3302 3897 3322 3929 ι
3359 3876 3576 3934 Cavete.
3615 3884 3639 3929 ι

2062 3972 2227 4044 518
2243 3973 2648 4045 Perspicacium
2685 3973 2850 4044 igitur
2876 3981 2959 4028 est
2997 3981 3050 4027 et
3082 3978 3413 4026 attentorum
3436 4009 3451 4034 ,
3486 3981 3644 4037 sepa-

2062 4079 2187 4119 rare
2212 4063 2536 4120 fermentum
2564 4062 2986 4119 Sadducaeorum
3010 4072 3059 4116 et
3084 4059 3507 4124 Pharisaeorum,
3525 4072 3645 4111 om-

2066 4172 2299 4226 nemque
2321 4159 2501 4212 cibum
2535 4157 2627 4227 qui
2654 4172 2761 4211 non
2794 4164 2878 4211 est
2906 4171 2972 4209 ex
3011 4173 3031 4206 ι
3068 4151 3276 4224 azymis
3314 4147 3643 4206 sinceritatis

2061 4257 2118 4303 et
2147 4249 2390 4303 veritatis
2429 4249 2503 4315 ⁸⁸,
2548 4268 2566 4301 ι
2615 4264 2647 4305 a
2677 4264 2818 4319 pane
2844 4248 3002 4315 vivo,
3046 4257 3101 4302 et
3146 4244 3240 4316 qui
3274 4243 3341 4299 de
3380 4241 3519 4297 caelo
3548 4240 3645 4295 de-

1430 4384 1478 4417 “
1508 4382 1644 4439 Luc.
1675 4400 1768 4449 vn,
1794 4383 1861 4438 57
1893 4397 1947 4440 et
1971 4389 2089 4458 seq'.
2167 4389 2213 4422 ⁸⁵
2237 4388 2429 4446 Matth.
2456 4406 2568 4454 xvr,
2599 4389 2653 4445 5.
2728 4389 2775 4422 ⁸⁸
2801 4386 2934 4445 ibid.
2960 4387 3013 4443 6.
3090 4386 3137 4420 ⁸⁷
3171 4384 3332 4443 Joan.
3362 4402 3439 4452 Vl,
3470 4385 3560 4450 5!,
3589 4397 3645 4441 et

372 4611 654 4673 unguento
695 4598 1058 4673 pedesjpsius
1093 4599 1358 4673 ungebas,
1389 4599 1647 4673 lacrymis
1671 4600 1946 4673 _rigabas,
1986 4606 2026 4661 D
2059 4602 2265 4660 cientes
2286 4602 2341 4657 in
2381 4618 2491 4673 uno
2514 4602 2753 4673 capitulo
2785 4620 2798 4657 :
2829 4604 3057 4659 alteram
3098 4610 3279 4658 autem
3318 4599 3527 4673 fuisse,
3576 4601 3645 4673 de

373 4678 428 4724 et
459 4668 675 4741 capillis
698 4668 990 4741 ’tergebas,
1020 4668 1264 4741 dolorem
1297 4678 1450 4723 tuum
1486 4668 1780 4735 mulcebat,
1822 4687 1951 4741 pec-

373 4749 493 4795 cata
524 4737 852 4794 dimittebat.
882 4737 1022 4794 Olim
1055 4738 1333 4808 quaerebat
1358 4748 1408 4793 te
1428 4755 1552 4793 cum
1575 4757 1682 4795 non
1709 4737 1950 4807 adesses,

372 4809 603 4879 vqcabat
633 4818 683 4864 te
713 4825 841 4879 cum
864 4809 1423 4879 abesses,_t_nandabat
1454 4809 1546 4864 tibi
1584 4826 1678 4879 per
1705 4826 1951 4866 sororem

374 4877 546 4948 tuam,
582 4887 641 4935 ul
661 4877 730 4934 ad
757 4895 817 4934 se
846 4880 1079 4941 venires,
1110 4877 1366 4948 Magister
1384 4880 1557 4944 adest,
1584 4877 1640 4934 et
1654 4888 1810 4935 vocat
1842 4889 1910 4936 te.
1929 4901 1947 4934 ι

372 4950 443 5019 At
479 4949 705 5006 humilia
739 4950 946 5019 prima,
973 4961 1025 5002 et
1064 4949 1101 5002 2
1134 4948 1187 5002 in
1224 4948 1435 5005 Cantic.
1464 4949 1602 5005 duas
1639 4951 1754 5019 ipse
1784 4966 1955 5017 agno-

373 5018 496 5090 scit,
529 5020 692 5074 aliam
712 5018 980 5090 sanctam,
1002 5019 1176 5073 aliam
1202 5019 1573 5090 scortatricem
1591 5060 1610 5090 ν.
1633 5018 1951 5090 (ιοιιιιίιιιι³

374 5089 1159 5162 Evangelium,tinquit,tqttia
1186 5088 1558 5162 venitmulier
1586 5088 1793 5162 habens
1826 5091 1945 5162 ala-

348 5157 617 5224 ,bastrt'tt'n
653 5157 914 5229 unguenti
966 5160 1121 5213 nardi
1170 5159 1349 5228 pistici
1387 5160 1656 5228 pretiosi,
1700 5175 1808 5215 non
1860 5160 1949 5214 illa

374 5231 671 5297 peccatrix,
697 5230 790 5285 sed
811 5238 1023 5293 sancta,
1058 5230 1124 5284 de
1151 5245 1258 5298 qua
1297 5246 1440 5285 nunc
1463 5229 1595 5283 mihi
1629 5245 1812 5285 sermo
1845 5239 1946 5286 est.

376 5299 503 5371 Scio
529 5301 730 5371 quippe
761 5299 963 5371 Lucam
993 5299 1059 5354 de
1085 5299 1408 5371 peccatrice,
1455 5298 1767 5371 Matthteum
1798 5316 1947 5367 vero,

375 5369 727 5439 ctJoannem,
753 5378 807 5425 et
836 5369 1077 5425 Marcum
1109 5386 1216 5424 non
1262 5369 1328 5423 de
1377 5371 1678 5439 peccatrice
1718 5369 1945 5425 dixisse.

377 5437 537 5494 Venit
567 5456 698 5510 ergo
728 5456 838 5510 non
865 5440 1135 5510 peccatrix
1168 5440 1279 5503 illa,
1311 5437 1403 5495 sed
1434 5449 1643 5510 sancta,
1673 5441 1833 5509 cujus
1848 5456 1949 5493 no-

376 5524 501 5564 men
531 5508 751 5580 quo'que
780 5508 1016 5565 Joannes
1043 5509 1292 5566 inseruit.
1343 5529 1361 5559 ι
1394 5512 1454 5563 in
1482 5508 1721 5563 Matthtei
1746 5508 1941 5564 autem

375 5594 496 5649 cap.
557 5594 682 5634 xxvt
743 5580 903 5634 aliam
960 5596 1179 5634 rursum
1234 5581 1517 5649 proﬁtetur
1569 5581 1940 5635 sententiam:

383 5647 528 5708 «Ego
548 5658 752 5721 autem,
768 5650 1208 5721 iinquit,tmagis
1230 5647 1516 5721 consentio
1542 5661 1650 5721 tres
1674 5650 1864 5713 fuisse,
1890 5660 1946 5705 et

382 5735 545 5791 uuam
574 5719 792 5791 quidem
829 5721 894 5774 de
922 5736 1028 5791 qua
1073 5719 1517 5791 conscripserunt
1555 5719 1842 5775 Matthams
1886 5729 1947 5791 et

381 5787 618 5861 Marcus,
651 5789 857 5845 mtllam
901 5790 1259 5845 diliercntiam
1295 5787 1671 5860 expositionis
1714 5807 1828 5847 suae
1873 5789 1948 5848 fu-

2098 4690 2166 4728 ua
2198 4674 2419 4743 scripsit
2459 4668 2677 4739 Lucas;
2732 4675 2895 4729 aliam
2931 4684 3113 4730 autem
3164 4674 3231 4727 de
3260 4686 3369 4743 qua
3422 4668 3645 4743 scripsit

2098 4690 2166 4728 ua
2198 4688 2419 4743 scnpsu
2459 4688 2677 4739 Lucas;
2732 4688 2895 4729 auam
2931 4688 3113 4730 autem
3164 4688 3231 4727 ue
3260 4688 3369 4740 qua
3422 4688 3644 4739 senpsrt

2054 4688 2312 4798 yoannes.
2348 4742 2527 4813 pLege
2550 4751 2721 4798 totum
2745 4753 2930 4813 caput,
2958 4745 3113 4813 unde
3142 4742 3415 4810 intelligas
3448 4755 3546 4813 cur
3569 4741 3644 4796 ita

2056 4815 2309 4868 senserit.
2346 4810 2533 4867 Victor
2562 4810 2939 4870 Antiochentts
2967 4815 3023 4867 in
3058 4812 3229 4868 Marc.
3262 4827 3351 4867 κεν
3373 4826 3439 4865 ex
3473 4810 3645 4864 inter-

2056 4884 2362 4953 pretatione
2393 4882 2603 4954 Theod.
2637 4882 2847 4939 Peltani
2879 4900 2914 4954 :7
2954 4904 2972 4936 ι
3011 4882 3273 4954 Origenes
3311 4895 3440 4954 vero
3476 4879 3641 4954 aliam

2058 4949 2204 5037 illam
2234 4969 2355 5037 esse
2385 4952 2666 5037 dicit'qum
2691 4956 2834 5037 apud
2869 4949 3181 5037 Matthmu'm
3209 4960 3262 5005 et
3308 4950 3563 5037 Marcum
3579 4949 3641 5037 in

2058 5023 2221 5096 domo
2249 5023 2488 5096 Simonis
2510 5016 2744 5095 Léprosi
2763 5033 3098 5096 unguentum
3127 5038 3291 5096 super
3312 5027 3477 5096 caput
3508 5016 3639 5073 Jesu

2058 5093 2279 5159 cﬂ‘udit;
2314 5094 2475 5148 aliam
2510 5091 2703 5150 rursus
2733 5091 2868 5164 eam:
2892 5111 3014 5164 qua:
3032 5109 3157 5149 cum
3197 5094 3252 5146 in
3283 5091 3501 5146 civitate
3526 5102 3645 5164 pec-

2059 5164 2229 5235 catrix
2265 5156 2449 5235 esset,
2486 5165 2538 5218 in
2576 5166 2798 5235 domum
2842 5156 3104 5220 Pharisaei
3146 5164 3416 5235 ingressa.
3473 5156 3639 5235 Ι)έᾷἓὸ

2060 5232 2208 5304 illius
2230 5224 2485 5304 lacrymis
2517 5234 2709 5299 abluit,
2737 5244 2792 5290 et
2824 5245 3103 5304 unguento
3136 5224 3409 5304 perfudit;
3433 5247 3454 5304 ξ
3473 5224 3642 5304 ’δάμη

2059 5301 2297 5385 Victoris
2335 5296 2654 5385 codeig‘pts.
2697 5296 2783 5373 αν.
2810 5296 3073 5385 ‘Origcn-is
3098 5296 3337 5385 nomine
3358 5296 3521 5385 ‘falso
3544 5296 3634 5385 in;

2055 5375 2291 5448 scriptus
2319 5392 2332 5429 :
2363 5376 2456 5428 καὶ
2484 5374 2649 5448 ἄλλην
2684 5360 2836 5444 παρὰ
2997 5374 3219 5442 Ἰωάννῃ
3249 5366 3499 5448 ,ἁδελφοὴν
3542 5360 3639 5448 τοῦ

2053 5438 2337 5517 Λαζάρου]
2379 5462 2397 5494 ι
2460 5453 2514 5498 et
2541 5438 2704 5498 aliam
2738 5438 2882 5512 apud
2920 5438 3217 5499 'Joanuem"
3249 5438 3438 5492 Lazari
3475 5447 3632 5489 soro-

2052 5529 2189 5570 rem.
2212 5513 2251 5566 ἰ
2288 5513 2552 5569 Ηυετιυε.
3639 5552 3642 5556 ι

2126 5586 2203 5656 (4)
2232 5583 2503 5651 Ποιήσας
2542 5582 2763 5656 αὐτοῖς.
2804 5581 3064 5636 Erasmus
3088 5603 3115 5656 .~_
3165 5596 3184 5629 ι
3223 5575 3375 5643 Quos
3431 5575 3641 5656 iecerat

2055 5646 2252 5711 no'va'm
2300 5646 2376 5777 ρι’
2436 5646 2771 5725 spiritualcin
2838 5650 3285 5721 conspersiouem
3349 5663 3371 5701 ι
3431 5646 3643 5716 legerat

2055 5724 2271 5777 αὐτούς.
2327 5741 2380 5777 b.

2054 5724 2271 5790 αὐτούς.
2302 5724 2380 5780 Ib.
