  <div class='ocr_page' id='page_1' title='image "/cluster/home/n/w/nwhite01/storage/ocr_20150623/13:no.3/coo.31924054872910/501.png"; bbox 0 0 4100 6428; ppageno 0'>
   <div class='ocr_carea' id='block_1_1' title="bbox 447 364 3721 433">
    <p class='ocr_par' dir='ltr' id='par_1_1' title="bbox 447 364 3721 433">
     <span class='ocr_line' id='line_1_1' title="bbox 447 364 3721 433; baseline -0.004 -3"><span class='ocrx_word' id='word_1_1' title='bbox 447 379 546 433; x_wconf 68' lang='lat'><strong>9137</strong></span> <span class='ocrx_word' id='word_1_2' title='bbox 856 432 859 433; x_wconf 25' lang='grc' dir='ltr'>ν</span> <span class='ocrx_word' id='word_1_3' title='bbox 1937 367 2261 425; x_wconf 74' lang='lat' dir='ltr'><strong>ORIGENIS</strong></span> <span class='ocrx_word' id='word_1_4' title='bbox 3609 364 3721 417; x_wconf 71' lang='lat'><strong>938</strong></span> 
     </span>
    </p>
   </div>
   <div class='ocr_carea' id='block_1_2' title="bbox 439 484 2032 561">
    <p class='ocr_par' dir='ltr' id='par_1_2' title="bbox 439 487 2032 561">
     <span class='ocr_line' id='line_1_2' title="bbox 439 487 2032 561; baseline -0.006 -11"><span class='ocrx_word' id='word_1_5' title='bbox 439 494 673 558; x_wconf 87' lang='lat' dir='ltr'><strong>scendit,</strong></span> <span class='ocrx_word' id='word_1_6' title='bbox 725 503 785 548; x_wconf 92' lang='lat' dir='ltr'><strong>ut</strong></span> <span class='ocrx_word' id='word_1_7' title='bbox 827 508 889 546; x_wconf 83' lang='lat' dir='ltr'><strong>ea</strong></span> <span class='ocrx_word' id='word_1_8' title='bbox 938 509 1059 561; x_wconf 68' lang='lat' dir='ltr'><strong>quae</strong></span> <span class='ocrx_word' id='word_1_9' title='bbox 1088 490 1490 545; x_wconf 75' lang='lat' dir='ltr'><strong>Phariszeorum</strong></span> <span class='ocrx_word' id='word_1_10' title='bbox 1517 496 1573 543; x_wconf 87' lang='lat' dir='ltr'><strong>et</strong></span> <span class='ocrx_word' id='word_1_11' title='bbox 1608 487 2032 543; x_wconf 73' lang='lat' dir='ltr'><strong>Sadduczeorum</strong></span> 
     </span>
    </p>
   </div>
   <div class='ocr_carea' id='block_1_3' title="bbox 2134 484 3725 561">
    <p class='ocr_par' dir='ltr' id='par_1_3' title="bbox 2139 484 3725 558">
     <span class='ocr_line' id='line_1_3' title="bbox 2139 484 3725 558; baseline -0.001 -20"><span class='ocrx_word' id='word_1_12' title='bbox 2139 487 2237 558; x_wconf 79' lang='grc' dir='ltr'>τὴν</span> <span class='ocrx_word' id='word_1_13' title='bbox 2253 485 2449 557; x_wconf 80' lang='grc' dir='ltr'>ψυχήν.</span> <span class='ocrx_word' id='word_1_14' title='bbox 2471 487 2580 540; x_wconf 74' lang='grc' dir='ltr'><strong>Καὶ</strong></span> <span class='ocrx_word' id='word_1_15' title='bbox 2607 487 2667 539; x_wconf 85' lang='grc' dir='ltr'><strong>τὸ</strong></span> <span class='ocrx_word' id='word_1_16' title='bbox 2698 488 2859 557; x_wconf 74' lang='grc' dir='ltr'>ῥητὸν</span> <span class='ocrx_word' id='word_1_17' title='bbox 2880 485 2936 540; x_wconf 70' lang='grc' dir='ltr'><strong>δὲ</strong></span> <span class='ocrx_word' id='word_1_18' title='bbox 2952 487 3221 557; x_wconf 74' lang='grc' dir='ltr'>εύκαῐρως</span> <span class='ocrx_word' id='word_1_19' title='bbox 3237 484 3303 540; x_wconf 83' lang='grc' dir='ltr'>ἂν</span> <span class='ocrx_word' id='word_1_20' title='bbox 3321 484 3725 557; x_wconf 81' lang='grc' dir='ltr'>προσφέροιμεν</span> 
     </span>
    </p>
   </div>
   <div class='ocr_carea' id='block_1_4' title="bbox 436 577 2032 654">
    <p class='ocr_par' dir='ltr' id='par_1_4' title="bbox 436 580 2032 654">
     <span class='ocr_line' id='line_1_4' title="bbox 436 580 2032 654; baseline -0.004 -13"><span class='ocrx_word' id='word_1_21' title='bbox 436 596 570 641; x_wconf 87' lang='lat' dir='ltr'><strong>sunt</strong></span> <span class='ocrx_word' id='word_1_22' title='bbox 605 602 714 641; x_wconf 92' lang='lat' dir='ltr'><strong>non</strong></span> <span class='ocrx_word' id='word_1_23' title='bbox 780 585 902 654; x_wconf 85' lang='lat' dir='ltr'><strong>quis</strong></span> <span class='ocrx_word' id='word_1_24' title='bbox 971 584 1252 645; x_wconf 86' lang='lat' dir='ltr'><strong>admittat,</strong></span> <span class='ocrx_word' id='word_1_25' title='bbox 1307 580 1401 635; x_wconf 86' lang='lat' dir='ltr'><strong>sed</strong></span> <span class='ocrx_word' id='word_1_26' title='bbox 1450 582 1790 636; x_wconf 89' lang='lat' dir='ltr'><strong>comedendo</strong></span> <span class='ocrx_word' id='word_1_27' title='bbox 1850 581 2032 635; x_wconf 87' lang='lat' dir='ltr'><strong>vivum</strong></span> 
     </span>
    </p>
   </div>
   <div class='ocr_carea' id='block_1_5' title="bbox 2134 577 3729 654">
    <p class='ocr_par' dir='ltr' id='par_1_5' title="bbox 2137 577 3729 650">
     <span class='ocr_line' id='line_1_5' title="bbox 2137 577 3729 650; baseline -0.003 -19"><span class='ocrx_word' id='word_1_28' title='bbox 2137 581 2251 641; x_wconf 80' lang='grc' dir='ltr'>τοῖς</span> <span class='ocrx_word' id='word_1_29' title='bbox 2284 577 2421 648; x_wconf 79' lang='grc' dir='ltr'>μετὰ</span> <span class='ocrx_word' id='word_1_30' title='bbox 2454 578 2549 631; x_wconf 88' lang='grc' dir='ltr'><strong>τοῦ</strong></span> <span class='ocrx_word' id='word_1_31' title='bbox 2586 578 2988 649; x_wconf 82' lang='grc' dir='ltr'>Χριστιανίζειν</span> <span class='ocrx_word' id='word_1_32' title='bbox 3017 580 3361 650; x_wconf 75' lang='grc' dir='ltr'><strong>αἱρουμένοις</strong></span> <span class='ocrx_word' id='word_1_33' title='bbox 3389 577 3452 630; x_wconf 78' lang='grc' dir='ltr'>τὸ</span> <span class='ocrx_word' id='word_1_34' title='bbox 3484 591 3729 646; x_wconf 64' lang='grc' dir='ltr'>σωματιι</span> 
     </span>
    </p>
   </div>
   <div class='ocr_carea' id='block_1_6' title="bbox 440 668 2032 746">
    <p class='ocr_par' dir='ltr' id='par_1_6' title="bbox 440 674 2032 746">
     <span class='ocr_line' id='line_1_6' title="bbox 440 674 2032 746; baseline -0.001 -15"><span class='ocrx_word' id='word_1_35' title='bbox 440 687 496 731; x_wconf 83' lang='lat' dir='ltr'><strong>et</strong></span> <span class='ocrx_word' id='word_1_36' title='bbox 526 694 714 732; x_wconf 90' lang='lat' dir='ltr'><strong>verum</strong></span> <span class='ocrx_word' id='word_1_37' title='bbox 751 691 941 746; x_wconf 85' lang='lat' dir='ltr'><strong>panem</strong></span> <span class='ocrx_word' id='word_1_38' title='bbox 982 676 1168 728; x_wconf 86' lang='lat' dir='ltr'><strong>animo</strong></span> <span class='ocrx_word' id='word_1_39' title='bbox 1206 675 1580 730; x_wconf 82' lang='lat' dir='ltr'><strong>conﬁrmetur.</strong></span> <span class='ocrx_word' id='word_1_40' title='bbox 1627 675 1681 729; x_wconf 91' lang='lat' dir='ltr'><strong>Id</strong></span> <span class='ocrx_word' id='word_1_41' title='bbox 1725 689 1858 729; x_wconf 86' lang='lat' dir='ltr'><strong>vero</strong></span> <span class='ocrx_word' id='word_1_42' title='bbox 1886 674 2032 745; x_wconf 86' lang='lat' dir='ltr'><strong>quod</strong></span> 
     </span>
    </p>
   </div>
   <div class='ocr_carea' id='block_1_7' title="bbox 2134 668 3727 746">
    <p class='ocr_par' dir='ltr' id='par_1_7' title="bbox 2139 668 3727 746">
     <span class='ocr_line' id='line_1_7' title="bbox 2139 668 3727 746; baseline -0.003 -18"><span class='ocrx_word' id='word_1_43' title='bbox 2139 675 2252 738; x_wconf 87' lang='grc' dir='ltr'><strong>κῶς</strong></span> <span class='ocrx_word' id='word_1_44' title='bbox 2295 674 2603 738; x_wconf 71' lang='grc' dir='ltr'><strong>Ἰουδαΐζειν</strong></span> <span class='ocrx_word' id='word_1_45' title='bbox 2623 691 2637 704; x_wconf 87' lang='grc'>·</span> <span class='ocrx_word' id='word_1_46' title='bbox 2669 668 2821 728; x_wconf 78' lang='grc' dir='ltr'>οὗτοι</span> <span class='ocrx_word' id='word_1_47' title='bbox 2850 675 2958 746; x_wconf 85' lang='grc' dir='ltr'>γὰρ</span> <span class='ocrx_word' id='word_1_48' title='bbox 2980 676 3078 745; x_wconf 72' lang='grc' dir='ltr'>οὐχ</span> <span class='ocrx_word' id='word_1_49' title='bbox 3100 675 3322 746; x_wconf 77' lang='grc' dir='ltr'><strong>ὁρῶσιν,</strong></span> <span class='ocrx_word' id='word_1_50' title='bbox 3356 673 3477 727; x_wconf 64' lang='grc' dir='ltr'>οὐδὲ</span> <span class='ocrx_word' id='word_1_51' title='bbox 3528 669 3727 742; x_wconf 72' lang='grc' dir='ltr'>προσέ-</span> 
     </span>
    </p>
   </div>
   <div class='ocr_carea' id='block_1_8' title="bbox 439 762 2032 837">
    <p class='ocr_par' dir='ltr' id='par_1_8' title="bbox 439 766 2032 837">
     <span class='ocr_line' id='line_1_8' title="bbox 439 766 2032 837; baseline -0.001 -16"><span class='ocrx_word' id='word_1_52' title='bbox 439 769 646 823; x_wconf 87' lang='lat' dir='ltr'><strong>dictum</strong></span> <span class='ocrx_word' id='word_1_53' title='bbox 670 777 773 831; x_wconf 90' lang='lat' dir='ltr'><strong>est,</strong></span> <span class='ocrx_word' id='word_1_54' title='bbox 802 776 1108 837; x_wconf 83' lang='lat' dir='ltr'><strong>opportune</strong></span> <span class='ocrx_word' id='word_1_55' title='bbox 1152 767 1223 821; x_wconf 87' lang='lat' dir='ltr'><strong>iis</strong></span> <span class='ocrx_word' id='word_1_56' title='bbox 1255 767 1613 837; x_wconf 84' lang='lat' dir='ltr'><strong>applicemus.</strong></span> <span class='ocrx_word' id='word_1_57' title='bbox 1644 767 1738 837; x_wconf 91' lang='lat' dir='ltr'><strong>qui</strong></span> <span class='ocrx_word' id='word_1_58' title='bbox 1762 766 2032 821; x_wconf 89' lang='lat' dir='ltr'><strong>Christia-</strong></span> 
     </span>
    </p>
   </div>
   <div class='ocr_carea' id='block_1_9' title="bbox 2134 762 3727 837">
    <p class='ocr_par' dir='ltr' id='par_1_9' title="bbox 2137 762 3727 836">
     <span class='ocr_line' id='line_1_9' title="bbox 2137 762 3727 836; baseline -0.002 -19"><span class='ocrx_word' id='word_1_59' title='bbox 2137 781 2322 834; x_wconf 84' lang='grc' dir='ltr'>χουσιν</span> <span class='ocrx_word' id='word_1_60' title='bbox 2364 763 2471 817; x_wconf 72' lang='grc' dir='ltr'><strong>ἀπὸ</strong></span> <span class='ocrx_word' id='word_1_61' title='bbox 2514 766 2614 836; x_wconf 83' lang='grc' dir='ltr'><strong>τῆς</strong></span> <span class='ocrx_word' id='word_1_62' title='bbox 2651 764 2828 835; x_wconf 88' lang='grc' dir='ltr'>ζύμης</span> <span class='ocrx_word' id='word_1_63' title='bbox 2870 766 2979 819; x_wconf 85' lang='grc' dir='ltr'><strong>τῶν</strong></span> <span class='ocrx_word' id='word_1_64' title='bbox 3016 765 3327 836; x_wconf 77' lang='grc' dir='ltr'><strong>Φαρισαίων</strong></span> <span class='ocrx_word' id='word_1_65' title='bbox 3366 764 3460 817; x_wconf 75' lang='grc' dir='ltr'><strong>καὶ</strong></span> <span class='ocrx_word' id='word_1_66' title='bbox 3498 762 3727 815; x_wconf 83' lang='grc' dir='ltr'>Σαδδου-</span> 
     </span>
    </p>
   </div>
   <div class='ocr_carea' id='block_1_10' title="bbox 444 849 2032 929">
    <p class='ocr_par' dir='ltr' id='par_1_10' title="bbox 444 857 2032 929">
     <span class='ocr_line' id='line_1_10' title="bbox 444 857 2032 929; baseline 0 -16"><span class='ocrx_word' id='word_1_67' title='bbox 444 876 638 915; x_wconf 88' lang='lat' dir='ltr'><strong>norum</strong></span> <span class='ocrx_word' id='word_1_68' title='bbox 667 875 817 914; x_wconf 88' lang='lat' dir='ltr'><strong>more</strong></span> <span class='ocrx_word' id='word_1_69' title='bbox 843 860 1110 922; x_wconf 81' lang='lat' dir='ltr'><strong>viventes,</strong></span> <span class='ocrx_word' id='word_1_70' title='bbox 1137 859 1495 929; x_wconf 87' lang='lat' dir='ltr'><strong>corporaliter</strong></span> <span class='ocrx_word' id='word_1_71' title='bbox 1526 869 1784 928; x_wconf 67' lang='lat' dir='ltr'><strong>prazterea</strong></span> <span class='ocrx_word' id='word_1_72' title='bbox 1817 857 2032 913; x_wconf 74' lang='lat' dir='ltr'><strong>Iudaeo-</strong></span> 
     </span>
    </p>
   </div>
   <div class='ocr_carea' id='block_1_11' title="bbox 2134 849 3727 929">
    <p class='ocr_par' dir='ltr' id='par_1_11' title="bbox 2135 849 3727 923">
     <span class='ocr_line' id='line_1_11' title="bbox 2135 849 3727 923; baseline 0 -20"><span class='ocrx_word' id='word_1_73' title='bbox 2135 849 2327 914; x_wconf 83' lang='grc' dir='ltr'>καίων,</span> <span class='ocrx_word' id='word_1_74' title='bbox 2368 851 2505 904; x_wconf 84' lang='grc' dir='ltr'>ἀλλὰ</span> <span class='ocrx_word' id='word_1_75' title='bbox 2532 852 2682 922; x_wconf 87' lang='grc' dir='ltr'><strong>παρά</strong></span> <span class='ocrx_word' id='word_1_76' title='bbox 2719 852 2780 905; x_wconf 84' lang='grc' dir='ltr'><strong>τὸ</strong></span> <span class='ocrx_word' id='word_1_77' title='bbox 2822 852 3069 923; x_wconf 86' lang='grc' dir='ltr'>βούλημα</span> <span class='ocrx_word' id='word_1_78' title='bbox 3115 853 3209 906; x_wconf 85' lang='grc' dir='ltr'><strong>τοῦ</strong></span> <span class='ocrx_word' id='word_1_79' title='bbox 3248 852 3727 922; x_wconf 80' lang='grc' dir='ltr'><strong>ἀπαγορεύσαντος</strong></span> 
     </span>
    </p>
   </div>
   <div class='ocr_carea' id='block_1_12' title="bbox 438 939 2032 1014">
    <p class='ocr_par' dir='ltr' id='par_1_12' title="bbox 438 950 2032 1005">
     <span class='ocr_line' id='line_1_12' title="bbox 438 950 2032 1005; baseline 0 -1"><span class='ocrx_word' id='word_1_80' title='bbox 438 966 559 1004; x_wconf 84' lang='lat' dir='ltr'><strong>rum</strong></span> <span class='ocrx_word' id='word_1_81' title='bbox 607 965 759 1005; x_wconf 91' lang='lat' dir='ltr'><strong>more</strong></span> <span class='ocrx_word' id='word_1_82' title='bbox 803 950 982 1005; x_wconf 73' lang='lat' dir='ltr'><strong>vivere</strong></span> <span class='ocrx_word' id='word_1_83' title='bbox 1016 950 1253 1004; x_wconf 82' lang='lat' dir='ltr'><strong>volunt:</strong></span> <span class='ocrx_word' id='word_1_84' title='bbox 1294 951 1348 1004; x_wconf 95' lang='lat' dir='ltr'><strong>hi</strong></span> <span class='ocrx_word' id='word_1_85' title='bbox 1395 952 1541 1005; x_wconf 89' lang='lat' dir='ltr'><strong>enim</strong></span> <span class='ocrx_word' id='word_1_86' title='bbox 1600 966 1708 1004; x_wconf 89' lang='lat' dir='ltr'><strong>non</strong></span> <span class='ocrx_word' id='word_1_87' title='bbox 1756 951 2032 1005; x_wconf 88' lang='lat' dir='ltr'><strong>intuentur</strong></span> 
     </span>
    </p>
   </div>
   <div class='ocr_carea' id='block_1_13' title="bbox 2134 939 3730 1014">
    <p class='ocr_par' dir='ltr' id='par_1_13' title="bbox 2135 939 3730 1014">
     <span class='ocr_line' id='line_1_13' title="bbox 2135 939 3730 1014; baseline 0.003 -22"><span class='ocrx_word' id='word_1_88' title='bbox 2135 939 2304 1011; x_wconf 74' lang='grc' dir='ltr'>αὐτὴν</span> <span class='ocrx_word' id='word_1_89' title='bbox 2336 942 2511 1012; x_wconf 85' lang='grc' dir='ltr'><strong>Ἰησοῦ</strong></span> <span class='ocrx_word' id='word_1_90' title='bbox 2534 942 2624 995; x_wconf 76' lang='grc' dir='ltr'><strong>τὸν</strong></span> <span class='ocrx_word' id='word_1_91' title='bbox 2652 943 2960 1012; x_wconf 77' lang='grc' dir='ltr'><strong>Φαρισαίων</strong></span> <span class='ocrx_word' id='word_1_92' title='bbox 2984 944 3148 1014; x_wconf 71' lang='grc' dir='ltr'>ἄρτον</span> <span class='ocrx_word' id='word_1_93' title='bbox 3174 943 3435 996; x_wconf 81' lang='grc' dir='ltr'>ἐσθίουσι.</span> <span class='ocrx_word' id='word_1_94' title='bbox 3456 944 3569 995; x_wconf 79' lang='grc' dir='ltr'><strong>Καὶ</strong></span> <span class='ocrx_word' id='word_1_95' title='bbox 3594 941 3730 996; x_wconf 83' lang='grc' dir='ltr'><strong>πάν-</strong></span> 
     </span>
    </p>
   </div>
   <div class='ocr_carea' id='block_1_14' title="bbox 441 1032 2032 1110">
    <p class='ocr_par' dir='ltr' id='par_1_14' title="bbox 441 1039 2032 1110">
     <span class='ocr_line' id='line_1_14' title="bbox 441 1039 2032 1110; baseline 0.003 -17"><span class='ocrx_word' id='word_1_96' title='bbox 441 1056 616 1110; x_wconf 89' lang='lat' dir='ltr'><strong>neque</strong></span> <span class='ocrx_word' id='word_1_97' title='bbox 666 1051 859 1096; x_wconf 84' lang='lat' dir='ltr'><strong>cavent</strong></span> <span class='ocrx_word' id='word_1_98' title='bbox 902 1057 933 1095; x_wconf 88' lang='lat' dir='ltr'><strong>a</strong></span> <span class='ocrx_word' id='word_1_99' title='bbox 985 1041 1252 1095; x_wconf 82' lang='lat' dir='ltr'><strong>fermento</strong></span> <span class='ocrx_word' id='word_1_100' title='bbox 1288 1039 1687 1096; x_wconf 68' lang='lat' dir='ltr'><strong>Pharisaeorum</strong></span> <span class='ocrx_word' id='word_1_101' title='bbox 1733 1052 1789 1096; x_wconf 86' lang='lat' dir='ltr'><strong>et</strong></span> <span class='ocrx_word' id='word_1_102' title='bbox 1826 1042 2032 1097; x_wconf 79' lang='lat' dir='ltr'><strong>Saddu-</strong></span> 
     </span>
    </p>
   </div>
   <div class='ocr_carea' id='block_1_15' title="bbox 2134 1032 3729 1110">
    <p class='ocr_par' dir='ltr' id='par_1_15' title="bbox 2134 1032 3729 1107">
     <span class='ocr_line' id='line_1_15' title="bbox 2134 1032 3729 1107; baseline 0.001 -21"><span class='ocrx_word' id='word_1_103' title='bbox 2134 1052 2225 1097; x_wconf 89' lang='grc' dir='ltr'><strong>τες</strong></span> <span class='ocrx_word' id='word_1_104' title='bbox 2256 1035 2323 1099; x_wconf 84' lang='grc' dir='ltr'>δ’,</span> <span class='ocrx_word' id='word_1_105' title='bbox 2363 1032 2535 1105; x_wconf 71' lang='grc' dir='ltr'>οἶμαι,</span> <span class='ocrx_word' id='word_1_106' title='bbox 2561 1037 2677 1088; x_wconf 85' lang='grc' dir='ltr'>ὅσοι</span> <span class='ocrx_word' id='word_1_107' title='bbox 2705 1036 2767 1088; x_wconf 86' lang='grc' dir='ltr'>οὐ</span> <span class='ocrx_word' id='word_1_108' title='bbox 2798 1034 3079 1106; x_wconf 85' lang='grc' dir='ltr'>βούλονται</span> <span class='ocrx_word' id='word_1_109' title='bbox 3112 1038 3362 1107; x_wconf 82' lang='grc' dir='ltr'><strong>φρονεῖν,</strong></span> <span class='ocrx_word' id='word_1_110' title='bbox 3396 1036 3478 1088; x_wconf 84' lang='grc' dir='ltr'>ὅτι</span> <span class='ocrx_word' id='word_1_111' title='bbox 3509 1037 3538 1088; x_wconf 87' lang='grc' dir='ltr'><strong>ό</strong></span> <span class='ocrx_word' id='word_1_112' title='bbox 3566 1036 3729 1105; x_wconf 82' lang='grc' dir='ltr'>νόμος</span> 
     </span>
    </p>
   </div>
   <div class='ocr_carea' id='block_1_16' title="bbox 436 1124 2032 1210">
    <p class='ocr_par' dir='ltr' id='par_1_16' title="bbox 436 1130 2031 1202">
     <span class='ocr_line' id='line_1_16' title="bbox 436 1130 2031 1202; baseline 0.004 -22"><span class='ocrx_word' id='word_1_113' title='bbox 436 1148 720 1199; x_wconf 62' lang='lat' dir='ltr'><strong>«rerum;</strong></span> <span class='ocrx_word' id='word_1_114' title='bbox 788 1134 883 1187; x_wconf 67' lang='lat' dir='ltr'><strong>sed</strong></span> <span class='ocrx_word' id='word_1_115' title='bbox 944 1141 1140 1201; x_wconf 64' lang='lat' dir='ltr'><strong>praeter</strong></span> <span class='ocrx_word' id='word_1_116' title='bbox 1179 1132 1516 1186; x_wconf 78' lang='lat' dir='ltr'><strong>voluntatem</strong></span> <span class='ocrx_word' id='word_1_117' title='bbox 1577 1130 1705 1187; x_wconf 80' lang='lat' dir='ltr'><strong>Jesu</strong></span> <span class='ocrx_word' id='word_1_118' title='bbox 1762 1132 1855 1202; x_wconf 89' lang='lat' dir='ltr'><strong>qui</strong></span> <span class='ocrx_word' id='word_1_119' title='bbox 1901 1131 2031 1186; x_wconf 88' lang='lat' dir='ltr'><strong>illud</strong></span> 
     </span>
    </p>
   </div>
   <div class='ocr_carea' id='block_1_17' title="bbox 2134 1124 3767 1210">
    <p class='ocr_par' dir='ltr' id='par_1_17' title="bbox 2135 1124 3729 1195">
     <span class='ocr_line' id='line_1_17' title="bbox 2135 1124 3729 1195; baseline -0.001 -18"><span class='ocrx_word' id='word_1_120' title='bbox 2135 1126 2504 1195; x_wconf 83' lang='grc' dir='ltr'>πνευματικός</span> <span class='ocrx_word' id='word_1_121' title='bbox 2549 1128 2716 1189; x_wconf 83' lang='grc' dir='ltr'>ἐστιν,</span> <span class='ocrx_word' id='word_1_122' title='bbox 2764 1125 2860 1178; x_wconf 79' lang='grc' dir='ltr'><strong>καὶ</strong></span> <span class='ocrx_word' id='word_1_123' title='bbox 2908 1125 3066 1179; x_wconf 78' lang='grc' dir='ltr'>σκιάν</span> <span class='ocrx_word' id='word_1_124' title='bbox 3096 1124 3208 1195; x_wconf 77' lang='grc' dir='ltr'>ἔχει</span> <span class='ocrx_word' id='word_1_125' title='bbox 3252 1124 3362 1179; x_wconf 84' lang='grc' dir='ltr'><strong>τῶν</strong></span> <span class='ocrx_word' id='word_1_126' title='bbox 3422 1124 3729 1194; x_wconf 81' lang='grc' dir='ltr'><strong>μελλόντων</strong></span> 
     </span>
    </p>
   </div>
   <div class='ocr_carea' id='block_1_18' title="bbox 440 1223 2036 1295">
    <p class='ocr_par' dir='ltr' id='par_1_18' title="bbox 440 1223 2036 1295">
     <span class='ocr_line' id='line_1_18' title="bbox 440 1223 2036 1295; baseline 0.001 -18"><span class='ocrx_word' id='word_1_127' title='bbox 440 1225 742 1293; x_wconf 69' lang='lat' dir='ltr'><strong>prohibuit,</strong></span> <span class='ocrx_word' id='word_1_128' title='bbox 791 1223 1194 1278; x_wconf 66' lang='lat' dir='ltr'><strong>Pharisaeorum</strong></span> <span class='ocrx_word' id='word_1_129' title='bbox 1225 1238 1418 1292; x_wconf 90' lang='lat' dir='ltr'><strong>panem</strong></span> <span class='ocrx_word' id='word_1_130' title='bbox 1450 1223 1765 1278; x_wconf 90' lang='lat' dir='ltr'><strong>comedunt.</strong></span> <span class='ocrx_word' id='word_1_131' title='bbox 1815 1224 1879 1278; x_wconf 87' lang='lat' dir='ltr'><strong>Et</strong></span> <span class='ocrx_word' id='word_1_132' title='bbox 1917 1224 2036 1295; x_wconf 89' lang='lat' dir='ltr'><strong>qui-</strong></span> 
     </span>
    </p>
   </div>
   <div class='ocr_carea' id='block_1_19' title="bbox 438 1314 2030 1385">
    <p class='ocr_par' dir='ltr' id='par_1_19' title="bbox 438 1314 2030 1385">
     <span class='ocr_line' id='line_1_19' title="bbox 438 1314 2030 1385; baseline 0.001 -16"><span class='ocrx_word' id='word_1_133' title='bbox 438 1331 690 1385; x_wconf 79' lang='lat' dir='ltr'><strong>cunque,</strong></span> <span class='ocrx_word' id='word_1_134' title='bbox 734 1315 964 1385; x_wconf 85' lang='lat' dir='ltr'><strong>opinor,</strong></span> <span class='ocrx_word' id='word_1_135' title='bbox 1014 1315 1259 1369; x_wconf 89' lang='lat' dir='ltr'><strong>animum</strong></span> <span class='ocrx_word' id='word_1_136' title='bbox 1315 1314 1573 1369; x_wconf 84' lang='lat' dir='ltr'><strong>inducere</strong></span> <span class='ocrx_word' id='word_1_137' title='bbox 1623 1314 1813 1368; x_wconf 88' lang='lat' dir='ltr'><strong>nolunt</strong></span> <span class='ocrx_word' id='word_1_138' title='bbox 1860 1315 2030 1383; x_wconf 78' lang='lat' dir='ltr'><strong>legem</strong></span> 
     </span>
    </p>
   </div>
   <div class='ocr_carea' id='block_1_20' title="bbox 438 1406 2030 1477">
    <p class='ocr_par' dir='ltr' id='par_1_20' title="bbox 438 1406 2030 1477">
     <span class='ocr_line' id='line_1_20' title="bbox 438 1406 2030 1477; baseline -0.001 -14"><span class='ocrx_word' id='word_1_139' title='bbox 438 1425 562 1463; x_wconf 79' lang='lat' dir='ltr'><strong>esse</strong></span> <span class='ocrx_word' id='word_1_140' title='bbox 603 1408 978 1477; x_wconf 89' lang='lat' dir='ltr'><strong>spiritualem,</strong></span> <span class='ocrx_word' id='word_1_141' title='bbox 1014 1417 1069 1462; x_wconf 90' lang='lat' dir='ltr'><strong>et</strong></span> <span class='ocrx_word' id='word_1_142' title='bbox 1117 1406 1428 1461; x_wconf 80' lang='lat' dir='ltr'><strong>futurorum</strong></span> <span class='ocrx_word' id='word_1_143' title='bbox 1477 1407 1743 1462; x_wconf 88' lang='lat' dir='ltr'><strong>bonorum</strong></span> <span class='ocrx_word' id='word_1_144' title='bbox 1777 1406 2030 1461; x_wconf 80' lang='lat' dir='ltr'><strong>umbram</strong></span> 
     </span>
    </p>
   </div>
   <div class='ocr_carea' id='block_1_21' title="bbox 440 1496 2033 1567">
    <p class='ocr_par' dir='ltr' id='par_1_21' title="bbox 440 1496 2033 1567">
     <span class='ocr_line' id='line_1_21' title="bbox 440 1496 2033 1567; baseline -0.001 -14"><span class='ocrx_word' id='word_1_145' title='bbox 440 1500 743 1564; x_wconf 87' lang='lat' dir='ltr'><strong>continere,</strong></span> <span class='ocrx_word' id='word_1_146' title='bbox 782 1508 837 1553; x_wconf 90' lang='lat' dir='ltr'><strong>et</strong></span> <span class='ocrx_word' id='word_1_147' title='bbox 863 1499 1111 1553; x_wconf 86' lang='lat' dir='ltr'><strong>umbram</strong></span> <span class='ocrx_word' id='word_1_148' title='bbox 1137 1513 1260 1552; x_wconf 87' lang='lat' dir='ltr'><strong>esse</strong></span> <span class='ocrx_word' id='word_1_149' title='bbox 1286 1496 1595 1551; x_wconf 82' lang='lat' dir='ltr'><strong>futurorum</strong></span> <span class='ocrx_word' id='word_1_150' title='bbox 1631 1497 1698 1563; x_wconf 66' lang='grc' dir='ltr'><strong>ον,</strong></span> <span class='ocrx_word' id='word_1_151' title='bbox 1743 1510 1844 1551; x_wconf 90' lang='lat' dir='ltr'><strong>nec</strong></span> <span class='ocrx_word' id='word_1_152' title='bbox 1878 1512 2033 1567; x_wconf 74' lang='lat' dir='ltr'><strong>qua:-</strong></span> 
     </span>
    </p>
   </div>
   <div class='ocr_carea' id='block_1_22' title="bbox 441 1587 2034 1658">
    <p class='ocr_par' dir='ltr' id='par_1_22' title="bbox 441 1587 2034 1658">
     <span class='ocr_line' id='line_1_22' title="bbox 441 1587 2034 1658; baseline 0.001 -17"><span class='ocrx_word' id='word_1_153' title='bbox 441 1597 575 1642; x_wconf 88' lang='lat' dir='ltr'><strong>runt</strong></span> <span class='ocrx_word' id='word_1_154' title='bbox 618 1589 910 1658; x_wconf 72' lang='lat' dir='ltr'><strong>cuiusnam</strong></span> <span class='ocrx_word' id='word_1_155' title='bbox 960 1588 1128 1642; x_wconf 81' lang='lat' dir='ltr'><strong>futuri</strong></span> <span class='ocrx_word' id='word_1_156' title='bbox 1177 1587 1304 1642; x_wconf 88' lang='lat' dir='ltr'><strong>boui</strong></span> <span class='ocrx_word' id='word_1_157' title='bbox 1359 1588 1550 1641; x_wconf 88' lang='lat' dir='ltr'><strong>umbra</strong></span> <span class='ocrx_word' id='word_1_158' title='bbox 1590 1588 1661 1642; x_wconf 85' lang='lat' dir='ltr'><strong>sit</strong></span> <span class='ocrx_word' id='word_1_159' title='bbox 1693 1602 2034 1658; x_wconf 83' lang='lat' dir='ltr'><strong>unaqu:eque</strong></span> 
     </span>
    </p>
   </div>
   <div class='ocr_carea' id='block_1_23' title="bbox 441 1680 2034 1752">
    <p class='ocr_par' dir='ltr' id='par_1_23' title="bbox 441 1680 2034 1752">
     <span class='ocr_line' id='line_1_23' title="bbox 441 1680 2034 1752; baseline 0.001 -17"><span class='ocrx_word' id='word_1_160' title='bbox 441 1683 556 1748; x_wconf 75' lang='lat' dir='ltr'><strong>lex,</strong></span> <span class='ocrx_word' id='word_1_161' title='bbox 590 1698 698 1737; x_wconf 91' lang='lat' dir='ltr'><strong>non</strong></span> <span class='ocrx_word' id='word_1_162' title='bbox 736 1683 1050 1747; x_wconf 88' lang='lat' dir='ltr'><strong>intuentur,</strong></span> <span class='ocrx_word' id='word_1_163' title='bbox 1099 1697 1278 1752; x_wconf 89' lang='lat' dir='ltr'><strong>neque</strong></span> <span class='ocrx_word' id='word_1_164' title='bbox 1304 1691 1496 1737; x_wconf 86' lang='lat' dir='ltr'><strong>cavent</strong></span> <span class='ocrx_word' id='word_1_165' title='bbox 1525 1697 1557 1737; x_wconf 87' lang='lat' dir='ltr'><strong>a</strong></span> <span class='ocrx_word' id='word_1_166' title='bbox 1587 1680 1858 1737; x_wconf 79' lang='lat' dir='ltr'><strong>fertnento</strong></span> <span class='ocrx_word' id='word_1_167' title='bbox 1887 1680 2034 1737; x_wconf 76' lang='lat' dir='ltr'><strong>l’ha-</strong></span> 
     </span>
    </p>
   </div>
   <div class='ocr_carea' id='block_1_24' title="bbox 439 1775 2029 1844">
    <p class='ocr_par' dir='ltr' id='par_1_24' title="bbox 439 1775 2029 1844">
     <span class='ocr_line' id='line_1_24' title="bbox 439 1775 2029 1844; baseline 0.001 -18"><span class='ocrx_word' id='word_1_168' title='bbox 439 1775 759 1840; x_wconf 75' lang='lat' dir='ltr'><strong>riszeorum;</strong></span> <span class='ocrx_word' id='word_1_169' title='bbox 792 1775 882 1844; x_wconf 93' lang='lat' dir='ltr'><strong>qni</strong></span> <span class='ocrx_word' id='word_1_170' title='bbox 906 1783 1087 1827; x_wconf 88' lang='lat' dir='ltr'><strong>autem</strong></span> <span class='ocrx_word' id='word_1_171' title='bbox 1116 1783 1171 1828; x_wconf 91' lang='lat' dir='ltr'><strong>et</strong></span> <span class='ocrx_word' id='word_1_172' title='bbox 1196 1783 1538 1829; x_wconf 86' lang='lat' dir='ltr'><strong>mortuorum</strong></span> <span class='ocrx_word' id='word_1_173' title='bbox 1570 1775 2029 1829; x_wconf 86' lang='lat' dir='ltr'><strong>resurrectionem</strong></span> 
     </span>
    </p>
   </div>
   <div class='ocr_carea' id='block_1_25' title="bbox 2132 1215 3729 1287">
    <p class='ocr_par' dir='ltr' id='par_1_25' title="bbox 2132 1215 3729 1287">
     <span class='ocr_line' id='line_1_25' title="bbox 2132 1215 3729 1287; baseline -0.001 -18"><span class='ocrx_word' id='word_1_174' title='bbox 2132 1216 2375 1284; x_wconf 88' lang='grc' dir='ltr'>ἀγαθῶν,</span> <span class='ocrx_word' id='word_1_175' title='bbox 2411 1216 2504 1269; x_wconf 79' lang='grc' dir='ltr'>καὶ</span> <span class='ocrx_word' id='word_1_176' title='bbox 2539 1216 2668 1269; x_wconf 88' lang='grc' dir='ltr'><strong>σκιά</strong></span> <span class='ocrx_word' id='word_1_177' title='bbox 2698 1218 2814 1269; x_wconf 78' lang='grc' dir='ltr'>ἐστι</span> <span class='ocrx_word' id='word_1_178' title='bbox 2841 1216 2952 1270; x_wconf 85' lang='grc' dir='ltr'><strong>τῶν</strong></span> <span class='ocrx_word' id='word_1_179' title='bbox 2982 1216 3304 1287; x_wconf 77' lang='grc' dir='ltr'><strong>μελλόντων,</strong></span> <span class='ocrx_word' id='word_1_180' title='bbox 3339 1216 3459 1268; x_wconf 81' lang='grc' dir='ltr'>οὐδὲ</span> <span class='ocrx_word' id='word_1_181' title='bbox 3506 1215 3729 1286; x_wconf 76' lang='grc' dir='ltr'><strong>ζητοῦσι</strong></span> 
     </span>
    </p>
   </div>
   <div class='ocr_carea' id='block_1_26' title="bbox 2133 1306 3727 1378">
    <p class='ocr_par' dir='ltr' id='par_1_26' title="bbox 2133 1306 3727 1378">
     <span class='ocr_line' id='line_1_26' title="bbox 2133 1306 3727 1378; baseline -0.001 -19"><span class='ocrx_word' id='word_1_182' title='bbox 2133 1307 2278 1371; x_wconf 85' lang='grc' dir='ltr'>τίνος</span> <span class='ocrx_word' id='word_1_183' title='bbox 2309 1306 2594 1378; x_wconf 76' lang='grc' dir='ltr'>μέλλοντος</span> <span class='ocrx_word' id='word_1_184' title='bbox 2617 1306 2823 1377; x_wconf 82' lang='grc' dir='ltr'><strong>ἀγαθοῦ</strong></span> <span class='ocrx_word' id='word_1_185' title='bbox 2843 1310 2957 1360; x_wconf 88' lang='grc' dir='ltr'>ἐστι</span> <span class='ocrx_word' id='word_1_186' title='bbox 2981 1309 3110 1362; x_wconf 86' lang='grc' dir='ltr'><strong>σκιά</strong></span> <span class='ocrx_word' id='word_1_187' title='bbox 3133 1308 3363 1370; x_wconf 76' lang='grc' dir='ltr'>ἕκαστος</span> <span class='ocrx_word' id='word_1_188' title='bbox 3386 1307 3497 1359; x_wconf 86' lang='grc' dir='ltr'><strong>τῶν</strong></span> <span class='ocrx_word' id='word_1_189' title='bbox 3524 1307 3727 1377; x_wconf 87' lang='grc' dir='ltr'>νόμων,</span> 
     </span>
    </p>
   </div>
   <div class='ocr_carea' id='block_1_27' title="bbox 2132 1396 3731 1471">
    <p class='ocr_par' dir='ltr' id='par_1_27' title="bbox 2132 1396 3731 1471">
     <span class='ocr_line' id='line_1_27' title="bbox 2132 1396 3731 1471; baseline 0.001 -20"><span class='ocrx_word' id='word_1_190' title='bbox 2132 1398 2232 1468; x_wconf 83' lang='grc' dir='ltr'><strong>οὐχ</strong></span> <span class='ocrx_word' id='word_1_191' title='bbox 2258 1398 2494 1470; x_wconf 81' lang='grc' dir='ltr'>ὁρῶσιν,</span> <span class='ocrx_word' id='word_1_192' title='bbox 2536 1399 2657 1453; x_wconf 80' lang='grc' dir='ltr'>οὐδὲ</span> <span class='ocrx_word' id='word_1_193' title='bbox 2697 1399 3060 1471; x_wconf 82' lang='grc' dir='ltr'>προσέχουσιν</span> <span class='ocrx_word' id='word_1_194' title='bbox 3112 1398 3223 1454; x_wconf 76' lang='grc' dir='ltr'>ἀπὸ</span> <span class='ocrx_word' id='word_1_195' title='bbox 3253 1399 3353 1470; x_wconf 82' lang='grc' dir='ltr'><strong>τῆς</strong></span> <span class='ocrx_word' id='word_1_196' title='bbox 3402 1396 3581 1470; x_wconf 81' lang='grc' dir='ltr'><strong>ζύμης</strong></span> <span class='ocrx_word' id='word_1_197' title='bbox 3620 1398 3731 1452; x_wconf 84' lang='grc' dir='ltr'><strong>τῶν</strong></span> 
     </span>
    </p>
   </div>
   <div class='ocr_carea' id='block_1_28' title="bbox 2131 1489 3729 1563">
    <p class='ocr_par' dir='ltr' id='par_1_28' title="bbox 2131 1489 3729 1563">
     <span class='ocr_line' id='line_1_28' title="bbox 2131 1489 3729 1563; baseline 0 -21"><span class='ocrx_word' id='word_1_198' title='bbox 2131 1489 2468 1561; x_wconf 74' lang='grc' dir='ltr'>Φαρισαίωψ</span> <span class='ocrx_word' id='word_1_199' title='bbox 2491 1490 2542 1542; x_wconf 81' lang='grc' dir='ltr'>οἱ</span> <span class='ocrx_word' id='word_1_200' title='bbox 2574 1490 2634 1543; x_wconf 80' lang='grc' dir='ltr'>δὲ</span> <span class='ocrx_word' id='word_1_201' title='bbox 2665 1491 2759 1544; x_wconf 72' lang='grc' dir='ltr'><strong>καὶ</strong></span> <span class='ocrx_word' id='word_1_202' title='bbox 2781 1491 2876 1562; x_wconf 78' lang='grc' dir='ltr'>τὴν</span> <span class='ocrx_word' id='word_1_203' title='bbox 2894 1491 3002 1543; x_wconf 85' lang='grc' dir='ltr'><strong>τῶν</strong></span> <span class='ocrx_word' id='word_1_204' title='bbox 3025 1491 3236 1563; x_wconf 85' lang='grc' dir='ltr'>νεκρῶν</span> <span class='ocrx_word' id='word_1_205' title='bbox 3261 1489 3580 1552; x_wconf 76' lang='grc' dir='ltr'><strong>ἀθετοῦντες</strong></span> <span class='ocrx_word' id='word_1_206' title='bbox 3600 1490 3729 1543; x_wconf 85' lang='grc' dir='ltr'>ἀνά-</span> 
     </span>
    </p>
   </div>
   <div class='ocr_carea' id='block_1_29' title="bbox 2135 1580 3730 1653">
    <p class='ocr_par' dir='ltr' id='par_1_29' title="bbox 2135 1580 3730 1653">
     <span class='ocr_line' id='line_1_29' title="bbox 2135 1580 3730 1653; baseline -0.001 -18"><span class='ocrx_word' id='word_1_207' title='bbox 2135 1598 2327 1636; x_wconf 87' lang='grc' dir='ltr'>στασιν</span> <span class='ocrx_word' id='word_1_208' title='bbox 2360 1582 2422 1634; x_wconf 85' lang='grc' dir='ltr'><strong>ού</strong></span> <span class='ocrx_word' id='word_1_209' title='bbox 2461 1580 2818 1650; x_wconf 78' lang='grc' dir='ltr'>φυλάττονται</span> <span class='ocrx_word' id='word_1_210' title='bbox 2850 1580 2959 1635; x_wconf 82' lang='grc' dir='ltr'><strong>ἀπὸ</strong></span> <span class='ocrx_word' id='word_1_211' title='bbox 2988 1582 3086 1653; x_wconf 82' lang='grc' dir='ltr'><strong>τῆς</strong></span> <span class='ocrx_word' id='word_1_212' title='bbox 3127 1581 3309 1653; x_wconf 83' lang='grc' dir='ltr'>ζύμης</span> <span class='ocrx_word' id='word_1_213' title='bbox 3340 1583 3449 1635; x_wconf 87' lang='grc' dir='ltr'><strong>τῶν</strong></span> <span class='ocrx_word' id='word_1_214' title='bbox 3493 1582 3730 1635; x_wconf 87' lang='grc' dir='ltr'>Σαδδου-</span> 
     </span>
    </p>
   </div>
   <div class='ocr_carea' id='block_1_30' title="bbox 2135 1672 3732 1745">
    <p class='ocr_par' dir='ltr' id='par_1_30' title="bbox 2135 1672 3732 1745">
     <span class='ocr_line' id='line_1_30' title="bbox 2135 1672 3732 1745; baseline -0.002 -17"><span class='ocrx_word' id='word_1_215' title='bbox 2135 1675 2335 1728; x_wconf 81' lang='grc' dir='ltr'><strong>καίων·</strong></span> <span class='ocrx_word' id='word_1_216' title='bbox 2372 1672 2468 1726; x_wconf 74' lang='grc' dir='ltr'><strong>καὶ</strong></span> <span class='ocrx_word' id='word_1_217' title='bbox 2498 1672 2680 1726; x_wconf 90' lang='grc' dir='ltr'>πολλοί</span> <span class='ocrx_word' id='word_1_218' title='bbox 2710 1689 2774 1741; x_wconf 84' lang='grc' dir='ltr'><strong>γε</strong></span> <span class='ocrx_word' id='word_1_219' title='bbox 2800 1675 2858 1727; x_wconf 76' lang='grc' dir='ltr'><strong>ἐν</strong></span> <span class='ocrx_word' id='word_1_220' title='bbox 2880 1676 2991 1738; x_wconf 78' lang='grc' dir='ltr'>τοῖς</span> <span class='ocrx_word' id='word_1_221' title='bbox 3017 1672 3344 1743; x_wconf 81' lang='grc' dir='ltr'>ἐτεροδόξοις</span> <span class='ocrx_word' id='word_1_222' title='bbox 3363 1673 3456 1727; x_wconf 82' lang='grc' dir='ltr'>διὰ</span> <span class='ocrx_word' id='word_1_223' title='bbox 3474 1673 3573 1741; x_wconf 84' lang='grc' dir='ltr'><strong>τὴν</strong></span> <span class='ocrx_word' id='word_1_224' title='bbox 3603 1673 3732 1745; x_wconf 80' lang='grc' dir='ltr'>περὶ</span> 
     </span>
    </p>
   </div>
   <div class='ocr_carea' id='block_1_31' title="bbox 2133 1766 3729 1838">
    <p class='ocr_par' dir='ltr' id='par_1_31' title="bbox 2133 1766 3729 1838">
     <span class='ocr_line' id='line_1_31' title="bbox 2133 1766 3729 1838; baseline -0.002 -18"><span class='ocrx_word' id='word_1_225' title='bbox 2133 1766 2485 1831; x_wconf 82' lang='grc' dir='ltr'>ἀναστάσεως</span> <span class='ocrx_word' id='word_1_226' title='bbox 2506 1766 2718 1838; x_wconf 81' lang='grc' dir='ltr'>νεκρῶν</span> <span class='ocrx_word' id='word_1_227' title='bbox 2743 1766 3002 1820; x_wconf 79' lang='grc' dir='ltr'>ἀπιστίαν</span> <span class='ocrx_word' id='word_1_228' title='bbox 3023 1768 3160 1821; x_wconf 83' lang='grc' dir='ltr'>είσὶν</span> <span class='ocrx_word' id='word_1_229' title='bbox 3183 1769 3232 1819; x_wconf 66' lang='grc' dir='ltr'>οἱ</span> <span class='ocrx_word' id='word_1_230' title='bbox 3262 1766 3631 1838; x_wconf 83' lang='grc' dir='ltr'>ἐμφυρόμενοι</span> <span class='ocrx_word' id='word_1_231' title='bbox 3661 1766 3729 1836; x_wconf 78' lang='grc' dir='ltr'><strong>τῇ</strong></span> 
     </span>
    </p>
   </div>
   <div class='ocr_carea' id='block_1_32' title="bbox 439 1856 2032 1936">
    <p class='ocr_par' dir='ltr' id='par_1_32' title="bbox 439 1864 2029 1936">
     <span class='ocr_line' id='line_1_32' title="bbox 439 1864 2029 1936; baseline 0 -17"><span class='ocrx_word' id='word_1_232' title='bbox 439 1866 789 1936; x_wconf 88' lang='lat' dir='ltr'><strong>improbant,</strong></span> <span class='ocrx_word' id='word_1_233' title='bbox 837 1884 944 1920; x_wconf 89' lang='lat' dir='ltr'><strong>non</strong></span> <span class='ocrx_word' id='word_1_234' title='bbox 975 1877 1169 1920; x_wconf 85' lang='lat' dir='ltr'><strong>cavent</strong></span> <span class='ocrx_word' id='word_1_235' title='bbox 1202 1882 1232 1921; x_wconf 88' lang='lat' dir='ltr'><strong>a</strong></span> <span class='ocrx_word' id='word_1_236' title='bbox 1265 1865 1532 1921; x_wconf 81' lang='lat' dir='ltr'><strong>fermento</strong></span> <span class='ocrx_word' id='word_1_237' title='bbox 1564 1864 2029 1932; x_wconf 65' lang='lat' dir='ltr'><strong>Sadducteorum;</strong></span> 
     </span>
    </p>
   </div>
   <div class='ocr_carea' id='block_1_33' title="bbox 2134 1856 3730 1936">
    <p class='ocr_par' dir='ltr' id='par_1_33' title="bbox 2135 1856 3730 1931">
     <span class='ocr_line' id='line_1_33' title="bbox 2135 1856 3730 1931; baseline -0.001 -19"><span class='ocrx_word' id='word_1_238' title='bbox 2135 1860 2244 1914; x_wconf 85' lang='grc' dir='ltr'><strong>τῶν</strong></span> <span class='ocrx_word' id='word_1_239' title='bbox 2293 1858 2666 1912; x_wconf 77' lang='grc' dir='ltr'>Σαδδουκαίων</span> <span class='ocrx_word' id='word_1_240' title='bbox 2738 1857 2908 1931; x_wconf 77' lang='grc' dir='ltr'>ζύμῃ.</span> <span class='ocrx_word' id='word_1_241' title='bbox 2973 1857 3161 1912; x_wconf 88' lang='grc' dir='ltr'>Ταῦτα</span> <span class='ocrx_word' id='word_1_242' title='bbox 3200 1858 3267 1930; x_wconf 84' lang='grc' dir='ltr'>δὴ</span> <span class='ocrx_word' id='word_1_243' title='bbox 3331 1857 3583 1926; x_wconf 83' lang='grc' dir='ltr'>λέγοντος</span> <span class='ocrx_word' id='word_1_244' title='bbox 3632 1856 3730 1911; x_wconf 86' lang='grc' dir='ltr'><strong>τοῦ</strong></span> 
     </span>
    </p>
   </div>
   <div class='ocr_carea' id='block_1_34' title="bbox 437 1957 2029 2029">
    <p class='ocr_par' dir='ltr' id='par_1_34' title="bbox 437 1957 2029 2029">
     <span class='ocr_line' id='line_1_34' title="bbox 437 1957 2029 2029; baseline 0 -16"><span class='ocrx_word' id='word_1_245' title='bbox 437 1967 491 2013; x_wconf 83' lang='lat' dir='ltr'><strong>ct</strong></span> <span class='ocrx_word' id='word_1_246' title='bbox 520 1960 675 2013; x_wconf 92' lang='lat' dir='ltr'><strong>multi</strong></span> <span class='ocrx_word' id='word_1_247' title='bbox 714 1960 933 2027; x_wconf 86' lang='lat' dir='ltr'><strong>quidem</strong></span> <span class='ocrx_word' id='word_1_248' title='bbox 984 1961 1126 2014; x_wconf 89' lang='lat' dir='ltr'><strong>inter</strong></span> <span class='ocrx_word' id='word_1_249' title='bbox 1158 1974 1255 2014; x_wconf 87' lang='lat' dir='ltr'><strong>eos</strong></span> <span class='ocrx_word' id='word_1_250' title='bbox 1296 1959 1390 2029; x_wconf 86' lang='lat' dir='ltr'><strong>qui</strong></span> <span class='ocrx_word' id='word_1_251' title='bbox 1432 1958 1664 2013; x_wconf 81' lang='lat' dir='ltr'><strong>diversis</strong></span> <span class='ocrx_word' id='word_1_252' title='bbox 1697 1959 1767 2011; x_wconf 86' lang='lat' dir='ltr'><strong>ab</strong></span> <span class='ocrx_word' id='word_1_253' title='bbox 1790 1957 2029 2013; x_wconf 79' lang='lat' dir='ltr'><strong>Ecclesia</strong></span> 
     </span>
    </p>
   </div>
   <div class='ocr_carea' id='block_1_35' title="bbox 437 2050 2033 2121">
    <p class='ocr_par' dir='ltr' id='par_1_35' title="bbox 437 2050 2033 2121">
     <span class='ocr_line' id='line_1_35' title="bbox 437 2050 2033 2121; baseline -0.001 -16"><span class='ocrx_word' id='word_1_254' title='bbox 437 2051 795 2121; x_wconf 88' lang='lat' dir='ltr'><strong>opinionibus</strong></span> <span class='ocrx_word' id='word_1_255' title='bbox 854 2051 1174 2117; x_wconf 66' lang='lat' dir='ltr'><strong>adhazrent,</strong></span> <span class='ocrx_word' id='word_1_256' title='bbox 1236 2060 1459 2120; x_wconf 79' lang='lat' dir='ltr'><strong>propter</strong></span> <span class='ocrx_word' id='word_1_257' title='bbox 1499 2063 1657 2104; x_wconf 82' lang='lat' dir='ltr'><strong>suam</strong></span> <span class='ocrx_word' id='word_1_258' title='bbox 1691 2050 1837 2105; x_wconf 90' lang='lat' dir='ltr'><strong>circa</strong></span> <span class='ocrx_word' id='word_1_259' title='bbox 1884 2064 2033 2104; x_wconf 85' lang='lat' dir='ltr'><strong>mor-</strong></span> 
     </span>
    </p>
   </div>
   <div class='ocr_carea' id='block_1_36' title="bbox 441 2141 2031 2212">
    <p class='ocr_par' dir='ltr' id='par_1_36' title="bbox 441 2141 2031 2212">
     <span class='ocr_line' id='line_1_36' title="bbox 441 2141 2031 2212; baseline -0.001 -16"><span class='ocrx_word' id='word_1_260' title='bbox 441 2151 666 2197; x_wconf 89' lang='lat' dir='ltr'><strong>tuorum</strong></span> <span class='ocrx_word' id='word_1_261' title='bbox 696 2145 1157 2198; x_wconf 78' lang='lat' dir='ltr'><strong>resurrectionem</strong></span> <span class='ocrx_word' id='word_1_262' title='bbox 1204 2142 1663 2210; x_wconf 82' lang='lat' dir='ltr'><strong>incredulitatem,</strong></span> <span class='ocrx_word' id='word_1_263' title='bbox 1702 2143 1737 2197; x_wconf 89' lang='lat' dir='ltr'><strong>ii</strong></span> <span class='ocrx_word' id='word_1_264' title='bbox 1781 2151 1910 2197; x_wconf 89' lang='lat' dir='ltr'><strong>sunt</strong></span> <span class='ocrx_word' id='word_1_265' title='bbox 1936 2141 2031 2212; x_wconf 92' lang='lat' dir='ltr'><strong>qui</strong></span> 
     </span>
    </p>
   </div>
   <div class='ocr_carea' id='block_1_37' title="bbox 439 2232 2034 2291">
    <p class='ocr_par' dir='ltr' id='par_1_37' title="bbox 439 2232 2034 2291">
     <span class='ocr_line' id='line_1_37' title="bbox 439 2232 2034 2291; baseline 0.001 -3"><span class='ocrx_word' id='word_1_266' title='bbox 439 2232 710 2289; x_wconf 78' lang='lat' dir='ltr'><strong>fermento</strong></span> <span class='ocrx_word' id='word_1_267' title='bbox 773 2234 1200 2290; x_wconf 68' lang='lat' dir='ltr'><strong>Sadduczeorum</strong></span> <span class='ocrx_word' id='word_1_268' title='bbox 1262 2245 1392 2291; x_wconf 90' lang='lat' dir='ltr'><strong>sunt</strong></span> <span class='ocrx_word' id='word_1_269' title='bbox 1461 2236 1677 2291; x_wconf 89' lang='lat' dir='ltr'><strong>imbuti.</strong></span> <span class='ocrx_word' id='word_1_270' title='bbox 1731 2234 1868 2289; x_wconf 90' lang='lat' dir='ltr'><strong>Dum</strong></span> <span class='ocrx_word' id='word_1_271' title='bbox 1915 2235 2034 2290; x_wconf 67' lang='lat' dir='ltr'><strong>haec</strong></span> 
     </span>
    </p>
   </div>
   <div class='ocr_carea' id='block_1_38' title="bbox 437 2325 2034 2398">
    <p class='ocr_par' dir='ltr' id='par_1_38' title="bbox 437 2325 2034 2398">
     <span class='ocr_line' id='line_1_38' title="bbox 437 2325 2034 2398; baseline -0.001 -17"><span class='ocrx_word' id='word_1_272' title='bbox 437 2328 647 2383; x_wconf 82' lang='lat' dir='ltr'><strong>diceret</strong></span> <span class='ocrx_word' id='word_1_273' title='bbox 683 2325 875 2393; x_wconf 75' lang='lat' dir='ltr'><strong>Iesus,</strong></span> <span class='ocrx_word' id='word_1_274' title='bbox 929 2327 1241 2398; x_wconf 74' lang='lat' dir='ltr'><strong>cogitabant</strong></span> <span class='ocrx_word' id='word_1_275' title='bbox 1278 2327 1564 2398; x_wconf 85' lang='lat' dir='ltr'><strong>discipuli,</strong></span> <span class='ocrx_word' id='word_1_276' title='bbox 1597 2342 1703 2382; x_wconf 90' lang='lat' dir='ltr'><strong>non</strong></span> <span class='ocrx_word' id='word_1_277' title='bbox 1732 2327 1877 2383; x_wconf 88' lang='lat' dir='ltr'><strong>clara</strong></span> <span class='ocrx_word' id='word_1_278' title='bbox 1907 2325 2034 2396; x_wconf 88' lang='lat' dir='ltr'><strong>qui-</strong></span> 
     </span>
    </p>
   </div>
   <div class='ocr_carea' id='block_1_39' title="bbox 437 2420 2031 2487">
    <p class='ocr_par' dir='ltr' id='par_1_39' title="bbox 437 2420 2031 2487">
     <span class='ocr_line' id='line_1_39' title="bbox 437 2420 2031 2487; baseline 0.001 -14"><span class='ocrx_word' id='word_1_279' title='bbox 437 2424 560 2474; x_wconf 89' lang='lat' dir='ltr'><strong>dem</strong></span> <span class='ocrx_word' id='word_1_280' title='bbox 602 2436 776 2486; x_wconf 76' lang='lat' dir='ltr'><strong>voce,</strong></span> <span class='ocrx_word' id='word_1_281' title='bbox 826 2421 919 2476; x_wconf 89' lang='lat' dir='ltr'><strong>sed</strong></span> <span class='ocrx_word' id='word_1_282' title='bbox 965 2421 1017 2475; x_wconf 92' lang='lat' dir='ltr'><strong>in</strong></span> <span class='ocrx_word' id='word_1_283' title='bbox 1067 2421 1231 2475; x_wconf 92' lang='lat' dir='ltr'><strong>corde</strong></span> <span class='ocrx_word' id='word_1_284' title='bbox 1272 2436 1373 2476; x_wconf 87' lang='lat' dir='ltr'><strong>suo</strong></span> <span class='ocrx_word' id='word_1_285' title='bbox 1427 2421 1671 2477; x_wconf 86' lang='lat' dir='ltr'><strong>dicentes</strong></span> <span class='ocrx_word' id='word_1_286' title='bbox 1693 2423 1740 2454; x_wconf 85' lang='lat'><strong>’°</strong></span> <span class='ocrx_word' id='word_1_287' title='bbox 1778 2438 1792 2476; x_wconf 91' lang='lat'><strong>:</strong></span> <span class='ocrx_word' id='word_1_288' title='bbox 1837 2440 1855 2472; x_wconf 74' lang='grc' dir='ltr'><strong>ι</strong></span> <span class='ocrx_word' id='word_1_289' title='bbox 1890 2420 2031 2487; x_wconf 82' lang='lat' dir='ltr'><strong>Quia</strong></span> 
     </span>
    </p>
   </div>
   <div class='ocr_carea' id='block_1_40' title="bbox 437 2511 2033 2583">
    <p class='ocr_par' dir='ltr' id='par_1_40' title="bbox 437 2511 2033 2583">
     <span class='ocr_line' id='line_1_40' title="bbox 437 2511 2033 2583; baseline 0.002 -19"><span class='ocrx_word' id='word_1_290' title='bbox 437 2526 608 2579; x_wconf 81' lang='lat' dir='ltr'><strong>panes</strong></span> <span class='ocrx_word' id='word_1_291' title='bbox 655 2527 765 2566; x_wconf 92' lang='lat' dir='ltr'><strong>non</strong></span> <span class='ocrx_word' id='word_1_292' title='bbox 802 2513 1132 2581; x_wconf 86' lang='lat' dir='ltr'><strong>accepimus.</strong></span> <span class='ocrx_word' id='word_1_293' title='bbox 1184 2532 1204 2565; x_wconf 73' lang='grc' dir='ltr'>ι</span> <span class='ocrx_word' id='word_1_294' title='bbox 1235 2514 1313 2568; x_wconf 84' lang='lat' dir='ltr'><strong>Ac</strong></span> <span class='ocrx_word' id='word_1_295' title='bbox 1349 2513 1473 2567; x_wconf 86' lang='lat' dir='ltr'><strong>talia</strong></span> <span class='ocrx_word' id='word_1_296' title='bbox 1515 2511 1687 2568; x_wconf 81' lang='lat' dir='ltr'><strong>ferme</strong></span> <span class='ocrx_word' id='word_1_297' title='bbox 1721 2522 1880 2568; x_wconf 91' lang='lat' dir='ltr'><strong>erant</strong></span> <span class='ocrx_word' id='word_1_298' title='bbox 1910 2528 2033 2583; x_wconf 66' lang='lat' dir='ltr'><strong>quae</strong></span> 
     </span>
    </p>
   </div>
   <div class='ocr_carea' id='block_1_41' title="bbox 437 2603 2034 2674">
    <p class='ocr_par' dir='ltr' id='par_1_41' title="bbox 437 2603 2034 2674">
     <span class='ocr_line' id='line_1_41' title="bbox 437 2603 2034 2674; baseline 0.003 -20"><span class='ocrx_word' id='word_1_299' title='bbox 437 2604 726 2670; x_wconf 87' lang='lat' dir='ltr'><strong>dicebant;</strong></span> <span class='ocrx_word' id='word_1_300' title='bbox 758 2605 803 2659; x_wconf 89' lang='lat' dir='ltr'><strong>si</strong></span> <span class='ocrx_word' id='word_1_301' title='bbox 833 2603 1053 2673; x_wconf 89' lang='lat' dir='ltr'><strong>quidem</strong></span> <span class='ocrx_word' id='word_1_302' title='bbox 1091 2604 1417 2660; x_wconf 79' lang='lat' dir='ltr'><strong>haberemus</strong></span> <span class='ocrx_word' id='word_1_303' title='bbox 1444 2620 1630 2674; x_wconf 87' lang='lat' dir='ltr'><strong>panes,</strong></span> <span class='ocrx_word' id='word_1_304' title='bbox 1662 2605 1731 2660; x_wconf 91' lang='lat' dir='ltr'><strong>de</strong></span> <span class='ocrx_word' id='word_1_305' title='bbox 1766 2604 2034 2659; x_wconf 81' lang='lat' dir='ltr'><strong>fermento</strong></span> 
     </span>
    </p>
   </div>
   <div class='ocr_carea' id='block_1_42' title="bbox 436 2692 2032 2765">
    <p class='ocr_par' dir='ltr' id='par_1_42' title="bbox 436 2692 2032 2765">
     <span class='ocr_line' id='line_1_42' title="bbox 436 2692 2032 2765; baseline 0.002 -19"><span class='ocrx_word' id='word_1_306' title='bbox 436 2692 839 2750; x_wconf 68' lang='lat' dir='ltr'><strong>Pharisaeorum</strong></span> <span class='ocrx_word' id='word_1_307' title='bbox 863 2706 917 2750; x_wconf 91' lang='lat' dir='ltr'><strong>et</strong></span> <span class='ocrx_word' id='word_1_308' title='bbox 948 2694 1376 2751; x_wconf 67' lang='lat' dir='ltr'><strong>Saddncaeorum</strong></span> <span class='ocrx_word' id='word_1_309' title='bbox 1411 2712 1520 2750; x_wconf 85' lang='lat' dir='ltr'><strong>non</strong></span> <span class='ocrx_word' id='word_1_310' title='bbox 1552 2710 1906 2765; x_wconf 86' lang='lat' dir='ltr'><strong>caperemus;</strong></span> <span class='ocrx_word' id='word_1_311' title='bbox 1938 2694 2032 2749; x_wconf 85' lang='lat' dir='ltr'><strong>sed</strong></span> 
     </span>
    </p>
   </div>
   <div class='ocr_carea' id='block_1_43' title="bbox 437 2783 2037 2856">
    <p class='ocr_par' dir='ltr' id='par_1_43' title="bbox 437 2783 2037 2856">
     <span class='ocr_line' id='line_1_43' title="bbox 437 2783 2037 2856; baseline 0.004 -24"><span class='ocrx_word' id='word_1_312' title='bbox 437 2783 694 2850; x_wconf 83' lang='lat' dir='ltr'><strong>quoniam</strong></span> <span class='ocrx_word' id='word_1_313' title='bbox 743 2800 856 2854; x_wconf 70' lang='lat' dir='ltr'><strong>prae</strong></span> <span class='ocrx_word' id='word_1_314' title='bbox 893 2801 1094 2855; x_wconf 89' lang='lat' dir='ltr'><strong>panum</strong></span> <span class='ocrx_word' id='word_1_315' title='bbox 1144 2786 1325 2855; x_wconf 86' lang='lat' dir='ltr'><strong>inopia</strong></span> <span class='ocrx_word' id='word_1_316' title='bbox 1384 2785 1685 2856; x_wconf 87' lang='lat' dir='ltr'><strong>perieulum</strong></span> <span class='ocrx_word' id='word_1_317' title='bbox 1729 2791 1814 2840; x_wconf 88' lang='lat' dir='ltr'><strong>est</strong></span> <span class='ocrx_word' id='word_1_318' title='bbox 1852 2800 1921 2838; x_wconf 90' lang='lat' dir='ltr'><strong>ne</strong></span> <span class='ocrx_word' id='word_1_319' title='bbox 1966 2783 2037 2838; x_wconf 83' lang='lat' dir='ltr'><strong>de</strong></span> 
     </span>
    </p>
   </div>
   <div class='ocr_carea' id='block_1_44' title="bbox 440 2872 2037 2946">
    <p class='ocr_par' dir='ltr' id='par_1_44' title="bbox 440 2872 2037 2946">
     <span class='ocr_line' id='line_1_44' title="bbox 440 2872 2037 2946; baseline 0.002 -20"><span class='ocrx_word' id='word_1_320' title='bbox 440 2872 707 2931; x_wconf 81' lang='lat' dir='ltr'><strong>fermento</strong></span> <span class='ocrx_word' id='word_1_321' title='bbox 755 2875 976 2931; x_wconf 88' lang='lat' dir='ltr'><strong>illorum</strong></span> <span class='ocrx_word' id='word_1_322' title='bbox 1023 2877 1330 2946; x_wconf 78' lang='lat' dir='ltr'><strong>capiamus.</strong></span> <span class='ocrx_word' id='word_1_323' title='bbox 1389 2894 1496 2932; x_wconf 91' lang='lat' dir='ltr'><strong>non</strong></span> <span class='ocrx_word' id='word_1_324' title='bbox 1543 2877 1660 2930; x_wconf 85' lang='lat' dir='ltr'><strong>vult</strong></span> <span class='ocrx_word' id='word_1_325' title='bbox 1687 2886 1867 2931; x_wconf 88' lang='lat' dir='ltr'><strong>autem</strong></span> <span class='ocrx_word' id='word_1_326' title='bbox 1906 2874 2037 2930; x_wconf 72' lang='lat' dir='ltr'><strong>Ser~</strong></span> 
     </span>
    </p>
   </div>
   <div class='ocr_carea' id='block_1_45' title="bbox 441 2964 2030 3030">
    <p class='ocr_par' dir='ltr' id='par_1_45' title="bbox 441 2964 2030 3030">
     <span class='ocr_line' id='line_1_45' title="bbox 441 2964 2030 3030; baseline 0.003 -16"><span class='ocrx_word' id='word_1_327' title='bbox 441 2973 597 3016; x_wconf 82' lang='lat' dir='ltr'><strong>vator</strong></span> <span class='ocrx_word' id='word_1_328' title='bbox 639 2978 740 3020; x_wconf 89' lang='lat' dir='ltr'><strong>nos</strong></span> <span class='ocrx_word' id='word_1_329' title='bbox 786 2964 852 3019; x_wconf 86' lang='lat' dir='ltr'><strong>ad</strong></span> <span class='ocrx_word' id='word_1_330' title='bbox 900 2965 1120 3020; x_wconf 90' lang='lat' dir='ltr'><strong>illorum</strong></span> <span class='ocrx_word' id='word_1_331' title='bbox 1152 2966 1457 3021; x_wconf 89' lang='lat' dir='ltr'><strong>doctrinam</strong></span> <span class='ocrx_word' id='word_1_332' title='bbox 1494 2967 1691 3021; x_wconf 89' lang='lat' dir='ltr'><strong>iterum</strong></span> <span class='ocrx_word' id='word_1_333' title='bbox 1727 2979 2030 3030; x_wconf 80' lang='lat' dir='ltr'><strong>recurrere,</strong></span> 
     </span>
    </p>
   </div>
   <div class='ocr_carea' id='block_1_46' title="bbox 440 3056 2036 3123">
    <p class='ocr_par' dir='ltr' id='par_1_46' title="bbox 440 3056 2036 3123">
     <span class='ocr_line' id='line_1_46' title="bbox 440 3056 2036 3123; baseline 0.004 -18"><span class='ocrx_word' id='word_1_334' title='bbox 440 3066 727 3123; x_wconf 78' lang='lat' dir='ltr'><strong>propterea</strong></span> <span class='ocrx_word' id='word_1_335' title='bbox 761 3056 891 3111; x_wconf 85' lang='lat' dir='ltr'><strong>illud</strong></span> <span class='ocrx_word' id='word_1_336' title='bbox 928 3059 1089 3113; x_wconf 86' lang='lat' dir='ltr'><strong>nobis</strong></span> <span class='ocrx_word' id='word_1_337' title='bbox 1135 3059 1274 3112; x_wconf 80' lang='lat' dir='ltr'><strong>dixit</strong></span> <span class='ocrx_word' id='word_1_338' title='bbox 1302 3059 1345 3090; x_wconf 80' lang='grc'><strong>⁹¹</strong></span> <span class='ocrx_word' id='word_1_339' title='bbox 1391 3074 1404 3111; x_wconf 92' lang='lat'><strong>:</strong></span> <span class='ocrx_word' id='word_1_340' title='bbox 1446 3078 1464 3110; x_wconf 77' lang='grc' dir='ltr'><strong>ι</strong></span> <span class='ocrx_word' id='word_1_341' title='bbox 1509 3058 1829 3123; x_wconf 89' lang='lat' dir='ltr'><strong>Intuemini,</strong></span> <span class='ocrx_word' id='word_1_342' title='bbox 1868 3068 1922 3112; x_wconf 91' lang='lat' dir='ltr'><strong>et</strong></span> <span class='ocrx_word' id='word_1_343' title='bbox 1950 3072 2036 3111; x_wconf 87' lang='lat' dir='ltr'><strong>ca-</strong></span> 
     </span>
    </p>
   </div>
   <div class='ocr_carea' id='block_1_47' title="bbox 2146 1955 3733 2027">
    <p class='ocr_par' dir='ltr' id='par_1_47' title="bbox 2146 1955 3733 2027">
     <span class='ocr_line' id='line_1_47' title="bbox 2146 1955 3733 2027; baseline -0.001 -18"><span class='ocrx_word' id='word_1_344' title='bbox 2146 1956 2321 2027; x_wconf 83' lang='grc' dir='ltr'>Ἰησοῦ</span> <span class='ocrx_word' id='word_1_345' title='bbox 2345 1956 2702 2025; x_wconf 78' lang='grc' dir='ltr'>διελογίζοντο</span> <span class='ocrx_word' id='word_1_346' title='bbox 2730 1957 2794 2011; x_wconf 83' lang='grc' dir='ltr'><strong>ού</strong></span> <span class='ocrx_word' id='word_1_347' title='bbox 2823 1957 3063 2026; x_wconf 82' lang='grc' dir='ltr'>γεγωνὸς</span> <span class='ocrx_word' id='word_1_348' title='bbox 3097 1956 3346 2026; x_wconf 82' lang='grc' dir='ltr'>λέγοντες</span> <span class='ocrx_word' id='word_1_349' title='bbox 3366 1955 3443 2026; x_wconf 79' lang='lat'><strong>(5)</strong></span> <span class='ocrx_word' id='word_1_350' title='bbox 3481 1957 3531 2008; x_wconf 88' lang='grc' dir='ltr'><strong>οί</strong></span> <span class='ocrx_word' id='word_1_351' title='bbox 3560 1955 3733 2026; x_wconf 84' lang='grc' dir='ltr'>μαθη-</span> 
     </span>
    </p>
   </div>
   <div class='ocr_carea' id='block_1_48' title="bbox 2133 2049 3732 2122">
    <p class='ocr_par' dir='ltr' id='par_1_48' title="bbox 2133 2049 3732 2122">
     <span class='ocr_line' id='line_1_48' title="bbox 2133 2049 3732 2122; baseline -0.002 -19"><span class='ocrx_word' id='word_1_352' title='bbox 2133 2052 2246 2113; x_wconf 75' lang='grc' dir='ltr'>ταὶ,</span> <span class='ocrx_word' id='word_1_353' title='bbox 2279 2050 2395 2105; x_wconf 84' lang='grc' dir='ltr'>ἀλλ’</span> <span class='ocrx_word' id='word_1_354' title='bbox 2424 2053 2482 2105; x_wconf 83' lang='grc' dir='ltr'><strong>ἐν</strong></span> <span class='ocrx_word' id='word_1_355' title='bbox 2513 2054 2633 2114; x_wconf 79' lang='grc' dir='ltr'>ταῖς</span> <span class='ocrx_word' id='word_1_356' title='bbox 2665 2050 2913 2122; x_wconf 86' lang='grc' dir='ltr'>καρδίαις</span> <span class='ocrx_word' id='word_1_357' title='bbox 2937 2050 3148 2105; x_wconf 76' lang='grc' dir='ltr'>ἑαυτῶν</span> <span class='ocrx_word' id='word_1_358' title='bbox 3168 2066 3182 2081; x_wconf 86' lang='grc'><em>’</em></span> <span class='ocrx_word' id='word_1_359' title='bbox 3214 2068 3236 2101; x_wconf 85' lang='grc'><strong><em>‹</em></strong></span> <span class='ocrx_word' id='word_1_360' title='bbox 3262 2050 3382 2104; x_wconf 87' lang='grc' dir='ltr'>Ὅτι</span> <span class='ocrx_word' id='word_1_361' title='bbox 3414 2051 3611 2121; x_wconf 89' lang='grc' dir='ltr'>ἄρτους</span> <span class='ocrx_word' id='word_1_362' title='bbox 3630 2049 3732 2101; x_wconf 78' lang='grc' dir='ltr'>οὐκ</span> 
     </span>
    </p>
   </div>
   <div class='ocr_carea' id='block_1_49' title="bbox 2134 2137 3734 2214">
    <p class='ocr_par' dir='ltr' id='par_1_49' title="bbox 2134 2137 3734 2214">
     <span class='ocr_line' id='line_1_49' title="bbox 2134 2137 3734 2214; baseline -0.002 -19"><span class='ocrx_word' id='word_1_363' title='bbox 2134 2142 2417 2214; x_wconf 82' lang='grc' dir='ltr'>ἐλάϐομεν.</span> <span class='ocrx_word' id='word_1_364' title='bbox 2463 2163 2481 2195; x_wconf 74' lang='grc' dir='ltr'><strong>ι</strong></span> <span class='ocrx_word' id='word_1_365' title='bbox 2515 2143 2624 2197; x_wconf 78' lang='grc' dir='ltr'>Καὶ</span> <span class='ocrx_word' id='word_1_366' title='bbox 2663 2144 2829 2197; x_wconf 72' lang='grc' dir='ltr'>οἱονεὶ</span> <span class='ocrx_word' id='word_1_367' title='bbox 2858 2142 3083 2197; x_wconf 88' lang='grc' dir='ltr'>τοιαῦτα</span> <span class='ocrx_word' id='word_1_368' title='bbox 3113 2137 3182 2214; x_wconf 77' lang='grc' dir='ltr'><strong>ἦν</strong></span> <span class='ocrx_word' id='word_1_369' title='bbox 3218 2141 3255 2196; x_wconf 75' lang='grc' dir='ltr'>ἃ</span> <span class='ocrx_word' id='word_1_370' title='bbox 3280 2140 3496 2210; x_wconf 76' lang='grc' dir='ltr'><strong>ελεγον⁸</strong></span> <span class='ocrx_word' id='word_1_371' title='bbox 3532 2141 3597 2193; x_wconf 74' lang='lat' dir='ltr'><strong>Et</strong></span> <span class='ocrx_word' id='word_1_372' title='bbox 3635 2139 3734 2210; x_wconf 82' lang='grc' dir='ltr'><strong>μὲν</strong></span> 
     </span>
    </p>
   </div>
   <div class='ocr_carea' id='block_1_50' title="bbox 2134 2232 3734 2305">
    <p class='ocr_par' dir='ltr' id='par_1_50' title="bbox 2134 2232 3734 2305">
     <span class='ocr_line' id='line_1_50' title="bbox 2134 2232 3734 2305; baseline -0.001 -18"><span class='ocrx_word' id='word_1_373' title='bbox 2134 2235 2354 2304; x_wconf 75' lang='grc' dir='ltr'>εἴχομεν</span> <span class='ocrx_word' id='word_1_374' title='bbox 2386 2233 2608 2305; x_wconf 78' lang='grc' dir='ltr'>ἄρτους,</span> <span class='ocrx_word' id='word_1_375' title='bbox 2630 2235 2730 2288; x_wconf 77' lang='grc' dir='ltr'><strong>οὐκ</strong></span> <span class='ocrx_word' id='word_1_376' title='bbox 2758 2233 2824 2288; x_wconf 79' lang='grc' dir='ltr'>ἂν</span> <span class='ocrx_word' id='word_1_377' title='bbox 2850 2234 2959 2287; x_wconf 77' lang='grc' dir='ltr'><strong>ἀπὸ</strong></span> <span class='ocrx_word' id='word_1_378' title='bbox 2979 2234 3077 2304; x_wconf 88' lang='grc' dir='ltr'><strong>τῆς</strong></span> <span class='ocrx_word' id='word_1_379' title='bbox 3101 2232 3279 2305; x_wconf 81' lang='grc' dir='ltr'>ζύμης</span> <span class='ocrx_word' id='word_1_380' title='bbox 3299 2232 3734 2303; x_wconf 77' lang='grc' dir='ltr'>τῶνΦαρισαίων</span> 
     </span>
    </p>
   </div>
   <div class='ocr_carea' id='block_1_51' title="bbox 2134 2322 3734 2398">
    <p class='ocr_par' dir='ltr' id='par_1_51' title="bbox 2134 2322 3734 2398">
     <span class='ocr_line' id='line_1_51' title="bbox 2134 2322 3734 2398; baseline 0 -19"><span class='ocrx_word' id='word_1_381' title='bbox 2134 2326 2227 2379; x_wconf 72' lang='grc' dir='ltr'>καὶ</span> <span class='ocrx_word' id='word_1_382' title='bbox 2280 2325 2657 2380; x_wconf 83' lang='grc' dir='ltr'>Σαδδουκαίων</span> <span class='ocrx_word' id='word_1_383' title='bbox 2681 2325 2993 2398; x_wconf 83' lang='grc' dir='ltr'>είλήφειμεν</span> <span class='ocrx_word' id='word_1_384' title='bbox 3012 2341 3026 2355; x_wconf 90' lang='grc'><strong>·</strong></span> <span class='ocrx_word' id='word_1_385' title='bbox 3068 2324 3192 2377; x_wconf 74' lang='grc' dir='ltr'>ἐπεὶ</span> <span class='ocrx_word' id='word_1_386' title='bbox 3222 2324 3280 2378; x_wconf 81' lang='grc' dir='ltr'>δὲ</span> <span class='ocrx_word' id='word_1_387' title='bbox 3312 2322 3517 2394; x_wconf 80' lang='grc' dir='ltr'>ἀπορίᾳ</span> <span class='ocrx_word' id='word_1_388' title='bbox 3550 2323 3734 2394; x_wconf 88' lang='grc' dir='ltr'>ἄρτων</span> 
     </span>
    </p>
   </div>
   <div class='ocr_carea' id='block_1_52' title="bbox 2135 2411 3734 2486">
    <p class='ocr_par' dir='ltr' id='par_1_52' title="bbox 2135 2411 3734 2486">
     <span class='ocr_line' id='line_1_52' title="bbox 2135 2411 3734 2486; baseline -0.004 -15"><span class='ocrx_word' id='word_1_389' title='bbox 2135 2415 2518 2486; x_wconf 82' lang='grc' dir='ltr'>κινδυνεύομεν</span> <span class='ocrx_word' id='word_1_390' title='bbox 2546 2417 2654 2470; x_wconf 78' lang='grc' dir='ltr'>ἀπὸ</span> <span class='ocrx_word' id='word_1_391' title='bbox 2680 2417 2781 2486; x_wconf 86' lang='grc' dir='ltr'><strong>τῆς</strong></span> <span class='ocrx_word' id='word_1_392' title='bbox 2809 2417 3034 2469; x_wconf 88' lang='grc' dir='ltr'>ἐκείνων</span> <span class='ocrx_word' id='word_1_393' title='bbox 3060 2411 3240 2486; x_wconf 81' lang='grc' dir='ltr'>ζύμης</span> <span class='ocrx_word' id='word_1_394' title='bbox 3270 2413 3476 2477; x_wconf 80' lang='grc' dir='ltr'>λαϐεῖν,</span> <span class='ocrx_word' id='word_1_395' title='bbox 3515 2414 3576 2466; x_wconf 85' lang='grc' dir='ltr'>οὑ</span> <span class='ocrx_word' id='word_1_396' title='bbox 3607 2414 3734 2482; x_wconf 79' lang='grc' dir='ltr'>βού-</span> 
     </span>
    </p>
   </div>
   <div class='ocr_carea' id='block_1_53' title="bbox 2133 2503 3734 2578">
    <p class='ocr_par' dir='ltr' id='par_1_53' title="bbox 2133 2503 3734 2578">
     <span class='ocr_line' id='line_1_53' title="bbox 2133 2503 3734 2578; baseline -0.001 -20"><span class='ocrx_word' id='word_1_397' title='bbox 2133 2506 2285 2561; x_wconf 86' lang='grc' dir='ltr'>λεται</span> <span class='ocrx_word' id='word_1_398' title='bbox 2312 2506 2359 2560; x_wconf 85' lang='grc' dir='ltr'>δ’</span> <span class='ocrx_word' id='word_1_399' title='bbox 2386 2508 2532 2577; x_wconf 79' lang='grc' dir='ltr'>ἡμᾶς</span> <span class='ocrx_word' id='word_1_400' title='bbox 2553 2507 2581 2559; x_wconf 88' lang='grc' dir='ltr'><strong>ό</strong></span> <span class='ocrx_word' id='word_1_401' title='bbox 2609 2507 2800 2578; x_wconf 80' lang='grc' dir='ltr'>Σωτὴρ</span> <span class='ocrx_word' id='word_1_402' title='bbox 2831 2505 3213 2576; x_wconf 82' lang='grc' dir='ltr'>παλινδρομεῖν</span> <span class='ocrx_word' id='word_1_403' title='bbox 3256 2503 3350 2556; x_wconf 74' lang='grc' dir='ltr'>ἐπὶ</span> <span class='ocrx_word' id='word_1_404' title='bbox 3400 2507 3465 2574; x_wconf 81' lang='grc' dir='ltr'>τῇ</span> <span class='ocrx_word' id='word_1_405' title='bbox 3511 2503 3734 2557; x_wconf 78' lang='grc' dir='ltr'>ἐκείνων</span> 
     </span>
    </p>
   </div>
   <div class='ocr_carea' id='block_1_54' title="bbox 2133 2592 3735 2669">
    <p class='ocr_par' dir='ltr' id='par_1_54' title="bbox 2133 2592 3735 2669">
     <span class='ocr_line' id='line_1_54' title="bbox 2133 2592 3735 2669; baseline -0.001 -18"><span class='ocrx_word' id='word_1_406' title='bbox 2133 2597 2470 2668; x_wconf 73' lang='grc' dir='ltr'>διδασκαλία,</span> <span class='ocrx_word' id='word_1_407' title='bbox 2515 2597 2603 2652; x_wconf 79' lang='grc' dir='ltr'>διὰ</span> <span class='ocrx_word' id='word_1_408' title='bbox 2649 2597 2809 2651; x_wconf 88' lang='grc' dir='ltr'>τοῦτο</span> <span class='ocrx_word' id='word_1_409' title='bbox 2848 2599 2982 2669; x_wconf 78' lang='grc' dir='ltr'>ἡμῖν</span> <span class='ocrx_word' id='word_1_410' title='bbox 3028 2592 3151 2649; x_wconf 78' lang='grc' dir='ltr'>εἷπε</span> <span class='ocrx_word' id='word_1_411' title='bbox 3175 2595 3273 2648; x_wconf 77' lang='grc' dir='ltr'>τό’</span> <span class='ocrx_word' id='word_1_412' title='bbox 3325 2614 3344 2647; x_wconf 76' lang='grc' dir='ltr'>ι</span> <span class='ocrx_word' id='word_1_413' title='bbox 3385 2594 3603 2666; x_wconf 80' lang='grc' dir='ltr'>Ὁρᾶτε,</span> <span class='ocrx_word' id='word_1_414' title='bbox 3640 2595 3735 2649; x_wconf 76' lang='grc' dir='ltr'>καὶ</span> 
     </span>
    </p>
   </div>
   <div class='ocr_carea' id='block_1_55' title="bbox 2135 2685 3736 2761">
    <p class='ocr_par' dir='ltr' id='par_1_55' title="bbox 2135 2685 3736 2761">
     <span class='ocr_line' id='line_1_55' title="bbox 2135 2685 3736 2761; baseline -0.002 -19"><span class='ocrx_word' id='word_1_415' title='bbox 2135 2691 2430 2761; x_wconf 80' lang='grc' dir='ltr'>προσέχετε</span> <span class='ocrx_word' id='word_1_416' title='bbox 2458 2691 2567 2744; x_wconf 82' lang='grc' dir='ltr'><strong>ἀπὸ</strong></span> <span class='ocrx_word' id='word_1_417' title='bbox 2592 2690 2691 2760; x_wconf 85' lang='grc' dir='ltr'><strong>τῆς</strong></span> <span class='ocrx_word' id='word_1_418' title='bbox 2717 2689 2899 2759; x_wconf 84' lang='grc' dir='ltr'>ζύμης</span> <span class='ocrx_word' id='word_1_419' title='bbox 2924 2687 3033 2743; x_wconf 87' lang='grc' dir='ltr'><strong>τῶν</strong></span> <span class='ocrx_word' id='word_1_420' title='bbox 3058 2687 3367 2759; x_wconf 81' lang='grc' dir='ltr'>Φαρισαίων</span> <span class='ocrx_word' id='word_1_421' title='bbox 3394 2687 3489 2740; x_wconf 77' lang='grc' dir='ltr'>καὶ</span> <span class='ocrx_word' id='word_1_422' title='bbox 3511 2685 3736 2740; x_wconf 81' lang='grc' dir='ltr'>Σαδδου-</span> 
     </span>
    </p>
   </div>
   <div class='ocr_carea' id='block_1_56' title="bbox 2135 2775 3734 2850">
    <p class='ocr_par' dir='ltr' id='par_1_56' title="bbox 2135 2775 3734 2850">
     <span class='ocr_line' id='line_1_56' title="bbox 2135 2775 3734 2850; baseline -0.001 -16"><span class='ocrx_word' id='word_1_423' title='bbox 2135 2782 2326 2834; x_wconf 86' lang='grc' dir='ltr'>καίων.</span> <span class='ocrx_word' id='word_1_424' title='bbox 2382 2800 2400 2833; x_wconf 73' lang='grc' dir='ltr'>ι</span> <span class='ocrx_word' id='word_1_425' title='bbox 2440 2782 2551 2834; x_wconf 77' lang='grc' dir='ltr'>Καὶ</span> <span class='ocrx_word' id='word_1_426' title='bbox 2590 2780 2765 2835; x_wconf 87' lang='grc' dir='ltr'>ταῦτα</span> <span class='ocrx_word' id='word_1_427' title='bbox 2795 2780 2894 2850; x_wconf 82' lang='grc' dir='ltr'>μὲν</span> <span class='ocrx_word' id='word_1_428' title='bbox 2944 2781 3141 2832; x_wconf 84' lang='grc' dir='ltr'>ἐκεῖνοι</span> <span class='ocrx_word' id='word_1_429' title='bbox 3178 2777 3569 2846; x_wconf 79' lang='grc' dir='ltr'>διελογίζοντο·</span> <span class='ocrx_word' id='word_1_430' title='bbox 3610 2780 3639 2830; x_wconf 87' lang='grc' dir='ltr'><strong>ό</strong></span> <span class='ocrx_word' id='word_1_431' title='bbox 3674 2775 3734 2832; x_wconf 71' lang='grc' dir='ltr'>δὲ</span> 
     </span>
    </p>
   </div>
   <div class='ocr_carea' id='block_1_57' title="bbox 2138 2865 3734 2943">
    <p class='ocr_par' dir='ltr' id='par_1_57' title="bbox 2138 2865 3734 2943">
     <span class='ocr_line' id='line_1_57' title="bbox 2138 2865 3734 2943; baseline -0.002 -19"><span class='ocrx_word' id='word_1_432' title='bbox 2138 2871 2348 2942; x_wconf 84' lang='grc' dir='ltr'>βλέπων</span> <span class='ocrx_word' id='word_1_433' title='bbox 2384 2871 2592 2943; x_wconf 82' lang='grc' dir='ltr'>Ἰησοῦς</span> <span class='ocrx_word' id='word_1_434' title='bbox 2613 2871 2680 2925; x_wconf 84' lang='grc' dir='ltr'><strong>τά</strong></span> <span class='ocrx_word' id='word_1_435' title='bbox 2702 2874 2761 2925; x_wconf 81' lang='grc' dir='ltr'><strong>ἐν</strong></span> <span class='ocrx_word' id='word_1_436' title='bbox 2774 2873 2892 2934; x_wconf 88' lang='grc' dir='ltr'>ταῖς</span> <span class='ocrx_word' id='word_1_437' title='bbox 2908 2870 3159 2943; x_wconf 83' lang='grc' dir='ltr'>καρδίαις</span> <span class='ocrx_word' id='word_1_438' title='bbox 3174 2869 3376 2931; x_wconf 85' lang='grc' dir='ltr'>αὐτῶν,</span> <span class='ocrx_word' id='word_1_439' title='bbox 3401 2867 3497 2921; x_wconf 72' lang='grc' dir='ltr'>καὶ</span> <span class='ocrx_word' id='word_1_440' title='bbox 3521 2865 3734 2922; x_wconf 85' lang='grc' dir='ltr'>ἀκούων</span> 
     </span>
    </p>
   </div>
   <div class='ocr_carea' id='block_1_58' title="bbox 2133 2959 3733 3035">
    <p class='ocr_par' dir='ltr' id='par_1_58' title="bbox 2133 2959 3733 3035">
     <span class='ocr_line' id='line_1_58' title="bbox 2133 2959 3733 3035; baseline -0.003 -19"><span class='ocrx_word' id='word_1_441' title='bbox 2133 2964 2242 3017; x_wconf 86' lang='grc' dir='ltr'><strong>τῶν</strong></span> <span class='ocrx_word' id='word_1_442' title='bbox 2270 2967 2327 3018; x_wconf 84' lang='grc' dir='ltr'><strong>ἐν</strong></span> <span class='ocrx_word' id='word_1_443' title='bbox 2358 2966 2550 3027; x_wconf 75' lang='grc' dir='ltr'>αὐταῖς</span> <span class='ocrx_word' id='word_1_444' title='bbox 2578 2964 2771 3033; x_wconf 88' lang='grc' dir='ltr'>λόγων,</span> <span class='ocrx_word' id='word_1_445' title='bbox 2790 2963 2867 3026; x_wconf 84' lang='grc' dir='ltr'>ὡς</span> <span class='ocrx_word' id='word_1_446' title='bbox 2890 2963 2998 3016; x_wconf 86' lang='grc' dir='ltr'><strong>τῶν</strong></span> <span class='ocrx_word' id='word_1_447' title='bbox 3014 2962 3253 3035; x_wconf 82' lang='grc' dir='ltr'>καρδιῶν</span> <span class='ocrx_word' id='word_1_448' title='bbox 3273 2962 3573 3024; x_wconf 73' lang='grc' dir='ltr'>ἐπίσκοπος</span> <span class='ocrx_word' id='word_1_449' title='bbox 3595 2959 3733 3031; x_wconf 84' lang='grc' dir='ltr'>ἀλη-</span> 
     </span>
    </p>
   </div>
   <div class='ocr_carea' id='block_1_59' title="bbox 2136 3051 3731 3130">
    <p class='ocr_par' dir='ltr' id='par_1_59' title="bbox 2136 3051 3731 3130">
     <span class='ocr_line' id='line_1_59' title="bbox 2136 3051 3731 3130; baseline -0.006 -17"><span class='ocrx_word' id='word_1_450' title='bbox 2136 3058 2256 3130; x_wconf 80' lang='grc' dir='ltr'>θὴς,</span> <span class='ocrx_word' id='word_1_451' title='bbox 2293 3056 2624 3127; x_wconf 77' lang='grc' dir='ltr'>ἐπιπλήσσει</span> <span class='ocrx_word' id='word_1_452' title='bbox 2653 3056 2856 3118; x_wconf 84' lang='grc' dir='ltr'>αὐτοῖς,</span> <span class='ocrx_word' id='word_1_453' title='bbox 2884 3054 2960 3118; x_wconf 86' lang='grc' dir='ltr'>ὡς</span> <span class='ocrx_word' id='word_1_454' title='bbox 2986 3054 3049 3107; x_wconf 84' lang='grc' dir='ltr'>οὐ</span> <span class='ocrx_word' id='word_1_455' title='bbox 3077 3052 3320 3115; x_wconf 79' lang='grc' dir='ltr'>νοοῦσιν,</span> <span class='ocrx_word' id='word_1_456' title='bbox 3356 3051 3477 3105; x_wconf 82' lang='grc' dir='ltr'><strong>ούδέ</strong></span> <span class='ocrx_word' id='word_1_457' title='bbox 3519 3067 3731 3122; x_wconf 77' lang='grc' dir='ltr'>μεμνηο</span> 
     </span>
    </p>
   </div>
   <div class='ocr_carea' id='block_1_60' title="bbox 441 3140 2032 3221">
    <p class='ocr_par' dir='ltr' id='par_1_60' title="bbox 441 3146 2027 3205">
     <span class='ocr_line' id='line_1_60' title="bbox 441 3146 2027 3205; baseline 0.001 -6"><span class='ocrx_word' id='word_1_458' title='bbox 441 3156 563 3199; x_wconf 82' lang='lat' dir='ltr'><strong>vete</strong></span> <span class='ocrx_word' id='word_1_459' title='bbox 609 3161 640 3199; x_wconf 90' lang='lat' dir='ltr'><strong>a</strong></span> <span class='ocrx_word' id='word_1_460' title='bbox 679 3146 948 3204; x_wconf 80' lang='lat' dir='ltr'><strong>fermento</strong></span> <span class='ocrx_word' id='word_1_461' title='bbox 978 3149 1381 3203; x_wconf 71' lang='lat' dir='ltr'><strong>Pharisaeorum</strong></span> <span class='ocrx_word' id='word_1_462' title='bbox 1426 3157 1479 3204; x_wconf 91' lang='lat' dir='ltr'><strong>et</strong></span> <span class='ocrx_word' id='word_1_463' title='bbox 1517 3149 1967 3205; x_wconf 59' lang='lat' dir='ltr'><strong>Sadducaeorum.</strong></span> <span class='ocrx_word' id='word_1_464' title='bbox 2008 3165 2027 3200; x_wconf 74' lang='grc' dir='ltr'>ι</span> 
     </span>
    </p>
   </div>
   <div class='ocr_carea' id='block_1_61' title="bbox 2134 3140 3733 3221">
    <p class='ocr_par' dir='ltr' id='par_1_61' title="bbox 2140 3140 3733 3221">
     <span class='ocr_line' id='line_1_61' title="bbox 2140 3140 3733 3221; baseline -0.004 -19"><span class='ocrx_word' id='word_1_465' title='bbox 2140 3148 2323 3221; x_wconf 83' lang='grc' dir='ltr'>μένοις</span> <span class='ocrx_word' id='word_1_466' title='bbox 2347 3148 2547 3219; x_wconf 83' lang='grc' dir='ltr'>ἄρτων,</span> <span class='ocrx_word' id='word_1_467' title='bbox 2577 3140 2652 3200; x_wconf 84' lang='grc' dir='ltr'><strong>ὧν</strong></span> <span class='ocrx_word' id='word_1_468' title='bbox 2677 3146 2806 3217; x_wconf 77' lang='grc' dir='ltr'>παρ’</span> <span class='ocrx_word' id='word_1_469' title='bbox 2835 3143 2998 3198; x_wconf 76' lang='grc' dir='ltr'>αὑτοῦ</span> <span class='ocrx_word' id='word_1_470' title='bbox 3026 3144 3303 3217; x_wconf 75' lang='grc' dir='ltr'>εἰλήφασι,</span> <span class='ocrx_word' id='word_1_471' title='bbox 3335 3144 3403 3196; x_wconf 84' lang='grc' dir='ltr'>δι’</span> <span class='ocrx_word' id='word_1_472' title='bbox 3433 3141 3529 3207; x_wconf 82' lang='grc' dir='ltr'>οὓς</span> <span class='ocrx_word' id='word_1_473' title='bbox 3560 3142 3654 3196; x_wconf 80' lang='grc' dir='ltr'><strong>καὶ</strong></span> <span class='ocrx_word' id='word_1_474' title='bbox 3674 3143 3733 3195; x_wconf 83' lang='grc' dir='ltr'><strong>ἐν</strong></span> 
     </span>
    </p>
   </div>
   <div class='ocr_carea' id='block_1_62' title="bbox 442 3232 2032 3312">
    <p class='ocr_par' dir='ltr' id='par_1_62' title="bbox 442 3234 2030 3311">
     <span class='ocr_line' id='line_1_62' title="bbox 442 3234 2030 3311; baseline 0.005 -21"><span class='ocrx_word' id='word_1_475' title='bbox 442 3234 512 3290; x_wconf 77' lang='lat' dir='ltr'><strong>Et</strong></span> <span class='ocrx_word' id='word_1_476' title='bbox 549 3237 664 3293; x_wconf 82' lang='lat' dir='ltr'><strong>haec</strong></span> <span class='ocrx_word' id='word_1_477' title='bbox 707 3239 928 3308; x_wconf 89' lang='lat' dir='ltr'><strong>quidem</strong></span> <span class='ocrx_word' id='word_1_478' title='bbox 970 3241 1045 3294; x_wconf 90' lang='lat' dir='ltr'><strong>illi</strong></span> <span class='ocrx_word' id='word_1_479' title='bbox 1087 3240 1402 3311; x_wconf 77' lang='lat' dir='ltr'><strong>cogitabant</strong></span> <span class='ocrx_word' id='word_1_480' title='bbox 1453 3260 1467 3297; x_wconf 92' lang='lat'>:</span> <span class='ocrx_word' id='word_1_481' title='bbox 1519 3239 1682 3297; x_wconf 84' lang='lat' dir='ltr'><strong>Jesus</strong></span> <span class='ocrx_word' id='word_1_482' title='bbox 1733 3250 1914 3296; x_wconf 86' lang='lat' dir='ltr'><strong>autem</strong></span> <span class='ocrx_word' id='word_1_483' title='bbox 1968 3257 2030 3298; x_wconf 85' lang='lat' dir='ltr'><strong>ea</strong></span> 
     </span>
    </p>
   </div>
   <div class='ocr_carea' id='block_1_63' title="bbox 2134 3232 3735 3312">
    <p class='ocr_par' dir='ltr' id='par_1_63' title="bbox 2135 3232 3735 3312">
     <span class='ocr_line' id='line_1_63' title="bbox 2135 3232 3735 3312; baseline -0.006 -16"><span class='ocrx_word' id='word_1_484' title='bbox 2135 3241 2340 3312; x_wconf 73' lang='grc' dir='ltr'>ἀπορία</span> <span class='ocrx_word' id='word_1_485' title='bbox 2373 3238 2661 3302; x_wconf 87' lang='grc' dir='ltr'>δοκοῦντες</span> <span class='ocrx_word' id='word_1_486' title='bbox 2692 3232 2833 3291; x_wconf 78' lang='grc' dir='ltr'>εἶναι</span> <span class='ocrx_word' id='word_1_487' title='bbox 2861 3236 3063 3309; x_wconf 85' lang='grc' dir='ltr'>ἄρτων,</span> <span class='ocrx_word' id='word_1_488' title='bbox 3094 3237 3194 3289; x_wconf 85' lang='grc' dir='ltr'><strong>οὐκ</strong></span> <span class='ocrx_word' id='word_1_489' title='bbox 3225 3235 3457 3307; x_wconf 70' lang='grc' dir='ltr'>ἔχρῃζον</span> <span class='ocrx_word' id='word_1_490' title='bbox 3496 3235 3595 3306; x_wconf 85' lang='grc' dir='ltr'><strong>τῆς</strong></span> <span class='ocrx_word' id='word_1_491' title='bbox 3624 3233 3735 3288; x_wconf 83' lang='grc' dir='ltr'><strong>τῶν</strong></span> 
     </span>
    </p>
   </div>
   <div class='ocr_carea' id='block_1_64' title="bbox 440 3326 2032 3404">
    <p class='ocr_par' dir='ltr' id='par_1_64' title="bbox 440 3328 2032 3403">
     <span class='ocr_line' id='line_1_64' title="bbox 440 3328 2032 3403; baseline 0.004 -22"><span class='ocrx_word' id='word_1_492' title='bbox 440 3342 569 3396; x_wconf 66' lang='lat' dir='ltr'><strong>qua:</strong></span> <span class='ocrx_word' id='word_1_493' title='bbox 612 3328 665 3382; x_wconf 92' lang='lat' dir='ltr'><strong>in</strong></span> <span class='ocrx_word' id='word_1_494' title='bbox 713 3329 928 3385; x_wconf 83' lang='lat' dir='ltr'><strong>illorum</strong></span> <span class='ocrx_word' id='word_1_495' title='bbox 969 3340 1128 3388; x_wconf 86' lang='lat' dir='ltr'><strong>erant</strong></span> <span class='ocrx_word' id='word_1_496' title='bbox 1170 3332 1430 3387; x_wconf 79' lang='lat' dir='ltr'><strong>cordibus</strong></span> <span class='ocrx_word' id='word_1_497' title='bbox 1469 3332 1789 3403; x_wconf 85' lang='lat' dir='ltr'><strong>respiciens,</strong></span> <span class='ocrx_word' id='word_1_498' title='bbox 1827 3342 1882 3388; x_wconf 87' lang='lat' dir='ltr'><strong>et</strong></span> <span class='ocrx_word' id='word_1_499' title='bbox 1915 3348 2032 3389; x_wconf 82' lang='lat' dir='ltr'><strong>ser—</strong></span> 
     </span>
    </p>
   </div>
   <div class='ocr_carea' id='block_1_65' title="bbox 2134 3326 3192 3404">
    <p class='ocr_par' dir='ltr' id='par_1_65' title="bbox 2138 3326 3192 3404">
     <span class='ocr_line' id='line_1_65' title="bbox 2138 3326 3192 3404; baseline -0.004 -17"><span class='ocrx_word' id='word_1_500' title='bbox 2138 3331 2450 3404; x_wconf 69' lang='grc' dir='ltr'>Φαρισαίων</span> <span class='ocrx_word' id='word_1_501' title='bbox 2474 3329 2568 3383; x_wconf 68' lang='grc' dir='ltr'><strong>καὶ</strong></span> <span class='ocrx_word' id='word_1_502' title='bbox 2588 3327 2961 3383; x_wconf 86' lang='grc' dir='ltr'>Σαδδουκαίων</span> <span class='ocrx_word' id='word_1_503' title='bbox 2992 3326 3192 3399; x_wconf 81' lang='grc' dir='ltr'>ζύμης.</span> 
     </span>
    </p>
   </div>
   <div class='ocr_carea' id='block_1_66' title="bbox 442 3420 3733 3499">
    <p class='ocr_par' dir='ltr' id='par_1_66' title="bbox 442 3420 3733 3499">
     <span class='ocr_line' id='line_1_66' title="bbox 442 3420 3733 3499; baseline -0.001 -19"><span class='ocrx_word' id='word_1_504' title='bbox 442 3441 634 3482; x_wconf 89' lang='lat' dir='ltr'><strong>mones</strong></span> <span class='ocrx_word' id='word_1_505' title='bbox 664 3428 756 3498; x_wconf 86' lang='lat' dir='ltr'><strong>qui</strong></span> <span class='ocrx_word' id='word_1_506' title='bbox 789 3429 843 3483; x_wconf 93' lang='lat' dir='ltr'><strong>in</strong></span> <span class='ocrx_word' id='word_1_507' title='bbox 884 3429 991 3485; x_wconf 80' lang='lat' dir='ltr'><strong>illis</strong></span> <span class='ocrx_word' id='word_1_508' title='bbox 1034 3429 1375 3484; x_wconf 86' lang='lat' dir='ltr'><strong>habebantur</strong></span> <span class='ocrx_word' id='word_1_509' title='bbox 1406 3430 1667 3491; x_wconf 80' lang='lat' dir='ltr'><strong>audiens,</strong></span> <span class='ocrx_word' id='word_1_510' title='bbox 1701 3437 1890 3499; x_wconf 89' lang='lat' dir='ltr'><strong>utpote</strong></span> <span class='ocrx_word' id='word_1_511' title='bbox 1928 3426 2181 3484; x_wconf 90' lang='lat' dir='ltr'><strong>cordium</strong></span> <span class='ocrx_word' id='word_1_512' title='bbox 2217 3441 2379 3482; x_wconf 90' lang='lat' dir='ltr'><strong>verus</strong></span> <span class='ocrx_word' id='word_1_513' title='bbox 2424 3425 2719 3493; x_wconf 85' lang='lat' dir='ltr'><strong>inspector.</strong></span> <span class='ocrx_word' id='word_1_514' title='bbox 2778 3420 3058 3475; x_wconf 86' lang='lat' dir='ltr'><strong>insimulat</strong></span> <span class='ocrx_word' id='word_1_515' title='bbox 3117 3421 3262 3487; x_wconf 89' lang='lat' dir='ltr'><strong>illos,</strong></span> <span class='ocrx_word' id='word_1_516' title='bbox 3312 3430 3574 3492; x_wconf 88' lang='lat' dir='ltr'><strong>tanquam</strong></span> <span class='ocrx_word' id='word_1_517' title='bbox 3623 3437 3733 3477; x_wconf 92' lang='lat' dir='ltr'><strong>non</strong></span> 
     </span>
    </p>
   </div>
   <div class='ocr_carea' id='block_1_67' title="bbox 440 3512 3829 3593">
    <p class='ocr_par' dir='ltr' id='par_1_67' title="bbox 440 3512 3829 3593">
     <span class='ocr_line' id='line_1_67' title="bbox 440 3512 3829 3593; baseline -0.001 -17"><span class='ocrx_word' id='word_1_518' title='bbox 440 3522 805 3588; x_wconf 85' lang='lat' dir='ltr'><strong>advertentes,</strong></span> <span class='ocrx_word' id='word_1_519' title='bbox 844 3536 1022 3592; x_wconf 87' lang='lat' dir='ltr'><strong>neque</strong></span> <span class='ocrx_word' id='word_1_520' title='bbox 1051 3537 1324 3578; x_wconf 85' lang='lat' dir='ltr'><strong>memores</strong></span> <span class='ocrx_word' id='word_1_521' title='bbox 1362 3537 1566 3593; x_wconf 85' lang='lat' dir='ltr'><strong>panum</strong></span> <span class='ocrx_word' id='word_1_522' title='bbox 1617 3535 1760 3591; x_wconf 90' lang='lat' dir='ltr'><strong>quos</strong></span> <span class='ocrx_word' id='word_1_523' title='bbox 1801 3520 1872 3575; x_wconf 87' lang='lat' dir='ltr'><strong>ab</strong></span> <span class='ocrx_word' id='word_1_524' title='bbox 1910 3521 2033 3590; x_wconf 89' lang='lat' dir='ltr'><strong>ipso</strong></span> <span class='ocrx_word' id='word_1_525' title='bbox 2087 3525 2442 3590; x_wconf 86' lang='lat' dir='ltr'><strong>acceperant;</strong></span> <span class='ocrx_word' id='word_1_526' title='bbox 2479 3524 2703 3585; x_wconf 80' lang='lat' dir='ltr'><strong>propter</strong></span> <span class='ocrx_word' id='word_1_527' title='bbox 2760 3529 2922 3585; x_wconf 82' lang='lat' dir='ltr'><strong>quos,</strong></span> <span class='ocrx_word' id='word_1_528' title='bbox 2976 3513 3190 3570; x_wconf 86' lang='lat' dir='ltr'><strong>etiamsi</strong></span> <span class='ocrx_word' id='word_1_529' title='bbox 3226 3512 3460 3584; x_wconf 86' lang='lat' dir='ltr'><strong>panibus</strong></span> <span class='ocrx_word' id='word_1_530' title='bbox 3490 3514 3734 3588; x_wconf 71' lang='lat' dir='ltr'><strong>indigere</strong></span> <span class='ocrx_word' id='word_1_531' title='bbox 3820 3584 3829 3587; x_wconf 17' lang='grc' dir='ltr'><strong>γ</strong></span> 
     </span>
    </p>
   </div>
   <div class='ocr_carea' id='block_1_68' title="bbox 440 3605 2742 3678">
    <p class='ocr_par' dir='ltr' id='par_1_68' title="bbox 440 3605 2742 3678">
     <span class='ocr_line' id='line_1_68' title="bbox 440 3605 2742 3678; baseline -0.005 -9"><span class='ocrx_word' id='word_1_532' title='bbox 440 3614 787 3678; x_wconf 82' lang='lat' dir='ltr'><strong>viderentur,</strong></span> <span class='ocrx_word' id='word_1_533' title='bbox 830 3612 1099 3669; x_wconf 84' lang='lat' dir='ltr'><strong>fermento</strong></span> <span class='ocrx_word' id='word_1_534' title='bbox 1140 3621 1320 3668; x_wconf 86' lang='lat' dir='ltr'><strong>tamen</strong></span> <span class='ocrx_word' id='word_1_535' title='bbox 1361 3612 1767 3668; x_wconf 66' lang='lat' dir='ltr'><strong>Pharisazorum</strong></span> <span class='ocrx_word' id='word_1_536' title='bbox 1816 3619 1871 3666; x_wconf 87' lang='lat' dir='ltr'><strong>et</strong></span> <span class='ocrx_word' id='word_1_537' title='bbox 1898 3609 2324 3666; x_wconf 64' lang='lat' dir='ltr'><strong>Saddueaeorum</strong></span> <span class='ocrx_word' id='word_1_538' title='bbox 2353 3622 2457 3661; x_wconf 91' lang='lat' dir='ltr'><strong>non</strong></span> <span class='ocrx_word' id='word_1_539' title='bbox 2492 3605 2742 3675; x_wconf 78' lang='lat' dir='ltr'><strong>egebant.</strong></span> 
     </span>
    </p>
   </div>
   <div class='ocr_carea' id='block_1_69' title="bbox 512 3698 2032 3779">
    <p class='ocr_par' dir='ltr' id='par_1_69' title="bbox 512 3706 2032 3779">
     <span class='ocr_line' id='line_1_69' title="bbox 512 3706 2032 3779; baseline 0 -16"><span class='ocrx_word' id='word_1_540' title='bbox 512 3709 566 3763; x_wconf 86' lang='lat'><strong>6.</strong></span> <span class='ocrx_word' id='word_1_541' title='bbox 609 3708 815 3763; x_wconf 86' lang='lat' dir='ltr'><strong>Deinde</strong></span> <span class='ocrx_word' id='word_1_542' title='bbox 859 3722 1140 3777; x_wconf 80' lang='lat' dir='ltr'><strong>exponens</strong></span> <span class='ocrx_word' id='word_1_543' title='bbox 1197 3716 1252 3763; x_wconf 92' lang='lat' dir='ltr'><strong>et</strong></span> <span class='ocrx_word' id='word_1_544' title='bbox 1305 3712 1549 3779; x_wconf 84' lang='lat' dir='ltr'><strong>apertius</strong></span> <span class='ocrx_word' id='word_1_545' title='bbox 1593 3707 1911 3778; x_wconf 68' lang='lat' dir='ltr'><strong>signiﬁcans</strong></span> <span class='ocrx_word' id='word_1_546' title='bbox 1963 3706 2032 3763; x_wconf 89' lang='lat' dir='ltr'><strong>iis</strong></span> 
     </span>
    </p>
   </div>
   <div class='ocr_carea' id='block_1_70' title="bbox 2134 3698 3735 3779">
    <p class='ocr_par' dir='ltr' id='par_1_70' title="bbox 2209 3698 3735 3773">
     <span class='ocr_line' id='line_1_70' title="bbox 2209 3698 3735 3773; baseline -0.001 -16"><span class='ocrx_word' id='word_1_547' title='bbox 2209 3698 2345 3757; x_wconf 77' lang='grc' dir='ltr'>Εἶτα</span> <span class='ocrx_word' id='word_1_548' title='bbox 2365 3743 2379 3767; x_wconf 93' lang='grc'><strong>,</strong></span> <span class='ocrx_word' id='word_1_549' title='bbox 2429 3699 2777 3772; x_wconf 84' lang='grc' dir='ltr'>σαφηνίζων,</span> <span class='ocrx_word' id='word_1_550' title='bbox 2829 3699 2922 3752; x_wconf 82' lang='grc' dir='ltr'><strong>καὶ</strong></span> <span class='ocrx_word' id='word_1_551' title='bbox 2952 3699 3281 3773; x_wconf 86' lang='grc' dir='ltr'>γυμνότερον</span> <span class='ocrx_word' id='word_1_552' title='bbox 3322 3701 3591 3773; x_wconf 82' lang='grc' dir='ltr'>παριστὰς</span> <span class='ocrx_word' id='word_1_553' title='bbox 3624 3702 3735 3771; x_wconf 79' lang='grc' dir='ltr'>τοῖς</span> 
     </span>
    </p>
   </div>
   <div class='ocr_carea' id='block_1_71' title="bbox 438 3788 2032 3872">
    <p class='ocr_par' dir='ltr' id='par_1_71' title="bbox 438 3798 2032 3872">
     <span class='ocr_line' id='line_1_71' title="bbox 438 3798 2032 3872; baseline 0 -19"><span class='ocrx_word' id='word_1_554' title='bbox 438 3814 583 3869; x_wconf 80' lang='lat' dir='ltr'><strong>quos</strong></span> <span class='ocrx_word' id='word_1_555' title='bbox 613 3798 763 3854; x_wconf 88' lang='lat' dir='ltr'><strong>varia</strong></span> <span class='ocrx_word' id='word_1_556' title='bbox 815 3799 972 3868; x_wconf 83' lang='lat' dir='ltr'><strong>panis</strong></span> <span class='ocrx_word' id='word_1_557' title='bbox 1012 3807 1069 3855; x_wconf 86' lang='lat' dir='ltr'><strong>et</strong></span> <span class='ocrx_word' id='word_1_558' title='bbox 1117 3798 1374 3854; x_wconf 78' lang='lat' dir='ltr'><strong>fermenti</strong></span> <span class='ocrx_word' id='word_1_559' title='bbox 1417 3798 1744 3872; x_wconf 79' lang='lat' dir='ltr'><strong>signiﬁcatio</strong></span> <span class='ocrx_word' id='word_1_560' title='bbox 1794 3799 2032 3855; x_wconf 84' lang='lat' dir='ltr'><strong>incertos</strong></span> 
     </span>
    </p>
   </div>
   <div class='ocr_carea' id='block_1_72' title="bbox 2134 3788 3733 3872">
    <p class='ocr_par' dir='ltr' id='par_1_72' title="bbox 2141 3788 3733 3866">
     <span class='ocr_line' id='line_1_72' title="bbox 2141 3788 3733 3866; baseline -0.003 -19"><span class='ocrx_word' id='word_1_561' title='bbox 2141 3791 2588 3866; x_wconf 82' lang='grc' dir='ltr'>περιελκομένοις</span> <span class='ocrx_word' id='word_1_562' title='bbox 2621 3788 2709 3842; x_wconf 80' lang='grc' dir='ltr'><strong>διὰ</strong></span> <span class='ocrx_word' id='word_1_563' title='bbox 2735 3789 2835 3860; x_wconf 79' lang='grc' dir='ltr'><strong>τὴν</strong></span> <span class='ocrx_word' id='word_1_564' title='bbox 2867 3788 3185 3860; x_wconf 84' lang='grc' dir='ltr'>ὁμωνυμίαν</span> <span class='ocrx_word' id='word_1_565' title='bbox 3214 3788 3378 3859; x_wconf 76' lang='grc' dir='ltr'>ἄρτου</span> <span class='ocrx_word' id='word_1_566' title='bbox 3410 3789 3506 3843; x_wconf 78' lang='grc' dir='ltr'>καὶ</span> <span class='ocrx_word' id='word_1_567' title='bbox 3532 3788 3733 3862; x_wconf 86' lang='grc' dir='ltr'>ζύμης,</span> 
     </span>
    </p>
   </div>
   <div class='ocr_carea' id='block_1_73' title="bbox 442 3880 2032 3962">
    <p class='ocr_par' dir='ltr' id='par_1_73' title="bbox 442 3889 2032 3962">
     <span class='ocr_line' id='line_1_73' title="bbox 442 3889 2032 3962; baseline -0.001 -15"><span class='ocrx_word' id='word_1_568' title='bbox 442 3891 699 3955; x_wconf 68' lang='lat' dir='ltr'><strong>laciebat,</strong></span> <span class='ocrx_word' id='word_1_569' title='bbox 750 3907 861 3946; x_wconf 90' lang='lat' dir='ltr'><strong>non</strong></span> <span class='ocrx_word' id='word_1_570' title='bbox 894 3891 962 3947; x_wconf 82' lang='lat' dir='ltr'><strong>de</strong></span> <span class='ocrx_word' id='word_1_571' title='bbox 1007 3891 1197 3947; x_wconf 84' lang='lat' dir='ltr'><strong>sensili</strong></span> <span class='ocrx_word' id='word_1_572' title='bbox 1231 3905 1370 3962; x_wconf 89' lang='lat' dir='ltr'><strong>pane</strong></span> <span class='ocrx_word' id='word_1_573' title='bbox 1407 3906 1467 3947; x_wconf 86' lang='lat' dir='ltr'><strong>se</strong></span> <span class='ocrx_word' id='word_1_574' title='bbox 1497 3891 1605 3946; x_wconf 88' lang='lat' dir='ltr'><strong>illis</strong></span> <span class='ocrx_word' id='word_1_575' title='bbox 1641 3891 1906 3955; x_wconf 84' lang='lat' dir='ltr'><strong>locutum,</strong></span> <span class='ocrx_word' id='word_1_576' title='bbox 1940 3889 2032 3946; x_wconf 90' lang='lat' dir='ltr'><strong>sed</strong></span> 
     </span>
    </p>
   </div>
   <div class='ocr_carea' id='block_1_74' title="bbox 2134 3880 3736 3962">
    <p class='ocr_par' dir='ltr' id='par_1_74' title="bbox 2138 3880 3736 3961">
     <span class='ocr_line' id='line_1_74' title="bbox 2138 3880 3736 3961; baseline -0.005 -17"><span class='ocrx_word' id='word_1_577' title='bbox 2138 3891 2221 3945; x_wconf 83' lang='grc' dir='ltr'><strong>δτι</strong></span> <span class='ocrx_word' id='word_1_578' title='bbox 2255 3887 2330 3961; x_wconf 81' lang='grc' dir='ltr'>μὴ</span> <span class='ocrx_word' id='word_1_579' title='bbox 2362 3887 2491 3958; x_wconf 75' lang='grc' dir='ltr'>περὶ</span> <span class='ocrx_word' id='word_1_580' title='bbox 2522 3882 2784 3955; x_wconf 80' lang='grc' dir='ltr'>αἰσθητοῦ</span> <span class='ocrx_word' id='word_1_581' title='bbox 2812 3882 2997 3952; x_wconf 79' lang='grc' dir='ltr'>ἔλεγεν</span> <span class='ocrx_word' id='word_1_582' title='bbox 3020 3882 3203 3947; x_wconf 83' lang='grc' dir='ltr'>αὐτοῖς</span> <span class='ocrx_word' id='word_1_583' title='bbox 3224 3881 3417 3952; x_wconf 89' lang='grc' dir='ltr'>ἄρτου,</span> <span class='ocrx_word' id='word_1_584' title='bbox 3446 3880 3583 3934; x_wconf 88' lang='grc' dir='ltr'><strong>ἀλλά</strong></span> <span class='ocrx_word' id='word_1_585' title='bbox 3603 3881 3736 3954; x_wconf 78' lang='grc' dir='ltr'>περὶ</span> 
     </span>
    </p>
   </div>
   <div class='ocr_carea' id='block_1_75' title="bbox 438 3973 2032 4052">
    <p class='ocr_par' dir='ltr' id='par_1_75' title="bbox 438 3980 2032 4045">
     <span class='ocr_line' id='line_1_75' title="bbox 438 3980 2032 4045; baseline 0 -9"><span class='ocrx_word' id='word_1_586' title='bbox 438 3982 512 4036; x_wconf 86' lang='lat' dir='ltr'><strong>de</strong></span> <span class='ocrx_word' id='word_1_587' title='bbox 554 3981 816 4036; x_wconf 81' lang='lat' dir='ltr'><strong>l‘ennento</strong></span> <span class='ocrx_word' id='word_1_588' title='bbox 860 3983 915 4037; x_wconf 90' lang='lat' dir='ltr'><strong>in</strong></span> <span class='ocrx_word' id='word_1_589' title='bbox 959 3982 1207 4037; x_wconf 85' lang='lat' dir='ltr'><strong>doctrina</strong></span> <span class='ocrx_word' id='word_1_590' title='bbox 1254 3989 1551 4045; x_wconf 87' lang='lat' dir='ltr'><strong>contento,</strong></span> <span class='ocrx_word' id='word_1_591' title='bbox 1611 3980 1886 4038; x_wconf 88' lang='lat' dir='ltr'><strong>subnectit</strong></span> <span class='ocrx_word' id='word_1_592' title='bbox 1919 3982 1967 4014; x_wconf 79' lang='grc'><strong>³⁸</strong></span> <span class='ocrx_word' id='word_1_593' title='bbox 2017 3996 2032 4036; x_wconf 91' lang='lat'><strong>:</strong></span> 
     </span>
    </p>
   </div>
   <div class='ocr_carea' id='block_1_76' title="bbox 2134 3973 3732 4052">
    <p class='ocr_par' dir='ltr' id='par_1_76' title="bbox 2142 3973 3732 4052">
     <span class='ocr_line' id='line_1_76' title="bbox 2142 3973 3732 4052; baseline -0.004 -18"><span class='ocrx_word' id='word_1_594' title='bbox 2142 3982 2243 4052; x_wconf 83' lang='grc' dir='ltr'><strong>τῆς</strong></span> <span class='ocrx_word' id='word_1_595' title='bbox 2273 3982 2331 4033; x_wconf 76' lang='grc' dir='ltr'><strong>ἐν</strong></span> <span class='ocrx_word' id='word_1_596' title='bbox 2357 3981 2424 4050; x_wconf 76' lang='grc' dir='ltr'>τῇ</span> <span class='ocrx_word' id='word_1_597' title='bbox 2456 3975 2776 4047; x_wconf 72' lang='grc' dir='ltr'>διδασκαλίᾳ</span> <span class='ocrx_word' id='word_1_598' title='bbox 2816 3975 3015 4046; x_wconf 84' lang='grc' dir='ltr'>ζύμης,</span> <span class='ocrx_word' id='word_1_599' title='bbox 3048 3973 3296 4045; x_wconf 80' lang='grc' dir='ltr'>ἐπιφέρει</span> <span class='ocrx_word' id='word_1_600' title='bbox 3320 3973 3379 4027; x_wconf 90' lang='grc' dir='ltr'><strong>τό</strong></span> <span class='ocrx_word' id='word_1_601' title='bbox 3399 3990 3412 4004; x_wconf 88' lang='grc'><strong>·</strong></span> <span class='ocrx_word' id='word_1_602' title='bbox 3457 3993 3475 4024; x_wconf 76' lang='grc' dir='ltr'>ι</span> <span class='ocrx_word' id='word_1_603' title='bbox 3509 3973 3637 4037; x_wconf 83' lang='grc' dir='ltr'>Πῶς</span> <span class='ocrx_word' id='word_1_604' title='bbox 3669 3975 3732 4029; x_wconf 88' lang='grc' dir='ltr'>οὐ</span> 
     </span>
    </p>
   </div>
   <div class='ocr_carea' id='block_1_77' title="bbox 448 4063 2032 4144">
    <p class='ocr_par' dir='ltr' id='par_1_77' title="bbox 448 4071 2032 4144">
     <span class='ocr_line' id='line_1_77' title="bbox 448 4071 2032 4144; baseline 0.001 -21"><span class='ocrx_word' id='word_1_605' title='bbox 448 4093 470 4123; x_wconf 72' lang='grc' dir='ltr'>ι</span> <span class='ocrx_word' id='word_1_606' title='bbox 521 4071 703 4138; x_wconf 82' lang='lat' dir='ltr'><strong>Quare</strong></span> <span class='ocrx_word' id='word_1_607' title='bbox 750 4089 859 4126; x_wconf 91' lang='lat' dir='ltr'><strong>non</strong></span> <span class='ocrx_word' id='word_1_608' title='bbox 912 4073 1215 4144; x_wconf 75' lang='lat' dir='ltr'><strong>intelligitis</strong></span> <span class='ocrx_word' id='word_1_609' title='bbox 1279 4073 1407 4142; x_wconf 87' lang='lat' dir='ltr'><strong>quia</strong></span> <span class='ocrx_word' id='word_1_610' title='bbox 1458 4088 1568 4127; x_wconf 90' lang='lat' dir='ltr'><strong>non</strong></span> <span class='ocrx_word' id='word_1_611' title='bbox 1614 4073 1687 4126; x_wconf 91' lang='lat' dir='ltr'><strong>de</strong></span> <span class='ocrx_word' id='word_1_612' title='bbox 1735 4087 1873 4141; x_wconf 85' lang='lat' dir='ltr'><strong>pane</strong></span> <span class='ocrx_word' id='word_1_613' title='bbox 1923 4071 2032 4125; x_wconf 82' lang='lat' dir='ltr'><strong>dixi</strong></span> 
     </span>
    </p>
   </div>
   <div class='ocr_carea' id='block_1_78' title="bbox 2134 4063 3733 4144">
    <p class='ocr_par' dir='ltr' id='par_1_78' title="bbox 2141 4063 3733 4141">
     <span class='ocr_line' id='line_1_78' title="bbox 2141 4063 3733 4141; baseline -0.004 -14"><span class='ocrx_word' id='word_1_614' title='bbox 2141 4075 2333 4137; x_wconf 85' lang='grc' dir='ltr'>νοεῖτε,</span> <span class='ocrx_word' id='word_1_615' title='bbox 2359 4072 2443 4125; x_wconf 83' lang='grc' dir='ltr'>ὅτι</span> <span class='ocrx_word' id='word_1_616' title='bbox 2480 4072 2540 4124; x_wconf 82' lang='grc' dir='ltr'>οὐ</span> <span class='ocrx_word' id='word_1_617' title='bbox 2588 4070 2717 4141; x_wconf 73' lang='grc' dir='ltr'>περὶ</span> <span class='ocrx_word' id='word_1_618' title='bbox 2756 4068 2922 4140; x_wconf 84' lang='grc' dir='ltr'>ἄρτου</span> <span class='ocrx_word' id='word_1_619' title='bbox 2972 4063 3123 4121; x_wconf 76' lang='grc' dir='ltr'>εἷπον</span> <span class='ocrx_word' id='word_1_620' title='bbox 3157 4068 3305 4137; x_wconf 83' lang='grc' dir='ltr'>ὑμῖν,</span> <span class='ocrx_word' id='word_1_621' title='bbox 3357 4066 3650 4139; x_wconf 83' lang='grc' dir='ltr'>προσέχετε</span> <span class='ocrx_word' id='word_1_622' title='bbox 3674 4066 3733 4121; x_wconf 77' lang='grc' dir='ltr'>δὲ</span> 
     </span>
    </p>
   </div>
   <div class='ocr_carea' id='block_1_79' title="bbox 445 4157 2032 4234">
    <p class='ocr_par' dir='ltr' id='par_1_79' title="bbox 445 4162 2032 4231">
     <span class='ocr_line' id='line_1_79' title="bbox 445 4162 2032 4231; baseline 0 -13"><span class='ocrx_word' id='word_1_623' title='bbox 445 4166 623 4231; x_wconf 83' lang='lat' dir='ltr'><strong>vobis,</strong></span> <span class='ocrx_word' id='word_1_624' title='bbox 668 4167 761 4222; x_wconf 89' lang='lat' dir='ltr'><strong>sed</strong></span> <span class='ocrx_word' id='word_1_625' title='bbox 792 4177 979 4222; x_wconf 88' lang='lat' dir='ltr'><strong>cavete</strong></span> <span class='ocrx_word' id='word_1_626' title='bbox 1011 4181 1040 4221; x_wconf 71' lang='grc' dir='ltr'>ι</span> <span class='ocrx_word' id='word_1_627' title='bbox 1081 4166 1350 4221; x_wconf 79' lang='lat' dir='ltr'><strong>fermento</strong></span> <span class='ocrx_word' id='word_1_628' title='bbox 1387 4163 1788 4218; x_wconf 57' lang='lat' dir='ltr'><strong>Pharisaeorum</strong></span> <span class='ocrx_word' id='word_1_629' title='bbox 1815 4171 1867 4218; x_wconf 85' lang='lat' dir='ltr'><strong>et</strong></span> <span class='ocrx_word' id='word_1_630' title='bbox 1899 4162 2032 4218; x_wconf 63' lang='lat' dir='ltr'><strong>Sadc</strong></span> 
     </span>
    </p>
   </div>
   <div class='ocr_carea' id='block_1_80' title="bbox 2134 4157 3728 4234">
    <p class='ocr_par' dir='ltr' id='par_1_80' title="bbox 2142 4157 3728 4234">
     <span class='ocr_line' id='line_1_80' title="bbox 2142 4157 3728 4234; baseline -0.005 -15"><span class='ocrx_word' id='word_1_631' title='bbox 2142 4165 2250 4219; x_wconf 84' lang='grc' dir='ltr'><strong>ἀπὸ</strong></span> <span class='ocrx_word' id='word_1_632' title='bbox 2287 4164 2388 4234; x_wconf 85' lang='grc' dir='ltr'><strong>τῆς</strong></span> <span class='ocrx_word' id='word_1_633' title='bbox 2425 4162 2607 4234; x_wconf 82' lang='grc' dir='ltr'>ζύμης</span> <span class='ocrx_word' id='word_1_634' title='bbox 2643 4161 2753 4214; x_wconf 85' lang='grc' dir='ltr'><strong>τῶν</strong></span> <span class='ocrx_word' id='word_1_635' title='bbox 2788 4159 3099 4231; x_wconf 77' lang='grc' dir='ltr'>Φαρισαίων</span> <span class='ocrx_word' id='word_1_636' title='bbox 3144 4158 3239 4212; x_wconf 77' lang='grc' dir='ltr'><strong>καὶ</strong></span> <span class='ocrx_word' id='word_1_637' title='bbox 3272 4157 3675 4223; x_wconf 85' lang='grc' dir='ltr'>Σαδδουκαίων;</span> <span class='ocrx_word' id='word_1_638' title='bbox 3707 4177 3728 4211; x_wconf 77' lang='grc' dir='ltr'>ι</span> 
     </span>
    </p>
   </div>
   <div class='ocr_carea' id='block_1_81' title="bbox 443 4248 2032 4329">
    <p class='ocr_par' dir='ltr' id='par_1_81' title="bbox 443 4255 2032 4329">
     <span class='ocr_line' id='line_1_81' title="bbox 443 4255 2032 4329; baseline -0.002 -15"><span class='ocrx_word' id='word_1_639' title='bbox 443 4262 757 4315; x_wconf 56' lang='lat' dir='ltr'><strong>ducenorum</strong></span> <span class='ocrx_word' id='word_1_640' title='bbox 787 4259 813 4313; x_wconf 66' lang='grc' dir='ltr'>ἲ</span> <span class='ocrx_word' id='word_1_641' title='bbox 865 4278 887 4311; x_wconf 74' lang='grc' dir='ltr'>ι</span> <span class='ocrx_word' id='word_1_642' title='bbox 943 4258 1172 4313; x_wconf 87' lang='lat' dir='ltr'><strong>Etiamsi</strong></span> <span class='ocrx_word' id='word_1_643' title='bbox 1235 4257 1738 4329; x_wconf 86' lang='lat' dir='ltr'><strong>interpretationem</strong></span> <span class='ocrx_word' id='word_1_644' title='bbox 1800 4255 2032 4311; x_wconf 90' lang='lat' dir='ltr'><strong>dilucide</strong></span> 
     </span>
    </p>
   </div>
   <div class='ocr_carea' id='block_1_82' title="bbox 2134 4248 3731 4329">
    <p class='ocr_par' dir='ltr' id='par_1_82' title="bbox 2141 4248 3731 4327">
     <span class='ocr_line' id='line_1_82' title="bbox 2141 4248 3731 4327; baseline -0.003 -16"><span class='ocrx_word' id='word_1_645' title='bbox 2141 4257 2334 4311; x_wconf 81' lang='grc' dir='ltr'>Καίτοι</span> <span class='ocrx_word' id='word_1_646' title='bbox 2378 4255 2515 4327; x_wconf 79' lang='grc' dir='ltr'>μηδὲ</span> <span class='ocrx_word' id='word_1_647' title='bbox 2553 4253 2942 4324; x_wconf 80' lang='grc' dir='ltr'>γυμνώσαντος</span> <span class='ocrx_word' id='word_1_648' title='bbox 2973 4251 3139 4305; x_wconf 79' lang='grc' dir='ltr'>αὐτοῦ</span> <span class='ocrx_word' id='word_1_649' title='bbox 3174 4248 3249 4323; x_wconf 89' lang='grc'><strong>(6)</strong></span> <span class='ocrx_word' id='word_1_650' title='bbox 3277 4250 3376 4322; x_wconf 77' lang='grc' dir='ltr'>τὴν</span> <span class='ocrx_word' id='word_1_651' title='bbox 3412 4250 3731 4323; x_wconf 78' lang='grc' dir='ltr'>ἑρμηνείαν,</span> 
     </span>
    </p>
   </div>
   <div class='ocr_carea' id='block_1_83' title="bbox 445 4342 2032 4421">
    <p class='ocr_par' dir='ltr' id='par_1_83' title="bbox 445 4348 2032 4421">
     <span class='ocr_line' id='line_1_83' title="bbox 445 4348 2032 4421; baseline -0.003 -14"><span class='ocrx_word' id='word_1_652' title='bbox 445 4367 555 4409; x_wconf 85' lang='lat' dir='ltr'><strong>non</strong></span> <span class='ocrx_word' id='word_1_653' title='bbox 580 4351 944 4418; x_wconf 83' lang='lat' dir='ltr'><strong>declarasset,</strong></span> <span class='ocrx_word' id='word_1_654' title='bbox 978 4351 1073 4407; x_wconf 83' lang='lat' dir='ltr'><strong>sed</strong></span> <span class='ocrx_word' id='word_1_655' title='bbox 1101 4351 1402 4406; x_wconf 85' lang='lat' dir='ltr'><strong>etiamnum</strong></span> <span class='ocrx_word' id='word_1_656' title='bbox 1453 4350 1508 4404; x_wconf 84' lang='lat' dir='ltr'><strong>in</strong></span> <span class='ocrx_word' id='word_1_657' title='bbox 1554 4348 1895 4421; x_wconf 81' lang='lat' dir='ltr'><strong>tropOIOgico</strong></span> <span class='ocrx_word' id='word_1_658' title='bbox 1919 4365 2032 4406; x_wconf 86' lang='lat' dir='ltr'><strong>ser-</strong></span> 
     </span>
    </p>
   </div>
   <div class='ocr_carea' id='block_1_84' title="bbox 2134 4342 3729 4421">
    <p class='ocr_par' dir='ltr' id='par_1_84' title="bbox 2135 4342 3729 4417">
     <span class='ocr_line' id='line_1_84' title="bbox 2135 4342 3729 4417; baseline -0.004 -14"><span class='ocrx_word' id='word_1_659' title='bbox 2135 4348 2250 4403; x_wconf 87' lang='grc' dir='ltr'>ἀλλ’</span> <span class='ocrx_word' id='word_1_660' title='bbox 2277 4347 2358 4401; x_wconf 79' lang='grc' dir='ltr'><strong>ἐτι</strong></span> <span class='ocrx_word' id='word_1_661' title='bbox 2387 4345 2739 4417; x_wconf 82' lang='grc' dir='ltr'>ἐπιμένοντος</span> <span class='ocrx_word' id='word_1_662' title='bbox 2767 4345 2833 4415; x_wconf 82' lang='grc' dir='ltr'>τῇ</span> <span class='ocrx_word' id='word_1_663' title='bbox 2864 4342 3195 4414; x_wconf 76' lang='grc' dir='ltr'>τροπολογίᾳ</span> <span class='ocrx_word' id='word_1_664' title='bbox 3214 4380 3228 4406; x_wconf 93' lang='grc'><strong>,</strong></span> <span class='ocrx_word' id='word_1_665' title='bbox 3262 4342 3503 4412; x_wconf 78' lang='grc' dir='ltr'>συνῆκαν</span> <span class='ocrx_word' id='word_1_666' title='bbox 3543 4346 3590 4397; x_wconf 83' lang='lat' dir='ltr'><strong>oi</strong></span> <span class='ocrx_word' id='word_1_667' title='bbox 3622 4361 3729 4414; x_wconf 81' lang='grc' dir='ltr'>μα-</span> 
     </span>
    </p>
   </div>
   <div class='ocr_carea' id='block_1_85' title="bbox 447 4428 2032 4511">
    <p class='ocr_par' dir='ltr' id='par_1_85' title="bbox 447 4439 2032 4511">
     <span class='ocr_line' id='line_1_85' title="bbox 447 4439 2032 4511; baseline 0.001 -16"><span class='ocrx_word' id='word_1_668' title='bbox 447 4457 609 4495; x_wconf 89' lang='lat' dir='ltr'><strong>mone</strong></span> <span class='ocrx_word' id='word_1_669' title='bbox 640 4442 976 4511; x_wconf 80' lang='lat' dir='ltr'><strong>persisteret.</strong></span> <span class='ocrx_word' id='word_1_670' title='bbox 1021 4441 1408 4497; x_wconf 82' lang='lat' dir='ltr'><strong>intellexerunt</strong></span> <span class='ocrx_word' id='word_1_671' title='bbox 1441 4439 1691 4510; x_wconf 81' lang='lat' dir='ltr'><strong>discipuli</strong></span> <span class='ocrx_word' id='word_1_672' title='bbox 1726 4455 2032 4497; x_wconf 89' lang='lat' dir='ltr'><strong>sermonem</strong></span> 
     </span>
    </p>
   </div>
   <div class='ocr_carea' id='block_1_86' title="bbox 2134 4428 3728 4511">
    <p class='ocr_par' dir='ltr' id='par_1_86' title="bbox 2135 4428 3728 4511">
     <span class='ocr_line' id='line_1_86' title="bbox 2135 4428 3728 4511; baseline -0.005 -16"><span class='ocrx_word' id='word_1_673' title='bbox 2135 4440 2319 4511; x_wconf 76' lang='grc' dir='ltr'>θηταὶ,</span> <span class='ocrx_word' id='word_1_674' title='bbox 2351 4440 2433 4493; x_wconf 81' lang='grc' dir='ltr'><strong>ὅτι</strong></span> <span class='ocrx_word' id='word_1_675' title='bbox 2460 4440 2489 4491; x_wconf 90' lang='grc' dir='ltr'><strong>ό</strong></span> <span class='ocrx_word' id='word_1_676' title='bbox 2534 4437 2690 4505; x_wconf 89' lang='grc' dir='ltr'>λόγος</span> <span class='ocrx_word' id='word_1_677' title='bbox 2722 4434 2799 4505; x_wconf 81' lang='grc' dir='ltr'>τῷ</span> <span class='ocrx_word' id='word_1_678' title='bbox 2840 4435 3054 4507; x_wconf 82' lang='grc' dir='ltr'>Σωτῆρι</span> <span class='ocrx_word' id='word_1_679' title='bbox 3082 4428 3151 4506; x_wconf 80' lang='grc' dir='ltr'>ἦν</span> <span class='ocrx_word' id='word_1_680' title='bbox 3175 4434 3304 4506; x_wconf 74' lang='grc' dir='ltr'>περὶ</span> <span class='ocrx_word' id='word_1_681' title='bbox 3339 4434 3728 4501; x_wconf 85' lang='grc' dir='ltr'>διδασκαλίας,</span> 
     </span>
    </p>
   </div>
   <div class='ocr_carea' id='block_1_87' title="bbox 441 4525 2032 4602">
    <p class='ocr_par' dir='ltr' id='par_1_87' title="bbox 441 4531 2032 4602">
     <span class='ocr_line' id='line_1_87' title="bbox 441 4531 2032 4602; baseline 0.001 -16"><span class='ocrx_word' id='word_1_682' title='bbox 441 4532 613 4602; x_wconf 75' lang='lat'><strong>519</strong></span> <span class='ocrx_word' id='word_1_683' title='bbox 673 4533 874 4588; x_wconf 86' lang='lat' dir='ltr'><strong>habere</strong></span> <span class='ocrx_word' id='word_1_684' title='bbox 925 4531 1268 4589; x_wconf 85' lang='lat' dir='ltr'><strong>Servatorem</strong></span> <span class='ocrx_word' id='word_1_685' title='bbox 1318 4533 1387 4588; x_wconf 89' lang='lat' dir='ltr'><strong>de</strong></span> <span class='ocrx_word' id='word_1_686' title='bbox 1440 4533 1731 4598; x_wconf 85' lang='lat' dir='ltr'><strong>doctrina,</strong></span> <span class='ocrx_word' id='word_1_687' title='bbox 1793 4532 2032 4602; x_wconf 89' lang='lat' dir='ltr'><strong>tropice,</strong></span> 
     </span>
    </p>
   </div>
   <div class='ocr_carea' id='block_1_88' title="bbox 2134 4525 3730 4602">
    <p class='ocr_par' dir='ltr' id='par_1_88' title="bbox 2134 4525 3730 4602">
     <span class='ocr_line' id='line_1_88' title="bbox 2134 4525 3730 4602; baseline -0.003 -17"><span class='ocrx_word' id='word_1_688' title='bbox 2134 4530 2409 4602; x_wconf 87' lang='grc' dir='ltr'>τροπικῶς</span> <span class='ocrx_word' id='word_1_689' title='bbox 2442 4527 2619 4599; x_wconf 82' lang='grc' dir='ltr'>ζύμης</span> <span class='ocrx_word' id='word_1_690' title='bbox 2646 4526 2945 4599; x_wconf 80' lang='grc' dir='ltr'>εἰρημένης</span> <span class='ocrx_word' id='word_1_691' title='bbox 2969 4566 2983 4591; x_wconf 97' lang='grc'><strong>,</strong></span> <span class='ocrx_word' id='word_1_692' title='bbox 3021 4526 3089 4597; x_wconf 75' lang='grc' dir='ltr'>ἦν</span> <span class='ocrx_word' id='word_1_693' title='bbox 3130 4525 3409 4579; x_wconf 85' lang='grc' dir='ltr'>ἐδίδασκον</span> <span class='ocrx_word' id='word_1_694' title='bbox 3439 4528 3730 4599; x_wconf 78' lang='grc' dir='ltr'>Φαρισαῖοι</span> 
     </span>
    </p>
   </div>
   <div class='ocr_carea' id='block_1_89' title="bbox 446 4613 2032 4696">
    <p class='ocr_par' dir='ltr' id='par_1_89' title="bbox 446 4625 2032 4696">
     <span class='ocr_line' id='line_1_89' title="bbox 446 4625 2032 4696; baseline 0.001 -17"><span class='ocrx_word' id='word_1_695' title='bbox 446 4625 798 4691; x_wconf 79' lang='lat' dir='ltr'><strong>fermentum,</strong></span> <span class='ocrx_word' id='word_1_696' title='bbox 841 4625 1008 4694; x_wconf 89' lang='lat' dir='ltr'><strong>dicta,</strong></span> <span class='ocrx_word' id='word_1_697' title='bbox 1048 4642 1171 4696; x_wconf 63' lang='lat' dir='ltr'><strong>quae</strong></span> <span class='ocrx_word' id='word_1_698' title='bbox 1211 4643 1241 4682; x_wconf 89' lang='lat' dir='ltr'><strong>a</strong></span> <span class='ocrx_word' id='word_1_699' title='bbox 1289 4626 1581 4682; x_wconf 67' lang='lat' dir='ltr'><strong>Pharisaeis</strong></span> <span class='ocrx_word' id='word_1_700' title='bbox 1626 4634 1681 4680; x_wconf 93' lang='lat' dir='ltr'><strong>et</strong></span> <span class='ocrx_word' id='word_1_701' title='bbox 1725 4625 2032 4680; x_wconf 74' lang='lat' dir='ltr'><strong>Sadducaeis</strong></span> 
     </span>
    </p>
   </div>
   <div class='ocr_carea' id='block_1_90' title="bbox 2134 4613 3733 4696">
    <p class='ocr_par' dir='ltr' id='par_1_90' title="bbox 2136 4613 3733 4690">
     <span class='ocr_line' id='line_1_90' title="bbox 2136 4613 3733 4690; baseline -0.001 -14"><span class='ocrx_word' id='word_1_702' title='bbox 2136 4620 2232 4677; x_wconf 70' lang='grc' dir='ltr'>καὶ</span> <span class='ocrx_word' id='word_1_703' title='bbox 2260 4620 2627 4675; x_wconf 84' lang='grc' dir='ltr'>Σαδδουκαῖοι.</span> <span class='ocrx_word' id='word_1_704' title='bbox 2659 4617 2820 4672; x_wconf 87' lang='grc' dir='ltr'>Ὅσον</span> <span class='ocrx_word' id='word_1_705' title='bbox 2854 4618 2951 4689; x_wconf 84' lang='grc' dir='ltr'>μὲν</span> <span class='ocrx_word' id='word_1_706' title='bbox 2988 4613 3081 4672; x_wconf 74' lang='grc' dir='ltr'>οὖν</span> <span class='ocrx_word' id='word_1_707' title='bbox 3108 4617 3303 4689; x_wconf 72' lang='grc' dir='ltr'>ἔχομεν</span> <span class='ocrx_word' id='word_1_708' title='bbox 3335 4618 3411 4686; x_wconf 90' lang='lat'><strong>(7)</strong></span> <span class='ocrx_word' id='word_1_709' title='bbox 3457 4620 3553 4673; x_wconf 77' lang='grc' dir='ltr'>σὺν</span> <span class='ocrx_word' id='word_1_710' title='bbox 3598 4616 3733 4690; x_wconf 77' lang='grc' dir='ltr'>ἡμῖν</span> 
     </span>
    </p>
   </div>
   <div class='ocr_carea' id='block_1_91' title="bbox 444 4709 2032 4790">
    <p class='ocr_par' dir='ltr' id='par_1_91' title="bbox 444 4714 2032 4790">
     <span class='ocr_line' id='line_1_91' title="bbox 444 4714 2032 4790; baseline -0.003 -13"><span class='ocrx_word' id='word_1_711' title='bbox 444 4718 785 4777; x_wconf 63' lang='lat' dir='ltr'><strong>tradebatur.</strong></span> <span class='ocrx_word' id='word_1_712' title='bbox 826 4716 1078 4785; x_wconf 86' lang='lat' dir='ltr'><strong>Quandiu</strong></span> <span class='ocrx_word' id='word_1_713' title='bbox 1111 4720 1277 4790; x_wconf 84' lang='lat' dir='ltr'><strong>igitur</strong></span> <span class='ocrx_word' id='word_1_714' title='bbox 1312 4719 1598 4775; x_wconf 88' lang='lat' dir='ltr'><strong>nobiscum</strong></span> <span class='ocrx_word' id='word_1_715' title='bbox 1645 4718 1910 4773; x_wconf 89' lang='lat' dir='ltr'><strong>habemus</strong></span> <span class='ocrx_word' id='word_1_716' title='bbox 1945 4714 2032 4772; x_wconf 79' lang='lat' dir='ltr'><strong>Je-</strong></span> 
     </span>
    </p>
   </div>
   <div class='ocr_carea' id='block_1_92' title="bbox 2134 4709 3727 4790">
    <p class='ocr_par' dir='ltr' id='par_1_92' title="bbox 2138 4709 3727 4784">
     <span class='ocr_line' id='line_1_92' title="bbox 2138 4709 3727 4784; baseline 0.001 -17"><span class='ocrx_word' id='word_1_717' title='bbox 2138 4714 2228 4769; x_wconf 83' lang='grc' dir='ltr'><strong>τδν</strong></span> <span class='ocrx_word' id='word_1_718' title='bbox 2279 4712 2485 4784; x_wconf 86' lang='grc' dir='ltr'>Ἰησοῦν</span> <span class='ocrx_word' id='word_1_719' title='bbox 2539 4710 2802 4765; x_wconf 87' lang='grc' dir='ltr'>ποιοῦντα</span> <span class='ocrx_word' id='word_1_720' title='bbox 2842 4712 2940 4783; x_wconf 84' lang='grc' dir='ltr'>τὴν</span> <span class='ocrx_word' id='word_1_721' title='bbox 2988 4709 3304 4781; x_wconf 81' lang='grc' dir='ltr'>φάσκουσαν</span> <span class='ocrx_word' id='word_1_722' title='bbox 3361 4712 3727 4781; x_wconf 83' lang='grc' dir='ltr'>ἐπαγγελίαν·</span> 
     </span>
    </p>
   </div>
   <div class='ocr_carea' id='block_1_93' title="bbox 442 4802 2032 4880">
    <p class='ocr_par' dir='ltr' id='par_1_93' title="bbox 442 4806 2032 4880">
     <span class='ocr_line' id='line_1_93' title="bbox 442 4806 2032 4880; baseline 0 -17"><span class='ocrx_word' id='word_1_723' title='bbox 442 4825 569 4863; x_wconf 81' lang='lat' dir='ltr'><strong>eum</strong></span> <span class='ocrx_word' id='word_1_724' title='bbox 594 4810 928 4880; x_wconf 85' lang='lat' dir='ltr'><strong>promissum</strong></span> <span class='ocrx_word' id='word_1_725' title='bbox 960 4810 1244 4866; x_wconf 72' lang='lat' dir='ltr'><strong>facientem</strong></span> <span class='ocrx_word' id='word_1_726' title='bbox 1279 4810 1424 4879; x_wconf 88' lang='lat' dir='ltr'><strong>quod</strong></span> <span class='ocrx_word' id='word_1_727' title='bbox 1464 4810 1570 4864; x_wconf 90' lang='lat' dir='ltr'><strong>tale</strong></span> <span class='ocrx_word' id='word_1_728' title='bbox 1596 4817 1682 4865; x_wconf 91' lang='lat' dir='ltr'><strong>est</strong></span> <span class='ocrx_word' id='word_1_729' title='bbox 1716 4808 1765 4844; x_wconf 75' lang='lat'><strong>°&#39;</strong></span> <span class='ocrx_word' id='word_1_730' title='bbox 1795 4827 1807 4862; x_wconf 94' lang='lat'>:</span> <span class='ocrx_word' id='word_1_731' title='bbox 1846 4827 1865 4861; x_wconf 81' lang='grc' dir='ltr'>ι</span> <span class='ocrx_word' id='word_1_732' title='bbox 1894 4806 2032 4863; x_wconf 81' lang='lat' dir='ltr'><strong>Ecce</strong></span> 
     </span>
    </p>
   </div>
   <div class='ocr_carea' id='block_1_94' title="bbox 2134 4802 3733 4880">
    <p class='ocr_par' dir='ltr' id='par_1_94' title="bbox 2146 4802 3733 4875">
     <span class='ocr_line' id='line_1_94' title="bbox 2146 4802 3733 4875; baseline -0.003 -15"><span class='ocrx_word' id='word_1_733' title='bbox 2146 4825 2166 4859; x_wconf 81' lang='grc' dir='ltr'>ι</span> <span class='ocrx_word' id='word_1_734' title='bbox 2224 4806 2356 4860; x_wconf 83' lang='grc' dir='ltr'>Ἰδοὺ</span> <span class='ocrx_word' id='word_1_735' title='bbox 2386 4804 2497 4873; x_wconf 83' lang='grc' dir='ltr'><strong>ἐγὼ</strong></span> <span class='ocrx_word' id='word_1_736' title='bbox 2532 4803 2650 4875; x_wconf 83' lang='grc' dir='ltr'>μεθ’</span> <span class='ocrx_word' id='word_1_737' title='bbox 2683 4803 2835 4875; x_wconf 82' lang='grc' dir='ltr'>ὑμῶν</span> <span class='ocrx_word' id='word_1_738' title='bbox 2862 4804 2976 4875; x_wconf 77' lang='grc' dir='ltr'>εἰμι</span> <span class='ocrx_word' id='word_1_739' title='bbox 3008 4802 3190 4867; x_wconf 83' lang='grc' dir='ltr'>πάσας</span> <span class='ocrx_word' id='word_1_740' title='bbox 3208 4803 3307 4866; x_wconf 77' lang='grc' dir='ltr'>τὰς</span> <span class='ocrx_word' id='word_1_741' title='bbox 3332 4803 3548 4875; x_wconf 78' lang='grc' dir='ltr'>ἡμέρας</span> <span class='ocrx_word' id='word_1_742' title='bbox 3567 4842 3582 4866; x_wconf 93' lang='grc'><strong>,</strong></span> <span class='ocrx_word' id='word_1_743' title='bbox 3624 4803 3733 4869; x_wconf 73' lang='grc' dir='ltr'>ἕως</span> 
     </span>
    </p>
   </div>
   <div class='ocr_carea' id='block_1_95' title="bbox 440 4893 2032 4972">
    <p class='ocr_par' dir='ltr' id='par_1_95' title="bbox 440 4900 2032 4972">
     <span class='ocr_line' id='line_1_95' title="bbox 440 4900 2032 4972; baseline 0.001 -18"><span class='ocrx_word' id='word_1_744' title='bbox 440 4915 547 4970; x_wconf 80' lang='lat' dir='ltr'><strong>ego</strong></span> <span class='ocrx_word' id='word_1_745' title='bbox 595 4900 877 4958; x_wconf 85' lang='lat' dir='ltr'><strong>vobiscum</strong></span> <span class='ocrx_word' id='word_1_746' title='bbox 907 4918 1028 4958; x_wconf 87' lang='lat' dir='ltr'><strong>sum</strong></span> <span class='ocrx_word' id='word_1_747' title='bbox 1058 4903 1316 4957; x_wconf 86' lang='lat' dir='ltr'><strong>omnibus</strong></span> <span class='ocrx_word' id='word_1_748' title='bbox 1341 4902 1557 4970; x_wconf 89' lang='lat' dir='ltr'><strong>diebus,</strong></span> <span class='ocrx_word' id='word_1_749' title='bbox 1596 4917 1768 4972; x_wconf 82' lang='lat' dir='ltr'><strong>usque</strong></span> <span class='ocrx_word' id='word_1_750' title='bbox 1796 4901 1864 4957; x_wconf 91' lang='lat' dir='ltr'><strong>ad</strong></span> <span class='ocrx_word' id='word_1_751' title='bbox 1896 4916 2032 4957; x_wconf 86' lang='lat' dir='ltr'><strong>con-</strong></span> 
     </span>
    </p>
   </div>
   <div class='ocr_carea' id='block_1_96' title="bbox 2134 4893 3729 4972">
    <p class='ocr_par' dir='ltr' id='par_1_96' title="bbox 2139 4893 3729 4969">
     <span class='ocr_line' id='line_1_96' title="bbox 2139 4893 3729 4969; baseline -0.003 -16"><span class='ocrx_word' id='word_1_752' title='bbox 2139 4899 2241 4969; x_wconf 86' lang='grc' dir='ltr'><strong>τῆς</strong></span> <span class='ocrx_word' id='word_1_753' title='bbox 2270 4897 2579 4961; x_wconf 84' lang='grc' dir='ltr'>συντελείας</span> <span class='ocrx_word' id='word_1_754' title='bbox 2603 4895 2693 4950; x_wconf 88' lang='grc' dir='ltr'><strong>τοῦ</strong></span> <span class='ocrx_word' id='word_1_755' title='bbox 2730 4895 2943 4960; x_wconf 77' lang='grc' dir='ltr'>αἰῶνος,</span> <span class='ocrx_word' id='word_1_756' title='bbox 2986 4915 3003 4947; x_wconf 77' lang='grc' dir='ltr'>ι</span> <span class='ocrx_word' id='word_1_757' title='bbox 3041 4895 3101 4948; x_wconf 84' lang='grc' dir='ltr'><strong>ού</strong></span> <span class='ocrx_word' id='word_1_758' title='bbox 3126 4894 3401 4966; x_wconf 77' lang='grc' dir='ltr'>δυνάμεθα</span> <span class='ocrx_word' id='word_1_759' title='bbox 3425 4893 3729 4966; x_wconf 85' lang='grc' dir='ltr'>νηστεύειν,</span> 
     </span>
    </p>
   </div>
   <div class='ocr_carea' id='block_1_97' title="bbox 442 4987 2032 5064">
    <p class='ocr_par' dir='ltr' id='par_1_97' title="bbox 442 4992 2032 5064">
     <span class='ocr_line' id='line_1_97' title="bbox 442 4992 2032 5064; baseline 0.003 -19"><span class='ocrx_word' id='word_1_760' title='bbox 442 4992 869 5048; x_wconf 79' lang='lat' dir='ltr'><strong>summationem</strong></span> <span class='ocrx_word' id='word_1_761' title='bbox 902 4994 1111 5058; x_wconf 74' lang='lat' dir='ltr'><strong>saeculi,</strong></span> <span class='ocrx_word' id='word_1_762' title='bbox 1134 5013 1152 5047; x_wconf 74' lang='grc' dir='ltr'>ι</span> <span class='ocrx_word' id='word_1_763' title='bbox 1178 4994 1428 5064; x_wconf 70' lang='lat' dir='ltr'><strong>ieiunare</strong></span> <span class='ocrx_word' id='word_1_764' title='bbox 1455 5009 1563 5049; x_wconf 90' lang='lat' dir='ltr'><strong>non</strong></span> <span class='ocrx_word' id='word_1_765' title='bbox 1587 5010 1906 5064; x_wconf 86' lang='lat' dir='ltr'><strong>possumus,</strong></span> <span class='ocrx_word' id='word_1_766' title='bbox 1935 5008 2032 5049; x_wconf 91' lang='lat' dir='ltr'><strong>nec</strong></span> 
     </span>
    </p>
   </div>
   <div class='ocr_carea' id='block_1_98' title="bbox 2134 4987 3732 5064">
    <p class='ocr_par' dir='ltr' id='par_1_98' title="bbox 2139 4987 3732 5064">
     <span class='ocr_line' id='line_1_98' title="bbox 2139 4987 3732 5064; baseline -0.001 -19"><span class='ocrx_word' id='word_1_767' title='bbox 2139 4991 2260 5046; x_wconf 82' lang='grc' dir='ltr'>οὐδὲ</span> <span class='ocrx_word' id='word_1_768' title='bbox 2289 4992 2516 5064; x_wconf 89' lang='grc' dir='ltr'>ἀπορεῖν</span> <span class='ocrx_word' id='word_1_769' title='bbox 2548 4990 2773 5063; x_wconf 80' lang='grc' dir='ltr'>τροφῆς,</span> <span class='ocrx_word' id='word_1_770' title='bbox 2804 4988 2881 5053; x_wconf 83' lang='grc' dir='ltr'>ὡς</span> <span class='ocrx_word' id='word_1_771' title='bbox 2906 4987 2996 5042; x_wconf 83' lang='grc' dir='ltr'>διὰ</span> <span class='ocrx_word' id='word_1_772' title='bbox 3025 4988 3122 5059; x_wconf 80' lang='grc' dir='ltr'>τὴν</span> <span class='ocrx_word' id='word_1_773' title='bbox 3145 4987 3381 5060; x_wconf 84' lang='grc' dir='ltr'>ἀπορίαν</span> <span class='ocrx_word' id='word_1_774' title='bbox 3420 4987 3590 5060; x_wconf 79' lang='grc' dir='ltr'>αὐτῆς</span> <span class='ocrx_word' id='word_1_775' title='bbox 3633 4987 3732 5058; x_wconf 82' lang='grc' dir='ltr'>ζη-</span> 
     </span>
    </p>
   </div>
   <div class='ocr_carea' id='block_1_99' title="bbox 444 5079 2032 5156">
    <p class='ocr_par' dir='ltr' id='par_1_99' title="bbox 444 5081 2032 5156">
     <span class='ocr_line' id='line_1_99' title="bbox 444 5081 2032 5156; baseline 0.002 -20"><span class='ocrx_word' id='word_1_776' title='bbox 444 5081 722 5143; x_wconf 74' lang='grc' dir='ltr'>ιιιίιηεηιὶε</span> <span class='ocrx_word' id='word_1_777' title='bbox 763 5084 1029 5155; x_wconf 77' lang='lat' dir='ltr'><strong>indigere,</strong></span> <span class='ocrx_word' id='word_1_778' title='bbox 1062 5085 1137 5141; x_wconf 87' lang='lat' dir='ltr'><strong>ita</strong></span> <span class='ocrx_word' id='word_1_779' title='bbox 1171 5093 1230 5141; x_wconf 90' lang='lat' dir='ltr'><strong>ut</strong></span> <span class='ocrx_word' id='word_1_780' title='bbox 1255 5095 1476 5156; x_wconf 86' lang='lat' dir='ltr'><strong>propter</strong></span> <span class='ocrx_word' id='word_1_781' title='bbox 1512 5085 1729 5140; x_wconf 85' lang='lat' dir='ltr'><strong>illorum</strong></span> <span class='ocrx_word' id='word_1_782' title='bbox 1769 5086 2032 5156; x_wconf 86' lang='lat' dir='ltr'><strong>inopiam,</strong></span> 
     </span>
    </p>
   </div>
   <div class='ocr_carea' id='block_1_100' title="bbox 2134 5079 3728 5156">
    <p class='ocr_par' dir='ltr' id='par_1_100' title="bbox 2140 5079 3728 5154">
     <span class='ocr_line' id='line_1_100' title="bbox 2140 5079 3728 5154; baseline -0.003 -17"><span class='ocrx_word' id='word_1_783' title='bbox 2140 5086 2255 5139; x_wconf 85' lang='grc' dir='ltr'>τεῖν</span> <span class='ocrx_word' id='word_1_784' title='bbox 2283 5082 2387 5138; x_wconf 83' lang='grc' dir='ltr'>κᾶν</span> <span class='ocrx_word' id='word_1_785' title='bbox 2411 5081 2567 5154; x_wconf 81' lang='grc' dir='ltr'>παρὰ</span> <span class='ocrx_word' id='word_1_786' title='bbox 2592 5082 2905 5153; x_wconf 79' lang='grc' dir='ltr'>Φαρισαίων</span> <span class='ocrx_word' id='word_1_787' title='bbox 2923 5082 3018 5135; x_wconf 76' lang='grc' dir='ltr'><strong>καὶ</strong></span> <span class='ocrx_word' id='word_1_788' title='bbox 3041 5079 3413 5135; x_wconf 83' lang='grc' dir='ltr'>Σαδδουκαίων</span> <span class='ocrx_word' id='word_1_789' title='bbox 3444 5079 3546 5151; x_wconf 83' lang='grc' dir='ltr'><strong>τῆς</strong></span> <span class='ocrx_word' id='word_1_790' title='bbox 3581 5079 3728 5149; x_wconf 70' lang='grc' dir='ltr'>ἀτη·</span> 
     </span>
    </p>
   </div>
   <div class='ocr_carea' id='block_1_101' title="bbox 512 5244 2032 5337">
    <p class='ocr_par' dir='ltr' id='par_1_101' title="bbox 512 5248 1977 5337">
     <span class='ocr_line' id='line_1_101' title="bbox 512 5248 1977 5337; baseline 0.001 -33"><span class='ocrx_word' id='word_1_791' title='bbox 512 5250 559 5284; x_wconf 74' lang='lat'>”</span> <span class='ocrx_word' id='word_1_792' title='bbox 595 5248 757 5337; x_wconf 82' lang='lat' dir='ltr'><strong>Hebr.</strong></span> <span class='ocrx_word' id='word_1_793' title='bbox 792 5267 848 5317; x_wconf 70' lang='grc' dir='ltr'>ι,</span> <span class='ocrx_word' id='word_1_794' title='bbox 885 5250 1160 5319; x_wconf 83' lang='lat' dir='ltr'><strong>l;Colos.</strong></span> <span class='ocrx_word' id='word_1_795' title='bbox 1196 5268 1256 5318; x_wconf 87' lang='grc' dir='ltr'><strong>η,</strong></span> <span class='ocrx_word' id='word_1_796' title='bbox 1293 5252 1384 5309; x_wconf 76' lang='grc'><strong>17.</strong></span> <span class='ocrx_word' id='word_1_797' title='bbox 1460 5253 1507 5286; x_wconf 76' lang='grc' dir='ltr'><strong><em>ὀ</em></strong></span> <span class='ocrx_word' id='word_1_798' title='bbox 1537 5251 1732 5309; x_wconf 81' lang='lat' dir='ltr'><strong>Matth.</strong></span> <span class='ocrx_word' id='word_1_799' title='bbox 1766 5267 1853 5306; x_wconf 78' lang='lat' dir='ltr'><strong>xvi</strong></span> <span class='ocrx_word' id='word_1_800' title='bbox 1876 5292 1891 5315; x_wconf 89' lang='lat'><strong>,</strong></span> <span class='ocrx_word' id='word_1_801' title='bbox 1924 5250 1977 5306; x_wconf 84' lang='lat'><strong>7.</strong></span> 
     </span>
    </p>
   </div>
   <div class='ocr_carea' id='block_1_102' title="bbox 2134 5244 3496 5337">
    <p class='ocr_par' dir='ltr' id='par_1_102' title="bbox 2134 5244 3496 5313">
     <span class='ocr_line' id='line_1_102' title="bbox 2134 5244 3496 5313; baseline -0.002 -9"><span class='ocrx_word' id='word_1_802' title='bbox 2134 5248 2288 5313; x_wconf 85' lang='lat' dir='ltr'><strong>ibid.,</strong></span> <span class='ocrx_word' id='word_1_803' title='bbox 2319 5247 2374 5305; x_wconf 84' lang='grc'>6.</span> <span class='ocrx_word' id='word_1_804' title='bbox 2448 5249 2494 5281; x_wconf 79' lang='grc'><strong>⁹²</strong></span> <span class='ocrx_word' id='word_1_805' title='bbox 2524 5247 2680 5313; x_wconf 87' lang='lat' dir='ltr'><strong>ibid.,</strong></span> <span class='ocrx_word' id='word_1_806' title='bbox 2716 5248 2803 5303; x_wconf 83' lang='lat' dir='ltr'><strong>ll.</strong></span> <span class='ocrx_word' id='word_1_807' title='bbox 2844 5244 2849 5249; x_wconf 74' lang='grc'><em>’</em></span> <span class='ocrx_word' id='word_1_808' title='bbox 2879 5247 2926 5280; x_wconf 75' lang='grc'><strong>’³</strong></span> <span class='ocrx_word' id='word_1_809' title='bbox 2959 5245 3144 5303; x_wconf 79' lang='lat' dir='ltr'><strong>Matth.</strong></span> <span class='ocrx_word' id='word_1_810' title='bbox 3173 5262 3366 5310; x_wconf 80' lang='lat' dir='ltr'><strong>xxvtu,</strong></span> <span class='ocrx_word' id='word_1_811' title='bbox 3406 5248 3496 5301; x_wconf 68' lang='lat'><strong>20.</strong></span> 
     </span>
    </p>
   </div>
   <div class='ocr_carea' id='block_1_103' title="bbox 516 5425 2032 5508">
    <p class='ocr_par' dir='ltr' id='par_1_103' title="bbox 516 5433 2032 5508">
     <span class='ocr_line' id='line_1_103' title="bbox 516 5433 2032 5508; baseline 0.001 -19"><span class='ocrx_word' id='word_1_812' title='bbox 516 5433 717 5508; x_wconf 55' lang='lat'><strong>(5)90</strong></span> <span class='ocrx_word' id='word_1_813' title='bbox 741 5434 998 5506; x_wconf 62' lang='lat' dir='ltr'><strong>W6;-</strong></span> <span class='ocrx_word' id='word_1_814' title='bbox 1022 5434 1330 5505; x_wconf 73' lang='grc' dir='ltr'>λέγοντες.</span> <span class='ocrx_word' id='word_1_815' title='bbox 1367 5436 1673 5495; x_wconf 80' lang='lat' dir='ltr'><strong>Erasmus:</strong></span> <span class='ocrx_word' id='word_1_816' title='bbox 1707 5457 1727 5489; x_wconf 74' lang='grc' dir='ltr'><strong>ι</strong></span> <span class='ocrx_word' id='word_1_817' title='bbox 1763 5435 1882 5491; x_wconf 80' lang='lat' dir='ltr'><strong>Non</strong></span> <span class='ocrx_word' id='word_1_818' title='bbox 1905 5438 2032 5507; x_wconf 88' lang='lat' dir='ltr'><strong>qui-</strong></span> 
     </span>
    </p>
   </div>
   <div class='ocr_carea' id='block_1_104' title="bbox 2134 5425 3580 5508">
    <p class='ocr_par' dir='ltr' id='par_1_104' title="bbox 2141 5425 3580 5508">
     <span class='ocr_line' id='line_1_104' title="bbox 2141 5425 3580 5508; baseline -0.006 -19"><span class='ocrx_word' id='word_1_819' title='bbox 2141 5431 2585 5508; x_wconf 51' lang='lat' dir='ltr'><strong>estjrpozpoptxbv</strong></span> <span class='ocrx_word' id='word_1_820' title='bbox 2605 5430 2784 5508; x_wconf 69' lang='grc' dir='ltr'>λόγον,</span> <span class='ocrx_word' id='word_1_821' title='bbox 2813 5430 2958 5508; x_wconf 70' lang='grc' dir='ltr'>λόγῳ</span> <span class='ocrx_word' id='word_1_822' title='bbox 2981 5427 3289 5508; x_wconf 70' lang='grc' dir='ltr'>ἐνδιαθὲτιρ.</span> <span class='ocrx_word' id='word_1_823' title='bbox 3314 5425 3580 5508; x_wconf 50' lang='grc' dir='ltr'>ῌυετιῦελ</span> 
     </span>
    </p>
   </div>
   <div class='ocr_carea' id='block_1_105' title="bbox 442 5494 2032 5582">
    <p class='ocr_par' dir='ltr' id='par_1_105' title="bbox 442 5494 2031 5582">
     <span class='ocr_line' id='line_1_105' title="bbox 442 5494 2031 5582; baseline 0.01 -27"><span class='ocrx_word' id='word_1_824' title='bbox 442 5494 834 5582; x_wconf 60' lang='grc' dir='ltr'><strong>ειςὴίΐαιεηὶςξὲ</strong></span> <span class='ocrx_word' id='word_1_825' title='bbox 855 5494 998 5582; x_wconf 78' lang='lat' dir='ltr'><strong>quod</strong></span> <span class='ocrx_word' id='word_1_826' title='bbox 1033 5494 1326 5582; x_wconf 71' lang='lat' dir='ltr'><strong>acciderat,</strong></span> <span class='ocrx_word' id='word_1_827' title='bbox 1359 5527 1376 5560; x_wconf 73' lang='grc' dir='ltr'><strong>ι</strong></span> <span class='ocrx_word' id='word_1_828' title='bbox 1402 5494 1623 5582; x_wconf 78' lang='lat' dir='ltr'><strong>legerat</strong></span> <span class='ocrx_word' id='word_1_829' title='bbox 1650 5527 1666 5563; x_wconf 86' lang='lat'><strong>:</strong></span> <span class='ocrx_word' id='word_1_830' title='bbox 1701 5509 1762 5563; x_wconf 83' lang='grc' dir='ltr'>οὺ</span> <span class='ocrx_word' id='word_1_831' title='bbox 1804 5494 2031 5582; x_wconf 71' lang='grc' dir='ltr'>γιγὸνδς</span> 
     </span>
    </p>
   </div>
   <div class='ocr_carea' id='block_1_106' title="bbox 2134 5494 3723 5582">
    <p class='ocr_par' dir='ltr' id='par_1_106' title="bbox 2202 5494 3723 5582">
     <span class='ocr_line' id='line_1_106' title="bbox 2202 5494 3723 5582; baseline -0.01 -24"><span class='ocrx_word' id='word_1_832' title='bbox 2202 5503 2280 5574; x_wconf 82' lang='lat'><strong>(6)</strong></span> <span class='ocrx_word' id='word_1_833' title='bbox 2301 5494 2696 5582; x_wconf 52' lang='grc' dir='ltr'><strong>’καίτουιῃδὲ</strong></span> <span class='ocrx_word' id='word_1_834' title='bbox 2716 5494 3147 5582; x_wconf 56' lang='grc' dir='ltr'>γυμνῷὸναττος</span> <span class='ocrx_word' id='word_1_835' title='bbox 3173 5494 3380 5582; x_wconf 60' lang='grc' dir='ltr'>αὑτοῦ,</span> <span class='ocrx_word' id='word_1_836' title='bbox 3544 5494 3723 5582; x_wconf 55' lang='lat' dir='ltr'><strong>Chry-</strong></span> 
     </span>
    </p>
   </div>
   <div class='ocr_carea' id='block_1_107' title="bbox 446 5569 2032 5692">
    <p class='ocr_par' dir='ltr' id='par_1_107' title="bbox 446 5569 2032 5692">
     <span class='ocr_line' id='line_1_107' title="bbox 446 5569 2032 5653; baseline 0.003 -26"><span class='ocrx_word' id='word_1_837' title='bbox 446 5572 719 5653; x_wconf 68' lang='grc' dir='ltr'>λιγονιις.</span> <span class='ocrx_word' id='word_1_838' title='bbox 770 5569 889 5632; x_wconf 78' lang='lat' dir='ltr'><strong>Sed</strong></span> <span class='ocrx_word' id='word_1_839' title='bbox 926 5586 1139 5634; x_wconf 86' lang='lat' dir='ltr'><strong>veteres</strong></span> <span class='ocrx_word' id='word_1_840' title='bbox 1163 5579 1287 5634; x_wconf 86' lang='lat' dir='ltr'><strong>libri</strong></span> <span class='ocrx_word' id='word_1_841' title='bbox 1309 5569 1676 5645; x_wconf 75' lang='lat' dir='ltr'><strong>reclamitant,</strong></span> <span class='ocrx_word' id='word_1_842' title='bbox 1705 5569 2032 5648; x_wconf 52' lang='lat' dir='ltr'><strong>atque&#39;adco</strong></span> 
     </span>
     <span class='ocr_line' id='line_1_108' title="bbox 448 5647 2032 5692; baseline 0 0"><span class='ocrx_word' id='word_1_843' title='bbox 448 5657 569 5692; x_wconf 72' lang='lat' dir='ltr'><strong>mm</strong></span> <span class='ocrx_word' id='word_1_844' title='bbox 591 5660 788 5692; x_wconf 75' lang='lat' dir='ltr'><strong>sensus</strong></span> <span class='ocrx_word' id='word_1_845' title='bbox 816 5663 831 5692; x_wconf 67' lang='grc' dir='ltr'><strong>ξ</strong></span> <span class='ocrx_word' id='word_1_846' title='bbox 864 5647 928 5692; x_wconf 62' lang='grc' dir='ltr'>τὺ</span> <span class='ocrx_word' id='word_1_847' title='bbox 956 5649 1211 5692; x_wconf 54' lang='lat' dir='ltr'><strong>vnn.th:</strong></span> <span class='ocrx_word' id='word_1_848' title='bbox 1245 5650 1325 5692; x_wconf 73' lang='lat' dir='ltr'><strong>vol</strong></span> <span class='ocrx_word' id='word_1_849' title='bbox 1367 5648 1514 5692; x_wconf 76' lang='lat' dir='ltr'><strong>mind</strong></span> <span class='ocrx_word' id='word_1_850' title='bbox 1558 5650 1700 5692; x_wconf 60' lang='lat' dir='ltr'><strong>idum</strong></span> <span class='ocrx_word' id='word_1_851' title='bbox 1733 5661 1834 5692; x_wconf 32' lang='lat' dir='ltr'><strong>aet-</strong></span> <span class='ocrx_word' id='word_1_852' title='bbox 1864 5665 2032 5692; x_wconf 64' lang='grc' dir='ltr'>νενω-</span> 
     </span>
    </p>
   </div>
   <div class='ocr_carea' id='block_1_108' title="bbox 2134 5569 3722 5692">
    <p class='ocr_par' dir='ltr' id='par_1_108' title="bbox 2134 5569 3722 5692">
     <span class='ocr_line' id='line_1_109' title="bbox 2134 5569 3722 5639; baseline -0.007 -10"><span class='ocrx_word' id='word_1_853' title='bbox 2134 5569 2412 5629; x_wconf 81' lang='lat' dir='ltr'><strong>snstomus</strong></span> <span class='ocrx_word' id='word_1_854' title='bbox 2443 5589 2458 5625; x_wconf 89' lang='lat'><strong>:</strong></span> <span class='ocrx_word' id='word_1_855' title='bbox 2494 5569 2690 5625; x_wconf 74' lang='grc' dir='ltr'>καίτοι</span> <span class='ocrx_word' id='word_1_856' title='bbox 2733 5569 2898 5624; x_wconf 81' lang='grc' dir='ltr'>αὐτοῦ</span> <span class='ocrx_word' id='word_1_857' title='bbox 2941 5569 3103 5622; x_wconf 89' lang='grc' dir='ltr'>τοῦτο</span> <span class='ocrx_word' id='word_1_858' title='bbox 3135 5569 3209 5638; x_wconf 80' lang='grc' dir='ltr'>μὴ</span> <span class='ocrx_word' id='word_1_859' title='bbox 3259 5569 3722 5639; x_wconf 77' lang='grc' dir='ltr'>ἑρμηνεύσαντος.</span> 
     </span>
     <span class='ocr_line' id='line_1_110' title="bbox 2134 5641 2888 5692; baseline 0 0"><span class='ocrx_word' id='word_1_860' title='bbox 2134 5643 2209 5692; x_wconf 83' lang='lat' dir='ltr'><strong>Ita</strong></span> <span class='ocrx_word' id='word_1_861' title='bbox 2249 5655 2302 5692; x_wconf 82' lang='lat' dir='ltr'><strong>et</strong></span> <span class='ocrx_word' id='word_1_862' title='bbox 2327 5644 2484 5692; x_wconf 84' lang='lat' dir='ltr'><strong>Brev.</strong></span> <span class='ocrx_word' id='word_1_863' title='bbox 2522 5641 2772 5692; x_wconf 85' lang='lat' dir='ltr'><strong>Enarrat.</strong></span> <span class='ocrx_word' id='word_1_864' title='bbox 2811 5642 2888 5692; x_wconf 79' lang='lat' dir='ltr'><strong>in.</strong></span> 
     </span>
    </p>
   </div>
   <div class='ocr_carea' id='block_1_109' title="bbox 447 5641 3719 5837">
    <p class='ocr_par' dir='ltr' id='par_1_109' title="bbox 447 5641 3719 5837">
     <span class='ocr_line' id='line_1_111' title="bbox 448 5641 3372 5720; baseline -0.003 -22"><span class='ocrx_word' id='word_1_865' title='bbox 448 5643 569 5711; x_wconf 74' lang='lat' dir='ltr'><strong>ipse</strong></span> <span class='ocrx_word' id='word_1_866' title='bbox 591 5660 788 5701; x_wconf 76' lang='lat' dir='ltr'><strong>sensus</strong></span> <span class='ocrx_word' id='word_1_867' title='bbox 816 5663 831 5698; x_wconf 74' lang='grc' dir='ltr'><strong><em>τ</em></strong></span> <span class='ocrx_word' id='word_1_868' title='bbox 864 5647 928 5699; x_wconf 69' lang='grc' dir='ltr'>τὸ</span> <span class='ocrx_word' id='word_1_869' title='bbox 956 5649 1219 5717; x_wconf 83' lang='grc' dir='ltr'>γεγωνός,</span> <span class='ocrx_word' id='word_1_870' title='bbox 1245 5650 1326 5701; x_wconf 87' lang='lat' dir='ltr'><strong>vel</strong></span> <span class='ocrx_word' id='word_1_871' title='bbox 1367 5648 1519 5720; x_wconf 84' lang='lat' dir='ltr'><strong>quod</strong></span> <span class='ocrx_word' id='word_1_872' title='bbox 1558 5641 1700 5705; x_wconf 82' lang='lat' dir='ltr'><strong>idem</strong></span> <span class='ocrx_word' id='word_1_873' title='bbox 1733 5641 1836 5711; x_wconf 69' lang='lat' dir='ltr'><strong>est,</strong></span> <span class='ocrx_word' id='word_1_874' title='bbox 1864 5665 2035 5718; x_wconf 84' lang='grc' dir='ltr'>γεγω-</span> <span class='ocrx_word' id='word_1_875' title='bbox 2134 5643 2210 5699; x_wconf 85' lang='lat' dir='ltr'><strong>Ita</strong></span> <span class='ocrx_word' id='word_1_876' title='bbox 2249 5655 2302 5698; x_wconf 89' lang='lat' dir='ltr'><strong>et</strong></span> <span class='ocrx_word' id='word_1_877' title='bbox 2327 5644 2484 5697; x_wconf 84' lang='lat' dir='ltr'><strong>Brev.</strong></span> <span class='ocrx_word' id='word_1_878' title='bbox 2522 5641 2772 5696; x_wconf 85' lang='lat' dir='ltr'><strong>Enarrat.</strong></span> <span class='ocrx_word' id='word_1_879' title='bbox 2811 5642 2888 5694; x_wconf 85' lang='lat' dir='ltr'><strong>lo.</strong></span> <span class='ocrx_word' id='word_1_880' title='bbox 3361 5707 3372 5718; x_wconf 33' lang='grc' dir='ltr'>θ</span> 
     </span>
     <span class='ocr_line' id='line_1_112' title="bbox 447 5702 3719 5837; baseline -0.002 -72"><span class='ocrx_word' id='word_1_881' title='bbox 447 5711 560 5772; x_wconf 78' lang='grc' dir='ltr'>νόν.</span> <span class='ocrx_word' id='word_1_882' title='bbox 596 5716 739 5782; x_wconf 90' lang='lat' dir='ltr'><strong>apud</strong></span> <span class='ocrx_word' id='word_1_883' title='bbox 777 5714 1129 5837; x_wconf 39' lang='lat' dir='ltr'><strong>llrsxchium,</strong></span> <span class='ocrx_word' id='word_1_884' title='bbox 1157 5728 1241 5801; x_wconf 72' lang='lat' dir='ltr'><strong>est</strong></span> <span class='ocrx_word' id='word_1_885' title='bbox 1268 5719 1616 5784; x_wconf 77' lang='grc' dir='ltr'>ἐξάκουστον.</span> <span class='ocrx_word' id='word_1_886' title='bbox 1663 5718 1901 5788; x_wconf 85' lang='lat' dir='ltr'><strong>Opponit</strong></span> <span class='ocrx_word' id='word_1_887' title='bbox 1930 5722 2026 5773; x_wconf 87' lang='lat' dir='ltr'><strong>ita-</strong></span> <span class='ocrx_word' id='word_1_888' title='bbox 2207 5714 2505 5795; x_wconf 36' lang='lat'><strong>(7).&quot;00&#39;07-</strong></span> <span class='ocrx_word' id='word_1_889' title='bbox 2527 5711 2639 5780; x_wconf 77' lang='grc' dir='ltr'>μὲν</span> <span class='ocrx_word' id='word_1_890' title='bbox 2658 5707 2771 5765; x_wconf 80' lang='grc' dir='ltr'><strong>οὖν</strong></span> <span class='ocrx_word' id='word_1_891' title='bbox 2796 5713 3033 5779; x_wconf 69' lang='grc' dir='ltr'>ἔχομεν,</span> <span class='ocrx_word' id='word_1_892' title='bbox 3061 5708 3398 5797; x_wconf 73' lang='lat' dir='ltr'><strong>ctr._Al|utht</strong></span> <span class='ocrx_word' id='word_1_893' title='bbox 3424 5706 3490 5760; x_wconf 85' lang='lat' dir='ltr'><strong>ad</strong></span> <span class='ocrx_word' id='word_1_894' title='bbox 3526 5702 3719 5760; x_wconf 74' lang='lat' dir='ltr'><strong>Matth.</strong></span> 
     </span>
     <span class='ocr_line' id='line_1_113' title="bbox 448 5775 3488 5837; baseline -0.001 0"><span class='ocrx_word' id='word_1_895' title='bbox 448 5798 578 5837; x_wconf 79' lang='lat' dir='ltr'><strong>nuc.</strong></span> <span class='ocrx_word' id='word_1_896' title='bbox 612 5783 852 5837; x_wconf 75' lang='grc' dir='ltr'>γεγωνὸς</span> <span class='ocrx_word' id='word_1_897' title='bbox 926 5787 1091 5837; x_wconf 80' lang='grc' dir='ltr'>ἑγειν.</span> <span class='ocrx_word' id='word_1_898' title='bbox 1124 5807 1201 5837; x_wconf 77' lang='grc' dir='ltr'><strong>τω</strong></span> <span class='ocrx_word' id='word_1_899' title='bbox 1248 5793 1304 5837; x_wconf 81' lang='grc' dir='ltr'>ὲν</span> <span class='ocrx_word' id='word_1_900' title='bbox 1337 5793 1402 5837; x_wconf 68' lang='grc' dir='ltr'>τῇ</span> <span class='ocrx_word' id='word_1_901' title='bbox 1434 5790 1629 5837; x_wconf 65' lang='lat' dir='ltr'><strong>macta</strong></span> <span class='ocrx_word' id='word_1_902' title='bbox 1659 5790 1835 5837; x_wconf 74' lang='grc' dir='ltr'>λέγειν</span> <span class='ocrx_word' id='word_1_903' title='bbox 1864 5806 1876 5837; x_wconf 75' lang='lat'><strong>2</strong></span> <span class='ocrx_word' id='word_1_904' title='bbox 1932 5790 2034 5837; x_wconf 78' lang='lat' dir='ltr'><strong>hoc</strong></span> <span class='ocrx_word' id='word_1_905' title='bbox 2137 5801 2210 5837; x_wconf 70' lang='grc' dir='ltr'><strong>με.</strong></span> <span class='ocrx_word' id='word_1_906' title='bbox 2251 5785 2342 5837; x_wconf 68' lang='grc' dir='ltr'><strong>ίέιί</strong></span> <span class='ocrx_word' id='word_1_907' title='bbox 2374 5782 2538 5837; x_wconf 81' lang='lat' dir='ltr'><strong>Marc.</strong></span> <span class='ocrx_word' id='word_1_908' title='bbox 2575 5799 2635 5837; x_wconf 83' lang='lat' dir='ltr'><strong>II.</strong></span> <span class='ocrx_word' id='word_1_909' title='bbox 2668 5783 2749 5837; x_wconf 79' lang='lat' dir='ltr'><strong>l9.</strong></span> <span class='ocrx_word' id='word_1_910' title='bbox 2781 5781 2882 5837; x_wconf 74' lang='lat'><strong>‘20:</strong></span> <span class='ocrx_word' id='word_1_911' title='bbox 2920 5781 3049 5836; x_wconf 78' lang='lat' dir='ltr'><strong>Luc.</strong></span> <span class='ocrx_word' id='word_1_912' title='bbox 3088 5795 3138 5837; x_wconf 88' lang='lat' dir='ltr'><strong>v.</strong></span> <span class='ocrx_word' id='word_1_913' title='bbox 3166 5781 3256 5837; x_wconf 66' lang='lat' dir='ltr'><strong>ali.</strong></span> <span class='ocrx_word' id='word_1_914' title='bbox 3289 5779 3379 5834; x_wconf 78' lang='lat'><strong>35.</strong></span> <span class='ocrx_word' id='word_1_915' title='bbox 3410 5775 3488 5834; x_wconf 81' lang='lat' dir='ltr'><strong>In.</strong></span> 
     </span>
    </p>
   </div>
   <div class='ocr_carea' id='block_1_110' title="bbox 448 5775 2032 5863">
    <p class='ocr_par' dir='ltr' id='par_1_110' title="bbox 448 5775 2032 5863">
     <span class='ocr_line' id='line_1_114' title="bbox 448 5775 2032 5863; baseline 0.006 -28"><span class='ocrx_word' id='word_1_916' title='bbox 448 5798 578 5854; x_wconf 71' lang='lat' dir='ltr'><strong>quc,</strong></span> <span class='ocrx_word' id='word_1_917' title='bbox 612 5775 852 5851; x_wconf 73' lang='grc' dir='ltr'>γεγωνὸς</span> <span class='ocrx_word' id='word_1_918' title='bbox 889 5775 1091 5857; x_wconf 80' lang='grc' dir='ltr'>λέγειν,</span> <span class='ocrx_word' id='word_1_919' title='bbox 1118 5775 1201 5861; x_wconf 63' lang='grc' dir='ltr'><strong>’τῷ</strong></span> <span class='ocrx_word' id='word_1_920' title='bbox 1248 5775 1402 5863; x_wconf 49' lang='grc' dir='ltr'><strong>ὲιίτῇ</strong></span> <span class='ocrx_word' id='word_1_921' title='bbox 1434 5790 1629 5860; x_wconf 82' lang='grc' dir='ltr'>καρδίᾳ</span> <span class='ocrx_word' id='word_1_922' title='bbox 1659 5775 1835 5861; x_wconf 64' lang='grc' dir='ltr'>λέγειν</span> <span class='ocrx_word' id='word_1_923' title='bbox 1864 5806 1876 5842; x_wconf 87' lang='lat'><strong>:</strong></span> <span class='ocrx_word' id='word_1_924' title='bbox 1932 5790 2032 5845; x_wconf 89' lang='lat' dir='ltr'><strong>hoc</strong></span> 
     </span>
    </p>
   </div>
   <div class='ocr_carea' id='block_1_111' title="bbox 2134 5775 3488 5863">
    <p class='ocr_par' dir='ltr' id='par_1_111' title="bbox 2137 5775 3488 5849">
     <span class='ocr_line' id='line_1_115' title="bbox 2137 5775 3488 5849; baseline -0.004 -10"><span class='ocrx_word' id='word_1_925' title='bbox 2137 5775 2221 5848; x_wconf 69' lang='lat' dir='ltr'><strong>tv,</strong></span> <span class='ocrx_word' id='word_1_926' title='bbox 2251 5775 2342 5849; x_wconf 74' lang='lat' dir='ltr'><strong>l5;</strong></span> <span class='ocrx_word' id='word_1_927' title='bbox 2374 5775 2538 5839; x_wconf 59' lang='lat' dir='ltr'><strong>Marc.</strong></span> <span class='ocrx_word' id='word_1_928' title='bbox 2575 5799 2635 5843; x_wconf 84' lang='lat' dir='ltr'><strong>tl,</strong></span> <span class='ocrx_word' id='word_1_929' title='bbox 2668 5783 2749 5843; x_wconf 79' lang='lat' dir='ltr'><strong>l9,</strong></span> <span class='ocrx_word' id='word_1_930' title='bbox 2781 5775 3049 5845; x_wconf 46' lang='lat'><strong>20,1410.</strong></span> <span class='ocrx_word' id='word_1_931' title='bbox 3088 5795 3138 5841; x_wconf 77' lang='grc' dir='ltr'>ν.</span> <span class='ocrx_word' id='word_1_932' title='bbox 3166 5781 3256 5846; x_wconf 66' lang='grc'><strong>54,</strong></span> <span class='ocrx_word' id='word_1_933' title='bbox 3289 5779 3379 5834; x_wconf 77' lang='grc'><strong>55.</strong></span> <span class='ocrx_word' id='word_1_934' title='bbox 3410 5775 3488 5834; x_wconf 80' lang='lat' dir='ltr'><strong>In.</strong></span> 
     </span>
    </p>
   </div>
  </div>
