4100 6436
408 394 512 450 939

1361 390 1718 448 COMMENT.
1761 391 1828 447 IN
1867 390 2285 451 MATTHEUM
2318 391 2555 449 TOMUS
2591 390 2706 448 Xll.

3561 393 3669 447 ως)
3686 396 3716 411 ⁸

407 512 747 587 γορευμένης
775 514 957 586 ζύμης
994 512 1324 585 λαμϐάνειν,
1374 515 1469 566 καὶ
1516 512 1735 567 ἐσθίειν.
1779 512 1967 566 Γένοιτε

2091 514 2254 567 etiam
2290 528 2319 567 a
2347 512 2642 569 Pharisaeis
2674 522 2728 568 et
2754 509 3067 567 Saddneasis
3098 510 3326 566 vetitum
3354 509 3677 568 fermentum

406 607 452 659 δ’
476 606 542 660 ἄν
566 622 696 661 ποτε
722 606 913 677 καιρὸς
953 605 1202 668 συνόντος
1226 604 1390 659 αὑτοῦ
1412 605 1507 658 τοῦ
1530 606 1676 676 ἡμᾶς
1713 605 1989 674 ἀτροφεῖν,

403 698 482 762 ὡς
519 700 578 753 ὲν
607 699 723 762 τοῖς
751 698 1010 769 ἀνωτέρω
1036 697 1390 761 λέλεκται,,ὲν
1422 696 1529 768 nii-
1570 717 1591 749 ι
1617 697 1757 767 Ἤδη
1775 696 1992 767 ἡμέρας

402 792 551 862 τρεῖς
581 789 954 861 παραμένουσί
981 806 1090 860 μοι,
1115 790 1209 842 καὶ
1231 789 1333 842 οὐκ
1358 787 1541 859 έχουσι
1564 788 1617 841 τί
1650 788 1917 859 φάγωσιν.
1966 808 1984 841 ι

415 879 575 934 Ἀλλὰ
596 879 697 935 κᾶν
728 879 887 933 τοῦτο
920 880 1122 950 συμϐῇ,
1150 879 1224 951 μὴ
1260 878 1582 950 βουλόμενος
1606 881 1752 950 ἡμᾶς
1777 881 1991 951 νήστεις

399 968 687 1035 ἀπολῦσαι,
728 972 935 1042 μήποτε
962 971 1274 1042 ὲκλυθῶμεν
1296 972 1354 1026 ἐν
1385 974 1452 1043 τῇ
1507 970 1610 1041 ὁδῷ
1629 1010 1643 1034 ,
1678 971 1991 1042 εὐχαριστεῖ

399 1062 491 1116 ἐπὶ
514 1067 628 1127 τοῖς
671 1063 822 1133 παρὰ
859 1066 972 1127 τοῖς
1016 1064 1287 1135 μαθηταῖς
1313 1062 1517 1134 ἄρτοις,
1562 1064 1656 1116 καὶ
1686 1066 1828 1117 ποιεῖ
1858 1064 1988 1134 ἡμῖν

400 1152 752 1225 περισσεῦσαι
773 1155 880 1208 ἀπὸ
902 1154 1010 1209 τῶν
1038 1154 1198 1216 ἑπτὰ,
1231 1155 1308 1219 ὡς
1336 1153 1757 1225 ἀποδεδώκαμεν
1784 1155 1982 1225 ἄρτων,

394 1243 492 1306 τὰς
517 1244 657 1297 ἑπτὰ
680 1245 964 1315 σπυρίδας.
1005 1246 1125 1301 Ἐτι
1155 1245 1213 1298 δὲ
1243 1245 1340 1298 καὶ
1366 1244 1526 1298 τοῦτο
1561 1243 1825 1316 τηρητέον
1844 1285 1859 1309 ,
1898 1243 1987 1298 διὰ

392 1335 520 1398 τοὺς
546 1337 826 1407 οἰομένους
857 1338 931 1408 μὴ
970 1337 1111 1390 πάνυ
1138 1355 1192 1390 τι
1222 1338 1321 1410 τὴν
1354 1338 1584 1410 θεότητα
1617 1336 1984 1407 παρίστασθαι

392 1426 487 1480 τοῦ
513 1428 765 1499 Σωτῆρος
785 1430 849 1482 ὲκ
881 1428 974 1485 τοῦ
1003 1428 1144 1483 κατὰ
1183 1428 1461 1483 Ιιίατθαῖον
1490 1428 1822 1497 Εὑαγγελίου
1842 1466 1856 1491 ,
1901 1429 1983 1483 ᾶτι

391 1517 473 1581 τὸ,
505 1518 960 1591 διαλογιζομένων
981 1522 1038 1577 ὲν
1061 1522 1274 1585 ἑαυτοῖς
1305 1520 1416 1574 τῶν
1442 1520 1697 1592 μαθητῶν
1717 1560 1732 1585 ,
1779 1520 1872 1574 καὶ
1896 1518 1983 1572 λε-

391 1610 593 1677 γόντων
624 1610 823 1682 ἄρτους
869 1612 944 1682 μὴ
987 1611 1163 1683 ἔχειν,
1199 1613 1401 1681 γνῶναι
1435 1613 1561 1676 τοὺς
1597 1612 1982 1682 διαλογισμοὺς

388 1700 482 1755 τὸν
525 1702 752 1773 Ἰησοῦν,
777 1703 873 1756 καὶ
895 1705 1097 1759 είτπτψ
1136 1724 1154 1756 ι
1184 1705 1252 1757 Τί
1275 1703 1649 1774 διαλογίζεσθε
1663 1706 1723 1757 ὲν
1745 1705 1978 1768 ἑαυτοῖς,

385 1793 742 1863 ἱλιγόπιστοι,
766 1796 848 1849 ὅτι
873 1796 1072 1869 ἄρτους
1108 1798 1209 1851 οὐκ
1242 1798 1495 1865 ὲλάϐετε;
1530 1818 1549 1851 ι
1577 1798 1677 1851 οὐκ
1703 1797 1980 1870 ἀνθρώπι-

2094 604 2344 672 accipere
2387 614 2442 659 et
2493 606 2783 659 comedere
2816 604 3155 658 Studeamus.
3208 602 3325 658 Erit
3367 614 3545 659 autem
3582 608 3680 658 nli~

2092 695 2313 765 quando
2360 696 2492 752 illud
2529 705 2777 767 tempus,
2829 712 2954 751 cum
3002 695 3095 749 illo
3136 705 3404 766 praesente
3451 698 3680 751 deerunt

2091 788 2251 843 nobis
2278 788 2556 853 alimenta,
2587 798 2646 842 ut
2668 788 2922 857 superius
2953 787 3158 843 dictum
3185 797 3270 841 est
3301 788 3404 841 hoc
3431 787 3549 841 luco
3582 789 3630 819 νδ
3660 809 3676 843 ;

2096 897 2114 930 ι
2157 877 2365 933 Triduo
2405 879 2519 949 jam
2556 888 2903 948 perseverant
2939 893 3150 932 mecum
3174 918 3191 943 ,
3233 885 3288 931 et
3328 892 3435 931 non
3478 879 3675 934 habent

2089 969 2234 1039 quod
2266 970 2625 1037 manducent;
2667 990 2686 1021 ι
2706 971 2811 1043 ,8οᾱ
2840 971 3052 1025 etiamsi
3082 970 3134 1024 id
3161 969 3458 1039 contingat,
3491 969 3673 1023 dimit-

2088 1067 2201 1115 tere
2234 1076 2334 1116 nos
2354 1060 2572 1131 jejunos
2601 1061 2813 1127 nolens,
2852 1054 2946 1115 ne'
2971 1060 3288 1115 deficiamus
3326 1059 3380 1113 iu
3425 1059 3532 1124 via,
3582 1060 3671 1114 be-

2087 1151 2292 1207 nedicit
2332 1153 2567 1222 panibus
2596 1152 2687 1223 qui
2715 1161 2843 1207 sunt
2870 1151 3014 1222 apud
3045 1150 3370 1219 discipulos,
3403 1148 3667 1219 efﬁcitque

2087 1253 2146 1299 ut
2174 1260 2207 1300 e
2247 1255 2451 1316 septem
2485 1247 2718 1316 panibus
2743 1288 2758 1312 ,
2804 1245 3266 1316 quemadmodum
3318 1243 3666 1313 tradidimus,

2086 1340 2366 1409 supersint
2399 1340 2561 1396 nobis
2607 1348 2813 1409 septem
2852 1348 3070 1408 sponte.
3116 1335 3253 1390 Illud
3287 1344 3545 1405 praeterea
3577 1335 3676 1390 ob-

2084 1430 2412 1487 servandum
2461 1438 2564 1497 est,
2601 1438 2823 1498 promer
2866 1443 2963 1483 eos
3001 1432 3096 1497 qui
3131 1425 3438 1481 Scrvatoris
3478 1425 3677 1480 divini-

2084 1530 2249 1576 tatem
2281 1538 2348 1576 ex
2378 1520 2671 1593 Evangelio
2716 1519 2952 1575 Matthtei
2997 1535 3102 1575 non
3135 1519 3289 1573 valde
3329 1518 3547 1589 probari
3583 1533 3678 1588 pu-

2085 1620 2235 1676 tant,
2280 1612 2530 1667 videlicet
2566 1610 2953 1681 reputantibus
2987 1610 3127 1678 apud
3160 1625 3218 1664 se
3253 1608 3570 1678 discipulis,
3620 1617 3675 1663 et

2081 1688 2390 1759 dicentibus
2454 1718 2624 1772 panes
2678 1717 2736 1757 se
2783 1716 2892 1755 non
2942 1701 3183 1765 habere,
3236 1716 3398 1757 nosse
3452 1701 3670 1755 illorum

2080 1796 2437 1867 cogitationes
2469 1793 2656 1851 Jesum
2700 1803 2754 1850 et
2803 1793 2987 1848 dicere
3020 1793 3068 1824 "
3107 1810 3121 1846 :
3167 1810 3185 1844 ι
3230 1792 3372 1858 Quid
3420 1795 3674 1863 cogitatis

383 1901 477 1941 vov
502 1882 572 1957 ἦν
587 1902 603 1916 ο
639 1885 948 1956 μονώτατος
972 1887 1080 1958 γὰρ
1102 1886 1362 1955 γινώσκει
1388 1890 1486 1952 τὰς
1509 1889 1733 1961 καρδίας
1755 1889 1865 1942 τῶν
1886 1890 1967 1944 ἀν-

2083 1887 2223 1942 inter
2256 1901 2374 1952 vos,
2409 1887 2636 1940 modica:
2663 1885 2809 1949 fidei,
2842 1884 2969 1955 quia
3006 1899 3175 1953 panes
3208 1901 3314 1939 non
3364 1884 3616 1940 habetis?
3650 1905 3669 1936 ι

382 1973 641 2045 θρώπων,
675 1975 752 2039 ὡς
774 1977 804 2029 ὀ
832 1976 1085 2048 Σολομῶν
1134 1980 1193 2032 ἐν
1234 1982 1301 2050 τῇ
1335 1981 1491 2053 τρίτῃ
1531 1980 1637 2035 τῶν
1686 1979 1979 2035 Βασιλειιῖη

380 2082 548 2136 φησιν
575 2106 590 2132 ,
635 2068 665 2121 ὀ
694 2065 921 2139 Κύριος.
985 2070 1140 2123 Ἐπεὶ
1178 2069 1272 2136 δὲ,
1314 2069 1408 2124 τοῦ
1472 2069 1646 2141 Ἰησοῦ
1696 2069 1975 2132 εἰπόντος’

386 2178 404 2207 ι
442 2157 746 2230 Προσέχετε
774 2160 885 2213 ἀπὸ
912 2161 1011 2232 τῆς
1042 2160 1242 2233 ζύμης,
1283 2182 1305 2215 ι
1334 2163 1576 2234 συνῆκαν
1615 2165 1665 2217 οἱ
1711 2163 1974 2234 μαθηταὶ,

376 2249 461 2301 ὅτι
492 2250 592 2301 οὐκ
620 2245 744 2303 εἷπε
767 2250 1058 2321 προσέχειν
1079 2253 1190 2307 ἀπὸ
1215 2252 1324 2309 τῶν
1348 2253 1551 2325 ἀρτων,
1585 2253 1723 2309 ἀλλὰ
1745 2253 1853 2307 ἀπὸ
1878 2254 1977 2326 τῆς

374 2337 594 2408 διδαχῆς
624 2337 733 2391 τῶν
774 2340 1086 2412 Φαρισαίων
1108 2343 1205 2396 καὶ
1232 2342 1631 2406 Σαδδουκαίων,
1662 2343 1976 2415 ἐπιστήσεις

375 2427 425 2479 εἰ
453 2427 586 2480 ὅπου
618 2432 738 2482 ποτ’
767 2429 834 2483 ἂν
866 2430 1011 2504 ζύμη
1043 2432 1360 2505 ὠνομάσθη,
1405 2437 1486 2498 είς
1523 2435 1744 2508 διδαχὴν
1779 2454 1975 2508 τροπο-

375 2523 637 2588 λογεῖται,
673 2520 784 2575 εἴτε
807 2523 867 2577 ἐν
893 2524 1043 2596 νόμῳ
1065 2526 1179 2579 εἴτε
1204 2528 1300 2581 καὶ
1326 2529 1385 2583 ὲν
1413 2531 1537 2593 ταῖς
1582 2530 1722 2600 μετὰ
1763 2530 1855 2584 τὸν
1887 2530 1975 2584 νό-

378 2632 477 2685 μον
511 2615 756 2686 Γραφαῖς
774 2633 788 2648 ·
814 2616 958 2671 οὕτω
980 2618 1036 2673 δὲ
1066 2621 1275 2693 μήποτε
1304 2622 1450 2695 ζύμη
1500 2624 1561 2677 οὐ
1602 2625 1970 2698 προσφέρεται

375 2705 467 2757 ἐπὶ
497 2706 562 2759 τδ
603 2706 1020 2781 θυσιαστήριον·
1043 2714 1107 2765 ού
1145 2713 1257 2785 γὰρ
1299 2715 1382 2768 δεῖ
1415 2713 1515 2778 τὰς
1558 2714 1726 2786 εὐχὰς
1767 2716 1971 2788 τρόπον

373 2799 519 2867 ἔχειν
555 2798 906 2866 διδασκαλίας
929 2842 945 2867 ,
999 2802 1118 2857 ἀλλ’
1146 2801 1289 2861 εἶναι
1342 2806 1476 2860 αὐτὸ
1526 2807 1687 2877 μόνον
1725 2809 1971 2879 αἰτήσεις

372 2890 595 2959 ἀγαθῶν
626 2892 735 2946 ἀπὸ
763 2892 860 2948 τοῦ
889 2894 1049 2949 Θεοῦ.
1083 2899 1324 2969 Ζητήσαι
1354 2899 1398 2952 δ’
1423 2899 1491 2953 ἄν
1516 2917 1598 2964 τις
1622 2899 1711 2954 διὰ
1739 2901 1806 2956 τὰ
1834 2902 1969 2956 ἀπο-

369 2980 634 3051 ἴεὸομένα
664 2984 792 3055 περὶ
822 2984 933 3040 τῶν
959 2986 1216 3058 μαθητῶν
1255 2989 1520 3046 ἐλθόντων
1555 2992 1634 3054 είς
1664 2991 1725 3044 τὸ
1769 2991 1964 3063 πέραν,

369 3072 418 3125 εί
451 3071 677 3126 δύναταί
705 3090 790 3137 τις
825 3074 995 3128 ἐλθὼν
1044 3079 1125 3141 είς
1177 3078 1239 3131 τὸ
1286 3079 1462 3150 πέραν
1500 3080 1854 3147 ὀνειδίζεσθαι
1889 3083 1966 3147 ὡς

366 3166 730 3234 ὸλιγόπιστος,
756 3168 852 3221 καὶ
882 3167 958 3232 ὡς
977 3169 1186 3224 οὐδέπω
1221 3171 1387 3235 νοῶν,
1436 3173 1556 3226 οὐδὲ
1603 3175 1957 3244 μνημονεύων

367 3259 475 3313 τῶν
506 3259 612 3313 ὑπὸ
649 3259 744 3313 τοῦ
806 3260 980 3331 Ἰησοῦ
1029 3263 1437 3334 γεγενημένων.
1487 3266 1561 3319 Οὐ
1611 3267 1844 3337 χαλεπὸν
1884 3267 1951 3334 δ’,

366 3348 516 3423 οἶμαι
537 3393 555 3416 ,
599 3354 739 3426 πρὸς
777 3354 940 3409 τοῦτο
979 3356 1159 3408 εἰπεῖν
1184 3394 1200 3419 ,
1227 3356 1310 3410 ὅτι
1336 3356 1411 3421 ὡς
1445 3357 1580 3430 πρὸς
1612 3358 1672 3412 τὸ
1718 3358 1954 3426 τέλειον,

370 3466 389 3497 ι
423 3447 558 3517 ὅπερ
601 3448 731 3502 ὅταν
774 3446 905 3519 ἔλθῃ
926 3487 940 3511 ,
967 3447 1029 3501 τὸ
1053 3449 1118 3502 ὲκ
1160 3448 1361 3521 μέρους
1388 3450 1891 3523 καταργηθήσεται,
1929 3472 1947 3505 ι

365 3540 517 3592 πᾶσα
540 3542 573 3610 ή
602 3537 837 3594 ἐνταῦθα
876 3537 1057 3603 πίστις
1091 3538 1252 3609 ήμῶν
1283 3541 1625 3611 ὀλιγοπιστία
1667 3545 1821 3611 ἐστὶ,
1864 3547 1959 3599 καὶ

361 3629 441 3692 ὡς
471 3628 606 3700 πρὸς
637 3629 818 3683 ἐκεῖνο
847 3628 1061 3682 οὐδέπω
1087 3628 1317 3701 νοοῦμεν
1364 3633 1414 3686 οἱ
1459 3633 1524 3686 ὲκ
1565 3634 1764 3705 μέρους
1796 3634 1957 3705 γινώ-

362 3736 607 3787 σκοντες,
622 3720 745 3775 οὐδὲ
774 3719 1187 3793 μνημονεύομεν
1207 3738 1220 3752 ο
1244 3723 1304 3775 οὐ
1321 3722 1432 3795 γὰρ
1452 3723 1673 3795 διαρκῆ,
1696 3725 1791 3780 καὶ
1816 3743 1954 3797 συμ-

363 3811 865 3882 παρεκτεινομένην
910 3813 1139 3884 μνήμην
1199 3811 1490 3867 ἀναλαϐεῖν
1549 3814 1829 3886 δυνάμεθα
1879 3817 1956 3889 τῷ

362 3898 554 3971 πλήθει
572 3900 677 3971 τῆς
705 3899 923 3970 φύσεως
949 3900 1059 3954 τῶν
1093 3900 1492 3975 θεωρημάτων.

433 4214 555 4268 Ἔτι
585 4213 644 4268 δέ
671 4217 788 4270 ὲστι
814 4215 910 4268 καὶ
934 4214 1190 4270 ἐντεῦθεν
1220 4216 1441 4288 μαθεῖν,
1474 4219 1556 4273 ὅτι
1591 4220 1685 4273 καὶ⁸
1716 4221 1810 4274 ἐπὶ
1858 4221 1959 4292 μό-

358 4324 469 4371 νοις
492 4308 865 4378 διαλογισμοῖς
887 4308 982 4372 οὒς
1009 4310 1066 4363 ὲν
1095 4310 1309 4374 ἑαυτοῖς
1350 4311 1767 4383 διαλογιζόμεθα
1788 4355 1802 4379 ,
1844 4314 1959 4368 ἔσθ’

355 4397 449 4450 ὅτε
471 4396 882 4468 ὲγκαλούμεθα,
924 4398 1018 4451 καὶ
1064 4400 1142 4463 ὡς
1182 4400 1514 4471 ὀλιγόπιστοι
1556 4404 1954 4477 ὀνειδιζόμεθα.

368 4488 510 4559 Ἐγὼ
540 4490 585 4543 δ’
610 4486 793 4562 οἶμαι,
827 4492 909 4544 ὅτι
929 4533 944 4556 ,
986 4492 1173 4565 ὥσπερ
1193 4493 1433 4565 μοιχεύει
1453 4513 1536 4560 τις
1562 4497 1622 4550 ἐν
1659 4501 1724 4568 τῇ
1762 4499 1959 4572 καρδία

2080 1998 2196 2037 rem
2239 1982 2537 2035 humanam
2572 1995 2681 2035 non
2726 1978 2916 2034 fuisse.
2973 1977 3137 2033 Solus
3167 1978 3312 2032 enim
3361 1979 3526 2032 corda
3569 1978 3672 2031 ιω-

2081 2073 2289 2127 minum
2336 2072 2484 2128 novit
2518 2071 2809 2135 Dominus,
2857 2084 2915 2125 ut
2949 2072 3025 2124 ait
3066 2070 3322 2125 Salomon
3356 2068 3669 2141 Regnorum

2081 2165 2242 2221 tertio
2276 2165 2344 2221 ".
2392 2163 2663 2232 Quoniam
2716 2173 2922 2232 autem,
2963 2174 3252 2234 postquam
3288 2162 3449 2221 Jcsns
3486 2164 3623 2220 dixit
3655 2182 3669 2220 ;

2084 2274 2103 2306 ι
2143 2253 2344 2311 Cavete
2370 2270 2402 2310 a
2437 2253 2706 2313 fermento
2732 2296 2748 2325 ,
2798 2274 2816 2306 ι
2852 2255 3237 2311 intellexerunt
3277 2255 3529 2326 discipuli
3559 2272 3668 2311 non

2076 2348 2285 2404 dixisse
2316 2347 2472 2403 illum
2504 2347 2809 2403 cavendum
2851 2362 2974 2403 esse
3001 2362 3031 2403 a
3063 2347 3317 2417 panibus,
3355 2346 3449 2402 sed
3498 2362 3529 2401 a
3571 2348 3671 2402 do-

2074 2440 2249 2495 ctrina
2292 2438 2698 2495 Pharisaeorum
2743 2447 2799 2493 et
2834 2437 3282 2505 Sadducaeorum,
3316 2437 3568 2494 advertes
3598 2455 3667 2493 an

2075 2531 2390 2603 ubicunque
2422 2530 2751 2587 fermentum
2785 2531 3121 2597 nominatur,
3155 2545 3252 2601 pro
3283 2531 3531 2585 doctrina
3561 2540 3669 2585 tro-

2073 2624 2196 2694 pice
2221 2622 2542 2693 explicetur,
2571 2622 2686 2678 sive
2714 2622 2768 2676 in
2804 2622 2943 2691 lege,
2976 2621 3093 2677 sive
3130 2620 3184 2676 in
3218 2621 3516 2690 Scripturis
3547 2637 3670 2692 quat

2072 2715 2246 2785 legem
2291 2722 2601 2785 sequuntur
2639 2731 2656 2768 :
2695 2713 2774 2768 ita
2820 2713 2987 2767 etiam
3029 2728 3099 2766 an
3144 2711 3472 2767 fermentum
3505 2727 3669 2782 super

2071 2805 2245 2861 altare
2270 2819 2380 2859 non
2410 2802 2668 2871 offertur;
2703 2817 2804 2858 nec
2831 2803 2977 2859 enim
3005 2817 3108 2872 par
3136 2810 3218 2857 est
3249 2817 3439 2873 preces
3470 2802 3671 2857 habere

2073 2898 2341 2955 rationem
2386 2895 2688 2961 doctrinae,
2742 2895 2838 2950 sed
2883 2910 3009 2951 esse
3059 2895 3327 2950 duntaxat
3381 2894 3668 2964 petitiones

2071 2991 2342 3047 honorum
2378 3004 2408 3044 a
2447 2987 2579 3044 Deo.
2633 2986 2959 3055 Quaesiverit
2988 2996 3172 3042 autem
3225 2986 3497 3056 quispiam
3542 3000 3669 3058 pro—

2069 3096 2191 3157 pter
2220 3099 2282 3140 ea
2311 3097 2434 3153 quae
2475 3097 2506 3136 a
2558 3080 2716 3135 nobis
2753 3079 2956 3150 scripta
2992 3088 3121 3135 sunt
3160 3079 3226 3134 de
3257 3078 3543 3147 discipulis
3571 3079 3667 3150 qui

2072 3177 2427 3243 transierunt,
2484 3172 2730 3244 possitne
2783 3171 2972 3239 alicui,
3018 3180 3307 3243 postquam
3356 3170 3664 3241 traiecerit,

2062 3270 2274 3326 modica
2306 3266 2437 3321 fides
2465 3263 2807 3335 exprobrari,
2843 3263 3096 3334 quodque
3115 3262 3358 3317 nondum
3398 3260 3665 3331 intelligat

2059 3373 2115 3420 et
2145 3361 2384 3418 nondum
2410 3374 2597 3415 eorum
2635 3356 2949 3411 meminerit
2973 3371 3095 3426 quae
3118 3372 3150 3410 a
3176 3354 3307 3410 Iesu
3336 3354 3479 3410 facta
3509 3364 3651 3415 sunt.

2059 3457 2138 3510 Ad
2171 3456 2308 3519 hac,
2354 3453 2568 3522 opinor,
2604 3466 2715 3506 non
2766 3448 2983 3505 difﬁcile
3027 3448 3134 3504 erit
3181 3448 3394 3509 dicere,
3444 3448 3659 3506 ratione

2059 3547 2242 3603 habita
2282 3565 2301 3597 ι
2339 3542 2598 3616 perfecti,
2629 3542 2774 3611 quod
2804 3557 2930 3596 cum
2962 3541 3267 3607 advenerit,
3296 3540 3654 3595 evacuabitur

2058 3637 2208 3708 quod
2239 3651 2302 3690 ex
2334 3643 2487 3704 parte
2518 3641 2602 3689 est
2631 3633 2699 3699 ’7,
2738 3651 2757 3684 ι
2799 3646 3039 3694 omnem,
3070 3645 3193 3700 quae
3228 3630 3317 3683 hic
3347 3637 3451 3695 est,
3489 3628 3650 3683 fidem

2061 3736 2330 3793 nostram,
2362 3724 2799 3780 incredulitatem
2830 3738 2981 3789 esse;
3029 3729 3085 3776 et
3131 3720 3278 3776 illius
3317 3720 3533 3774 ratione
3564 3720 3663 3774 ha—

2060 3819 2175 3875 bita
2219 3816 2461 3871 nondum
2509 3830 2611 3871 nos
2659 3814 2980 3886 intelligere,
3030 3812 3124 3883 qui
3163 3826 3230 3866 ex
3264 3819 3420 3881 parte
3453 3825 3663 3880 cogno-

2061 3907 2291 3973 scimus,
2322 3920 2500 3975 neque
2536 3903 2847 3973 recordari;
2894 3919 2995 3959 nec
3023 3903 3173 3957 enim
3213 3898 3572 3957 sufﬁcientem
3605 3909 3661 3956 et

2060 3996 2325 4068 aequalem
2354 3994 2719 4065 magnitudini
2746 4004 2955 4049 natura:
2982 4008 3169 4049 rerum
3201 3991 3659 4064 speeulandarum

2061 4094 2385 4150 memoriam
2418 4104 2615 4161 capere
2643 4103 2962 4159 possumus.

2135 4225 2186 4280 7.
2229 4224 2501 4280 Praeterea
2531 4230 2586 4278 et
2614 4221 2740 4276 inde
2768 4220 2981 4276 discere
3008 4227 3095 4274 est
3126 4233 3518 4289 nonnunquam
3559 4233 3660 4273 nos

2062 4331 2287 4391 propter
2315 4318 2465 4374 solas
2490 4314 2851 4386 cogitationes
2888 4327 3027 4383 quas
3054 4312 3198 4367 intra
3237 4319 3454 4366 nosmet
3487 4310 3665 4379 agita-

2064 4429 2187 4468 mus
2229 4409 2518 4480 redargui,
2562 4416 2620 4462 et
2659 4416 2925 4477 tanquam
2953 4405 3150 4475 exigua
3195 4403 3359 4474 520
3396 4403 3659 4472 praeditos

2064 4503 2173 4559 fide
2194 4502 2527 4558 insimulari.
2575 4498 2830 4553 Arbitror
2859 4505 3041 4553 autem
3069 4512 3170 4567 ego
3191 4493 3657 4566 quemadmodum

356 4583 517 4656 ιώνῃ,
556 4584 617 4636 οὐ
646 4584 865 4648 πάντως
898 4584 1118 4653 φθάνων
1158 4588 1257 4640 καὶ
1292 4588 1385 4641 ἐπὶ
1423 4589 1524 4660 τὴν
1550 4588 1782 4661 πρᾶξιν,
1811 4589 1957 4646 οὕτω

2070 4595 2227 4650 corde
2256 4601 2469 4647 tantum
2497 4592 2623 4663 quis
2658 4591 3019 4653 adulteretur,
3058 4604 3168 4642 non
3199 4586 3428 4641 omnino
3471 4585 3537 4639 ad
3573 4584 3659 4640 fas

353 4674 448 4729 mi.
478 4673 547 4727 τὰ
572 4673 736 4728 λοιπὰ
763 4673 874 4729 τῶν
898 4675 1368 4746 ἀπηγορευμένων
1402 4678 1462 4730 ὲν
1493 4677 1631 4750 μόνῃ
1661 4681 1726 4749 τῇ
1754 4678 1957 4751 καρδίᾳ.

352 4765 711 4838 τιςνπράττει.
767 4767 857 4830 Ὧς
876 4761 972 4820 οὖν
994 4769 1022 4820 ὁ
1049 4767 1346 4838 μοιχεύσας
1366 4772 1423 4822 ὲν
1440 4772 1507 4841 τῇ
1530 4770 1729 4843 καρδίᾳ
1760 4771 1956 4826 ἀνάλοσ

351 4873 447 4926 γον
485 4861 552 4930 τῇ
596 4858 822 4930 τοιαύτῃ
873 4859 1091 4930 μοιχείᾳ
1132 4858 1531 4932 κολασθήσεται
1555 4901 1570 4928 ,
1612 4861 1754 4915 οὕτω
1798 4864 1893 4916 καὶ
1924 4864 1957 4915 ὀ

350 4951 459 5004 τῶν
510 4952 586 5022 (8)
632 4953 1102 5025 ἀπηγορευμένων
1139 4970 1193 5006 τι
1237 4955 1472 5026 ποιήσας
1519 4957 1579 5008 ἐν
1611 4959 1677 5028 τῇ
1728 4959 1947 5030 καρδίᾳ,

351 5041 470 5113 φέρ’
504 5044 698 5107 εἰπεῖν,
731 5043 935 5114 κλέψας
973 5047 1031 5098 ὲν
1063 5043 1198 5117 μόνῃ
1233 5045 1431 5117 καρδίᾳ
1451 5087 1464 5111 ,
1496 5048 1528 5119 ἢ
1563 5047 1943 5122 ψευδομαρτυ-

353 5135 521 5203 ρήσας
546 5135 604 5187 ἐν
636 5134 775 5208 μόνῃ
808 5136 1022 5207 καρδίᾳ,
1052 5136 1150 5207 οὐχ
1181 5136 1257 5201 ὡς
1290 5138 1318 5190 ὁ
1348 5138 1441 5192 καὶ
1487 5138 1635 5211 ἔργῳ
1678 5141 1778 5211 μὲν
1819 5143 1943 5197 κλέ-

346 5225 474 5293 ψας,
510 5226 543 5297 ἢ
578 5227 675 5281 καὶ
706 5226 807 5298 τὴν
839 5226 1038 5299 πρᾶξιν
1068 5228 1165 5299 τῆς
1188 5228 1666 5299 ψευδομαρτυρίας
1701 5234 1944 5289 ὲπιτελὲ-
1995 5256 2000 5261 θ

350 5333 469 5383 σας,
501 5317 576 5381 ὡς
606 5317 664 5370 δὲ
707 5318 868 5389 μόνον
915 5321 976 5373 ὲν
1003 5322 1070 5391 τῇ
1095 5320 1294 5392 καρδίᾳ.
1336 5319 1404 5375 τὰ
1450 5320 1675 5376 τοιαῦτα
1710 5325 1943 5391 ποιήσας

2056 4687 2214 4741 ciuus
2250 4686 2430 4755 ipsum
2462 4683 2850 4754 progrediens;
2894 4682 2970 4736 ita
3001 4689 3056 4736 et
3080 4679 3289 4749 reliqua
3320 4693 3444 4748 quae
3488 4678 3663 4736 vetita

2056 4788 2185 4835 sunt
2229 4780 2348 4835 solo
2379 4780 2542 4833 corde
2576 4777 2819 4847 aliquem
2864 4777 3230 4832 committere.
3280 4773 3652 4840 Quemadmo-v

2055 4872 2184 4927 dum
2219 4887 2350 4941 ergo
2373 4871 2467 4941 qui
2503 4871 2620 4927 solo
2645 4868 2814 4925 corde
2844 4869 3207 4934 adulteratur,
3255 4880 3356 4936 pro
3379 4864 3655 4935 ejusmodi

2055 4963 2325 5019 adulterio
2353 4965 2643 5032 punietur;
2690 4963 2767 5017 ita
2798 4971 2853 5017 et
2880 4960 2974 5031 qui
3008 4974 3199 5015 eorum
3225 4974 3349 5029 qua
3374 4957 3651 5028 prohibita

2051 5065 2181 5110 sunt
2227 5056 2504 5126 quidpiam
2538 5054 2704 5111 corde
2728 5052 3091 5125 perpetrarit;
3141 5051 3292 5105 verbi
3339 5050 3512 5120 gratia
3553 5049 3650 5119 qui

2051 5148 2170 5201 solo
2213 5148 2378 5202 corde
2419 5146 2624 5202 furtum
2674 5145 2998 5211 admiserit,
3031 5145 3118 5198 vel
3165 5145 3331 5200 corde
3382 5145 3653 5201 duntaxat

2052 5235 2250 5292 falsum
2297 5238 2499 5293 dixerit
2545 5216 2922 5295 testimonium
2949 5273 2965 5299 ,
3018 5250 3127 5290 non
3174 5235 3400 5305 perinde
3451 5243 3509 5288 ut
3547 5233 3646 5302 qui

2052 5346 2240 5387 revera
2275 5329 2490 5388 furatus
2514 5329 2702 5399 fuerit,
2736 5332 2823 5387 vel
2853 5330 3067 5389 facinus
3114 5330 3293 5400 ipsum
3338 5326 3460 5384 falsi
3493 5325 3649 5382 testia

414 5496 461 5528 ”
509 5495 699 5553 Matth.
739 5514 829 5565 xv,
858 5499 947 5554 '52.
1024 5502 1070 5534 ⁸⁵
1102 5500 1291 5565 Matth.
1332 5518 1445 5566 va,
1473 5502 1527 5557 8.
1604 5504 1652 5536 "
1676 5503 1739 5559 Ill
1778 5505 1910 5579 Reg.
1943 5525 2063 5575 vm,
2089 5512 2178 5567 '59.
2255 5511 2299 5544 ”
2336 5508 2357 5562 Ι
2391 5507 2520 5563 Cor.
2555 5522 2678 5573 xm,
2703 5511 2791 5563 lt).

421 5658 533 5751 (ἒ),
558 5659 1077 5751 Mamaea”?
1115 5668 1196 5751 έν.
1230 5671 1390 5751 μόνη
1440 5669 1518 5750 ni
1568 5672 1783 5751 καρρίςι
1811 5745 1822 5751 -
1846 5693 1935 5751 τις

349 5732 751 5811 πράττει.-Ὡς
776 5732 889 5811 οῆν
928 5738 960 5788 ὀ
989 5732 1322 5811 μοιχεύυῖας
1346 5732 1416 5792 ἕν
1547 5732 1763 5811 καρδίᾴ
1790 5732 1935 5799 ἀνιεῖ

347 5803 535 5881 ,ιοςρογ
576 5803 648 5877 ζῇ
682 5805 926 5881 (gratim
949 5803 1187 5881 μριχξίςι
1217 5803 1667 5875 κολασθήσεται
1691 5853 1705 5871 .
1730 5803 1936 5881 ὀὕτως

345 5869 451 5925 καὶ
477 5872 510 5924 ό
541 5869 673 5929 τῶν.
707 5871 832 5929 Haec
853 5869 1306 5934 desiderabantur
1333 5880 1386 5934 in
1408 5869 1571 5939 unico
1597 5869 1785 5941 codice
1809 5869 1938 5943 Hol-

2046 5680 2266 5745 micnsi,
2314 5696 2490 5750 neque
2525 5678 2577 5732 in
2605 5674 2818 5750 Erasini
2859 5674 3640 5750 interpretationepompam.

2048 5750 2199 5814 bant,
2226 5744 2349 5806 licet
2380 5744 2719 5817 reperiantur
2765 5748 2817 5801 in
2868 5747 3027 5803 codd.
3083 5745 3272 5817 Regio,
3315 5744 3641 5815 Anglicanu,

2050 5818 2314 5880 Vaticano
2337 5830 2389 5878 et
2415 5818 2732 5876 Tariniano.
