4100 6424
461 389 559 443 Slll

1920 383 2241 440 ORIGENIS

3617 380 3731 434 992

462 508 631 562 tnonii
667 507 1035 573 commiserit,
1084 508 1176 563 sed
1229 516 1436 561 tantum
1480 519 1536 563 ut
1565 507 1658 578 qui
1710 507 1838 562 talia
1884 509 2030 563 cordi

2150 504 2567 572 κολασθήσεται,
2602 505 2896 572 καὶτοῦτο,
2923 507 2971 560 εἰ
3001 504 3129 575 παρ’
3156 501 3318 557 αὑτὸν
3351 501 3425 571 μὴ
3461 495 3591 570 ἦλθε
3638 499 3732 553 καὶ

462 596 673 659 [θεοῖ-ὴ,
711 598 963 666 punietur
989 606 1154 666 atque
1183 596 1234 650 id
1267 597 1510 665 quidem,
1539 596 1582 650 si
1615 612 1711 667 per
1741 595 1918 666 ipsum
1949 611 2044 652 so-

460 689 572 743 lum
608 690 853 755 steterit,
897 688 1190 757 quominus
1237 688 1304 741 ad
1356 686 1625 742 nefarium
1679 687 1890 743 facinus
1922 703 2046 759 per-

457 782 781 852 petrandum
830 782 1143 836 accesserit.
1192 779 1329 834 Nam
1391 781 1437 836 si
1488 792 1849 851 praeterquam
1898 784 2042 852 quod

457 873 649 936 voluit,
684 872 966 926 attentarit
993 873 1237 941 quidem,
1298 873 1391 927 sed
1442 889 1632 942 parum
1671 876 2040 944 processerit;

457 962 643 1017 itidem
679 964 953 1033 punietur,
1003 973 1062 1018 ut
1093 965 1185 1034 qui
1227 980 1334 1019 non
1367 966 1483 1019 solo
1514 967 1698 1031 corde,
1747 966 1838 1021 sed
1881 981 2045 1034 opere

455 1054 576 1124 ipso
611 1057 936 1125 peccaverit.
980 1057 1058 1110 Ad
1094 1057 1207 1111 lucc
1234 1057 1432 1126 aliquis
1458 1057 1789 1126 quaesiverit,
1823 1073 1890 1111 an
1918 1059 2042 1127 quis

453 1146 620 1201 corde
673 1148 792 1202 solo
832 1148 1191 1211 adulteratur,
1246 1148 1371 1203 licet
1398 1148 1576 1218 ipsum
1616 1150 1865 1204 adulterii
1904 1164 2042 1219 opus

452 1251 560 1292 non
588 1238 892 1304 admiserit,
927 1241 1020 1293 sel
1053 1240 1171 1293 solo
1203 1242 1369 1295 corde
1412 1241 1782 1310 intemperans
1811 1241 1901 1296 sit.
1950 1239 2041 1295 Si-

451 1332 581 1386 mile
635 1331 805 1387 facies
846 1332 914 1387 de
964 1333 1193 1402 reliquis
1232 1335 1391 1389 rebus
1434 1334 1591 1388 laude
1620 1332 1819 1403 dignis.
1872 1332 2041 1390 Habet

450 1432 633 1479 autem
687 1423 892 1494 aliquid
946 1425 1099 1480 locus
1160 1426 1298 1489 iste,
1353 1441 1463 1495 quo
1519 1426 1874 1496 probabiliter
1922 1425 2037 1482 falli

452 1514 763 1581 possimus,
793 1516 938 1584 quod
977 1531 1073 1575 ea,
1119 1515 1313 1584 opinor
1338 1557 1353 1582 ,
1398 1517 1613 1572 ratione
1649 1519 2039 1574 removendum

448 1614 551 1660 est.
586 1606 925 1663 Adulterium
954 1611 1005 1663 in
1034 1611 1198 1664 corde
1225 1612 1548 1680 admissum,
1588 1614 1768 1669 minus
1794 1626 1875 1669 est
1908 1630 2031 1684 pec-

448 1703 654 1762 catum,
685 1714 849 1767 quam
884 1701 928 1755 si
958 1701 1081 1770 quis
1113 1717 1251 1770 opus
1299 1701 1477 1771 ipsum
1511 1703 1841 1773 adjunxerit.
1893 1703 2035 1759 Fieri

446 1793 772 1841 autemnon
821 1799 995 1858 potest
1037 1790 1350 1860 pudicitiam
1396 1808 1519 1848 esse
1561 1794 1613 1847 in
1661 1795 1864 1860 corde,
1913 1811 2035 1865 qua:

442 1876 714 1931 actionem
752 1879 1001 1948 pudicam
1039 1880 1299 1950 impediat
1335 1900 1348 1936 :
1388 1882 1493 1938 nisi
1524 1884 1649 1953 quis
1686 1899 1852 1952 super
1878 1900 1939 1938 ea
1978 1900 2036 1939 re

442 1975 689 2021 assumat
739 1968 793 2022 in
844 1969 1192 2039 exemplum,
1234 1972 1392 2041 juxta
1425 1973 1636 2044 legem,
1679 1974 1945 2045 virginem
1980 1976 2033 2031 in

441 2057 735 2114 solitudine
778 2060 1032 2116 violatam
1080 2062 1148 2116 ⁸⁸.
1202 2062 1447 2119 Ponatur
1478 2066 1624 2119 enim
1674 2081 1769 2120 cor
1803 2068 2036 2137 alicujus

440 2165 562 2205 esse
592 2151 989 2221 purissimum;
1030 2155 1138 2209 vim
1183 2165 1366 2211 autem
1413 2156 1467 2211 in
1501 2172 1561 2212 re
1598 2158 1869 2228 impudica
1910 2175 2039 2214 cor-

443 2241 559 2309 pori
609 2251 761 2297 casto
810 2244 1001 2298 vitium
1047 2245 1319 2302 intulisse.
1371 2246 1497 2304 Haec
1542 2251 1759 2319 quidem
1798 2252 1929 2306 mibi
1980 2253 2033 2307 in

440 2333 658 2388 occulto
698 2344 847 2390 casta
895 2337 1124 2391 omnino
1170 2355 1291 2394 esse
1339 2340 1590 2407 videtur;
1634 2358 1864 2411 corpore
1903 2360 2034 2400 vero

442 2440 550 2480 non
600 2426 727 2481 item
758 2444 891 2497 pura
922 2444 1074 2494 esse,
1106 2432 1284 2501 qualis
1320 2442 1438 2486 erat
1477 2442 1603 2489 ante
1641 2435 1746 2488 vim
1782 2435 1982 2490 illatam
2017 2455 2031 2492 :

439 2518 533 2571 sed
568 2534 672 2572 non
713 2533 993 2591 propterea
1026 2524 1169 2592 quod
1211 2540 1317 2579 non
1351 2541 1487 2594 pura
1538 2527 1629 2593 sit,
1667 2527 1781 2597 jam
1827 2538 1882 2583 et
1933 2529 2034 2582 im-

439 2608 635 2674 pudica
663 2598 765 2666 est.
799 2611 925 2668 Huic
953 2624 1135 2669 autem
1168 2616 1310 2671 dicta
1344 2624 1491 2683 sunt,
1521 2627 1739 2689 propter
1774 2620 1906 2675 illud
1935 2622 1977 2654 ⁸³
2016 2638 2029 2674 :

443 2718 463 2749 ι
501 2699 821 2771 Cogitabam
854 2705 995 2759 inter
1025 2721 1083 2759 se
1121 2706 1386 2773 dicentes,
1433 2710 1561 2779 quia
1612 2726 1778 2781 panes
1812 2728 1919 2766 non
1948 2728 2034 2768 ac-

437 2793 724 2862 cepimus;
780 2815 799 2847 ι
850 2796 936 2851 cui
989 2797 1340 2867 subjungitur
1388 2799 1562 2854 illud'
1607 2819 1619 2855 :
1658 2821 1676 2853 ι
1715 2802 1906 2857 Sciens
1935 2819 2035 2857 au-

440 2893 548 2939 tem
581 2884 742 2942 Jesus
767 2889 941 2944 dixit:
975 2889 1201 2944 Modica:
1245 2890 1366 2947 lidei
1388 2934 1401 2958 ,
1435 2893 1567 2963 quid
1597 2896 1849 2965 cogitatis
1893 2896 2035 2950 inter

440 2978 583 3031 vos?
636 2998 655 3031 ι
711 2990 764 3036 et
809 3000 931 3053 qua:
967 3000 1313 3059 sequuntur;
1371 3009 1498 3048 nam
1529 2995 1757 3063 expendi
1786 3012 1884 3064 par
1918 3004 2035 3051 erat

434 3067 763 3139 vituperium
800 3090 989 3133 eorum
1028 3097 1151 3151 qua:
1199 3095 1327 3140 sunt
1371 3085 1425 3139 in
1462 3088 1717 3155 occulto;
1755 3098 1811 3145 et
1864 3090 2033 3146 simul

434 3158 652 3218 laudem
683 3181 873 3223 eorum
906 3188 1029 3241 quae
1063 3185 1192 3230 sunt
1231 3177 1285 3230 in
1327 3180 1564 3235 occulto.

504 3253 559 3347 8.
598 3253 765 3311 Miror
811 3270 992 3316 autem
1025 3264 1349 3337 discipulos,
1385 3282 1897 3347 antequam,sermo
1931 3291 2027 3331 ex—

434 3342 670 3413 plicatus
720 3348 826 3407 illis
871 3352 1035 3411 fuerit
1080 3373 1110 3412 a
1155 3358 1323 3427 Jesu,
1371 3364 1424 3419 in
1457 3342 1705 3421 animum
1742 3367 2027 3426 induxisse

435 3449 597 3490 suum
631 3441 847 3496 sancire
888 3444 991 3499 sibi
1044 3460 1428 3520 praeceptorem
1464 3470 1529 3509 ac
1557 3454 1871 3522 Dominum,
1901 3466 1960 3512 ut
1994 3473 2025 3513 a

435 3524 836 3587 Pharisaeorum
884 3551 950 3591 ac
996 3536 1422 3599 Saddueaiorum
1486 3545 1673 3602 sensili
1710 3546 1979 3605 fermento
2007 3591 2023 3616 ,

436 3628 695 3691 tanquam
744 3641 852 3681 non
905 3645 1065 3699 puro,
1116 3648 1181 3689 ac
1213 3645 1500 3706 propterea
1540 3640 1707 3697 vetito
1746 3651 1977 3698 caveant
2009 3661 2023 3697 :

432 3711 568 3803 adeo
594 3725 672 3780 ut,
706 3733 830 3773 cum
858 3722 1023 3777 etiam
1051 3740 1218 3794 panes
1245 3745 1353 3782 non
1386 3736 1807 3803 assumpserint,
1833 3750 2023 3791 eorum

433 3801 701 3896 fermento
749 3826 856 3867 non
909 3822 1153 3872 utantur.
1204 3817 1396 3876 Simile
1435 3801 1618 3879 autem
1655 3842 2026 3896 quaereremus

431 3898 488 3944 et
528 3892 582 3989 in
629 3895 796 3989 aliis;
846 3901 1041 3959 sullicit
1086 3917 1311 3977 autem,
1349 3914 1581 3983 exempli
1618 3892 1786 3972 causa
1816 3955 1830 3980 ,
1865 3916 2023 3989 52],

434 3984 582 4051 quod
632 3986 700 4041 de
753 3986 1096 4051 Samaritana
1145 4000 1410 4069 scriptum
1460 4012 1545 4058 est
1600 4005 1685 4060 his
1737 3984 2027 4063 verbi—si:

437 4090 457 4122 ι
500 4072 692 4132 Omnis
726 4081 819 4149 qui
867 4083 1004 4139 bibit
1033 4102 1096 4141 ex
1126 4105 1268 4160 aqua
1299 4092 1420 4159 bac,
1455 4095 1599 4150 sitiet
1643 4097 1837 4152 iterum
1869 4117 1883 4152 :
1920 4097 2024 4165 Qui

433 4171 617 4220 atttem
661 4167 858 4226 biberit
894 4189 960 4228 ex
996 4191 1161 4247 aqua.
1191 4197 1354 4251 quam
1381 4200 1482 4254 ego
1524 4186 1667 4241 dabo
1707 4190 1779 4254 ei,
1814 4204 1920 4244 non
1954 4190 2029 4245 si-

432 4255 529 4312 tiet
575 4258 630 4314 in
671 4272 980 4336 azternum;
1029 4290 1049 4322 ι
1098 4272 1208 4327 illic
1252 4275 1436 4344 enim,
1482 4294 1582 4349 pro
1628 4282 2029 4352 signiﬁcatione

431 4354 745 4447 verborum,
781 4356 1127 4419 Samaritana
1160 4366 1431 4424 videbitur
1468 4372 1785 4429 existimare
1822 4390 2023 4447 aquam

2148 597 2242 649 ἐπὶ
2272 597 2371 666 τὴν
2401 596 2679 669 μοχθηρὰν
2706 599 2926 666 πρᾶξιν.
2958 599 3020 651 Ei
3056 598 3166 669 γὰρ
3195 595 3331 666 πρὸς
3353 593 3430 664 τῷ
3477 590 3736 663 βεδουλῖΓ

2149 687 2269 741 σθαι
2304 689 2613 761 ἐνεχείρησε
2659 690 2758 761 μὲν
2780 731 2795 755 ,
2824 692 2885 753 ού
2909 690 3129 760 τέτευχε
3159 689 3218 743 δὲ
3237 729 3251 753 ,
3304 686 3728 757 κολασθήσεται,

2145 780 2243 849 οὐχ
2269 778 2345 842 ὡς
2366 781 2430 849 τῇ
2457 778 2654 852 καρδίᾳ
2690 780 2847 852 μόνῃ,
2879 780 3015 834 ἀλλὰ
3041 781 3135 834 καὶ
3160 782 3226 850 τῇ
3250 777 3445 850 πράξει
3474 779 3730 850 ἡμαρτη-

2147 870 2275 934 κὼς.
2310 873 2547 943 Ζητήσαι
2580 872 2624 925 δ’
2658 872 2724 926 ἄν
2758 890 2841 937 τις
2870 873 3006 944 πρὸς
3028 872 3096 926 τὰ
3123 871 3367 933 τοιαῦτα,
3400 871 3449 923 εί
3487 870 3731 941 μοιχεύει

2147 964 2247 1032 μέν
2275 981 2359 1027 τις
2386 966 2442 1019 ἐν
2475 967 2539 1035 τῇ
2571 964 2769 1037 καρδίᾳ
2795 966 2951 1039 μόνῃ,
2981 964 3081 1019 κᾶν
3114 964 3189 1036 μὴ
3225 964 3299 1035 (9)
3331 964 3391 1017 τὸ
3426 963 3586 1035 ἔργον
3625 964 3729 1033 τῆς

2147 1057 2388 1126 μοιχείας
2418 1058 2642 1129 ποιήσῃ,
2678 1060 2739 1111 ού
2771 1061 3041 1130 σωφρονεί
3067 1058 3124 1112 δέ
3149 1060 3206 1110 ἐν
3236 1057 3373 1130 μόνῃ
3411 1059 3478 1127 τῇ
3506 1056 3727 1129 καρδίᾳ.

2144 1148 2217 1199 Τὸ
2256 1147 2636 1220 παραπλήσιον
2669 1149 2725 1202 δέ
2759 1150 2853 1203 καὶ⁵
2899 1150 3026 1221 περὶ
3069 1148 3177 1204 τῶν
3222 1148 3423 1202 λοιπῶν
3483 1150 3730 1220 ποιήσεις

2143 1239 2461 1293 ἐπαινετῶν.
2500 1241 2654 1311 Ἔχει
2685 1242 2743 1294 δέ
2775 1259 2828 1294 τι
2870 1241 3113 1305 πιθανῶς
3160 1243 3309 1312 ἡμᾶς
3352 1240 3729 1311 παραλογίσα-

2144 1329 2268 1384 σθαι
2289 1331 2588 1401 δυνάμενον
2616 1334 2644 1385 ό
2671 1332 2836 1395 τόπος
2854 1372 2869 1395 ,
2904 1335 3043 1403 ὅπερ
3064 1331 3274 1397 τοῦτον,
3302 1328 3456 1403 οἶμαι
3474 1369 3491 1395 ,
3520 1332 3731 1402 καθαρ-

2139 1421 2260 1473 τέον
2292 1421 2383 1476 τὸν
2415 1423 2613 1494 τρόπον
2631 1439 2644 1451 ·
2679 1423 2910 1493 Μοιχεία
2936 1423 3035 1493 μὲν
3063 1422 3330 1495 γενομένη
3357 1422 3415 1474 ἐν
3435 1425 3500 1493 τῇ
3530 1422 3731 1493 καρδίᾳ

2140 1513 2363 1568 ἔλαττόν
2398 1516 2544 1568 ἐστιν
2573 1514 2899 1587 ἁμάρτημα,
2934 1516 2968 1585 ἢ
2996 1517 3044 1568 εί
3078 1515 3339 1587 προσθείη
3372 1532 3456 1579 τις
3491 1516 3587 1568 καὶ
3628 1514 3728 1586 τὴν

2141 1604 2372 1675 πρᾶξιν·
2416 1606 2697 1677 ἀμήχανον
2738 1606 2795 1661 δέ
2827 1606 3180 1678 σωφροσύνην
3218 1602 3360 1660 εἶναι
3395 1609 3453 1660 ἐν
3493 1606 3727 1678 καρδίᾳ,

2140 1696 2535 1766 ἐμποδίζουσαν
2573 1702 2639 1770 τῇ
2674 1704 2981 1772 σωφρονικῇ
3030 1700 3259 1773 πράξει·
3287 1702 3336 1753 εί
3378 1699 3452 1770 μὴ
3491 1700 3601 1771 ἄρα
3644 1717 3730 1765 τις

2141 1787 2234 1839 καὶ
2258 1786 2350 1839 ἐπὶ
2371 1787 2561 1841 τούτου
2598 1788 2697 1860 τὴν
2727 1791 2785 1843 ἐν
2809 1791 3014 1862 ἐρημίᾳ
3058 1791 3371 1861 βιασθεῖσαν
3398 1789 3730 1860 παραλάϐοι,

2136 1879 2276 1933 κατὰ
2297 1880 2389 1933 τὸν
2413 1882 2598 1952 νόμον,
2621 1883 2701 1946 είς
2722 1883 3072 1955 παράδειγμα
3098 1883 3388 1953 παρθένον.
3423 1884 3605 1936 Ἔστω
3620 1882 3731 1954 γὰρ

2133 1971 2233 2041 τὴν
2275 1971 2500 2044 καρδίαν
2542 1974 2687 2037 τινὸς
2723 1969 2864 2028 εἶναι
2906 1974 3301 2046 καθαρωτάτην
3328 2014 3343 2038 ,
3376 1975 3478 2044 τὴν
3510 1974 3568 2028 δέ
3604 1974 3729 2044 βίαν

2136 2064 2492 2134 πεποιηκέναι
2513 2065 2570 2118 ἐν
2596 2065 2673 2135 τῷ
2695 2066 2976 2137 ἀκολάστῳ
2998 2065 3095 2138 τὴν
3118 2065 3325 2137 φθορὰν
3343 2068 3438 2123 τοῦ
3477 2064 3730 2136 σώματος

2134 2156 2234 2227 τῆς
2262 2156 2537 2229 σώφρονος
2567 2157 2713 2227 (10)’
2750 2157 2890 2230 αὕτη
2924 2158 2987 2229 δὴ
3019 2158 3167 2211 δοκεῖ
3205 2174 3296 2228 μοι
3347 2156 3579 2227 σώφρων
3629 2155 3732 2227 μὲν

2136 2249 2352 2313 πάντως
2387 2245 2528 2303 εἶναι
2581 2251 2638 2305 ἐν
2661 2249 2740 2322 τῷ
2767 2250 3016 2322 κρυπτῷ,
3048 2249 3126 2320 τῷ
3174 2249 3234 2303 δὲ
3281 2246 3497 2319 σώματι
3543 2248 3729 2303 οὐκέτι

2134 2337 2274 2394 εἶναι
2301 2342 2538 2415 καθαρὰ,
2565 2342 2727 2396 ὁποία
2755 2342 2859 2413 πρὸ
2893 2343 2991 2413 τῆς
3014 2341 3136 2412 βίας
3158 2338 3225 2413 ἦν
3246 2359 3258 2371 ·
3285 2341 3402 2394 ἀλλ’
3432 2341 3576 2410 οὐχὶ,
3605 2341 3732 2393 ἐπεὶ

2133 2434 2196 2485 ού
2230 2432 2481 2505 καθαρὰ,
2522 2434 2625 2505 ήδη
2656 2435 2751 2488 καὶ
2797 2433 3119 2497 ἀκόλαστος.
3150 2432 3335 2486 Ταῦτα
3364 2433 3458 2485 καὶ
3501 2431 3589 2485 διὰ
3628 2430 3725 2483 τόο

2140 2542 2159 2575 ι
2213 2524 2550 2592 Ἐλογίξοντο
2589 2526 2646 2578 ἐν
2688 2525 2902 2587 ἑαυτοῖς
2933 2523 3179 2592 λέγοντες,
3201 2561 3216 2585 ,
3257 2522 3339 2575 ὅτι
3384 2521 3585 2592 ἄρτους
3628 2520 3730 2572 οὒκ

2134 2617 2432 2687 ἐλάϐομεν·
2466 2637 2483 2668 ι
2518 2611 2562 2686 ᾧ
2593 2618 2912 2688 ἐπιφέρεται
2944 2617 3034 2670 τό·
3071 2634 3088 2666 ι
3130 2616 3296 2678 Γνοὺς
3338 2614 3394 2668 δὲ
3440 2617 3469 2668 ό
3520 2614 3727 2685 Ἰησοῦς

2136 2706 2315 2763 εἶπεν·
2352 2709 2735 2778 Ὀλιγόπιστοι,
2761 2709 2812 2762 τί
2830 2708 3196 2776 διαλογίζεσθε
3226 2710 3285 2761 ὲν
3308 2709 3520 2770 ἑαυτοῖς
3541 2722 3555 2771 ;
3577 2724 3596 2757 ι
3629 2706 3728 2759 καὶ

2134 2801 2202 2856 τὰ.
2227 2801 2354 2871 ἑξῆς
2374 2818 2388 2831 ο
2419 2801 2526 2854 ἔδει
2555 2801 2664 2872 γὰρ
2694 2802 2783 2855 τὸν
2813 2802 2940 2873 περὶ
2966 2799 3073 2853 τῶν
3104 2801 3161 2853 ἐν
3188 2798 3267 2870 τῷ
3303 2797 3532 2871 κρυπτῷ
3557 2798 3728 2868 ψόγον

2134 2894 2510 2965 ἐξετασθῆναι,
2561 2895 2656 2947 καὶ
2698 2892 3186 2965 παρανακειμένως
3225 2890 3376 2962 αὐτῷ
3415 2889 3526 2945 τῶν
3555 2890 3616 2943 ἐν
3644 2887 3727 2962 τῷ

2136 2986 2362 3059 κρυπτῷ
2392 2987 2504 3058 (Η)
2534 2986 2774 3041 ἔπαινον.

2201 3279 2477 3351 Θαυμάζω
2494 3281 2603 3335 δἐί
2628 3284 2677 3335 οἱ
2703 3282 2941 3354 μαθηταὶ
2968 3282 3153 3354 ᾣοντο,
3172 3283 3299 3355 πρὶν
3323 3285 3721 3357 σαφηνισθῆναι

2128 3372 2311 3436 αὐτοῖς
2334 3373 2441 3425 ὑπὸ
2465 3372 2560 3426 τοῦ
2595 3373 2771 3446 Ἰησοῦ
2789 3374 2880 3429 τὸν
2911 3374 3097 3443 λόγον,
3128 3376 3210 3428 δτι
3245 3376 3579 3450 ἀπαγορεύει
3621 3378 3724 3433 αὐ-

2128 3466 2240 3528 τοῖς
2268 3465 2297 3517 ὁ
2322 3463 2641 3530 διδάσκαλος
2665 3467 2759 3519 καὶ
2785 3468 2815 3520 ὁ
2842 3466 3045 3538 Κύριος
3069 3467 3332 3540 αἰσθητὴν
3348 3468 3527 3539 ζύμην
3549 3470 3719 3539 Φαρι-

2132 3553 2361 3626 σαίωνῆ
2393 3554 2767 3609 Σαδδουκαίων
2811 3556 3170 3625 φυλάξασθαι,
3219 3557 3296 3621 ὡς
3342 3556 3405 3609 οὐ
3446 3556 3720 3628 καθαρὰν,

2131 3647 2225 3701 καὶ
2256 3646 2343 3700 διὰ
2366 3646 2525 3701 τοῦτο
2550 3648 3054 3723 ἁπαγορευομένην.
3092 3650 3179 3703 ἵνα
3215 3650 3361 3722 μηδ’,
3399 3650 3483 3703 ὅτι
3520 3650 3718 3722 ἄρτους

2130 3741 2231 3793 οὐκ
2279 3740 2624 3811 εἰλήφεισαν,
2660 3744 2725 3813 τῇ
2758 3742 2981 3796 ἐκείνων
3015 3740 3162 3813 ζύμῃ
3205 3743 3540 3814 χρήσωνται.
3572 3740 3646 3793 Τὸ
3671 3740 3718 3804 δ’

2130 3833 2314 3903 ὅμοιον
2356 3833 2448 3887 καὶ
2487 3833 2574 3887 ἐπ’
2600 3833 2710 3905 (12)
2744 3834 2917 3889 ἄλλων
2953 3834 3051 3906 μέν
3082 3834 3440 3906 ζητήσαιμεν,
3475 3834 3637 3905 ἀρκεῖ
3659 3832 3721 3886 δὲ

2130 3925 2572 3998 παραδείγματος
2588 3927 2746 3999 χάριν
2770 3926 2830 3980 τὺ
2848 3927 2974 3999 περὶ
2997 3926 3096 3996 τῆς
3118 3925 3505 3998 Σαμαρείτιδος
3530 3928 3588 3978 ὲν
3616 3923 3717 3995 τῷ⁶

2136 4037 2154 4070 ι
2194 4020 2309 4082 Πᾶς
2329 4020 2358 4073 ό
2394 4018 2564 4072 πίνων
2592 4020 2656 4072 ἐκ
2678 4018 2771 4073 τοῦ
2806 4018 2999 4082 ὓδατος
3028 4017 3220 4071 τούτου
3246 4018 3464 4090 διψήσει
3516 4016 3714 4070 πάλινο

2128 4110 2188 4175 ὃς
2210 4111 2255 4164 δ’
2285 4111 2350 4165 ἂν
2380 4111 2476 4182 πίῃ
2505 4113 2569 4165 ἐκ
2597 4112 2688 4166 τοῦ
2717 4111 2929 4176 ὓδατος,
2954 4106 3013 4166 οὗ
3032 4110 3140 4179 ἐγὼ
3161 4111 3318 4165 δώσω
3350 4109 3518 4181 αὐτῷ,
3549 4110 3611 4162 ού
3641 4108 3717 4180 μὴ

2129 4202 2345 4274 διψήσει
2372 4206 2451 4268 εἰς
2483 4203 2575 4257 τὸν
2602 4203 2774 4257 αἰῶνα
2793 4220 2806 4233 ·
2845 4223 2863 4255 ι
2908 4204 3003 4257 καὶ
3032 4202 3144 4273 γὰρ
3170 4203 3289 4255 ἐκεῖ
3307 4240 3321 4262 ,
3368 4201 3491 4255 ὅσον
3519 4200 3613 4253 ἐπὶ
3646 4202 3713 4271 τῇ

2129 4294 2292 4360 λέξει,
2327 4297 2359 4365 ἠ
2390 4296 2720 4365 Σαμαρεῖτις
2750 4292 2888 4354 δόξει
2913 4292 3119 4346 οἴεσθαι
3145 4292 3271 4362 περὶ⁵
3301 4291 3493 4353 ὓδατος
3525 4289 3718 4361 αίσθη-

2127 4383 2222 4436 τοῦ
2258 4383 2689 4451 ἐπαγγέλλεσθαι
2720 4383 2811 4436 τὸν
2848 4383 3075 4454 Σωτῆρα
3107 4382 3360 4451 λέγοντα’
3392 4400 3410 4432 ι
3456 4384 3552 4445 Ὃς
3582 4381 3627 4434 δ’
3648 4381 3715 4435 ἂν

431 4445 687 4501 sensilem
724 4453 1042 4517 promittere
1093 4457 1434 4518 Servatorem
1462 4505 1477 4529 ,
1528 4481 1652 4520 cum
1682 4467 1760 4522 ait
1798 4486 1810 4522 :
1851 4445 1888 4520 Cv
1916 4468 2021 4537 Qui

2134 4476 2227 4548 πίῃ
2261 4478 2325 4529 ἐκ
2349 4445 2444 4529 rei»
2470 4474 2683 4541 ὓδατος,
2715 4470 2776 4528 οὗ
2805 4475 2916 4544 ἐγὼ
2937 4445 3094 4529 adiam
3128 4445 3306 4545 αύτῷ,
3352 4475 3413 4528 οὐ
3449 4474 3523 4545 μὴ
3552 4474 3715 4545 διψή-

430 4541 614 4640 αμιειη
642 4537 838 4597 biberit
865 4560 931 4598 ex
962 4561 1126 4640 aqua,
1169 4566 1332 4620 quam
1369 4568 1471 4625 ego
1515 4557 1660 4613 dabo
1692 4560 1763 4625 ei,
1802 4576 1910 4615 non
1944 4561 2019 4616 si-

2134 4586 2209 4621 σει
2237 4571 2316 4632 εἰς
2351 4567 2443 4622 τὸν
2464 4568 2656 4622 αἰῶνα.
2697 4588 2717 4616 ι
2749 4569 2990 4622 Κάκείνα
3012 4565 3105 4622 οὖν
3137 4568 3586 4640 τροπολογητέον,
3618 4568 3715 4621 καὶ

432 4626 533 4681 tiet
564 4626 618 4681 in
669 4639 952 4691 mternum.
996 4656 1015 4690 ι
1065 4638 1191 4697 Haec
1238 4644 1401 4715 igitur
1446 4649 1652 4717 tr0pice
1697 4651 2016 4720 explicanda

424 5092 601 5147 ctrina
633 5093 1030 5157 Pharisaeorum
1060 5114 1115 5160 et
1141 5105 1585 5166 Sadducaenrum.

498 5189 546 5222 ⁸⁸
577 5189 738 5247 Deut.
780 5211 915 5262 χχιι,
942 5198 1034 5253 25.
1110 5200 1155 5233 ⁸⁸³
1187 5201 1377 5259 Matth.
1421 5221 1531 5271 xw,
1560 5208 1611 5261 7.
1693 5210 1707 5239 ί
1739 5209 1895 5278 ibid.,
1929 5211 1983 5267 8.

485 5312 576 5394 _(9)
612 5314 1004 5394 Kdrﬂip,_etc.
1038 5320 1112 5377 lta
1148 5335 1294 5394 recte
1331 5327 1489 5382 codd.
1519 5327 1848 5393 Vaticanus.
1894 5332 2010 5387 An-

425 5385 674 5473 gli‘cat'i‘us
690 5385 1344 5473 et‘Tarinianus._.Ed_itio
1374 5413 1502 5453 vero
1540 5397 1753 5473 ﬂuetii,
1786 5385 2007 5473 adipi},

424 5465 533 5508 etc.
578 5454 749 5536 Paulo
784 5463 1089 5536 post-codd.
1121 5463 1425 5536 Vaticanus
1454 5476 1508 5524 et
1543 5454 2009 5536 Tarinianusf'lib'

425 5527 806 5612 «ap-artiﬁcia?
832 5532 925 5612 καὶ
950 5532 1041 5612 ἐπὶ
1062 5534 1171 5612 τῶν
1193 5535 1396 5612 λοιπῶν
1420 5540 1665 5612 ποιήσεις
1688 5527 2009 5612 ἐπαινετῶν.

460 5569 504 5576 ._
833 5569 925 5584 η...
1073 5569 1395 5590 mm“,
1420 5569 1457 5591 .,
1494 5569 1509 5591 ι
1722 5569 1724 5571 τ
1868 5569 1873 5571 .
1994 5581 2009 5597 ο

460 5569 611 5692 πίω)
641 5569 811 5680 ἀυάρο
848 5601 1069 5686 Regius.
1097 5569 2015 5692 Valigandi;dgﬁggggi‘ﬁ:

428 5672 704 5781 ἓᾜὲιοιὲιιὲ,
729 5672 829 5739 τῆς
866 5672 1159 5745 σώφρονος.
1198 5674 1377 5732 Editio
1406 5672 1585 5736 Huetii
1625 5683 1679 5736 in
1718 5690 1888 5745 textu,
1920 5682 2013 5735 τοῦ

466 5748 722 5800 ωφρονος.

506 5804 619 5873 (Η)
654 5805 771 5861 Τιῗν
796 5808 864 5862 ἐν
896 5811 972 5876 τῷ
1012 5816 1266 5884 κρυπτῷ.
1299 5819 1389 5875 Sic
1430 5832 1572 5876 recte
1606 5820 1839 5877 habebat
1877 5836 2017 5878 unus

2126 4660 2540 4726 συνεξεταστέον
2574 4660 2717 4736 ὕδωρ
2735 4661 2917 4733 πηγῆς
2941 4660 3035 4715 τοῦ
3074 4659 3285 4725 Ἰακὼϐ,
3319 4662 3409 4730 ἀφ’
3437 4657 3505 4733 ἦς
3527 4660 3713 4733 ἤντλει

2125 4753 2157 4821 ὴ
2201 4753 2560 4823 Σαμαρεῖτις,
2610 4751 2763 4806 ὕδατι
2816 4751 2912 4806 τοῦ
2970 4752 3143 4822 ἰησοῦ
3170 4792 3185 4817 ,
3230 4752 3324 4806 καὶ
3363 4751 3598 4807 ἐνταῦθα
3650 4751 3713 4805 τὸ

2121 4843 2305 4914 ὅμοιον
2342 4844 2594 4915 ποιητέον
2614 4861 2627 4874 ·
2657 4844 2800 4915 τάχα
2825 4845 2934 4916 γὰρ
2966 4845 3087 4898 οὐδὲ
3117 4845 3269 4916 ἄρτοι
3303 4840 3443 4916 ἦσαν
3476 4845 3705 4916 πεφθέν-

2118 4953 2231 4999 τες,
2271 4937 2408 4990 ἀλλά
2448 4955 2529 5001 τις
2565 4935 2709 5009 ζύμη
2746 4938 2877 4991 αὐτὸ
2904 4938 3067 5008 μόνον
3096 4937 3221 5009 ὠμὴ
3253 4938 3364 5009 (15)
3390 4978 3406 5005 ,
3438 4939 3471 5010 ή
3512 4937 3707 5011 διδαχὴ

2117 5023 2223 5077 τῶν
2242 5026 2551 5096 Φαρισαίων
2583 5026 2678 5080 καὶ
2706 5027 3098 5082 Σαδδουκαίων.

2075 5214 2094 5242 ²
2121 5210 2279 5266 Joan.
2314 5228 2384 5276 tv,
2426 5211 2508 5275 l3,
2558 5212 2638 5266 ιι.

2116 5334 2284 5388 codex
2311 5347 2472 5400 quem
2507 5336 2857 5389 consuluerat
2881 5334 3139 5391 Tarinus.

2188 5403 2301 5473 (12)
2341 5402 2521 5458 Editio
2573 5402 2777 5472 Haetii,
2811 5406 2904 5459 καὶ
2955 5405 3150 5472 ἄλλων,
3189 5405 3282 5463 sed
3315 5420 3510 5463 omnes
3537 5421 3701 5473 mss.,

2117 5474 2211 5526 καὶ
2239 5474 2326 5526 ἐπ’
2357 5473 2554 5528 ἄλλων.

2192 5544 2521 5617 (15)ῌἌ.ἰλά
2548 5563 2645 5617 τις
2660 5544 2806 5614 ζύμη
2837 5544 2982 5617 αὐτὸ
3003 5546 3194 5614 μόνον
3218 5545 3367 5617 (im-ii,
3397 5557 3503 5602 etc.
3537 5545 3704 5602 Eras-

2121 5629 2243 5685 mus
2275 5614 2433 5685 aliter
2459 5615 2604 5670 hunc
2635 5616 2812 5670 locum
2860 5616 3089 5685 legerat:
3132 5617 3212 5672 sic
3254 5614 3432 5672 autem
3479 5619 3641 5685 vertit
3681 5634 3696 5672 :

2125 5702 2142 5735 ι
2184 5682 2287 5738 Sed
2323 5683 2646 5739 fermentum
2690 5687 2851 5739 modo
2886 5682 3157 5753 quoddam
3199 5687 3458 5744 doctrinae
3504 5683 3700 5743 Pliari-
3739 5741 3747 5746 .

2120 5770 2351 5810 sreorum
2385 5763 2439 5809 et
2471 5755 2910 5810 Sadducatorum.
2951 5774 2968 5806 ι
