4100 6480
428 417 568 475 1019

425 549 716 612 propterea
770 534 947 590 solum
997 528 1143 599 quod

426 639 572 696 stus,
607 650 627 684 ι
662 630 856 684 beatus
903 622 1259 694 pmdicatur;
1295 616 1390 671 sed
1436 629 1560 670 cum
1604 612 1974 667 additamento
1998 648 2015 671 ,

432 742 456 777 ι
496 720 786 777 FiliusDei
818 717 948 772 vivi.
986 734 1003 765 ι
1035 712 1251 766 Marcus
1286 708 1485 779 quippe
1518 714 1572 760 ct
1610 702 1775 775 535
1811 702 2013 763 Lucas,

427 816 526 887 qui
594 812 936 882 scripserunt
986 806 1408 876 respondentem
1467 799 1685 854 Petrum
1743 795 1948 848 dixisse

433 884 466 960 J
489 905 572 960 Tu
606 920 665 959 es
704 901 982 963 Christus,
1041 918 1058 947 ιι
1108 905 1164 950 et
1214 895 1267 948 id
1322 908 1432 946 non
1484 889 1815 944 addiderunt
1867 884 2012 955 quod

1893 388 2221 448 OﬂfﬂENlS

1199 523 1400 581 dixerit
1435 523 1480 554 ⁸⁸
1513 542 1528 576 :
1572 538 1590 572 ι
1637 521 1719 572 Tn
1753 534 1813 573 es
1847 517 2011 571 Citri-

2131 514 2276 566 ὶέντα
2306 512 2395 564 τὸν
2424 510 2631 581 Πέτρον
2657 507 2955 579 εἰρηκέναι·
3001 525 3019 558 ι
3052 505 3125 559 Σὺ
3148 498 3202 558 ei
3221 504 3250 557 ό
3272 501 3530 574 Χριστὸς,
3557 521 3577 555 ι
3603 506 3705 559 καὶ

3558 379 3703 435 i020

2127 605 2201 675 μὴ
2231 601 2557 672 προσθέντες
2597 600 2661 652 τὸ
2692 598 2842 669 παρά
2870 596 2948 668 τῷ
2984 595 3250 667 Ματθαιῳ
3291 595 3566 666 κείμενον,
3599 596 3708 649 οὐκ

2123 695 2435 765 ἀνέγραψαν
2469 693 2557 746 τὸν
2602 692 2696 745 ἐπὶ
2741 691 2821 763 τῷ
2872 694 3149 763 εἰρημένῳ
3195 690 3564 763 μακαρισμὸν,
3609 692 3706 744 καὶ

2121 787 2219 858 τὴν
2271 786 2409 857 μετά
2454 786 2545 837 τδν
2597 784 2944 856 μακαρισμὸν
2991 783 3260 853 εὐλογίαν,
3307 782 3571 852 λέγουσαν
3606 783 3705 836 τόδ

2126 898 2144 929 ι
2181 880 2253 932 Σὺ
2284 876 2333 930 εἷ
2365 876 2591 949 Πέτρος,
2631 895 2649 927 ι
2684 876 2780 929 καὶ
2803 875 2873 929 τὰ
2900 874 3051 945 ἑξῆς.

425 1011 610 1058 exstat
639 997 783 1068 apud
810 994 1154 1057 Matthmum,
1190 1004 1297 1043 non
1323 987 1662 1053 scripserunt
1698 983 1916 1036 beatum
1951 978 2101 1068 illum
2139 982 2357 1068 propter
2387 974 2594 1068 dictum
2638 971 2772 1068 illud
2823 970 2991 1068 fuisse
3037 970 3425 1040 praedicatum,
3478 979 3533 1025 et
3584 980 3711 1041 post

429 1059 872 1162 praedicationem
908 1086 1049 1138 hanc
1080 1079 1461 1136 benedictione
1490 1073 1661 1129 fuisse
1683 1071 2020 1141 impertitum
2038 1066 2122 1120 his
2148 1065 2363 1118 verbis:
2396 1082 2413 1114 ι
2444 1060 2527 1116 Tu
2563 1075 2624 1116 es
2645 1059 2840 1115 Petrus
2870 1062 2938 1127 ",
2976 1078 2994 1110 ι
3035 1067 3091 1115 et
3123 1075 3245 1129 qua:
3274 1067 3603 1162 sequuntur.

508 1180 593 1234 l6.
623 1179 746 1233 Jam
792 1191 924 1230 vero
962 1172 1197 1243 primum
1234 1169 1367 1223 illud
1419 1163 1873 1221 considerandum
1917 1169 2024 1223 est,

432 1274 538 1328 hos
571 1280 768 1326 etetcra
800 1266 1020 1337 quidem
1066 1264 1133 1317 de
1170 1276 1236 1315 eo
1288 1270 1547 1326 tanquam
1600 1255 1667 1307 de
1720 1265 1915 1322 magno
1970 1259 2026 1303 et

435 1361 747 1419 admirabili
796 1358 917 1411 viro
970 1354 1286 1416 nuntiasse,
1340 1349 1618 1404 Christum
1668 1353 1847 1399 autem
1895 1356 2023 1396 eum

435 1472 579 1519 esse,
625 1453 871 1509 nondum
930 1449 1303 1520 praedicasse:
1356 1457 1424 1496 ne
1463 1440 1710 1493 videatur
1767 1436 2025 1490 Servator

439 1546 659 1603 auferre
692 1544 825 1615 ipsis
864 1539 1173 1596 facultatem
1209 1532 1566 1589 annuntiandi
1602 1544 1661 1584 se
1694 1542 1816 1582 esse
1858 1524 2025 1615 Chri-

438 1650 610 1704 stum,
646 1614 809 1705 quam
851 1631 1003 1701 prius
1047 1626 1426 1683 concessisset.
1479 1621 1545 1674 Et
1591 1618 1860 1689 quispiam
1907 1614 2020 1668 for-

2200 1155 2337 1225 Ἤδη
2381 1155 2440 1207 δὲ
2478 1154 2572 1206 καὶ
2611 1151 2673 1205 τὸ
2711 1150 2928 1223 πρῶτον
2970 1150 3301 1215 ἐξεταστέον,
3349 1152 3436 1204 δτι
3487 1148 3558 1203 τὰ
3607 1149 3712 1220 μὲν

2126 1246 2259 1299 ἄλλα
2288 1245 2417 1316 περὶ
2446 1240 2610 1297 αὐτοῦ
2644 1240 3036 1313 κατήγγελλον,
3070 1240 3147 1304 ὡς
3185 1240 3422 1312 μεγάλου
3451 1243 3546 1294 καὶ
3580 1241 3713 1295 Θαυ-

2130 1337 2355 1409 μαστοῦ·
2381 1336 2443 1389 τὸ
2480 1335 2536 1388 δι
2573 1332 2809 1406 Χριστὸν
2843 1328 2983 1385 εἶναι
3013 1332 3225 1385 οὐδέπω
3255 1333 3578 1403 ἐκήρυσσονο
3622 1334 3713 1385 ἵνα

2131 1430 2205 1499 μὴ
2254 1426 2438 1495 δοκοίη
2494 1427 2523 1478 ὁ
2573 1426 2763 1497 Σωτὴρ
2805 1425 3059 1497 ἀφαιρεῖν
3101 1424 3282 1477 αὐτῶν
3323 1423 3571 1489 ἐξουσίαν
3613 1424 3713 1495 τὴν

2127 1516 2254 1589 περὶ
2296 1516 2391 1570 τοῦ
2425 1517 2818 1585 καταγγέλλειν
2849 1516 3010 1569 αὐτὸν
3046 1516 3303 1588 Χριστὸν,
3348 1516 3416 1586 ἣν
3446 1515 3712 1587 πρότερον

2128 1613 2454 1684 ἐδωρήσατο.
2479 1613 2587 1665 Καὶ
2609 1611 2751 1682 τάχα
2778 1629 2863 1675 τις
2892 1610 2970 1683 τῷ
2993 1610 3218 1679 τοιούτῳ
3244 1609 3387 1680 λόγῳ
3425 1610 3713 1680 παραστή-

442 1700 881 1795 εἰιεηνρίιιειιιιιιίί
925 1716 1157 1773 orationi
1190 1713 1538 1776 assentietur,
1583 1709 1770 1763 dicens
1800 1706 2025 1760 edoctos

2131 1723 2303 1769 σεται,
2339 1706 2563 1777 φάσκων
2595 1706 2670 1769 ὡς
2715 1707 2774 1760 ὲν
2814 1707 3091 1777 εἰσαγωγῇ
3132 1703 3438 1774 δεδιδάχθαι
3474 1701 3579 1757 ὑπὸ
3606 1700 3715 1755 τῶν

442 1818 612 1874 fuisse
631 1815 850 1870 Iudaeos
881 1812 949 1865 ab
996 1804 1279 1879 apostolis,
1316 1815 1575 1874 tanquam
1614 1801 1903 1863 elementa,
1937 1812 2027 1853 res

441 1923 535 1963 cas
564 1905 834 1975 gloriosas
868 1900 1181 1956 etillustres
1207 1914 1329 1967 qua:
1357 1897 1423 1951 ad
1453 1895 1640 1951 Jesum
1664 1890 2028 1963 pertinebant,

442 2008 504 2053 ut
538 2008 782 2067 tempore
812 2001 1122 2063 opportuno
1164 1989 1531 2057 adjicerentur
1569 2000 1634 2040 ea
1685 1998 1810 2054 qua:
1863 1980 2029 2036 Chri-

442 2099 586 2145 stum
630 2104 754 2142 cum
783 2099 907 2140 esse
954 2081 1343 2145 conficiebant;
1388 2087 1443 2133 ct
1496 2077 1756 2147 pleraque
1801 2073 2034 2127 fortasse

443 2195 512 2238 ex
542 2179 648 2234 illis
684 2193 807 2247 quae
837 2176 923 2229 his
947 2174 1090 2228 dicta
1113 2182 1262 2236 sunt,
1296 2168 1551 2223 omnibus
1585 2168 1679 2235 qui
1719 2165 1875 2219 (idem
1910 2177 2033 2217 am-

448 2269 606 2340 plecti
644 2273 894 2336 potetant
920 2263 1063 2317 dicta
1091 2275 1210 2315 esse
1242 2277 1254 2313 :
1307 2274 1409 2314 nec
1441 2258 1587 2313 enim
1641 2257 1774 2311 solis
1812 2255 1863 2308 id
1897 2269 2033 2323 apo-

449 2360 603 2415 stoEis
634 2356 970 2427 congruebat
998 2372 1013 2409 :
1049 2353 1159 2406 «Ad
1201 2350 1459 2420 pra‘sides
1494 2358 1550 2402 et
1581 2349 1645 2401 ad
1677 2362 1831 2416 reges
1869 2347 2036 2399 duce-

450 2452 582 2507 ntini
633 2458 853 2519 promer
895 2462 1004 2511 me,
1055 2446 1109 2499 in
1160 2444 1533 2500 testimonium
1590 2440 1696 2494 illis
1750 2447 1805 2492 ct
1859 2436 2035 2507 genti-

449 2542 554 2596 bus
581 2541 665 2605 ⁸²;
707 2559 725 2591 ι
757 2539 983 2593 forsitan
1011 2544 1194 2591 autem
1231 2549 1332 2589 nec
1376 2534 1509 2588 solis
1568 2531 1699 2586 illud
1747 2528 2031 2599 apostolis,

447 2633 541 2689 sed
569 2642 622 2687 et
652 2632 910 2686 omnibus
943 2629 1042 2698 qui
1079 2627 1339 2683 credituri
1382 2633 1541 2681 erant
1575 2643 1588 2679 :
1633 2642 1651 2674 ι
1693 2621 1895 2676 dect
1938 2635 2039 2673 au—

446 2734 555 2782 tem
581 2723 748 2779 frater
773 2722 999 2777 fratrem
1024 2721 1078 2775 in
1122 2732 1354 2775 mortem
1394 2720 1462 2783 ",
1502 2738 1519 2769 ι
1559 2725 1614 2770 et
1642 2730 1764 2784 qua:
1790 2727 2036 2783 sequun-

446 2824 569 2882 tur;
605 2816 698 2871 scd
726 2824 782 2870 et
813 2816 916 2870 hoc
945 2814 1037 2868 ’δε
1074 2833 1095 2865 ι
1144 2812 1337 2867 Omnis
1373 2826 1503 2880 ergo
1545 2808 1637 2878 qui
1688 2806 2041 2861 confitebitur

449 2924 557 2972 me,
588 2927 607 2959 ι
640 2916 695 2962 et
724 2907 957 2976 reliqua,
992 2920 1100 2960 non
1132 2903 1397 2975 apostolis
1425 2902 1732 2971 speciatim,
1781 2900 1876 2954 sed
1916 2914 2038 2953 om-

2131 1797 2440 1850 ἀποστόλων
2468 1799 2595 1860 τοὺς
2630 1797 2916 1861 Ἰουδαίους
2933 1796 3002 1850 τά
3024 1797 3152 1869 περὶ
3176 1794 3275 1850 τοῦ
3304 1793 3479 1866 ’1ησοῦ
3506 1792 3713 1857 ἔνδοξα,

2130 1890 2217 1943 ἵνα
2242 1889 2451 1953 τούτοις
2480 1892 2537 1942 ὲν
2572 1887 3182 1961 καιρῷοὲποικοδομηθῇ
3219 1886 3314 1940 καὶ
3346 1885 3417 1940 τὰ
3452 1886 3584 1956 περὶ
3616 1884 3715 1937 τοῦ

2130 1982 2363 2053 Χριστὸν
2396 1982 2557 2035 αὑτὸν
2579 1977 2741 2034 εἶναι·
2773 1981 2913 2052 τάχα
2933 1979 2990 2033 δὲ
3021 1978 3192 2032 πολλὰ
3216 1978 3324 2031 τῶν
3349 1977 3486 2050 πρὸς
3516 1977 3718 2039 αὐτοὺς

2131 2071 2471 2141 λελεγμένων
2491 2070 2601 2142 (48)
2631 2071 2768 2141 πρὸς
2788 2072 2997 2134 πάντας
3012 2069 3266 2142 εἰρῆσθαι
3291 2069 3420 2132 τοὺς
3441 2067 3717 2121 πιστεύον-

2132 2178 2230 2224 τας
2274 2159 2521 2232 δυνάμει’
2565 2159 2625 2212 οὐ
2660 2158 2770 2230 γὰρ
2811 2159 2992 2230 μόνοις
3034 2161 3146 2222 τοῖς
3191 2158 3507 2220 ἀποστόλοις
3550 2158 3719 2229 ἐφήρ-

2138 2247 2269 2320 μοζε
2296 2248 2376 2301 τό·
2421 2266 2439 2298 ι
2484 2249 2608 2301 Ἐπὶ
2636 2249 2911 2319 ἡγεμόνας
2934 2250 2991 2301 δὲ
3018 2250 3110 2301 καὶ
3144 2247 3382 2318 βασιλεῖς
3414 2247 3721 2319 ἀχθήσεσθε

2132 2341 2318 2394 ἓνεκεν
2348 2339 2484 2411 ἐμοῦ
2517 2340 2596 2403 εἰς
2627 2340 2925 2412 μαρτύριον
2950 2340 3133 2404 αὐτοῖς
3167 2341 3260 2394 καὶ
3300 2343 3415 2403 τοῖς
3464 2339 3662 2393 ἔθνεσι·
3694 2357 3715 2390 ι

2133 2430 2271 2499 τάχα
2302 2429 2360 2482 δὲ
2388 2429 2497 2482 οὐδ’
2536 2432 2673 2494 ὅλως
2711 2433 2824 2495 τοῖς
2852 2432 3191 2496 ἀποστόλοις,
3228 2431 3344 2485 ἀλλ’
3390 2433 3563 2486 ἅπασι
3610 2435 3725 2497 τοῖς

2136 2522 2411 2575 πιστεύειν
2448 2522 2696 2594 μέλλουσι
2723 2523 2783 2578 τό
2802 2542 2814 2554 ·
2852 2542 2871 2576 ι
2902 2522 3219 2595 Παραδώσει
3240 2522 3297 2577 δὲ
3327 2523 3551 2594 ἀδελφὸς
3578 2525 3727 2579 ἀδελ-

2138 2611 2235 2680 φὸν
2269 2613 2350 2676 εἰς
2383 2612 2633 2676 θάνατον,
2674 2634 2692 2664 ι
2733 2615 2829 2667 καὶ
2866 2614 2934 2667 τά
2966 2612 3115 2685 ἑξῆς
3147 2614 3283 2669 ἀλλά
3316 2612 3411 2668 καὶ
3441 2614 3530 2667 τόο
3565 2632 3584 2666 ι
3608 2614 3727 2679 Πᾶς

2137 2700 2231 2755 οὖν
2264 2703 2412 2765 ὅστις
2441 2703 2767 2775 ὁμολογήσει
2806 2704 2864 2757 ἔν
2914 2702 3058 2774 ἐμοὶ,
3106 2722 3124 2754 ι
3180 2704 3274 2757 καὶ
3318 2702 3389 2757 τὰ
3433 2702 3581 2774 ἑξῆς,
3624 2703 3727 2757 οὐκ

2142 2793 2287 2855 ἰδίως
2321 2791 2431 2863 (i9)
2466 2794 2579 2855 τοῖς
2610 2792 2948 2855 ἀποστόλοις,
2987 2792 3122 2847 ἀλλὰ
3171 2793 3264 2845 καὶ
3310 2793 3445 2845 πᾶσι
3479 2794 3591 2855 τοῖς
3636 2810 3727 2846 πι-

2144 2882 2423 2937 στεύουσιν
2468 2884 2703 2955 εἴρηται.
2747 2884 2905 2938 Κατά
2937 2883 3097 2937 τοῦτο
3137 2878 3229 2937 οὖν
3270 2884 3730 2956 προῦποτύπωσίς

454 2998 620 3052 nibus
649 2997 998 3051 credentibus
1043 2996 1248 3049 dictum
1283 3002 1388 3047 est.
1434 2991 1562 3046 Inde
1617 3006 1746 3061 ergo
1794 2990 2027 3058 sequitur

2142 2977 2258 3029 ἐστι
2289 2976 2640 3041 διδασκαλίας
2665 2977 2755 3031 διὰ
2786 2978 2892 3031 τῶν
2938 2979 3077 3050 πρὸς
3115 2980 3239 3044 τοὺς
3273 2978 3607 3043 ἀποστόλους
3636 2978 3727 3032 λε-

455 3103 553 3151 per
581 3104 645 3141 ca
667 3103 791 3156 qua:
818 3087 1083 3155 apostolis
1120 3086 1263 3139 dicta
1296 3094 1424 3138 sunt
1462 3082 1842 3136 adumbratam
1873 3079 2027 3135 fuisse

2142 3066 2444 3138 λεγμένων,
2471 3065 2696 3139 ὕστερον
2721 3068 2995 3133 κάκείνοις
3022 3070 3114 3123 καὶ
3138 3070 3298 3123 παντὶ
3319 3068 3399 3139 τῷ
3425 3069 3735 3124 διδάσκοντι

453 3177 787 3243 doctrinam,
815 3192 937 3245 qua:
969 3178 1037 3231 ab
1089 3176 1197 3229 illis
1245 3173 1618 3244 postmodum,
1666 3180 1720 3226 ct
1764 3187 1795 3226 a
1844 3171 2027 3242 quovit

2146 3160 2226 3222 εἰς
2257 3157 2449 3229 χρῆσιν
2481 3156 2859 3229 ἐλευσομένης.

452 3269 685 3324 docente
716 3266 1029 3337 usurpanda
1060 3276 1225 3322 esset.

528 3364 615 3419 Π.
652 3363 756 3430 Qui
799 3363 1078 3418 contendit
1110 3375 1236 3417 vero
1264 3360 1418 3431 prius
1440 3360 1842 3431 promulgatum
1875 3359 2045 3416 fuisse

457 3456 609 3511 hunc
630 3470 753 3511 esse
789 3454 1069 3510 Christum
1116 3453 1185 3508 ah
1230 3454 1516 3524 apostolis,
1572 3453 1666 3523 qui
1724 3453 1776 3507 id
1821 3453 2027 3508 audive-

2153 3451 2349 3527 ρύχθαι
2394 3454 2657 3525 πρότερον
2713 3454 2819 3508 ὑπὸ
2862 3454 2970 3508 τῶν
3021 3452 3369 3507 ἀκουσάντων
3418 3451 3734 3506 ἀποστόλων

465 3556 620 3603 rant:
655 3565 675 3598 ι
709 3547 866 3613 Quod
905 3547 1028 3602 dico
1055 3547 1209 3602 vobis
1246 3548 1298 3600 in
1341 3544 1602 3613 tenebris,
1652 3544 1814 3600 dicite
1868 3544 1921 3598 in
1961 3544 2027 3598 lu-

2150 3544 2238 3598 τό·
2278 3563 2297 3596 ι
2341 3545 2407 3597 Ὀ
2432 3545 2576 3613 λέγω
2595 3546 2724 3616 ὑμῖν
2750 3546 2808 3598 ὲν
2834 3548 2903 3617 τῇ
2929 3543 3137 3616 σκοτία,
3163 3545 3353 3599 εἴπατε
3377 3545 3437 3597 ὲν
3463 3541 3541 3615 τῷ
3568 3543 3732 3613 φωτίο

1656 3659 1892 3717 VETUS
1925 3658 2505 3716 INTERPRETATIO.

454 3757 579 3828 ejus
609 3766 727 3813 erat
760 3756 1122 3828 illuminatns,
1145 3766 1412 3826 quantum
1440 3755 1690 3828 Paulusz
1713 3755 1845 3822 Quis
1876 3765 2056 3811 autem
2087 3757 2249 3811 etiam
2302 3757 2408 3811 hoc
2460 3758 2696 3828 ignorat,
2731 3755 2859 3825 quia
2910 3755 3013 3812 etsi
3058 3756 3215 3812 multi
3268 3772 3394 3811 vera
3425 3755 3615 3812 dicunt
3646 3757 3733 3813 di-

459 3826 645 3883 centes
675 3828 742 3883 de
779 3826 887 3881 Deo
913 3844 926 3880 :
957 3828 1226 3894 Quoniam
1257 3828 1374 3896 ipse
1402 3826 1533 3880 tnihi
1571 3826 1720 3881 dedit
1750 3841 1941 3880 eorum
1977 3842 2099 3896 qua:
2128 3836 2257 3880 sunt
2289 3826 2574 3882 scientiam
2614 3842 2797 3881 veram
2827 3844 2839 3879 :
2867 3841 2972 3880 non
3025 3835 3203 3880 tamen
3240 3841 3434 3882 omnes
3478 3828 3737 3882 similiter

463 3898 750 3968 manifeste
778 3905 872 3968 aut
901 3897 1133 3966 perfecte
1164 3906 1506 3966 cognoscunt
1536 3912 1598 3950 ea
1626 3912 1748 3967 quae
1777 3897 1960 3968 sciunt
1984 3914 2000 3968 Δε
2039 3897 2374 3968 utdicamus
2403 3898 2663 3968 quoniam
2696 3906 2825 3968 tunc
2846 3897 3063 3968 quidem
3092 3897 3325 3965 apostoli
3362 3897 3515 3968 initia
3545 3898 3741 3967 cogni-

461 3969 630 4024 tionis
657 3966 863 4021 Christi
902 3965 1192 4039 habebant,
1226 3965 1506 4039 et__exigua
1537 3965 1940 4039 cognoscebant
1963 3966 2196 4039 de_illo:
2231 3965 2628 4039 postea'autcm
2659 3965 3006 4039 profecerunt
3045 3967 3420 4039 inagnitione
3449 3965 3639 4039 ipsius,
3675 3976 3737 4023 ut

463 4044 686 4108 possent
717 4052 916 4108 capere
954 4038 1237 4091 scientiam
1272 4035 1475 4092 Chriin
1507 4035 1797 4108 revelatam
1829 4038 1931 4108 sibi
1969 4050 2000 4108 ε
2030 4035 2220 4108 Patre,
2234 4035 2721 4106 quemadmodum
2770 4035 2997 4108 Petrus,
3038 4035 3221 4108 cui_et
3266 4037 3404 4108 dixit
3436 4035 3504 4091 :1
3536 4036 3736 4093 Beatus

460 4104 544 4171 es,
579 4104 801 4170 Simon,
826 4105 953 4177 quia
984 4121 1090 4177 non
1127 4121 1256 4161 caro
1287 4117 1341 4177 e_t
1366 4107 1590 4176 sanguis
1617 4106 1873 4160 revelavit
1905 4106 2023 4167 tibi,
2062 4107 2155 4162 scd
2197 4104 2356 4162 Pater
2384 4123 2538 4162 meus
2568 4108 2659 4177 qui
2687 4114 2770 4161 est
2794 4107 2848 4161 in
2882 4106 3054 4177 uelis.
3093 4125 3111 4157 ι
3143 4104 3208 4161 Ει
3239 4107 3597 4177 bcatific_atur,
3626 4123 3737 4177 non

464 4178 640 4249 solum
675 4176 728 4249 in
759 4191 827 4232 eo
845 4174 996 4246 quod
1022 4177 1205 4249 divit:
1238 4194 1262 4249 ε
1295 4174 1374 4230 'l‘u
1404 4174 1772 4249 esChristus;
1812 4178 1963 4249 r_scd
2008 4178 2061 4230 in
2095 4192 2161 4231 eo
2198 4179 2371 4249 magis
2413 4177 2557 4247 quod
2588 4174 2804 4249 addidit
2836 4195 2849 4229 :
2882 4175 3011 4249 «:l‘u
3052 4192 3115 4231 es
3143 4177 3394 4249 Christus
3440 4175 3610 4230 Filius
3645 4175 3745 4249 fici

463 4247 594 4301 vivi.
627 4266 646 4299 ι
681 4245 898 4302 Marcus
946 4248 1091 4316 enim
1136 4255 1191 4300 et
1242 4245 1418 4302 Lucas
1458 4247 1796 4316 scripserunt
1838 4245 2056 4300 Petrum
2103 4245 2525 4316 respondent—em
2571 4247 2817 4301 dixisse:
2868 4266 2887 4297 ι
2918 4246 2959 4299 Τ
2965 4260 2996 4300 ιι
3036 4262 3097 4302 es
3139 4246 3577 4316 Christtts,mon
3594 4246 3740 4316 adji-

462 4316 669 4388 cieutcs
699 4317 843 4386 quod
870 4316 933 4388 in
968 4314 1220 4388 Matthmo
1250 4317 1488 4385 positum
1525 4314 1627 4375 est.
1653 4335 1670 4366 ι
1701 4314 1869 4372 Filius
1899 4316 1990 4369 Dei
2022 4317 2126 4370 vivi
2154 4336 2169 4383 ;
2199 4314 2223 4368 λ
2253 4329 2537 4388 pr_opterea
2568 4332 2668 4371 nec
2696 4317 3039 4386 scripserunt
3068 4316 3135 4370 ad
3160 4315 3560 4388 confessionem
3583 4314 3739 4388 Petri

463 4387 691 4457 relatam
718 4385 1150 4451 beatitudinem,
1206 4401 1381 4455 neque
1434 4387 1865 4441 benedictionun
1896 4389 2164 4442 dicentem
2193 4405 2205 4441 :
2245 4385 2265 4439 ι
2294 4385 2374 4440 Τιὶ
2408 4403 2467 4441 cs
2500 4385 2695 4441 Petrus
2739 4385 2999 4457 ct’super
3034 4387 3173 4442 hanc
3207 4395 3415 4457 petram
3459 4386 3740 4442 aedificabo

468 4455 770 4513 Ecclesiam
806 4471 1004 4519 meam,
1041 4474 1059 4507 ι
1095 4467 1150 4509 et
1182 4466 1397 4511 ctetcra.

538 4527 627 4598 ili.
656 4526 772 4598 AAut
804 4527 879 4579 ita
917 4528 1260 4598 tractandum
1290 4536 1395 4592 est,
1430 4544 1536 4581 non
1564 4527 1692 4598 quia
1726 4536 1857 4581 tunc
1888 4525 2157 4598 docebant
2195 4525 2382 4581 Jesum
2409 4541 2530 4598 esse
2559 4526 2862 4588 Christum,
2887 4534 2942 4581 et
2976 4526 3139 4598 modo
3155 4525 3420 4598 iprgccepit
3441 4524 3521 4598 eis
3557 4535 3617 4598 ut
3645 4541 3741 4576 ne-

472 4595 608 4649 mini
636 4596 842 4661 dicant;
878 4596 971 4649 sed
998 4605 1127 4651 tunc
1159 4598 1378 4667 quidem
1420 4595 1608 4652 leviter
1639 4598 1706 4652 de
1735 4612 1802 4651 co
1841 4597 2264 4662 annmdiabant,
2306 4596 2463 4667 quasi
2504 4598 2581 4667 de!
2609 4611 2804 4667 magno
2854 4605 2907 4649 et
2939 4595 3249 4663 admirabili
3278 4597 3420 4667 viro,
3456 4595 3739 4667 Christum

472 4675 655 4719 autem
682 4680 805 4720 esse
842 4681 968 4720 eum
1002 4664 1241 4722 nondu‘m
1270 4669 1691 4730 annuntiabant,
1711 4669 1804 4721 sed
1835 4667 1992 4735 quasi
2024 4668 2092 4720 ad
2134 4664 2506 4721 inductionem
2552 4664 2867 4719 Iudaeorum
2902 4667 3150 4735 quaedam
3194 4666 3405 4720 modica
3443 4666 3742 4734 praemitte-

472 4736 606 4809 hant
636 4736 703 4789 de
733 4744 915 4809 cojrut
953 4738 1269 4805 praéparatis
1295 4754 1361 4792 ex
1396 4749 1547 4809 parte
1573 4738 1784 4791 mozlica
1809 4738 1875 4789 ad
1910 4737 2240 4809 fi_dem_cjus,
2280 4747 2523 4809 tempore
2556 4745 2862 4809 opportuno
2896 4737 3057 4791 etiam
3100 4737 3202 4792 hoc
3248 4737 3740 4809 add_eretur_quod

471 4806 586 4879 ipse
611 4806 1062 4879 essctChristus;
1096 4817 1190 4862 aut
1216 4816 1363 4863 certe
1390 4805 1461 4863 ita
1494 4810 1724 4879 quaestio
1758 4818 1836 4861 est
1869 4805 2149 4879 solvenda,
2185 4817 2238 4859 ut
2263 4805 2510 4879 dicamus
2544 4808 2686 4875 quod
2718 4808 2869 4879 plura
2911 4821 3032 4879 qtth
3066 4814 3209 4879 tunc
3235 4805 3482 4879 Christus
3511 4805 3577 4859 ad
3604 4819 3742 4879 apo-

468 4872 640 4931 s'tolos
666 4877 822 4941 dixit,
859 4892 964 4929 non
1001 4887 1208 4933 tantum
1250 4880 1317 4932 ad
1349 4872 1626 4948 apostolos
1655 4878 2017 4948 pertinebant,
2051 4887 2315 4948 quantum
2350 4877 2414 4932 ad
2442 4872 2635 4931 omnes
2672 4872 2956 4948 credentes
2994 4876 3046 4929 in
3084 4876 3387 4948 Christum.
3429 4872 3539 4948 Nec
3593 4872 3742 4948 enim

469 4948 603 5017 solis
631 4948 989 5002 conveniebat
1013 4948 1276 5016 apostolis
1305 4945 1450 5017 quod
1480 4959 1564 5004 est
1588 4945 1793 5003 dictum
1821 4966 1832 5000 :
1877 4967 1894 4997 ι
1942 4947 2079 4999 Ante
2114 4947 2373 5016 prmsides
2396 4955 2450 5001 et
2486 4964 2642 5016 rcges
2673 4946 2889 5002 stabitis
2920 4955 3141 5017 propter
3172 4962 3258 5000 me
3285 4946 3340 4998 in
3365 4945 3739 5017 testimonium

472 5015 660 5087 il‘lisct
691 5018 964 5086 gentibus.
1012 5037 1029 5069 ι
1052 5015 1191 5071 item
1217 5015 1362 5087 quod
1395 5021 1471 5072 ait
1504 5038 1516 5073 :
1552 5038 1570 5069 ι
1609 5017 1810 5071 Tradct
1834 5030 2012 5072 autem
2043 5015 2210 5087 frater
2233 5019 2453 5087 fratrem
2480 5018 2533 5070 in
2555 5015 2901 5087 ’niortctn,_ct
2923 5015 3083 5087 pater
3119 5016 3313 5079 ﬁlium,
3359 5024 3413 5069 et
3458 5015 3748 5087 insurgent

473 5087 566 5158 filii
596 5085 651 5138 in
674 5084 945 5154 parentes,
979 5098 1031 5142 et
1053 5088 1108 5143 in
1146 5084 1377 5141 moi-tem
1403 5090 1622 5158 adigcnt
1647 5102 1763 5142 eos.
1800 5107 1817 5137 ι
1857 5088 1963 5158 Sed
1993 5096 2048 5141 et
2080 5086 2212 5140 illud
2251 5105 2263 5140 :
2304 5107 2332 5158 ιγ
2359 5086 2550 5141 Omnis
2578 5087 2671 5155 qui
2700 5084 2986 5158 confessus
3017 5084 3179 5158 fuerit
3212 5100 3297 5141 me
3327 5100 3509 5158 coram
3559 5085 3742 5158 homi-

473 5156 656 5218 nibus,
692 5175 717 5228 ι
741 5167 795 5210 et
820 5169 1035 5220 (vetera,
1071 5174 1179 5211 non
1210 5159 1344 5213 solis
1374 5154 1655 5228 apostolis,
1690 5157 1782 5211 sed
1810 5157 2068 5211 omnibus
2096 5157 2445 5212 credentibus
2476 5154 2620 5210 dicta
2647 5164 2794 5211 sunt.
2825 5155 3136 5228 secundum
3163 5156 3265 5211 hoc
3294 5154 3740 5228 ergodieendum

471 5226 722 5297 estquod
754 5230 1032 5295 praemissa
1061 5228 1162 5282 fuit
1188 5228 1277 5283 illa
1315 5225 1561 5282 doctrina
1589 5244 1710 5297 quae
1736 5228 1873 5281 facta
1902 5235 1986 5281 est
2015 5228 2082 5281 ad
2114 5229 2414 5297 apostolos,
2446 5235 2630 5295 postea
2653 5237 2833 5280 autem
2871 5225 3151 5297 implenda,
3179 5244 3193 5279 :
3244 5234 3305 5279 ut
3352 5225 3640 5297 videantur
3676 5238 3742 5277 ea

471 5293 691 5366 quidem
718 5293 842 5366 quia
863 5299 1119 5366 superius
1147 5299 1215 5351 dc
1236 5293 1621 5352 annuutiando'
1640 5297 2016 5366 Christosnnt
2044 5293 2185 5351 dicta
2213 5312 2242 5350 a
2265 5293 2486 5351 Christo
2504 5338 2520 5363 ,
2557 5312 2661 5349 non
2688 5298 2756 5351 ad
2781 5293 2998 5366 tempus
3020 5296 3295 5366 pertinere
3319 5294 3464 5364 quod
3492 5293 3594 5349 fuit
3617 5304 3746 5348 ante

472 5364 678 5489 Chrl‘isti
710 5364 1195 5449 resurrectionem,
1223 5369 1315 5423 sed
1342 5368 1408 5423 ad
1442 5380 1684 5437 tempora
1714 5376 1837 5437 post
1863 5365 2043 5419 fututa
2078 5382 2094 5421 :
2122 5366 2237 5420 ha'c
2268 5376 2447 5421 autem
2474 5381 2595 5436 qua:
2630 5365 2851 5421 mandat
2877 5364 2935 5419 ut
2983 5364 3187 5420 nemini
3218 5366 3423 5429 dicant,
3457 5375 3587 5419 tunc
3612 5379 3746 5433 apo-

472 5445 562 5489 sto
584 5449 633 5489 η
657 5450 972 5489 cOnvemre.

472 5436 633 5491 stolis
657 5438 972 5491 convenire.

548 5506 637 5559 Π.
668 5506 863 5561 Adhuc
882 5516 1066 5562 autem
1094 5506 1186 5577 qui
1214 5508 1331 5562 volt
1354 5516 1408 5563 et
1438 5507 1719 5563 Christum
1757 5522 1877 5561 esse
1912 5506 2262 5576 prazdicatum
2304 5506 2456 5575 prius
2483 5508 2552 5562 ab
2587 5506 2870 5575 apostolis,
2912 5504 3057 5577 dicet
3088 5502 3347 5577 quoniam
3381 5505 3572 5560 leviter
3606 5518 3749 5573 prata

476 5575 692 5631 tuittcre
722 5578 894 5631 voluit
926 5593 1021 5631 cos
1055 5575 1388 5633 mentionem
1418 5580 1658 5633 nominis
1682 5578 1789 5641 sui,
1830 5586 1888 5630 ut
1917 5575 2131 5630 interim
2166 5577 2310 5631 facto
2340 5578 2559 5631 silentio
2598 5575 3001 5645 prmdicationis
3045 5575 3360 5645 hujusmodi
3405 5577 3509 5632 hoc
3563 5577 3747 5646 ipsum

546 5695 593 5727 "
633 5695 825 5751 Matth.
861 5714 973 5762 xvr,
1010 5701 1091 5753 lli.
1169 5699 1211 5731 “
1256 5699 1387 5754 ibid.
1424 5699 1509 5754 18.
1586 5701 1631 5730 ⁵³
1674 5699 1802 5754 ibid.
1847 5714 1900 5764 κ,
1932 5696 2014 5749 IS.

2131 5698 2136 5725 '
2179 5696 2309 5750 ibid.
2336 5696 2425 5749 ΩΙ.
2505 5698 2549 5727 5‘
2592 5695 2722 5751 ibid.
2757 5696 2846 5749 32.

2231 3360 2291 3415 Ὀ
2318 3360 2373 3414 δὲ
2403 3361 2720 3432 βουλόμενος
2745 3364 2839 3415 καὶ
2868 3362 2927 3416 τὸ
2951 3362 3183 3434 Χριστὸν
3212 3360 3373 3415 αὐτὸν
3400 3354 3539 3415 εἶναι
3566 3377 3739 3431 κεκη-

552 5834 664 5903 (68)
702 5834 886 5890 Codex
919 5836 1139 5905 Regius,
1166 5836 1497 5907 λεγομένων.

2235 5836 2346 5907 (49)
2397 5836 2599 5902 Ἰδιίυς.
2644 5836 2825 5892 Codex
2860 5832 3081 5905 Regius,
3112 5834 3282 5897 ἰδίοις.
