4100 6482
398 345 536 401 10⁸2.ῗί

1353 337 1708 395 COMMENT.
1750 336 1820 391 IN
1859 335 2279 392 MATTHIEUM
2319 336 2559 394 TOMUS
2597 337 2714 393 XII.

3540 348 3680 407 1026

394 461 780 532 ἐπαισχύνεται
802 461 896 515 τὸν
927 458 1162 532 Χριστοῦ
1187 460 1438 532 σταυρὸν,
1465 458 1856 530 ἐπαισχύνεται
1880 460 1957 530 τὴε

2083 455 2400 525 triumphati
2428 466 2582 523 sunt;
2618 472 2743 512 cum
2776 473 2873 528 par
2897 460 2971 515 sit
3013 461 3234 532 gloriari
3264 461 3320 517 in
3361 476 3524 518 cruce
3559 459 3668 517 Du-

395 555 727 626 οίκονομίαν,
756 554 823 608 δι’
853 554 920 625 ἢν
952 552 1430 625 ἐθριαμϐεύθησαν
1462 553 1688 606 ἐκεῖναι·
1731 551 1848 604 δέον
1889 553 1984 605 καὶ

395 647 703 717 καυχᾶσθαι
746 648 805 700 ὲν
845 647 922 718 τῷ
969 646 1187 718 σταυρῷ
1229 645 1324 700 τοῦ
1354 645 1561 716 Κυρίου
1601 642 1760 714 ἡμῶν
1806 641 1981 714 Ἰησοῦ

394 738 653 810 Χριστοῦ,
697 739 790 792 τὸν
830 739 924 793 καὶ
973 738 1297 791 πιστεύοντα
1342 737 1436 791 καὶ
1487 735 1763 804 ἐγνωκότα
1807 735 1982 788 ταῦτα

393 829 458 882 δι’
508 824 570 884 οὗ
619 829 854 903 Χριστοῦ
908 829 1314 901 σταυρουμένου
1373 826 1450 898 τῷ
1506 826 1697 898 κόσμῳ
1747 825 1826 896 τῷ
1889 844 1981 879 πι-

396 918 636 973 στεύοντι
683 919 795 988 (57)
836 918 1330 990 ὲδειγματίσθησαν
1377 917 1472 972 καὶ
1504 916 1981 989 ὲθριαμὸεύθησαν

392 1010 450 1064 ai
482 1009 670 1081 ἀρχαὶ,
701 1011 759 1062 ὲν
792 1004 900 1074 αἷς,
933 1007 1109 1080 οἶμαι,
1150 1005 1218 1080 ἦν
1251 1009 1342 1062 καὶ
1374 1011 1402 1062 ὁ
1434 1008 1616 1080 ἅρχων
1648 1007 1745 1060 τοῦ
1783 1007 1983 1072 αἰῶνος

391 1101 604 1155 τούτου.
652 1100 872 1172 Διόπερ,
909 1101 1076 1168 ἐγγὺς
1123 1100 1414 1169 γενόμενος
1462 1099 1557 1152 τοῦ
1611 1098 1827 1163 παθεῖν,
1861 1094 1981 1151 εἷπε

390 1193 484 1245 τό*
528 1212 546 1244 ι
586 1192 702 1246 Νῦν
744 1195 772 1245 ὁ
820 1192 1003 1264 ἄρχων
1034 1191 1128 1246 τοῦ
1165 1197 1372 1263 κόσμου
1424 1191 1614 1246 τούτου
1648 1191 1919 1263 κέκριται,
1957 1210 1974 1241 ι

391 1285 517 1338 καίο
551 1304 570 1336 ι
600 1285 713 1338 Νῦν
744 1286 773 1337 ό
804 1285 987 1357 ἄρχων
1018 1284 1112 1339 τοῦ
1133 1286 1339 1355 κόσμου
1370 1284 1560 1338 τούτου
1588 1283 1980 1354 ἐκϐληθήσεται

392 1376 514 1442 ἔξω.
563 1377 673 1430 Καὶ
717 1377 811 1430 ἐὰν
859 1377 1078 1447 ὑψωθῶ,
1127 1377 1314 1447 φησιν,
1358 1377 1423 1431 ὲκ
1471 1377 1571 1448 τῆς
1614 1375 1738 1446 γῆς,
1773 1376 1981 1439 πάντας

390 1469 602 1522 ἑλκύσω
633 1470 767 1541 πρὸς
801 1470 1056 1541 ἐμαυτὸν,
1088 1489 1106 1521 ι
1147 1469 1330 1522 οὐκέτι
1363 1469 1614 1522 τοσοῦτον
1657 1469 1780 1520 ὅσον
1823 1467 1981 1521 δυνα-

393 1561 556 1632 μένου
584 1561 678 1615 τοῦ
709 1562 1010 1625 κωλῦοντος
1033 1561 1293 1634 ἔρχεσθαι
1318 1561 1456 1632 πρὸς
1486 1560 1576 1614 τὸν
1618 1556 1826 1630 Ἰησοῦν
1852 1558 1980 1622 τοὺς

389 1654 717 1725 ἑλκομένους
747 1656 840 1708 ὑπ’
877 1655 1066 1709 αὑτοῦ.

473 1745 793 1814 Ἀναγκαῖον
829 1747 926 1817 μὲν
965 1742 1058 1799 οὖν
1091 1745 1170 1816 τῷ
1197 1743 1570 1817 κηρύσσεσθαι
1609 1742 1817 1814 Ἰησοῦν
1845 1743 1979 1813 Χρι-

2087 547 2220 602 mini
2254 549 2423 602 nostri
2451 546 2581 603 Jesu
2614 549 2818 604 Christi
2849 566 2974 606 eum
3012 553 3105 622 qui
3139 555 3255 610 hazc
3288 563 3342 609 et
3389 556 3582 623 credit,
3621 568 3680 613 et

2086 641 2237 696 novit
2268 655 2364 710 per
2404 656 2565 711 quem
2619 641 2898 698 Christum
2957 643 3116 714 537
3176 648 3381 701 mundo
3431 649 3673 704 credenti

2082 732 2407 788 cruciﬁxum
2437 733 2672 788 traducti
2699 743 2828 789 sunt
2876 743 2928 792 et
2962 736 3280 804 triumphati
3303 738 3671 809 principatus,

2087 823 2140 878 in
2177 825 2396 893 quibus,
2437 834 2590 895 puto,
2621 833 2740 879 erat
2777 826 3032 896 princeps
3075 828 3257 881 saeculi
3297 828 3480 898 hujus.
3525 830 3673 898 Qua-

2083 925 2306 985 propter
2347 930 2474 969 cum
2526 916 2754 987 jamjam
2813 933 3078 987 passurus
3129 928 3298 983 esset,
3355 920 3494 975 dixit
3550 921 3595 953 ”
3653 940 3668 977 :

2090 1025 2108 1055 ι
2173 1005 2328 1062 Nunc
2384 1007 2639 1079 princeps
2699 1014 2888 1064 mundi
2947 1010 3111 1080 hujus
3166 1011 3445 1080 judicatus
3499 1022 3602 1077 est,
3644 1033 3666 1068 ι

2083 1107 2136 1152 et
2170 1099 2214 1129 “
2253 1117 2266 1152 :
2321 1119 2340 1151 ‹
2385 1097 2540 1155 Nunc
2579 1103 2831 1172 princeps
2877 1102 3067 1156 mundi
3115 1102 3278 1171 hujus
3309 1103 3556 1174 ejicietur
3583 1104 3671 1160 fo-

2084 1206 2208 1258 ras;
2242 1191 2361 1246 etsi
2391 1193 2664 1246 exaltatus
2705 1193 2880 1258 fuero,
2923 1193 3121 1263 inquit,
3182 1211 3212 1248 a
3265 1205 3429 1259 terra,
3485 1197 3666 1250 omnia

2085 1281 2296 1335 traham
2321 1282 2387 1335 ad
2424 1283 2716 1350 mcipsum,
2757 1302 2775 1333 ι
2815 1297 2921 1337 non
2963 1282 3076 1350 jam
3135 1284 3371 1353 amplius
3416 1292 3564 1337 tanta
3615 1284 3666 1338 vi

2082 1374 2322 1442 pollente
2367 1390 2434 1429 eo
2484 1376 2577 1442 qui
2630 1375 2958 1444 impediebat
3014 1376 3309 1446 quominus
3361 1375 3428 1430 ad
3478 1374 3665 1432 Jesum

2082 1462 2246 1527 irent,
2279 1465 2372 1534 qui
2405 1467 2757 1521 trahebantur
2786 1466 2853 1521 ab
2885 1466 3002 1522 illo.

2154 1751 2241 1806 19.
2273 1751 2353 1806 Ad
2385 1753 2436 1806 id
2469 1753 2632 1821 igitur
2659 1760 2716 1806 ut
2741 1751 2992 1807 Christus
3022 1751 3323 1820 nuntietur,
3351 1753 3662 1808 necessario

390 1835 537 1902 στδν,
565 1837 978 1909 ἐσταυρωμένον
1003 1835 1373 1909 κηρύσσεσθαι
1401 1836 1562 1889 αὐτόν
1585 1851 1599 1866 ο
1632 1835 1728 1888 καὶ
1756 1835 1854 1904 οὐχ
1884 1833 1957 1887 οὓς

2081 1841 2312 1909 pertinet
2340 1850 2398 1895 ut
2422 1819 2716 1896 cruciﬁxus
2747 1842 3047 1896 nuntietur.
3072 1840 3182 1896 Nec
3214 1819 3321 1896 tam
3352 1843 3482 1896 mihi
3513 1842 3660 1897 defe-

386 1944 496 1992 τως
525 1927 740 1991 ἐλλιπὲς
769 1924 909 1981 εἶναί
941 1945 1033 1999 μοι
1077 1927 1326 1996 φαίνεται
1357 1926 1417 1980 τὸ
1460 1924 1668 1998 Ἰησοῦν
1712 1920 1851 1978 εἶναι
1883 1926 1974 1980 τὸν

2079 1929 2281 1982 clivum
2329 1945 2449 1984 esse
2495 1931 2708 1985 videtur
2744 1929 2931 1986 Jesum
2978 1945 3101 1985 csse
3141 1929 3441 1996 Christum,
3493 1934 3660 1988 tacito

1624 2066 1852 2123 VETUS
1892 2067 2476 2123 INTERPRETATIO.

388 2184 607 2259 traham
645 2186 826 2259 adAme
853 2202 1031 2257 Ipsum
1067 2206 1081 2242 :
1117 2206 1134 2240 ι
1179 2186 1428 2259 videlicet
1461 2185 1573 2254 jam
1601 2201 1711 2259 non
1740 2195 1958 2259 tantum
1989 2197 2254 2256 quantum
2296 2193 2510 2255 poterat
2550 2185 2704 2256 prius
2743 2195 2961 2257 potente
3012 2187 3276 2258 principe,
3317 2190 3410 2259 qui
3443 2191 3657 2246 vetabat

387 2250 573 2309 venire
600 2257 671 2326 _a_d
695 2250 974 2312 Christum
1006 2273 1102 2312 eos
1133 2257 1229 2326 qui
1257 2250 1618 2311 trahebantur
1645 2256 1879 2326 abipso.

465 2326 556 2400 19.
599 2323 918 2381 Necessaria
947 2345 1078 2396 ergo
1125 2323 1211 2382 res
1255 2335 1338 2400 est
1383 2326 1668 2400 [medicari
1714 2323 1993 2400 Christum
2024 2324 2209 2400 Iesum
2254 2325 2576 2400 cruciﬁxum
2608 2345 2622 2380 :
2656 2325 2849 2400 inutile
2889 2336 3069 2400 autem
3097 2337 3179 2384 est
3207 2329 3398 2400 ipsum
3429 2332 3652 2400 quidem

387 2395 709 2462 przedicarc,
737 2411 956 2452 crucem
995 2394 1177 2452 autem
1223 2397 1342 2466 ejus
1369 2394 1568 2453 tacere.
1620 2395 1684 2451 Et
1708 2411 1816 2451 non
1860 2398 1940 2452 sic
1963 2396 2175 2452 inutilis
2198 2397 2331 2452 mihi
2357 2396 2574 2452 videtur
2601 2395 2697 2466 qui
2723 2394 2910 2451 Iesum
2945 2399 3164 2467 quidem
3193 2394 3474 2456 Christum
3499 2403 3652 2469 dicit,

1018 2520 1062 2551 ‘°
1086 2519 1215 2574 ibid.
1252 2535 1352 2585 xu,
1374 2518 1434 2573 5|
1451 2561 1464 2586 ,
1484 2518 1574 2574 '52.

453 2637 565 2710 (57)
618 2641 695 2694 Δι’
736 2637 808 2698 οὗ
849 2643 1109 2711 Χριστοῦ
1145 2643 1600 2711 σταυρουμένου
1637 2640 1718 2707 τῷ
1757 2643 1961 2711 κόσμῳ

383 2712 748 2782 ﬁeretﬁeret.
792 2712 1055 2782 Origenes
1106 2714 1243 2767 infra
1289 2714 1343 2765 in
1380 2711 1692 2766 Mattlueum
1731 2729 1821 2774 xx,
1864 2716 1957 2768 ‘28.

396 2778 739 2855 Ἐχτεόήμησε
783 2778 1002 2855 γὰρ’τῷ
1043 2782 1190 2852 γένει
1245 2782 1356 2855 τῶν
1398 2782 1698 2854 ἀνθρώπων
1731 2782 1790 2852 (ό
1837 2783 1962 2855 rte;

381 2849 496 2924 τοῦ-
538 2849 884 2924 ἀνθρώπου),
917 2849 1365 2924 ἵναγδιακονήσῃ,
1417 2849 1515 2906 καῖ
1553 2855 1667 2924 ίὲπὶί
1709 2849 1962 2924 τοσοῦτον

381 2918 574 3002 όδεύσῃ
617 2918 877 3002 όίακονῷν
915 2923 1074 3002 ἡμῶν
1225 2918 1488 3002 σξιιιπὲῂρίςξι2
1533 2923 1610 2986 ὡς
1652 2921 1834 3002 δοῦναι
1863 2927 1961 2995 τὴν

384 2989 576 3065 ἑαυτοῦ
603 2991 794 3065 ψυχὴν
817 2989 1009 3064 λύτρον
1037 2989 1398 3065 animum
1423 2989 1529 3065 τῶν
1555 2989 1960 3065 πιστευσάντων

383 3060 462 3122 είς
490 3060 809 3116 αὑτόνίκαὶ
848 3060 929 3127 εἰ,
961 3063 1081 3118 καθ’
1127 3064 1402 3127 ὑπόθεσιν,
1438 3063 1638 3127 πάντες
1678 3063 1960 3119 ἐπίστευον

456 2515 502 2548 ⁶⁹
522 2515 681 2573 Joan.
714 2534 826 2584 xw,
849 2519 936 2573 12.

2067 2638 2306 2709 spiratze,
2353 2637 2418 2692 ad
2449 2653 2720 2709 summam
2752 2646 2916 2708 atque
2958 2647 3215 2692 aeternam
3258 2640 3490 2692 salutem
3529 2655 3650 2709 spe-

2070 2708 2302 2763 cialibus
2345 2708 2623 2762 beneﬁciis
2656 2709 3004 2776 provehatur.
3045 2727 3062 2758 ›
3114 2709 3418 2762 nouitatem
3465 2708 3646 2764 autem

2069 2789 2123 2834 et
2159 2794 2402 2833 amorem
2434 2777 2527 2832 Dei
2562 2793 2687 2846 erga
2713 2793 2791 2843 se,
2826 2793 2931 2831 non
2963 2787 3082 2832 ortu
3121 2787 3328 2832 tantum
3362 2788 3417 2833 et
3448 2795 3647 2837 occasu

2069 2850 2222 2911 solis,
2257 2864 2364 2901 non
2400 2858 2704 2917 temporum
2747 2849 3070 2912 mutatione,
3121 2864 3228 2902 non
3271 2849 3416 2903 aeris
3454 2859 3507 2904 ct
3535 2851 3648 2906 ele-

2069 2929 2387 3000 ηιιιιιιοτιιιιι
2411 2935 2512 3000 lli“
2544 2919 2856 3000 universum
2888 2934 3059 3000 genus
3090 2919 3390 3000 humanum
3425 2935 3604 3000 expert
3637 2953 3648 2963 -

2067 2999 2176 3052 tur,
2213 2998 2271 3042 ut
2301 2990 2415 3042 vult
2450 2987 2636 3042 Eslius
2664 3006 2675 3040 :
2706 2987 2907 3057 alioqui
2941 3003 3048 3041 non
3079 3006 3098 3038 ι
3122 2987 3371 3042 Salvator
3397 2987 3642 3045 omnium

2071 3060 2353 3113 hominum
2379 3077 2398 3111 ι
2454 3060 2738 3121 duntaxat,
2784 3061 2875 3112 sel
2903 3059 3066 3112 etiam
3110 3058 3360 3112 Salvator
3397 3062 3642 3115 omnium

383 3129 463 3206 τίς
491 3131 689 3206 αὑτὸνΔ
717 3126 938 3206 δεδώκει
965 3133 1030 3188 ἂν
1061 3134 1161 3206 τὴν
1197 3133 1372 3206 ψυχὴν
1410 3133 1574 3206 αὐτοῦ
1607 3126 1801 3206 λῦτρον
1840 3135 1957 3188 ἀντὶ

2069 3131 2278 3206 olerum
2331 3136 2385 3182 ct
2437 3132 2703 3206 pecudum
2748 3126 2905 3206 Deus.
2939 3129 3064 3206 jure
3109 3129 3214 3182 diei
3252 3137 3436 3198 queat.
3483 3128 3642 3206 Quod

382 3199 618 3276 πάντων.
650 3200 837 3276 Ει-Ιίι).
871 3221 896 3276 t_
919 3217 1087 3276 contr.
1118 3199 1239 3276 1:41;
1266 3199 1447 3276 έθᾹρα-
1465 3205 1572 3274 γὰρ
1605 3199 1826 3276 εῦλογον
1870 3207 1960 3260 τὸν

382 3270 629 3359 τοσαῦτα..
640 3274 669 3326 ὑ
678 3273 780 3359 πὲρ
804 3272 908 3359 τοῦ.
927 3274 1116 3359 γένους
1141 3275 1248 3328 τῶν
1261 3270 1584 3359 ..ανθρώπων
1595 3270 1956 3359 τοὶλμήεαντα,

387 3341 494 3426 ἵνα,
521 3343 726 3426 ctisqu
747 3341 832 3397 ἐπ’
851 3341 1026 3426 αὐτῷ,
1044 3346 1241 3408 πάντες
1261 3341 1518 3426 ’Ἑλλήνες
1540 3345 1642 3426 καὶ.
1669 3341 1843 3426 βάρδοι
1853 3363 1955 3418 ροι,

383 3411 563 3486 κρίσιν
589 3413 736 3486 θείαν
763 3411 1252 3486 προσδοκήσαντες.
1281 3411 1556 3486 ἀποστῶσι
1587 3411 1685 3486 μὲν
1711 3411 1812 3486 τίῆς
1852 3411 1956 3469 κα-

384 3484 528 3556 κίας,
559 3485 738 3556 πάντα
768 3484 824 3538 δὲ
857 3484 1165 3556 πράττωσιν
1195 3485 1540 3556 ἀρεσκόντως
1571 3485 1648 3556 τῷ
1684 3484 1792 3537 τῶν
1821 3486 1959 3540 ὅλων

382 3538 731 3635 Δημιουργῷ,
751 3538 1066 3635 ,παράδοξον
1103 3556 1200 3626 μὲν
1227 3538 1536 3635 ἐσχηκέναί
1557 3538 1799 3635 γένεσιν,
1847 3538 1955 3609 mi;

385 3624 492 3706 9‘th
643 3624 908 3706 γενέσεων
966 3624 1436 3706 παράνομῳρέᾴτηγ
1488 3625 1584 3706 κςιι)Ζ
1635 3625 1954 3706 αἰσχίστην;

384 3693 487 3759 Qui
513 3692 802 3766 Origeuem
852 3692 1121 3752 haereseos
1166 3692 1197 3751 a
1236 3692 1454 3766 Pelagio
1502 3695 1697 3749 deinde
1731 3692 1957 3751 instau-

383 3773 515 3819 rata;
545 3780 611 3819 ac
648 3775 960 3836 propagatae
995 3777 1295 3836 auctorem
1320 3766 1490 3821 fuisse
1521 3766 1732 3836 volunt,
1783 3782 1953 3833 agno-

382 3842 538 3907 scant
568 3848 694 3891 eum
724 3835 809 3890 his
832 3835 1024 3907 Saltem
1058 3837 1192 3891 locis
1217 3852 1245 3889 a
1274 3835 1775 3907 Pelagiiidoetrina,
1803 3852 1954 3893 rece-

380 3905 537 3975 dere;
563 3920 705 3975 eum
737 3906 802 3960 ad
838 3906 889 3960 id
920 3905 1429 3974 prtedestinatoruni
1467 3906 1662 3975 dogma
1685 3907 1845 3975 valde
1885 3909 1953 3960 ab

383 3974 472 4028 illa
519 3974 805 4029 dissonum
833 3976 1000 4030 verbo
1051 3986 1212 4032 tenus
1254 3977 1498 4042 accedat,
1528 3974 1640 4044 quo
1670 3974 1949 4032 Christum

384 4059 480 4112 pro
516 4044 791 4115 aliquibus
825 4045 1091 4100 duntaxat
1136 4046 1471 4112 hominibus,
1510 4061 1618 4099 non
1650 4059 1750 4114 pro
1773 4049 1950 4100 omni.

383 4117 485 4169 bus
511 4123 566 4169 et
589 4115 820 4185 singulis
849 4116 1170 4185 sanguinem
1207 4117 1413 4172 fudisse
1443 4115 1774 4172 seisccbant.
1826 4115 1948 4172 Dixi

382 4186 548 4239 verbo
599 4195 760 4241 tenus
818 4185 1130 4242 accedere:
1184 4203 1369 4241 revera
1426 4186 1570 4240 enim
1622 4185 1946 4242 catholicam

381 4257 542 4309 verba
573 4257 705 4328 hac,
725 4257 1064 4328 probamque
1093 4258 1416 4328 sententiam
1446 4255 1745 4328 continent,
1776 4272 1949 4328 coque

381 4334 510 4379 sunt
540 4325 859 4396 explicanda
892 4325 1054 4382 modo
1084 4344 1192 4396 quo
1228 4329 1342 4382 haec
1373 4325 1532 4381 Joan.
1565 4341 1647 4390 ιιι,
1675 4325 1773 4379 16ε
1807 4345 1824 4377 ι
1859 4325 1950 4384 Sic

380 4397 525 4450 enim
551 4395 694 4450 Deus
720 4396 909 4452 dilexit
957 4395 1245 4461 mundum,
1285 4407 1343 4451 ut
1369 4396 1564 4450 Filium
1611 4411 1773 4449 suum
1827 4399 1949 4452 uui-

381 4467 854 4556 geuitum_daret,
900 4477 960 4556 ut
999 4469 1179 4556 omnis
1217 4469 1308 4556 qui
1349 4469 1520 4522 credit
1563 4467 1631 4556 ξι)1
1659 4481 1809 4548 eum,
1837 4484 1942 4556 non
1979 4502 2021 4556 ο

399 4546 584 4599 iereat,
629 4538 724 4591 sed
762 4537 956 4592 habeat
991 4538 1158 4592 vitam
1205 4535 1485 4592 aeternam.
1517 4555 1536 4588 ι
1587 4535 1724 4589 Huic
1761 4546 1940 4592 autem

413 4621 536 4662 oan.
569 4607 689 4662 loco
734 4608 908 4662 lucem
943 4607 1098 4663 aﬁert
1137 4610 1274 4662 alter
1320 4609 1408 4662 ille
1435 4606 1610 4672 Pauli,
1644 4605 1832 4662 lTim.
1867 4624 1940 4673 iv,

381 4675 532 4747 170:1
561 4675 698 4744 Quia
750 4678 1091 4746 speravimus
1140 4679 1194 4732 in
1243 4677 1412 4732 Deum
1464 4677 1668 4738 vivum,
1721 4679 1814 4747 qui
1863 4688 1947 4733 est

381 4745 630 4802 Salvator
673 4745 918 4802 omnium
965 4749 1273 4811 hominum,
1329 4747 1566 4801 maxime
1618 4745 1876 4801 ﬁdelium.
1919 4766 1938 4800 ι

378 4817 509 4888 Quae
539 4832 650 4887 quo
677 4832 842 4873 sensu
876 4819 1186 4888 usurpanda
1217 4819 1354 4884 sint,
1389 4817 1648 4888 praeclare
1693 4827 1745 4871 et
1791 4818 1946 4872 lucu-

380 4886 564 4941 lenter
602 4889 825 4958 exponit
872 4886 1125 4958 Prosper,
1176 4905 1270 4943 seu
1323 4886 1576 4958 quisquis
1622 4897 1820 4958 auctor
1848 4897 1946 4958 est

377 4958 557 5025 cperis
589 4955 863 5014 De'vocat.
889 4955 1054 5028 gent},
1075 4959 1306 5028 gcap.5i.
1343 4955 1594 5020 iGratia,
1619 4957 1814 5028 inquit,
1847 4955 1942 5012 Dei

376 5027 630 5082 omnibus
653 5027 964 5084 hominibus
993 5027 1165 5084 adfuit
1191 5029 1528 5098 providentia
1555 5027 1773 5097 quidem
1803 5029 1943 5097 pari,

375 5107 430 5151 et
455 5099 694 5153 bonitate
722 5101 983 5168 generali,
1013 5101 1107 5154 sed
1137 5099 1458 5154 multimodo
1487 5113 1668 5168 opere,
1701 5098 1944 5168 diversa-

378 5183 485 5236 que
530 5166 810 5222 mensura.
859 5167 1130 5237 Quoniam
1159 5171 1272 5224 sive
1299 5166 1538 5232 occulte,
1561 5169 1678 5223 sive
1709 5166 1943 5222 manife-

377 5248 480 5309 ste,
519 5238 633 5308 ipse
661 5247 776 5303 est,
821 5241 1200 5309 utApostolus
1249 5240 1346 5303 ait,
1392 5237 1642 5293 Salvator
1695 5239 1939 5292 omnium

374 5308 682 5374 hominum,
713 5308 963 5364 maxime
990 5309 1248 5364 ﬁdelium.
1285 5309 1418 5375 Quae
1460 5309 1725 5364 sententia
1768 5309 1943 5364 subti-

375 5377 598 5432 lissimas
633 5380 934 5444 brevitatis,
963 5389 1017 5434 et
1047 5381 1365 5434 validissimi
1411 5379 1643 5441 roboris,
1688 5380 1735 5434 si
1783 5391 1934 5433 trau-

374 5448 546 5517 quillo
573 5451 951 5504 consideretur
981 5450 1199 5515 intuitu,
1235 5459 1402 5504 totam
1435 5449 1573 5502 hanc
1601 5447 1670 5502 de
1701 5463 1806 5518 qua
1834 5449 1942 5518 egi-

377 5533 502 5572 mus
531 5520 954 5576 controversiam
987 5521 1192 5575 dirimit
1219 5538 1231 5572 :
1259 5519 1490 5575 dicendo
1518 5518 1662 5574 enim
1691 5537 1704 5572 :
1731 5520 1836 5584 Qui
1862 5529 1941 5572 est

375 5587 621 5643 Salvator
661 5592 896 5644 omnium
925 5591 1214 5654 hominum,
1248 5590 1590 5645 continuavit
1643 5591 1936 5644 bonitatem

379 5659 472 5713 Dei
505 5673 672 5729 super
697 5659 980 5715 universos
1006 5660 1252 5717 homines
1281 5675 1405 5716 esse
1431 5659 1736 5729 generalem
1765 5675 1778 5710 :
1805 5658 1937 5728 adji-

376 5728 780 5784 eiendo'autem
801 5770 817 5794 ,
858 5733 1086 5782 maxime
1111 5729 1368 5798 ﬁdelium,
1399 5728 1632 5784 ostendit
1662 5743 1786 5784 esse
1811 5743 1934 5797 par-

381 5809 486 5854 tem
517 5799 734 5871 generis
764 5801 982 5852 humani
1016 5815 1138 5869 qum
1181 5801 1374 5855 merito
1403 5798 1524 5854 ﬁdei
1552 5798 1810 5854 divinitus
1845 5798 1898 5852 in

2065 3215 2188 3254 cum
2231 3201 2471 3266 ineptum
2513 3199 2584 3251 sit
2622 3208 2675 3250 et
2708 3199 3116 3266 perridiculum,
3152 3215 3218 3253 eo
3246 3202 3643 3256 recurrentium

2061 3281 2144 3323 est
2175 3278 2233 3324 ut
2268 3270 2534 3322 fateamur
2564 3269 2732 3321 Deum
2765 3269 3022 3322 omnibus
3053 3272 3279 3324 omnino
3306 3270 3641 3333 hominibus,

2065 3342 2157 3394 sed
2189 3342 2508 3407 prmsertim,
2539 3347 2592 3392 et
2621 3340 2893 3408 praecipuo
2924 3340 3159 3407 quodam
3191 3341 3351 3391 modo
3384 3339 3639 3396 ﬁdelibus

2067 3411 2295 3462 salutem
2335 3418 2592 3461 :eternam
2637 3419 2844 3476 optare,
2889 3409 3064 3478 deque
3093 3424 3156 3462 ea
3195 3411 3278 3463 his
3312 3409 3639 3466 conferenda

2060 3480 2356 3532 sollicitum
2393 3479 3027 3552 esse,_quemadn‘mdum
3059 3480 3262 3552 optime
3291 3481 3448 3533 dat-et
3473 3481 3640 3552 Chry-

2060 3559 2336 3604 sostomus
2363 3564 2386 3618 :_
2411 3547 2510 3612 Ὃς
2538 3548 2694 3618 ἐστι.
2726 3548 2880 3618 φησὶ,
2925 3548 3130 3616 Σωτὴρ
3163 3549 3426 3612 πάντων,
3454 3547 3635 3617 μάλὲ-

2057 3635 2175 3672 στα
2203 3615 2767 3691 πιστῶίιιητουτέστι,
2792 3615 3050 3691 ’στλείονα
3085 3615 3321 3689 σπουδὴν
3355 3615 3481 3691 περὶ
3509 3622 3637 3685 τοὺς

2057 3691 2283 3751 πιστοὺς
2340 3687 2689 3740 ἐνδείκνυται.
2741 3705 2758 3737 ι
2804 3688 2910 3750 Qui
2960 3700 3072 3752 est,
3126 3687 3329 3757 inquit,
3384 3687 3636 3744 servator

2056 3761 2312 3823 omnium,
2346 3758 2578 3810 maxime
2617 3757 2876 3826 ﬁdelium,
2912 3759 3012 3812 hoc
3049 3768 3152 3822 est,
3192 3760 3454 3827 majorem
3484 3763 3631 3814 circa

2055 3829 2241 3883 ﬁdeles
2291 3827 2712 3882 sollicitudinem
2743 3828 3002 3897 ostendit.
3039 3847 3057 3880 ι
3105 3830 3242 3881 Cum
3295 3844 3426 3897 ergo
3471 3829 3634 3882 Chri-

2056 3908 2199 3952 stum
2232 3899 2436 3951 mundo
2467 3897 2708 3951 credenti
2735 3907 2789 3951 et
2816 3896 2958 3950 ﬁdeli
2986 3898 3311 3952 cruciﬁxum
3342 3896 3465 3952 esse
3493 3900 3634 3954 dixit

2053 3966 2336 4039 Origenes,
2368 3967 2514 4039 hunc
2544 3965 2702 4021 eﬁ‘usi
2749 3968 3032 4039 sanguinis
3083 3969 3168 4022 sui
3191 3968 3466 4039 beneﬁcio
3495 3984 3631 4039 pau-

2053 4037 2491 4102 cos‘nonnullos,
2515 4050 2719 4104 eosque
2745 4037 3025 4092 credentes
3057 4038 3336 4106 speciatim
3363 4037 3628 4094 demereri

2055 4108 2295 4164 voluisse
2348 4107 2670 4177 intelligito;
2744 4108 2836 4161 sed
2894 4109 2966 4161 ita
3020 4116 3242 4167 tamen,
3295 4118 3354 4161 ut
3403 4109 3629 4176 reliquis

2052 4179 2216 4232 etiam
2262 4178 2684 4248 quibuscunque
2719 4185 2897 4248 morte
2935 4192 3035 4231 sua
3078 4179 3376 4248 generatim
3412 4181 3630 4232 consul-

2052 4257 2166 4302 tum
2199 4246 2321 4303 esse
2359 4248 2624 4312 voluerit;
2667 4247 2758 4316 qui
2792 4247 2835 4299 si
2887 4246 2940 4299 in
2979 4247 3203 4316 perﬁdia
3239 4262 3337 4301 sua
3373 4263 3627 4316 perseve-

2054 4328 2238 4372 rantes
2288 4319 2518 4388 gratiam
2563 4317 2713 4388 hanc
2757 4319 3131 4388 pessunidant,
3172 4332 3237 4371 ac
3265 4333 3363 4387 pro
3394 4318 3628 4372 ludibrio

2052 4387 2357 4456 liabcut,’si
2404 4407 2422 4440 ι
2461 4387 2685 4442 verbum
2715 4389 2895 4441 erucis
2938 4387 3072 4455 ipsis
3104 4388 3456 4456 pereuntibus
3488 4390 3628 4443 stul-

2054 4459 2173 4512 titia
2203 4468 2316 4522 est,
2348 4477 2366 4509 ιι
2416 4457 2643 4512 crimine
2677 4472 2778 4509 suo
2807 4457 3012 4510 Christi
3051 4472 3268 4510 crucem
3300 4457 3478 4511 fructu
3521 4474 3624 4513 suo

2047 4537 2100 4582 et
2122 4529 2312 4583 eﬁ‘ectu
2343 4543 2557 4582 cassam
2591 4526 2843 4590 reddunt,
2873 4535 3036 4596 atque
3063 4529 3134 4581 ita
3161 4529 3266 4580 illis
3296 4539 3626 4582 tevacuatur

2048 4614 2180 4652 crux
2212 4597 2446 4652 Christi:
2474 4617 2492 4648 ›
2534 4605 2928 4667 preptereaque
2956 4600 3307 4661 damnantur,
3344 4614 3451 4651 non
3477 4601 3624 4667 quod

2047 4667 2300 4723 Christus
2320 4683 2418 4736 pro
2437 4668 2569 4736 ipsis
2585 4682 2692 4719 non
2717 4665 2931 4728 obierit,
2969 4668 3060 4721 sed
3090 4669 3233 4736 quod
3255 4683 3362 4721 non
3387 4665 3626 4723 credide-

2047 4740 2190 4792 rint:
2223 4757 2242 4789 ι
2272 4737 2375 4804 Qui
2404 4741 2548 4792 enim
2577 4751 2689 4791 non
2717 4737 2891 4791 credit
2917 4737 3331 4808 jamjudicatus
3358 4748 3462 4808 est,
3493 4744 3621 4808 quia

2049 4824 2156 4863 non
2183 4810 2356 4864 credit
2379 4808 2432 4861 in
2463 4809 2684 4861 nomine
2712 4808 2973 4877 unigeniti
3000 4807 3123 4862 Filii
3150 4806 3263 4862 Dei.
3297 4826 3315 4853 ι
3344 4806 3618 4873 δοκηζιιι,

2047 4879 2136 4933 18.
2169 4879 2282 4932 Hac
2310 4879 2557 4932 doctrina
2597 4875 2839 4932 imbutus
2873 4875 3135 4947 Ot'igeties
3169 4878 3239 4930 ita
3268 4878 3488 4945 scripsit
3520 4879 3616 4933 lib.

2043 4964 2119 5003 vn
2150 4951 2203 5003 in
2226 4949 2398 5018 Epist.
2433 4950 2502 5002 ad
2527 4947 2790 5001 Romanos
2810 4965 2830 5002 :
2858 4965 2875 4998 ι
2905 4946 3108 5002 Tamen
3139 4948 3284 5018 qu_od
3315 4957 3369 5000 et
3397 4948 3485 5002 ille
3519 4963 3620 5018 pro

2047 5018 2230 5090 impiis
2266 5016 2515 5074 mortuus
2541 5027 2653 5090 est;
2689 5019 2769 5073 sic
2800 5019 2944 5090 enim
2968 5027 3025 5090 et
3058 5020 3174 5086 ipse
3200 5016 3403 5072 Paulus
3425 5016 3620 5090 postea--

2043 5087 2280 5145 ditﬁcum
2311 5090 2444 5144 dicit
2481 5105 2495 5141 :
2537 5087 2722 5140 Adhuc
2765 5088 2906 5141 enim
2951 5087 3218 5152 Christus,
3259 5104 3376 5140 cum
3415 5089 3616 5157 inﬁrmi

2043 5175 2294 5225 essemus,
2340 5161 2625 5214 secundum
2669 5167 2871 5225 tempus
2896 5175 2991 5227 pro
3023 5159 3199 5228 impiis
3231 5167 3469 5210 mortuus
3500 5169 3616 5214 est:

2043 5239 2268 5286 sanctus
2294 5231 2440 5285 enim
2470 5230 2707 5300 Spiritus
2734 5243 2839 5300 non
2865 5244 2962 5297 pro
2996 5230 3178 5300 impiis
3203 5228 3328 5300 jani
3355 5228 3615 5300 interpel-

2041 5301 2138 5365 lat,
2193 5301 2288 5356 sed
2335 5316 2432 5370 pro
2479 5297 2707 5355 sanctis.
2737 5317 2761 5352 ι
2803 5297 2956 5370 Quod
3001 5297 3084 5353 ait
3115 5301 3180 5352 de
3220 5297 3615 5370 suﬁ‘ragatione

2041 5372 2214 5427 sancti
2247 5367 2504 5441 Spiritus,
2542 5370 2724 5441 itidem
2750 5369 3144 5441 _aecipiendum
3174 5377 3258 5421 est
3288 5367 3516 5441 utquod
3536 5367 3612 5441 _de

2041 5441 2161 5495 Filii
2190 5435 2361 5496 morte
2390 5435 2626 5508 scripsit.
2663 5436 2767 5492 Sed
2795 5435 2987 5508 vereor
3019 5453 3086 5491 ne
3119 5438 3232 5490 haec
3263 5451 3292 5488 e
3323 5435 3613 5508 Ruﬁni‘in-

2041 5512 2292 5581 tet-prelis
2333 5504 2544 5581 oﬁiciua
2575 5508 2892 5576 prodierint.
2918 5506 3073 5581 _Cave
3108 5520 3244 5581 ergo
3276 5520 3339 5581 ex
3375 5505 3459 5558 bis
3487 5504 3612 5559 Ori-

2040 5575 2194 5651 geiiis
2231 5581 2364 5636 locis
2393 5575 2695 5651 subsidium
2727 5578 2932 5651 arcessi
2959 5591 3120 5644 posse
3161 5575 3441 5651 existimes
3473 5590 3602 5630 sca-

2041 5644 2226 5707 tentiae‘
2267 5651 2395 5705 huic
2449 5663 2572 5719 qua:
2619 5647 2898 5719 Christum
2949 5660 3048 5719 pro
3099 5644 3608 5719 pnedestinatorum

2039 5721 2434 5787 tantummodo,
2467 5714 2553 5774 'vel
2589 5725 2735 5773 certe
2759 5716 3096 5770 credentium
3123 5714 3298 5770 salute
3330 5723 3608 5772 mortuum

2036 5806 2159 5846 csse
2186 5794 2520 5862 pronuntiat.
2552 5787 2809 5842 "UE'I‘IUS.
