4100 6438
460 336 590 391 1027

1919 312 2246 373 ORIGEN‘IS

3584 315 3725 371 i029

449 460 635 528 aliquo
678 470 744 510 ex
798 453 918 523 ejus
966 446 1244 519 prodigiis,
1295 458 1459 514 quam
1511 442 1864 498 rrucilixione
1909 441 2029 508 ejus

2134 433 2389 505 Χριστὸν,
2446 434 2801 503 σιωπωμὲνου
2856 433 2999 496 τινος
3040 433 3150 486 τῶν
3200 431 3378 486 ἄλλων
3422 434 3727 504 τεραστίων

456 553 680 607 silentio
732 546 1116 619 praetermissa.
1191 540 1396 595 Idcirco
1451 537 1792 607 prospiciens
1850 542 1913 587 ut
1964 533 2033 586 ab

452 643 718 712 apostolis
763 638 1057 710 perfectius
1098 634 1523 704 prmdicarentur
1551 645 1676 699 quae
1716 628 1782 681 ad
1819 640 1879 680 se
1905 640 2033 696 per-

454 735 729 794 tinebant,
772 727 1074 797 Lprarcepit
1117 722 1400 791 discipulis
1445 721 1562 775 suis
1608 727 1667 772 ut
1702 717 1906 773 nemini
1946 715 2032 768 di-

453 832 636 879 cerent
684 821 813 891 quia
860 820 974 888 ipse
1021 823 1169 872 esset
1190 812 1445 871 Christus
1474 813 1539 878 “,
1574 831 1592 863 ι
1625 819 1677 865 et
1711 809 1778 864 ad
1824 808 1876 863 id
1910 807 2034 862 illos

450 913 801 987 praeparavit,
856 918 916 963 ut
960 924 1019 962 se
1043 906 1324 961 Christum
1380 917 1502 958 esse
1549 900 1872 955 crueitlxttm
1913 905 1965 950 et
2001 909 2031 948 α

450 1007 683 1061 mortuis
715 1004 1038 1058 suseitatum
1066 1000 1331 1061 dicerent,
1366 1011 1490 1050 cum
1523 993 1688 1063 cmpit
1719 1006 1827 1047 non
1853 989 2029 1044 soluat

447 1099 649 1161 dicere,
697 1111 798 1150 nec
844 1094 911 1148 ad
948 1092 999 1146 id
1033 1106 1207 1160 usque
1238 1085 1616 1144 tantummodo
1648 1081 1937 1152 procedere
1974 1086 2033 1133 ut

447 1206 541 1242 eos
572 1188 816 1252 doceret,
854 1185 949 1239 sed
979 1192 1032 1238 et
1065 1202 1084 1234 ι
1117 1180 1407 1237 ostendere
1440 1177 1724 1247 discipulis
1755 1175 1870 1230 suis
1902 1173 2028 1242 quia

449 1288 725 1349 opm-teret
756 1291 881 1331 eum
923 1275 1002 1328 ire
1038 1274 1089 1326 in
1116 1270 1513 1341 Jerosolymam
1540 1270 1607 1333 “,
1643 1286 1661 1318 ι
1698 1276 1751 1321 et
1783 1281 1906 1335 quae
1938 1281 2029 1320 se-

447 1378 715 1437 quuntur.
739 1366 973 1419 Advorte
1000 1363 1145 1419 enim
1176 1360 1242 1417 ad
1269 1360 1612 1416 vocabulum.
1644 1377 1662 1408 ι
1685 1357 2023 1419 οειοιιίίενθη

449 1459 581 1527 quia
620 1453 1081 1526 quemadmodum
1122 1466 1319 1506 sensus
1369 1446 1642 1501 moventia
1687 1445 1899 1500 ostendi
1949 1445 2034 1499 di-

448 1559 670 1613 cuntur,
727 1547 797 1600 ita
846 1543 1032 1599 aJesu
1078 1541 1289 1597 ostendi
1342 1540 1602 1593 dicuntur
1653 1552 1775 1607 qua:
1825 1536 1893 1591 ab
1939 1536 2032 1590 illo

448 1637 735 1707 discipulis
762 1637 881 1704 ejus
906 1634 1053 1687 dicta
1084 1641 1230 1686 sunt.
1262 1629 1428 1700 538
1464 1626 1572 1682 Nec
1601 1623 2031 1696 unumquodque

449 1738 641 1777 eorum
675 1739 797 1792 qua:
834 1721 1005 1777 oculis
1033 1719 1378 1782 videbantur,
1416 1717 1600 1770 itidem
1646 1715 1816 1770 fuisse
1872 1731 2031 1769 mon-

2137 525 2324 585 αὑτοῦ,
2359 525 2433 587 ὡς
2468 526 2823 594 σιωπωμένου
2854 526 2946 578 τοῦ
2996 522 3135 578 εἶναι
3168 524 3331 578 αὑτὸν
3376 525 3731 598 ἐσταυρωμέ-

2136 635 2243 670 νον.
2276 618 2500 687 Διόπερ,
2542 617 2727 689 τηρῶν
2761 618 2823 669 τὸ
2861 616 3209 688 τελειοτέρως
3244 615 3587 687 κηρυχθῆναι
3625 616 3732 672 ὑπὸ

2134 707 2242 760 τῶν
2292 708 2604 761 ἀποστόλων
2660 706 2730 760 τὰ
2778 707 2903 779 περὶ
2948 707 3140 771 αὑτοῦ,
3182 727 3201 759 ι
3239 707 3571 762 διεστείλατο
3614 712 3729 774 τοῖς

2138 798 2406 868 μαθηταῖς
2438 796 2623 862 αὐτοῦ,
2660 799 2747 852 ἵνα
2779 797 2967 869 μηδενὶ
2993 798 3241 862 εἴπωσιν,
3274 800 3356 852 ὅτι
3388 799 3555 863 αὑτός
3580 801 3730 858 ἐστιν

2132 888 2162 940 ὁ
2189 888 2443 959 Χριστὸς,
2483 907 2501 940 ›
2532 890 2625 942 καὶ
2651 888 2979 960 ηὐτρέπιζεν
3004 890 3200 952 αὐτοὺς
3224 891 3423 959 λέγειν,
3455 892 3539 945 ὅτι
3563 892 3729 957 αὐτός

2133 979 2279 1030 ἐστιν
2307 978 2337 1030 ὁ
2368 978 2602 1050 Χριστὸς
2634 981 2662 1032 ὁ
2694 980 3112 1051 ἐσταυρωμένος
3135 982 3228 1035 καὶ
3257 984 3321 1035 ὲκ
3351 984 3565 1053 νεκρῶν
3596 986 3731 1040 ἀνα-

2133 1070 2283 1132 στὰς,
2317 1067 2476 1139 ἡνίκκ
2504 1070 2705 1141 ἤρξατο
2729 1071 2789 1123 οὐ
2820 1071 2979 1141 μόνον
3007 1070 3208 1139 λέγειν,
3237 1072 3357 1126 οὐδὲ
3389 1074 3495 1138 ἕως
3520 1074 3618 1129 τοῦ
3649 1075 3733 1131 δι-

2131 1157 2374 1223 δάσκειν,
2417 1160 2768 1230 προκόπτειν,
2804 1160 2939 1214 ἀλλὰ
2968 1161 3062 1214 καὶ
3102 1183 3119 1212 ι
3167 1162 3439 1216 δεικνύναι
3470 1167 3583 1230 τοῖς
3620 1184 3726 1236 μα-

2132 1253 2324 1324 θηταῖς
2370 1252 2558 1311 αὑτοῦ,
2587 1254 2668 1306 ὅτι
2711 1253 2790 1306 δεῖ
2837 1253 2999 1307 αὺτὸν
3046 1256 3126 1318 είς
3164 1254 3512 1327 Ἱεροσόλυμα
3556 1257 3729 1313 ἀπελ-

2132 1344 2265 1409 θεῖν,
2306 1364 2324 1396 ι
2361 1345 2455 1397 καὶ⁵
2493 1345 2561 1398 τὰ
2586 1344 2746 1417 ἑξῆς*
2775 1346 3011 1417 πρόσεχε
3036 1344 3146 1417 γὰρ
3195 1348 3263 1416 τῇ
3312 1366 3331 1397 ι
3370 1346 3660 1412 δεικνύειν,
3700 1367 3720 1401 ι

2131 1435 2294 1502 λέξει,
2320 1437 2422 1501 ὅτι,
2451 1437 2640 1509 ὥσπερ
2664 1436 2733 1490 τὰ
2766 1434 3000 1508 αἰσθητά
3024 1437 3334 1491 δείκνυσθαι
3366 1438 3610 1508 λέγεται,
3635 1441 3728 1494 οὖ-

2130 1545 2239 1590 τως
2265 1528 2577 1582 δείκνυσθαι
2602 1529 2817 1601 εἴρηται
2845 1529 2953 1583 ὑπὸ
2983 1528 3079 1581 τοῦ
3123 1530 3300 1601 Ἰησοῦ
3332 1530 3401 1584 τὰ
3423 1532 3528 1586 ὑπ’
3558 1531 3724 1585 αὐτοῦ

2131 1618 2402 1690 λεγόμενα
2439 1623 2554 1683 τοῖς
2591 1620 2859 1691 μαθηταῖς
2892 1618 3080 1672 αὐτοῦ.
3131 1621 3239 1673 Καὶ⁸
3283 1622 3383 1690 οὐχ
3427 1620 3600 1684 οὕτως
3642 1618 3726 1675 οἷ-

2136 1730 2235 1784 μαι
2280 1714 2392 1783 (58)
2439 1712 2705 1784 δεδεῖχθαι
2747 1716 2860 1776 τοῖς
2891 1712 3160 1784 ἑωρακόσι
3190 1713 3521 1784 σωματικῶς
3552 1713 3726 1769 πολλά

449 1822 687 1869 stratum
725 1814 789 1867 iis
830 1812 1085 1867 existimo
1118 1808 1212 1878 qui
1246 1808 1415 1862 multa
1460 1807 1607 1862 hunc
1658 1822 1689 1861 a
1720 1805 2029 1861 senioribus

2134 1805 2413 1875 πάσχοντα
2444 1805 2608 1859 αὑτὸν
2642 1805 2751 1859 ἀπὸ
2769 1803 2878 1857 τῶν
2904 1803 3295 1875 πρεσϐυτέρων
3316 1804 3410 1859 τοῦ
3440 1804 3572 1859 λαοῦ
3594 1806 3728 1859 Eata-

448 1905 634 1974 populi
666 1906 961 1974 patientem
999 1900 1355 1970 corporaliter
1389 1898 1675 1962 viderunt,
1704 1906 1764 1951 ut
1789 1896 2033 1965 discipu-

447 1997 514 2050 lis
550 1995 1039 2059 monstrationem,
1084 2006 1207 2061 quae
1251 1991 1320 2045 de
1369 2003 1432 2044 ea
1459 2004 1519 2042 re
1562 1988 1762 2043 animis
1812 1986 2029 2042 illorum

448 2086 590 2139 facta
629 2094 731 2140 est.

515 2175 606 2229 ‘20.
650 2174 807 2228 Tunc
853 2172 1076 2242 quidem
1126 2171 1294 2241 empit
1347 2170 1673 2235 ostendere;
1735 2169 2033 2224 verisimile

447 2275 531 2320 est
576 2276 756 2319 autem
805 2264 1185 2334 capaciOrilzus
1239 2264 1305 2318 iis
1346 2263 1543 2319 deinde
1599 2261 1755 2318 factis
1793 2262 2031 2332 apertius

448 2369 819 2420 monstrasse,
866 2373 974 2411 non
1005 2356 1241 2421 amplius
1290 2353 1447 2425 quasi
1498 2354 1673 2424 prima
1702 2355 2031 2409 documenta

447 2451 858 2520 capessentibus
901 2449 1190 2503 ostendere
1234 2446 1534 2515 incipiens,
1581 2447 1674 2500 sed
1713 2446 1825 2516 jam
1871 2455 1925 2499 et
1974 2447 2030 2500 in

448 2542 786 2597 ostendendo
830 2539 1184 2610 progrediens
1226 2553 1238 2589 :
1284 2553 1348 2591 ac
1398 2538 1443 2591 si
1491 2537 1688 2592 ratiOni
1740 2546 2032 2592 consenta-

446 2650 610 2688 neum
640 2642 724 2688 est
751 2634 804 2686 in
840 2633 1082 2686 animum
1117 2631 1376 2686 inducere
1407 2627 1592 2684 Jesum
1641 2630 1867 2684 omnino
1895 2629 2030 2683 illud

446 2725 742 2795 perfecisse
787 2724 932 2795 quod
969 2724 1263 2790 inchoavit,
1304 2722 1531 2777 omnino
1569 2721 1698 2775 illud
1735 2721 2029 2792 aliquando

448 2816 674 2885 perfecit
726 2817 871 2886 quod
925 2815 1211 2884 discipulis
1263 2814 1381 2869 suis
1434 2811 1730 2867 ostendere
1806 2812 2029 2882 incepit,

449 2909 517 2961 de
550 2908 618 2962 iis
650 2923 847 2977 nempe
884 2923 1005 2977 quae
1037 2907 1292 2975 patienda
1327 2904 1432 2959 sibi
1463 2921 1586 2960 esse
1617 2905 1820 2974 scripta
1849 2913 2027 2958 erant.

448 2996 679 3064 Quando
704 2997 848 3050 enim
874 2996 1169 3066 perfectam
1197 3011 1387 3051 eorum
1415 2996 1779 3066 cognitionem
1806 3011 1835 3050 a
1857 2994 2030 3051 Verbo

448 3088 726 3160 quispiam
780 3088 1021 3154 obtinet,
1081 3097 1210 3142 tunc
1254 3088 1545 3142 dieendutn
1598 3096 1681 3141 est
1729 3086 1782 3140 in
1826 3101 1891 3141 eo
1934 3086 2028 3157 qui

448 3180 808 3249 contemplari
843 3179 957 3233 hate
989 3188 1043 3233 et
1071 3178 1204 3243 vult,
1254 3187 1308 3232 ct
1341 3186 1537 3247 potest,
1573 3186 1627 3230 et
1660 3191 1850 3232 revera
1896 3192 2030 3232 con-

449 3271 768 3342 templatur,
803 3271 986 3341 pertici
1017 3270 1493 3332 monstrationem,
1532 3284 1655 3323 cum
1687 3284 1809 3339 quae
1838 3277 2028 3323 osten-

449 3364 654 3418 duntur
703 3378 860 3416 mens
886 3360 1145 3431 perspicit
1183 3374 1249 3413 ex
1291 3375 1355 3414 ea
1384 3359 1778 3415 tuonstratione
1822 3376 1943 3430 qua:
1974 3360 2029 3413 itt

447 3456 631 3509 animo
660 3455 956 3524 perficitur.
1009 3453 1460 3523 Quandoquidem
1505 3462 1686 3507 autem
1739 3472 1758 3504 ι
1793 3468 1898 3506 non
1935 3468 2027 3508 ca-

447 3545 626 3614 piebat
671 3546 990 3614 prophetam
1033 3544 1211 3613 perire
1257 3551 1411 3597 extra
1457 3540 1759 3596 Jerusalem
1783 3542 1851 3605 ⁶³,
1885 3560 1903 3593 ι
1959 3557 2026 3597 eo

2134 1914 2257 1950 στον
2286 1898 2395 1950 τῶν
2426 1897 2742 1968 ὁρωμένων,
2776 1898 2852 1961 ὡς
2875 1901 2989 1962 τοῖς
3035 1898 3307 1971 μαθηταῖς
3351 1899 3453 1970 τὴν
3497 1897 3728 1973 λογικὴν

2131 1989 2295 2057 δεῖξιν
2320 2007 2388 2042 πε
2394 1991 2449 2062 ρ).
2476 1989 2690 2043 τούτου.

2205 2168 2338 2223 Τότε
2377 2170 2475 2241 μὲν
2504 2170 2708 2241 ἦρξατο
2729 2170 3016 2225 δεικνύειν
3045 2171 3191 2235 εἰκὸς
3212 2171 3257 2225 δ’
3284 2173 3366 2225 ὅτι
3396 2172 3534 2243 μιτά
3564 2173 3727 2228 τοῦτο

2130 2263 2244 2324 τοῖς
2267 2265 2597 2333 χωρητικοῖς
2620 2263 2925 2333 γινομένοις
2956 2264 3280 2337 τρανότερον
3313 2263 3603 2327 ἐδείκνυεν,
3631 2265 3727 2318 οὐ·

2132 2355 2254 2408 κέτι
2273 2354 2348 2418 ὡς
2365 2355 2740 2425 εἰσαγομένοις
2758 2354 3059 2426 ἀρχόμενος
3077 2355 3492 2420 δεικνύναι,ἀλλ’
3506 2357 3609 2429 ήδτ,
3628 2355 3724 2411 καὶ

2133 2447 2458 2517 προκόπτων
2499 2450 2558 2501 ὲν
2589 2446 2667 2517 τῷ
2700 2446 2994 2500 δεικνύναι·
3026 2448 3119 2501 καὶ
3152 2450 3308 2520 είπερ
3334 2450 3482 2503 ἐστὶν
3504 2449 3723 2520 εῦλογον

2130 2541 2292 2603 νοεῖν,
2305 2539 2386 2589 ὅτι
2408 2538 2624 2600 πάντως
2645 2531 2815 2607 οὗπερ
2835 2535 2863 2586 ὁ
2879 2537 3489 2611 Ἰησοῦςῆρξατο,τοῦτο
3507 2540 3726 2603 πάντως

2132 2630 2263 2681 ποτὲ
2307 2628 2553 2681 ἐτέλεσεν
2593 2628 2621 2680 ὃ
2654 2628 2855 2700 ἤρξατο
2884 2628 3150 2683 δεικνύειν
3181 2631 3296 2693 τοῖς
3329 2629 3598 2702 μαθηταῖς
3625 2630 3726 2684 αὺ-

2129 2718 2246 2783 τοῦ,
2274 2736 2339 2771 πε
2349 2720 2402 2792 pi.
2425 2718 2519 2773 τοῦ
2542 2719 2653 2772 δεῖν
2681 2719 2747 2772 τὰ
2768 2720 3133 2792 γεγραμμένα
3157 2722 3320 2774 αὐτὸν
3343 2720 3555 2776 παθεῖν.
3590 2722 3722 2775 Ὅτε

2131 2811 2239 2883 γὰρ
2266 2812 2365 2885 τὴν
2401 2811 2509 2866 ἀπὸ
2537 2812 2632 2866 τοῦ
2658 2814 2831 2883 Λόγου
2864 2814 2992 2886 περὶ
3034 2815 3237 2870 τούτων
3265 2815 3478 2870 τελείαν
3521 2814 3725 2886 γνῶσιν

2132 2904 2547 2975 καταλαμϐάνει
2573 2924 2678 2970 τις,
2700 2906 2823 2960 τότε
2843 2907 3062 2960 λεκτέον
3091 2908 3202 2961 ἀπὸ
3222 2907 3445 2979 λογικῆς
3479 2908 3723 2973 δείξεως,

2131 2997 2367 3069 ὁρῶντος
2391 2997 2485 3051 τοῦ
2523 2998 2614 3053 νοῦ
2644 2999 2713 3051 τὰ
2737 2999 3083 3070 δεικνύμενα,
3121 2999 3456 3053 τελειοῦσθαι
3483 3001 3583 3074 τὴν
3613 3000 3723 3055 δεῖ·

2135 3085 2214 3151 ξιν
2255 3087 2333 3159 τῷ
2361 3087 2534 3141 ταῦτα
2561 3087 2786 3161 θεωρεῖν
2813 3092 2905 3145 καὶ
2935 3091 3260 3162 βουλομένῳ,
3294 3093 3389 3147 καὶ
3416 3092 3723 3165 δυναμένῳ,

2135 3178 2229 3232 καὶ
2269 3178 2583 3250 θεωροῦντι.
2646 3181 2798 3234 Ἐπεὶ
2838 3181 2895 3235 δὲ
2942 3200 2961 3232 ι
2997 3183 3097 3235 οὐκ
3127 3183 3405 3253 ἐνεδέχετο
3435 3183 3726 3255 προφήτην

2136 3267 2431 3322 ἀπολέσθαι
2475 3269 2581 3336 ἔξω
2618 3270 2995 3343 Ἰερουσαλὴμ,
3037 3289 3056 3321 ι
3107 3271 3383 3327 ἀπώλειαν
3429 3273 3722 3343 ἀναλογίαν

2136 3359 2364 3430 ἔχουσαν
2398 3360 2533 3432 πρὸς
2572 3361 2663 3414 τόο
2718 3379 2737 3412 ι
2788 3362 2844 3415 '0
2882 3360 3158 3426 ἀπολέσας
3184 3364 3285 3434 τὴν
3329 3363 3508 3436 ψυχὴν
3554 3362 3722 3418 αὐτοῦ

2131 3451 2316 3506 ἕνεκεν
2344 3452 2503 3523 ἐμοῦ,
2528 3453 2752 3525 εὑρήσει
2774 3454 2964 3524 αὐτὴν,
2996 3474 3014 3506 ι
3042 3455 3131 3509 διὰ
3154 3454 3312 3510 τοῦτο
3331 3455 3440 3509 ἔδει
3460 3456 3620 3511 αὐτὸν
3638 3458 3724 3521 εις

2144 3544 2488 3617 Ἱεροσόλυμα
2515 3545 2795 3610 ἀπελθεῖν,
2830 3547 2918 3600 ἵνα
2966 3546 3137 3601 πολλὰ
3166 3547 3356 3601 παθὼν
3388 3550 3447 3601 ὲν
3489 3550 3725 3615 ἐκείνοις

447 3634 668 3688 interitu
710 3634 801 3703 qui
850 3633 934 3687 his
986 3632 1415 3703 respondebat“
1466 3649 1480 3686 :
1529 3650 1546 3682 ι
1588 3631 1693 3698 Qui
1729 3632 2024 3701 perdiderit

2134 3637 2230 3708 τὴν
2264 3638 2523 3710 ἀπαρχὴν
2552 3638 2650 3709 τῆς
2682 3639 2747 3691 ὲκ
2779 3638 2988 3710 νεκρῶν
3020 3639 3371 3705 ἀναστάσεως
3415 3643 3618 3714 ποιήσῃ
3660 3640 3723 3695 ὲν

1673 3747 1903 3804 VETUS
1939 3748 2526 3809 lNTERPRETATlO.

448 3877 590 3942 tacet
612 3875 792 3942 autem
813 3866 1153 3942 nativitatem
1181 3865 1300 3934 ejus
1328 3882 1393 3942 ex
1422 3865 1630 3934 virgine
1651 3905 1666 3928 ,
1695 3874 1790 3942 aut
1832 3867 2044 3942 stellam
2071 3870 2449 3942 ostendentem
2489 3870 2826 3927 nativitatem
2877 3872 3051 3942 ipsius
3070 3912 3085 3933 ,
3123 3881 3219 3926 ant
3251 3871 3478 3942 angelos
3502 3871 3555 3925 in
3579 3869 3723 3925 nati-

445 3938 754 4011 _vitate_ejus
777 3936 1098 4011 gloriantes,
1119 3945 1298 4011 atque
1333 3938 1577 4011 dicentes
1608 3954 1623 3990 :
1673 3955 1691 3986 ι
1730 3936 1915 4011 Gloria
1944 3938 1998 3990 in
2033 3939 2267 4011 excelsis
2297 3937 2432 4011 Deo,
2461 3951 2516 4011 et
2542 3957 2644 4009 pax
2670 3959 2835 4011 super
2863 3936 3061 3996 térram
3103 3936 3419 3997 hominibus
3446 3942 3603 3995 bona:
3629 3957 3718 3996 vo-

446 4005 712 4072 luntatis;
752 4026 770 4056 υ
793 4005 897 4081 aut
921 4006 1323 4081 aliatniracula
1350 4006 1432 4059 vel
1458 4005 1615 4081 signa
1643 4021 1765 4074 qua:
1793 4007 1961 4081 fecit;
1996 4010 2274 4081 quomodo
2294 4080 2301 4081 ί
2321 4010 2415 4079 qtti
2459 4005 2754 4065 Christum-
2787 4013 3007 4081 quidem
3035 4027 3161 4066 eum
3190 4013 3359 4077 dicit,
3387 4010 3713 4067 cruciﬁxum

447 4088 628 4160 autem
657 4092 782 4157 eum
813 4076 1122 4160 abscondit.
1161 4075 1452 4160 Propterea
1479 4076 1667 4160 volens
1692 4075 2037 4160 postmodum
2080 4075 2712 4160 perfc_ctiu's_pr:mlicari,
2737 4075 3007 4160 ptine-epit
3035 4090 3095 4135 ut
3121 4081 3326 4160 nemini
3345 4075 3352 4077 “
3373 4081 3589 4160 interim
3626 4081 3712 4160 di-

446 4154 576 4201 cant
597 4147 726 4215 quia
750 4148 864 4215 ipse
885 4157 970 4201 est
996 4145 1252 4222 Christus
1282 4163 1295 4199 :
1324 4147 1743 4222 etpratparabat
1768 4160 1868 4222 eos
1902 4154 1962 4199 ut
1989 4150 2339 4222 postmodum
2366 4145 2844 4222 dieant_quoniam
2878 4145 2993 4222 ipse
3016 4160 3100 4206 est
3122 4150 3496 4222 Christusqui
3526 4151 3711 4222 cruci—

447 4224 590 4270 ttxus
615 4214 709 4271 est
730 4257 745 4281 ,
774 4214 845 4270 et
878 4217 1179 4290 surrexita
1205 4216 1457 4290 mortuis.
1514 4215 1582 4290 Et
1606 4214 1726 4290 vide
1749 4214 2033 4290 diligenter
2056 4218 2323 4290 quianon
2353 4218 2491 4272 dixit
2510 4259 2525 4282 ,
2556 4214 2763 4275 E'xinde
2790 4214 2952 4290 ccepit
2980 4222 3164 4276 dicere
3189 4261 3206 4285 ,
3251 4221 3335 4275 vel
3361 4214 3560 4275 docere
3583 4220 3716 4290 quia

447 4295 659 4360 oportet
687 4302 810 4341 eum
840 4288 990 4360 abire
1029 4286 1081 4338 in
1105 4283 1406 4360 Jerusalem
1440 4302 1453 4338 :
1490 4285 1582 4339 sed
1610 4284 1682 4337 ita
1713 4302 1726 4338 :
1755 4303 1779 4360 ι
1814 4282 2022 4360 Exinde
2063 4282 2230 4356 coepit
2272 4291 2558 4360 ostendere
2589 4282 3046 4359 discipulis-suis;
3084 4282 3396 4360 orquouiam
3421 4291 3565 4345 sicut
3589 4282 3716 4345 (Ξυν-

448 4359 654 4431 poralia
695 4356 907 4431 ostendi
936 4356 1193 4410 dicuntur
1216 4356 1493 4431 a_(_)_hristo
1513 4369 1575 4409 ea
1603 4369 1729 4431 qua;
1755 4355 2080 4431 loquebatur
2110 4373 2123 4409 :
2154 4355 2209 4411 et
2235 4374 2342 4431 non
2375 4359 2452 4431 sic
2480 4376 2547 4428 ptt
2560 4368 2613 4431 to
2641 4355 2838 4430 eis-qui
2874 4355 3235 4431 corpOraliier
3264 4376 3389 4414 eum
3418 4365 3589 4431 multa
3617 4376 3717 4429 pa-

450 4424 670 4504 tientem
698 4427 974 4504 viderunt,
1002 4434 1223 4504 ostensa
1253 4424 1424 4504 fuisse
1449 4441 1510 4504 ea
1535 4440 1657 4504 quae
1685 4426 2029 4491 videbantur,
2067 4430 2346 4495 quomodo
2377 4424 2662 4498 discipulis
2693 4424 2946 4489 ostensus
2969 4424 3053 4486 est
3074 4446 3258 4486 sermo
3284 4424 3633 4486 rationabilis
3648 4431 3717 4484 de

449 4495 712 4564 mysterio
736 4495 1009 4562 passionis
1032 4502 1087 4547 et
1109 4495 1527 4548 resurrectionis
1552 4494 1749 4564 ipsius.

521 4566 612 4617 '20.
656 4563 720 4616 Et
756 4575 885 4635 tunc
918 4565 1137 4635 quidem
1158 4565 1325 4633 erepit
1354 4562 1658 4627 ostendere,
1697 4577 2097 4633 consequenter
2142 4571 2323 4635 autem
2354 4573 2541 4635 postea
2585 4563 2969 4635 capacioribus
3015 4563 3193 4630 factis,
3230 4565 3446 4635 plenius
3486 4562 3717 4635 demoti-

450 4634 683 4705 stravit:
713 4650 819 4705 non
842 4633 957 4705 jam
982 4633 1143 4705 quasi
1173 4632 1401 4687 rudibus
1446 4635 1714 4704 incipiens
1741 4632 2081 4705 ostendebat,
2121 4634 2217 4690 sed
2262 4632 2553 4703 proﬁciens
2586 4634 2638 4705 in
2672 4635 3142 4705 ipsaostensione
3172 4632 3607 4689 demonstrabat.
3649 4632 3716 4705 Et

451 4706 531 4757 sic
554 4704 784 4759 rationis
822 4713 906 4757 est
936 4704 1255 4773 intelligere,
1281 4706 1411 4773 quia
1432 4703 1656 4759 omnino
1687 4707 1831 4773 quod
1859 4708 2026 4774 coepit
2047 4704 2231 4769 Jesus,
2258 4710 2442 4774 hoe_et
2478 4703 2725 4774 perfecit.
2783 4704 3093 4774 Aliquando
3122 4706 3537 4760 demonstrabat
3568 4704 3716 4772 quod

450 4784 692 4843 (mperat
721 4774 1012 4828 ostendere
1040 4771 1359 4843 discipulis,
1387 4775 1647 4843 quoniam
1679 4771 1895 4844 oportet
1925 4771 2052 4829 eum
2094 4775 2246 4829 abire
2272 4774 2325 4826 in
2351 4771 2679 4840 Jerusalem,
2713 4783 2765 4827 et
2788 4771 2922 4844 pati.
2986 4772 3220 4839 Quando
3244 4776 3389 4830 enim
3421 4775 3491 4844 de
3512 4771 3718 4843 myste-

450 4842 550 4899 riis
577 4846 695 4900 istis
730 4844 1026 4914 perfectam
1068 4842 1352 4898 scientiam
1383 4842 1449 4898 ex
1477 4846 1643 4899 verbo
1686 4846 1813 4912 quis
1856 4842 2025 4899 fuerit
2068 4854 2424 4910 consecutus,
2458 4853 2588 4898 tunc
2625 4842 2916 4899 dicendum
2959 4854 3043 4900 est
3088 4859 3157 4899 ex
3185 4842 3496 4902 rationabili
3525 4842 3714 4897 oStru-

451 4916 606 4967 sione
629 4931 792 4970 sensu
823 4915 1037 4984 vidente
1064 4929 1188 4984 quae
1216 4916 1600 4979 ostenduntur,
1649 4924 2088 4969 consummatam
2133 4930 2263 4984 esse
2294 4915 2687 4984 ostensionem,
2734 4914 2994 4983 quoniam
3036 4934 3054 4964 ι
3084 4930 3192 4969 ιιοιι
3216 4916 3366 4984 capit
3392 4914 3713 4983 prophetam

451 4985 628 5053 perire
655 4995 808 5039 extra
839 4983 1143 5039 Jerusalem
1181 5004 1199 5035 υ
1234 5001 1297 5038 ea
1326 4985 1650 5052 perditione,
1685 4986 1751 5038 de
1778 5000 1885 5053 qua
1930 4988 2093 5040 etiam
2139 4983 2270 5053 alibi
2300 4985 2499 5038 dicitur
2528 5001 2541 5036 :
2584 5002 2601 5033 ι
2637 4983 2739 5050 Qui
2767 4986 3061 5052 perdiderit
3104 4983 3343 5038 animam
3385 4998 3540 5037 suam
3588 4997 3716 5053 pro-

451 5051 573 5123 pter
600 5071 705 5119 me,
733 5057 970 5109 inveniet
994 5070 1137 5109 eam.
1174 5073 1194 5104 ι
1254 5051 1434 5120 Quare
1462 5055 1748 5122 Oportebat
1780 5051 1907 5109 eum
1933 5056 2086 5111 abire
2111 5055 2163 5109 in
2186 5051 2513 5123 Jerusalem,
2553 5060 2611 5123 ut
2640 5051 2807 5107 multa
2840 5070 3033 5122 passus
3070 5054 3123 5107 in
3155 5053 3514 5122 Jerosolymis
3542 5052 3712 5123 etin—

451 5121 714 5181 terfcctus
738 5125 788 5177 in
813 5127 928 5189 eis,
961 5126 1229 5193 pritnitias
1269 5121 1689 5193 resurrectionis
1714 5141 1781 5179 ex
1811 5127 2043 5180 mortuis
2082 5124 2249 5179 faciat
2289 5123 2341 5177 in
2376 5121 2731 5193 Jerosolymis
2759 5121 2865 5178 illis
2891 5139 3012 5193 qua:
3036 5134 3165 5178 sunt
3191 5121 3410 5178 sursum
3431 5121 3711 5193 ,‘dereliu-

449 5210 648 5265 quens,
682 5204 736 5251 et
777 5191 1087 5258 destrui-ns,
1121 5205 1193 5265 et_
1216 5194 1524 5250 dissolvens
1548 5192 1847 5250 Jerusalem
1877 5212 2000 5265 quae
2028 5195 2208 5250 fuerat
2250 5209 2414 5262 super
2450 5191 2650 5265 terrain
2692 5209 2814 5247 cum
2856 5191 3005 5247 omni
3030 5196 3245 5249 cultura
3270 5193 3409 5265 ejus.
3452 5191 3707 5265 Quandiu

447 5262 596 5320 enim
622 5281 729 5321 non
760 5277 1138 5320 resurrexerat
1158 5263 1436 5339 Cltrisws,
1470 5279 1572 5318 nec
1594 5265 1847 5335 discipuli
1874 5262 1994 5335 ejus
2018 5272 2480 5323 consurrexerant
2505 5263 2576 5327 ei,
2610 5264 2868 5319 deorsum
2913 5265 3259 5332 quaerebatur
3283 5262 3479 5319 civitas
3505 5262 3623 5330 Dei,
3660 5268 3719 5317 et

524 5406 565 5436 '”
588 5403 781 5461 Matth.
816 5421 929 5471 xvt,
955 5403 1047 5459 20.
1126 5403 1170 5435 ⁶¹
1206 5403 1337 5459 ibid.
1366 5404 1455 5459 2|.
1533 5405 1577 5437 ⁸³
1609 5401 1745 5459 Luc.
1778 5422 1901 5474 χιιι,
1930 5404 2017 5462 35.

522 5526 633 5598 (384)
696 5526 811 5580 Καὶ
843 5528 957 5596 οὺχ
992 5525 1184 5598 οὕτως
1228 5521 1407 5596 οἶμαι,
1437 5533 1542 5598 etc.
1593 5524 1813 5598 Grigeni
1850 5524 2029 5598 ascri-

453 5593 577 5678 ptus
596 5593 1019 5678 Corrtittetz_tarius
1044 5598 1100 5678 in
1129 5593 1300 5678 {fere}
1334 5612 1451 5678 vnt,
1485 5597 1542 5650 51
1562 5596 1677 5678 ..υύ
1692 5595 1816 5678 ⁵γάρ
1840 5593 2028 5678 ἁπλῶς

452 5663 726 5739 διδάσκει,
774 5665 888 5739 ἀλλ’
923 5666 1086 5721 οἱονεὶ
1137 5665 1382 5739 δείκνυσι
1414 5666 1635 5739 λογικὴν
1687 5663 1873 5739 δεῖςινμ,
1907 5663 2028 5739 τότε

462 5733 554 5798 μὲν
599 5735 938 5803 ἀρχομένοις,
976 5738 1302 5805 χωρητικοῖς
1341 5736 1396 5790 δὲ
1437 5732 1746 5805 γενομένοις
1786 5732 2025 5786 τελείων.

2137 5405 2183 5437 ιι
2205 5403 2394 5458 Matth.
2429 5419 2485 5472 x,
2508 5401 2599 5459 39.

2144 5540 2164 5574 ι
2185 5521 2372 5592 Neque
2405 5521 2549 5575 enim
2570 5591 2573 5592 ν
2593 5519 2917 5589 simpliciter
2946 5519 3121 5588 docet,
3152 5520 3245 5575 sed
3280 5522 3438 5591 quasi
3467 5520 3714 5577 rationa-

2139 5596 2242 5648 lem
2287 5591 2744 5646 monstrationem
2795 5600 3079 5655 monstrat,
3134 5600 3264 5645 tunc
3306 5593 3528 5660 quidem
3578 5592 3718 5646 inci-

2138 5662 2434 5732 pientibus,
2470 5662 2564 5714 sed
2590 5660 2796 5732 metuis
2835 5668 3012 5714 tamen
3052 5661 3345 5732 capacibus
3366 5676 3563 5718 eorum
3595 5676 3718 5732 qua:

2138 5727 2376 5802 perfecta
2407 5739 2554 5784 sunt.
2586 5748 2604 5780 ι
2637 5727 2903 5784 Hunnus.
3119 5727 3135 5732 ”
3613 5727 3631 5732 “
3688 5768 3695 5773 .
