4100 6440
454 351 592 408 10δῦ

523 465 616 522 23.
674 463 868 520 Postea
921 464 1304 533 inquirendum
1348 462 1498 518 venit
1546 474 1774 516 cut-nam
1827 455 2029 511 dixrril
2062 471 2100 524 Α

454 556 617 614 Petro
637 558 720 611 "z
771 575 792 608 ι
824 556 1150 610 Scandalum
1199 571 1258 609 es
1291 555 1454 620 mihi;
1484 571 1502 604 ι
1550 568 1674 608 cum
1732 549 2030 620 prmsertim

453 651 601 706 dicat
649 649 814 703 David
840 649 885 680 "’
929 667 943 702 :
995 667 1012 698 ι
1064 647 1175 702 Pax
1235 648 1404 700 multa
1453 644 1804 714 diligentibus
1856 644 2028 710 legem

455 750 628 805 tuam,
663 749 714 792 et
746 753 851 792 non
879 747 961 792 est
991 737 1098 791 illis
1129 737 1471 791 scandalum.
1503 752 1520 786 ι
1572 733 1721 786 Dicet
1749 731 1894 786 enim
1930 731 2034 784 ali—

453 831 614 900 quis:
637 828 694 884 Si
721 837 940 898 propter
961 842 1149 881 eorum
1176 825 1585 891 firmitudinem,
1602 824 1696 894 qui
1717 822 2034 878 charitatem

462 922 690 985 habent,
722 927 776 974 et
813 918 1085 974 seandalis
1126 917 1352 973 obnoxii
1383 932 1491 970 non
1520 924 1686 972 sunt:
1722 933 1741 966 ι
1782 913 2038 969 Charitas

455 1017 601 1071 enim
636 1013 820 1068 omnia
851 1010 1077 1072 suﬂen,
1124 1009 1309 1063 omnia
1355 1007 1548 1073 credit,
1597 1004 1782 1061 omnia
1834 1011 2034 1073 sperat,

452 1108 639 1163 omnia
667 1105 900 1160 sustinet
926 1118 942 1157 :
965 1101 1206 1156 charitas
1232 1113 1512 1168 nunquam
1535 1094 1831 1159 excidit“;
1860 1113 1878 1146 ι
1905 1093 1956 1146 id
1983 1093 2035 1146 in

454 1199 723 1271 propheta
753 1196 959 1249 dictum
989 1201 1106 1260 est;
1133 1205 1371 1260 quanam
1389 1189 1600 1243 ratione
1623 1205 1640 1237 ι
1667 1185 1909 1241 allevans
1934 1182 2039 1236 Do-

455 1292 640 1345 minus
654 1303 845 1343 omnes
859 1286 950 1355 qui
970 1291 1313 1347 corruunt,et
1327 1283 1543 1350 erigens
1555 1291 1746 1334 omnes
1757 1275 2032 1338 elisos",r

456 1378 621 1434 Petro
643 1376 782 1432 dixit
806 1393 819 1429 :
849 1373 1208 1429 tSeandalum
1236 1369 1396 1441 542
1422 1368 1552 1423 mihi
1579 1368 1673 1422 es?
1692 1386 1712 1420 ι
1741 1363 2036 1420 Dicendum

455 1477 640 1524 autem
659 1465 917 1524 seandalo
943 1463 1240 1518 obnoxium
1260 1477 1365 1514 non
1383 1474 1530 1523 esse,
1548 1473 1654 1512 non
1672 1457 1850 1526 ipsum
1877 1454 2040 1509 modo

457 1561 830 1624 Servatorem,
850 1557 942 1615 sed
962 1565 1015 1609 ot
1028 1569 1153 1610 eum
1173 1554 1265 1622 qui
1285 1553 1338 1606 in
1357 1551 1624 1606 charitate
1641 1546 2038 1620 perfectionem

459 1655 690 1722 adeptus
727 1658 847 1715 est;
891 1657 948 1702 at
1013 1653 1276 1715 quantum
1313 1643 1366 1697 in
1409 1656 1475 1696 eo
1507 1648 1592 1695 est
1619 1639 1713 1709 qui
1745 1639 1872 1694 talia
1909 1637 2041 1692 dicit

460 1745 546 1798 vel
590 1743 748 1805 facit,
802 1737 1086 1794 oﬂ'ensioni
1115 1736 1278 1790 etiam
1309 1748 1431 1789 esse
1465 1733 1616 1787 illum
1647 1732 1729 1786 vel
1757 1730 1806 1785 ei
1833 1729 1926 1801 qui
1957 1727 2042 1784 of-

1931 333 2256 392 ORICENIS

3581 317 3719 372 1056

2204 454 2358 508 Μετά
2390 453 2560 508 ταῦτα
2594 452 2852 524 ζητητέον
2899 450 3015 515 πῶς
3048 449 3236 522 εἴρηκε
3267 447 3344 520 τῷ
3392 444 3583 519 Πέτρῳ
3623 445 3720 499 τό·

2140 563 2160 598 ι
2199 545 2498 599 Σκάνδαλόν
2534 561 2635 615 μου
2663 540 2744 597 εἷ·
2789 563 2808 595 ι
2845 543 3080 613 μάλιστα
3119 541 3239 596 ἐπεί
3276 556 3440 611 φησιν
3469 540 3498 591 ὁ
3527 538 3686 592 Δαυίδ

2142 654 2158 686 ι
2196 636 2398 705 Εἰρήνη
2429 633 2598 704 πολλὴ
2631 637 2744 696 τοῖς
2777 633 3030 701 ἀγαπῶσι
3053 633 3144 686 τὸν
3164 632 3326 702 νόμον
3362 647 3480 695 σου,
3501 628 3596 682 καὶ
3625 628 3725 682 οὐκ

2137 726 2282 779 ἔστιν
2313 727 2498 788 αὐτοῖς
2548 724 2868 778 σκάνδαλον.
2904 743 2923 776 ι
2955 725 3119 796 Φήσει
3159 723 3270 794 γάρ
3294 739 3380 787 τις
3401 737 3415 752 ·
3450 721 3514 775 Εἰ
3558 721 3645 774 διὰ
3665 721 3726 773 τὴ

2138 818 2354 888 βέϐαιον
2386 817 2494 869 τῶν
2527 816 2624 886 τὴν
2656 816 2877 888 ἀγάπην
2924 819 3178 886 ἑχόντων,
3211 816 3305 868 καὶ
3353 813 3726 868 ἀνεπιδέκτων

2137 909 2307 964 ὅντων
2348 909 2443 962 τοῦ
2491 908 2959 973 σκανδαλίζεσθαι·
3001 927 3021 960 ι
3069 910 3132 962 Ἠ
3179 907 3366 977 ἀγάπη
3401 904 3510 976 γὰρ
3547 904 3726 959 πάντα

2138 1000 2340 1068 στέγει,
2374 999 2551 1054 πάντα
2599 999 2865 1063 πιστεύει,
2899 999 3077 1052 πάντα
3115 996 3346 1063 ἐλπίζει,
3379 997 3557 1051 πάντα
3589 997 3724 1050 ύπο-

2141 1085 2312 1156 μένει,
2350 1089 2384 1157 ἡ
2418 1087 2603 1158 ἀγάπη
2634 1087 2889 1140 οὐδέποτε
2920 1087 3205 1139 ἐκπίπτει·
3244 1105 3263 1138 ι
3307 1087 3524 1158 εἴρηται
3567 1085 3726 1140 τοῦτο

2137 1179 2194 1230 ὲν
2242 1177 2321 1248 τῷ
2370 1179 2645 1250 προφήτῃ,
2690 1176 2807 1242 πῶς
2849 1177 3012 1240 αὐτὸς
3041 1179 3068 1230 ὁ
3107 1177 3330 1248 Κύριος,
3370 1196 3390 1229 ι
3427 1177 3718 1249 ὑποστηρί-

2137 1267 2245 1331 ζων
2279 1267 2487 1331 πάντας
2517 1269 2643 1332 τοὺς
2675 1267 3136 1332 καταπίπτοντας,
3182 1269 3275 1321 καὶ
3306 1267 3550 1340 ἀνορθῶν
3585 1271 3722 1323 πάν-

2138 1376 2237 1423 τας
2266 1360 2391 1424 τοὺς
2422 1358 2922 1431 κατερραγμένούς,
2961 1378 2980 1410 ι
3001 1355 3121 1413 εἷπε
3151 1359 3232 1429 τῷ
3262 1360 3454 1431 Πέτρῳ
3477 1376 3490 1389 ·
3518 1379 3536 1411 ι
3562 1361 3740 1414 Σκάν-

2137 1452 2294 1505 δαλόν
2327 1470 2425 1523 μου
2454 1448 2526 1518 εἷς
2565 1471 2582 1502 ι
2615 1453 2850 1506 Λεκτέον
2878 1451 2967 1516 δὲ,
2993 1451 3074 1505 ὅτι
3098 1452 3442 1517 ἀνεπίδεκτος
3480 1454 3579 1523 μὲν
3611 1454 3724 1508 ἐστι

2137 1541 2231 1595 τοῦ
2259 1541 2706 1606 σκανδαλίζεσθαι
2728 1543 2790 1595 ού
2825 1543 2983 1614 μόνον
3006 1543 3035 1594 ὁ
3065 1542 3276 1614 Σωτὴρ,
3309 1541 3446 1596 ἀλλά
3476 1543 3572 1596 καὶ
3612 1545 3640 1596 ὁ
3665 1545 3724 1594 ὲν

2139 1633 2326 1705 ἀγάπῃ
2371 1633 2827 1704 τετελειωμένος·
2881 1632 2941 1686 τὸ
2978 1633 3100 1688 ὅσον
3137 1633 3195 1686 δὲ
3237 1635 3323 1702 ἐφ’
3374 1633 3553 1704 ἑαυτῷ
3582 1635 3611 1686 ὁ
3655 1637 3724 1688 τά

2139 1726 2362 1780 τοιαῦτα
2409 1727 2644 1798 λέγωνῆ
2686 1727 2967 1796 πράττων,
3016 1725 3307 1778 σκάνδαλόν
3349 1729 3466 1779 ὲστι
3499 1727 3594 1780 καὶ
3627 1725 3722 1778 τοῦ

461 1835 652 1892 fensus
685 1829 891 1901 alioqui
914 1845 1020 1883 non
1053 1827 1273 1893 fuisset;
1299 1827 1405 1882 nisi
1434 1823 1668 1880 fortasse
1690 1821 1852 1880 Iesus
1872 1820 2036 1878 disci-

2141 1816 2217 1888 μὴ
2269 1817 2861 1888 σκανδαλισθησομένου
2887 1834 2898 1846 ·
2950 1819 2998 1870 εί
3053 1818 3128 1888 μὴ
3178 1816 3288 1888 ἄρα
3328 1817 3419 1869 τὸν
3475 1817 3724 1888 μαθητὴν

454 1927 643 1996 pulum
698 1931 1013 1994 peccantem
1051 1919 1407 1981 scandalum,
1440 1925 1604 1985 atque
1638 1915 1768 1970 illud
1813 1912 2034 1985 quidem

456 2035 618 2075 suum
671 2016 940 2086 appellat,
991 2023 1179 2083 utpote
1220 2021 1439 2080 propter
1487 2008 1811 2062 charitatem
1863 2005 2036 2062 multo

454 2109 618 2164 etiam
637 2105 810 2173 magis
827 2120 991 2174 quam
1017 2103 1216 2156 Paulus
1238 2098 1539 2154 dicturus“
1568 2115 1581 2150 :
1611 2097 1774 2163 «Quis
1799 2096 2039 2156 infirma-

457 2210 568 2266 tur,
591 2208 645 2254 et
670 2211 772 2266 ego
801 2211 908 2250 non
935 2193 1215 2248 inlirmor?
1243 2190 1380 2257 Quis
1406 2190 1831 2254 scandalizatur,
1853 2195 1908 2244 et
1937 2202 2036 2256 ego

460 2307 570 2346 non
611 2291 777 2346 uror?
807 2307 825 2340 ι
887 2286 1052 2341 Jun-ta
1087 2286 1230 2354 quod
1266 2283 1428 2339 scribi
1459 2290 1636 2352 potest
1668 2297 1682 2334 :
1715 2279 1850 2346 Quis
1873 2294 2036 2335 scau-

459 2385 752 2444 dalizatur,
779 2390 836 2434 et
865 2394 965 2450 ego
993 2394 1100 2434 non
1134 2374 1517 2433 scandalizor?
1558 2374 1716 2440 Quod
1762 2375 1806 2429 si
1855 2382 2035 2427 autem

457 2476 651 2530 Petrus
686 2482 908 2543 propter
937 2469 1066 2524 illud
1088 2468 1172 2520 ⁸³ε
1205 2484 1222 2515 ι
1274 2467 1431 2522 Absit
1466 2482 1497 2520 a
1531 2477 1603 2530 te,
1629 2465 1876 2532 Domine,
1928 2482 2035 2520 non

463 2569 568 2624 erit
600 2567 695 2620 tibi
726 2566 848 2630 hoc,
881 2583 900 2615 ι
950 2559 1268 2618 scandalum
1312 2573 1343 2612 a
1387 2555 1516 2612 Jesu
1556 2565 1686 2610 tunc
1716 2555 1893 2610 dictus
1929 2565 2036 2620 cst,

457 2656 619 2728 quasi
650 2656 708 2712 in
736 2655 804 2710 iis
826 2667 950 2724 qua:
983 2651 1122 2707 dixit
1150 2665 1212 2704 ea
1237 2663 1361 2718 quae
1390 2646 1484 2702 Dei
1523 2654 1652 2701 sunt
1683 2646 1904 2700 minime
1948 2662 2038 2701 sa-

456 2747 632 2817 piens,
688 2742 781 2798 sed
834 2756 898 2796 ea
943 2755 1064 2810 qua:
1115 2737 1397 2792 hominum
1447 2743 1613 2800 sunt;
1677 2735 1808 2805 quid
1855 2736 1922 2790 de
1969 2735 2038 2790 iis

459 2837 716 2894 omnibus
758 2832 1046 2890 dicendum
1093 2839 1179 2884 est
1219 2828 1314 2898 qui
1343 2827 1549 2883 Christi
1590 2827 1894 2881 doctrinam
1946 2842 2037 2880 ca-

459 2943 674 3000 pessere
706 2941 764 2981 se
796 2923 1151 2994 proﬁtentur,
1188 2935 1250 2973 ea
1287 2927 1468 2972 autem
1500 2933 1621 2988 quae
1653 2917 1746 2972 Dei
1775 2927 1901 2973 sunt
1928 2932 2034 2971 non

463 3021 703 3089 sapiunt,
739 3031 837 3070 nec
863 3030 924 3069 ea
956 3028 1076 3082 qua:
1116 3011 1290 3065 oculis
1321 3025 1428 3063 non
1469 3008 1719 3063 videntur
1747 3017 1800 3062 et
1834 3017 2036 3062 ater-na

2150 1907 2355 1979 Ἰησοῦς
2398 1908 2780 1980 ἁμαρτάνοντα
2830 1907 3122 1961 σκάνδαλον
3157 1908 3250 1960 καὶ
3280 1907 3475 1960 ἑαυτοῦ
3509 1909 3722 1961 ἀποκα-

2138 2001 2240 2065 λεῖ,
2269 2003 2344 2065 ὡς
2377 2002 2558 2073 πολλῷ
2591 2001 2789 2073 μᾶλλον
2833 2001 2981 2074 παρά
3011 2001 3222 2055 Παῦλον
3258 2001 3346 2054 διὰ
3376 2001 3475 2073 τὴν
3501 2001 3724 2073 ἀγάπην

2137 2091 2306 2156 λέξων
2339 2092 2406 2145 ἄν
2424 2107 2437 2121 θ
2470 2111 2487 2143 ι
2526 2093 2622 2157 Τίς
2650 2092 2886 2156 ἀσθενεῖ,
2914 2091 3004 2145 καὶ
3037 2093 3137 2144 οὐκ
3161 2091 3370 2146 ἀσθενῶ
3396 2108 3410 2157 ;
3439 2092 3534 2155 Τίς
3561 2109 3722 2148 σκαν-

2135 2181 2430 2246 δαλίζεται,
2472 2183 2565 2236 καὶ
2592 2183 2692 2236 οὐκ
2723 2181 2832 2250 ἐγὼ
2877 2181 3185 2255 πυροῦμαι;
3223 2201 3244 2235 ι
3277 2182 3402 2254 παρ’
3439 2182 3468 2235 ὃ
3499 2182 3724 2235 δυνατὸν

2140 2273 2396 2343 ποιῆσαν
2435 2274 2530 2336 Τίς
2574 2273 3008 2339 σκανδαλίζεται,
3043 2275 3137 2327 καὶ
3164 2275 3264 2326 ούκ
3291 2271 3403 2342 ἐγὼ
3438 2274 3722 2327 σκανδαλί-

2139 2368 2339 2438 (optat;
2372 2367 2435 2420 El
2465 2366 2520 2419 δὲ
2562 2366 2770 2436 Πέτρος
2809 2366 2927 2418 τότε
2955 2365 3042 2420 διὰ
3066 2365 3158 2417 τό·
3196 2384 3214 2416 ι
3259 2363 3445 2429 Ἵλεώς
3479 2381 3582 2427 σοι,
3611 2365 3722 2418 Κύ-

2142 2477 2261 2530 ριε,
2313 2459 2372 2512 ού
2429 2458 2504 2528 μὴ
2550 2457 2701 2511 ἔσται
2746 2475 2826 2510 σοι
2875 2457 3053 2521 τοῦτο,
3093 2476 3110 2509 ι
3169 2456 3460 2510 σκάνδαλον
3507 2459 3724 2530 εἴρηται

2140 2551 2241 2603 ὑπὸ
2258 2549 2350 2602 τοῦ
2383 2548 2578 2620 Ἰησοῦ,
2603 2548 2678 2611 ὡς
2705 2550 2764 2601 ού
2793 2548 2860 2601 τά
2886 2549 2977 2601 τοῦ
3001 2547 3135 2601 Θεοῦ
3152 2549 3211 2601 ἐν
3231 2543 3312 2611 οἷς
3335 2544 3455 2601 εἶπε
3488 2550 3722 2619 φρονῶν,

2138 2641 2272 2696 ἀλλά
2304 2642 2374 2695 τά
2393 2642 2499 2693 τῶν
2526 2639 2854 2710 ἀνθρώπων·
2889 2641 2940 2693 τί
2974 2640 3192 2693 λεκτέον
3227 2641 3354 2712 περὶ
3382 2641 3600 2694 πάντων
3629 2641 3722 2693 τοῦ

2139 2732 2623 2804 ἐπαγγελλομένων
2679 2731 3076 2804 μαθητεύεσθαι
3125 2730 3201 2802 τῷ
3245 2731 3442 2802 Ἰησοῦ,
3481 2732 3556 2803 μὴ
3589 2748 3718 2802 φρο-

2137 2824 2371 2878 νούντων
2417 2824 2474 2877 δὲ
2510 2824 2579 2876 τά
2621 2823 2714 2876 τοῦ
2749 2823 2908 2887 Θεοῦ,
2937 2824 3030 2876 καὶ
3076 2822 3150 2894 μὴ
3182 2821 3524 2876 σκοπούντων
3547 2822 3616 2875 τὰ
3648 2829 3724 2900 μὴ

2140 2915 2448 2986 βλεπόμενα
2508 2917 2602 2968 καὶ
2649 2915 2862 2978 αἰώνια,
2896 2913 3234 2986 φρονούντων
3276 2914 3332 2968 δὲ
3382 2913 3450 2967 τά
3489 2913 3596 2967 τῶν
3629 2915 3719 2966 ἀν-

2141 3007 2396 3080 θρώπων,
2439 3007 2534 3061 καὶ
2569 3007 2912 3061 σκοπούντων
2945 3007 3012 3060 τὰ
3056 3006 3360 3078 βλεπόμενα
3411 3007 3505 3060 καὶ
3556 3007 3726 3078 πρόσ-

460 3114 608 3166 sunt,
643 3105 828 3158 animo
873 3103 1186 3166 intuentur;
1235 3099 1330 3153 sed
1365 3097 1588 3168 sapiunt
1615 3113 1742 3168 quae
1771 3107 1900 3153 sunt
1937 3098 2032 3151 ho-

2139 3117 2329 3169 καιρα,
2362 3099 2394 3170 ἢ
2439 3101 2523 3152 ὅτι
2556 3101 2604 3152 οἱ
2650 3100 2878 3152 τοιοῦτοι
2909 3100 2986 3152 ἔτι
3023 3099 3222 3171 μᾶλλον
3252 3100 3317 3153 ἂν
3361 3101 3466 3153 ὑπὸ
3488 3100 3583 3155 τοῦ
3624 3101 3733 3170 ’1η-

462 3199 691 3258 minum,
736 3203 790 3250 et
836 3209 898 3247 ca
952 3190 1392 3260 contemplantur
1436 3205 1558 3259 qua:
1600 3189 1853 3243 videntur
1884 3186 1934 3222 ⁸⁵
1980 3198 2035 3243 et

461 3287 789 3358 temporaria
852 3293 1018 3350 sunt,
1074 3285 1176 3338 nisi
1232 3281 1503 3353 ejusmodi
1565 3281 1818 3336 homines
1875 3281 2033 3352 longe

461 3385 641 3450 potius
687 3395 716 3432 a
771 3376 898 3431 Jesu
956 3373 1278 3430 scandalum
1332 3372 1504 3442 ipsius
1555 3371 1884 3440 appellatum
1932 3371 2029 3437 iri;

459 3483 514 3526 et
538 3470 680 3541 quod
704 3468 960 3524 scandala
992 3466 1157 3530 illius,
1191 3462 1420 3518 fratrum
1449 3478 1668 3534 quoque
1691 3462 1863 3532 ipsius
1890 3479 2031 3528 esse,

459 3575 692 3632 quorum
719 3572 884 3614 causa
913 3553 1373 3625 quemadmodum
1405 3553 1457 3608 id
1485 3552 1618 3608 dicit
1641 3545 1688 3585 ⁸³
1713 3572 1726 3608 :
1759 3573 1776 3605 ι
1807 3553 2031 3609 Esurie-

459 3651 608 3720 bam,
653 3661 708 3706 et
753 3655 867 3705 non”
910 3648 1137 3704 dedistis
1192 3647 1322 3703 mihi
1365 3647 1723 3711 manducare,
1767 3667 1787 3700 ι
1833 3658 1884 3704 et
1913 3665 2035 3719 qua:

459 3751 590 3799 sunt
635 3742 922 3808 deinceps;
961 3739 1034 3793 ita
1082 3749 1136 3793 et
1179 3739 1311 3793 illud
1357 3740 1500 3794 dicat
1539 3753 1554 3791 :
1601 3738 1852 3794 Currenti
1900 3742 2031 3795 mihi

459 3832 777 3892 scandalum
820 3830 1131 3900 objecistis?
1177 3830 1413 3887 Proinde
1455 3845 1561 3884 non
1603 3831 1718 3885 leve
1759 3832 2034 3887 existime-

461 3940 586 3980 mus
616 3939 740 3978 esse
773 3932 1052 3992 peccatum
1087 3937 1152 3978 ea
1185 3938 1306 3992 qua:
1349 3931 1478 3980 sunt
1505 3921 1786 3977 hominum
1821 3939 2034 3994 sapere,

459 4028 585 4069 cum
635 4013 687 4067 in
720 4013 973 4070 omnibus
1007 4028 1070 4070 ea
1096 4028 1218 4085 qua:
1246 4011 1337 4066 Dei
1369 4020 1499 4067 sunt
1541 4027 1734 4083 sapere
1765 4022 2033 4083 oporteat.

2139 3191 2230 3244 σοῦ
2262 3190 2617 3244 ἀποκαλοῖντο
2653 3190 2946 3244 σκάνδαλον
2979 3190 3170 3244 αὑτοῦ·
3211 3191 3303 3243 καὶ⁵
3333 3190 3420 3244 διά
3452 3190 3513 3243 τὸ
3553 3191 3721 3244 σκάν-

2133 3282 2268 3336 δαλα
2308 3281 2472 3336 αὑτοῦ
2511 3279 2648 3334 εἶναι
2687 3283 2782 3335 καὶ
2814 3282 2920 3334 τῶν
2949 3281 3213 3352 ἀδελφῶν,
3245 3281 3330 3351 ἐφ’
3364 3277 3444 3344 οἷς
3469 3281 3543 3344 ὡς
3573 3280 3722 3348 λέγει

2133 3375 2228 3427 τό·
2264 3393 2282 3424 ι
2345 3375 2626 3439 Ἐπείνων,
2650 3376 2743 3428 καὶ
2783 3376 2882 3428 ούκ
2923 3374 3160 3429 ἐδώκατέ
3198 3390 3285 3446 μοι
3329 3377 3537 3443 φαγεῖν,
3577 3393 3594 3424 ›
3629 3373 3724 3428 καὶ

2133 3466 2202 3519 τά
2230 3464 2376 3535 ὲξῆς,
2413 3464 2585 3530 οὕτως
2617 3465 2760 3517 εἴποι
2789 3464 2854 3518 ἂν
2886 3465 2981 3518 καὶ
3013 3466 3074 3519 τό
3100 3482 3111 3496 ·
3151 3465 3430 3535 Τρέχοντα
3464 3463 3726 3516 ἐσκανδα-

2135 3556 2319 3610 λίσατέ
2375 3572 2477 3627 με;
2525 3555 2616 3626 Μὴ
2660 3555 2969 3627 νομίσωμεν
3021 3554 3200 3608 τοίνυν
3259 3554 3321 3606 τὸ
3373 3553 3531 3623 τυχὸν
3583 3547 3724 3605 εἶναι

2141 3649 2444 3720 ἁμάρτημα
2490 3649 2706 3716 φρονεῖν
2749 3648 2818 3701 τά
2848 3647 2955 3700 τῶν
2989 3643 3310 3716 ἀνθρώπων,
3347 3643 3464 3698 δέον
3498 3644 3556 3696 ὲν
3590 3645 3725 3695 πᾶσι

2143 3743 2356 3812 φρονεῖν
2390 3740 2458 3793 τὰ
2503 3738 2600 3792 τοῦ
2645 3739 2800 3792 Θεοῦ.
2846 3739 3102 3810 Ἀρμόσει
3131 3738 3187 3790 δὲ
3219 3738 3398 3806 λέγειν
3446 3735 3723 3788 τοῦτοκαὶ

2144 3832 2304 3885 παντὶ
2354 3830 2430 3901 τῷ
2482 3830 2904 3884 ἀποπεπτωκότι
2955 3829 3053 3899 μὲν
3097 3828 3380 3900 δογμάτων
3421 3825 3577 3889 Θεοῦ,
3629 3825 3726 3878 καὶ

2143 3923 2314 3990 λόγων
2365 3921 2870 3992 ὲκκλησιαστικῶν,
2919 3921 3012 3974 καὶ
3061 3923 3402 3992 φρονήματος
3451 3917 3721 3989 ἀληθοῦςο

2145 4013 2428 4087 φρονοῦντι
2454 4014 2499 4067 δ’
2535 4013 2611 4077 ὼς
2640 4013 2834 4085 ἀληθῆ,
2867 4015 3000 4085 φέρε
3028 4016 3219 4076 εἰπεῖν,
3251 4013 3316 4066 τὰ
3352 4010 3650 4074 Βασιλίδου,
3689 4009 3723 4079 ἢ

1666 4147 1893 4205 VETUS
1937 4149 2520 4204 INTERPRETATIO.

530 4247 624 4302 2‘5.
667 4247 856 4302 Adhuc
889 4256 1068 4301 autem
1117 4245 1335 4313 requiro
1387 4259 1557 4313 quare
1605 4243 1740 4297 dixit
1771 4245 1836 4298 ad
1869 4244 2088 4299 Petrum
2122 4265 2134 4299 :
2164 4264 2181 4298 ‹
2207 4244 2534 4298 Seandalum
2571 4245 2704 4300 mihi
2727 4261 2827 4310 es;
2866 4263 2886 4298 ι
2921 4245 3158 4299 maxime
3186 4259 3309 4297 cum
3343 4243 3394 4297 in
3423 4243 3724 4298 centesimo

459 4317 671 4372 decimo
702 4328 894 4370 octavo
929 4318 1138 4385 psalmo
1176 4316 1445 4386 Propheta
1479 4315 1812 4386 pronuntiet,
1843 4316 2031 4370 dicens
2066 4335 2078 4369 :
2121 4335 2139 4366 ι
2176 4315 2285 4368 Pax
2318 4316 2484 4368 multa
2511 4315 2864 4386 diligentibus
2889 4316 3063 4386 legem
3098 4323 3355 4386 tuam._et
3382 4328 3490 4386 non
3515 4324 3598 4366 est
3635 4317 3719 4368 eis

461 4387 797 4442 scandalum.
839 4407 857 4437 ι
899 4383 1047 4440 Dicet
1089 4387 1232 4438 enim
1265 4383 1497 4455 aliquis,
1543 4384 1802 4455 quoniam
1853 4387 2135 4454 proprium
2171 4394 2256 4438 est
2286 4401 2476 4438 eorum
2524 4383 2956 4455 qui'perfectam
2979 4385 3181 4455 habent
3216 4383 3558 4455 dileCtionem
3590 4397 3721 4451 erga

465 4455 656 4518 Deum,
699 4464 757 4508 ut
789 4469 896 4507 non
929 4455 1368 4508 scandalizentur
1401 4453 1715 4522 aliquando.
1763 4469 1783 4503 ς
1820 4452 2072 4510 Char—itas
2106 4455 2250 4508 enim
2284 4457 2465 4507 omnia
2500 4452 2769 4519 sustinet,
2801 4455 2983 4508 omnia
3011 4453 3186 4507 credit
3220 4493 3235 4517 ,
3266 4452 3450 4506 omnia
3485 4459 3670 4522 sperat
3703 4471 3720 4506 :

465 4525 705 4578 Charitas
735 4539 1012 4590 nunquam
1044 4524 1307 4592 excidit.)
1345 4522 1631 4588 Quomodo
1656 4536 1788 4592 ergo
1816 4523 1930 4591 ipse
1961 4522 2257 4585 Dominus,
2294 4525 2385 4592 qui
2417 4525 2704 4578 confirmat
2731 4539 2922 4578 omnes
2951 4524 3045 4592 qui
3075 4522 3493 4585 confirmantur,
3525 4532 3579 4576 et
3607 4524 3721 4576 eri-

466 4595 542 4661 git
571 4607 760 4663 omnes
791 4593 977 4654 elisos,
1012 4593 1142 4647 dicit
1163 4593 1234 4663 ad
1262 4590 1533 4663 Petrum:
1573 4612 1590 4642 ι
1627 4590 1956 4663 Sca'ndalutn
1989 4595 2120 4647 mihi
2152 4593 2248 4648 es?
2284 4590 2448 4646 {Sed
2483 4594 2553 4647 ita
2579 4604 2663 4647 est
2699 4590 3158 4663 respondendum,
3196 4592 3456 4663 quoniam
3490 4609 3598 4645 non
3625 4607 3718 4646 so-

465 4660 576 4717 lum
605 4660 762 4732 Jesus
815 4678 921 4732 non
953 4662 1372 4732 scandalizatur,
1395 4661 1500 4732 sed
1534 4677 1632 4715 nec
1679 4661 1858 4715 omnis
1894 4662 2057 4732 homo
2097 4664 2188 4731 qui
2234 4664 2286 4716 ia
2329 4663 2620 4717 dilectione
2652 4663 2743 4716 Dei
2780 4660 3052 4731 perfectus
3081 4672 3164 4716 est
3191 4679 3204 4732 ς
3235 4661 3328 4715 sed
3353 4673 3620 4732 quantum
3649 4663 3722 4716 ad

465 4732 641 4799 sequi
674 4731 779 4786 tale
805 4731 1009 4800 aliquid
1043 4732 1124 4786 vel
1151 4733 1288 4800 agit,
1326 4731 1408 4784 vel
1459 4731 1726 4801 loquitur,
1760 4731 2076 4785 scandalum
2113 4743 2198 4784 est
2241 4733 2433 4796 alteri,
2469 4734 2594 4786 licet
2625 4733 2715 4787 ille
2759 4731 3259 4787 inscandalizabilis
3293 4731 3384 4786 sit.
3418 4733 3525 4785 Aut
3570 4742 3723 4801 certe

466 4798 682 4854 omnem
710 4798 1034 4871 discipulum
1073 4798 1383 4870 peccantem
1416 4798 1734 4871 scandalum
1762 4801 1862 4871 sibi
1899 4803 2135 4870 appellat
2167 4819 2180 4856 :
2219 4802 2362 4855 sicut
2391 4812 2444 4856 et
2474 4803 2678 4857 Paulus
2711 4802 2779 4856 de
2808 4802 3118 4870 hujusmodi
3146 4802 3431 4871 discipulis
3473 4820 3488 4858 :
3528 4821 3546 4852 ι
3575 4798 3719 4868 Quis

467 4871 792 4941 infirmatur,
830 4869 882 4924 et
913 4886 1013 4939 ego
1047 4869 1154 4926 non
1185 4871 1468 4924 iniit-mor?
1501 4870 1636 4936 Quis
1664 4869 2102 4935 scandalizatur,
2139 4881 2193 4924 et
2222 4887 2322 4941 ego
2351 4887 2458 4925 non
2489 4873 2653 4927 uror?
2689 4889 2708 4926 ο
2763 4871 2819 4925 Si
2849 4869 2978 4941 ergo
3008 4871 3202 4926 Petrus
3231 4869 3334 4926 hoc
3380 4873 3559 4926 solum
3591 4873 3722 4940 quia

465 4939 605 4993 di-xit
637 4957 650 4992 :
689 4959 710 4992 ο
732 4940 1014 5011 Propitius
1047 4941 1141 4994 tibi
1176 4951 1314 5005 esto,
1335 4947 1404 5011 et
1431 4941 1535 5011 hoc
1563 4941 1656 4994 tibi
1688 4955 1794 5011 non
1831 4943 1974 4994 erit:
2015 4959 2034 4992 ι
2071 4939 2388 4995 scandalum
2432 4957 2462 4994 a
2494 4942 2713 4997 Christo
2745 4951 2829 4996 est
2852 4939 3052 5006 dictus,
3081 4941 3240 5010 quasi
3271 4942 3365 5010 qui
3397 4956 3508 4996 non

476 5021 557 5081 ret
586 5026 706 5081 qua:
727 5009 819 5064 Dei
847 5009 1022 5074 erant,
1059 5011 1150 5065 sed
1181 5025 1305 5079 quae
1333 5009 1570 5064 hominis
1601 5010 1779 5081 :_quid
1809 5017 1892 5062 est
1919 5011 2209 5065 dicendum
2244 5011 2311 5064 de
2343 5012 2656 5066 hominibus
2693 5012 2797 5066 illis
2824 5013 2916 5081 qui
2945 5009 3268 5081 profitentur
3290 5009 3373 5066 ise
3413 5009 3719 5081 discipulos

467 5076 708 5143 Christi,
739 5095 845 5133 non
873 5090 1054 5134 autem
1080 5076 1298 5150 sapiunt
1327 5094 1450 5148 qua:
1475 5086 1603 5133 sunt
1634 5076 1758 5142 Dei,
1793 5093 1891 5132 nec
1919 5081 2192 5148 aspiciunt
2217 5095 2280 5135 ea
2317 5095 2438 5148 qua:
2473 5095 2578 5134 non
2604 5076 2874 5143 videntur,
2912 5076 3136 5146 aitern-a,
3167 5080 3262 5138 sed
3285 5095 3407 5150 qum
3433 5076 3720 5136 hominum

471 5159 603 5219 sunt
632 5151 923 5218 aspiciunt,
953 5165 1076 5219 quae
1108 5149 1383 5219 videntur,
1414 5156 1468 5202 et
1500 5151 1820 5219 temporalia
1849 5149 2015 5204 sunt?
2070 5151 2200 5204 Sine
2228 5150 2395 5204 dubio
2428 5150 2600 5205 multo
2629 5153 2806 5219 magis
2843 5151 3160 5218 hujus-nodi
3190 5149 3440 5204 homines
3461 5151 3724 5205 scandala

466 5217 668 5289 Christi
700 5217 827 5273 sunt
850 5217 1174 5288 appellandi.
1203 5217 1308 5272 Sed
1324 5219 1485 5289 etqui
1506 5217 1726 5273 fratrem
1745 5234 1904 5272 suum
1938 5220 1992 5273 in
2017 5220 2338 5274 scandalum
2355 5222 2542 5285 mittit,
2558 5217 2874 5275 scandalum
2893 5217 3098 5274 Christi
3126 5229 3236 5285 est,
3252 5221 3724 5289 secundum-qqu

467 5288 583 5360 ipse
615 5289 745 5343 dicit
777 5307 790 5342 :
825 5309 850 5340 ι
869 5287 1176 5360 Esurivi,et
1199 5287 1432 5360 dedistis
1455 5289 1587 5360 mihi
1610 5289 1960 5360 manducare,
1989 5309 2006 5339 ι
2024 5299 2093 5360 μοι
2117 5299 2332 5360 cetera.
2366 5289 2520 5344 Sicut
2541 5305 2672 5360 ergo
2699 5292 2791 5359 qui
2813 5291 3032 5344 fratrem
3059 5306 3220 5344 suum
3248 5290 3410 5354 cibat,
3437 5287 3727 5344 Clu-istum

463 5357 642 5425 cibat;
661 5360 742 5413 sic
767 5367 822 5412 et
847 5361 938 5428 qui
967 5357 1120 5412 fratri
1139 5373 1240 5413 suo
1270 5357 1586 5412 scandalum
1607 5357 1770 5412 fuerit
1798 5357 1995 5423 factus,
2011 5359 2230 5412 Christo
2249 5358 2424 5414 factus
2441 5368 2527 5413 est
2541 5357 2881 5415 scandalum.
2915 5362 3032 5414 non
3052 5369 3137 5416 est
3161 5375 3290 5426 ergo
3307 5361 3422 5414 leve
3440 5371 3726 5428 peccatum

469 5442 665 5499 sapere
689 5443 826 5499 iqute
861 5429 1148 5499 hominum
1183 5440 1331 5499 sunt,
1381 5443 1505 5482 cum
1555 5429 1747 5499 debeat
1778 5429 1902 5499 quis
1950 5429 2001 5480 in
2037 5429 2295 5482 omnibus
2323 5446 2514 5498 sapere
2539 5431 2684 5498 quod
2712 5439 2798 5485 est
2829 5430 2945 5484 Dei.
3011 5429 3126 5485 Hoc
3154 5441 3335 5486 autem
3366 5431 3514 5499 quod
3539 5431 3674 5485 dicit
3709 5447 3724 5485 :

469 5514 489 5546 ι
525 5497 860 5553 Scanda‘lu-
888 5497 1029 5553 mihi
1059 5513 1141 5564 es,
1179 5498 1308 5567 quia
1339 5514 1448 5552 non
1477 5498 1626 5566 sapis
1647 5513 1770 5567 qua:
1804 5497 1895 5550 Dei
1924 5507 2071 5560 sunt,
2126 5501 2218 5552 sed
2248 5515 2370 5568 qua:
2391 5497 2684 5554 hominum
2715 5519 2727 5554 :
2771 5519 2792 5552 ι
2822 5516 2928 5555 non
2958 5501 3134 5556 solum
3164 5497 3452 5555 dicendum
3482 5509 3567 5554 est
3599 5517 3728 5571 pec-

529 5654 576 5685 "
601 5653 788 5708 Matth.
823 5669 935 5718 XVI,
963 5653 1055 5708 25.
1131 5655 1176 5686 ⁷⁹
1203 5652 1342 5707 Psal.
1377 5666 1571 5720 (δην,
1607 5650 1726 5703 165.
1805 5650 1852 5682 ⁸⁸
1879 5650 1893 5702 1
1916 5651 2041 5720 Cor.
2078 5665 2194 5714 xm,
2223 5649 2272 5714 7,
2298 5651 2352 5706 8.

465 5738 539 5786 ιι,
575 5723 663 5776 29.
739 5725 784 5756 ⁸³
809 5715 995 5777 Matth.
1027 5740 1137 5786 XVI,
1169 5724 1260 5776 22.
1335 5723 1380 5752 ⁸⁸
1406 5715 1444 5774 ll
1469 5715 1596 5774 Cur.
1677 5737 1746 5783 tv,
1785 5720 1870 5774 l8.

2451 5652 2492 5683 ⁸⁸
2521 5651 2663 5706 Psal.
2698 5668 2875 5717 amr,
2919 5655 3004 5716 H,
3040 5665 3094 5708 ct
3121 5671 3280 5713 cur.
3307 5656 3361 5708 8.
3461 5654 3508 5686 “
3531 5653 3722 5711 “Cor.

1960 5721 2004 5751 ⁸⁸
2029 5719 2216 5775 Matth.
2251 5737 2375 5788 xxv,
2405 5721 2493 5774 4‘2.
