4100 6420
407 314 548 371 1050

1897 302 2224 361 υιιιοιςΝιε

2652 208 2679 239 Ι

3543 304 3692 373 nuo.

408 432 459 483 id
492 448 505 485 :
547 449 564 481 ι
604 426 705 484 Ubi
752 427 1142 485 erueiﬁxerunt
1195 440 1342 481 cum.
1384 447 1401 478 ι
1456 426 1520 480 At
1548 426 1743 492 .Icsus,
1780 425 1875 495 qui
1906 435 1991 479 est

2097 423 2463 496 ἐσταύρωσαν.
2506 440 2524 472 ι
2572 420 2709 485 Ἀλλ’
2742 423 2771 475 6
2800 422 2918 492 μὲν,
2949 422 3014 475 ἵν’
3043 420 3213 485 οὕτως
3245 421 3516 492 ὀνομάσω,
3545 426 3686 478 κατὰ

408 523 712 579 secundum
743 520 1033 587 Joannem,
1065 532 1124 576 ut
1150 537 1276 577 eum
1311 521 1391 575 sic
1423 521 1710 591 appellem,
1742 520 1846 575 sibi
1874 519 1990 588 ipse

409 628 628 668 crucem
662 622 864 682 portat,
894 620 947 666 et
976 631 994 663 ι
1027 612 1283 682 liajulans
1312 627 1433 667 eam
1459 613 1660 679 exivit;
1700 632 1718 664 ι
1754 612 1841 667 ille
1865 626 1992 665 vero

407 705 502 774 qui
556 714 639 759 est
688 704 985 759 secundum
1026 703 1340 760 Matthzeum
1361 746 1375 768 ,
1409 715 1464 759 ct
1495 704 1734 759 Marcum
1758 745 1773 769 ,
1800 710 1855 757 ct
1882 701 1991 756 Lu—

408 809 550 858 cam,
587 792 690 849 sibi
720 807 839 847 eam
871 792 988 862 ipse
1012 809 1122 848 non
1150 791 1274 860 fert,
1313 793 1501 848 Simon
1526 793 1674 848 enim
1695 791 1992 863 Cyrenmus

408 900 526 940 eam
559 894 740 955 portat
767 885 833 937 9°.
881 884 948 939 Et
983 886 1030 941 is
1056 887 1279 956 quidem
1326 884 1560 940 fortasse
1593 883 1661 939 ad
1691 900 1790 942 nos
1823 883 1984 939 refer-

408 989 516 1039 tur,
549 977 644 1048 qui
668 987 890 1048 propter
918 976 1107 1033 Jesum
1128 977 1258 1032 Jesu
1289 993 1506 1032 crucem
1536 986 1850 1046 portamus;
1878 976 1994 1046 ipse

411 1083 536 1122 vero
560 1066 722 1123 Jesus
754 1068 820 1123 ad
852 1068 1115 1139 seipsum.
1146 1066 1308 1140 544
1334 1067 1468 1120 Nam
1507 1069 1663 1138 quasi
1708 1066 1994 1136 dupliciter

409 1177 541 1216 crux
586 1161 774 1215 animo
823 1161 1215 1233 comprehendi
1249 1170 1462 1231 potest,
1509 1161 1583 1215 ita
1630 1170 1690 1215 ut
1726 1161 1897 1215 altera
1922 1158 1987 1213 sit

408 1268 574 1322 quam
629 1252 821 1309 Simon
868 1253 1203 1325 Cyrenmus,
1277 1254 1447 1309 altera
1513 1268 1681 1324 quam
1729 1251 1833 1308 sibi
1878 1250 1993 1322 ipse

409 1346 665 1401 Christus
696 1344 821 1401 fert.

479 1436 570 1491 25.
611 1435 885 1491 Praeterea
922 1437 989 1492 ad
1021 1435 1073 1492 id
1099 1437 1143 1469 ⁹¹
1180 1456 1193 1493 :
1237 1457 1255 1488 ι
1289 1438 1531 1509 Abneget
1559 1437 1935 1509 semetipsum,
1966 1458 1985 1490 ι

412 1531 629 1586 videtur
659 1531 793 1584 mihi
823 1530 955 1585 utile
984 1545 1107 1586 esse
1131 1529 1181 1585 id
1214 1532 1358 1601 quod
1391 1546 1422 1585 a
1452 1530 1620 1586 Paulo
1650 1531 1754 1587 sibi
1788 1547 1990 1585 renun-

414 1624 583 1677 tiante
608 1621 813 1677 dictum
839 1631 941 1685 est,
966 1622 1110 1690 quod
1143 1621 1215 1676 ita
1249 1637 1309 1677 se
1330 1621 1492 1678 habet
1514 1622 1560 1656 θ’
1595 1642 1609 1676 ;
1650 1641 1667 1673 ι
1702 1620 1837 1677 Vivo
1858 1637 1984 1693 ego,

415 1713 522 1781 iam
567 1728 675 1767 non
710 1727 812 1782 ego
845 1731 857 1766 :
889 1712 1021 1766 vivit
1049 1726 1178 1767 vero
1218 1712 1273 1766 in
1316 1728 1403 1766 me
1441 1712 1715 1769 Christus.
1753 1732 1771 1764 ι
1803 1711 1936 1766 Nam
1974 1731 1987 1766 :

2092 514 2185 566 τὸν
2236 515 2487 583 Ἰωάννην
2547 512 2755 583 Ἰησοῦς
2796 513 2975 585 ἐαυτῷ
3010 512 3267 583 βαστάζει
3300 513 3392 566 τὸν
3429 516 3686 586 σταυρὸν,

2096 607 2191 659 καὶ
2242 627 2259 658 ι
2313 605 2597 676 βαστάζων
2641 605 2806 659 αὑτὸν
2854 606 3108 676 ἐξῆλθεν·
3163 626 3181 656 ι
3230 608 3259 659 6
3296 605 3354 658 δὲ
3406 605 3548 661 κατὰ
3594 607 3687 659 τὸν

2095 697 2392 762 Ματθαίον,
2421 698 2514 750 καὶ
2537 697 2786 770 Μάρκον,
2811 698 2906 751 καὶ
2934 699 3168 763 Λουκᾶν,
3190 698 3289 768 οὐχ
3317 697 3495 768 ἐαυτῷ
3519 698 3687 750 αὑτὸν

2094 789 2269 862 αἴρει’
2305 790 2488 861 Σίμων
2522 790 2633 862 γὰρ
2659 790 2690 841 6
2723 791 3031 862 Κυρηναῖος
3064 790 3227 843 αὑτὸν
3263 789 3543 860 βαστάζει.
3576 789 3688 843 Καὶ

2092 882 2233 953 τάχα
2261 873 2417 944 οὗτος
2464 882 2563 952 μὲν
2591 882 2673 945 εἰς
2711 883 2856 953 ἡμᾶς
2907 882 3258 953 ἀναφέρεται,
3289 883 3417 946 τοὺς
3460 881 3549 935 διὰ
3595 882 3687 934 τὸν

2105 972 2313 1044 Ἰησοῦν
2355 972 2447 1026 τὸν
2502 972 2677 1045 Ἰησοῦ
2718 972 2950 1045 σταυρὸν
2989 973 3245 1045 αἴροντας
3271 1015 3285 1039 ,
3337 975 3500 1037 αὐτὸς
3542 974 3600 1026 δὲ
3658 975 3687 1026 6

2107 1065 2309 1136 Ἰησοῦς
2333 1067 2412 1129 εἰς
2434 1066 2623 1119 ἑαυτόν
2643 1083 2655 1095 ’
2681 1059 2793 1119 οἷον
2818 1065 2927 1137 γὰρ
2950 1065 3044 1119 δύο
3067 1066 3299 1121 ἐπίνοιαι
3322 1066 3417 1120 τοῦ
3448 1065 3686 1136 σταυροῦ

2093 1160 2250 1221 εἰσιν,
2281 1159 2399 1223 ἑνὸς
2424 1159 2523 1230 μὲν
2549 1157 2608 1211 ὃν
2642 1159 2823 1229 Σίμων
2852 1159 2880 1210 ὁ
2909 1161 3215 1231 Κυρηναῖος
3247 1158 3527 1230 βαστάζει,
3564 1156 3685 1211 ἐτέ-

2095 1267 2190 1320 ρου
2212 1249 2267 1303 δὲ
2294 1250 2352 1303 ὃν
2386 1249 2549 1313 αὐτὸς
2574 1250 2755 1320 ἐαυτῷ
2783 1251 2812 1302 ὁ
2856 1249 3082 1321 Ἰησοῦς.

2106 1330 2123 1357 \

2168 1434 2289 1486 Ἔτι
2322 1432 2380 1486 δὲ
2408 1434 2488 1496 εἰς
2515 1433 2575 1486 τό
2594 1450 2606 1463 ·
2642 1453 2661 1484 ι
2709 1432 3063 1504 Ἀρνησάσθω
3093 1431 3305 1497 ἑαυτὸν,
3360 1452 3379 1484 ι
3410 1432 3561 1486 δοκεῖ
3594 1449 3686 1502 μοι

2091 1524 2360 1596 χρήσιμον
2384 1520 2523 1577 εἶναι
2547 1523 2606 1576 τὸ
2638 1522 2742 1577 ὑπὸ
2766 1522 2860 1576 τοῦ
2885 1521 3096 1576 Παύλου
3127 1523 3462 1595 ἀρνουμένου
3495 1522 3688 1577 ἑαυτὸν

2092 1616 2402 1687 εἰρημένον,
2442 1614 2618 1679 οὕτως
2653 1614 2802 1686 ἔχον·
2845 1634 2864 1666 ‹
2908 1612 2994 1667 Ζῶ
3022 1614 3079 1669 δέ
3115 1616 3216 1668 οὐκ
3254 1615 3335 1668 ἐτι
3369 1614 3500 1684 ἐγὼ,
3534 1612 3599 1687 ζῇ
3627 1612 3686 1668 δὲ

2095 1707 2152 1759 ἐν
2194 1706 2317 1776 ἐμοὶ
2353 1705 2621 1777 Χριστός·
2671 1707 2690 1757 ι
2738 1706 2800 1758 τὸ
2841 1705 2969 1778 γὰρ,
3014 1726 3032 1759 ι
3084 1704 3170 1760 Ζῶ
3211 1706 3311 1759 οὐκ
3353 1705 3432 1759 ἔτι
3484 1705 3616 1774 ἐγὼ,
3662 1723 3684 1759 ι

419 1826 443 1855 ι.
475 1801 607 1858 Vivo
633 1817 757 1873 ego,
806 1802 919 1872 jam
952 1817 1061 1858 non
1096 1818 1222 1874 ego,
1261 1821 1280 1853 ι
1333 1817 1437 1857 vox
1470 1810 1589 1859 erat
1613 1818 1674 1859 se
1701 1803 1990 1873 cjurantis,

2098 1799 2247 1870 φωνὴ
2280 1793 2347 1870 ἦν
2380 1798 2573 1852 ἐαυτὸν
2601 1798 2959 1870 ἀρνουμένου,
2988 1799 3063 1864 ὡς
3092 1798 3427 1870 ἀποθεμένου
3465 1798 3564 1871 μὲν
3586 1799 3689 1870 τὴν

413 1905 671 1967 tanquam
697 1895 791 1965 qui
817 1896 1095 1965 propriam
1121 1896 1289 1950 vitam
1312 1897 1617 1961 amisisset,
1653 1897 1707 1952 in
1732 1912 1792 1952 se
1811 1905 1992 1953 autem

412 1986 688 2043 Christum
726 1985 1087 2055 suscepisset,
1122 1992 1182 2039 ut
1225 1984 1342 2054 ipse
1388 1985 1441 2039 in
1492 2000 1558 2040 eo
1591 1984 1831 2045 viveret.
1878 1993 1996 2040 tan-

412 2094 574 2148 quam
621 2078 874 2148 iustitia,
920 2087 971 2132 et
1002 2085 1262 2146 tanquam
1308 2076 1613 2146 sapientia,
1650 2084 1706 2132 et
1734 2084 1992 2147 tanquam

413 2169 774 2231 sanctificatio
794 2210 809 2235 ,
862 2177 919 2223 ct
952 2177 1210 2237 tanquam
1244 2183 1341 2237 par
1377 2178 1563 2223 nostra
1586 2205 1603 2232 ,
1652 2177 1708 2222 et
1734 2176 1994 2238 tanquam

414 2261 649 2332 potentia
680 2260 795 2324 Dei,
828 2260 1015 2315 omnia
1050 2262 1107 2315 in
1134 2260 1255 2328 ipso
1282 2258 1541 2315 efﬁciens.
1584 2258 1817 2314 Adverte
1840 2259 1995 2314 insu-

417 2369 511 2424 per
534 2353 778 2408 animum
810 2351 878 2406 ad
912 2351 1152 2422 id,quod
1184 2366 1309 2406 eum
1335 2350 1559 2421 plurimi
1589 2350 1694 2406 sint
1727 2351 1994 2407 moriendi

416 2445 586 2509 modi,
617 2459 919 2515 suspensus
954 2443 1009 2498 in
1053 2444 1199 2514 ligno
1224 2443 1520 2499 cruciﬁxus
1551 2452 1635 2499 est
1677 2443 1849 2500 Filius
1876 2443 1992 2508 Dei,

413 2545 473 2591 ut
500 2535 819 2604 quicunque
847 2542 1072 2603 peccato
1102 2532 1427 2598 morientur,
1482 2548 1589 2589 non
1626 2533 1735 2589 alio
1761 2533 1923 2589 modo
1945 2534 1994 2587 ei

415 2627 738 2692 moriantur,
766 2641 934 2696 quam
964 2640 1058 2695 per
1087 2640 1324 2680 crucem.
1382 2624 1675 2695 Propterea
1709 2625 1893 2681 dicent
1918 2624 1992 2679 ’3:

419 2737 438 2773 ι
468 2718 691 2774 Christo
722 2717 975 2773 conﬁxus
1020 2731 1142 2771 sum
1182 2716 1357 2781 cruci,
1390 2736 1409 2769 ι
1447 2726 1500 2771 et
1527 2716 1610 2769 οδε
1646 2736 1664 2768 ι
1698 2716 1830 2771 Mihi
1856 2717 1999 2772 absit

416 2808 634 2879 gloriari
667 2809 773 2865 nisi
808 2808 860 2863 in
893 2823 1058 2864 cruce
1082 2807 1322 2876 Domini,
1350 2824 1447 2878 per
1474 2823 1637 2879 quam
1672 2809 1805 2864 mihi
1839 2824 1999 2865 mun-

417 2901 519 2955 dus
558 2899 858 2956 cruciﬁxus
891 2909 999 2963 est,
1028 2908 1085 2955 et
1125 2913 1227 2970 ego
1256 2899 1481 2955 mundo.
1519 2920 1539 2952 ι
1570 2899 1828 2956 Fortasse
1851 2900 1998 2956 enim

2095 1889 2287 1944 ἑαυτοῦ
2317 1889 2482 1961 ζωὴν,
2511 1889 2868 1961 ἀνειληφότος
2898 1890 2954 1944 δὲ
2982 1893 3062 1955 εἰς
3090 1891 3281 1946 ἐαυτὸν
3312 1891 3402 1943 τὸν
3428 1888 3689 1963 Χριστὸν,

2096 1984 2184 2035 ἵνα
2212 1982 2374 2045 αὐτὸς
2414 1984 2472 2035 ἐν
2503 1981 2653 2053 αὗτῷ
2689 1982 2851 2054 ζήσῃ,
2882 1981 2960 2045 ὡς
2990 1980 3328 2054 δικαιοσύνη,
3362 1983 3459 2036 καὶ
3490 1982 3567 2046 ὡς
3598 1999 3690 2035 σο-

2097 2074 2215 2143 φία,
2248 2075 2342 2128 καὶ
2376 2075 2452 2138 ὼς
2480 2075 2773 2145 ἁγιασμὸς,
2811 2073 2906 2128 καὶ
2943 2074 3017 2138 ὡς
3057 2075 3247 2147 εἰρήνη
3279 2074 3455 2146 ἡμῶν,
3485 2075 3580 2129 καὶ
3609 2073 3687 2138 ὡς

2094 2166 2321 2236 δύναμις
2355 2164 2511 2229 Θεοῦ,
2547 2167 2725 2220 πάντα
2760 2168 2820 2220 ἐν
2853 2165 3003 2237 αύτῷ
3036 2165 3292 2237 ἐνεργῶν.
3327 2167 3448 2219 Ἔτι
3494 2166 3550 2220 δέ
3590 2168 3688 2220 καὶ

2096 2255 2271 2327 τούτῳ
2310 2257 2568 2329 πρόσχες,
2615 2257 2717 2319 ὅτι,
2750 2256 2960 2310 πολλῶν
3002 2256 3171 2311 ὄντων
3200 2255 3310 2310 τῶν
3342 2258 3561 2329 τρόπων
3590 2257 3687 2311 τοῦ

2098 2350 2483 2420 ἀποθνήσκειν,
2518 2350 2611 2402 ἐπὶ
2654 2348 2812 2413 ξύλου
2844 2348 3109 2420 κρεμαδεὶ
3140 2347 3458 2421 ἐσταυρώθη
3487 2351 3516 2402 6
3562 2348 3689 2412 Υἱὸς

2096 2442 2189 2495 τοῦ
2220 2439 2376 2503 Θεοῦ,
2409 2441 2496 2495 ἴνα
2527 2441 2728 2504 πάντες
2768 2441 2818 2494 οἱ
2861 2439 3299 2511 ἀποθνήσκοντες
3331 2442 3399 2509 τῇ
3440 2439 3690 2512 ἁμαρτία

2100 2533 2175 2605 μὴ
2224 2530 2369 2604 ἄλλῳ
2420 2532 2607 2603 τρόπῳ
2655 2531 2998 2585 ἀποθάνωσιν
3046 2530 3246 2602 αὑτῇῆ
3297 2532 3377 2602 τῷ
3418 2529 3562 2584 κατὰ
3594 2528 3690 2582 τὸν

2098 2625 2347 2697 σταυρόν*
2368 2624 2448 2678 διὸ
2474 2623 2658 2696 ἐροῦσι
2677 2621 3020 2694 τό⁸ιΧριστῷ
3033 2623 3488 2693 συνεσταύρωμαι
3508 2620 3648 2693 (68-),
3665 2638 3683 2670 ι

2099 2716 2195 2770 καὶ
2221 2715 2307 2769 τό*
2346 2734 2364 2767 ι
2410 2716 2565 2786 Ἐμοὶ
2608 2714 2683 2786 μὴ
2709 2714 2919 2783 γένοιτο
2960 2712 3268 2784 καυχᾶσθαι
3301 2715 3350 2767 εἰ
3391 2713 3467 2785 μὴ
3512 2712 3571 2765 ἐν
3607 2710 3691 2782 τῷ

2068 2807 2319 2881 ισταυρῷ
2347 2807 2442 2863 τοῦ
2486 2808 2712 2881 Κυρίου,
2736 2807 2805 2860 δι’
2836 2799 2898 2860 οὗ
2934 2807 3062 2879 ἐμοὶ
3088 2807 3291 2876 κόσμος
3322 2805 3688 2876 ἐσταύρωται,

2100 2900 2255 2971 κάγὼ
2284 2900 2362 2972 τῷ
2392 2900 2602 2971 κόσμῳ.
2645 2918 2665 2952 ι
2707 2898 2860 2968 Τάχα
2889 2897 2998 2969 γὰρ
3040 2897 3136 2951 καὶ
3183 2896 3414 2959 ἕκαστος
3447 2894 3556 2948 τῶν
3595 2909 3691 2946 συ-

418 2992 804 3062 unusquisque
827 3006 892 3046 ex
932 2990 1000 3045 iis
1023 2991 1117 3061 qui
1153 3006 1279 3046 cum
1310 2989 1532 3046 Christo
1565 2991 1811 3047 cruciﬁxi
1846 3001 1992 3059 sunt,

2103 3011 2336 3066 σταυρου
2344 2993 2519 3065 μένων
2546 2991 2767 3062 Χριστῷ
2783 2990 2891 3061 (69)
2906 3011 2922 3041 ι
2943 2989 3271 3044 ἀπεκδύεται
3289 2987 3389 3052 τὰς
3403 2986 3578 3060 ἁρχάς
3595 2985 3694 3039 καὶ

425 3101 443 3135 ι
472 3082 743 3152 exspoliat
793 3082 1140 3153 principatus
1183 3093 1239 3138 et
1280 3092 1612 3153 potestates,
1669 3091 1724 3138 et
1764 3084 1992 3141 traducit

2101 3085 2200 3150 τὰς
2234 3083 2502 3150 ἐξουσίας,
2534 3082 2630 3137 καὶ
2658 3080 2997 3152 δειγματῑζει
3037 3080 3226 3144 αὐτὰς,
3259 3081 3353 3133 καὶ
3369 3076 3693 3149 θριαμϐεύει

418 3189 536 3243 eas,
567 3184 623 3231 et
657 3175 960 3244 triumphat
995 3174 1050 3229 in
1086 3175 1234 3246 ligno
1257 3174 1338 3241 ";
1370 3194 1388 3227 ι
1427 3174 1510 3231 vel
1540 3174 1794 3232 Christus
1817 3177 1992 3246 potius

2106 3178 2163 3229 ἐν
2208 3174 2286 3246 τῷ
2336 3172 2514 3243 ξύλῳ·
2567 3192 2584 3223 ι
2617 3170 2816 3242 μᾶλλον
2843 3169 2896 3222 δὲ
2931 3169 3162 3241 Χριστὸς
3205 3170 3261 3223 ἐν
3289 3169 3472 3231 αὺῑοίς
3515 3169 3692 3219 ταῦτα

421 3265 540 3322 hare
562 3266 693 3323 facit
722 3266 777 3320 in
809 3265 937 3322 illis.

2106 3270 2270 3322 ποιεῖ.

1628 3443 1667 3496 V’
1679 3445 1763 3498 ΕΤ
1775 3444 1858 3499 l‘S
1899 3440 2479 3500 INTERPRETATIO.

428 3621 589 3685 venit,
621 3634 713 3688 per
745 3618 846 3672 hoc
875 3618 1053 3689 ipsum
1082 3617 1535 3689 quodsapienter
1568 3620 1678 3689 agit
1711 3621 2002 3675 conﬁtetur
2028 3620 2333 3676 Christum.
2376 3618 2511 3675 Nam
2543 3628 2597 3675 et
2623 3621 2668 3674 is
2699 3620 2793 3689 qui
2831 3640 2847 3668 ι
2894 3620 3059 3674 corde
3084 3618 3258 3674 credit
3285 3618 3355 3689 ad
3382 3617 3683 3689 justitiam.

425 3704 515 3743 ore
550 3687 729 3761 autem
760 3687 1049 3761 confitetur
1071 3687 1136 3761 ad
1169 3687 1422 3755 salutem,
1454 3708 1470 3739 ι
1506 3700 1558 3761 et
1584 3687 1843 3759 operibus
1871 3690 2093 3745 Christo
2126 3690 2501 3745 testimonium
2532 3687 2753 3761 praebet,
2780 3697 2834 3761 et
2858 3689 3060 3754 verbis,
3090 3690 3245 3758 quasi
3264 3688 3479 3761 gni‘pcr
3499 3688 3689 3761 omnia

424 3761 536 3813 hzee
567 3758 855 3813 confessus
881 3768 966 3813 est
1006 3757 1284 3814 Christum
1320 3774 1506 3814 coram
1537 3756 1848 3815 hominibus
1870 3800 1884 3823 ,
1919 3770 1981 3813 ut
2009 3761 2337 3815 confiteatur
2370 3756 2549 3815 illum'
2570 3775 2755 3815 coram
2784 3757 2945 3813 Patre
2971 3756 3216 3813 omnium
3253 3756 3530 3812 Christus.
3595 3757 3689 3813 Sic

420 3839 476 3883 et
501 3840 729 3901 econtra
750 3830 843 3897 qui
866 3844 983 3901 non
1014 3829 1243 3901 denegat
1269 3830 1643 3901 semetipsum,
1680 3846 1738 3884 se
1763 3831 1985 3901 quidem
2016 3832 2331 3901 confitetur,
2365 3832 2600 3901 denegat
2629 3839 2809 3901 autem
2835 3827 3115 3901 Christum
3151 3847 3164 3881 :
3195 3837 3248 3883 et
3265 3827 3434 3901 quasi
3463 3826 3557 3895 qui
3589 3827 3689 3881 de-

423 3899 701 3968 negaverit
750 3900 1027 3954 Christum
1053 3939 1069 3964 ,
1113 3897 1475 3968 denegabitur
1510 3909 1564 3954 et
1612 3900 1726 3969 ipse
1758 3897 1797 3954 δ’
1819 3900 2062 3954 Christo.
2138 3899 2431 3969 Propterea
2464 3897 2646 3969 omnis
2676 3899 2936 3969 cogitatio
2970 3909 3156 3955 nostra
3184 3910 3237 3969 et
3263 3897 3603 3961 intellectus,
3636 3908 3690 3952 et

423 3967 603 4050 omnis
628 3982 829 4050 sermo,
861 3977 914 4050 et
934 3969 1115 4050 omnis
1144 3967 1300 4050 actus
1332 3979 1573 4050 nostram
1604 3967 1822 4050 quidem
1853 3967 2269 4048 denegationem
2304 3968 2721 4050 spiret.nChris_ti
2748 3967 2932 4023 autem
2963 3967 3339 4050 testimonium
3371 3974 3537 4035 atque
3562 3980 3689 4046 con.

423 4038 735 4093 fessionem.
776 4038 953 4093 Credo
980 4040 1124 4091 enim
1153 4038 1393 4092 hominis
1415 4036 1641 4107 perfecti
1671 4054 1875 4095 omnes
1897 4036 2054 4094 actus
2081 4036 2457 4095 testimonium
2485 4038 2689 4095 Christi
2723 4052 2845 4094 esse
2881 4056 2894 4091 :
2932 4048 2986 4092 et
3013 4038 3399 4093 abstinentiam
3435 4036 3687 4107 omnium

420 4117 769 4180 peccatorum
796 4108 1207 4178 denegationem
1246 4106 1485 4180 hominis
1515 4124 1639 4163 esse
1669 4110 1956 4180 ducentem
1988 4125 2112 4164 cum
2143 4120 2263 4180 post
2292 4109 2601 4166 Christum.
2670 4108 2774 4164 Iste
2805 4108 2951 4180 enim
2987 4109 3114 4164 talis
3145 4108 3364 4162 Christo
3387 4106 3686 4180 crucifixus

422 4176 524 4241 est,
553 4187 612 4250 et
643 4178 838 4250 tollen_s
866 4176 1083 4234 crucem
1116 4192 1274 4250 suam
1307 4179 1555 4247 sequitur
1583 4194 1730 4250 cum,
1766 4179 1858 4248 qui
1891 4188 2114 4249 prapter
2143 4176 2243 4234 nos
2265 4195 2483 4234 crucem
2511 4194 2667 4233 suam
2702 4179 2941 4250 portavit
2971 4196 2986 4232 :
3022 4180 3327 4234 secundum
3353 4177 3502 4247 quod
3541 4176 3685 4231 scri-

423 4248 570 4317 ptum
599 4257 683 4303 est
712 4249 765 4302 in
791 4245 1002 4301 Joanne
1030 4264 1042 4301 :
1087 4266 1105 4297 ι
1142 4245 1644 4319 Receperuntergo
1676 4245 1862 4304 Jesum
1885 4245 1906 4315 ξ
1929 4245 2010 4319 ,e'tf
2047 4250 2426 4319 adduxerunt,
2464 4258 2515 4305 et
2567 4245 2949 4318 imposuerunt
2995 4262 3162 4319 super
3187 4262 3315 4304 eum
3342 4245 3596 4313 crucem,
3634 4255 3691 4302 et

422 4329 643 4389 portans
667 4333 883 4373 erucem
918 4333 1074 4389 suam
1102 4327 1467 4389 egressus‘est
1490 4318 1542 4372 in
1570 4319 1748 4374 locum
1784 4319 1878 4389 qui
1907 4318 2104 4373 dicitur
2131 4318 2419 4381 Calvaria’.
2456 4339 2473 4372 ι

491 4388 581 4443 25.
623 4388 813 4460 Adhuc
833 4395 1022 4460 autem
1054 4387 1106 4441 in
1137 4383 1202 4460 eo
1230 4386 1375 4460 quod
1411 4388 1543 4460 dicit
1577 4407 1590 4442 :
1630 4408 1649 4441 ι
1682 4383 1925 4460 Abin-get
1954 4389 2340 4459 semetipsum;
2381 4407 2404 4460 »ν
2441 4388 2656 4442 videtur
2685 4388 2819 4460 inihi
2851 4389 2998 4460 utile
3029 4402 3155 4443 esse
3185 4386 3509 4460 exemplum
3526 4383 3687 4460 Pauli

425 4457 740 4530 denegantis
768 4458 1031 4530 scipsum,
1057 4467 1110 4511 et
1133 4456 1363 4512 dicentis
1393 4477 1405 4512 :
1444 4477 1463 4510 ι
1494 4456 1627 4513 Vivo
1659 4456 1977 4530 autcin'jam
2007 4475 2115 4530 non
2135 4456 2236 4530 ego
2272 4459 2436 4513 .vivit
2468 4467 2655 4530 autem,
2682 4459 2737 4530 in
2764 4473 2851 4513 me
2871 4459 3148 4530 Christus.
3182 4476 3202 4509 ι
3233 4456 3394 4530 Quod
3421 4456 3569 4510 enim
3594 4456 3685 4530 di-

425 4529 496 4582 cit
528 4545 543 4580 :
584 4546 601 4577 ι
641 4525 781 4610 χιιι)
811 4527 923 4594 jam
951 4542 1056 4607 non
1081 4542 1180 4597 ego
1211 4545 1223 4581 :
1259 4544 1287 4608 _i
1320 4538 1547 4609 vox.est
1579 4525 1916 4610 .dcnegantis'
1952 4525 2195 4610 seipsuui
2228 4549 2241 4583 :
2278 4540 2330 4583 et
2359 4529 2515 4610 quasi
2539 4529 2666 4610 .qui.
2711 4529 2962 4610 deposuit
2996 4543 3177 4610 suam“
3196 4527 3362 4610 vitam
3395 4542 3410 4580 :
3446 4527 3692 4607 suscepit

422 4607 604 4653 autem
638 4594 930 4669 Christum
963 4596 1015 4650 in
1049 4594 1134 4669 se,
1165 4607 1222 4669 ut
1258 4596 1372 4669 ipse
1402 4600 1546 4652 vivat
1578 4599 1633 4652 in
1665 4594 1918 4668 eo'quasi
1951 4594 2188 4668 jus-litin,
2235 4594 2391 4669 quasi
2438 4594 2726 4668 sapientia,
2760 4594 2917 4667 quasi
2966 4597 3353 4662 sanctiﬁcatio,
3387 4597 3544 4669 quasi
3577 4594 3688 4665 pax

425 4677 635 4732 nostra,
680 4666 837 4735 quasi
889 4667 1058 4737 virtus
1092 4665 1204 4731 Dei,
1257 4665 1309 4720 in
1340 4682 1405 4723 eo
1435 4683 1669 4737 operans
1700 4665 1882 4722 omnia
1916 4665 2051 4723 haec.
2112 4665 2305 4724 Adhuc
2345 4665 2526 4723 autem
2562 4669 2685 4737 vide
2716 4665 2904 4723 et‘hoc
2932 4707 2946 4730 ,
2982 4669 3128 4737 quod
3166 4681 3291 4722 eum
3319 4666 3475 4720 multi
3507 4676 3694 4737 essent

423 4736 568 4808 modi
609 4728 832 4808 mortis,
872 4737 924 4790 in
973 4736 1119 4808 ligno
1153 4728 1790 4806 suspensus-crucifixus
1836 4747 1919 4792 est
1962 4737 2136 4794 Filius
2181 4738 2274 4793 Dei
2307 4757 2321 4794 :
2355 4748 2413 4793 ut
2451 4728 2645 4793 omnes
2677 4738 2769 4808 qui
2802 4728 3112 4792 moriuntur
3135 4744 3396 4808 peccato,
3434 4735 3692 4808 nonalio

420 4807 586 4862 modo
614 4807 918 4865 moriantur
950 4807 997 4861 ei
1021 4804 1133 4861 nisi
1167 4804 1468 4862 secundum
1500 4823 1740 4877 crucem,
1776 4818 1833 4862 ut
1875 4809 2056 4863 dicere
2090 4810 2300 4877 possint
2331 4826 2345 4863 :
2388 4828 2406 4860 ι
2440 4809 2664 4863 Christo
2694 4804 2994 4862 cruciﬁxus
3023 4804 3167 4863 sunf.
3211 4826 3230 4860 ι
3271 4807 3400 4861 Item
3434 4822 3451 4861 :
3496 4824 3517 4857 ι
3558 4804 3691 4859 Mihi

420 4887 603 4932 autem
632 4877 774 4931 absit
806 4876 1025 4948 gloriari
1058 4878 1162 4932 nisi
1208 4878 1260 4929 in
1299 4891 1459 4931 cruce
1495 4875 1709 4935 Domini
1750 4879 1921 4932 nostri
1951 4875 2307 4935 JesuLhristi
2330 4918 2346 4944 ,
2386 4894 2480 4948 per
2521 4894 2682 4948 quem
2734 4879 2867 4932 mihi
2898 4879 3137 4932 mundus
3163 4876 3457 4932 crucifixus
3490 4884 3606 4941 est,
3637 4886 3695 4929 et

421 4962 522 5018 ego
552 4948 822 5028 mundo.)
861 4947 1122 5013 Quamvis
1133 4961 1282 5032 ergo
1316 4948 1561 5032 videatur:
1590 4964 1648 5029 se
1680 4949 2179 5032 absti_nci.-.e_a|iquis
2208 4965 2236 5003 a
2267 4947 2512 5032 peccato,
2535 4947 2590 5003 et
2616 4950 2683 5003 sit
2713 4957 2965 5032 mortuus
2988 4956 3254 5029 quantum
3290 4948 3356 5001 ad
3382 4956 3691 5032 peccatum,

425 5016 606 5072 tamen
643 5017 745 5089 nisi
782 5016 834 5072 in
865 5030 1082 5089 crucem
1130 5016 1330 5071 Christi
1350 5018 1700 5089 Acr-ediderit,
1732 5022 1864 5089 etin
1895 5020 2000 5074 tide
2026 5016 2146 5089 ejus
2189 5016 2282 5088 qui
2318 5021 2617 5075 cruciﬁxus
2669 5027 2756 5072 est
2795 5016 3124 5089 abstinuerit
3152 5032 3212 5071 se
3244 5032 3273 5071 a
3301 5016 3547 5089 peccato,
3582 5029 3693 5069 non

423 5095 599 5158 potest
646 5087 841 5158 dicere
873 5106 887 5143 :
926 5105 945 5138 ι
982 5085 1098 5156 Ego
1127 5095 1308 5141 autem
1338 5085 1562 5153 Christo
1607 5088 1903 5143 cruciﬁxus
1953 5085 2098 5143 sum.
2140 5107 2159 5139 ι
2200 5085 2450 5144 Forsitan
2500 5098 2682 5143 autem
2726 5097 2782 5142 et
2808 5088 3189 5158 unusquisque
3212 5085 3406 5158 eorum
3441 5087 3693 5158 quicum

423 5104 599 5158 potCSt
646 5104 827 5141 uicere
873 5106 887 5143 :
926 5105 945 5138 ι
982 5104 1098 5156 ngo
1127 5104 1308 5141 autem
1338 5104 1562 5153 uiristo
1607 5104 1903 5143 crucinxus
1953 5104 2098 5143 sum.
2140 5107 2159 5139 ι
2200 5104 2450 5144 rorsitan
2500 5104 2682 5143 autem
2726 5104 2782 5142 et
2808 5104 3189 5210 unusquisque
3212 5104 3406 5141 eorum
3441 5104 3534 5155 qui
3565 5104 3686 5141 cum

420 5157 642 5231 Christo
664 5156 1059 5231 erueiliguutur
1079 5199 1093 5222 ,
1125 5177 1170 5231 _«
1208 5158 1358 5231 exuit
1385 5171 1442 5212 se
1472 5158 1810 5231 principatus
1840 5169 1893 5214 et
1919 5168 2215 5231 potestates
2236 5200 2250 5223 ,
2292 5169 2346 5214 et
2375 5159 2610 5214 traducit
2645 5172 2769 5224 eas,
2800 5167 2857 5213 et
2895 5158 3101 5228 triump
3121 5167 3194 5213 tat
3228 5172 3324 5212 eas
3357 5157 3412 5211 in
3440 5157 3626 5227 ligno;
3666 5174 3686 5206 ι

420 5227 596 5298 magis
627 5238 810 5282 autem
843 5228 1097 5283 Christus
1122 5228 1177 5280 in
1207 5241 1272 5280 eo
1299 5227 1412 5282 haec
1442 5227 1626 5282 omnia
1659 5228 1807 5283 facit.

450 5412 496 5442 ἰ’
517 5407 708 5463 Matth.
748 5421 915 5470 xxvu,
943 5405 1045 5470 5'2;
1090 5404 1253 5458 Marc.
1286 5420 1373 5472 xv,
1414 5404 1503 5470 εκ
1547 5404 1675 5460 Luc.
1712 5421 1865 5471 xxiii,
1890 5404 1981 5457 9.6.

454 5496 493 5534 ι.
522 5479 611 5534 ﬂ.
653 5477 734 5517 -⁹⁸
754 5477 870 5531 Col.
905 5492 964 5534 ιι.
991 5476 1077 5530 15.

2094 5407 2098 5435 ί
2128 5404 2316 5459 Matth.
2352 5421 2462 5468 xvr,
2486 5403 2577 5458 24.
2621 5407 2665 5436 9'
2691 5403 2807 5459 Gal.
2849 5420 2908 5469 ιι,
2943 5401 3033 5458 20.
3111 5402 3158 5435 ³³
3182 5402 3319 5459 Ibid.
3350 5401 3435 5459 l9.
3510 5400 3699 5461 "Gal.

420 5496 493 5547 vr,
522 5492 611 5534 M.
653 5510 659 5517 -
689 5492 734 5511 "
754 5492 870 5531 (μοι.
905 5492 964 5539 ιι,
991 5492 1077 5530 ιι).

492 5657 606 5723 (68‘,
655 5656 753 5712 Διὸ
795 5658 999 5724 ἐροῦσι
1046 5657 1133 5722 τό,
1169 5668 1275 5712 etc.
1341 5655 1474 5711 Vide
1496 5673 1660 5725 supra
1712 5655 1987 5710 laudatum

2089 5659 2093 5663 ’
2170 5654 2283 5724 (09)
2316 5655 2501 5725 Codex
2528 5651 2884 5725 νιιιίο.,τάχα
2913 5654 2970 5709 δὲ
3000 5657 3096 5709 καὶ
3131 5655 3363 5722 ἕκαστος
3398 5655 3507 5711 τῶν
3540 5671 3699 5709 σταυ-

421 5742 454 5781 a
480 5726 637 5782 nobis
664 5728 1097 5781 commentarium
1127 5727 1183 5779 in
1216 5726 1384 5780 Marc.
1422 5744 1535 5792 ιἰιι,
1569 5728 1657 5779 Si.

2106 5742 2201 5796 ριν.)
2210 5725 2384 5794 μένων
2416 5724 2494 5796 τῷ
2521 5726 2765 5797 Χριστῷ.
