4100 6462
327 413 466 473 1045

1791 401 2114 458 οιιιδΕΝιδ

3437 398 3571 455 1041

321 541 633 587 nostrarum
669 530 884 584 tandem
913 541 1312 596 consequamur
1333 567 1346 586 ,
1379 540 1501 595 qua:
1531 525 1744 579 initium
1773 525 1890 579 inde

1997 523 2190 594 τηρίαν
2214 522 2320 577 τῶν
2343 520 2530 592 ψυχῶν
2555 519 2734 592 ἡμῶν,
2758 517 3066 591 ἀρχομένην
3092 514 3198 570 ἀπὸ
3234 515 3315 570 ,αὖ
3344 515 3550 570 ἀπολλύ
3566 547 3578 558 -

321 621 572 686 (tinxerit,
626 631 748 675 cum
802 631 895 673 eas
946 627 1162 687 propter
1220 632 1526 672 sermonem
1585 615 1892 670 amisimus.

320 708 478 776 Quod
507 710 553 765 si
583 709 784 764 salvam
809 705 1004 771 facere,
1036 719 1149 760 rem
1177 721 1298 761 esse
1325 705 1534 759 beatam
1563 720 1685 775 qtae
1713 705 1779 759 ad
1803 719 1894 759 sa.

321 801 489 856 lutem
513 842 528 867 ,
563 809 618 856 et
644 799 928 855 felicitates
960 814 1080 869 quae
1111 798 1253 869 apud
1282 797 1452 853 Deum
1489 808 1648 864 sunt,
1694 799 1897 853 refera-

321 901 429 956 tur,
472 905 794 962 persuasum
827 893 1110 957 habemus,
1144 889 1340 960 aliquis
1369 899 1590 960 propter
1609 890 1893 946 Christum

319 983 478 1037 debet
521 997 643 1038 esse
687 984 884 1039 animae
934 984 1220 1050 interitus,
1268 984 1484 1039 initium
1515 986 1683 1040 beata:
1707 985 1896 1040 salutis

319 1071 556 1128 futurus.
606 1069 910 1143 Unicuique
936 1073 1102 1144 igitur
1131 1075 1312 1128 anima
1343 1089 1440 1130 sua
1463 1076 1594 1130 mihi
1623 1075 1893 1145 perdenda

321 1163 552 1228 videtur,
587 1163 1050 1235 quemadmodum
1078 1177 1133 1220 et
1160 1167 1226 1220 de
1253 1167 1338 1221 sui
1367 1168 1761 1222 renuntiatione
1785 1178 1894 1223 Ira--

321 1255 494 1311 ditum
527 1265 628 1312 est.
668 1254 868 1312 Perdat
903 1256 1068 1326 igitur
1099 1258 1278 1327 quivis
1309 1258 1545 1313 animam
1579 1273 1732 1312 suam
1765 1275 1880 1328 pee-

321 1355 533 1405 cantem
555 1387 570 1411 ,
601 1357 660 1402 ut
687 1359 976 1419 postquam
1009 1359 1321 1419 peccantem
1360 1349 1693 1419 perdiderit,
1729 1351 1888 1406 aliam

316 1438 574 1508 recipiat,
623 1447 746 1506 quae
775 1447 918 1493 recte
964 1439 1171 1508 agendo
1215 1449 1480 1494 servetur.
1538 1437 1682 1493 Nihil
1710 1447 1890 1496 autem

318 1527 559 1598 proderit
603 1528 842 1594 homini,
893 1529 937 1584 si
974 1537 1146 1584 totum
1194 1530 1456 1584 mundum
1501 1529 1664 1585 fuerit
1714 1533 1893 1588 luera-

321 1629 406 1674 tus
437 1621 519 1686 ”;
575 1618 622 1674 is
666 1628 844 1674 autem
889 1635 1006 1674 mea
1038 1621 1301 1676 sententia
1334 1621 1596 1676 mundum
1626 1624 1891 1690 lucratur,

319 1707 483 1781 βω
499 1711 582 1764 cui
603 1710 840 1766 mundus
861 1709 1158 1767 cruciﬁxus
1188 1725 1294 1765 non
1317 1721 1427 1778 est;
1462 1711 1550 1768 cui
1573 1729 1701 1769 vero
1735 1731 1892 1771 mun-

319 1800 421 1854 dus
453 1799 748 1854 cruciﬁxus
782 1814 888 1854 non
924 1809 1009 1854 est
1031 1843 1044 1866 ,
1076 1801 1121 1856 is
1150 1805 1346 1856 animae
1374 1819 1487 1858 sua:
1507 1805 1776 1874 jacturam
1805 1803 1890 1861 fa-

1997 629 2084 667 ναι
2115 615 2260 684 ἡμᾶς
2297 613 2464 684 αὐτὴν
2507 613 2670 666 ἓνεκα
2699 611 2795 664 τοῦ
2846 610 3023 678 λόγου.
3067 609 3204 660 Ἀλλ’
3235 609 3392 679 εἴπερ
3425 605 3575 663 νοοῦ-

1999 722 2098 776 μεν
2127 705 2187 758 τὸ
2215 703 2479 770 σώζεσθαι
2505 703 2601 774 τὴν
2622 702 2798 774 ψυχὴν
2824 701 3089 772 μακάριον
3119 696 3280 763 εἶναι,
3313 699 3582 771 ἀναφερό-

1999 812 2158 866 μενον
2186 795 2277 848 ἐπὶ
2303 793 2400 866 τὴν
2438 795 2497 848 ὲν
2529 793 2648 864 Θεῷ
2673 795 2962 864 σωτηρίαν,
2990 792 3084 844 καὶ
3109 793 3236 854 τοὺς
3266 791 3398 862 παρ’
3429 789 3579 860 αὑτῴ

1999 889 2402 959 μακαρισμοὺς,
2434 887 2638 957 ὀφείλει
2668 904 2753 950 τις
2797 882 2939 940 εἶναι
2982 887 3076 940 καὶ
3115 884 3358 938 ἀπώλεια
3400 884 3578 955 ψυχῆς

1995 979 2192 1051 ἀγαθὴ,
2233 981 2326 1034 καὶ
2363 980 2548 1032 ῑνεκεν
2581 977 2840 1050 Χριστοῦ,
2887 977 3169 1048 προοίμιον
3215 976 3449 1047 ἐσομένη
3480 975 3582 1047 τῆς

1999 1071 2272 1145 μακαρίας
2305 1073 2600 1143 σωτηρίας.
2637 1073 2796 1124 Δοκεῖ
2823 1087 2912 1140 μοι
2944 1066 3058 1135 οὖν,
3093 1068 3354 1137 ἀνάλογον
3378 1065 3457 1136 τῷ
3479 1065 3581 1135 ἀρ-

1994 1163 2202 1218 νεῖσθαι
2222 1164 2436 1227 ὲαυτδν,
2467 1163 2608 1218 κατά
2635 1161 2706 1216 τά
2732 1161 3120 1231 ἀποδεδομένα,
3149 1159 3442 1214 ἀπολλύναι
3469 1157 3582 1211 δεῖν

1993 1259 2224 1311 ἕκαστον
2254 1258 2355 1328 τὴν
2387 1255 2580 1311 ἑαυτοῦ
2612 1253 2810 1324 ψυχήν.
2855 1251 3164 1306 umnam
3210 1247 3304 1304 οὖν
3349 1250 3580 1313 ἕκαστος

1992 1345 2091 1418 τὴν
2131 1345 2324 1399 ἑαυτοῦ
2354 1345 2775 1417 ἁμαρτάνουσαν
2801 1341 3000 1414 ψυχὴν,
3034 1342 3142 1404 ἵνα,
3175 1339 3446 1403 ἀπολέσας
3478 1337 3581 1410 τὴν

1991 1437 2432 1507 ἁμαρτάνουσαν,
2463 1432 2712 1504 ἀναλάϐῃ
2741 1432 2838 1503 τὴν
2873 1433 2930 1484 ὲν
2958 1431 3035 1501 τῷ
3068 1430 3364 1502 κατορθοῦν
3406 1427 3580 1492 σωζο-

1997 1529 2184 1600 μένην.
2232 1528 2399 1582 Οὐδὲν
2443 1526 2499 1579 δὲ
2541 1524 2954 1596 ὠφεληθήσεται
2994 1522 3309 1594 ἄνθρωπος,
3355 1521 3449 1574 ἐὰν
3490 1521 3584 1576 τὸν

1993 1621 2196 1692 κόσμον
2234 1619 2354 1673 ὅλον
2405 1618 2638 1690 κερδάνῃ
2665 1632 2680 1646 ο
2721 1615 2992 1686 κερδαίνει
3037 1615 3104 1678 δ’,
3132 1611 3310 1683 οἶμαι,
3347 1613 3440 1666 τὸν
3485 1612 3583 1666 κόο

1993 1729 2150 1783 σμον,
2196 1705 2240 1779 ᾧ
2269 1712 2296 1764 ό
2341 1711 2544 1782 κόσμος
2589 1710 2650 1762 οὐ
2696 1705 3053 1778 σταυροῦταιο
3082 1699 3128 1773 ᾧ
3161 1704 3219 1758 δὲ
3265 1705 3470 1775 κόσμος
3515 1704 3579 1757 οὐ

1997 1804 2344 1876 σταυροῦται,
2385 1802 2578 1872 ἐκείνῳ
2610 1800 2761 1852 ἔσται
2791 1797 2966 1870 ζημία
3007 1797 3108 1868 τῆς
3151 1795 3332 1867 ψυχῆς
3360 1795 3580 1851 ἑαυτοῦ.

318 1892 440 1948 ciet.
479 1891 614 1946 Cum
645 1901 824 1946 autem
852 1893 960 1947 duo
986 1895 1264 1964 proposita
1293 1897 1422 1961 sint,
1460 1873 1540 1951 vel
1575 1899 1640 1952 ad
1675 1899 1890 1954 lucran-

1998 1892 2101 1946 Δύο
2121 1873 2174 1945 δὲ
2200 1892 2598 1963 προκειμένων,
2615 1891 2732 1961 ἦτοι
2759 1889 2848 1943 διά
2871 1889 2932 1941 τὺ
2955 1887 3258 1961 κερδαίνειν
3277 1889 3376 1957 τὴν
3399 1887 3581 1957 ψυχὴν

317 1984 439 2040 dam
486 1983 724 2038 animam
780 1985 969 2038 mundi
1017 1985 1290 2054 jacturam
1342 1987 1540 2053 facere,
1595 1991 1676 2044 vel
1711 1989 1777 2046 ad
1807 1992 1892 2045 lu-

317 2075 574 2131 eraudum
607 2077 871 2130 mundum
921 2079 1116 2131 animze
1145 2080 1417 2146 jacturam
1468 2080 1679 2147 facere;
1734 2082 1892 2154 longe

316 2168 606 2238 optabilius
637 2169 723 2223 est
751 2164 936 2224 mundi
968 2169 1237 2239 jacturam
1268 2188 1367 2226 nos
1393 2167 1570 2227 facere
1591 2213 1604 2236 ,
1650 2174 1890 2230 animam

317 2269 440 2312 vero
473 2266 756 2327 propterea
785 2259 1009 2325 lucrari,
1040 2260 1184 2330 quod
1217 2277 1336 2316 eam
1371 2274 1591 2334 propter
1611 2265 1889 2321 Christum

318 2347 736 2420 perdiderimus.

379 2438 472 2496 28.
515 2440 650 2497 Illud
683 2449 861 2497 autem
888 2444 902 2475 ¹
937 2463 949 2498 :
983 2463 1002 2495 ι
1037 2444 1143 2498 Aut
1169 2461 1330 2514 quam
1363 2447 1511 2502 dahit
1543 2446 1706 2538 homoo
1733 2465 1888 2505 com-

314 2534 666 2589 mutationem
693 2551 792 2606 pro
821 2536 1004 2590 anima
1033 2538 1166 2592 sua?
1208 2558 1223 2588 ι
1263 2539 1308 2594 si
1341 2534 1885 2596 (iubilantcr'dictum

313 2626 383 2682 sit
403 2665 418 2688 ,
453 2628 739 2682 ostendere
767 2643 929 2698 posse
954 2629 1258 2694 videbitur,
1285 2646 1407 2684 eum
1449 2653 1466 2683 ι
1502 2637 1886 2689 commutatio-

309 2732 432 2772 nem
477 2718 607 2773 dare
653 2733 752 2788 pro
775 2721 956 2774 anima
989 2733 1112 2788 sua,
1147 2735 1166 2774 ι
1213 2725 1306 2793 qui
1343 2729 1464 2793 post
1490 2719 1729 2781 admissa
1757 2743 1885 2797 pec-

309 2815 428 2865 cata
476 2810 767 2868 facultates
823 2825 1019 2869 omnes
1065 2816 1352 2870 tradiderit
1400 2829 1510 2886 quo
1563 2819 1720 2875 bonis
1769 2821 1888 2890 ejus

311 2917 576 2974 pauperes
625 2917 939 2976 pascantur,
992 2909 1150 2977 quasi
1177 2921 1272 2977 per
1307 2910 1358 2964 id
1386 2911 1616 2966 salutem
1661 2913 1887 2982 adeptu-

311 2983 440 3059 rus;
495 2995 581 3049 sin
631 3004 1046 3062 asseVeranter,
1076 2998 1128 3052 id
1165 3001 1452 3056 ostendere
1483 3002 1717 3057 arbitror
1750 3003 1887 3058 nihil

311 3085 513 3144 habere
536 3083 834 3156 hominem,
856 3089 1002 3158 quod
1031 3104 1155 3144 cum
1178 3091 1386 3146 dederit
1407 3101 1665 3164 tanquam
1697 3113 1715 3146 ι
1743 3109 1889 3150 eom-

311 3178 665 3234 mutationem
713 3191 813 3249 pro
863 3181 1044 3236 anima
1094 3197 1192 3237 sua
1226 3203 1246 3236 ι
1295 3185 1398 3239 sub
1440 3185 1646 3240 ditione
1694 3188 1888 3243 mortis

312 3270 629 3338 constituta,
660 3286 778 3327 eam
807 3283 1075 3342 potestate
1099 3275 1245 3330 illius
1270 3273 1478 3331 liberet.
1523 3275 1889 3335 Nihilominus

1996 1982 2324 2054 ζημιοῦσθαι
2369 1982 2459 2035 τὸν
2503 1983 2727 2052 κόσμον,
2758 1980 2792 2049 ἢ
2825 1979 2913 2032 διά
2947 1978 3011 2031 τὸ
3035 1978 3336 2050 κερδαίνειν
3363 1976 3454 2032 τὸν
3486 1977 3578 2030 κόο

1998 2091 2132 2144 σμον
2183 2073 2508 2144 ζημιοῦσθαι
2551 2072 2649 2142 τὴν
2696 2069 2895 2140 ψυχὴν,
2947 2067 3130 2138 πολλῷ
3181 2067 3382 2138 μᾶλλόν
3431 2069 3579 2120 ἐστιν

1995 2164 2353 2237 αἱρετώτερον
2395 2162 2736 2233 ζημιωθῆναι
2773 2162 2871 2232 μὲν
2902 2162 3052 2230 ἡμᾶς
3077 2160 3168 2212 τὸν
3196 2159 3423 2230 κόσμον,
3450 2175 3579 2230 κερ-

1995 2258 2153 2328 δῆσαι
2178 2258 2235 2310 δὲ
2263 2257 2362 2322 τὴν
2387 2256 2562 2328 ψυχὴν
2597 2256 2660 2308 ὲκ
2685 2253 2777 2307 τοῦ
2808 2253 2897 2306 διὰ
2918 2252 3153 2324 Χριστὸν
3182 2253 3352 2324 αὐτὴν
3380 2253 3577 2306 ἀπολέ-

1997 2365 2110 2400 σαι.

2065 2456 2139 2509 Τδ
2165 2454 2250 2508 δέ·
2287 2473 2305 2506 ι
2347 2454 2416 2506 Ἢ
2457 2453 2512 2506 τί
2553 2451 2714 2505 δώσει
2747 2451 2857 2521 (7'5)
2895 2451 3178 2522 ἅνθρωπος
3219 2447 3574 2518 ἀντάλλαγμα

1993 2549 2092 2618 τῆς
2119 2547 2296 2618 ψυχῆς
2328 2544 2522 2608 αὐτοῦς
2563 2564 2580 2594 ›
2608 2543 2750 2610 δόξει
2776 2544 2873 2612 μὲν
2899 2541 3320 2618 ἐπαπορητικιῖκ
3350 2539 3576 2611 εἰρημέ-

2000 2617 2084 2691 νον
2111 2617 2369 2690 δύνασθαι
2395 2631 2588 2704 δηλοῦν
2615 2633 2707 2685 καὶ¹
2730 2632 2792 2685 τὸ
2814 2632 2925 2701 (74)
2947 2617 3187 2707 δοῦναιῖι
3219 2630 3574 2698 ἀντάλλαγμα

1994 2729 2092 2797 τῆς
2118 2727 2295 2798 ψυχῆς
2319 2723 2505 2787 αὑτοῦ,
2542 2743 2560 2775 ι
2595 2723 2732 2794 μετά
2752 2721 2849 2787 τὰς
2869 2723 3144 2794 ἁμαρτίας
3165 2723 3295 2793 ὃλην
3317 2720 3574 2775 ἀποδεδο-

2001 2819 2158 2889 μένον
2190 2819 2288 2888 την
2317 2817 2525 2879 οὐσίαν,
2553 2815 2642 2869 ἴνα
2664 2815 2887 2889 ψωμίοῃ
2909 2817 3149 2887 πένητας
3169 2813 3239 2887 τὰ
3260 2814 3578 2884 ὑπάρχοντι

1995 2914 2181 2977 αὐτοῦ,
2201 2913 2277 2978 ὡς
2303 2913 2389 2966 διὰ
2411 2913 2603 2967 τούτου
2632 2912 3010 2983 σωθησόμενος
3031 2929 3045 2943 ·
3075 2911 3168 2964 καὶ
3199 2903 3576 2978 ἁποςεαντικῶς

1993 3007 2039 3060 δ”
2053 3003 2204 3078 οἶμαι
2222 3005 2436 3077 δηλοῦν,
2455 3007 2535 3060 ότι
2557 3006 2656 3059 οὐκ
2681 3005 2796 3058 ἐστι
2819 3022 2870 3057 τι
2893 3004 2970 3074 τῷ
2986 3003 3278 3074 ἀνθρώπῳ,
3305 3004 3442 3073 ὅπερ
3459 3002 3576 3065 δοὺς

1996 3104 2072 3164 ὡς
2107 3118 2126 3151 ί
2162 3099 2512 3170 ἀντάλλαγμα
2539 3098 2638 3167 τῆς
2667 3096 2842 3168 ψυχῆς
2874 3080 3098 3148 ἑαυτοῦι
3161 3093 3578 3166 κεκρατημένης

1999 3189 2102 3245 ὑπὸ
2128 3190 2222 3245 τοῦ
2247 3186 2500 3257 θανάτου,
2531 3188 2864 3262 λυτρώσεται
2893 3187 3062 3260 αὐτὴν
3088 3189 3153 3240 ὲκ
3179 3187 3359 3258 χειρὸς
3389 3184 3577 3240 αὐτοῦ.

2001 3281 2319 3355 Ἀνθρωπος
2344 3283 2444 3354 μὲν
2471 3277 2565 3336 οὖν
2596 3282 2696 3335 οὐκ
2722 3281 2786 3334 ἂν
2815 3279 2925 3350 δῴη
2953 3295 3005 3334 τι
3039 3296 3057 3328 ι
3095 3278 3446 3348 ἀντάλλαγμα
3481 3277 3578 3348 τῆς

312 3364 517 3418 nullam
571 3363 736 3421 homo
785 3366 916 3422 dare
973 3377 1138 3438 queat
1191 3388 1209 3422 ι
1259 3371 1740 3426 commutationem
1793 3389 1890 3443 pro

1997 3373 2169 3447 ψυχῆς
2190 3373 2384 3429 αὑτοῦ·
2421 3394 2439 3427 ι
2471 3374 2602 3438 Θεὸς
2625 3374 2681 3428 δὲ
2705 3373 2804 3445 τῆς
2828 3371 3044 3425 πάντων
3074 3369 3232 3441 ἡμῶν
3253 3369 3431 3440 ψυχῆς
3453 3370 3576 3422 ἀντ-

1522 3523 1752 3583 VETUS
1790 3524 2375 3584 INTERPRETATlO.

317 3696 340 3731 ι
375 3675 619 3752 Abneget
644 3678 1021 3748 semetipsum,
1045 3687 1100 3734 et
1123 3680 1274 3752 tollat
1301 3695 1518 3752 crucem
1546 3695 1792 3752 suam.)
1828 3678 1931 3748 Qui
1957 3681 2104 3737 enim
2133 3683 2368 3750 denegat
2397 3699 2476 3748 se,
2503 3691 2557 3737 et
2589 3683 2729 3738 tollit
2762 3698 2979 3738 crucem
3012 3698 3194 3745 suam,
3229 3651 3345 3752 ipse
3369 3688 3453 3735 est
3479 3680 3575 3749 qui

311 3749 492 3821 perdit
518 3749 759 3823 animam
784 3765 941 3804 suam
971 3751 1513 3823 propterChristum,
1535 3761 1602 3823 _et_
1628 3749 1881 3822 perdens,
1913 3752 2111 3810 melius
2137 3769 2259 3808 eam
2280 3749 2484 3808 salvat.
2517 3752 2584 3808 Et
2611 3755 2705 3823 qui
2738 3753 2916 3823 perdit
2947 3753 3184 3807 animam
3215 3749 3374 3823 suam
3401 3767 3573 3820 quam

313 3819 448 3894 tum“
466 3819 532 3894 ad
557 3819 868 3894 voluntates
891 3822 1163 3887 carnales,
1199 3821 1317 3894 ipse
1340 3830 1426 3894 est
1453 3821 1546 3892 qui
1574 3819 1803 3890 denegat
1835 3837 1914 3884 se,
1951 3832 2006 3878 et
2043 3823 2244 3878 tollens
2268 3838 2486 3878 crucem
2518 3819 2766 3894 sequitur
2789 3823 3094 3894 Christum.
3147 3841 3165 3872 ι

3204 3820 3345 3887 Quid
3391 3829 3576 3874 autem

353 3889 532 3944 reiicit
557 3889 742 3963 homo,
776 3889 822 3942 si
853 3898 1026 3963 totum
1058 3887 1624 3963 mund—umlucr'etur,
1657 3887 1856 3963 animae
1879 3901 2060 3946 autem
2091 3909 2204 3948 suae
2235 3887 2622 3948 detrimentum
2656 3893 2853 3948 faciat?
2885 3913 2904 3944 ι
2941 3889 3080 3948 Ριιιο
3115 3890 3259 3963 quod
3310 3887 3579 3944 mundum

338 3970 575 4033 geretur,
613 3959 708 4026 qui
743 3973 851 4012 non
881 3959 1136 4033 abnegat
1163 3961 1542 4030 semetipsum,
1569 3977 1670 4016 nec
1691 3962 2063 4033 tollitcrucem
2101 3980 2258 4018 suam
2287 3972 2342 4019 et
2371 3964 2621 4033 sequitur
2648 3963 2962 4027 Christum,
3008 3959 3312 4018 secundum
3349 3975 3410 4033 ea
3449 3974 3576 4033 qua:

313 4029 590 4102 disimtts,
638 4044 737 4082 nec
769 4029 945 4102 perdit
979 4029 1220 4102 animam
1259 4029 1416 4102 suam
1441 4041 1706 4102 quantum
1744 4029 1810 4085 ad
1839 4033 2148 4102 voluntates
2167 4034 2416 4102 carnales
2436 4029 2466 4098 ,’
2489 4042 2549 4086 ut
2587 4033 2758 4088 salvet
2802 4049 2923 4088 eam
2976 4033 3029 4086 in
3063 4029 3578 4102 conversationibus

317 4098 680 4171 spiritalibus,
708 4100 802 4171 cui
823 4101 1060 4171 mundus
1088 4116 1197 4154 non
1232 4098 1572 4171 cruciﬁgitur
1599 4102 1655 4154 in
1688 4116 1859 4171 cruce
1879 4100 2096 4157 Domini
2127 4103 2298 4158 nostri
2340 4101 2470 4158 Jesu
2508 4103 2734 4158 Christi.
2767 4102 2868 4156 Cui
2903 4113 3088 4157 autem
3135 4117 3244 4155 non
3299 4099 3577 4171 cruciﬁgi-

315 4178 408 4223 ιι·
429 4169 688 4243 mundus,
709 4170 839 4243 ipse
870 4169 999 4224 facit
1027 4171 1224 4225 anima:
1253 4185 1368 4243 sua
1395 4169 1812 4243 detrimentum.
1842 4169 1967 4243 Ideo
1995 4173 2216 4228 duobus
2245 4173 2404 4228 nobis
2433 4173 2753 4243 propositis,
2783 4173 2918 4243 utisi
2949 4172 3288 4243 voluerimus
3339 4169 3570 4243 lucrari,

315 4240 607 4313 perdamus
623 4239 846 4313 animas
876 4250 1091 4313 nostras
1125 4259 1140 4296 :
1173 4249 1270 4313 aut
1296 4241 1341 4296 si
1370 4241 1833 4313 animas_nostras
1862 4241 2202 4298 voluerimus
2241 4238 2486 4308 lucrari,
2523 4238 2818 4313 perdamus
2851 4242 2998 4297 hunc
3047 4241 3312 4313 mundum
3347 4257 3361 4293 :
3399 4238 3581 4313 magis

313 4317 399 4364 est
425 4309 736 4380 eligendum
761 4316 822 4364 ut
850 4312 1113 4366 mundum
1135 4311 1454 4381 perdamus,
1491 4318 1546 4365 et
1591 4311 1869 4366 lucremur
1902 4313 2119 4368 animas
2145 4322 2388 4378 nostras,
2421 4327 2488 4368 ex
2524 4309 2602 4368 'eo
2635 4313 2779 4384 quod
2813 4321 3034 4383 propter
3072 4310 3353 4366 Christum
3385 4309 3578 4378 perdi-

315 4393 442 4434 ΙΙΝΙΕ
473 4394 588 4434 0³5.

385 4449 477 4504 28.
515 4466 532 4498 ι
571 4449 678 4523 Aut
701 4464 866 4523 quam
897 4449 1048 4523 dabit
1073 4451 1556 4523 commutationem
1587 4452 1748 4523 homo
1780 4467 1879 4520 pro
1904 4451 2086 4506 anima
2114 4453 2239 4507 sua?
2279 4471 2301 4504 ι
2335 4442 2392 4506 in
2420 4451 2594 4521 prima
2623 4451 2846 4523 quidem
2874 4451 3014 4509 facie
3030 4447 3402 4523 commutatio
3453 4450 3578 4523 ani-3

316 4534 421 4574 mae
441 4518 889 4591 est_subs_t_ant_ia,_
914 4529 973 4575 ut
995 4521 1088 4574 det
1114 4520 1475 4591 substantiam
1510 4537 1666 4575 suam
1698 4518 1862 4574 hoino
1890 4522 2240 4590 pauperibus,
2269 4533 2323 4576 et
2344 4518 2518 4576 sal'vet
2545 4518 2785 4577 aniinam
2815 4539 2998 4578 suam.
3029 4521 3171 4576 Puto
3197 4529 3380 4591 autem
3427 4519 3575 4591 quod

316 4603 426 4644 non
457 4588 618 4643 habet
641 4589 842 4657 aliquis
876 4589 1041 4645 homo
1069 4590 1215 4660 quod
1250 4591 1387 4646 dans
1414 4593 1572 4661 quasi
1599 4588 2081 4646 commutationem
2115 4594 2313 4647 animae
2341 4607 2458 4647 suae
2489 4609 2613 4662 qua:
2641 4601 2856 4650 tenetur
2883 4608 2916 4648 a
2955 4601 3133 4649 morte
3152 4634 3168 4658 ,
3213 4590 3417 4646 liberat
3443 4588 3570 4647 eam

386 4745 433 4778 ”
463 4743 654 4802 Matth.
679 4761 793 4810 1m,
817 4745 908 4802 26.
988 4747 1003 4777 ¹
1028 4743 1161 4800 ibid.

391 4899 502 4974 (73)
553 4905 632 4975 Τὸν
656 4901 751 4959 δέ·
789 4905 860 4960 Ἦ
892 4904 949 4959 τί
975 4904 1174 4970 δώσει,
1209 4913 1315 4975 etc.
1371 4902 1497 4960 Haec
1526 4903 1690 4960 etiam
1725 4905 1889 4960 habet

1997 4905 2108 4961 suis
2158 4905 2339 4975 facere
2385 4905 2580 4975 dignas
2637 4905 3012 4975 eleemosynas
3059 4904 3372 4974 negligunt,
3410 4903 3574 4971 juxta

315 4987 483 5042 supra
519 4974 771 5029 laudatus
805 4987 1084 5032 comment.
1122 4978 1175 5030 in
1205 4974 1376 5029 Marc.
1400 4991 1520 5040 vui,
1545 4975 1635 5028 37.

389 5043 524 5115 (ιιι
552 5046 852 5115 Δύνασθαι
889 5045 1121 5114 δηλοῦν
1168 5047 1263 5115 καὶ
1316 5050 1404 5108 τὸ,
1448 5055 1553 5099 etc.
1603 5043 1714 5099 Hos
1757 5059 1891 5100 con-

316 5110 460 5188 fu_tat
491 5110 752 5188 Origenes
797 5117 889 5188 qui
937 5110 1004 5171 ex
1045 5117 1152 5172 illis
1180 5113 1343 5188 Lucae
1388 5115 1588 5188 verbis,
1645 5129 1886 5188 eap._xt:

321 5205 342 5240 ι
366 5186 502 5240 Date
528 5185 951 5253 eleemosynam,
979 5195 1034 5240 et
1059 5186 1242 5242 omnia
1276 5185 1478 5240 munda
1511 5193 1634 5240 sunt
1669 5186 1885 5246 vobiszi

314 5263 368 5312 et
399 5273 466 5313 ex
505 5255 613 5311 illis
635 5245 824 5312 Jacobi
851 5273 913 5322 ιι,
939 5245 1041 5310 l5:
1074 5275 1092 5308 ι
1123 5253 1394 5310 Judicium
1445 5255 1591 5309 enim
1639 5255 1758 5310 sine
1787 5245 1892 5310 mi-

319 5325 618 5382 sericordia
651 5327 727 5382 illi
759 5329 852 5396 qui
887 5341 992 5381 non
1039 5326 1166 5382 fecit
1205 5325 1634 5381 misericordiam
1657 5366 1671 5389 ,
1703 5345 1720 5376 ι
1771 5327 1892 5380 exi-

315 5399 546 5452 stimare
581 5395 835 5468 poterant
863 5398 930 5451 ad
957 5397 1218 5452 eluendas
1239 5395 1609 5468 quorumlibet
1643 5403 1894 5468 peccato-

317 5482 439 5520 rum
493 5467 685 5523 sordes
737 5468 788 5522 id
835 5483 1005 5522 unum
1048 5483 1171 5522 esse
1221 5467 1375 5529 satis,
1421 5480 1583 5534 quam
1628 5467 1796 5519 multa
1837 5467 1891 5518 in

322 5551 588 5605 pauperes
627 5552 876 5606 erogare,
910 5537 1372 5607 quemadmodum
1399 5535 1743 5607 Augustinus
1790 5549 1890 5588 au-

320 5614 438 5659 ctor
474 5615 558 5660 est
593 5623 690 5662 sua
734 5605 785 5662 id
824 5605 981 5662 astate
1024 5625 1053 5661 a
1081 5606 1356 5661 nonnullis
1391 5605 1560 5660 fuisse
1588 5606 1890 5659 creditum:

322 5674 404 5727 sie
435 5675 580 5744 enim
629 5677 717 5731 ille
755 5677 848 5731 lib.
890 5694 925 5731 ιι
961 5673 1034 5730 De
1069 5678 1212 5731 civit.
1253 5675 1370 5743 Dei,
1403 5691 1527 5744 cap.
1549 5673 1621 5728 ιιι
1653 5691 1665 5725 :
1698 5692 1715 5725 ι
1737 5675 1899 5728 Com-

323 5744 436 5810 peri
469 5743 628 5815 etiam
671 5747 936 5814 quosdam
971 5756 1162 5815 putare
1204 5762 1300 5800 eos
1330 5743 1709 5798 tantummodo
1740 5758 1897 5815 arsu-

327 5825 418 5866 ros
470 5811 612 5868 illius
663 5811 987 5870 aétcrnitate'
1018 5815 1300 5876 sunnlicni,
1361 5815 1453 5876 qui
1511 5829 1608 5877 pro
1659 5813 1897 5876 peccatis

1995 4977 2128 5030 illud
2155 4974 2341 5030 Jacobi
2373 4994 2385 5030 :
2431 4974 2705 5030 Iudicium
2755 4974 2930 5029 autem
2968 4975 3082 5028 sine
3128 4975 3496 5028 misericordia
3529 4977 3581 5027 ei

1994 5047 2086 5116 qui
2117 5061 2219 5100 non
2261 5047 2385 5115 fecit
2429 5046 2871 5100 misericordiam.
2925 5043 3030 5110 Qui
3073 5059 3204 5114 ergo
3253 5044 3464 5106 fecerit,
3496 5044 3575 5116 in-

2000 5115 2218 5186 quiunt,
2249 5117 2502 5185 quamvis
2541 5131 2727 5171 mores
2770 5115 2821 5168 in
2868 5115 3061 5169 melius
3106 5129 3216 5186 non
3259 5115 3579 5186 mutaverit,

1997 5181 2093 5240 sed
2125 5181 2280 5240 inter
2298 5188 2443 5254 ipsas
2477 5201 2606 5241 suas
2639 5187 3014 5254 elecmosynas
3043 5181 3248 5254 nefarie
3284 5200 3349 5238 ac
3378 5184 3576 5252 nequi-

2003 5266 2085 5310 ter
2111 5253 2334 5320 vixerit;
2364 5256 2629 5326 judicium
2667 5256 2742 5309 illi
2772 5253 2896 5326 cuni
2933 5253 3305 5326 misericordia
3335 5255 3578 5306 futurum

1999 5331 2102 5388 est,
2145 5334 2206 5380 ut
2247 5335 2340 5380 aut
2368 5324 2531 5379 inulla
2578 5324 2932 5379 damnatione
2978 5325 3260 5393 plectatur,
3311 5333 3409 5377 aut
3456 5331 3582 5393 post

2002 5396 2224 5464 aliquod
2277 5408 2507 5464 tempus,
2555 5395 2668 5450 sive
2713 5410 2964 5464 parvum,
3014 5395 3127 5447 sive
3176 5394 3472 5464 prolixum,
3509 5393 3582 5448 ab

2003 5463 2107 5518 illa
2133 5463 2483 5520 damnatione
2531 5463 2809 5518 liberetur.
2847 5483 2866 5514 ι
2914 5463 3180 5517 Audirent
3230 5463 3304 5516 illi
3343 5465 3580 5532 Aposto-

2003 5534 2112 5587 lum
2151 5534 2314 5588 lCor.
2340 5551 2436 5588 xm
2466 5552 2478 5586 :
2513 5555 2530 5586 ι
2560 5535 2615 5588 Si
2647 5535 2977 5588 distribuere
3009 5533 3060 5586 in
3092 5534 3243 5586 cibos
3276 5547 3577 5603 pauperum

2005 5617 2197 5658 omnes
2251 5604 2532 5660 facultates
2590 5619 2779 5665 ineas,
2843 5614 2898 5658 et
2945 5604 2990 5658 si
3043 5603 3317 5658 trai‘lidero
3373 5619 3579 5672 corpus

2004 5686 2184 5726 meum
2232 5675 2303 5727 ita
2347 5685 2405 5728 ut
2457 5675 2701 5736 ardeam,
2753 5673 3071 5727 charitatem
3110 5681 3290 5729 autem
3331 5687 3444 5730 non
3475 5673 3578 5729 hu-

2007 5741 2196 5810 buero,
2233 5744 2367 5798 nihil
2399 5744 2530 5798 mihi
2561 5744 2798 5813 prodest.
2840 5763 2857 5794 ι
2925 5741 3185 5798 Hunnus.
