4100 6424
406 308 545 362 1059
1845 286 2175 343 οιιξίῑκκιδ
3523 281 3666 334 ιυοο

402 421 610 479 mundo
632 419 698 483 ⁸⁸,
730 436 751 470 ι
775 419 846 471 ita
883 416 1138 470 inimicus
1163 414 1329 476 illius.
1372 427 1522 467 tnors
1556 411 1781 473 scilicet,
1814 410 1968 478 panis

2083 406 2246 468 διδοὺς
2279 404 2356 474 τῷ
2391 403 2596 473 κόσμῳ,
2639 420 2656 453 ι
2710 402 2880 464 οὓτως
2929 403 2958 453 6
2990 400 3179 471 ἐχθρὸς
3225 396 3372 467 αὐτῷ
3413 397 3666 465 Θάνατος,

403 523 486 567 est
521 522 788 566 mortuus.
843 508 1032 562 Omnis
1078 522 1207 575 ergo
1241 505 1420 559 anima
1472 505 1682 557 ratione
1725 501 1972 570 pnedita.

404 608 485 661 Vel
521 607 666 667 vivo,
700 603 780 656 vel
811 610 1028 654 mortuo
1060 615 1198 668 pane
1237 598 1498 661 vescitur,
1526 597 1655 649 dum
1695 595 1868 646 bonas
1895 593 1975 645 vel

406 712 600 765 pravas
628 670 913 760 opiniones
943 692 1200 746 admittit.
1223 689 1424 743 Deinde
1440 685 1896 756 quemadmodum
1923 684 1976 736 in

407 786 687 840 vilioribus
711 785 848 838 cibis
891 783 1176 851 contingit,
1220 790 1280 835 ut
1322 791 1713 847 nonnunquam
1749 775 1783 828 ii
1813 777 1979 843 degu-

403 887 618 932 stentur
667 877 869 942 solum,
919 876 1250 944 quandoque
1286 888 1413 927 vero
1461 872 1664 925 alfatim
1710 868 1976 932 edantur;

403 969 475 1024 ita
510 969 639 1024 etin
673 968 780 1021 illis
802 967 1059 1036 panibus,
1089 967 1133 1018 is
1153 966 1372 1035 quidem
1399 963 1618 1032 parcius
1647 977 1742 1015 eos
1767 967 1976 1013 tantum

401 1061 649 1114 delibans
683 1060 923 1128 attingit,
956 1058 1045 1112 ille
1095 1072 1224 1111 vero
1276 1057 1360 1109 his
1411 1054 1811 1124 ingurgitatur;
1842 1059 1892 1102 et
1933 1049 1979 1102 is

401 1153 621 1222 quidem
651 1153 743 1221 qui
772 1152 950 1205 bonus
983 1159 1086 1214 est,
1119 1152 1203 1205 vel
1243 1148 1308 1202 ad
1349 1147 1399 1201 id
1447 1146 1674 1201 tendens
1707 1153 1766 1196 ut
1800 1143 1978 1194 bonus

400 1245 614 1306 evadat,
649 1258 788 1312 pane
818 1243 941 1295 vivo
980 1250 1032 1294 et
1073 1239 1166 1310 qui
1217 1240 1285 1294 de
1331 1239 1470 1294 ccelo
1525 1235 1846 1299 descendit;
1879 1247 1978 1286 ne-

400 1351 565 1404 quam
619 1350 750 1388 vero
789 1348 929 1402 pane
978 1343 1216 1396 mortuo,
1258 1333 1351 1402 qui
1407 1339 1656 1384 mortuus
1701 1337 1804 1381 est.
1853 1325 1915 1379 Et
1943 1326 1978 1379 ii

403 1428 639 1482 fortasse
667 1426 760 1496 qui
794 1441 918 1480 raro
941 1437 994 1480 et
1025 1425 1215 1479 leviter
1245 1434 1502 1493 peccant,
1532 1429 1763 1475 mortem
1801 1421 1978 1474 solum

402 1520 720 1587 degustant;
744 1518 838 1588 qui
866 1533 997 1572 vero
1019 1519 1272 1571 virtutem
1299 1515 1530 1585 amplexi
1555 1523 1704 1575 sunt,
1732 1528 1800 1566 ne
1830 1513 1978 1566 illam

403 1608 623 1677 quidem
649 1609 959 1677 degustant,
999 1606 1094 1661 sed
1136 1621 1350 1674 seraper
1393 1619 1530 1674 parte
1573 1603 1698 1657 vivo
1736 1602 1978 1656 aluntur.

2078 499 2240 570 ἄρτος
2269 498 2383 550 ἐστὶ
2423 498 2630 565 νεκρός.
2665 497 2822 549 Πᾶσα
2855 494 2910 546 δὲ
2939 493 3130 565 λογικὴ
3159 492 3304 563 ψυχὴ
3338 493 3455 561 ἦτοι
3503 490 3667 554 ζῶντι

2078 589 2332 660 τρέφεται
2359 588 2567 658 aptos
2604 585 2802 658 νεκρῷ,
2841 586 2908 638 δι’
2943 579 3018 637 ὧν
3051 583 3418 655 παραδέχεται
3456 579 3668 651 δογμά-

2078 699 2184 733 των
2219 683 2449 734 ἀστείων
2487 681 2518 750 ἢ
2565 679 2801 747 φαύλων.
2851 670 2964 730 Εἶθ’
2999 676 3188 747 ὥσπερ
3232 675 3380 727 ἐστιν
3429 672 3520 727 ἐπὶ
3559 672 3666 725 τῶν

2079 773 2398 842 κοινοτέρων
2427 769 2643 842 τροφῶν
2681 769 2810 821 ποτὲ
2867 768 2964 838 μὲν
3008 766 3190 819 αὐτῶν
3223 763 3522 833 γεύσασθαι
3569 759 3674 833 μόὲ

2079 881 2189 926 νον,
2223 864 2351 916 ποτὲ
2375 863 2431 916 δὲ
2461 862 2552 914 ἐπὶ
2594 861 2776 913 πλεῖον
2818 859 2996 914 αὐτῶν
3025 858 3247 923 ἐσθίειν,
3278 855 3424 908 οὕτω
3450 855 3546 906 καὶ
3576 854 3671 906 ἐπὶ

2079 951 2439 1005 τούτων-τῶν
2495 949 2677 1020 ἄρτων
2729 951 2760 1001 6
2823 949 2920 1019 μέν
2975 964 3062 1010 τις
3114 944 3454 1014 ἐνδεέστερον
3499 941 3671 996 ἐσθίει

2080 1045 2371 1113 γευόμενος
2407 1041 2606 1105 αὐτῶν,
2637 1043 2665 1094 6
2697 1041 2753 1092 δὲ
2798 1040 2890 1093 καὶ
2929 1039 3277 1108 ἐμφορεῖται,
3325 1033 3529 1102 ἀγαθὸς
3567 1034 3672 1104 μὲν

2080 1131 2234 1202 dmi}
2276 1132 2475 1184 ὁδεύων
2506 1131 2599 1183 ἐπὶ
2628 1130 2689 1182 τὸ
2741 1129 2946 1197 ἀγαθὸς
2983 1124 3142 1191 εἶναι,
3196 1125 3288 1178 τοῦ
3329 1123 3532 1189 ζῶντος
3570 1125 3672 1194 ἄρ-

2080 1244 2170 1279 του
2205 1226 2299 1278 καὶ
2334 1225 2392 1290 ἐξ
2437 1221 2668 1294 ούρανοῦ
2705 1220 3164 1290 καταϐεϐηκότος,
3183 1216 3458 1288 μοχθηρὸς
3488 1216 3545 1268 δὲ
3571 1215 3671 1268 τοῦ

2079 1315 2277 1384 νεκροῦ
2304 1315 2490 1386 ἄρτου,
2520 1315 2579 1378 ὃς
2607 1317 2756 1367 ἐστιν
2783 1314 2813 1365 6
2855 1312 3105 1374 θάνατος.
3139 1310 3248 1362 Καὶ
3289 1309 3432 1378 τάχα
3469 1309 3520 1360 οῖ
3567 1307 3670 1377 μὲν

2083 1409 2324 1471 σπανίως
2383 1409 2477 1460 καὶ
2531 1405 2702 1478 μικρὰ
2751 1403 3156 1474 ἁμαρτάνοντες
3202 1400 3366 1470 μόνον
3412 1397 3671 1467 γεύονται

2082 1499 2331 1553 Θανάτου·
2369 1499 2416 1550 οἱ
2450 1497 2506 1550 δὲ
2529 1495 2730 1567 ἀρετὴν
2763 1493 3110 1563 ἀνειληφότες
3133 1491 3254 1544 οὐδὲ
3286 1489 3535 1559 γεύονται
3568 1488 3671 1541 αύ-

2082 1591 2195 1655 τοῦ,
2230 1589 2346 1644 ἀλλ’
2370 1589 2455 1643 ἀεὶ
2488 1590 2637 1659 ἄρτῳ
2669 1586 2957 1658 τρέφονται
2989 1583 3172 1647 ζῶντι.
3215 1581 3532 1652 ’Δκόλουθρν
3573 1575 3674 1634 οὖν

405 1674 564 1754 Detro
599 1674 783 1768 igitur,
815 1699 1075 1752 adversus
1097 1713 1258 1766 quem
1283 1712 1389 1752 non
1413 1695 1784 1765 praevalebunt
1811 1701 1981 1764 portae

2083 1679 2149 1754 ἦν
2191 1682 2272 1753 τῷ
2313 1682 2524 1751 Πέτρῳ,
2573 1675 2634 1734 οὗ
2669 1679 2831 1732 πύλαι
2877 1677 3002 1748 ᾅδου
3049 1677 3109 1729 ού
3152 1674 3564 1746 κατισχύσουσι,
3607 1674 3674 1726 τὸ

403 1789 559 1843 inferi
581 1789 956 1852 rconveniebat
975 1798 1199 1842 mortem
1229 1803 1335 1842 non
1357 1788 1665 1856 degustare,
1689 1801 1815 1840 eum
1840 1800 1981 1839 mor-

2086 1775 2221 1845 μηδὲ
2254 1771 2553 1842 γεύσασθαι
2587 1771 2840 1834 θανάτου,
2875 1769 2996 1822 ἐπεὶ
3023 1769 3143 1820 τότε
3170 1767 3390 1836 γεύεται
3413 1765 3670 1825 Θανάτου,

401 1892 508 1937 tem
537 1881 811 1951 quispiam
846 1889 960 1933 tum
991 1880 1262 1949 degustet,
1292 1888 1349 1935 et
1378 1880 1504 1932 edat
1542 1894 1667 1932 cum
1714 1878 1979 1933 adversus

400 1989 523 2028 eum
573 1983 743 2042 porta:
797 1969 956 2026 inferi
1011 1972 1373 2041 pra-valitura;
1419 1980 1593 2034 sunt;
1632 1979 1687 2024 et
1745 1977 1977 2024 mortem

401 2067 672 2135 degustet,
699 2064 783 2118 vel
814 2065 939 2117 edat
980 2079 1041 2116 ea
1085 2064 1293 2117 ratione
1324 2079 1430 2133 qua
1481 2064 1604 2132 plus
1655 2061 1738 2116 vel
1774 2061 1978 2126 minus,

401 2165 496 2210 aut
519 2155 706 2225 plures
741 2154 821 2207 vel
855 2154 1142 2222 pauciores
1175 2153 1332 2207 inferi
1367 2161 1536 2223 portae
1561 2152 1826 2206 adversus
1851 2167 1976 2204 eum

403 2243 716 2317 pradalent.
749 2243 854 2300 Sed
885 2261 983 2300 nec
1015 2245 1129 2298 fieri
1157 2255 1367 2314 poterat
1397 2254 1454 2299 ut
1487 2246 1725 2299 tonitrus
1747 2244 1839 2297 lilii
1859 2243 1924 2307 ",
1943 2259 1972 2297 a

405 2338 630 2400 tonitru,
657 2353 777 2406 quia:
802 2353 890 2392 res
915 2347 998 2392 est
1021 2338 1279 2404 caelatis,
1309 2337 1495 2407 geniti,
1527 2345 1756 2390 mortem
1784 2345 1974 2405 gusta-

404 2437 542 2491 reut,
573 2443 692 2496 quae
711 2443 741 2480 a
766 2428 990 2487 tonitru,
1016 2443 1128 2496 quo
1149 2436 1404 2495 tanquam
1435 2436 1608 2480 matre
1633 2425 1798 2493 geniti
1828 2435 1978 2489 sunt,

404 2519 560 2571 valde
589 2527 795 2572 semina
828 2527 930 2572 est.
963 2517 1087 2572 Haec
1118 2526 1300 2571 autem
1347 2518 1590 2586 praedicit
1626 2517 1865 2572 Verbum
1914 2518 1982 2570 iis

401 2610 499 2677 qui
532 2609 922 2678 perfectionem
955 2610 1201 2677 adepturi
1227 2618 1375 2670 sunt,
1408 2620 1460 2664 et
1483 2625 1547 2664 ex
1572 2625 1638 2663 eo
1663 2609 1809 2679 quod
1840 2607 1984 2676 apud

407 2695 639 2750 Verbum
673 2698 943 2760 steterint,
980 2700 1033 2752 in
1069 2707 1279 2752 tantum
1312 2699 1682 2768 profecerunt,
1724 2707 1783 2752 ut
1829 2713 1981 2752 mor-

401 2799 508 2845 tem
540 2807 644 2843 non
679 2791 1053 2857 degustarent.
1081 2791 1257 2844 donec
1297 2792 1613 2853 adventum,
1642 2798 1698 2843 et
1723 2790 1979 2859 gloriam,

401 2892 456 2936 et
487 2897 712 2952 regnum
741 2882 1008 2960 viderent,
1047 2892 1100 2935 et
1131 2879 1296 2935 Verbi
1323 2880 1420 2934 Dei
1446 2882 1850 2944 excellentiam,
1875 2897 1982 2950 qua

404 2981 626 3043 superat
675 2986 840 3026 ornue
885 2973 1133 3039 verbum,
1183 2973 1552 3027 ostentatione
1603 2972 1848 3026 veritatis
1894 2988 1982 3026 rc-

406 3061 650 3124 traheus,
699 3069 756 3114 et
795 3062 1014 3130 rapiens
1057 3075 1155 3115 eos
1198 3061 1294 3129 qui
1344 3061 1720 3114 distractiunis
1767 3060 1984 3114 vincula

405 3167 680 3221 rumpere,
731 3161 786 3205 et
825 3152 1214 3206 sublimitatem
1259 3152 1594 3207 excellentia:
1641 3150 1804 3206 Verbi
1843 3153 1986 3206 veri-

407 3245 533 3298 tatis
566 3243 931 3297 conscendere
960 3253 1257 3311 nequeunt.

475 3333 639 3406 554
675 3335 763 3387 51.
798 3332 901 3387 Sed
931 3334 1189 3403 quoniam
1226 3334 1365 3388 hanc
1405 3332 1708 3388 Servatoris
1751 3334 1987 3404 promis-

405 3428 638 3491 sionem,
652 3427 823 3496 ipsam
840 3441 944 3480 non
958 3427 1347 3495 degustandam
1366 3437 1616 3490 mortem,
1634 3426 1981 3495 sponsionem

407 3527 650 3587 tempore
672 3507 1121 3572 eiicumscribere
1147 3517 1465 3572 existimare
1487 3518 1756 3588 quispiam
1781 3525 1980 3586 potest,

407 3610 552 3680 quod
583 3624 775 3677 nempe
801 3617 1028 3662 mortem
1063 3625 1170 3662 non
1198 3606 1534 3678 degustaturi
1567 3610 1701 3673 sint,
1745 3627 1764 3660 ι
1808 3609 1982 3663 donec

403 3703 624 3756 videant
647 3699 844 3755 Filium
881 3701 1120 3754 hominis
1147 3701 1448 3754 venientem
1474 3700 1527 3753 in
1555 3715 1720 3769 regno
1743 3715 1843 3755 suo
1866 3700 1934 3767 “;
1957 3719 1975 3752 ι

405 3800 587 3863 postea
617 3808 744 3845 vero
774 3793 918 3845 illam
946 3793 1287 3860 degustaturi
1319 3793 1428 3846 sint
1458 3812 1471 3858 ;
1501 3794 1795 3861 probemus
1824 3793 1982 3862 juxta

406 3882 640 3952 aliquem
687 3881 988 3952 Scriptura:
1036 3898 1196 3936 usum
1228 3897 1442 3947 vocem,
1483 3901 1500 3932 ι
1533 3883 1725 3948 donec,
1759 3901 1776 3933 ι
1816 3883 1882 3938 de
1925 3899 1983 3937 re

405 3971 682 4042 proposita
717 3982 929 4039 tempus
964 3971 1175 4027 instans
1209 3971 1539 4041 signitlcare,
1581 3988 1686 4026 non
1729 3973 1802 4026 ita
1847 3971 1983 4026 defi-

407 4063 580 4118 nitum
620 4070 678 4116 ut
722 4073 866 4135 post,
904 4083 923 4115 ι
954 4064 1150 4128 donec,
1183 4082 1202 4116 ι
1239 4063 1466 4117 omnino
1513 4063 1853 4118 contrarium
1903 4063 1979 4116 rei

2084 1867 2177 1919 καὶ
2198 1865 2367 1918 ἐσθίει
2387 1863 2638 1928 θανάτου,
2656 1864 2744 1915 ὅτε
2773 1861 2937 1914 πύλαι
2961 1859 3084 1932 ᾅδου
3109 1857 3529 1928 κατισχύσουσιν
3554 1856 3670 1927 (97)

2084 1956 2270 2010 αὑτοῦ·
2307 1957 2402 2010 καὶ
2443 1955 2704 2022 ἀνάλογον
2752 1952 2922 2005 ἐσθίει
2959 1953 2992 2024 ἢ
3042 1951 3262 2018 γεύεται
3309 1949 3541 2002 θανάτου
3591 1948 3673 2018 τῷ

2083 2049 2393 2120 κατισχύειν
2425 2047 2588 2102 αὑτοῦ
2625 2047 2718 2098 ἐπὶ
2741 2045 2923 2097 πλεῖον
2955 2043 2987 2114 ἢ
3015 2043 3254 2104 ἔλαττον,
3288 2042 3382 2095 καὶ
3420 2039 3674 2106 πλείονας

2081 2141 2114 2212 ἦ
2147 2142 2434 2202 ἐλάττονας
2467 2139 2592 2210 ᾅδου
2630 2136 2822 2199 πύλας.
2872 2134 3031 2187 Ἀλλὰ
3077 2134 3169 2187 καὶ
3205 2135 3317 2196 τοῖς
3364 2132 3463 2202 τῆς
3516 2132 3677 2204 βρον-

2080 2234 2182 2302 τῆς
2219 2235 2354 2296 υίοῖς
2388 2231 2726 2302 γεννηθεῖσιν
2754 2229 2862 2282 ἀπὺ
2897 2228 3125 2298 βροντῆς
3156 2226 3406 2298 οὐρανίου
3450 2227 3672 2298 χρήμα-

2081 2342 2193 2388 τος,
2246 2323 2506 2377 ἀδύνατον
2556 2317 2624 2391 ἦν
2668 2319 2968 2388 γεύσασθαι
3021 2319 3271 2379 θανάτου,
3328 2316 3422 2370 τοῦ
3465 2317 3680 2387 σφόδρα

2085 2414 2272 2485 πόρρω
2298 2411 2400 2481 τῆς
2429 2411 2630 2482 μητρὸς
2656 2409 2836 2464 αὐτῶν
2873 2407 3118 2480 βροντῆς.
3156 2407 3340 2461 Ταῦτα
3372 2407 3432 2460 δὲ
3460 2424 3676 2478 προφη-

2082 2505 2228 2558 τεύει
2253 2507 2281 2557 6
2312 2504 2483 2571 Λόγος
2503 2506 2613 2564 τοῖς
2640 2500 3173 2570 τελειωθησομένοις,
3197 2501 3292 2552 καὶ
3319 2500 3382 2552 ἐκ
3401 2497 3492 2551 τοῦ
3519 2500 3674 2568 ἑστη-

2085 2597 2239 2651 κέναι
2271 2595 2382 2666 (98)
2415 2594 2566 2667 παρὰ
2591 2593 2670 2663 τῷ
2705 2592 2865 2662 Λόγῳ
2902 2591 2995 2644 ἐπὶ
3020 2591 3271 2645 τοσοῦτον
3307 2589 3677 2662 προκόψασιν,

2083 2687 2224 2742 ὥστε
2257 2687 2454 2750 αὐτοὺς
2493 2685 2628 2756 μηδὲ
2674 2683 2974 2752 γεύσασθαι
3007 2683 3260 2746 Θανάτου,
3295 2682 3398 2744 ἓως
3427 2681 3494 2735 ἄν
3519 2667 3676 2736 [δίεισι

2084 2775 2181 2846 τὴν
2217 2774 2558 2843 ἐπιφάνειαν,
2600 2773 2692 2825 καὶ
2730 2771 2827 2842 τὴν
2881 2771 3060 2838 δόξαν,
3100 2772 3192 2824 καὶ
3229 2772 3330 2842 τὴν
3372 2771 3674 2841 βασιλείαν,

2084 2866 2179 2918 καὶ
2198 2865 2294 2936 τὴν
2329 2863 2602 2936 ὑπεροχὴν
2630 2862 2723 2916 τοῦ
2753 2863 2927 2930 Λόγου
2951 2861 3042 2914 τοῦ
3075 2861 3234 2924 Θεοῦ,
3255 2861 3372 2916 καθ’
3399 2862 3466 2932 ἢν
3498 2863 3674 2933 ὑπωρ-

2085 2958 2200 3028 έχει
2240 2957 2439 3020 παντὸς
2479 2956 2572 3008 τοῦ
2600 2954 3116 3026 ἀντιπρισπῶντος,
3150 2956 3244 3008 καὶ
3291 2955 3674 3024 περιέλκοντος

2087 3052 2246 3118 λόγου
2284 3050 2554 3120 φαντασίᾳ
2591 3049 2846 3118 ἀληθείας
2878 3049 3002 3111 τοὺς
3057 3048 3130 3118 μὴ
3161 3048 3495 3120 δυναμένους
3519 3049 3683 3121 διαρς

2092 3141 2252 3212 ῥῆξαι
2287 3142 2411 3203 τοὺς
2438 3139 2531 3193 τοῦ
2569 3141 2956 3210 περισπασμοῦ
2988 3141 3243 3210 δεσμοὺς,
3289 3142 3383 3192 καὶ
3427 3139 3680 3194 ἀνελθεῖν

2091 3230 2182 3281 ἐπὶ
2209 3228 2266 3281 τὸ
2293 3228 2426 3297 ὕψος
2460 3228 2559 3296 τῆς
2599 3229 2871 3300 ὑπεροχῆς
2900 3228 2994 3280 τοῦ
3021 3229 3118 3299 τῆς
3148 3229 3403 3298 ἀληθείας
3437 3231 3631 3296 Λόγου.

2173 3318 2308 3371 Ἀλλ’
2340 3321 2462 3372 ἐπεὶ
2493 3320 2640 3386 δόξαι
2673 3319 2738 3373 ἄν
2782 3337 2864 3382 τις
2905 3320 3002 3391 τὴν
3039 3320 3131 3374 τοῦ
3159 3322 3407 3391 Σωτῆρος
3435 3323 3675 3390 ἐπαγγε-

2088 3409 2208 3463 λίαν
2261 3411 2587 3482 περιορίζειν
2641 3411 2817 3483 χρόνῳ
2865 3411 2927 3465 τὸ
2977 3412 3052 3484 μὴ
3085 3411 3384 3481 γεύσασθαι
3414 3412 3669 3478 Θανάτου,

2089 3503 2251 3556 ὅτιού
2284 3503 2570 3570 γεύσονται
2611 3504 2710 3573 μὲν
2748 3504 3001 3567 Θανάτου,
3054 3524 3073 3554 ι
3123 3504 3227 3566 ἕως
3267 3504 3333 3558 ἂν
3379 3505 3528 3558 ἴδωσι
3579 3505 3672 3557 τὸν

2087 3594 2213 3646 Υἰὸν
2239 3593 2331 3645 τοῦ
2354 3593 2643 3666 ἀνθρώπου
2667 3594 2960 3666 ἐρχόμενον
2985 3597 3041 3646 ὲν
3070 3598 3134 3666 τῇ
3165 3594 3410 3667 βασιλείᾳ
3433 3595 3622 3661 αὑτοῦ,
3648 3617 3667 3648 ι

2088 3687 2224 3756 μετὰ
2245 3686 2302 3740 δὲ
2334 3687 2490 3739 τοῦτο
2511 3687 2794 3754 γεύσονται
2823 3687 3010 3741 αὐτοῦ·
3049 3690 3484 3759 παραστήσωμεν
3529 3690 3675 3743 κατὰ

2085 3795 2207 3831 τινα
2241 3779 2527 3848 συνήθειαν
2551 3780 2651 3850 τῆς
2681 3779 2903 3850 Γραφῆς
2947 3781 3026 3844 τὸ,
3063 3799 3079 3830 ι
3117 3780 3244 3844 ἓως,
3291 3799 3308 3831 ι
3343 3781 3535 3851 δηλοῦν
3579 3784 3674 3836 τὸν

2087 3873 2481 3941 κατεπείγοντα
2510 3874 2640 3942 περὶ
2664 3873 2758 3926 τοῦ
2791 3873 3114 3944 δηλουμένου
3150 3875 3360 3945 χρόνον,
3396 3875 3455 3926 ού
3486 3892 3675 3945 περιο-

2090 3965 2392 4036 ριζόμενον,
2429 3964 2568 4019 ὥστε
2608 3966 2824 4029 πάντως
2859 3964 2998 4036 μετὰ
3033 3964 3094 4018 τὸ
3133 3985 3151 4016 ι
3193 3967 3316 4030 ἕως,
3350 3986 3368 4016 ι
3420 3967 3674 4035 γενέσθαι

2086 4061 2146 4112 τὸ
2169 4061 2409 4114 ἐναντίον
2433 4059 2511 4130 τῷ
2530 4059 2840 4132 δηλουμένῳ
2867 4059 2998 4130 (99).
3033 4060 3169 4131 Φησὶ
3193 4059 3249 4113 δὲ
3281 4063 3310 4114 6
3336 4061 3526 4132 Σωτὴρ
3559 4065 3675 4122 τοῖς

1607 4177 1842 4235 VETUS
1879 4177 2468 4233 ιΝΤΕΒΡΒΕΤΑΤιΟ.

404 4293 784 4365 praevalebant,
814 4301 885 4365 nt
911 4309 1084 4364 neque
1115 4301 1357 4362 gustaret
1385 4303 1611 4365 mortem
1647 4311 1659 4346 :
1691 4293 1955 4365 quoniam
2000 4303 2129 4365 tunc
2159 4293 2282 4361 quis
2309 4299 2494 4365 gustat
2527 4293 2611 4365 vel
2657 4293 2947 4365 manducat
2974 4303 3226 4365 mortem,
3255 4295 3473 4362 quando
3499 4305 3672 4363 portat

405 4361 596 4419 inertis
632 4364 922 4432 prazvalcnt
944 4361 1138 4418 contra
1160 4379 1306 4423 eum.
1337 4363 1418 4416 vel
1446 4379 1656 4431 parum,
1681 4361 1765 4433 vel
1795 4367 2047 4417 multum.
2087 4364 2189 4417 Sed
2220 4372 2273 4416 et
2297 4361 2422 4414 tiliis
2451 4362 2676 4433 tonitrui
2714 4363 2854 4417 natis
2887 4379 2952 4417 ex
2989 4361 3378 4433 magniloquio,
3408 4365 3458 4417 id
3484 4361 3567 4419 est
3596 4382 3666 4420 ex

405 4431 644 4495 tonitru,
669 4433 1006 4501 impossibile
1029 4443 1146 4486 erat
1172 4443 1400 4487 mortem
1429 4443 1666 4502 gustare.
1699 4431 1812 4488 Hoc
1839 4451 1968 4502 ergo
1999 4433 2268 4502 perfectus
2297 4446 2478 4502 sermo
2510 4432 2814 4502 prophetat.
2843 4443 2900 4487 ut
2931 4449 2993 4486 cx
3024 4431 3263 4502 eo'quod
3298 4443 3505 4489 stantes
3538 4448 3672 4490 sunt

406 4505 548 4573 apud
583 4503 840 4568 Verbum,
884 4512 1092 4556 tantum
1142 4501 1449 4573 proficiant,
1479 4513 1538 4556 ut
1571 4519 1744 4571 neque
1775 4501 2010 4573 gustent
2039 4513 2268 4557 mortem
2297 4501 2470 4554 donec
2500 4501 2716 4573 videant
2746 4502 3058 4566 adventum,
3099 4501 3152 4555 et
3185 4503 3434 4569 gloriam,
3479 4514 3530 4558 et
3581 4523 3670 4559 re-

406 4572 595 4642 gnum,
630 4583 682 4623 et
710 4573 1059 4627 eminentiam
1101 4573 1258 4626 Verbi
1287 4572 1376 4626 Dei
1411 4574 1708 4627 secundum
1741 4572 1905 4642 quam
1935 4575 2139 4627 eminet
2168 4587 2331 4642 super
2366 4586 2527 4624 omne
2572 4572 2794 4642 verbum
2824 4573 2967 4642 quod
3000 4573 3177 4627 adhuc
3217 4575 3430 4627 interim
3463 4574 3671 4629 divellit

405 4641 458 4695 et
488 4642 658 4713 trahit
683 4642 927 4713 homines
963 4643 1274 4712 suspicione
1301 4645 1561 4708 veritatis,
1587 4657 1682 4696 eos
1711 4641 1804 4712 qui
1832 4661 1938 4697 non
1972 4652 2203 4713 possunt
2225 4641 2537 4710 dirumpere
2568 4641 2784 4696 vincula
2816 4641 3160 4709 divulsionis,
3191 4651 3244 4697 et
3270 4645 3567 4699 ascendere
3593 4647 3664 4700 ad

403 4711 754 4767 eminentiam
787 4710 944 4766 Verbi
977 4710 1238 4767 veritatis.

474 4781 562 4854 54.
597 4781 700 4835 Sed
732 4780 956 4837 forsitan
983 4783 1197 4836 videtur
1217 4781 1569 4851 quibusdam,
1593 4784 1750 4854 quasi
1788 4782 2221 4854 promissioth
2245 4778 2542 4854 Salvatois
2579 4789 2820 4851 tempore
2847 4782 3031 4850 aliquo
3069 4783 3411 4844 terrninetur,
3456 4794 3514 4838 ut
3553 4801 3663 4840 non

405 4853 619 4924 quidem
657 4861 876 4922 gustent
909 4864 1136 4906 mortem
1179 4871 1198 4905 ι
1226 4853 1400 4908 donec
1426 4852 1639 4908 videant
1669 4853 1865 4908 Filium
1891 4853 2125 4924 hominis
2153 4852 2461 4924 venientem
2497 4852 2550 4904 in
2591 4868 2758 4921 regno
2797 4870 2918 4916 suo,
2951 4873 2967 4902 ι
3013 4863 3204 4924 postea
3230 4869 3372 4924 vero
3418 4866 3662 4923 gustent.

405 4921 528 4976 Ideo
557 4921 767 4990 oportet
799 4934 852 4974 ut
883 4924 1228 4992 proferamus
1253 4926 1520 4992 exempla,
1551 4926 1850 4978 secundum
1889 4939 2052 4992 quam
2081 4922 2378 4991 Scriptura:
2409 4925 2862 4976 consuetudinem
2907 4923 3143 4991 positum
3197 4923 3267 4976 sit
3306 4921 3451 4989 quod
3493 4926 3660 4990 dicit,

412 5010 433 5044 ι
463 4993 636 5062 donec
668 4993 902 5062 videant,
935 5011 954 5043 ι
987 5007 1092 5045 non
1125 4994 1350 5045 omnino
1381 4996 1644 5047 deliniens
1671 5004 1904 5062 tempus,
1938 5005 1994 5046 ut
2040 5003 2328 5062 postquam
2366 4993 2646 5062 transierit
2679 4993 2830 5058 illud,
2865 5012 2882 5043 ι
2913 4993 3116 5057 donec,
3161 5012 3178 5042 ι
3231 4995 3318 5046 liat
3350 4995 3496 5062 quod
3539 5007 3666 5050 ante

408 5077 516 5115 non
549 5060 728 5116 fuerat
757 5061 954 5116 factum
991 5081 1006 5118 :
1043 5063 1136 5116 sed
1164 5078 1276 5116 rem
1309 5078 1431 5132 qua:
1469 5060 1886 5117 necessarizrest
1909 5062 2152 5131 exponit.
2182 5060 2324 5114 Dicit
2354 5064 2498 5114 enim
2531 5061 2795 5118 Dominus
2829 5063 2896 5117 ad
2927 5062 3177 5116 undecim
3203 5060 3506 5132 discipulos
3533 5082 3665 5121 suos

409 5147 534 5203 cum
565 5133 800 5186 surrexit
825 5148 853 5186 a
884 5133 1114 5187 mortuis
1137 5151 1148 5185 :
1185 5151 1200 5183 ι
1229 5132 1294 5184 Et
1319 5148 1445 5188 ecce
1467 5150 1568 5203 ego
1592 5135 1873 5187 Vobiscum
1905 5148 2026 5186 sum
2053 5132 2308 5203 omnibus
2331 5132 2522 5186 diebus
2547 5148 2718 5202 usque
2745 5149 2774 5187 a
2798 5135 2808 5184 Ι
2836 5134 3363 5203 consummationem
3400 5136 3604 5188 surculi.
3641 5156 3659 5185 ι

409 5201 553 5282 _Ergo
579 5217 751 5282 usque
779 5205 844 5256 ad
878 5203 1416 5282 consummationem
1457 5201 1641 5258 saeculi
1691 5219 1816 5256 cum
1854 5203 1978 5282 illis
2025 5210 2143 5282 erat
2191 5201 2451 5282 futurus:
2490 5201 3420 5282 post7consummationem“att-lem
3477 5205 3666 5259 saeculi

407 5270 572 5341 hujus
607 5270 843 5327 instante
877 5272 1061 5326 futuro
1097 5273 1296 5326 saeculo
1324 5272 1438 5341 jam
1469 5288 1576 5328 non
1603 5289 1660 5329 se
1693 5274 2041 5343 promittebat
2078 5273 2194 5326 fore
2226 5272 2477 5343 cunteis,
2511 5284 2568 5325 ut
2592 5274 2789 5327 melius
2821 5273 3274 5343 essetdiscipulis
3309 5277 3410 5329 hoc
3447 5285 3666 5343 tempus

405 5339 552 5412 quod
581 5352 662 5395 est
693 5350 818 5395 ante
849 5339 1380 5397 consummationem
1415 5345 1621 5410 saeculi,
1653 5339 1816 5413 quam
1851 5343 1981 5398 illud
2018 5342 2286 5396 futurum.
2323 5339 2459 5395 Nam
2509 5344 2609 5399 etsi
2665 5344 2862 5397 audeat
2914 5339 3362 5412 aliquis'diecre,
3399 5339 3664 5414 quoniam

475 5456 522 5488 ³³
549 5455 708 5511 Joan.
745 5473 821 5524 vn,
852 5457 941 5512 35.
1015 5457 1059 5489 ³⁸
1082 5457 1248 5512 Marc.
1277 5475 1359 5526 Ill,
1397 5461 1482 5515 ΓΙ.
1553 5461 1599 5494 ⁸⁸
1628 5459 1816 5516 Matth.
1848 5477 1959 5526 xvi,
1991 5462 2084 5515 28.

479 5568 590 5639 (97)
617 5571 1128 5643 Κατισχύσουσιν.
1152 5573 1334 5631 Codex
1367 5575 1682 5645 Vaticanus,
1727 5579 1981 5650 κατισχύ-

2089 5579 2367 5649 ἐκστῆναι.

405 5652 573 5718 ουσιν.
1889 5647 1898 5650 ⁷
1910 5647 1920 5650 ⁷

2163 5647 2274 5718 (99)
2309 5651 2458 5704 Unus
2492 5649 2658 5704 codex
2710 5649 2972 5714 habebat,
3005 5649 3256 5718 γενέσθαι
3295 5649 3553 5713 ἐναντίως
3587 5647 3665 5708 τῶ

485 5708 592 5778 (98)
639 5709 780 5766 Idem
808 5753 822 5781 ,
866 5715 929 5766 ἐκ
977 5714 1071 5768 τοῦ
1115 5715 1324 5787 στῆναι.
1373 5713 1734 5784 Tarinianus,
1778 5722 1840 5773 ἐκ
1883 5720 1974 5773 τοῦ

2088 5708 2416 5790 δηλουμένῳ.
