4100 6430
373 301 516 358 1065

1826 280 2153 336 υιιιιηεκιε

3507 275 3650 331 106$

375 427 530 477 rum;
566 410 641 465 ita
662 416 716 465 et
741 409 847 463 hoc
869 407 990 461 loco
1017 404 1363 475 perspicuum
1387 402 1457 457 iis
1485 416 1608 457 esse
1635 400 1830 470 Opinor
1857 398 1951 469 qui

2058 394 2275 467 θρώπου
2299 392 2590 463 ἐρχόμενον
2615 392 2674 444 ὲν
2700 392 2766 462 τῇ
2797 389 3042 460 βασιλεία
3069 385 3259 454 αὑτοῦ,
3297 404 3317 439 i
3348 386 3444 441 καὶ
3475 384 3655 440 ἰδόντα

372 519 558 561 rerum
592 499 1038 569 consequentiam
1084 494 1436 551 considerare
1471 493 1673 555 sciunt,
1704 506 1830 546 eum
1863 489 1957 560 qui

373 594 543 648 semel
577 590 772 646 viderit
805 609 823 639 ι
857 587 1053 641 Filium
1084 583 1322 639 hominis
1345 582 1653 637 venientem
1690 582 1744 635 in
1792 593 1960 650 regno

374 701 496 748 suo,
529 704 548 736 ι
582 682 947 748 eumdemque
994 676 1049 729 in
1102 676 1274 746 gloria
1300 689 1423 737 sua,
1451 690 1470 724 ι
1504 683 1560 727 et
1603 687 1832 741 regnum
1867 670 1958 724 Dei

374 777 597 833 veniens
625 776 677 827 in
711 773 908 826 virtute
932 770 998 834 ³⁸,
1036 786 1054 819 i
1091 766 1316 821 minime
1341 766 1518 829 illum,
1537 772 1661 833 post
1687 772 1959 817 tantorum

372 871 639 925 bonorum
667 864 1088 934 inspectionem,
1120 866 1349 912 mortem
1377 856 1814 925 degustaturum.
1842 850 1959 906 Non

369 969 565 1031 praeter
592 958 862 1012 rationem
899 963 1081 1007 autem
1117 948 1552 1005 existimavimus
1591 946 1801 1015 absque
1830 960 1959 1013 pro-

370 1051 655 1109 missionis
682 1049 812 1104 Jesu
857 1058 1114 1102 sermone
1154 1042 1545 1111 degustaturos
1575 1051 1675 1090 nos
1706 1048 1957 1099 mortem,

368 1142 612 1214 quandiu
652 1138 801 1208 digni
833 1135 1005 1190 habiti
1038 1148 1144 1187 non
1178 1130 1445 1185 fuerimus
1483 1127 1576 1197 qui
1608 1141 1834 1195 regnum
1866 1124 1960 1178 Dei

370 1237 426 1289 in
464 1235 666 1288 virtute
694 1230 942 1294 veniens,
972 1237 1028 1281 et
1060 1224 1258 1279 Filium
1293 1221 1531 1276 hominis
1553 1219 1861 1273 venientem
1904 1216 1959 1273 in

368 1325 539 1395 gloria
574 1331 631 1377 et
663 1335 831 1390 regno
859 1333 961 1373 suo
989 1317 1317 1370 videremus.

439 1418 530 1470 55.
579 1414 854 1481 Quoniam
890 1420 1073 1466 autem
1132 1409 1220 1462 hic
1262 1406 1404 1475 apud
1451 1414 1564 1460 tres
1600 1402 1961 1472 evangelistas

369 1509 636 1578 scriptum
671 1513 796 1560 est:
846 1522 865 1554 ι
899 1502 1018 1557 Non
1071 1501 1368 1572 gustabunt
1408 1500 1637 1552 mortem
1659 1496 1735 1561 “;
1770 1514 1787 1547 ι
1816 1493 1959 1564 apud

370 1595 508 1649 alios
543 1603 724 1647 autem
755 1592 971 1646 diversa
1007 1591 1075 1644 de
1109 1597 1286 1642 morte
1311 1587 1507 1640 tradita
1549 1595 1680 1641 sunt
1702 1584 1774 1649 “,
1802 1592 1961 1638 extra

368 1701 483 1740 rem
517 1700 624 1739 non
648 1683 752 1738 erit
778 1681 1028 1751 opposita
1060 1681 1171 1734 lizec
1193 1694 1318 1734 cum
1349 1692 1479 1732 voce
1513 1692 1599 1742 ea,
1621 1696 1640 1728 ι
1663 1684 1904 1747 gustare,
1932 1694 1952 1726 ι

368 1776 638 1832 conferre.
684 1773 742 1828 In
789 1773 1024 1828 Psalmis
1062 1773 1229 1841 igitur
1258 1771 1468 1825 dictum
1513 1778 1605 1825 est
1644 1768 1690 1801 “
1722 1787 1737 1823 :
1773 1787 1791 1820 ι
1824 1766 1963 1835 Quis

364 1877 450 1923 est
476 1868 643 1920 homo
672 1867 765 1935 qui
817 1865 992 1927 vivet,
1037 1874 1092 1918 et
1141 1877 1247 1917 non
1284 1861 1491 1915 videbit
1539 1859 1805 1915 mortem?
1844 1878 1865 1911 ι
1910 1869 1964 1914 et

366 1975 562 2015 rursus
602 1957 735 2013 alibi
774 1958 862 2011 ’δεῖ
900 1975 920 2008 ι
957 1956 1149 2010 Veniat
1183 1970 1333 2009 mors
1381 1969 1549 2023 super
1597 1953 1742 2017 illos,
1787 1961 1843 2007 et
1866 1952 1965 2006 de—

2061 485 2220 540 αὐτὸν
2252 487 2310 538 ὲν
2342 487 2408 554 τῇ
2450 482 2574 554 δόξῃ
2616 482 2805 547 αὑτοῦ,
2846 500 2866 533 ι
2902 482 2997 536 καὶ
3026 480 3203 535 ἰδόντα
3228 479 3327 551 τὴν
3377 476 3655 550 βασιλειαν

2060 576 2154 630 τοῦ
2185 574 2320 629 Θεοῦ
2353 574 2672 645 ἐληλυθυῖαν
2699 576 2756 627 ὲν
2778 573 3028 645 δυνάμει,
3067 591 3087 626 i
3136 572 3238 625 οὐκ
3279 569 3345 623 ἂν
3382 568 3655 642 μετά·τὴν

2059 668 2168 721 τῶν
2194 666 2527 738 τηλικούτων
2558 665 2777 735 ἀγαθῶν
2801 666 3034 738 θεωρίαν
3062 664 3292 718 Θανάτου
3325 660 3648 727 γεύσασθαι.

2062 760 2136 813 Τὸ
2162 761 2331 830 χωρὶς
2377 758 2435 812 δὲ
2482 759 2577 813 τοῦ
2636 759 2795 826 λόγου
2843 759 2938 829 τῆς
2968 755 3302 827 ἐπαγγελίας
3331 754 3428 809 τοῦ
3472 755 3650 827 Ἰησοὺ

2061 855 2160 908 οὐκ
2188 852 2399 922 ἀλόγως
2427 852 2493 906 ἂν
2514 852 2898 922 ὑπενοήσαμεν
2921 850 3219 919 γεύσασθαι
3243 848 3496 914 Θανάτου,
3525 850 3652 905 ὅσον

2061 940 2273 996 οὐδέπω
2311 940 2729 1013 κατηξιώθημεν
2772 942 2900 996 ἰδεῖν
2931 940 3030 1011 τὴν
3068 939 3343 1011 βασιλείαν
3373 938 3466 993 τοῦ
3510 938 3650 993 Θεοῦ

2062 1034 2383 1105 ἐληλυθυῖαν
2432 1036 2490 1087 ἐν
2534 1033 2782 1104 δυνάμει,
2831 1032 2928 1085 καὶ
2953 1033 3043 1087 τὸν
3082 1032 3210 1085 Υιδν
3232 1031 3325 1086 τοῦ
3359 1030 3651 1103 ἀνθρώπω

2060 1126 2354 1196 ἐρχόμενον
2385 1127 2443 1179 ἐν
2469 1126 2533 1195 τῇ
2561 1123 2687 1195 δόξῃ
2710 1123 2876 1176 αὑτοῦ
2909 1124 3003 1178 καὶ
3029 1126 3088 1179 ιν
3121 1126 3186 1195 τῇ
3213 1123 3480 1193 βασιλείᾳ.

2145 1392 2298 1448 Ἐπεὶ
2327 1392 2386 1445 δὲ
2412 1392 2649 1447 ἐνταῦθα
2679 1394 2780 1463 μὲν
2806 1393 3117 1465 γέγραπται
3152 1394 3306 1465 παρά
3331 1397 3443 1460 τοῖς
3468 1397 3655 1467 τρισὶν

2062 1488 2480 1556 εὐαγγελισταῖς
2511 1486 2591 1540 τό·
2620 1506 2638 1537 ι
2664 1487 2739 1541 Οὐ
2773 1486 2847 1557 μὴ
2885 1486 3173 1556 γεύσονται
3202 1488 3489 1554 θανάτου.»
3517 1490 3574 1542 ὲν
3592 1488 3655 1545 δὲ

2062 1581 2245 1644 ἄλλοις
2277 1581 2512 1651 διάφορα
2543 1579 2674 1651 περὶ
2705 1578 2963 1643 θανάτου,
3023 1580 3123 1633 οὑκ
3173 1580 3372 1635 ἄτοπον
3427 1582 3657 1636 κάκεῖνα

2063 1673 2441 1746 παραθέμενον
2476 1672 2827 1737 συνεξετασαι
2849 1671 2929 1743 τῷ
2960 1691 2979 1723 ι
3020 1672 3340 1741 γεύσασθαι.
3378 1692 3397 1727 i
3430 1674 3520 1729 Ἐν
3552 1675 3656 1745 μὲν

2065 1761 2159 1819 οὖν
2180 1768 2294 1829 τοῖς
2325 1764 2576 1835 Ψαλμοῖς
2606 1764 2874 1818 λέλεκταιο
2913 1783 2933 1814 ι
2964 1764 3062 1827 Τίς
3085 1765 3238 1819 ἐστιν
3263 1764 3549 1837 ἄνθρωπος
3593 1766 3656 1831 δς

2067 1856 2318 1927 ζήσεται,
2347 1856 2442 1909 καὶ
2485 1854 2588 1908 οὐκ
2619 1854 2810 1924 ὄψεται
2844 1854 3117 1921 ﬂavam;
3175 1874 3195 1907 ι
3257 1856 3355 1909 καὶ
3400 1855 3565 1910 πάλιν
3593 1859 3656 1911 ἐν

2066 1947 2213 2018 ἄλλῳ
2242 1947 2412 2017 ww-
2442 1965 2461 1996 ι
2506 1944 2739 1999 Ἐλθέτω
2765 1945 2822 1998 δὲ
2868 1944 3099 2006 θάνατος
3159 1946 3245 2000 ἐπ’
3275 1947 3496 2012 αὐτοὺς,
3558 1951 3659 2003 καὶ

366 2053 633 2109 scendant
659 2051 711 2103 in
747 2048 1023 2103 infernum
1050 2048 1375 2116 viventes”
1406 2055 1462 2099 et
1489 2045 1541 2097 in
1568 2044 1755 2113 aliquo
1779 2058 1810 2098 e
1837 2058 1956 2113 pro-

2065 2040 2465 2109 καταϐήτωσαν
2491 2038 2574 2100 εἰς
2602 2036 2731 2107 ᾅδου
2777 2036 3031 2102 ζῶντεςοι
3070 2040 3129 2091 ὲν
3161 2036 3219 2091 δέ
3250 2056 3357 2092 τινι
3377 2038 3485 2092 τῶν
3520 2057 3656 2110 προ-

366 2143 661 2215 pinetis":
713 2158 734 2192 ι
783 2138 1083 2195 Ahsorbuit
1130 2150 1281 2192 mors
1334 2136 1671 2206 praevalens;
1725 2154 1744 2186 ι
1795 2145 1850 2189 et
1906 2135 1960 2188 in

363 2233 689 2305 Apocalypsi
730 2232 817 2286 “z
868 2250 888 2282 ‹
923 2230 1070 2286 Mors
1104 2240 1158 2284 et
1185 2227 1435 2283 infernus
1460 2237 1767 2296 sequuntur
1793 2241 1963 2295 quos-

368 2328 516 2381 dam.
564 2346 581 2377 ι
617 2323 715 2378 llis
767 2332 949 2378 autem
1000 2321 1137 2375 locis
1197 2319 1343 2375 aliud
1393 2319 1529 2374 mihi
1580 2318 1796 2373 videtur
1841 2332 1962 2372 esse

366 2429 595 2474 mortem
630 2418 939 2488 degustare,
985 2414 1133 2468 aliud
1171 2412 1354 2467 videre
1387 2425 1508 2466 eam
1530 2448 1545 2475 ,
1582 2410 1727 2464 aliud
1756 2408 1961 2478 aliqui-

366 2513 469 2568 bus
514 2526 635 2566 eam
686 2510 1070 2579 supervenire;
1105 2515 1222 2560 tum
1251 2514 1449 2574 praeter
1478 2502 1762 2572 pratdicta,
1791 2515 1961 2571 quar-

365 2613 480 2659 tum
513 2603 642 2675 quid
674 2602 782 2657 illis
809 2599 1107 2671 significari
1134 2616 1148 2652 :
1179 2614 1199 2649 ι
1231 2595 1534 2651 Absorbuit
1563 2608 1712 2648 mors
1748 2607 1959 2662 prteva-

364 2694 517 2762 lens;
572 2711 591 2744 ι
642 2705 697 2746 et
754 2692 1006 2760 quintum
1060 2688 1194 2759 quid
1249 2695 1516 2756 praeterea
1564 2684 1651 2739 his
1708 2682 1892 2738 verbis
1941 2698 1955 2733 :

371 2803 391 2837 ι
422 2783 569 2838 Mors
599 2791 652 2837 et
687 2779 934 2835 infernus
963 2786 1272 2847 sequuntur
1298 2789 1416 2829 eos.
1445 2792 1463 2825 ι
1495 2771 1577 2826 'l‘u
1608 2786 1738 2824 vero
1764 2778 1960 2840 praeter

362 2892 457 2933 eas
483 2891 623 2946 quas
653 2874 984 2943 protulimus
1021 2869 1269 2925 invenies
1316 2866 1553 2921 fortasse
1598 2864 1956 2927 diﬂ‘ercntias,

365 2966 409 3021 si
442 2979 538 3019 eas
572 2963 893 3033 collegeris;
942 2975 1082 3031 quas
1118 2959 1350 3013 invicem
1395 2955 1559 3026 556
1596 2970 1955 3025 componens,

362 3068 419 3112 et
447 3068 594 3110 recte
639 3054 995 3118 investigans,
1028 3067 1117 3106 res
1150 3063 1484 3119 unoquoque
1514 3048 1634 3101 loco
1677 3046 1957 3117 signiﬁca-

364 3159 447 3202 tas
476 3145 737 3216 reperies.
772 3144 906 3198 lllud
941 3151 1123 3196 autem
1172 3141 1224 3195 in
1278 3140 1365 3195 his
1414 3154 1619 3209 (luun'o,
1664 3154 1732 3192 an
1772 3138 1957 3194 minus

363 3240 567 3296 malum
594 3239 666 3294 sit
693 3248 923 3292 mortem
949 3235 1153 3300 videre;
1188 3233 1368 3303 majus
1391 3244 1571 3286 autem
1601 3232 1711 3298 illo,
1736 3244 1956 3303 gustare

366 3347 529 3397 eam;
562 3332 666 3385 hoc
708 3330 834 3384 itetn
880 3328 1055 3399 pejus,
1102 3336 1334 3380 mortem
1365 3325 1519 3394 sequi
1558 3324 1818 3395 aliquem,
1857 3340 1956 3379 nec

363 3423 519 3492 sequi
566 3421 769 3488 solum,
805 3421 901 3475 sed
950 3430 1005 3475 et
1046 3420 1122 3473 illi
1170 3420 1543 3488 supervenire,
1586 3433 1822 3489 eumque
1854 3433 1953 3488 ap-
1980 3406 2023 3462 Ο

364 3512 704 3585 prehendere
747 3527 910 3583 quem
959 3512 1112 3582 prius
1142 3512 1507 3581 sequebatur;
1536 3512 1815 3566 absorberi
1856 3527 1955 3565 au-

362 3614 493 3669 tem,
523 3602 771 3658 omnium
802 3618 993 3657 eorum
1038 3617 1161 3673 quae
1200 3601 1348 3657 dicta
1388 3612 1519 3657 sunt
1561 3605 1694 3658 mihi
1737 3605 1956 3660 videtur

359 3711 483 3751 esse
509 3696 922 3767 gravissimum.
960 3695 1042 3750 Ad
1093 3695 1210 3750 haec
1257 3710 1389 3750 vero
1436 3712 1557 3766 qua:
1599 3696 1863 3765 diximus,
1900 3709 1956 3754 et

363 3796 712 3858 peccatorum
737 3803 861 3860 qua:
882 3796 1265 3859 perpetrantur
1283 3789 1617 3845 diﬂ'ercntias
1643 3791 1951 3855 attendens,

366 3880 513 3941 talia.
534 3881 749 3948 opinor,
771 3896 800 3933 a
831 3878 923 3934 Dei
943 3878 1148 3950 Spiritu
1173 3880 1264 3949 qui
1295 3895 1357 3934 ea
1385 3891 1443 3935 ut
1472 3881 1524 3933 in
1555 3881 1948 3937 oraculisdivi-

364 3972 451 4025 nis
480 3972 888 4025 ascriberentur
923 3969 1170 4041 perfecit,
1204 3972 1508 4041 excogitata
1548 3987 1671 4027 esse
1699 3973 1942 4028 animum

364 4064 623 4117 inducere
658 4078 769 4118 non
809 4063 1109 4118 dubitabis.
1145 4062 1300 4129 Quod
1349 4066 1393 4119 si
1421 4074 1614 4133 praeter
1641 4080 1708 4120 ea
1741 4082 1865 4135 quae
1911 4082 1943 4121 a

361 4153 519 4210 nobis
545 4165 969 4211 commemorata
1016 4165 1166 4223 sunt,
1208 4156 1410 4210 clarius
1441 4158 1820 4227 exponendum
1860 4167 1945 4214 est

2065 2129 2270 2197 φητῶνο
2307 2148 2326 2180 ι
2351 2129 2627 2184 Κατέπιεν
2657 2133 2687 2184 ὁ
2735 2128 2962 2194 θάνατος
3016 2130 3238 2200 ἰσχύσας
3273 2130 3373 2200 (5)⁶
3422 2150 3440 2182 i
3503 2131 3565 2185 ἐν
3594 2130 3656 2184 δὲ

2062 2221 2129 2290 τῇ
2177 2218 2562 2289 Ἀποκαλύψει·
2596 2240 2615 2271 ι
2668 2222 2728 2274 Ὀ
2774 2219 3003 2285 θάνατος
3041 2221 3136 2275 καὶ
3179 2223 3208 2276 ό
3246 2220 3379 2293 ᾅδης
3419 2222 3653 2276 ἀκολου-

2064 2309 2148 2363 θεῖ
2172 2326 2370 2364 τισιν.»
2422 2310 2513 2365 Ἐν
2553 2311 2767 2376 τούτοις
2785 2312 2844 2365 δὲ
2873 2312 3019 2366 δοκεῖ
3049 2330 3141 2384 μοι
3159 2314 3348 2387 ἓτερον
3388 2316 3487 2387 μὲν
3512 2312 3657 2372 εἶναι

2061 2399 2123 2453 τὸ
2147 2399 2450 2467 γεύσασθαι
2478 2399 2732 2465 θανάτου,
2767 2402 2955 2473 ἕτερον
2985 2403 3041 2456 δὲ
3081 2404 3142 2457 τὸ
3178 2404 3308 2459 ἰδεῖν
3336 2406 3522 2472 αὑτὸν,
3557 2407 3657 2462 καὶ

2063 2490 2192 2545 ἄλλο
2214 2490 2278 2544 τὸ
2303 2490 2478 2544 ἐλθεῖν
2511 2491 2675 2547 αὑτὸν
2708 2494 2801 2545 ἐπί
2827 2510 3001 2559 τινας,
3036 2496 3132 2547 καὶ
3159 2495 3419 2569 τέταρτον
3451 2498 3657 2569 σημαίο

2062 2583 2251 2638 νεσθαι
2309 2582 2464 2653 παρά
2498 2582 2567 2638 τά
2599 2585 2976 2656 προειρημένα
3024 2586 3089 2639 ὲκ
3112 2585 3229 2638 τοῦ·
3266 2605 3286 2638 ί
3316 2589 3593 2642 Κατέπιεν
3621 2591 3656 2644 δ

2063 2676 2291 2741 θάνατος
2321 2676 2599 2748 ἰσχύσας,›
2657 2679 2753 2731 καὶ
2784 2678 3037 2749 πέμπτον
3093 2695 3147 2731 τι
3181 2680 3335 2750 παρά
3384 2680 3561 2735 ταῦτα
3585 2682 3656 2738 ὲκ

2059 2768 2174 2822 τοῖν
2209 2789 2227 2820 ι
2266 2770 2328 2822 '0
2354 2770 2585 2833 θάνατος
2624 2770 2719 2823 καὶ
2754 2771 2782 2823 ό
2814 2768 2947 2841 ᾅδης
2970 2769 3255 2824 ἀκολουθεῖ
3284 2771 3656 2836 αὐτοῖς.›Καὶ

2062 2863 2126 2916 σὺ
2153 2862 2198 2916 δ’
2228 2862 2627 2933 ἀναλεξάμενος
2643 2863 2784 2933 τάχα
2809 2862 2993 2935 εὕροις
3009 2863 3104 2917 καὶ
3124 2863 3320 2935 ἑτέρας
3347 2862 3499 2936 παρὰ
3517 2861 3656 2919 ’παῦ-τ

2058 2972 2177 3020 τας,
2216 2948 2293 3009 ὧν
2354 2955 2786 3026 ὑπεμνήσθημεν
2843 2956 3129 3027 διαφορὰς,
3161 2957 3386 3020 ἅστινας
3419 2974 3655 3031 παρατι-

2060 3048 2174 3113 θεὶς
2204 3049 2486 3121 ἀλλήλαις,
2522 3049 2617 3102 καὶ
2644 3048 2820 3121 ὀρθῶς
2846 3047 3047 3121 ζητῶν,
3083 3049 3265 3121 εὕροις
3293 3050 3360 3106 ἂν
3409 3050 3479 3104 τὰ
3526 3051 3653 3105 καθ’

2059 3145 2289 3199 ἕκαστον
2309 3144 2474 3198 τόπον
2512 3144 2890 3215 σημαινόμενα
2945 3145 3271 3217 πράγματα.
3315 3144 3474 3216 Ζητῶ
3501 3145 3559 3199 δὲ
3590 3148 3653 3200 ἐν

2056 3237 2266 3301 τούτοις
2302 3236 2378 3307 (6)
2415 3236 2626 3306 μήποτε
2657 3234 2880 3288 ἔλαττον
2925 3235 3025 3305 μὲν
3059 3235 3228 3289 κακόν
3275 3237 3393 3289 ἐστι
3427 3236 3487 3290 τὸ
3518 3237 3651 3292 ἰδεῖν

2058 3330 2306 3391 θάνατον,
2340 3327 2530 3380 τούτου
2568 3326 2626 3380 δὲ
2662 3325 2846 3397 μεῖζον
2873 3327 2934 3380 τὸ
2964 3326 3264 3395 γεύσασθαι
3289 3325 3476 3392 αὐτοῦ,
3517 3328 3641 3381 τού·

2057 3439 2151 3476 του
2173 3422 2230 3475 δὲ
2261 3420 2343 3474 ἔτι
2373 3423 2554 3492 χεῖρον
2589 3419 2665 3489 (7)
2686 3418 2762 3472 τὸ-
2776 3418 3088 3473 ἀκολουθεῖν
3120 3436 3229 3473 τινι
3270 3418 3523 3484 θάνατον,
3552 3420 3653 3475 καὶ

2055 3514 2117 3567 οὐ
2155 3512 2316 3585 μόνον
2343 3510 2679 3574 ἀκολουθεῖν,
2706 3509 2844 3564 ἀλλὰ
2882 3512 2975 3565 καὶ
2998 3509 3101 3581 ἤδη
3130 3510 3303 3565 ἐλθεῖν
3332 3511 3420 3565 ἐπ’
3453 3511 3651 3574 αὑτὸν,

2056 3607 2152 3660 κα)⁸
2185 3603 2517 3659 καταλαϐεῖν
2541 3604 2748 3657 ἐκεῖνον
2773 3594 2820 3671 ᾧ
2867 3603 3133 3675 πρότερον
3163 3603 3469 3673 ὴκολουθει*
3498 3603 3560 3657 τὸ
3590 3603 3650 3656 δὲ

2058 3698 2439 3769 καταποθῆναι
2468 3695 2688 3750 πάντων
2743 3695 2892 3749 δοκεῖ
2923 3713 3014 3765 μοι
3051 3693 3347 3769 βαρύτερον
3376 3691 3651 3750 εἶναιτῶν

2056 3790 2387 3865 εἰρημένων.
2446 3789 2779 3859 Ἐπιστήσας
2829 3786 2886 3840 δὲ
2933 3790 3043 3851 τοῖς
3101 3788 3413 3859 εἰρημένοις
3454 3788 3549 3842 καὶ
3578 3792 3648 3859 τῇ

2053 3866 2288 3953 διαφορᾷ
2311 3879 2422 3933 τῶν
2454 3878 2943 3950 ἁμαρτανομένων,
2977 3880 3078 3933 οὐκ
3134 3880 3408 3950 ὀκνήσεις,
3467 3876 3647 3949 οἶμαι,

2054 3970 2463 4045 παραδέξασθαι
2477 3970 2710 4025 τοιαῦτά
2728 3987 2851 4025 τινα
2864 3970 3153 4041 νενοῆσθαι
3178 3970 3257 4043 τῷ
3283 3971 3650 4042 ὲνεργήσαντι

2049 4067 2222 4121 ταῦτα
2246 4066 2523 4135 γραφῆναι
2548 4067 2606 4117 ὲν
2635 4066 2750 4127 τοῖς
2786 4063 2986 4132 λογίοις
3042 4064 3135 4117 τοῦ
3166 4062 3301 4117 Θεοῦ
3337 4062 3641 4134 Πνεύματι.

2052 4161 2116 4213 El.
2142 4158 2199 4211 δὲ
2232 4157 2384 4229 παρὰ
2409 4156 2478 4210 τὰ
2506 4156 2774 4227 εἰρημένα
2830 4155 3162 4228 σαφέστερον
3190 4155 3446 4210 ἐκθέσθαι
3471 4156 3553 4210 δεῖ
3580 4155 3637 4209 τί

1566 4271 1797 4329 VETUS
1838 4269 2421 4329 INTERPRETATIO.

360 4383 496 4437 vidit
522 4381 719 4439 Filium
747 4384 989 4440 hominis
1029 4389 1329 4440 venientem
1363 4385 1415 4440 in
1444 4403 1611 4455 regno
1651 4404 1774 4452 suo,
1808 4398 1862 4444 ct
1910 4389 2047 4444 vidit
2097 4403 2222 4443 cum
2270 4385 2323 4439 in
2369 4384 2538 4456 gloria
2585 4398 2705 4449 sua,
2742 4398 3045 4456 etregnum
3084 4387 3307 4442 veniens
3333 4388 3385 4440 in
3418 4387 3624 4442 virtute

398 4464 486 4507 ost
514 4463 790 4535 tantorum
819 4456 1103 4535 bonorum_
1120 4458 1503 4535 spectaculum
1524 4458 2010 4535 jatn_ithttaquaiii
2039 4458 2283 4528 gustabit
2330 4464 2583 4535 mortem.
2626 4456 2758 4535 Sine
2792 4458 2963 4535 verbo
3012 4468 3195 4535 autent
3257 4456 3647 4535 promissionis

391 4537 512 4603 esu,
551 4538 665 4603 non
693 4524 809 4603 sine
841 4526 1050 4603 ratione
1080 4523 1310 4603 forsitan
1346 4523 1787 4603 existimabimus
1822 4523 2304 4603 gustarewmortcm
2344 4525 2583 4594 quandiu
2612 4526 2959 4603 dig_ni_habit_i
2995 4543 3101 4581 non
3137 4528 3342 4582 fuerint
3382 4528 3644 4584 homines

361 4591 544 4678 videre
569 4592 764 4678 gilium
792 4594 1029 4678 hominis
1064 4596 1366 4678 venientem
1392 4597 1445 4650 in
1476 4613 1641 4667 regno
1670 4614 1790 4678 suo,
1821 4591 1874 4654 Et
1903 4600 1957 4653 in
1987 4599 2315 4678 gloria__sua,
2352 4591 2403 4648 et
2436 4591 2788 4678 νόει]υωίξοί
2824 4597 2877 4650 in
2908 4598 3135 4651 virtute.

437 4663 537 4745 5.5.7
568 4662 836 4745 Quoniam
874 4665 962 4745 hic
986 4662 1201 4731 quidem
1239 4669 1500 4745 scriptum
1535 4662 1621 4722 est
1649 4670 1791 4737 apud
1818 4677 1928 4724 tres
1955 4662 2340 4737 erangelistas.
2376 4683 2398 4745 ι
2428 4662 2859 4745 nongustabunt
2887 4676 3138 4730 mortem,
3172 4686 3189 4718 ι
3214 4668 3275 4745 _in
3309 4669 3433 4724 aliis
3458 4677 3642 4723 autem

364 4731 664 4814 Scripturis
693 4735 849 4814 varia
875 4736 1148 4814 tle_morte
1175 4731 1477 4791 suntdicta
1506 4756 1518 4792 :
1550 4731 1786 4814 n_on£est_
1808 4731 2207 4814 supervacuum
2243 4746 2302 4791 ut
2329 4736 2494 4814 etiam
2535 4731 2621 4789 illa
2661 4736 3007 4814 conferentes
3034 4753 3180 4814 _cum
3213 4738 3334 4795 istis
3374 4739 3645 4814 discutia-

363 4818 487 4857 mus
519 4803 726 4911 largius
759 4805 888 4873 quid
924 4806 996 4885 sit
1027 4817 1253 4860 mortem
1289 4818 1529 4877 gustare.
1572 4808 1630 4861 In
1663 4803 1898 4863 Psalmis
1926 4809 2132 4864 dictum
2174 4816 2293 4863 est:
2339 4823 2357 4856 ‹
2393 4803 2529 4872 Quis
2562 4815 2646 4860 est
2679 4808 2841 4861 homo
2868 4807 2959 4876 qni
2998 4807 3159 4870 vivet,
3195 4819 3249 4861 et
3288 4824 3396 4863 non
3432 4808 3645 4864 videbit

363 4884 589 4911 ruins-Ioni
661 4894 678 4911 ι
716 4874 841 4911 Iram
868 4876 991 4911 alilii
1025 4894 1037 4905 -
1071 4897 1087 4911 ι
1118 4875 1302 4911 νηητηι
1347 4893 1493 4911 man
1528 4893 1691 4911 ωιιιηιο
1719 4879 1836 4911 ἶΙΙηο
1890 4890 1937 4911 οι
1969 4878 2292 4911 dmum-niani
2331 4877 2383 4911 in
2417 4876 2691 4911 inl'nrnnm
2719 4877 2958 4911 vim".an
3017 4896 3035 4911 ι
3072 4880 3202 4911 llam
3230 4879 3372 4911 ιιι-..Ι
3396 4878 3638 4911 alin-un“

362 4884 590 4927 mortem

659 4894 678 4926 ι
716 4874 841 4929 Item
866 4876 993 4930 alibi
1025 4894 1037 4930 :
1071 4897 1087 4927 ι
1118 4874 1317 4931 Veniat
1347 4893 1496 4931 mors
1528 4893 1691 4946 super
1719 4879 1859 4947 illos,
1890 4890 1943 4933 et
1969 4878 2300 4933 descendant
2330 4877 2383 4930 in
2417 4876 2691 4947 infernum
2719 4874 2978 4931 viventes.
3017 4896 3035 4929 ι
3072 4880 3202 4931 Item
3229 4879 3372 4947 apud
3396 4878 3638 4947 aliquem

360 4943 791 5011 prophetarum:
821 4965 840 4997 ι
869 4947 1171 5001 Absorbuit
1202 4964 1351 5002 mors
1386 4943 1707 5016 praevalens.
1746 4967 1764 4999 ι
1803 4946 1932 5004 Item
1968 4949 2024 5003 in
2058 4947 2442 5003 Revelatione:
2477 4964 2495 4998 ι
2528 4945 2674 5001 Mors
2713 4957 2767 5001 et
2807 4947 3056 5003 infernus
3084 4943 3353 5018 quosdam
3390 4943 3638 5021 sequun-

423 5056 468 5089 δ’
495 5055 661 5114 Marc.
690 5074 810 5124 vttl,
834 5060 923 5116 39.

359 5124 406 5157 “
443 5127 614 5198 Apoc.
641 5145 719 5194 vi,
754 5130 806 5185 8.

434 5225 510 5297 (5)
551 5225 838 5282 Κατέπιεν
868 5229 901 5281 ό
932 5226 1187 5292 θάνατος
1216 5226 1502 5296 ἰσχύσας.
1553 5223 1707 5282 lsnite
1734 5242 1861 5293 xxv,
1886 5226 1939 5282 8.

356 5326 494 5389 mm
531 5301 637 5382 νινε
673 5302 829 5389 mlh.
859 5318 1036 5371 LXX:
1075 5318 1351 5372 Κατέπιεν
1380 5320 1408 5389 ό
1433 5316 1661 5381 θάνατος
1698 5319 1943 5389 ἰσχύσας.

1014 5060 1061 5093 ⁸³
1082 5060 1216 5117 Ibid.

1316 5060 1363 5092 δι
1391 5059 1523 5116 Luc.
1554 5076 1631 5129 ix,
1661 5061 1752 5117 27.
1826 5061 1873 5095 ⁸³
1899 5059 2047 5119 Psal.
2107 5074 2375 5125 Lxxxvnt,
2400 5059 2491 5114 49.

2588 5057 2636 5091 ⁵⁵
2669 5058 2818 5116 Psal.
2877 5074 2990 5125 LIV,
3021 5058 3110 5114 l6.
3204 5059 3248 5091 ⁸⁷
3276 5056 3382 5112 lsa.
3416 5074 3547 5125 xxv,
3580 5060 3639 5119 8.

2048 5241 2157 5282 non
2193 5225 2411 5294 Aquila,
2442 5222 2789 5279 Theodotion
2837 5233 2888 5279 et
2924 5221 3312 5294 Symmachus.
3354 5224 3424 5279 At
3459 5241 3633 5279 κατα-

2049 5293 2320 5360 ποντίζειν
2345 5293 2708 5365 Hieronymus
2752 5293 3073 5365 noniseinel
3102 5295 3358 5363 exposuit
3389 5312 3408 5347 ι
3446 5297 3641 5365 princi-

2050 5368 2243 5437 pitare.
2285 5386 2302 5416 i
2374 5364 2527 5437 ltem‘
2556 5364 2697 5430 ΠΒ),
2749 5382 2766 5414 ι
2812 5364 3054 5437 robeus
3092 5376 3287 5437 sonat,
3334 5374 3409 5437 et_
3442 5364 3641 5421 conse-

2049 5434 2278 5507 quenter
2298 5455 2316 5486 ‹
2345 5434 2723 5507 aeternitatem.
2743 5454 2764 5507 ρ
2783 5449 2915 5507 qua_
2925 5434 3057 5507 nihil
3084 5434 3340 5491 validius.
3368 5435 3637 5493 Hunnus.

2122 5504 2204 5578 (6),
2218 5509 2487 5578 Τούτοις.
2537 5504 2628 5560 Sic
2655 5502 2824 5560 codex
2873 5502 3225 5569 Tarinianus,
3256 5508 3425 5563 editio
3451 5518 3638 5562 autem

2051 5575 2229 5630 Hn‘etii
2252 5576 2533 5638 τοιούτοις.

2121 5646 2199 5719 (7)
2232 5647 2351 5699 Ἔτι
2370 5643 2703 5719 χείρω-..δίε
2722 5654 2868 5700 recte
2884 5644 3084 5719 habent
3098 5648 3258 5719 codd.
3276 5647 3639 5719 Anglicanus.

2053 5714 2351 5772 Vaticanus
2366 5714 2418 5771 et
2431 5714 2787 5771 Tarinianus:
2809 5715 2949 5771 male
2963 5727 3141 5775 autem
3161 5718 3318 5788 alias,
3334 5714 3634 5790 ὲὶιίχειρον.

360 5384 588 5457 Υιιιεοιθ
624 5404 636 5438 :
667 5406 685 5437 ι
728 5387 1096 5457 Pnecipitabit
1124 5397 1354 5442 mortem
1394 5388 1447 5442 in
1479 5384 1891 5457 sempiternum.
1919 5410 1939 5442 ι

364 5455 440 5510 Ex
470 5455 635 5511 {ariis
662 5472 857 5511 vocum
888 5455 1379 5527 signiﬁcationibus
1404 5455 1613 5527 duplex
1632 5459 1721 5514 illa
1745 5461 1948 5529 prodiit

365 5549 753 5617 interpretatio.
787 5532 900 5614 v5:
937 5546 1152 5618 prOprie
1178 5559 1282 5614 est,
1309 5567 1327 5599 ι
1350 5550 1582 5615 voravit,
1613 5551 1940 5619 absorpsit.»

364 5633 704 5707 Quiaantem
732 5639 914 5693 omnia
951 5638 1205 5694 absorbet
1234 5656 1407 5707 mare,
1440 5639 1565 5695 inde
1600 5626 1740 5707 ηδε,
1774 5659 1944 5696 κατα-

365 5704 634 5768 ποντίζειν
670 5722 812 5777 saepe
859 5709 1209 5764 reddiderunt
1245 5704 1576 5780 Interpretes
1606 5704 1775 5779 LXX,
1815 5728 1941 5768 nec-
