4100 6418
389 470 525 527 10(ὶῦ

1328 469 1685 527 COMMENT.
1729 470 1795 524 1N
1836 468 2251 528 MATTH/EUM
2294 470 2531 529 TOMUS
2576 473 2688 527 ΧΠ.
2744 425 2758 433 ⁸

3454 524 3461 527 .
3502 485 3637 543 ωδε

394 587 647 658 δηλοῦται
681 588 737 641 ἐν
768 588 846 659 τῷ
877 588 1001 643 ίδεῖν
1032 589 1122 642 τὸν
1144 589 1270 643 Υἱὸν
1295 590 1388 643 τοῦ
1414 590 1700 662 ἀνθρώπου
1730 594 1951 663 ἐρχόμε-

2057 593 2186 663 quid
2228 610 2321 665 per
2347 609 2464 649 eam
2503 594 2621 648 Filii
2657 593 2898 651 hominis
2928 576 3193 654 renientis
3226 599 3278 654 in
3314 616 3477 671 regno
3512 619 3635 672 suo,

388 697 476 735 νον
506 681 565 733 ἐν
595 683 662 751 τῇ
698 680 943 753 βασιλείᾳ
973 680 1159 747 αὑτοῦ,
1212 681 1247 752 ἢ
1308 681 1366 733 ὲν
1386 684 1453 752 τῇ
1485 682 1612 755 δόξῃ
1644 682 1829 737 αὑτοῦ.
1869 685 1959 737 καὶ

383 773 437 825 τί
461 772 784 843 σημαίνεται
819 776 875 828 ὲν
916 774 993 845 τῷ
1024 775 1149 827 ίδείν
1190 775 1287 845 τὴν
1347 772 1621 843 βασιλείαν
1676 775 1769 828 τοῦ
1825 776 1956 829 Θεοῦ

384 863 705 934 ἐληλυθυῖαν
736 868 794 919 ὲν
825 866 1070 938 δυνάμει·
1098 866 1164 919 τὰ
1197 866 1304 919 εἴτε
1338 865 1726 936 ὲλλαμπόμενα
1754 867 1811 917 ἐν
1842 869 1960 929 ταῖς

387 955 636 1025 καρδίαις
678 957 752 1028 (8)
787 958 963 1029 ἡμῶν,
1009 958 1120 1010 εἴτε
1149 957 1400 1028 ζητοῦσιν
1434 957 1818 1029 εὑρισκόμενα,
1849 957 1958 1010 εἴτε

384 1047 692 1103 ὑπεισιόντα
719 1052 845 1115 τοὺς
874 1051 1164 1122 λογισμοὺς
1191 1053 1223 1122 ἡ
1234 1050 1349 1123 μῶν
1379 1050 1628 1119 (ἕκαστος
1648 1046 1704 1103 δὲ
1734 1050 1809 1113 ὼς
1839 1048 1960 1120 βού-

383 1137 532 1191 λεται
561 1141 838 1213 κρινέτω,)
874 1141 1240 1213 ἐκθησόμεθα.
1289 1142 1345 1193 '0
1370 1139 1592 1212 θεωρῶν
1649 1140 1741 1193 καὶ
1786 1156 1958 1193 κατα-

381 1228 672 1300 λαμϐάνων
719 1231 818 1303 τὴν
871 1231 966 1285 τοῦ
1001 1233 1173 1300 Λόγου
1238 1231 1533 1304 ὑπεροχὴν,
1594 1230 1812 1294 λύοντες
1862 1229 1959 1284 καὶ

380 1321 746 1393 διελέγχοντος
774 1324 951 1385 πάσας
978 1323 1075 1387 τὰς
1099 1323 1238 1394 ὑπὲρ
1267 1322 1374 1375 τῶν
1405 1322 1615 1392 ψευδῶν
1649 1322 1768 1393 μὲν,
1787 1322 1958 1390 ἑπαγ-

380 1414 720 1485 γελλομένων
765 1415 821 1469 δὲ
875 1414 1131 1486 ἀλήθειαν
1183 1413 1567 1485 πιθανότητας,
1632 1413 1816 1484 βλέπει
1865 1412 1956 1465 τὸν

382 1505 509 1558 Υἱὸν
536 1505 629 1559 τοῦ
660 1504 970 1578 ἀνθρώπου,
995 1507 1136 1562 κατὰ
1185 1506 1277 1560 τὸν
1343 1508 1586 1560 Ἰωάννου
1622 1505 1779 1574 λόγον
1806 1545 1819 1569 ,
1863 1504 1954 1555 τὸν

378 1596 550 1664 Λόγον
576 1596 669 1651 τοῦ
705 1597 841 1652 Θεοῦ
873 1600 1163 1671 ἐρχόμενον
1192 1600 1334 1669 ὲντῇ
1374 1598 1480 1668 ἰδίᾳ
1514 1595 1777 1667 βασιλεία·
1816 1597 1864 1647 εί
1897 1593 1955 1647 δὲ

380 1686 568 1760 βλέποι
594 1691 623 1743 6
643 1690 880 1755 τοιοῦτος
902 1691 992 1744 τὸν
1015 1690 1208 1759 Λόγον,
1247 1689 1308 1742 ού
1342 1689 1499 1761 μόνον
1550 1688 1747 1742 λύοντα
1777 1688 1954 1740 πᾶσαν

377 1781 475 1853 τὴν
508 1781 617 1835 τῶν
642 1782 899 1835 ἐναντίων
930 1781 1280 1851 πιθανότητα,
1305 1779 1439 1833 ἀλλὰ
1470 1779 1564 1833 καὶ
1595 1778 1664 1832 τά
1693 1778 1801 1832 ἴδια
1823 1794 1955 1849 τρα-

380 1875 577 1929 νότατα
603 1873 963 1945 παριστάντα,
996 1871 1180 1943 βλέποι
1212 1871 1277 1925 ἂν
1309 1871 1473 1927 αὐτοῦ
1515 1871 1651 1944 πρὸς
1694 1874 1759 1943 τῇ
1796 1870 1951 1940 βασι-

2060 684 2141 737 vel
2171 684 2222 738 in
2267 686 2435 754 gloria
2467 700 2560 740 sua
2604 685 2866 740 visionem
2907 688 3235 753 ostenditur,
3271 692 3510 761 quidque
3542 708 3640 763 per

2059 790 2178 829 eam
2221 777 2368 847 regni
2411 776 2504 831 Dei
2545 777 2598 829 in
2626 776 2827 831 virtute
2866 779 3133 835 venientis
3171 780 3437 837 visionem
3469 784 3640 855 signi-

2062 865 2286 933 ﬁcatur;
2314 881 2374 921 ea
2409 868 2524 922 sive
2557 883 2679 937 qua:
2700 867 2955 923 cordibus
2982 873 3186 927 nostris
3219 872 3497 943 aﬂ‘ulgcnt,
3523 875 3639 929 sive

2061 974 2181 1028 qua:
2205 961 2574 1029 quaerentibus
2594 960 2963 1026 inveniuntur,
2993 964 3107 1018 sive
3135 980 3256 1033 qua!
3278 967 3639 1036 cogitationes

2058 1059 2276 1105 nostras
2305 1051 2542 1106 subeunt
2574 1050 2969 1122 (unusquisque
3004 1069 3104 1123 pro
3133 1056 3289 1111 libitu
3333 1073 3448 1112 rem
3489 1062 3636 1114 testi-

2057 1141 2192 1210 met)
2218 1156 2572 1211 exponemus.
2602 1142 2706 1208 Qui
2744 1146 3146 1215 contemplatur
3173 1159 3227 1202 et
3268 1149 3514 1219 intelligit
3540 1166 3638 1206 cx-

2058 1235 2360 1289 celientiam
2391 1234 2576 1298 Verbi,
2613 1250 2827 1290 omnem
2860 1249 3041 1291 rerum
3079 1236 3339 1294 falsarum
3390 1242 3631 1312 quidem,

2055 1326 2432 1381 verisimilium
2468 1335 2646 1380 tamen
2676 1326 3112 1396 probabilitatem
3138 1330 3396 1387 solventis
3428 1341 3482 1388 et
3502 1348 3636 1388 eon—

2056 1416 2313 1483 futantis;
2346 1419 2393 1473 is
2421 1417 2615 1472 Filium
2649 1419 2905 1486 hominis,
2946 1422 3037 1491 qui
3064 1422 3219 1492 juxta
3264 1422 3491 1480 Joannis
3518 1441 3635 1481 serv

2056 1521 2271 1560 monem
2305 1505 2544 1561 Verbum
2569 1507 2661 1561 Dei
2694 1519 2797 1575 est,
2830 1514 3133 1567 venientem
3162 1515 3357 1584 aspicit
3383 1516 3436 1571 in
3468 1532 3635 1587 regno

2055 1613 2177 1652 suo.
2214 1596 2372 1664 Quod
2401 1602 2446 1657 si
2478 1599 2672 1667 aspicit
2705 1599 2750 1655 is
2790 1616 2898 1655 non
2948 1618 3163 1657 omnem
3199 1607 3375 1660 solmn
3417 1618 3637 1663 contra-

2053 1688 2257 1743 riarum
2301 1704 2481 1743 rerum
2515 1689 2951 1759 probabilitatem
2994 1694 3212 1751 solvens
3245 1694 3506 1766 Verbum,
3538 1697 3635 1753 sed

2053 1788 2108 1835 et
2144 1796 2230 1835 res
2278 1781 2343 1834 ad
2390 1795 2449 1835 se
2497 1780 2830 1850 pertinentes
2874 1784 3218 1852 apertissime
3276 1788 3630 1859 significans;

2054 1871 2144 1926 ille
2174 1887 2279 1926 non
2312 1887 2539 1943 regnum
2570 1871 2745 1927 solum
2786 1872 2956 1942 illius,
2999 1876 3093 1931 sed
3127 1885 3180 1930 et
3220 1877 3445 1947 gloriam
3487 1885 3634 1951 aspi-

376 1965 496 2038 λείᾳ
528 1967 622 2019 καὶ
647 1940 745 2036 την
771 1964 948 2029 δόξαν.
973 1940 1083 2018 Καὶ
1102 1966 1131 2018 6
1159 1962 1397 2026 ταοῦτός
1425 1980 1488 2032 γε
1515 1940 1573 2016 ὲν
1594 1940 1949 2034 αὐτῷβλέποι

2056 1963 2151 2029 εἰι,
2200 1971 2255 2019 ει
2299 1978 2524 2033 regnum
2558 1961 2651 2017 Dei
2697 1979 2917 2034 quoque
2953 1966 3008 2020 in
3064 1967 3264 2023 virtute
3297 1971 3522 2027 veniens
3574 1975 3628 2027 in

378 2057 444 2110 ἂν
473 2057 571 2128 τὴν
610 2055 701 2109 τοῦ
752 2055 886 2109 Θεοῦ
921 2054 1195 2125 βασιλείαν
1224 2055 1547 2126 ἐληλυθυῖαν
1598 2056 1657 2107 ὲν
1702 2055 1945 2125 δυνάμει⁹

377 2150 471 2202 καὶ
501 2147 661 2200 τοῦτο
690 2146 872 2217 βλέποι
904 2148 991 2210 ἂν,
1023 2145 1099 2209 ὡς
1153 2145 1405 2217 οὐδαμῶς
1439 2145 1516 2199 ἔτι
1546 2145 1652 2198 ὑπὸ
1677 2145 1950 2217 ἁμαρτίας

377 2237 789 2309 βασιλευόμενος
810 2236 1195 2309 βασιλευούσης
1220 2239 1278 2290 ὲν
1301 2235 1380 2307 τῷ
1405 2235 1585 2308 θνητῷ
1607 2235 1816 2308 σώματι
1844 2234 1950 2289 τῶν

374 2330 818 2401 ἁμαρτανόντων,
852 2328 966 2382 ἀλλ’
999 2329 1088 2383 ἀεὶ
1135 2328 1469 2399 τεταγμένος
1500 2327 1606 2381 ὑπὸ
1638 2328 1848 2399 βασιλεῖ
1874 2327 1951 2399 τῷ

372 2419 482 2473 τῶν
512 2419 650 2472 ὅλων
690 2417 831 2487 Θεῷ,
886 2411 946 2472 οὗ
980 2421 1014 2491 ἡ
1073 2417 1317 2490 βασιλεία
1364 2418 1592 2493 δυνάμει
1651 2420 1749 2490 μὲν
1802 2420 1951 2485 ἐντὸς

371 2511 530 2583 ἡμῶν
552 2512 722 2575 ἐστιν,
744 2511 992 2583 ἐνεργείᾳ
1022 2510 1098 2576 δὲ,
1118 2512 1211 2565 καὶ
1232 2511 1307 2575 ὡς
1333 2510 1618 2581 ὠνόμασεν
1646 2514 1674 2565 6
1698 2511 1946 2583 Μάρκος,

372 2607 430 2660 ἐν
450 2606 708 2681 δυνάμει,
744 2609 838 2663 καὶ
863 2604 1111 2676 οὐδαμῶς
1145 2605 1202 2658 ὲν
1233 2604 1505 2676 ἀσθενείᾳ,
1549 2602 1700 2668 ἐντὸς
1727 2603 1835 2658 τῶν
1863 2621 1952 2657 τε-

368 2698 532 2752 λείων
561 2700 756 2771 μόνων.
780 2699 967 2754 Ταῦτα
1000 2696 1099 2768 μὲν
1126 2690 1219 2750 οὖν
1248 2695 1446 2749 ἑστῶσι
1474 2697 1586 2760 τοῖς
1620 2694 1889 2767 μαθηταῖς
1919 2694 1950 2747 6

384 2790 591 2859 Ἰησοῦς
616 2790 677 2843 οὐ
712 2789 840 2861 περὶ
872 2788 1090 2843 πάντων
1118 2785 1318 2851 αὐτῶν,
1363 2785 1497 2840 ἀλλὰ
1526 2786 1653 2858 περί
1679 2803 1837 2840 τινων
1872 2782 1947 2854 (9)

372 2882 728 2952 προφητεύων
773 2880 1155 2955 ἐπηγγείλατο.

510 2973 654 3042 Περὶ
684 2972 797 3042 τῆς
834 2970 1338 3043 μεταμορφώσεως
1368 2970 1475 3025 τοῦ
1512 2966 1802 3039 Σωτῆρος.

447 3083 468 3116 ι
504 3064 657 3118 Μετὰ
685 3065 743 3119 δὲ
797 3066 1010 3137 ἡμέρας
1042 3065 1119 3131 ἒξ,
1162 3084 1180 3117 ι
1218 3062 1362 3118 κατὰ
1402 3061 1494 3117 τὸν
1526 3062 1802 3117 Μστθαῖον
1852 3060 1949 3117 καὶ

370 3154 462 3208 τὸν
483 3154 730 3227 Μάρκον,
791 3173 810 3205 ι
840 3153 1259 3227 παραλαμόάνει
1303 3152 1394 3205 τὸν
1447 3150 1672 3224 Πέτρον,
1707 3150 1801 3204 καὶ
1839 3151 1948 3205 Ἰά-

2052 2056 2144 2110 illo
2176 2056 2447 2123 intuetur;
2480 2071 2542 2110 ac
2574 2057 2815 2112 intuetur
2835 2058 2887 2113 id
2917 2058 3156 2130 quidem,
3178 2069 3364 2133 utpote
3388 2063 3440 2118 in
3464 2080 3630 2134 quem

2052 2148 2259 2201 nullum
2290 2148 2524 2217 amplius
2551 2147 2837 2218 imperium
2868 2151 3109 2208 obtineat
3142 2164 3455 2225 peccatum,
3482 2160 3629 2228 quod

2053 2235 2107 2291 in
2145 2251 2374 2306 corpore
2402 2245 2746 2307 peccatorum
2776 2242 2994 2296 mortali
3038 2253 3228 2314 regnat
3250 2243 3319 2312 “,
3363 2249 3457 2303 sed
3485 2264 3630 2304 sem-

2050 2344 2146 2397 per
2200 2344 2381 2384 rerum
2423 2329 2667 2383 omnium
2715 2332 2828 2401 regi
2866 2330 2979 2387 Deo
3030 2335 3280 2392 subditus
3328 2339 3419 2402 sit,
3470 2340 3630 2411 cujus

2049 2436 2311 2491 regnum,
2362 2422 2603 2489 potentia
2645 2422 2886 2491 quidem,
2920 2424 3062 2480 intra
3114 2443 3214 2483 nos
3263 2437 3346 2483 est
3375 2431 3457 2498 ⁸⁶;
3502 2441 3628 2488 actu

2050 2518 2252 2575 autem,
2280 2511 2385 2575 vel,
2421 2519 2479 2564 ut
2508 2510 2723 2568 Marcus
2747 2515 2983 2584 appellat
3004 2516 3069 2583 δι,
3099 2517 3153 2570 in
3175 2518 3396 2586 virtute,
3421 2537 3629 2592 nequa-

2049 2618 2212 2673 quam
2245 2610 2424 2657 autem
2463 2603 2517 2657 in
2547 2604 2938 2672 imbecillitate,
2982 2607 3122 2664 intra
3150 2610 3421 2679 perfectos
3448 2616 3625 2669 solum

2048 2702 2152 2751 est.
2192 2693 2316 2749 [hec
2350 2694 2517 2766 igitur
2568 2696 2839 2752 stantibus
2885 2697 3169 2767 discipulis
3208 2699 3387 2770 Jesus,
3421 2718 3529 2757 non
3561 2704 3628 2757 de

2050 2787 2307 2845 omnibus
2342 2785 2484 2853 illis,
2529 2787 2621 2842 sed
2665 2787 2731 2843 de
2763 2788 3087 2858 quibusdam
3115 2792 3436 2860 praedicens,
3469 2792 3631 2863 pelli-

2050 2881 2192 2937 citus
2228 2888 2331 2936 est.

2267 2974 2428 3047 557
2487 2973 2561 3028 De
2599 2970 2894 3028 Servatort's
2929 2973 3411 3046 transﬁguratum,

2121 3064 2210 3120 56.
2253 3084 2271 3117 ι
2302 3065 2366 3120 Ει
2394 3078 2520 3137 post
2551 3066 2667 3120 dies
2698 3079 2815 3131 sex,
2847 3082 2866 3116 ι
2893 3064 3048 3135 juxta
3073 3064 3383 3123 Matthtcum
3409 3078 3461 3124 et
3486 3068 3631 3123 Mar-
3666 3082 3671 3087 ‘

2055 3171 2179 3211 cum
2207 3156 2274 3224 ⁸⁸,
2308 3175 2325 3207 ‹
2363 3155 2591 3212 assumit
2610 3152 2852 3221 Petrum,
2887 3163 2941 3210 et
2969 3153 3254 3220 Jacobum,
3279 3165 3332 3211 et
3361 3156 3628 3212 Joannem

371 3248 567 3314 κωσον,
599 3249 693 3301 καὶ
724 3247 977 3319 Ἰωάννην
997 3247 1087 3301 τὸν
1112 3246 1339 3315 ἀδελφὸν
1399 3243 1587 3309 αὐτοῦ,
1621 3245 1716 3297 καὶ
1754 3244 1946 3313 ἀνάγει

2056 3248 2278 3304 fratrem
2309 3250 2449 3319 ejus.
2479 3257 2533 3303 et
2556 3248 2812 3304 subducit
2837 3248 2957 3303 illos
2992 3249 3047 3302 in
3081 3259 3319 3305 montem
3352 3252 3629 3305 excelsqu

371 3344 563 3408 αὐτοὺς
591 3343 699 3414 (l0)
751 3344 834 3407 είς
865 3342 990 3414 ὅρος
1012 3341 1215 3412 uti/nlo)
1238 3341 1357 3394 κατ’
1383 3338 1536 3393 ίδίαν·
1572 3340 1668 3392 καὶ
1689 3355 1949 3412 μετεμορ-

369 3435 524 3508 φώθη
551 3435 859 3507 ἔμπροσθεν
884 3435 1086 3490 αὐτῶν.
1102 3454 1120 3485 ι
1140 3433 1311 3487 Τοῦτο
1340 3433 1398 3487 δὲ
1422 3432 1518 3486 καὶ
1545 3432 1651 3504 πρὸ
1678 3432 1777 3503 τῆς
1806 3434 1948 3487 κατὰ

367 3526 543 3581 ταῦτα
568 3528 896 3599 φαινομένης
928 3529 1062 3597 ἡμῖν
1107 3525 1414 3597 διηγήσεως
1456 3525 1728 3593 γεγονέτω
1755 3523 1945 3590 πάλαι,

370 3620 463 3672 καὶ
490 3618 566 3683 ὡς
599 3620 735 3691 πρὸς
762 3618 860 3689 τὴν
916 3618 1080 3685 λέξιν.
1115 3619 1273 3673 Δοκεῖ
1304 3617 1359 3670 δέ
1407 3633 1498 3687 μοι
1524 3617 1650 3679 τοὺς
1679 3616 1947 3686 ἀναγομέ·

2054 3350 2325 3408 seorsum,
2356 3351 2410 3396 et
2444 3341 2861 3411 transﬁguratus
2888 3349 2972 3395 est
3002 3349 3129 3396 ante
3155 3357 3271 3397 eos.
3312 3360 3331 3395 ι
3366 3341 3479 3398 Hoc
3500 3351 3632 3398 ante

2052 3434 2467 3505 explicationem
2506 3449 2540 3489 a
2590 3433 2749 3488 nobis
2802 3447 2966 3502 super
3012 3433 3129 3489 istis
3172 3435 3533 3505 propositam,
3575 3446 3630 3489 et

2050 3527 2205 3595 juxta
2240 3534 2441 3581 textum
2482 3524 2746 3580 orationis
2776 3525 2908 3580 olim
2955 3525 3283 3597 contigerit:
3320 3526 3414 3595 qui
3445 3535 3627 3583 autern

2056 3634 2083 3673 a
2114 3618 2240 3674 Jesu
2271 3619 2324 3673 in
2357 3628 2597 3674 montem
2631 3619 2903 3675 excelsum
2926 3619 3178 3674 subducti
3214 3629 3360 3684 sunt,
3395 3629 3449 3676 et
3479 3623 3625 3693 digni

366 3726 493 3774 νους
519 3710 624 3764 ὑπὸ
649 3710 743 3763 τοῦ
789 3709 962 3782 Ἰησοῦ
988 3710 1068 3773 είς
1094 3712 1156 3762 τὸ
1198 3709 1398 3779 ὑψηλὸν
1440 3708 1587 3779 ὄρος,
1622 3707 1716 3760 καὶ
1763 3706 1948 3770 ἀξιου-

2056 3710 2225 3765 habiti
2258 3712 2355 3780 qui
2391 3711 2925 3782 transﬁgurationem
2959 3710 3106 3765 illius
3134 3727 3380 3767 seorsum
3414 3723 3631 3784 specta-

371 3800 566 3871 μένους
594 3802 688 3855 τοῦ
714 3804 834 3855 κατ’
870 3801 1003 3854 ίδίαν
1028 3798 1194 3853 αὐτοῦ
1222 3801 1319 3871 τὴν
1358 3798 1782 3870 μεταμόρφωσιν
1810 3798 1944 3851 θεω-

371 3894 554 3966 ρῆσαι,
607 3895 679 3966 μὴ
737 3894 912 3965 μάτην
945 3892 1062 3964 μεθ’
1109 3890 1168 3958 ἓξ
1227 3891 1441 3963 ἡμέρας
1482 3890 1777 3959 ἀνάγεσθαι
1837 3892 1945 3944 τῶν

370 3986 780 4058 προειρημένων
814 3986 1006 4055 λόγων.
1041 3985 1193 4038 Ἐπεὶ
1224 3983 1332 4053 γὰρ
1359 3986 1417 4036 ἐν
1450 3981 1510 4047 ἒξ
1542 3983 1773 4054 ἡμέραις
1802 3983 1942 4055 (Η),

368 4076 552 4148 τελείῳ
583 4076 819 4149 ἀριθμῷ,
851 4077 880 4130 6
906 4076 1130 4147 σύμπας
1167 4075 1454 4144 γεγένηται
1497 4074 1719 4145 κόσμος,
1752 4074 1813 4127 τὸ
1856 4075 1944 4128 τέ-

2050 3811 2190 3869 rent,
2216 3811 2268 3857 et
2299 3818 2404 3857 non
2433 3803 2552 3857 sine
2580 3818 2745 3858 causa
2778 3811 2899 3873 post
2926 3819 3018 3857 sex
3052 3803 3187 3868 dies,
3229 3819 3295 3858 ex
3342 3820 3454 3876 quo
3500 3820 3620 3861 ser-

2054 3907 2246 3947 mones
2296 3908 2459 3963 supra
2505 3908 2536 3948 a
2590 3894 2749 3948 nobis
2794 3895 3205 3949 commemorati
3254 3896 3422 3950 habiti
3475 3907 3625 3962 sunt,

2054 3981 2307 4037 subducti
2355 3981 2487 4035 mihi
2528 3982 2799 4036 videntur.
2834 3980 3105 4048 Quoniam
3135 3986 3279 4039 enim
3322 3986 3462 4041 intra
3508 3987 3627 4040 dies

2052 4086 2171 4139 sex,
2223 4071 2316 4142 qui
2373 4070 2646 4141 perfectus
2701 4088 2964 4129 numerus
3016 4082 3119 4140 est,
3166 4073 3464 4144 perfectum
3496 4076 3626 4130 illud

1556 4227 1785 4285 VETUS
1824 4223 2397 4282 lNTERPRETATIO.

367 4381 480 4435 tur,
518 4391 537 4423 ι
576 4371 787 4426 videtur
816 4384 945 4440 ergo
975 4369 1109 4425 mihi
1144 4369 1199 4424 in
1232 4368 1372 4433 istis,
1408 4368 1534 4440 quia
1567 4366 1714 4422 aliud
1746 4375 1830 4423 est
1862 4375 2094 4440 mortem;
2119 4375 2360 4437 gustare,
2383 4365 2530 4421 aliud
2561 4375 2751 4440 autem,
2771 4379 2999 4440 mortem
3032 4367 3237 4432 videre,
3269 4369 3412 4423 aliud
3442 4372 3630 4429 venire

366 4457 531 4511 super
576 4441 791 4510 aliquos
828 4438 1089 4511 mortem,
1121 4440 1265 4511 aliud
1319 4438 1612 4493 absorbere
1648 4449 1899 4511 mortem,
1952 4438 2310 4511 aliudautem
2342 4445 2571 4491 mortem
2602 4439 2777 4511 sequi.
2823 4438 3024 4505 Quaero
3055 4448 3233 4491 autem
3282 4442 3335 4493 in
3384 4441 3524 4506 istis,
3558 4461 3628 4497 ne

369 4507 509 4568 forte
540 4507 760 4583 gravius
795 4510 866 4564 sit
895 4520 1112 4579 gustare
1141 4507 1392 4583 mortem,
1425 4523 1585 4577 quam
1620 4508 1804 4583 videre
1834 4526 1847 4563 :
1875 4511 2002 4562 item
2033 4507 2189 4583 pejus
2226 4515 2327 4570 est,
2362 4521 2522 4575 quem
2569 4508 2836 4583 sequitur_
2869 4522 3049 4583 mors,
3084 4523 3247 4577 quam
3280 4511 3371 4578 qui
3400 4522 3624 4583 gustat:

367 4592 423 4637 et
446 4577 570 4637 non'
589 4582 765 4636 solum
794 4588 855 4634 ut
878 4577 1161 4650 sequatur,
1192 4579 1283 4635 sed
1309 4579 1469 4651 etiam
1504 4587 1563 4651 ut
1593 4578 1787 4651 veniat
1800 4593 1966 4651 super
2003 4578 2240 4651 aliquem
2278 4591 2447 4651 mors,
2493 4585 2549 4632 et
2599 4577 3025 4651 comprehendat
3057 4592 3219 4647 quem
3267 4577 3624 4651 séquébatur.

366 4652 660 4707 Absorbcri
691 4660 872 4706 autem
904 4644 1164 4717 amorte,
1192 4648 1446 4703 omnibus
1480 4648 1692 4702 videtur
1719 4648 1853 4717 mihi
1872 4644 2111 4717 'gravins
2130 4662 2271 4701 esse.
2302 4644 2359 4700 Si
2395 4657 2575 4717 autem
2616 4644 3048 4704 consideraveris
3075 4644 3426 4717 peccantium
3465 4653 3626 4707 dill‘c-

366 4723 593 4791 rentias,
628 4731 761 4791 puto
790 4716 1077 4791 quod'non
1101 4718 1376 4774 dubitabis
1403 4719 1682 4788 suscipere
1713 4716 1828 4773 haec
1860 4716 1983 4788 quae
2015 4718 2082 4772 de
2116 4719 2309 4772 mortis
2339 4716 2643 4772 dilferentia
2677 4726 2806 4772 sunt
2834 4726 3062 4772 tractata
3084 4716 3133 4773 7a
3177 4719 3357 4787 nobis,
3394 4729 3448 4776 et
3477 4721 3627 4780 dicta

367 4790 423 4846 in
454 4787 752 4861 scripturis
774 4787 869 4861 per
897 4787 1162 4859 Spiritum
1194 4796 1466 4845 sanctum.

437 4860 528 4916 '56.
565 4853 596 4914 ι’
626 4860 759 4915 Post
774 4853 911 4916 'dies
941 4853 1128 4914 autem
1179 4872 1295 4918 sex,
1336 4876 1355 4909 ι
1403 4854 1704 4912 secundum
1755 4854 2069 4911 Matthaaum
2101 4863 2156 4909 et
2188 4853 2451 4922 Marcum,
2487 4874 2506 4907 ι
2542 4872 2831 4912 assumens
2872 4854 3116 4921 Petrum,
3164 4866 3220 4912 et
3248 4855 3536 4925 Jacobum,
3570 4872 3625 4916 et

364 4927 627 4986 Joannem
659 4930 877 4986 fratrem
907 4930 1048 4998 ejus,
1075 4927 1231 4998 duxit
1252 4941 1347 4981 eos
1380 4942 1545 4997 super
1569 4933 1807 4980 montem
1838 4926 2111 4998 excelsum
2136 4935 2501 4998 seorsumLct
2526 4925 2944 4998 transﬁguratus
2965 4937 3048 4983 est
3076 4938 3201 4981 ante
3226 4942 3341 4982 eos.
3378 4948 3395 4980 ι
3415 4926 3623 4985 Viden-

366 5008 457 5055 tur
488 5001 619 5054 mihi
660 5001 754 5070 qui
793 4995 1068 5054 ducuntur
1098 5013 1129 5052 a
1167 4996 1294 5051 Jcsu
1343 4995 1506 5066 super
1533 5003 1769 5070 montem
1818 4996 2116 5070 excelsum,
2149 5005 2203 5070 et
2229 4995 2684 5070 digni‘babentur
2725 4995 2909 5070 videre
2937 4998 3468 5070 transtigurationem
3501 5000 3623 5069 ejus

367 5080 594 5139 secrete,
624 5064 751 5139 quia
780 5084 885 5123 non
919 5070 970 5123 in
1003 5083 1215 5139 vanum
1235 5073 1359 5135 post
1397 5064 1494 5139 sex
1533 5064 1650 5119 dies
1676 5064 1972 5139 ducuntur.
2014 5064 2461 5139 Quoniam’enim
2497 5066 2551 5119 in
2597 5082 2692 5139 sex
2728 5065 2921 5120 diebus
2962 5064 3185 5139 perfecti
3219 5069 3431 5139 numeri
3476 5064 3623 5125 totus

364 5137 544 5195 factus
566 5134 901 5196 est'visibilis
921 5139 1178 5201 mundus,
1204 5134 1324 5190 ideo
1353 5136 1585 5207 arbitror
1616 5149 1738 5187 eum
1766 5135 1857 5207 qui
1889 5134 2443 5207 transcenditomnes
2465 5134 2654 5190 mundi
2684 5134 3180 5207 res,i_considerans
3212 5135 3324 5205 jam
3357 5151 3465 5192 non
3499 5155 3622 5207 qua:

368 5210 640 5275 videntur,
667 5209 984 5279 temporalia
1018 5209 1164 5263 enim
1200 5212 1349 5271 sunt,
1379 5206 1473 5279 sed
1495 5218 1618 5273 quae
1639 5218 1745 5279 non
1775 5205 2046 5271 videntur,
2076 5204 2336 5279 quoniam
2369 5213 2497 5279 sunt
2518 5215 2754 5279 aeterna,
2776 5204 2927 5279 illum
2960 5219 3119 5279 posse
3140 5204 3434 5279 ascendere
3457 5204 3620 5274 super

367 5288 606 5334 montem
625 5271 906 5335 excelsum
930 5278 1149 5333 Christo
1174 5292 1233 5331 se
1264 5271 1618 5342 praecedente,
1646 5272 1799 5328 illum
1828 5289 1987 5342 posse
2018 5286 2072 5328 et
2095 5271 2328 5343 'gloriam
2359 5276 2605 5344 aspicere
2630 5271 2795 5327 Verbi
2833 5271 3028 5328 DeifSi
3060 5290 3189 5343 ergo
3216 5277 3340 5344 quis
3369 5271 3618 5331 nostrum

366 5351 515 5420 cupit
538 5350 758 5405 Christo
785 5364 844 5403 se
871 5357 1181 5404 assumente
1213 5347 1506 5400 ascendere
1534 5358 1697 5414 super
1731 5352 1969 5398 montem
1997 5345 2294 5409 excelsum,
2329 5353 2384 5398 et
2415 5345 2593 5398 videre
2617 5353 2821 5397 secrete
2846 5344 3379 5414 transﬁgurationem
3413 5345 3621 5413 ipsius.

435 5511 482 5544 δ’
512 5512 669 5569 Rom.
698 5513 885 5579 v1,|2.
962 5514 1009 5546 ⁸ο
1043 5512 1173 5567 Luc.
1200 5525 1336 5575 xvn,
1366 5509 1456 5563 2!.
1537 5509 1584 5539 “
1618 5507 1785 5563 Marc.
1813 5524 1939 5573 νηί,

2056 5552 2062 5565 ,
2137 5510 2183 5542 ⁸²
2212 5509 2399 5564 Matth.
2429 5522 2561 5570 xvn,
2595 5507 2646 5567 1,
2667 5505 2732 5571 2;
2767 5504 2933 5560 Marc.
2970 5522 3045 5571 lx,
3074 5507 3124 5560 l.

2119 5674 2231 5744 (ιο)
2265 5669 2622 5744 Καί-ἀνάγει
2643 5669 2904 5744 αὐτούς.
2931 5667 3027 5744 _lta
3054 5668 3253 5724 habent
3282 5669 3615 5738 exemplain

443 5676 511 5749 (8)
553 5678 1100 5751 Ἐλίαμπόμεναγὲν
1145 5677 1275 5743 ταῖς
1305 5673 1595 5751 καρδίαις.
1643 5673 1939 5751 Sie_habet

2119 5673 2381 5751 (10)_Kal_
2387 5740 2401 5751 ν
2417 5673 2622 5751 (imitat
2643 5739 2655 5751 .

2040 5740 2325 5797 nonnulla.
2360 5740 2533 5811 Vulgo
2558 5740 2749 5811 legitur
2771 5740 3051 5811 ἀναφέρει.

360 5745 531 5804 codex
563 5745 770 5814 Tarini,
806 5745 861 5801 in
887 5749 1122 5803 editione
1156 5758 1333 5802 autem
1359 5745 1535 5799 Huetii
1565 5746 1715 5798 deest
1746 5747 1823 5797 ἐν.

437 5818 513 5888 (9)
559 5820 735 5873 Ἀλλὰ
758 5807 893 5888 περί
921 5834 1117 5871 τινων.
1157 5817 1248 5871 Sic
1276 5818 1542 5888 lacunam_
1555 5831 1680 5888 quae
1711 5828 1935 5882 compa-

2070 5883 2082 5888 Α
2113 5811 2422 5888 (11)-λΕπεὶ
2450 5807 2560 5888 γῖᾁρ
2587 5807 2658 5888 sv
2686 5809 2755 5874 ἓξ
2790 5807 3058 5888 ἡμέρας,
3089 5818 3198 5888 ειεἶ
3226 5807 3360 5888 Vide
3384 5808 3612 5864 Ambro-

366 5882 451 5944 ret'
478 5878 530 5943 in
565 5890 801 5944 editione
826 5878 1026 5951 Hostii,
1061 5888 1276 5958 supplet
1301 5886 1469 5941 codex
1501 5878 1853 5940 Ta'rinianus.
2039 5878 2363 5951 siu'm,'libro
2388 5878 2468 5937 vn’
2491 5878 2546 5935 in
2574 5880 2776 5935 Lucam
2806 5895 2883 5948 ιε,
2906 5890 2961 5935 ει
2995 5878 3483 5950 Theophylactum.

643 5985 920 6045 PATROL.
957 5982 1073 6045 GB.
1108 5982 1281 6043 XIII.

3260 5969 3336 6030 34
