4146 6424
380 367 511 427 1081

1328 361 1683 420 COMMENT.
1726 361 1795 415 1N
1836 360 2251 419 ΜΑΤΤΠΑΞΠΜ
2293 362 2527 420 TOMUS
2569 360 2681 418 ΧΠ.

3508 361 3644 415 1032

377 488 679 561 βόυλήματι
743 486 996 558 σκηνοῦν,
1037 485 1278 540 δείκνυσι
1326 486 1631 558 κρείττονα,
1671 484 1738 537 ἵν’
1786 480 1957 546 οὕτως

2061 481 2334 551 cupiebat,
2352 482 2670 546 deterreret,
2690 478 2906 544 melius,
2922 488 2981 534 ut
3004 483 3080 534 ita
3104 481 3369 547 dicam,et
3383 489 3647 549 prmstau-

374 580 647 651 ὀνομάσω,
685 578 779 632 καὶ
812 577 989 648 πολλῷ
1023 577 1379 649 διαφέρουσαν
1425 575 1628 647 σκηνὴν
1669 574 1768 645 τὴν
1806 573 1962 643 νεφέ-

379 679 498 740 λην.
539 671 604 724 Ei
642 669 751 741 γὰρ
783 670 943 741 ἔργον
975 669 1092 723 ἐστὶ
1121 669 1327 740 σκηνῆς
1356 668 1418 720 τὸ
1441 666 1761 721 ἐπισκιάσαι
1788 666 1880 719 τὸν
1903 667 1961 718 ἐν

373 765 513 835 αὐτῇ
567 764 661 817 καὶ
689 763 977 825 σκεπάσαι,
1003 764 1037 832 ἡ
1064 761 1120 815 δὲ
1151 759 1385 830 φωτεινὴ
1418 758 1613 829 νεφέλη
1639 757 1960 810 ἐπεσκίασεν

377 856 597 920 αὐτοὺς,
640 854 800 908 οἱονεὶ
833 852 1033 924 σκηνὴν
1079 852 1379 923 θειοτέραν,
1424 851 1519 905 ἆτε
1569 850 1662 904 καὶ⁸
1696 848 1962 920 φωτεινὴν

364 947 768 1017 τυγχάνουσαν,
800 946 1097 1016 πεποίηκεν
1127 944 1312 1007 αὐτοῖς
1333 946 1413 1007 εἰς
1440 942 1793 1015 παράδειγμα
1829 943 1960 1014 μελ-

366 1038 573 1108 λούσης
628 1037 979 1099 ἀναστάσεως
1023 1038 1052 1089 6
1090 1036 1258 1101 Θεός·
1310 1036 1544 1107 φωτεινὴ
1596 1037 1704 1108 γὰρ
1762 1036 1961 1108 νεφέλη

370 1128 688 1193 ἐπισκιάζει
723 1129 849 1192 τοὺς
905 1127 1146 1190 δικαίους
1196 1128 1640 1198 σκεπαζομένους
1694 1128 1811 1198 ἆμα
1867 1129 1964 1181 καὶ

369 1218 778 1291 φογτιζομένους
803 1221 898 1273 καὶ
924 1219 1364 1290 ἐλλαμπομένους
1394 1219 1504 1287 (54)
1537 1220 1627 1272 ὑπ’
1658 1221 1844 1291 αὐτῆς.
1870 1220 1964 1283 Τίς

366 1309 416 1363 δ’
456 1311 521 1364 ἂν
562 1312 649 1381 εἴη
681 1312 713 1380 ἠ
759 1310 992 1381 φωτεινὴ
1040 1310 1238 1381 νεφέλη
1272 1311 1665 1375 ἐπισκιάζουσα
1705 1314 1831 1374 τοὺς
1881 1310 1961 1362 δι·-

370 1402 591 1474 καίουςς
617 1398 695 1455 Ἦ
726 1400 866 1471 τάχα
904 1402 1002 1471 μὲν
1051 1400 1292 1473 πατρικὴ
1324 1401 1553 1473 δύναμις
1595 1400 1687 1470 ἀφ’
1716 1396 1782 1473 ἧς
1818 1401 1966 1472 ἔρχε-

368 1511 462 1546 ται
486 1497 519 1564 ὴ
550 1493 642 1547 τοῦ
668 1493 880 1564 Πατρὸς
908 1494 1083 1565 φωνὴ,
1112 1493 1464 1565 μαρτυροῦσα
1490 1494 1568 1565 τῷ
1595 1495 1710 1566 Υἱῷ
1735 1495 1809 1558 ὡς
1832 1496 1964 1563 ἀγα-

370 1586 531 1658 πητῷ
583 1587 673 1640 καὶ
710 1585 1004 1655 εὐδοκητῷ.
1048 1587 1143 1640 καὶ
1176 1587 1561 1659 προτρέπουσα
1584 1589 1709 1649 τοὺς
1742 1585 1961 1650 σκιαζο-

374 1678 570 1749 μένους
592 1679 684 1731 ὑπ’
706 1678 895 1747 αὐτῆς,
918 1676 1107 1730 τούτου
1131 1678 1226 1730 καὶ
1259 1678 1332 1749 μὴ
1360 1677 1519 1732 ἄλλου
1544 1678 1690 1741 τινὸς
1712 1679 1959 1743 ἁκούειν;

368 1771 534 1840 Λέγει
554 1772 598 1824 δ’
622 1766 797 1837 οὗτος,
823 1771 899 1835 ὡς
926 1769 1116 1832 πάλαι,
1142 1767 1314 1833 οὕτως
1340 1771 1435 1823 καὶ
1458 1770 1544 1823 ἀεὶ
1574 1770 1640 1823 δι’
1675 1765 1750 1825 ὧν
1777 1772 1957 1842 βούλε-

366 1882 482 1917 ται.
521 1865 677 1935 Τάχα
707 1864 764 1917 δὲ
806 1864 901 1917 καὶ
942 1862 1003 1915 τὸ
1045 1862 1198 1929 ἆγιον
1234 1862 1462 1933 Πνεῦμα
1493 1866 1527 1934 ἡ
1573 1867 1808 1935 φογτεινή
1845 1866 1961 1918 ἐστι

365 1954 587 2026 νεφέλη,
612 1956 1002 2020 ἐπισκιάζουσα
1038 1955 1164 2016 τοὺς
1196 1953 1457 2019 δικαίους,
1507 1956 1600 2009 καὶ
1649 1956 1961 2028 προφητεύ-

364 2062 507 2099 ουσα
539 2046 610 2100 τὰ
638 2046 731 2100 τοῦ
758 2047 892 2101 Θεοῦ
927 2048 1275 2121 ἐνεργοῦντος
1301 2048 1358 2100 ἐν
1381 2050 1518 2119 αὐτῇ
1550 2050 1644 2102 καὶ
1670 2049 1919 2117 λέγοντος
1943 2065 1957 2078 ·

369 2154 395 2189 ι
443 2132 610 2202 Οὗτός
641 2141 786 2192 ἐστιν
833 2142 861 2193 6
890 2140 1018 2204 Υἱός
1067 2159 1167 2212 μου
1208 2143 1237 2195 6
1285 2139 1571 2211 ἀγαπητὸς
1611 2140 1669 2192 ἐν
1711 2132 1756 2207 ᾧ
1800 2139 1960 2209 ηὐδό-

364 2243 539 2298 κησα.
581 2247 598 2278 ι
651 2226 941 2299 Τολμήσας
983 2230 1028 2283 δ’
1078 2230 1146 2284 ἂν
1189 2229 1398 2299 εἴποιμι
1446 2229 1541 2282 καὶ
1584 2228 1677 2281 τὸν
1731 2229 1961 2300 Σωτῆρα

360 2317 528 2388 ἡμῶν
563 2314 703 2372 εἶναι
743 2322 1008 2392 φωτεινὴν
1056 2321 1306 2391 νεφέλην.
1348 2321 1555 2392 Πέτρος
1601 2321 1699 2391 μὲν
1726 2316 1818 2374 οὖν
1863 2320 1955 2373 λέ-

360 2426 519 2480 γων·
578 2429 593 2462 ι
637 2412 960 2483 Ποιήσωμεν
993 2405 1097 2467 ὧδε
1139 2417 1288 2485 τρεῖς
1331 2413 1536 2484 σκηνὰς
1572 2432 1589 2464 ι
1638 2415 1731 2483 ἀφ’
1764 2414 1959 2467 ἐαυτοῦ

371 2502 504 2571 μίαν
545 2500 780 2574 (55),καὶ
800 2501 1020 2559 ἀπὸτοῦ
1038 2500 1173 2555 Υἰοῦ
1197 2499 1346 2572 μίαν,
1410 2503 1504 2557 καὶ
1538 2504 1645 2557 ἀπὸ
1674 2504 1765 2558 τοῦ
1803 2505 1956 2573 ἁγίου

366 2591 688 2662 Πνεύματος
729 2593 858 2663 μίαν
882 2610 896 2624 ·
928 2593 1162 2665 φωτεινὴ
1192 2596 1299 2665 γὰρ
1331 2593 1563 2665 Πατρὸς,
1599 2593 1726 2646 Υξοῦ
1754 2594 1959 2648 καὶτοῦ

363 2684 527 2751 ἁγίου
550 2684 867 2755 Πνεύματος
892 2685 1087 2756 νεφέλη
1112 2682 1422 2748 ἐπισκιάζει
1453 2687 1580 2748 τοὺς
1620 2686 1792 2756 Ἰησοῦ
1827 2704 1961 2758 γνη-

366 2774 518 2839 σίους
550 2774 829 2847 μαθητάς·
862 2775 895 2847 ἦ
923 2776 985 2829 τὸ
1025 2774 1375 2845 Εὐαγγέλιον,
1400 2776 1494 2830 καὶ
1535 2776 1627 2829 τὸν
1649 2777 1832 2847 νόμον,
1867 2780 1962 2832 καὶ

364 2867 496 2931 τοὺς
525 2868 806 2940 προφήτας
848 2868 1045 2938 νεφέλη
1075 2868 1383 2934 ἐπισκιάζει
1415 2869 1651 2941 φωτεινὴ
1683 2869 1759 2941 τῷ
1799 2869 1960 2923 δυνα-

368 2958 519 3028 μένῳ
546 2960 741 3031 ἐνορᾷν
763 2957 842 3029 τῷ
869 2960 1008 3027 φωτὶ
1035 2958 1206 3028 αὐτῆς
1233 2956 1378 3012 κατὰ
1397 2957 1457 3011 τὸ
1485 2958 1837 3027 Εὑαγγέλιον,
1866 2960 1961 3014 καὶ

273 3040 283 3047 ’
363 3051 460 3105 τὸν
495 3053 678 3123 νόμον,
701 3052 796 3106 καὶ
823 3052 952 3114 τοὺς
987 3052 1290 3123 προφήτας.
1329 3053 1392 3105 Ἠ
1418 3051 1474 3104 δὲ
1500 3054 1564 3105 ἐκ
1586 3052 1684 3122 τῆς
1728 3051 1961 3124 νεφέλης

2063 574 2174 629 tius
2207 574 2640 637 tabernaculum,
2676 572 2875 627 nubem
2904 571 3131 636 scilicet,
3164 570 3487 624 ostendisse.
3512 567 3643 620 Cum

2062 666 2208 721 enim
2260 666 2598 720 tabernaculi
2652 664 2759 719 illa:
2804 663 2913 718 sint
2952 672 3134 732 partes
3159 702 3174 726 ,
3212 661 3463 731 quisquis
3497 659 3551 713 in
3580 674 3646 713 eo

2062 765 2147 812 est
2182 757 2329 812 hunc
2357 756 2691 810 obumbrare
2719 760 2774 808 et
2802 760 3109 823 protegere,
3144 754 3318 807 nubes
3344 758 3527 806 autem
3558 749 3644 802 lu-

2066 847 2185 902 eida
2217 846 2573 901 obumbraret
2619 861 2736 912 eos,
2788 846 2948 915 quasi
2983 846 3222 900 divinius
3261 843 3368 898 illis
3398 842 3646 896 taberna-

1991 935 2006 958 '
2065 938 2270 1003 culum,
2307 946 2494 1008 utpote
2520 936 2797 1001 lucidum,
2851 936 3050 991 futura:
3079 937 3250 989 instar
3285 931 3647 989 resurrectio-

2064 1028 2152 1083 nis
2178 1028 2323 1085 Deus
2364 1028 2696 1084 construxit.
2755 1026 2943 1082 Justos
2971 1026 3140 1090 enim,
3193 1033 3362 1080 tectos
3408 1022 3569 1079 simul
3593 1033 3646 1075 et

2065 1121 2400 1176 illuminatos
2440 1133 2494 1175 et
2522 1121 2825 1175 illustratus
2851 1134 2881 1172 a
2917 1134 3000 1184 se,
3031 1118 3208 1173 lucida
3243 1117 3416 1170 nubes
3447 1115 3644 1169 obum-

2065 1212 2206 1266 brat.
2272 1211 2343 1264 At
2372 1227 2621 1281 quaenam
2651 1210 2829 1265 lucida
2856 1224 2921 1265 ea
2946 1210 3116 1264 nubes
3146 1209 3422 1278 estjustos
3449 1206 3645 1260 obum-

2064 1303 2275 1358 brans?
2344 1302 2426 1356 An
2458 1311 2683 1372 paterna
2720 1301 2953 1357 fortasse
2982 1301 3156 1355 virtus
3184 1308 3298 1363 cst,
3349 1314 3378 1353 a
3408 1314 3515 1368 qua
3543 1296 3639 1351 Pa-

2068 1394 2165 1449 tris
2199 1409 2306 1447 vox
2334 1393 2482 1457 exit,
2539 1392 2737 1448 Filium
2782 1393 2886 1448 sibi
2916 1393 3171 1447 dileitum
3203 1400 3256 1445 et
3283 1389 3538 1460 placitum
3571 1399 3649 1442 te-

2064 1496 2238 1551 stans,
2273 1501 2478 1554 eosque
2510 1486 2812 1540 adhortans
2845 1485 2940 1554 qui
2966 1500 3028 1539 ea
3062 1483 3553 1546 obumbrabantur,
3588 1491 3647 1537 ut

2064 1578 2254 1643 illum,
2304 1592 2406 1631 nec
2452 1576 2765 1646 quempiam
2814 1575 2981 1629 alium
3017 1574 3307 1630 audirent?
3344 1571 3395 1628 Is
3441 1581 3647 1635 autem,

2065 1667 2524 1739 quemadmodum
2561 1665 2712 1731 olim,
2745 1668 2817 1719 ita
2853 1674 2907 1719 et
2931 1681 3147 1734 semper
3179 1680 3273 1733 per
3298 1679 3360 1717 ea
3393 1680 3514 1732 qum
3534 1665 3650 1720 vult

2066 1758 2325 1827 loquitur.
2392 1754 2642 1809 Forsitan
2694 1770 2822 1808 vero
2850 1766 2903 1808 et
2927 1753 3164 1823 Spiritus
3205 1764 3427 1807 sanctus
3472 1756 3644 1810 nubes

1991 1827 2033 1881 Β
2067 1849 2246 1905 lucida
2277 1858 2380 1912 est,
2412 1848 2592 1917 justos
2620 1845 2958 1900 obumbrans
2983 1885 2996 1907 ,
3032 1852 3086 1898 et
3109 1845 3276 1898 edens
3303 1845 3522 1898 oracula
3557 1844 3649 1898 Dei

2064 1941 2342 2013 operantis
2391 1942 2444 1994 in
2492 1954 2584 2006 se,
2639 1947 2695 1993 et
2742 1938 2974 1993 dicentis
2999 1938 3041 1969 ⁸⁷
3090 1956 3102 1991 ι
3165 1955 3183 1988 ι
3215 1934 3313 1989 Ηίε
3350 1945 3434 1990 est
3478 1936 3649 1991 Filius

2064 2049 2219 2089 meus
2252 2034 2482 2089 dilectus
2514 2031 2647 2085 mihi
2684 2031 2738 2084 in
2765 2046 2874 2101 quo
2918 2028 3052 2083 mihi
3089 2028 3225 2083 bene
3255 2026 3579 2096 complacui.
3622 2047 3642 2078 ι

2064 2124 2204 2191 Quin
2228 2133 2282 2180 et
2308 2124 2566 2179 audacter
2599 2122 2945 2177 Servatorem
2984 2128 3232 2176 nostrum
3262 2118 3494 2173 lucidam
3528 2134 3650 2173 esse

2064 2215 2224 2288 565
2254 2216 2452 2270 nubem
2479 2214 2864 2285 pronuntiabo.
2916 2211 3113 2267 Petrus
3147 2211 3313 2281 igitur
3337 2211 3526 2265 dicens
3549 2210 3595 2242 ⁸⁸
3630 2227 3645 2264 :

2070 2326 2088 2357 ι
2129 2298 2420 2361 Faciamus
2471 2306 2562 2360 hic
2616 2306 2716 2358 tria
2751 2303 3215 2359 tabernaeula.....
3256 2322 3274 2355 ι
3308 2317 3340 2356 a
3369 2317 3429 2357 se
3456 2317 3648 2367 unum,

2067 2414 2235 2452 unum
2285 2414 2315 2452 a
2358 2396 2516 2464 Filio,
2569 2407 2623 2451 ct
2671 2412 2840 2450 unum
2879 2410 2910 2449 a
2956 2395 3158 2465 Spiritu
3191 2402 3400 2449 sancto.
3444 2392 3651 2449 Lucida
3704 2418 3711 2423 -

2063 2490 2263 2559 quippe
2293 2488 2498 2555 Patris,
2534 2499 2588 2543 et
2614 2486 2759 2552 Filii,
2793 2496 2846 2542 et
2878 2487 3112 2557 Spiritus
3139 2487 3313 2541 sancti
3351 2487 3524 2541 nubes
3559 2501 3648 2540 ve-

2063 2595 2156 2636 ros
2182 2578 2312 2635 Jesu
2340 2580 2639 2650 discipulus
2662 2579 2985 2644 obumbrat;
3038 2578 3120 2632 vel
3147 2576 3496 2646 Evangelium
3519 2617 3532 2640 ,
3568 2579 3647 2631 le-

2065 2684 2185 2739 gem
2207 2710 2221 2734 ,
2249 2676 2304 2723 ει
2332 2669 2628 2737 prophetas
2661 2668 2831 2723 nubes
2858 2667 3181 2731 obumbrat,
3219 2666 3397 2721 lucida
3428 2666 3647 2736 quidem

2064 2759 2114 2814 ei
2142 2761 2236 2829 qui
2273 2768 2448 2830 potest
2482 2760 2680 2814 intueri
2711 2759 2893 2813 lumen
2922 2758 3072 2814 illius
3098 2759 3150 2813 in
3179 2757 3501 2829 Evangelia,
3534 2760 3650 2830 lege

2062 2861 2117 2906 et
2166 2850 2465 2921 prophetis.
2537 2848 2654 2904 Vox
2698 2861 2879 2904 autem
2918 2850 2987 2904 de
3017 2851 3162 2905 nube
3207 2850 3408 2905 emissa
3441 2849 3648 2907 Mosem

2064 2941 2300 2996 fortasse
2332 2953 2383 2995 et
2413 2937 2589 2995 Elian)
2612 2980 2627 3005 ,
2662 2940 2860 2995 Filium
2894 2941 3132 2997 hominis
3165 2940 3380 3008 videre,
3415 2958 3650 3013 eumque

2063 3033 2253 3088 audire
2272 3075 2287 3099 ,
2318 3041 2372 3086 et
2395 3032 2621 3103 gloriam
2656 3033 2804 3087 illius
2835 3041 3082 3102 spectare
3109 3033 3391 3103 cupientes
3418 3035 3650 3105 alloqui-

366 3145 525 3216 φωνὴ
557 3145 698 3216 τάχα
741 3146 846 3215 μὲν
890 3145 1118 3197 Μωῦσεῖ
1161 3145 1257 3197 καὶ
1306 3144 1462 3218 Ἠλίᾳ
1501 3145 1682 3213 λέγει’
1737 3164 1755 3197 ι
1794 3140 1957 3212 Οὗτός

2068 3143 2177 3195 tur,
2239 3129 2475 3183 dicens:
2532 3147 2551 3180 ι
2603 3127 2702 3183 Hic
2749 3137 2832 3184 est
2886 3127 3063 3185 Filius
3109 3144 3263 3183 meus
3293 3129 3559 3195 dilectus,
3592 3130 3646 3183 iu

367 3234 515 3289 ἐστιν
537 3234 565 3286 6
596 3235 723 3300 Υἱός
748 3253 849 3307 μου
881 3237 909 3289 6
940 3235 1245 3306 ἀγαπητὸς,
1271 3240 1327 3291 ἐν
1352 3231 1396 3306 ᾧ
1425 3237 1700 3309 ηὑδόκησα
1719 3255 1732 3268 ·
1761 3239 1955 3292 ἀκούε-

364 3343 428 3382 τε
453 3327 649 3390 αὐτοῦ,
682 3346 701 3379 ι
733 3326 1092 3398 ἐπιθυμοῦσιν
1150 3327 1279 3381 ἰδεῖν
1322 3327 1416 3381 τὸν
1450 3328 1578 3383 Υἱὸν
1609 3327 1700 3382 τοῦ
1745 3329 1957 3402 ἀνθρώ-

368 3436 496 3481 που,
541 3418 635 3472 καὶ
660 3417 893 3473 ἀκοῦσαι
924 3416 1110 3483 αὐτοῦ,
1143 3419 1237 3471 καὶ⁹
1267 3417 1540 3491 θεωρῆσαι
1587 3420 1749 3476 αὑτὸν
1776 3421 1956 3485 καθὼς

364 3513 426 3564 ἐν
451 3511 598 3583 δόξῃ.
633 3510 786 3581 Τάχα
805 3510 863 3563 δὲ
903 3504 1058 3574 οὗτος
1090 3510 1201 3583 (56)
1235 3511 1483 3583 μαθητὰς
1507 3513 1770 3581 διδάσκει,
1804 3515 1886 3569 ὅτι
1926 3516 1956 3568 ὁ

367 3604 574 3675 κυρίως
590 3603 716 3668 Υἱὸς
739 3603 833 3657 τοῦ
859 3603 1018 3670 Θεοῦ,
1047 3606 1141 3659 καὶ
1172 3607 1456 3678 ἀγαπητὸς
1480 3608 1668 3672 αὐτοῦ,
1698 3611 1757 3664 ἐν
1779 3603 1824 3679 ᾧ
1852 3610 1952 3681 ηὐ-

364 3695 616 3768 δόκησεν,
651 3691 713 3752 οὗ
757 3697 992 3768 μάλιστα
1031 3697 1248 3752 ἀκούειν
1290 3699 1389 3765 δεῖ,
1415 3703 1445 3754 6
1490 3701 1612 3754 τότε
1646 3701 1956 3773 θεωρούμε-

366 3804 457 3852 νος
502 3785 593 3860 ἦν,
640 3789 735 3843 καὶ
766 3789 1241 3861 μεταμορφωθεὶς,
1272 3792 1366 3845 καὶ
1406 3792 1629 3863 λάμψας
1660 3793 1739 3864 τῷ
1780 3811 1951 3867 προσ-

365 3877 501 3951 ώπῳ
531 3881 607 3945 ὡς
634 3883 664 3934 6
704 3881 874 3952 ἣλιος,
906 3884 999 3936 καὶ
1029 3883 1376 3955 ἐνδεδυμένος
1411 3884 1481 3938 τὰ
1519 3886 1594 3950 ὡς
1638 3885 1754 3956 φῶς
1782 3886 1952 3943 λευκά

370 3970 582 4039 ἱμάτια.

438 4062 592 4116 Μετὰ
616 4062 672 4116 δὲ
697 4061 868 4116 ταῦτα
900 4063 1229 4134 γέγραπται,
1246 4062 1326 4115 ὅτι
1361 4063 1696 4128 ἀκούσαντες
1727 4066 1825 4136 τῆς
1847 4084 1959 4135 φω-

370 4153 470 4224 νῆς
500 4156 599 4226 τῆς
625 4155 856 4226 νεφέλης
886 4155 997 4227 (57)
1029 4154 1413 4227 μαρτυρούσης
1450 4156 1527 4227 τῷ
1569 4157 1683 4228 Υἰῷ
1714 4160 1761 4211 οἱ
1808 4162 1957 4231 τρεῖς

2064 3235 2174 3290 quo
2205 3219 2340 3273 mihi
2366 3218 2505 3274 bene
2526 3218 2863 3287 eomplacui;
2897 3219 3075 3286 ipsum
3102 3219 3304 3273 audite.
3336 3238 3355 3270 ι
3393 3217 3649 3273 Fo:tasse

2061 3324 2192 3364 vero
2235 3309 2535 3378 discipulos
2586 3309 2742 3363 docet
2775 3325 2900 3363 eum
2933 3308 3026 3379 qui
3057 3310 3274 3379 proprie
3322 3308 3418 3364 Dei
3473 3308 3647 3366 Filius

2060 3410 2163 3466 est,
2192 3402 2405 3472 ipsique
2434 3401 2689 3468 dilectus,
2722 3400 2775 3454 in
2808 3416 2917 3470 quo
2942 3400 3045 3470 ipsi
3073 3401 3207 3456 bene
3231 3402 3643 3471 complacitum,

2061 3491 2265 3561 quique
2300 3489 2648 3559 potissimum
2678 3495 2761 3544 est
2787 3487 3090 3542 audiendus
3113 3528 3129 3553 ,
3167 3503 3291 3542 eum
3321 3503 3444 3542 esse
3480 3503 3643 3557 quem

2059 3589 2190 3637 tunc
2220 3579 2555 3650 aspiciebant
2575 3618 2590 3643 ,
2632 3580 2726 3649 qui
2756 3576 3179 3633 transformatus
3208 3590 3353 3642 erat,
3374 3578 3532 3647 cujus
3563 3577 3645 3633 fa-

2058 3673 2172 3728 cies
2207 3672 2524 3743 splendebat
2570 3672 2713 3726 sicut
2750 3671 2853 3735 sol,
2895 3670 3102 3741 quique
3135 3670 3456 3726 vestimenta
3506 3671 3645 3725 lucis

2060 3764 2232 3819 instar
2259 3763 2549 3819 candentia
2581 3762 2803 3819 indutus
2835 3770 2972 3820 erat.

2134 4072 2224 4127 45.
2286 4070 2564 4143 Scriptum
2620 4079 2706 4126 est
2757 4071 2954 4125 deinde
3007 4068 3292 4124 audientes
3342 4084 3528 4122 vocem
3575 4070 3642 4124 de

2061 4163 2209 4218 nube
2244 4172 2531 4218 exeuntem
2567 4170 2678 4217 tres
2711 4160 2989 4232 apostolos
3036 4167 3088 4214 et
3130 4159 3197 4212 de
3229 4157 3369 4212 Filio
3398 4162 3643 4212 testimo-

1581 4288 1809 4346 VETUS
1848 4287 2429 4348 lNTERPRETATlO.

364 4423 484 4482 nem
531 4409 781 4482 eremplo
818 4423 924 4482 suo
954 4407 1379 4482 demonstrabat
1425 4407 1816 4482 eisfuturam,
1864 4427 1986 4480 quia
2025 4421 2330 4482 protegeret
2372 4427 2467 4466 eos
2514 4413 2676 4467 simul
2714 4419 2767 4482 et
2801 4412 3150 4466 illuminaret.
3190 4410 3321 4476 Quae
3352 4416 3421 4482 sit
3452 4417 3630 4482 autem

368 4480 542 4537 nubes
571 4479 756 4551 lucida
782 4479 1119 4542 obumbrans
1155 4489 1396 4541 sanctos,
1429 4477 1702 4551 nisiforte
1735 4477 1907 4542 virtus
1938 4477 2163 4551 paterna
2185 4477 2257 4537 cx
2284 4498 2393 4551 qua
2417 4485 2563 4538 venit
2590 4499 2691 4537 vox
2718 4481 2895 4536 Patris
2926 4482 3064 4551 dans
3097 4480 3462 4534 testimonium
3498 4478 3636 4533 Filio

364 4551 522 4617 quasi
554 4550 775 4622 dilecto,
824 4549 1471 4622 et_exhortans_eos_qui
1508 4549 1979 4605 obumbrabantrir
2008 4552 2076 4606 ab
2109 4567 2195 4619 eo,
2226 4549 2350 4622 ipsi,
2385 4570 2489 4607 non
2522 4553 2610 4607 alii
2645 4552 2908 4607 obedire?
2951 4550 3126 4622 Forte,
3148 4561 3201 4605 et
3233 4550 3472 4622 Spiritus
3503 4565 3634 4604 san-

365 4627 486 4692 eius
516 4626 600 4675 est
632 4619 812 4692 lucida
859 4619 948 4673 illa
980 4621 1153 4673 nubes
1187 4618 1520 4692 obumbrans
1550 4628 1806 4692 sanctos,
1836 4631 1888 4675 et
1912 4618 2382 4692 prophetans'Deo
2413 4624 2465 4676 in
2506 4639 2564 4678 se
2597 4633 2874 4692 operante,
2909 4630 3073 4690 atque
3098 4618 3311 4675 dicente
3338 4639 3351 4674 :
3384 4638 3407 4692 ι
3433 4619 3531 4692 llic
3551 4629 3637 4673 est

366 4686 535 4746 Filius
559 4705 715 4743 meus
731 4690 982 4755 dilectus,
1012 4692 1065 4743 in
1103 4703 1211 4757 quo
1232 4689 1362 4742 mihi
1383 4686 1976 4756 coniplacui.iAudens
1998 4686 2177 4746 autem
2207 4694 2383 4747 dicam
2418 4694 2580 4747 etiam
2614 4686 2947 4747 Salvatorem
2979 4686 3223 4745 nostrum
3251 4705 3372 4745 esse
3397 4690 3629 4743 lucidam

366 4761 589 4832 nubem.
628 4758 812 4832 Nubes
829 4761 992 4832 enim
1022 4760 1198 4814 lucida
1231 4758 1522 4832 obumbrat
1550 4774 1765 4832 semper
1792 4761 2020 4816 dilectos
2049 4761 2252 4817 Christi
2285 4763 2602 4831 discipulos,
2635 4772 2688 4816 et
2721 4762 3094 4832 Evangelium,
3122 4768 3175 4815 et
3198 4762 3396 4832 legem,
3431 4769 3485 4832 et
3508 4774 3636 4832 pro-

405 4830 557 4903 hetas
580 4871 594 4895 ,
642 4828 787 4904 sicut
825 4831 1134 4904 intelligunt
1175 4829 1267 4897 qui
1320 4840 1551 4904 possunt
1594 4828 2058 4904 asp‘icere__l_umcn
2087 4834 2286 4904 ipsius
2336 4834 2391 4886 in
2417 4828 2738 4904 Evangelio,
2762 4832 2847 4887 vel
2875 4828 2931 4885 in
2966 4833 3098 4904 lege,
3130 4831 3211 4884 vel
3249 4828 3301 4904 in
3331 4829 3630 4904 prophetis.

411 4914 487 4979 οξ.
509 4909 691 4955 autem
720 4899 788 4979 de
813 4897 1047 4979 nubead
1073 4898 1365 4979 Moysenet
1400 4897 1577 4979 Elia‘inX
1595 4897 1763 4979 (neu;
1796 4918 1814 4979 ς
1843 4902 1944 4955 Hic
1969 4910 2053 4957 est
2071 4897 2252 4979 Filius
2277 4917 2428 4958 meus
2449 4897 2707 4979 dilectus,
2728 4903 2915 4979 inquo
2937 4897 3070 4979 mihi
3095 4897 3628 4979 complaeu.i,'ipsuui

361 4970 586 5042 audite,
622 4988 643 5021 ι
692 4967 1208 5042 qudesiderabaut
1238 4968 1432 5042 videre
1469 4967 1519 5042 _F
1525 4967 1676 5022 ilium
1723 4969 1932 5042 Dei,__et
1978 4972 2166 5027 audire
2209 4988 2333 5027 eum
2375 4988 2388 5023 :
2449 4982 2543 5027 aut
2575 4967 2872 5042 discipulos
2919 4972 3174 5042 docebat,
3221 4967 3484 5038 quoniam
3535 4970 3629 5038 qui

360 5039 581 5114 proprie
627 5038 743 5095 erat
774 5039 946 5114 Filius
974 5039 1099 5101 Dei,
1137 5049 1190 5094 et
1222 5038 1609 5114 dilectissimus
1660 5041 1802 5114 apud
1834 5038 2024 5106 Deum,
2044 5042 2104 5114 in
2134 5059 2244 5112 quo
2274 5042 2375 5114 sibi
2414 5038 2765 5114 complacuit,
2788 5056 2948 5114 quem
2974 5041 3242 5114 praecipue
3269 5047 3482 5114 oportet
3528 5054 3630 5093 au-

359 5109 505 5233 dire,t
543 5109 668 5234 lipse
696 5119 814 5165 erat
837 5110 932 5181 qui
963 5120 1093 5165 tunc
1120 5118 1173 5164 et
1207 5109 1390 5172 visus,
1437 5119 1490 5162 et
1540 5112 1928 5181 trantiguratus
1973 5109 2248 5182 Splenduit
2308 5112 2452 5168 sicut
2491 5109 2603 5181 sol,
2653 5123 2707 5195 et
2749 5109 3071 5168 vestimenta
3123 5111 3243 5180 ejus
3297 5109 3439 5163 facta
3501 5118 3630 5164 sunt

362 5195 477 5234 srcu
565 5196 749 5234 nmen.

362 5182 505 5234 sicut
543 5182 749 5236 lumen.
2695 5182 2701 5195 '

430 5251 522 5306 45.
562 5249 695 5305 Post
721 5252 822 5305 hoc
849 5250 1110 5321 scriptum
1144 5258 1229 5306 est
1257 5248 1515 5318 quoniam
1548 5250 1831 5306 audientes
1866 5251 2101 5307 lucidam
2147 5253 2347 5308 nubem
2406 5252 2780 5309 testimonium
2806 5250 3025 5306 dantem
3072 5248 3210 5303 Filio
3246 5247 3342 5303 Dei
3392 5247 3625 5317 apostoli
3706 5259 3712 5265 ‘

431 5348 474 5378 ³⁷
504 5345 697 5401 Matth.
730 5361 865 5409 xvu,
896 5345 949 5399 5.
1022 5346 1070 5377 ⁸⁸
1096 5346 1223 5400 ibid.
1256 5343 1309 5401 4.

428 5439 542 5510 (54)
573 5439 757 5495 Codex
778 5438 1092 5510 Vaticanus,
1111 5436 1516 5510 λαμπομένους,
1542 5444 1604 5510 et
1623 5437 1780 5505 paulo
1795 5446 1938 5510 post,

358 5506 753 5573 ἐπισκιάζουσα
772 5510 901 5572 τοὺς
931 5506 1202 5572 δικαίουςζ
1248 5506 1411 5562 editio
1452 5506 1652 5572 lluetii,
1686 5508 1940 5562 ἐπισκιά-

356 5581 523 5646 ζουσα
557 5583 667 5643 τοῖς
695 5579 921 5641 δικαίοις
939 5595 953 5643 ;

432 5649 543 5720 (55)
572 5650 831 5718 Σκηνὰς,
859 5649 960 5717 ἀφ’
992 5646 1214 5720 ἑαυτοῦ,
1230 5646 1395 5720 μίαν,
1431 5655 1535 5703 etc.
1596 5646 1687 5720 Sic
1739 5647 1937 5703 habent

357 5718 551 5776 omnes
580 5719 751 5775 nostri
794 5719 1008 5774 codices
1040 5734 1174 5772 mss.
1207 5719 1258 5770 in
1291 5718 1491 5787 quibus
1529 5719 1734 5772 nullum
1767 5734 1932 5786 appa-

362 5799 443 5845 iet
468 5791 651 5847 hiatus
687 5790 997 5860 vestigium,
1047 5788 1175 5844 licet
1206 5788 1357 5845 locus
1389 5787 1676 5846 manifesto
1704 5790 1931 5844 lacuno-

2049 5451 2145 5492 sus
2175 5436 2266 5503 sit,
2290 5437 2378 5491 cui
2409 5451 2508 5491 nec
2528 5434 2774 5492 subsidio
2802 5447 2885 5492 est
2909 5446 3059 5492 vetus
3092 5433 3465 5506 interpretatio
3498 5451 3622 5506 qua:

2049 5515 2103 5560 et
2134 5507 2248 5575 ipsa
2283 5508 2354 5575 ibi
2395 5521 2587 5575 manca
2617 5514 2718 5559 est.

2120 5572 2229 5646 (36)
2270 5572 2480 5646 Off-tog.
2509 5573 2666 5646 Deest
2688 5574 2738 5646 in
2756 5575 2957 5646 codice
2987 5575 3262 5646 Vaticano.
3294 5572 3434 5646 Quid
3471 5575 3515 5646 si
3544 5575 3620 5629 le-

2043 5642 2357 5715 gatur'rob;
2385 5643 2632 5716 μαθητάς
2653 5648 2675 5699 ?
2695 5642 2891 5697 Ibidem
2918 5658 3016 5712 pro
3042 5643 3245 5716 κυρίως
3272 5645 3441 5699 codex
3472 5643 3620 5699 Vati-

2040 5733 2211 5770 cauus
2244 5716 2409 5786 habet
2428 5715 2647 5786 Κύριος.

2108 5786 2222 5859 (57)
2256 5782 2546 5856 Νερέληςέ.
2584 5784 2739 5841 Deest
2768 5783 2821 5839 in
2854 5784 3039 5841 codice
3061 5782 3346 5840 Vaticano.
