4146 6488
497 408 629 464 1337

2000 399 2329 457 ORlGENlS

3647 396 3782 450 10δὸ

494 528 872 594 patraverunt,
903 521 969 574 ah
1001 518 1190 573 iisdem
1222 532 1513 588 passurum
1546 531 1603 573 se
1627 516 1721 571 ait.
1754 516 1934 586 Atque
1970 516 2088 571 haec

2198 511 2271 579 οἷς
2306 516 2668 587 πεποιήκασιν
2701 516 2780 579 εἰς
2802 515 2890 569 τὸν
2932 514 3116 568 Ἠλὶαν
3152 511 3314 582 φησιν
3338 510 3443 566 ὑπὸ
3465 512 3571 564 τῶν
3605 511 3784 566 αὐτῶν

499 616 721 686 quidem
757 615 913 683 quasi
946 613 1013 667 de
1051 612 1164 666 Elia
1196 612 1513 681 quaerebant
1542 611 1820 681 discipuli,
1857 618 1911 665 et
1964 608 2092 664 Ser-

499 714 652 760 vator
710 705 1089 774 respondebat.
1153 703 1259 769 Qui
1315 714 1497 757 autem
1567 703 1862 758 audierunt
1926 702 2091 757 verba

498 793 727 851 haec“:
769 812 788 844 ι
824 793 968 848 Elias
996 798 1108 862 jam
1143 792 1310 854 venit,
1372 811 1391 843 ι
1446 800 1501 846 et
1542 792 1685 862 quod
1732 807 1762 845 a
1805 790 2093 845 Servatore

495 885 690 940 deinde
719 884 923 938 dictum
954 892 1057 948 est,
1092 884 1159 938 ad
1210 882 1472 936 Joannem
1513 882 1809 952 Baptistam
1860 882 2091 935 relatum

494 990 617 1029 esse
652 974 1059 1028 intellexerunt.
1094 970 1220 1025 llaec
1250 986 1415 1040 porro
1444 971 1584 1024 dicta
1630 972 1740 1025 sint
1781 968 2090 1024 illustrandi

497 1067 668 1138 gratia
700 1065 967 1135 propositi
1000 1064 1129 1129 loci;
1151 1064 1263 1133 jam
1296 1077 1427 1117 vero
1461 1063 1771 1117 reconditas
1807 1063 1858 1115 in
1900 1076 1967 1116 eo
2003 1077 2091 1116 res

497 1173 595 1226 pro
635 1157 776 1211 virili
828 1157 1241 1226 investigemus.
1286 1154 1338 1207 In
1387 1154 1471 1208 his
1511 1154 1731 1223 quidem
1767 1167 1862 1222 per
1917 1150 2089 1204 Eliam

498 1264 607 1304 non
641 1248 773 1303 mihi
808 1249 1018 1302 videtur
1045 1247 1225 1301 anima
1254 1247 1570 1317 signiﬁcari,
1596 1261 1664 1300 ne
1698 1247 1837 1301 forte
1870 1244 1923 1297 in
1962 1244 2092 1298 alie-

497 1355 624 1395 nam
681 1340 749 1392 ab
787 1339 1029 1393 Ecclesia
1074 1338 1167 1392 Dei
1202 1339 1269 1394 de
1320 1339 1644 1408 migratione
1685 1353 1715 1391 e
1761 1352 1990 1406 corpore
2035 1336 2087 1390 in

500 1447 703 1501 corpus
753 1432 1111 1494 sententiam,
1155 1446 1332 1499 neque
1376 1433 1445 1485 ab
1498 1429 1760 1499 apostolis
1811 1430 2088 1495 traditam,

502 1538 676 1592 neque
695 1521 859 1593 568
891 1524 1170 1592 uspiamin
1202 1522 1501 1592 Scripturis
1525 1522 1787 1591 prolatam
1808 1520 2040 1574 incidam
2074 1539 2088 1575 :

502 1614 631 1669 huic
659 1615 805 1669 enim
840 1615 1159 1669 adversatur
1196 1614 1342 1684 quod
1366 1615 1630 1683 scriptum
1662 1623 1766 1677 est,
1794 1613 2001 1668 caduca
2026 1629 2090 1668 ea

500 1722 621 1761 esse
643 1722 765 1776 qua:
792 1706 1042 1761 videntur
1074 1709 1142 1771 99,
1177 1718 1230 1760 et
1263 1713 1705 1761 consummatum
1731 1705 1798 1758 iri
1830 1707 2089 1759 saeculum

502 1799 671 1853 hocce
705 1798 756 1865 ¹;
792 1798 926 1869 quin
968 1808 1022 1853 et
1052 1814 1241 1853 eorum
1294 1797 1596 1867 peractioni
1649 1814 1662 1850 :
1705 1816 1723 1847 ι
1780 1796 1994 1851 Caelum
2036 1804 2092 1850 et

2194 607 2497 660 πείσεσθαι.
2542 609 2652 660 Καὶ⁹
2683 607 2856 662 ταῦτα
2895 609 2990 678 μὲν
3014 608 3090 670 ὡς
3124 607 3252 677 περὶ
3292 603 3476 657 Ἠλίου
3499 604 3553 657 οἴ
3590 621 3647 656 τε
3678 621 3785 674 μα·-

2194 698 2356 770 θηταὶ
2399 696 2724 769 ἐπηρώτων,
2762 698 2857 753 καὶ
2901 701 2930 752 ό
2962 697 3151 769 Σωτὴρ
3200 696 3567 767 ἀπεκρίνατο·
3624 696 3674 747 οἰ
3726 694 3785 748 δὲ

2193 788 2525 852 ἀκούσαντες
2568 788 2808 859 συνῆκαν
2853 788 2912 841 τό
2937 805 2950 818 ·
2987 808 3003 839 ι
3059 787 3244 851 Ἠλίας
3286 786 3386 858 ήδη
3418 782 3550 858 ἦλθε
3573 824 3588 848 ,
3633 803 3652 836 ι
3692 787 3788 840 καὶ

2192 881 2252 935 τὸ
2273 881 2398 953 ἑξῆς
2427 880 2577 952 αὑτῷ
2610 881 2900 953 εἰρημένον
2928 880 3034 933 ὑπὸ
3064 878 3156 933 τοῦ
3193 880 3463 949 Σωτῆρος,
3508 878 3606 949 τὴν
3655 878 3817 961 ἀνα-ξ

2194 974 2365 1046 φορὰν
2398 973 2690 1044 ἐσχηκέναι
2738 972 2831 1025 ἐπὶ
2858 973 2949 1026 τὸν
2988 973 3300 1043 Βαπτιστὴν
3359 974 3632 1043 Ἰωάννην·
3677 969 3816 1046 Καὶὲ

2199 1020 2357 1046 ΤΤ⁷”’
2400 1020 2689 1044 ⁷⁷ΛἹ⁷”””“’
2740 1020 2830 1025 ’⁷⁷⁷
2870 1020 2942 1026 ’⁷⁷
2991 1020 3292 1043 '—""""'l'
3378 1020 3632 1043 '"""'l"
3677 1020 3787 1025 ""'

2191 1064 2363 1117 ταῦτα
2401 1064 2498 1135 μὲν
2528 1063 2766 1135 εἰρήσθω
2798 1064 3095 1135 σαφηνείας
3122 1065 3308 1117 ’ένεκεν
3333 1064 3427 1118 τοῦ
3463 1020 3826 1137 ἐκκειμένουί

2195 1158 2365 1229 ῥητοῦ
2386 1175 2400 1189 ·
2437 1157 2536 1229 ἤδη
2563 1157 2621 1211 δὲ
2654 1156 2795 1209 κατὰ
2821 1156 3049 1227 δύναμιν
3078 1156 3173 1209 καλ⁸
3202 1155 3309 1209 τῶν
3346 1156 3787 1227 ἐναποκειμένων

2192 1248 2345 1320 αὐτῷ
2367 1248 2707 1321 πραγμάτιον
2741 1248 2836 1318 τὴν
2867 1246 3113 1312 ἐξέτασιν
3143 1247 3521 1319 ποιησώμεθα.
3554 1249 3643 1301 Ἐν
3670 1248 3792 1302 τοὺ-

2192 1356 2307 1403 τοις
2337 1339 2448 1410 (47)
2489 1339 2672 1402 Ἠλίας
2703 1340 2800 1409 οὐχ
2834 1341 2866 1410 ἠ
2894 1338 3042 1410 ψυχὴ
3073 1340 3222 1392 δοκεῖ
3251 1357 3340 1410 μοι
3380 1338 3656 1406 λέγεσθαι,
3699 1339 3789 1393 ῐνα

2196 1430 2269 1501 μὴ
2305 1432 2569 1501 ἐμπίπτω
2621 1433 2702 1494 εἰς
2747 1431 2808 1484 τὸ
2862 1430 3145 1502 ἀλλότριον
3183 1432 3282 1501 τῆς
3330 1431 3654 1500 Ἑκκλησίας
3692 1431 3786 1485 τοῦ

2194 1521 2329 1574 Θεοῦ
2353 1522 2479 1593 περὶ
2512 1522 2611 1592 τῆς
2649 1520 3195 1592 μετενσωματώσεως
3222 1522 3416 1592 δόγμα,
3453 1520 3578 1574 οὔτε
3608 1540 3787 1595 παρα-

2194 1613 2469 1684 διδόμενον
2488 1613 2594 1667 ὑπδ
2615 1614 2723 1667 τῶν
2750 1614 3084 1680 ἀποστόλων,
3107 1612 3229 1666 οὔτε
3256 1615 3654 1685 ὲμφαινόμενόν
3684 1632 3787 1669 που

2189 1704 2297 1757 τῶν
2326 1704 2576 1776 Γραφῶν·
2607 1703 2836 1775 καὶγὰρ
2867 1704 3108 1758 ἐναντιον
3136 1705 3253 1756 ἐστὶ
3283 1704 3362 1775 τῷ
3389 1704 3459 1757 τὰ
3482 1704 3790 1776 βλεπόμενα

2195 1795 2506 1867 πρόσκαιρα
2542 1791 2703 1859 εἶναι,
2740 1796 2833 1849 καί⁸
2864 1796 3173 1849 συντέλειαν
3193 1797 3476 1849 πείσεσθαι
3499 1795 3589 1849 τὸν
3616 1797 3792 1851 αἰῶνα

501 1898 643 1941 terra
676 1866 990 1943 transibunt
1012 1890 1054 1955 ¹,
1085 1907 1102 1939 ι
1138 1898 1193 1943 et
1225 1908 1239 1943 :
1277 1908 1295 1940 ι
1330 1887 1575 1943 Prmterit
1603 1886 1749 1941 enim
1780 1887 1952 1958 ﬁgura
1989 1887 2093 1941 hu-

2198 1888 2414 1942 τοῦτον·
2444 1866 2584 1942 ἀλλὰ
2623 1889 2717 1943 καὶ
2759 1888 2837 1960 τῷ
2870 1888 3224 1959 πληρωθῆναι
3253 1889 3342 1942 τό·
3407 1908 3425 1940 ι
3471 1891 3528 1942 ’0
3562 1890 3792 1961 οὐρανὸς

494 1978 588 2048 jus
623 1980 812 2033 mundi
857 1981 914 2045 ³;
955 1998 974 2031 ι
1011 1988 1064 2034 et
1108 1999 1169 2033 τι
1218 1980 1351 2035 Caeli
1405 1978 1663 2049 peribunt
1700 1977 1761 2041 ⁶;
1806 1997 1825 2030 ι
1865 1993 1992 2032 cum
2027 1977 2096 2033 iis

500 2086 625 2141 quae
657 2082 982 2142 sequuntur.
1015 2070 1151 2126 Nam
1186 2072 1254 2138 si,
1288 2079 1346 2125 ut
1374 2072 1425 2126 id
1458 2085 1761 2140 ponamus,
1809 2070 1863 2124 in
1909 2085 1976 2124 eo
2011 2084 2097 2123 re-

500 2180 624 2219 rum
650 2174 791 2219 statu
827 2165 918 2234 qui
953 2165 1022 2219 ab
1053 2164 1210 2218 initio
1249 2164 1315 2219 ad
1347 2163 1879 2219 consummationem
1922 2175 2097 2229 usque

502 2258 691 2311 mundi
735 2257 1023 2320 obtinebit,
1058 2258 1247 2313 eadem
1295 2260 1479 2312 anima
1529 2258 1612 2313 bis
1654 2270 1855 2325 corpus
1908 2253 2097 2309 subire

506 2357 705 2415 potest,
760 2364 1121 2420 ecquamnam
1165 2350 1237 2404 ob
1287 2364 1511 2404 causam
1567 2346 1772 2403 subibit
1819 2343 1990 2399 illud?
2037 2340 2096 2397 Si

505 2449 725 2509 propter
756 2450 1039 2510 peccatum
1080 2441 1163 2495 his
1199 2456 1402 2511 corpus
1433 2440 1599 2506 subit,
1629 2454 1728 2494 cur
1778 2453 1886 2491 non
1928 2444 2009 2490 ter
2039 2443 2095 2489 et

504 2532 702 2601 stepius
741 2533 966 2598 subibit,
992 2548 1114 2588 eum
1145 2549 1241 2602 per
1265 2532 1648 2603 migrationem
1685 2529 2032 2583 solummodo
2066 2541 2097 2581 e

502 2638 734 2692 corpore
761 2623 815 2678 in
846 2640 1067 2694 corpus,
1099 2639 1199 2679 nec
1221 2623 1324 2677 alia
1348 2622 1544 2693 quavis
1577 2622 1791 2677 ratione
1820 2622 1928 2674 vita
1956 2620 2093 2683 haec,

502 2712 560 2769 in
593 2730 765 2784 eaque
780 2715 1020 2771 admissa
1035 2716 1238 2786 ﬂagitia
1265 2716 1559 2785 puniantur
1589 2713 1781 2780 ?Quod
1805 2705 1859 2768 si
1875 2727 1940 2766 ex
1961 2727 2097 2766 con-

505 2806 863 2873 sequentibus
883 2806 1047 2861 fuerit
1069 2822 1417 2870 concessum,
1434 2821 1713 2874 nunquam
1738 2820 1846 2859 non
1863 2803 2097 2858 fortasse

504 2896 689 2950 anima
721 2911 752 2951 e
792 2911 1023 2966 corpore
1057 2898 1113 2951 in
1146 2912 1347 2967 corpus
1385 2896 1831 2967 transmigrabit,
1878 2909 2099 2962 semper

507 2987 651 3041 enim
693 2996 915 3057 propter
944 2989 1124 3058 priora
1155 2988 1389 3045 erimina
1420 2989 1474 3042 in
1509 3002 1740 3057 corpore
1766 2986 2095 3050 versabitur,

511 3088 675 3148 atque
711 3079 786 3135 ita
815 3081 994 3136 locum
1028 3097 1134 3135 non
1172 3082 1393 3136 habebit
1428 3081 1598 3135 motio
1630 3080 1720 3134 illa
1746 3079 1954 3145 mundi,
1989 3093 2096 3149 qua

2197 1979 2292 2033 καὶ
2314 1981 2347 2051 ή
2371 1981 2440 2051 γῆ
2468 1980 2917 2051 παρελεύσονται,
2962 1999 2982 2034 ›
3020 1980 3112 2033 καὶ
3137 1980 3228 2033 τόο
3271 2000 3288 2031 ι
3324 1981 3567 2053 Παράγει
3599 1982 3709 2053 γὰρ
3730 1982 3792 2034 τὸ

2199 2074 2385 2145 σχῆμα
2410 2072 2503 2127 τοῦ
2534 2073 2739 2144 κόσμου
2762 2072 2974 2136 τούτου,
3017 2091 3036 2124 ι
3068 2073 3161 2125 καὶ
3193 2072 3252 2125 τό
3270 2073 3400 2143 (48)-
3437 2092 3455 2124 ι
3487 2074 3549 2126 Οἱ
3570 2074 3793 2144 οὐρανοὶ

2197 2165 2546 2232 ἀπολοῦνται,
2575 2184 2593 2216 ι
2626 2164 2763 2237 μετὰ
2786 2164 2896 2218 τῶν
2924 2163 3051 2235 ἑξῆς
3084 2164 3251 2236 αὐτῷ.
3272 2166 3336 2218 Εἰ
3362 2165 3492 2234 γὰρ,
3521 2164 3642 2218 καθ’
3666 2166 3795 2218 ὑπόο

2200 2257 2369 2319 θεσιν,
2406 2255 2487 2318 δὶς
2518 2254 2740 2309 δύναται
2769 2254 3023 2323 γενέσθαι
3061 2255 3118 2308 ὲν
3148 2257 3214 2326 τῇ
3258 2256 3352 2309 ἀπ’
3401 2256 3577 2327 ἀρχῆς
3627 2258 3791 2327 μέχρι

2198 2347 2507 2411 συντελείας
2543 2346 2635 2400 τοῦ
2670 2347 2877 2418 κόσμου
2925 2347 3261 2401 καταστάσει
3301 2349 3334 2419 ἡ
3380 2347 3518 2419 αὑτὴ
3556 2347 3702 2419 ψυχὴ
3732 2349 3795 2399 ἐν

2196 2438 2275 2510 τῷ
2310 2438 2543 2510 σώματι,
2571 2439 2637 2491 δι’
2671 2439 2851 2493 αἰτίαν
2874 2440 2940 2510 ἣν
2970 2438 3035 2492 ἂν
3067 2439 3277 2507 γένοιτο
3306 2441 3363 2492 ἐν
3397 2439 3547 2511 αὐτῷ
3576 2456 3591 2505 ;
3620 2440 3691 2491 Ἣ
3721 2439 3792 2492 δι’

2199 2530 2471 2602 ἁμαρτίαν
2495 2529 2603 2601 (49)
2635 2529 2903 2601 γενομένη
2936 2529 3015 2593 δὶς
3046 2532 3103 2583 ἐν
3148 2529 3361 2601 σώματι
3386 2569 3400 2595 ,
3437 2529 3525 2583 διὰ
3572 2530 3625 2582 τί
3671 2530 3794 2601 οὐχὶ

2198 2622 2293 2675 καὶ
2320 2606 2467 2692 τρὶς,
2504 2622 2600 2675 καὶ
2626 2621 2917 2686 πλεονάκις
2952 2621 3104 2676 ἔσται
3135 2625 3191 2676 ἐν
3222 2621 3389 2692 αὐτῷ,
3419 2621 3527 2675 τῶν
3575 2620 3667 2676 διὰ
3699 2621 3793 2675 τὸν

2201 2713 2313 2785 βίον
2354 2714 2541 2768 τοῦτον
2586 2715 2680 2770 καὶ
2724 2713 2793 2768 τά
2825 2714 3192 2786 ἡμαρτημένα
3227 2715 3284 2767 ἐν
3326 2712 3474 2785 αὐτῷ
3517 2713 3793 2768 κολάσεων

2196 2805 2371 2876 τούτῳ
2396 2805 2883 2877 άποδοθησομένων
2908 2807 3051 2877 μόνῳ
3074 2805 3151 2877 τῷ
3172 2806 3357 2878 τρόπῳ
3378 2805 3520 2860 κατὰ
3538 2804 3635 2876 τὴν
3660 2822 3793 2876 μετ-

2198 2898 2620 2970 ενσωμάτωσιν;
2667 2900 2845 2970 Ὅπερ
2886 2897 2982 2952 ἐὰν
3027 2895 3085 2963 ἐξ
3131 2896 3453 2960 ἀκολουθίας
3488 2894 3654 2965 δοθῇ,
3692 2894 3798 2948 οὐκ

2199 2986 2350 3040 ἔσται
2383 2987 2524 3058 τάχα
2569 2989 2658 3041 ὅτε
2697 2986 2841 3058 ψυχὴ
2876 2988 2935 3041 οὐ
2985 2985 3648 3059 μετενσωματωθήσεται·
3705 2986 3798 3039 ἀεὶ

2199 3080 2309 3152 γὰρ
2340 3079 2427 3134 διὰ
2458 3080 2527 3133 τὰ
2558 3080 2798 3152 πρότερα
2831 3080 3204 3152 ἁμαρτήματα
3225 3077 3553 3150 ὲπιδημήσει
3578 3076 3655 3148 τῷ
3690 3077 3799 3130 σώ-

516 3187 538 3221 σ
581 3172 780 3226 caelum
810 3182 864 3227 et
885 3183 1024 3227 terra
1052 3173 1381 3227 transibunt.
1421 3190 1439 3224 ι
1471 3170 1540 3227 Ut
1562 3179 1741 3225 autem
1772 3172 2099 3226 concedatur

507 3260 663 3330 juxta
698 3263 840 3319 hanc
884 3263 1245 3333 positionem,
1292 3279 1451 3330 eum,
1498 3263 1593 3332 qui
1648 3263 1852 3318 nullius
1893 3263 2103 3332 peccati

513 3371 641 3409 rcus
676 3355 799 3418 erit,
829 3370 935 3409 non
968 3354 1202 3425 amplius
1230 3372 1323 3426 per
1346 3365 1525 3410 ortum
1557 3355 1610 3409 in
1650 3369 1849 3425 corpus
1899 3353 2104 3408 reditu-

512 3462 657 3515 rum;
687 3464 754 3502 an
789 3456 899 3502 toto
934 3455 1242 3517 temporum
1270 3448 1503 3502 decursu
1529 3447 1758 3516 reperiri
1787 3460 1944 3515 posse
1987 3446 2105 3500 exi-

515 3539 707 3594 stimas
735 3539 974 3595 animam
1009 3540 1190 3595 omnis
1223 3554 1412 3610 puram
1471 3539 1644 3600 labis,
1694 3554 1795 3594 nee
1840 3539 2003 3593 ullius
2047 3538 2103 3592 in

2209 3191 2339 3244 ματι
2369 3213 2383 3237 ,
2436 3172 2531 3225 καὶ
2585 3171 2760 3235 οὕτως
2817 3172 2915 3242 οὐχ
2960 3171 3071 3237 ἕξει
3125 3171 3308 3241 χώραν
3350 3171 3382 3242 ή
3438 3168 3535 3222 τοῦ
3585 3169 3797 3241 κόσμου

2208 3265 2349 3338 φορὰ
2379 3264 2511 3336 (50),
2543 3263 2663 3318 καθ’
2694 3263 2760 3335 ἢν
2788 3281 2806 3314 ι
2852 3264 2909 3317 Ὀ
2935 3261 3162 3334 οὐρανὸς
3198 3261 3292 3314 καὶ
3333 3262 3367 3330 ὴ
3403 3260 3474 3331 γῆ
3525 3258 3799 3331 παρελεύ-

2210 3375 2412 3413 σονται.
2449 3375 2468 3409 ι
2511 3356 2628 3409 Ἵνα
2654 3354 2732 3421 δὲ,
2760 3354 2901 3409 κατὰ
2921 3355 3018 3427 τὴν
3044 3352 3299 3407 ὑπόθεσιν
3320 3352 3545 3423 ταύτην,
3576 3352 3800 3405 δίδωται.

2206 3449 2296 3504 τὸν
2324 3449 2499 3519 πάντη
2530 3447 2913 3519 ἀναμάρτητον
2947 3444 3142 3517 μηκέτι
3162 3444 3313 3515 ἥξειν
3340 3446 3420 3508 εἰς
3445 3443 3506 3497 τὸ
3536 3443 3623 3496 διὰ
3642 3444 3801 3512 γενέ-

2211 3558 2347 3604 σεως
2393 3539 2583 3611 σῶμα,
2623 3537 2711 3592 διὰ
2745 3537 2953 3610 χρόνων
3004 3536 3117 3607 (51)
3154 3535 3257 3590 οἴει
3298 3536 3426 3607 μίαν
3466 3535 3800 3608 εὑρήσεσθαι

515 3628 663 3683 aliud
695 3645 895 3700 corpus
930 3630 1276 3700 migrationis
1301 3629 1576 3697 egentem?
1613 3626 2001 3682 Verumtamen
2049 3636 2096 3682 et

2212 3631 2386 3700 πάντη
2410 3627 2827 3700 καθαρεύσασαν
2854 3627 3053 3699 ψυχὴν,
3088 3628 3184 3681 καὶ
3210 3625 3284 3699 μὴ
3316 3626 3575 3698 δεομένην
3607 3616 3803 3699 μετεν-

515 3718 595 3774 sic
645 3720 828 3791 aliqua
870 3736 1085 3791 semper
1116 3736 1182 3776 ex
1217 3721 1482 3791 [διωθιιίιο
1528 3722 1835 3776 animarum
1874 3735 2096 3775 numero

2212 3719 2624 3792 σωματὼσεως;
2668 3721 2856 3792 Ὅμως
2891 3720 2947 3774 δὲ
2974 3721 3069 3774 καὶ
3089 3719 3261 3783 οὕτως
3286 3722 3413 3791 μιᾶς
3433 3736 3576 3783 τινος
3623 3718 3710 3773 ἀεὶ
3734 3720 3801 3774 ἐκ

1732 3837 1966 3894 VETUS
2005 3835 2586 3892 INTERPRETATIO.

520 3951 607 4026 his
638 3955 834 4009 tradita
871 3955 1087 4011 fuerant
1113 3956 1178 4011 de
1208 3956 1346 4021 Elia,
1385 3958 1477 4013 sed
1517 3959 1684 4013 alium
1714 3957 1842 4013 Elia:
1873 3959 2162 4013 adventum
2191 3967 2314 4013 ante
2344 3972 2403 4012 se
2425 3957 2674 4012 indicans
2701 3956 2928 4021 factum,
2955 3972 3116 4026 quem
3150 3955 3531 4026 ignoraverant
3558 3952 3796 4026 Scriba.

521 4020 1050 4099 ignorantesautem
1076 4044 1225 4099 eum,
1244 4020 1650 4097 quedammodo
1674 4031 1966 4099 participes
1991 4029 2116 4084 facti
2152 4027 2546 4099 interfectionis
2573 4028 2713 4097 ejus,
2745 4020 2988 4082 fecerunt
3015 4027 3071 4099 ei
3089 4020 3292 4096 ("tanta
3321 4025 3628 4099 voluerunt,
3649 4025 3804 4079 simi-

524 4093 646 4168 liter
666 4092 869 4168 facturi
902 4096 1137 4152 Christo.
1167 4092 1291 4153 Ideo
1330 4117 1348 4150 ε
1387 4092 1724 4168 respondens
1753 4092 1916 4153 Jesus
1946 4098 2086 4153 dixit
2116 4119 2127 4152 ;
2160 4097 2304 4153 Elias
2330 4098 2548 4168 quidem
2589 4092 2850 4152 venturus
2884 4092 3254 4168 estprimum,
3288 4104 3342 4168 et
3379 4095 3799 4168 restituet_om-

522 4163 636 4216 nia.
666 4162 1014 4238 Diconautem
1058 4169 1232 4231 vobis,
1269 4162 1529 4238 quoniam
1568 4169 1716 4222 Elias
1740 4169 1851 4236 jam
1887 4170 2075 4234 venit,
2120 4177 2175 4223 et
2205 4184 2315 4222 non
2348 4162 2728 4238 cognoverunt
2761 4183 2907 4222 eum.
2954 4185 2971 4218 ι
2996 4162 3167 4233 ’ριιοά
3200 4166 3334 4220 dicit
3374 4173 3594 4234 propter
3629 4162 3800 4238 Joan—

524 4247 669 4309 nem,
708 4234 906 4309 ¢__Elias
933 4238 1047 4307 jam
1074 4240 1240 4309 venit,
1284 4234 1302 4291 ἱ
1340 4254 1447 4293 non
1478 4240 1660 4293 anima
1699 4234 1829 4295 Elite
1857 4248 1941 4309 est
1971 4240 2337 4309 intelligenda,
2373 4234 2522 4292 utne
2551 4237 2863 4309 incidamus
2887 4238 2951 4309 in
2972 4238 3167 4308 dogma
3213 4234 3799 4309 transcorporationis,

524 4306 670 4373 quod
702 4305 945 4360 alienum
971 4316 1054 4361 est
1082 4308 1150 4362 ab
1177 4309 1545 4364 ecclesiastica
1576 4310 1825 4364 veritate.
1861 4307 1995 4363 Nam
2033 4318 2086 4363 et
2106 4305 2442 4363 contrarium
2472 4318 2554 4362 est
2577 4307 2680 4377 his
2704 4323 2826 4377 qua:
2852 4308 2983 4363 dicit
3006 4305 3302 4376 Apostolus
3338 4324 3351 4359 :
3376 4320 3498 4374 quae
3520 4305 3798 4377 videntur,

523 4376 849 4447 temporalia
878 4393 1009 4442 esse,
1036 4396 1049 4432 :
1087 4379 1430 4445 etmundum
1465 4379 1630 4434 istum
1656 4380 1819 4433 tinem
1851 4380 2072 4444 habere,
2103 4388 2157 4433 et
2181 4383 2229 4434 ei
2254 4380 2399 4447 quod
2431 4380 2547 4447 ipse
2575 4376 2839 4447 Dominus
2867 4378 2943 4432 ait
2980 4395 2996 4431 :
3033 4397 3051 4428 ι
3079 4377 3293 4431 Caelum
3327 4384 3382 4430 et
3407 4385 3551 4430 terra
3587 4376 3796 4430 transi-

522 4442 682 4518 bunt,
713 4463 741 4518 _I
778 4456 832 4518 et
858 4442 1173 4515 prophetico
1204 4448 1276 4515 ei,
1303 4448 1448 4518 quod
1482 4450 1556 4504 ait
1587 4468 1602 4505 :
1636 4469 1655 4501 ι
1694 4448 1749 4503 lu
1776 4450 1930 4504 initio
1960 4442 2160 4503 terram
2198 4459 2252 4503 tu
2274 4442 2538 4513 fundasti,
2573 4446 2822 4507 Domine.
2852 4458 2907 4501 et
2944 4462 3110 4516 opera
3133 4461 3395 4501 manuum
3428 4455 3641 4500 tuarum
3670 4455 3803 4518 sunt

524 4514 672 4568 coeli.
713 4513 817 4583 Ipsi
860 4513 1133 4588 peribunt.
1177 4538 1195 4570 ι
1233 4513 1290 4573 Si
1323 4513 1469 4574 enim
1497 4520 1798 4575 secundum
1826 4521 2138 4588 opinionem
2177 4534 2366 4572 eorum
2418 4519 2600 4572 anima
2646 4518 2729 4573 bis
2758 4526 2933 4588 potest
2964 4513 3081 4572 fieri
3120 4518 3173 4571 in
3223 4531 3451 4585 corpore
3494 4515 3798 4571 secundum

466 4614 477 4617 »
527 4592 728 4637 statum
764 4586 1038 4659 eumdem,
1070 4588 1139 4642 ab
1169 4589 1326 4643 initio
1360 4591 1541 4644 sa‘culi
1574 4606 1748 4658 usque
1782 4590 1834 4643 in
1866 4586 2049 4651 tinem,
2075 4588 2350 4659 interrogo
2377 4604 2550 4657 quare
2588 4588 2648 4641 ﬁt
2672 4586 2780 4643 bis?
2807 4588 2862 4642 Si
2898 4596 3120 4657 propter
3152 4599 3459 4659 peccatum,
3494 4600 3665 4656 quare
3689 4601 3799 4639 non

524 4662 577 4733 et
607 4663 693 4706 ter
722 4664 777 4707 et
807 4654 1144 4725 frequentius
1176 4659 1235 4714 tit
1272 4660 1323 4712 in
1351 4675 1579 4733 corpore
1625 4654 1829 4733 anima,
1865 4670 1922 4714 ut
1950 4669 2170 4733 propter
2194 4654 2362 4713 vitam
2388 4654 2533 4733 hanc
2565 4668 2620 4712 et
2645 4668 2863 4733 peccata
2894 4654 3018 4727 quae
3045 4654 3467 4733 committuntur
3487 4654 3543 4710 in
3583 4671 3668 4718 ea,
3700 4670 3802 4723 pa—

523 4726 690 4803 tiatur
711 4740 924 4803 poenam
949 4726 1522 4803 transcorporationis,
1538 4746 1661 4803 qua:
1692 4730 1806 4784 sola
1829 4726 2131 4803 secundum
2147 4729 2296 4803 hanc
2312 4731 2627 4803 opinionem
2647 4726 2943 4803 animabus
2966 4728 3360 4803 peccati-icilius
3382 4726 3611 4781 infertur
3628 4741 3801 4803 eausa

526 4795 807 4870 vindicle
824 4795 957 4862 Quae
984 4799 1030 4854 si
1072 4795 1468 4870 consequenter
1512 4795 1800 4865 inferatur,
1830 4816 1940 4854 non
1965 4800 2073 4853 erit
2110 4800 2220 4853 cito
2259 4808 2318 4853 ut
2345 4795 2528 4853 anima
2566 4798 2782 4853 desinat
2823 4795 3019 4870 iter-uin
3049 4808 3228 4870 atque
3272 4801 3468 4852 iterum
3504 4796 3802 4870 suscipere

524 4880 746 4943 corpus.
777 4864 1000 4943 Semper
1029 4869 1174 4943 enim
1204 4864 1424 4939 propter
1446 4871 1640 4924 delicta
1665 4870 2370 4943 praecedentiarevertetur,
2399 4881 2455 4943 et
2474 4870 2556 4925 sie
2576 4869 2756 4943 locum
2778 4884 2884 4923 non
2906 4869 3125 4923 habebit
3140 4864 3553 4943 consummatio
3581 4866 3797 4919 mundi.

528 4934 583 4987 Si
619 4939 764 4989 enim
799 4934 1099 4993 secundum
1136 4934 1239 4994 hoc
1262 4934 1681 5009 argumentum;
1709 4940 1757 4994 ei
1787 4941 1985 4994 animae
2011 4940 2174 4993 datur
2203 4956 2309 4994 non
2339 4934 2516 4994 redire
2542 4940 2607 4993 ad
2631 4954 2833 5008 corpus
2869 4954 2992 5008 quae
3020 4953 3128 4992 non
3161 4937 3323 4993 habet
3347 4938 3573 4991 omnino
3604 4950 3803 5009 pecea—

528 5013 664 5067 tum,
703 5022 796 5075 per
817 5019 950 5077 quot
984 5024 1160 5063 annos
1191 5007 1474 5065 existimas
1509 5026 1671 5065 unam
1707 5010 1949 5065 animam
1986 5010 2242 5078 inveniri,
2278 5026 2400 5079 qua:
2432 5010 2659 5064 omnino
2682 5007 2897 5063 munda
2919 5010 2991 5064 sit
3020 5025 3049 5061 a
3077 5017 3322 5079 peccato,
3349 5017 3403 5062 et
3451 5022 3560 5060 nou
3602 5007 3804 5061 habeat

2129 3221 2171 3279 C

595 5141 641 5172 ³⁸
666 5139 855 5195 Matth.
876 5160 1010 5212 xv",
1036 5145 1119 5199 12.
1194 5146 1238 5179 9°
1263 5145 1305 5200 ll
1330 5145 1456 5202 Cor.
1484 5161 1557 5213 Iv,
1592 5144 1678 5201 i8.
1757 5145 1775 5177 ⁸
1802 5145 1992 5201 Matth.
2018 5163 2137 5215 xm,
2157 5148 2249 5205 59-
2322 5148 2343 5178 ⁸
2372 5148 2502 5203 ibid.
2525 5164 2676 5213 xxiv,
2703 5148 2792 5220 35.
2868 5146 3068 5204 'l(20r.
3094 5162 3190 5213 vn,
3224 5147 3315 5201 31.
3390 5144 3577 5202 ‘Psal.
3606 5160 3687 5211 et,
3703 5143 3796 5200 27.

598 5259 708 5338 (4:1)
734 5262 914 5338 Codex
945 5265 1297 5338 Tarinianus,
1331 5268 1391 5338 ὲν
1419 5265 1611 5338 τούτῳ.
1648 5262 1773 5338 Haec
1808 5280 2104 5338 repraesen-

522 5330 965 5407 tatAPamphilus
1014 5338 1066 5389 in
1115 5330 1371 5407 Apologia
1425 5353 1520 5405 pro
1565 5330 1810 5405 Origene,
1848 5330 2025 5403 iisque
2053 5345 2107 5407 et

522 5416 590 5476 ex
613 5398 845 5476 Origene
881 5398 1221 5476 depromptis
1267 5398 1593 5462 tEstimoniis
1623 5398 1886 5460 utitur'ad
1922 5398 2106 5474 depel-

526 5470 738 5525 lendam
771 5470 1452 5548 ah;AOri'gene'calumniam
1482 5492 1588 5547 qua
1620 5470 2107 5548 μετενσωμάτωσιν

526 5550 777 5618 astruere
821 5545 997 5602 dictus
1029 5556 1161 5618 _e_st.r
1214 5545 1346 5618 Vide
1398 5545 1994 5618 Orrigenianorum'lih.
2046 5559 2104 5612 ιι,

527 5622 719 5684 qurest.
749 5613 802 5678 6,
826 5633 976 5671 num.
1020 5615 1107 5682 17,
1143 5617 1317 5684 18,19
1344 5627 1394 5671 et
1428 5613 1517 5671 2οῖ

738 5685 919 5758 Codex
954 5682 1265 5752 Vaticanus,
1293 5687 1356 5758 τὸ
1381 5689 1567 5758 σχῆμα
1591 5685 1773 5748 τοῦτο,
1799 5685 1892 5758 καὶ

602 5753 819 5826 (ιιιλῊ
843 5755 917 5809 δι’
944 5758 1254 5826 ἁμαρτίαν.
1291 5753 1454 5811 Vetus
1473 5753 1747 5826 interpres
1772 5757 1919 5826 legit,
1946 5754 2007 5807 Εἰ
2036 5756 2102 5809 δι’

602 5772 712 5823 μυ)
762 5772 812 5808 Π
843 5772 916 5809 σι’
944 5772 1254 5826 rumpatur.
1294 5772 1454 5811 VBIIIS
1483 5772 1747 5826 llllCl‘pl‘OS
1772 5772 1817 5809 lC
1859 5772 1919 5817 ll,
1946 5772 2007 5807 bl
2036 5772 2102 5809 OL'

532 5822 825 5892 ἁμαρτίαν,
857 5829 1315 5895 quemadmodum
1343 5840 1393 5882 et
1438 5827 1773 5896 Pamphilus.
1822 5772 1976 5892 fluuit
2015 5845 2103 5882 se-

2211 5277 2371 5323 cutus
2394 5277 2475 5322 est
2504 5266 2752 5323 lluetius.

2284 5338 2396 5407 (50)
2426 5337 2603 5405 Φορά.
2631 5337 2721 5392 Sic
2750 5336 2949 5407 habent
2969 5351 3159 5392 omnes
3188 5354 3349 5407 mss...
3374 5334 3798 5407 sedAlegcndum

2213 5403 2445 5463 fortasse
2479 5403 2537 5463 ut
2577 5417 2758 5478 monet
2784 5406 3033 5471 Huctius,
3066 5407 3259 5478 φθορά.
3288 5406 3380 5462 Sic
3412 5403 3582 5478 infra,
3608 5408 3677 5478 ίέν
3717 5404 3799 5478 τῷ

2209 5478 2385 5549 χρόνῳ
2403 5478 2498 5548 τῆς,
2516 5477 2608 5531 τοῦ
2627 5479 2829 5547 κόσμου
2847 5475 3295 5549 φθορᾶςζιίιίιίειιι
3320 5478 3483 5549 codd.
3500 5475 3802 5549 Vaticanus

2211 5543 2265 5602 et
2296 5543 2623 5603 Tarin'ianus
2663 5543 2881 5614 habent,
2915 5543 3210 5620 όόὐρανὸς
3240 5549 3332 5602 καὶ
3357 5551 3390 5619 ἡ
3429 5547 3501 5619 γῆ
3530 5543 3801 5620 παρελεύο

2215 5635 2384 5673 σεται.

2287 5689 2394 5761 (51)
2423 5688 2594 5761 Codd.
2629 5686 2830 5758 Regius
2852 5728 2866 5753 ,
2909 5685 3237 5761 Tarinianus
3264 5697 3316 5743 et
3345 5687 3668 5761 Vaticanus,
3707 5683 3795 5740 διὸ

2215 5758 2395 5815 πόσων
2421 5760 2647 5831 χρόνων,
2679 5774 2799 5828 quae
2825 5759 3057 5829 genuina
3081 5758 3291 5813 videtur
3324 5774 3445 5815 σεεν
3471 5759 3651 5814 lectio.
