  <div class='ocr_page' id='page_1' title='image "/cluster/home/n/w/nwhite01/storage/ocr_20150623/13:no.3/coo.31924054872910/552.png"; bbox 0 0 4146 6422; ppageno 0'>
   <div class='ocr_carea' id='block_1_1' title="bbox 309 439 452 496">
    <p class='ocr_par' dir='ltr' id='par_1_1' title="bbox 309 439 452 496">
     <span class='ocr_line' id='line_1_1' title="bbox 309 439 452 496; baseline 0.028 -4"><span class='ocrx_word' id='word_1_1' title='bbox 309 439 452 496; x_wconf 74' lang='lat'>{089</span> 
     </span>
    </p>
   </div>
   <div class='ocr_carea' id='block_1_2' title="bbox 1271 424 2677 495">
    <p class='ocr_par' dir='ltr' id='par_1_2' title="bbox 1271 424 2677 495">
     <span class='ocr_line' id='line_1_2' title="bbox 1271 424 2677 495; baseline -0.003 -8"><span class='ocrx_word' id='word_1_2' title='bbox 1271 424 1634 495; x_wconf 67' lang='lat' dir='ltr'>COMMENT.</span> <span class='ocrx_word' id='word_1_3' title='bbox 1678 429 1745 484; x_wconf 85' lang='lat' dir='ltr'>IN</span> <span class='ocrx_word' id='word_1_4' title='bbox 1789 427 2213 485; x_wconf 65' lang='lat' dir='ltr'>MATTHIBUM</span> <span class='ocrx_word' id='word_1_5' title='bbox 2257 427 2493 483; x_wconf 77' lang='lat' dir='ltr'>TOMUS</span> <span class='ocrx_word' id='word_1_6' title='bbox 2537 426 2677 483; x_wconf 63' lang='grc' dir='ltr'>λιιι.</span> 
     </span>
    </p>
   </div>
   <div class='ocr_carea' id='block_1_3' title="bbox 3476 433 3614 487">
    <p class='ocr_par' dir='ltr' id='par_1_3' title="bbox 3476 433 3614 487">
     <span class='ocr_line' id='line_1_3' title="bbox 3476 433 3614 487; baseline -0.014 -2"><span class='ocrx_word' id='word_1_7' title='bbox 3476 433 3496 485; x_wconf 67' lang='grc' dir='ltr'><strong>Ἰ</strong></span> <span class='ocrx_word' id='word_1_8' title='bbox 3511 435 3614 487; x_wconf 59' lang='lat'>(39.1,)</span> 
     </span>
    </p>
   </div>
   <div class='ocr_carea' id='block_1_4' title="bbox 303 546 1904 622">
    <p class='ocr_par' dir='ltr' id='par_1_4' title="bbox 303 547 1904 622">
     <span class='ocr_line' id='line_1_4' title="bbox 303 547 1904 622; baseline -0.002 -19"><span class='ocrx_word' id='word_1_9' title='bbox 303 549 401 603; x_wconf 78' lang='grc' dir='ltr'>τοῦ</span> <span class='ocrx_word' id='word_1_10' title='bbox 446 549 754 622; x_wconf 77' lang='grc' dir='ltr'>ὡρισμένου</span> <span class='ocrx_word' id='word_1_11' title='bbox 804 548 911 603; x_wconf 85' lang='grc' dir='ltr'>τῶν</span> <span class='ocrx_word' id='word_1_12' title='bbox 957 548 1145 619; x_wconf 71' lang='grc' dir='ltr'>ψυχῶν</span> <span class='ocrx_word' id='word_1_13' title='bbox 1190 548 1425 619; x_wconf 81' lang='grc' dir='ltr'>ἀριθμοῦ</span> <span class='ocrx_word' id='word_1_14' title='bbox 1484 547 1904 618; x_wconf 71' lang='grc' dir='ltr'>μεθισταμένης,</span> 
     </span>
    </p>
   </div>
   <div class='ocr_carea' id='block_1_5' title="bbox 2004 546 3617 622">
    <p class='ocr_par' dir='ltr' id='par_1_5' title="bbox 2019 546 3617 621">
     <span class='ocr_line' id='line_1_5' title="bbox 2019 546 3617 621; baseline 0.004 -22"><span class='ocrx_word' id='word_1_15' title='bbox 2019 547 2333 611; x_wconf 78' lang='lat' dir='ltr'>excedente,</span> <span class='ocrx_word' id='word_1_16' title='bbox 2361 561 2463 601; x_wconf 88' lang='lat' dir='ltr'>nec</span> <span class='ocrx_word' id='word_1_17' title='bbox 2494 546 2730 616; x_wconf 78' lang='lat' dir='ltr'>amplius</span> <span class='ocrx_word' id='word_1_18' title='bbox 2759 546 3021 602; x_wconf 84' lang='lat' dir='ltr'>redeunte</span> <span class='ocrx_word' id='word_1_19' title='bbox 3061 549 3115 602; x_wconf 90' lang='lat' dir='ltr'>in</span> <span class='ocrx_word' id='word_1_20' title='bbox 3164 564 3364 621; x_wconf 86' lang='lat' dir='ltr'>corpus</span> <span class='ocrx_word' id='word_1_21' title='bbox 3389 590 3406 617; x_wconf 91' lang='lat'>,</span> <span class='ocrx_word' id='word_1_22' title='bbox 3461 565 3617 606; x_wconf 82' lang='lat' dir='ltr'>ortus</span> 
     </span>
    </p>
   </div>
   <div class='ocr_carea' id='block_1_6' title="bbox 301 638 1908 719">
    <p class='ocr_par' dir='ltr' id='par_1_6' title="bbox 301 638 1908 719">
     <span class='ocr_line' id='line_1_6' title="bbox 301 638 1908 719; baseline -0.003 -24"><span class='ocrx_word' id='word_1_23' title='bbox 301 643 404 696; x_wconf 75' lang='grc' dir='ltr'>καὶ</span> <span class='ocrx_word' id='word_1_24' title='bbox 444 641 644 713; x_wconf 79' lang='grc' dir='ltr'>μηκέτι</span> <span class='ocrx_word' id='word_1_25' title='bbox 679 643 760 704; x_wconf 83' lang='grc' dir='ltr'>είς</span> <span class='ocrx_word' id='word_1_26' title='bbox 790 641 949 713; x_wconf 83' lang='grc' dir='ltr'>σῶμα</span> <span class='ocrx_word' id='word_1_27' title='bbox 984 641 1321 719; x_wconf 74' lang='grc' dir='ltr'>ἐρχομένης,</span> <span class='ocrx_word' id='word_1_28' title='bbox 1356 638 1626 710; x_wconf 71' lang='grc' dir='ltr'>ἐπιλείψει</span> <span class='ocrx_word' id='word_1_29' title='bbox 1675 640 1805 692; x_wconf 84' lang='grc' dir='ltr'>ποτὲ</span> <span class='ocrx_word' id='word_1_30' title='bbox 1832 639 1908 702; x_wconf 80' lang='grc' dir='ltr'>ὡς</span> 
     </span>
    </p>
   </div>
   <div class='ocr_carea' id='block_1_7' title="bbox 298 732 1907 807">
    <p class='ocr_par' dir='ltr' id='par_1_7' title="bbox 298 732 1907 807">
     <span class='ocr_line' id='line_1_7' title="bbox 298 732 1907 807; baseline -0.002 -19"><span class='ocrx_word' id='word_1_31' title='bbox 298 734 394 788; x_wconf 85' lang='grc' dir='ltr'>διά</span> <span class='ocrx_word' id='word_1_32' title='bbox 419 750 583 788; x_wconf 89' lang='grc' dir='ltr'>τινων</span> <span class='ocrx_word' id='word_1_33' title='bbox 609 733 851 807; x_wconf 71' lang='grc' dir='ltr'>ὡσπερεὶ</span> <span class='ocrx_word' id='word_1_34' title='bbox 874 733 1117 805; x_wconf 81' lang='grc' dir='ltr'>ἀπείρων</span> <span class='ocrx_word' id='word_1_35' title='bbox 1139 734 1347 806; x_wconf 81' lang='grc' dir='ltr'>χρόνων</span> <span class='ocrx_word' id='word_1_36' title='bbox 1380 735 1412 803; x_wconf 85' lang='grc' dir='ltr'>ἡ</span> <span class='ocrx_word' id='word_1_37' title='bbox 1436 732 1675 801; x_wconf 86' lang='grc' dir='ltr'>γένεσις,</span> <span class='ocrx_word' id='word_1_38' title='bbox 1708 749 1907 785; x_wconf 83' lang='grc' dir='ltr'>καταν-</span> 
     </span>
    </p>
   </div>
   <div class='ocr_carea' id='block_1_8' title="bbox 295 823 1904 897">
    <p class='ocr_par' dir='ltr' id='par_1_8' title="bbox 295 823 1904 897">
     <span class='ocr_line' id='line_1_8' title="bbox 295 823 1904 897; baseline -0.002 -19"><span class='ocrx_word' id='word_1_39' title='bbox 295 826 572 894; x_wconf 79' lang='grc' dir='ltr'>τήσαντος</span> <span class='ocrx_word' id='word_1_40' title='bbox 613 824 710 879; x_wconf 81' lang='grc' dir='ltr'>τοῦ</span> <span class='ocrx_word' id='word_1_41' title='bbox 773 825 982 897; x_wconf 84' lang='grc' dir='ltr'>κόσμου</span> <span class='ocrx_word' id='word_1_42' title='bbox 1034 825 1127 879; x_wconf 82' lang='grc' dir='ltr'>ὲπί</span> <span class='ocrx_word' id='word_1_43' title='bbox 1158 841 1281 879; x_wconf 90' lang='grc' dir='ltr'>τινα</span> <span class='ocrx_word' id='word_1_44' title='bbox 1322 824 1421 878; x_wconf 72' lang='grc' dir='ltr'>ἕνα</span> <span class='ocrx_word' id='word_1_45' title='bbox 1463 825 1496 895; x_wconf 78' lang='grc' dir='ltr'><strong>ἢ</strong></span> <span class='ocrx_word' id='word_1_46' title='bbox 1548 823 1826 894; x_wconf 71' lang='grc' dir='ltr'>δτύτερον,</span> <span class='ocrx_word' id='word_1_47' title='bbox 1871 824 1904 894; x_wconf 82' lang='grc' dir='ltr'><strong>ἢ</strong></span> 
     </span>
    </p>
   </div>
   <div class='ocr_carea' id='block_1_9' title="bbox 299 916 1908 988">
    <p class='ocr_par' dir='ltr' id='par_1_9' title="bbox 299 916 1908 988">
     <span class='ocr_line' id='line_1_9' title="bbox 299 916 1908 988; baseline -0.001 -19"><span class='ocrx_word' id='word_1_48' title='bbox 299 916 476 988; x_wconf 81' lang='grc' dir='ltr'>ὀλίγῳ</span> <span class='ocrx_word' id='word_1_49' title='bbox 500 917 741 981; x_wconf 87' lang='grc' dir='ltr'>πλείους,</span> <span class='ocrx_word' id='word_1_50' title='bbox 779 917 898 988; x_wconf 86' lang='grc' dir='ltr'>μεθ’</span> <span class='ocrx_word' id='word_1_51' title='bbox 931 918 1026 982; x_wconf 86' lang='grc' dir='ltr'>οὒς</span> <span class='ocrx_word' id='word_1_52' title='bbox 1078 918 1171 971; x_wconf 74' lang='grc' dir='ltr'>καὶ</span> <span class='ocrx_word' id='word_1_53' title='bbox 1208 917 1405 980; x_wconf 75' lang='grc' dir='ltr'>αὐτοὺς</span> <span class='ocrx_word' id='word_1_54' title='bbox 1449 916 1839 980; x_wconf 77' lang='grc' dir='ltr'>τελειωθέντας</span> <span class='ocrx_word' id='word_1_55' title='bbox 1879 917 1908 968; x_wconf 84' lang='grc' dir='ltr'>ὁ</span> 
     </span>
    </p>
   </div>
   <div class='ocr_carea' id='block_1_10' title="bbox 301 1007 1906 1084">
    <p class='ocr_par' dir='ltr' id='par_1_10' title="bbox 301 1007 1906 1084">
     <span class='ocr_line' id='line_1_10' title="bbox 301 1007 1906 1084; baseline -0.003 -20"><span class='ocrx_word' id='word_1_56' title='bbox 301 1013 515 1082; x_wconf 83' lang='grc' dir='ltr'>κόσμος</span> <span class='ocrx_word' id='word_1_57' title='bbox 546 1011 904 1084; x_wconf 77' lang='grc' dir='ltr'>φθαρήσεται,</span> <span class='ocrx_word' id='word_1_58' title='bbox 938 1010 1329 1065; x_wconf 79' lang='grc' dir='ltr'>ἐπιλειπόντων</span> <span class='ocrx_word' id='word_1_59' title='bbox 1352 1009 1460 1063; x_wconf 77' lang='grc' dir='ltr'>τῶν</span> <span class='ocrx_word' id='word_1_60' title='bbox 1491 1011 1571 1072; x_wconf 77' lang='grc' dir='ltr'>εἰς</span> <span class='ocrx_word' id='word_1_61' title='bbox 1613 1007 1776 1078; x_wconf 84' lang='grc' dir='ltr'>σῶμα</span> <span class='ocrx_word' id='word_1_62' title='bbox 1810 1009 1906 1079; x_wconf 80' lang='grc' dir='ltr'>έρ-</span> 
     </span>
    </p>
   </div>
   <div class='ocr_carea' id='block_1_11' title="bbox 301 1100 1907 1174">
    <p class='ocr_par' dir='ltr' id='par_1_11' title="bbox 301 1100 1907 1174">
     <span class='ocr_line' id='line_1_11' title="bbox 301 1100 1907 1174; baseline -0.001 -19"><span class='ocrx_word' id='word_1_63' title='bbox 301 1103 554 1173; x_wconf 80' lang='grc' dir='ltr'>χομένων</span> <span class='ocrx_word' id='word_1_64' title='bbox 578 1120 591 1132; x_wconf 83' lang='grc'><strong>’</strong></span> <span class='ocrx_word' id='word_1_65' title='bbox 628 1104 765 1174; x_wconf 80' lang='grc' dir='ltr'>ὅπερ</span> <span class='ocrx_word' id='word_1_66' title='bbox 794 1103 894 1156; x_wconf 79' lang='grc' dir='ltr'>οὐκ</span> <span class='ocrx_word' id='word_1_67' title='bbox 922 1103 1146 1174; x_wconf 87' lang='grc' dir='ltr'>ἀρέσκει</span> <span class='ocrx_word' id='word_1_68' title='bbox 1178 1103 1288 1173; x_wconf 70' lang='grc'>(52)</span> <span class='ocrx_word' id='word_1_69' title='bbox 1323 1105 1389 1173; x_wconf 83' lang='grc' dir='ltr'>τῇ</span> <span class='ocrx_word' id='word_1_70' title='bbox 1434 1102 1622 1173; x_wconf 76' lang='grc' dir='ltr'>Γραφῇ</span> <span class='ocrx_word' id='word_1_71' title='bbox 1643 1117 1656 1131; x_wconf 82' lang='lat'><strong><em>°</em></strong></span> <span class='ocrx_word' id='word_1_72' title='bbox 1699 1100 1907 1171; x_wconf 83' lang='grc' dir='ltr'>πλῆθος</span> 
     </span>
    </p>
   </div>
   <div class='ocr_carea' id='block_1_12' title="bbox 300 1193 1904 1269">
    <p class='ocr_par' dir='ltr' id='par_1_12' title="bbox 300 1193 1904 1269">
     <span class='ocr_line' id='line_1_12' title="bbox 300 1193 1904 1269; baseline -0.001 -21"><span class='ocrx_word' id='word_1_73' title='bbox 300 1195 419 1268; x_wconf 76' lang='grc' dir='ltr'>γάρ</span> <span class='ocrx_word' id='word_1_74' title='bbox 457 1193 597 1249; x_wconf 71' lang='grc' dir='ltr'>οἶδεν</span> <span class='ocrx_word' id='word_1_75' title='bbox 640 1197 980 1269; x_wconf 83' lang='grc' dir='ltr'>ἁμαρτωλῶν</span> <span class='ocrx_word' id='word_1_76' title='bbox 1027 1200 1084 1250; x_wconf 81' lang='grc' dir='ltr'>ὲν</span> <span class='ocrx_word' id='word_1_77' title='bbox 1122 1196 1200 1267; x_wconf 83' lang='grc' dir='ltr'>τῷ</span> <span class='ocrx_word' id='word_1_78' title='bbox 1225 1196 1400 1267; x_wconf 84' lang='grc' dir='ltr'>χρόνῳ</span> <span class='ocrx_word' id='word_1_79' title='bbox 1440 1196 1537 1267; x_wconf 79' lang='grc' dir='ltr'>τῆς</span> <span class='ocrx_word' id='word_1_80' title='bbox 1558 1195 1651 1248; x_wconf 81' lang='grc' dir='ltr'>τοῦ</span> <span class='ocrx_word' id='word_1_81' title='bbox 1695 1195 1904 1265; x_wconf 80' lang='grc' dir='ltr'>κόσμου</span> 
     </span>
    </p>
   </div>
   <div class='ocr_carea' id='block_1_13' title="bbox 300 1283 1900 1361">
    <p class='ocr_par' dir='ltr' id='par_1_13' title="bbox 300 1283 1900 1361">
     <span class='ocr_line' id='line_1_13' title="bbox 300 1283 1900 1361; baseline 0 -22"><span class='ocrx_word' id='word_1_82' title='bbox 300 1287 548 1361; x_wconf 83' lang='grc' dir='ltr'>φθορᾶς·</span> <span class='ocrx_word' id='word_1_83' title='bbox 607 1288 744 1358; x_wconf 84' lang='grc' dir='ltr'>ὅπερ</span> <span class='ocrx_word' id='word_1_84' title='bbox 813 1289 931 1341; x_wconf 79' lang='grc' dir='ltr'>ἐστὶ</span> <span class='ocrx_word' id='word_1_85' title='bbox 981 1287 1140 1358; x_wconf 83' lang='grc' dir='ltr'>δῆλον</span> <span class='ocrx_word' id='word_1_86' title='bbox 1216 1283 1705 1357; x_wconf 79' lang='grc' dir='ltr'>συνεξεταζομένου</span> <span class='ocrx_word' id='word_1_87' title='bbox 1771 1284 1900 1339; x_wconf 81' lang='grc' dir='ltr'>τοῦ’</span> 
     </span>
    </p>
   </div>
   <div class='ocr_carea' id='block_1_14' title="bbox 307 1379 1904 1452">
    <p class='ocr_par' dir='ltr' id='par_1_14' title="bbox 307 1379 1904 1452">
     <span class='ocr_line' id='line_1_14' title="bbox 307 1379 1904 1452; baseline 0.001 -21"><span class='ocrx_word' id='word_1_88' title='bbox 307 1398 329 1431; x_wconf 71' lang='grc' dir='ltr'>ι</span> <span class='ocrx_word' id='word_1_89' title='bbox 352 1380 503 1451; x_wconf 83' lang='grc' dir='ltr'>Πλὴν</span> <span class='ocrx_word' id='word_1_90' title='bbox 525 1379 696 1434; x_wconf 82' lang='grc' dir='ltr'>ἐλθὼν</span> <span class='ocrx_word' id='word_1_91' title='bbox 721 1382 751 1434; x_wconf 82' lang='grc' dir='ltr'><strong>ὁ</strong></span> <span class='ocrx_word' id='word_1_92' title='bbox 767 1381 899 1444; x_wconf 79' lang='grc' dir='ltr'>Υἱὸς</span> <span class='ocrx_word' id='word_1_93' title='bbox 920 1379 1013 1434; x_wconf 83' lang='grc' dir='ltr'>τοῦ</span> <span class='ocrx_word' id='word_1_94' title='bbox 1043 1379 1331 1452; x_wconf 86' lang='grc' dir='ltr'>ἀνθρώπου</span> <span class='ocrx_word' id='word_1_95' title='bbox 1356 1381 1579 1452; x_wconf 80' lang='grc' dir='ltr'>εὑρήσει</span> <span class='ocrx_word' id='word_1_96' title='bbox 1603 1379 1700 1451; x_wconf 84' lang='grc' dir='ltr'>τὴν</span> <span class='ocrx_word' id='word_1_97' title='bbox 1724 1380 1904 1433; x_wconf 87' lang='grc' dir='ltr'>πίστιν</span> 
     </span>
    </p>
   </div>
   <div class='ocr_carea' id='block_1_15' title="bbox 298 1469 1904 1543">
    <p class='ocr_par' dir='ltr' id='par_1_15' title="bbox 298 1469 1904 1543">
     <span class='ocr_line' id='line_1_15' title="bbox 298 1469 1904 1543; baseline -0.001 -19"><span class='ocrx_word' id='word_1_98' title='bbox 298 1471 401 1524; x_wconf 72' lang='grc' dir='ltr'>ἐπὶ</span> <span class='ocrx_word' id='word_1_99' title='bbox 428 1472 529 1542; x_wconf 78' lang='grc' dir='ltr'>τῆς</span> <span class='ocrx_word' id='word_1_100' title='bbox 554 1472 691 1543; x_wconf 83' lang='grc' dir='ltr'>γῆς;</span> <span class='ocrx_word' id='word_1_101' title='bbox 732 1491 750 1522; x_wconf 73' lang='grc' dir='ltr'>ι</span> <span class='ocrx_word' id='word_1_102' title='bbox 783 1472 859 1534; x_wconf 82' lang='grc' dir='ltr'>ὡς</span> <span class='ocrx_word' id='word_1_103' title='bbox 892 1470 1126 1542; x_wconf 76' lang='grc' dir='ltr'>εὕρομεν</span> <span class='ocrx_word' id='word_1_104' title='bbox 1148 1469 1300 1542; x_wconf 78' lang='grc' dir='ltr'>παρὰ</span> <span class='ocrx_word' id='word_1_105' title='bbox 1331 1470 1408 1541; x_wconf 85' lang='grc' dir='ltr'>τῷ</span> <span class='ocrx_word' id='word_1_106' title='bbox 1441 1470 1705 1541; x_wconf 83' lang='grc' dir='ltr'>Ματθαίῳ</span> <span class='ocrx_word' id='word_1_107' title='bbox 1731 1469 1904 1534; x_wconf 73' lang='grc' dir='ltr'>οὕτως</span> 
     </span>
    </p>
   </div>
   <div class='ocr_carea' id='block_1_16' title="bbox 301 1562 1903 1636">
    <p class='ocr_par' dir='ltr' id='par_1_16' title="bbox 301 1562 1903 1636">
     <span class='ocr_line' id='line_1_16' title="bbox 301 1562 1903 1636; baseline -0.001 -19"><span class='ocrx_word' id='word_1_108' title='bbox 301 1565 629 1636; x_wconf 67' lang='grc' dir='ltr'>είρημένοψ</span> <span class='ocrx_word' id='word_1_109' title='bbox 683 1583 700 1615; x_wconf 80' lang='grc' dir='ltr'>ι</span> <span class='ocrx_word' id='word_1_110' title='bbox 739 1566 951 1635; x_wconf 82' lang='grc' dir='ltr'>Ὥσπερ</span> <span class='ocrx_word' id='word_1_111' title='bbox 982 1564 1039 1617; x_wconf 82' lang='grc' dir='ltr'>δὲ</span> <span class='ocrx_word' id='word_1_112' title='bbox 1072 1566 1127 1618; x_wconf 85' lang='grc' dir='ltr'>αί</span> <span class='ocrx_word' id='word_1_113' title='bbox 1168 1563 1371 1634; x_wconf 79' lang='grc' dir='ltr'>ἡμέραι</span> <span class='ocrx_word' id='word_1_114' title='bbox 1409 1563 1503 1616; x_wconf 82' lang='grc' dir='ltr'>τοῦ</span> <span class='ocrx_word' id='word_1_115' title='bbox 1540 1564 1663 1617; x_wconf 82' lang='grc' dir='ltr'>Νῶε</span> <span class='ocrx_word' id='word_1_116' title='bbox 1684 1604 1698 1627; x_wconf 89' lang='grc'>,</span> <span class='ocrx_word' id='word_1_117' title='bbox 1729 1562 1903 1627; x_wconf 75' lang='grc' dir='ltr'>οὕτως</span> 
     </span>
    </p>
   </div>
   <div class='ocr_carea' id='block_1_17' title="bbox 301 1648 1902 1728">
    <p class='ocr_par' dir='ltr' id='par_1_17' title="bbox 301 1648 1902 1728">
     <span class='ocr_line' id='line_1_17' title="bbox 301 1648 1902 1728; baseline 0.001 -22"><span class='ocrx_word' id='word_1_118' title='bbox 301 1654 462 1708; x_wconf 77' lang='grc' dir='ltr'>ἔσται</span> <span class='ocrx_word' id='word_1_119' title='bbox 496 1656 529 1727; x_wconf 82' lang='grc' dir='ltr'>ὴ</span> <span class='ocrx_word' id='word_1_120' title='bbox 560 1655 832 1728; x_wconf 83' lang='grc' dir='ltr'>παρουσία</span> <span class='ocrx_word' id='word_1_121' title='bbox 858 1654 953 1707; x_wconf 76' lang='grc' dir='ltr'>τοῦ</span> <span class='ocrx_word' id='word_1_122' title='bbox 998 1652 1126 1708; x_wconf 81' lang='grc' dir='ltr'>Υίοῢ</span> <span class='ocrx_word' id='word_1_123' title='bbox 1158 1652 1447 1725; x_wconf 81' lang='grc' dir='ltr'>ἀνθρώπου</span> <span class='ocrx_word' id='word_1_124' title='bbox 1469 1670 1481 1683; x_wconf 89' lang='grc'><strong>·</strong></span> <span class='ocrx_word' id='word_1_125' title='bbox 1515 1654 1592 1717; x_wconf 84' lang='grc' dir='ltr'>ὡς</span> <span class='ocrx_word' id='word_1_126' title='bbox 1620 1653 1731 1725; x_wconf 85' lang='grc' dir='ltr'>γὰρ</span> <span class='ocrx_word' id='word_1_127' title='bbox 1760 1648 1902 1724; x_wconf 77' lang='grc' dir='ltr'>ἦσαν</span> 
     </span>
    </p>
   </div>
   <div class='ocr_carea' id='block_1_18' title="bbox 298 1744 1896 1818">
    <p class='ocr_par' dir='ltr' id='par_1_18' title="bbox 298 1744 1896 1818">
     <span class='ocr_line' id='line_1_18' title="bbox 298 1744 1896 1818; baseline -0.001 -19"><span class='ocrx_word' id='word_1_128' title='bbox 298 1746 364 1799; x_wconf 86' lang='grc' dir='ltr'>ὲν</span> <span class='ocrx_word' id='word_1_129' title='bbox 391 1748 514 1811; x_wconf 85' lang='grc' dir='ltr'>ταῖς</span> <span class='ocrx_word' id='word_1_130' title='bbox 550 1747 787 1818; x_wconf 77' lang='grc' dir='ltr'>ἡμέραις</span> <span class='ocrx_word' id='word_1_131' title='bbox 838 1745 933 1798; x_wconf 80' lang='grc' dir='ltr'>τοῦ</span> <span class='ocrx_word' id='word_1_132' title='bbox 968 1744 1383 1815; x_wconf 79' lang='grc' dir='ltr'>κατακλυσμοῦ,</span> <span class='ocrx_word' id='word_1_133' title='bbox 1432 1765 1450 1797; x_wconf 69' lang='grc' dir='ltr'>ι</span> <span class='ocrx_word' id='word_1_134' title='bbox 1487 1745 1582 1798; x_wconf 72' lang='grc' dir='ltr'>καὶ</span> <span class='ocrx_word' id='word_1_135' title='bbox 1628 1745 1697 1799; x_wconf 83' lang='grc' dir='ltr'>τὰ</span> <span class='ocrx_word' id='word_1_136' title='bbox 1750 1745 1896 1817; x_wconf 75' lang='grc' dir='ltr'>ἑξῆς.</span> 
     </span>
    </p>
   </div>
   <div class='ocr_carea' id='block_1_19' title="bbox 299 1833 1901 1907">
    <p class='ocr_par' dir='ltr' id='par_1_19' title="bbox 299 1833 1901 1907">
     <span class='ocr_line' id='line_1_19' title="bbox 299 1833 1901 1907; baseline 0 -18"><span class='ocrx_word' id='word_1_137' title='bbox 299 1837 505 1889; x_wconf 84' lang='grc' dir='ltr'>Ἔσται</span> <span class='ocrx_word' id='word_1_138' title='bbox 540 1836 597 1889; x_wconf 87' lang='grc' dir='ltr'>δὲ</span> <span class='ocrx_word' id='word_1_139' title='bbox 634 1838 747 1899; x_wconf 85' lang='grc' dir='ltr'>τοῖς</span> <span class='ocrx_word' id='word_1_140' title='bbox 788 1835 909 1888; x_wconf 88' lang='grc' dir='ltr'>τότε</span> <span class='ocrx_word' id='word_1_141' title='bbox 939 1839 973 1905; x_wconf 87' lang='grc' dir='ltr'>ἠ</span> <span class='ocrx_word' id='word_1_142' title='bbox 1014 1833 1123 1887; x_wconf 83' lang='grc' dir='ltr'>τῶν</span> <span class='ocrx_word' id='word_1_143' title='bbox 1152 1834 1568 1905; x_wconf 80' lang='grc' dir='ltr'>ἁμαρτημάτων</span> <span class='ocrx_word' id='word_1_144' title='bbox 1614 1834 1901 1907; x_wconf 81' lang='grc' dir='ltr'>εἴσπραξις</span> 
     </span>
    </p>
   </div>
   <div class='ocr_carea' id='block_1_20' title="bbox 294 1904 1975 1999">
    <p class='ocr_par' dir='ltr' id='par_1_20' title="bbox 294 1904 1975 1999">
     <span class='ocr_line' id='line_1_20' title="bbox 294 1904 1975 1999; baseline 0.001 -19"><span class='ocrx_word' id='word_1_145' title='bbox 294 1928 405 1982; x_wconf 77' lang='grc' dir='ltr'>οὐκ</span> <span class='ocrx_word' id='word_1_146' title='bbox 426 1928 482 1979; x_wconf 81' lang='grc' dir='ltr'>ὲν</span> <span class='ocrx_word' id='word_1_147' title='bbox 506 1904 996 1997; x_wconf 87' lang='grc' dir='ltr'>μετενσωματὼσει</span> <span class='ocrx_word' id='word_1_148' title='bbox 1021 1938 1033 1952; x_wconf 85' lang='lat'><strong><em>°</em></strong></span> <span class='ocrx_word' id='word_1_149' title='bbox 1070 1927 1118 1978; x_wconf 86' lang='grc' dir='ltr'>εί</span> <span class='ocrx_word' id='word_1_150' title='bbox 1134 1904 1242 1995; x_wconf 74' lang='grc' dir='ltr'>γάρ</span> <span class='ocrx_word' id='word_1_151' title='bbox 1263 1904 1341 1978; x_wconf 73' lang='grc' dir='ltr'>ἔτι</span> <span class='ocrx_word' id='word_1_152' title='bbox 1360 1904 1770 1997; x_wconf 76' lang='grc' dir='ltr'>άμαρτάνοντες</span> <span class='ocrx_word' id='word_1_153' title='bbox 1787 1927 1898 1999; x_wconf 81' lang='grc'>(55)</span> <span class='ocrx_word' id='word_1_154' title='bbox 1936 1904 1975 1959; x_wconf 73' lang='grc' dir='ltr'><strong>Β</strong></span> 
     </span>
    </p>
   </div>
   <div class='ocr_carea' id='block_1_21' title="bbox 296 2014 1902 2091">
    <p class='ocr_par' dir='ltr' id='par_1_21' title="bbox 296 2014 1902 2091">
     <span class='ocr_line' id='line_1_21' title="bbox 296 2014 1902 2091; baseline -0.001 -18"><span class='ocrx_word' id='word_1_155' title='bbox 296 2018 849 2091; x_wconf 78' lang='grc' dir='ltr'>παραλαμϐάνονται,</span> <span class='ocrx_word' id='word_1_156' title='bbox 882 2017 1001 2088; x_wconf 73' lang='grc' dir='ltr'>ἤτοι</span> <span class='ocrx_word' id='word_1_157' title='bbox 1034 2014 1179 2085; x_wconf 84' lang='grc' dir='ltr'>ἄλλῳ</span> <span class='ocrx_word' id='word_1_158' title='bbox 1224 2015 1413 2086; x_wconf 82' lang='grc' dir='ltr'>τρόπῳ</span> <span class='ocrx_word' id='word_1_159' title='bbox 1448 2014 1723 2080; x_wconf 80' lang='grc' dir='ltr'>κολάσεως</span> <span class='ocrx_word' id='word_1_160' title='bbox 1765 2018 1902 2088; x_wconf 76' lang='grc' dir='ltr'>μετὰ</span> 
     </span>
    </p>
   </div>
   <div class='ocr_carea' id='block_1_22' title="bbox 292 2093 1899 2183">
    <p class='ocr_par' dir='ltr' id='par_1_22' title="bbox 292 2093 1899 2183">
     <span class='ocr_line' id='line_1_22' title="bbox 292 2093 1899 2183; baseline -0.001 -18"><span class='ocrx_word' id='word_1_161' title='bbox 292 2113 463 2165; x_wconf 84' lang='grc' dir='ltr'>τοῦτο</span> <span class='ocrx_word' id='word_1_162' title='bbox 489 2110 938 2180; x_wconf 80' lang='grc' dir='ltr'>κολασθήσονται,</span> <span class='ocrx_word' id='word_1_163' title='bbox 970 2109 1065 2162; x_wconf 76' lang='grc' dir='ltr'>καὶ</span> <span class='ocrx_word' id='word_1_164' title='bbox 1117 2107 1260 2162; x_wconf 84' lang='grc' dir='ltr'>κατὰ</span> <span class='ocrx_word' id='word_1_165' title='bbox 1301 2108 1460 2162; x_wconf 82' lang='grc' dir='ltr'>τοῦτο</span> <span class='ocrx_word' id='word_1_166' title='bbox 1507 2109 1623 2180; x_wconf 76' lang='grc' dir='ltr'>ἤτοι</span> <span class='ocrx_word' id='word_1_167' title='bbox 1660 2093 1753 2163; x_wconf 69' lang='grc' dir='ltr'>δῦο</span> <span class='ocrx_word' id='word_1_168' title='bbox 1787 2110 1899 2183; x_wconf 74' lang='grc'>(54)</span> 
     </span>
    </p>
   </div>
   <div class='ocr_carea' id='block_1_23' title="bbox 292 2200 1903 2276">
    <p class='ocr_par' dir='ltr' id='par_1_23' title="bbox 292 2200 1903 2276">
     <span class='ocr_line' id='line_1_23' title="bbox 292 2200 1903 2276; baseline -0.002 -18"><span class='ocrx_word' id='word_1_169' title='bbox 292 2205 499 2276; x_wconf 82' lang='grc' dir='ltr'>τρόποι</span> <span class='ocrx_word' id='word_1_170' title='bbox 527 2202 805 2258; x_wconf 82' lang='grc' dir='ltr'>κολάσεων</span> <span class='ocrx_word' id='word_1_171' title='bbox 838 2201 1050 2255; x_wconf 82' lang='grc' dir='ltr'>ἔσονται</span> <span class='ocrx_word' id='word_1_172' title='bbox 1078 2200 1312 2269; x_wconf 76' lang='grc' dir='ltr'>γενικοί’</span> <span class='ocrx_word' id='word_1_173' title='bbox 1348 2200 1377 2252; x_wconf 88' lang='grc' dir='ltr'>ὁ</span> <span class='ocrx_word' id='word_1_174' title='bbox 1411 2200 1510 2270; x_wconf 81' lang='grc' dir='ltr'>μὲν</span> <span class='ocrx_word' id='word_1_175' title='bbox 1542 2202 1599 2254; x_wconf 86' lang='grc' dir='ltr'>ὲν</span> <span class='ocrx_word' id='word_1_176' title='bbox 1635 2218 1903 2271; x_wconf 79' lang='grc' dir='ltr'>μετενσω·</span> 
     </span>
    </p>
   </div>
   <div class='ocr_carea' id='block_1_24' title="bbox 301 2290 1904 2368">
    <p class='ocr_par' dir='ltr' id='par_1_24' title="bbox 301 2290 1904 2368">
     <span class='ocr_line' id='line_1_24' title="bbox 301 2290 1904 2368; baseline -0.001 -20"><span class='ocrx_word' id='word_1_177' title='bbox 301 2294 575 2368; x_wconf 85' lang='grc' dir='ltr'>ματὼσει,</span> <span class='ocrx_word' id='word_1_178' title='bbox 596 2297 624 2347; x_wconf 83' lang='grc' dir='ltr'>ό</span> <span class='ocrx_word' id='word_1_179' title='bbox 647 2294 704 2346; x_wconf 83' lang='grc' dir='ltr'>δὲ</span> <span class='ocrx_word' id='word_1_180' title='bbox 734 2293 839 2361; x_wconf 77' lang='grc' dir='ltr'>ἔξω</span> <span class='ocrx_word' id='word_1_181' title='bbox 866 2292 960 2347; x_wconf 78' lang='grc' dir='ltr'>τοῦ</span> <span class='ocrx_word' id='word_1_182' title='bbox 988 2292 1233 2346; x_wconf 85' lang='grc' dir='ltr'>τοιούτου</span> <span class='ocrx_word' id='word_1_183' title='bbox 1260 2290 1534 2363; x_wconf 85' lang='grc' dir='ltr'>σώματος,</span> <span class='ocrx_word' id='word_1_184' title='bbox 1554 2292 1650 2346; x_wconf 71' lang='grc' dir='ltr'>καὶ</span> <span class='ocrx_word' id='word_1_185' title='bbox 1670 2292 1904 2361; x_wconf 81' lang='grc' dir='ltr'>λεγέτω-</span> 
     </span>
    </p>
   </div>
   <div class='ocr_carea' id='block_1_25' title="bbox 298 2382 1904 2456">
    <p class='ocr_par' dir='ltr' id='par_1_25' title="bbox 298 2382 1904 2456">
     <span class='ocr_line' id='line_1_25' title="bbox 298 2382 1904 2456; baseline -0.004 -14"><span class='ocrx_word' id='word_1_186' title='bbox 298 2403 407 2442; x_wconf 87' lang='grc' dir='ltr'>σαν</span> <span class='ocrx_word' id='word_1_187' title='bbox 429 2386 528 2448; x_wconf 82' lang='grc' dir='ltr'>τὰς</span> <span class='ocrx_word' id='word_1_188' title='bbox 554 2385 762 2440; x_wconf 84' lang='grc' dir='ltr'>τούτων</span> <span class='ocrx_word' id='word_1_189' title='bbox 794 2385 977 2449; x_wconf 77' lang='grc' dir='ltr'>αἰτίας</span> <span class='ocrx_word' id='word_1_190' title='bbox 1008 2385 1101 2438; x_wconf 74' lang='grc' dir='ltr'>καὶ</span> <span class='ocrx_word' id='word_1_191' title='bbox 1128 2383 1421 2456; x_wconf 83' lang='grc' dir='ltr'>διαφοράς·</span> <span class='ocrx_word' id='word_1_192' title='bbox 1458 2382 1491 2454; x_wconf 85' lang='grc' dir='ltr'>ἣ</span> <span class='ocrx_word' id='word_1_193' title='bbox 1535 2383 1596 2436; x_wconf 79' lang='grc' dir='ltr'>οὐ</span> <span class='ocrx_word' id='word_1_194' title='bbox 1633 2382 1904 2455; x_wconf 84' lang='grc' dir='ltr'>κολασθή-</span> 
     </span>
    </p>
   </div>
   <div class='ocr_carea' id='block_1_26' title="bbox 298 2474 1902 2549">
    <p class='ocr_par' dir='ltr' id='par_1_26' title="bbox 298 2474 1902 2549">
     <span class='ocr_line' id='line_1_26' title="bbox 298 2474 1902 2549; baseline -0.002 -16"><span class='ocrx_word' id='word_1_195' title='bbox 298 2497 511 2542; x_wconf 80' lang='grc' dir='ltr'>σονται,</span> <span class='ocrx_word' id='word_1_196' title='bbox 537 2479 613 2542; x_wconf 86' lang='grc' dir='ltr'>ὡς</span> <span class='ocrx_word' id='word_1_197' title='bbox 661 2478 873 2549; x_wconf 84' lang='grc' dir='ltr'>ἀθρόως</span> <span class='ocrx_word' id='word_1_198' title='bbox 915 2476 1281 2540; x_wconf 76' lang='grc' dir='ltr'>ἀποϐαλόντες</span> <span class='ocrx_word' id='word_1_199' title='bbox 1332 2474 1401 2529; x_wconf 82' lang='grc' dir='ltr'>τὰ</span> <span class='ocrx_word' id='word_1_200' title='bbox 1443 2476 1824 2546; x_wconf 85' lang='grc' dir='ltr'>ἁμαρτήματα</span> <span class='ocrx_word' id='word_1_201' title='bbox 1853 2479 1902 2531; x_wconf 81' lang='grc' dir='ltr'>οἱ</span> 
     </span>
    </p>
   </div>
   <div class='ocr_carea' id='block_1_27' title="bbox 299 2566 1900 2641">
    <p class='ocr_par' dir='ltr' id='par_1_27' title="bbox 299 2566 1900 2641">
     <span class='ocr_line' id='line_1_27' title="bbox 299 2566 1900 2641; baseline -0.003 -15"><span class='ocrx_word' id='word_1_202' title='bbox 299 2574 399 2626; x_wconf 76' lang='grc' dir='ltr'>ἐπὶ</span> <span class='ocrx_word' id='word_1_203' title='bbox 436 2570 715 2641; x_wconf 81' lang='grc' dir='ltr'>συντελείᾳ</span> <span class='ocrx_word' id='word_1_204' title='bbox 747 2568 1201 2638; x_wconf 66' lang='grc' dir='ltr'>καταλειφθέντες</span> <span class='ocrx_word' id='word_1_205' title='bbox 1248 2566 1382 2637; x_wconf 84' lang='grc'>(55),</span> <span class='ocrx_word' id='word_1_206' title='bbox 1414 2566 1470 2637; x_wconf 84' lang='grc' dir='ltr'>ἢ,</span> <span class='ocrx_word' id='word_1_207' title='bbox 1502 2567 1637 2638; x_wconf 80' lang='grc' dir='ltr'>ὅπερ</span> <span class='ocrx_word' id='word_1_208' title='bbox 1672 2566 1900 2636; x_wconf 87' lang='grc' dir='ltr'>βέλτιον,</span> 
     </span>
    </p>
   </div>
   <div class='ocr_carea' id='block_1_28' title="bbox 297 2659 1902 2735">
    <p class='ocr_par' dir='ltr' id='par_1_28' title="bbox 297 2659 1902 2735">
     <span class='ocr_line' id='line_1_28' title="bbox 297 2659 1902 2735; baseline -0.003 -17"><span class='ocrx_word' id='word_1_209' title='bbox 297 2663 385 2729; x_wconf 79' lang='grc' dir='ltr'>εἷς</span> <span class='ocrx_word' id='word_1_210' title='bbox 412 2666 526 2718; x_wconf 80' lang='grc' dir='ltr'>ἐστι</span> <span class='ocrx_word' id='word_1_211' title='bbox 570 2664 774 2735; x_wconf 85' lang='grc' dir='ltr'>τρόπος</span> <span class='ocrx_word' id='word_1_212' title='bbox 813 2661 1088 2726; x_wconf 83' lang='grc' dir='ltr'>κολάσεως</span> <span class='ocrx_word' id='word_1_213' title='bbox 1134 2663 1247 2724; x_wconf 86' lang='grc' dir='ltr'>τοῖς</span> <span class='ocrx_word' id='word_1_214' title='bbox 1289 2659 1669 2731; x_wconf 78' lang='grc' dir='ltr'>ἡμαρτηκόσιν</span> <span class='ocrx_word' id='word_1_215' title='bbox 1700 2660 1759 2712; x_wconf 85' lang='grc' dir='ltr'>ἐν</span> <span class='ocrx_word' id='word_1_216' title='bbox 1795 2659 1902 2713; x_wconf 84' lang='grc' dir='ltr'>σώ-</span> 
     </span>
    </p>
   </div>
   <div class='ocr_carea' id='block_1_29' title="bbox 306 2751 1902 2829">
    <p class='ocr_par' dir='ltr' id='par_1_29' title="bbox 306 2751 1902 2829">
     <span class='ocr_line' id='line_1_29' title="bbox 306 2751 1902 2829; baseline -0.001 -20"><span class='ocrx_word' id='word_1_217' title='bbox 306 2774 462 2829; x_wconf 83' lang='grc' dir='ltr'>ματι,</span> <span class='ocrx_word' id='word_1_218' title='bbox 506 2755 567 2809; x_wconf 79' lang='grc' dir='ltr'>τὸ</span> <span class='ocrx_word' id='word_1_219' title='bbox 607 2755 713 2821; x_wconf 79' lang='grc' dir='ltr'>ἔξω</span> <span class='ocrx_word' id='word_1_220' title='bbox 751 2753 916 2807; x_wconf 75' lang='grc' dir='ltr'>αὐτοῦ</span> <span class='ocrx_word' id='word_1_221' title='bbox 957 2751 1071 2826; x_wconf 89' lang='grc'>(56)</span> <span class='ocrx_word' id='word_1_222' title='bbox 1105 2753 1203 2823; x_wconf 86' lang='grc' dir='ltr'>τῆς</span> <span class='ocrx_word' id='word_1_223' title='bbox 1231 2751 1621 2815; x_wconf 84' lang='grc' dir='ltr'>καταστάσεως</span> <span class='ocrx_word' id='word_1_224' title='bbox 1660 2752 1754 2805; x_wconf 79' lang='grc' dir='ltr'>τοῦ</span> <span class='ocrx_word' id='word_1_225' title='bbox 1786 2751 1902 2822; x_wconf 87' lang='grc' dir='ltr'>βίου</span> 
     </span>
    </p>
   </div>
   <div class='ocr_carea' id='block_1_30' title="bbox 298 2843 1903 2917">
    <p class='ocr_par' dir='ltr' id='par_1_30' title="bbox 298 2843 1903 2917">
     <span class='ocr_line' id='line_1_30' title="bbox 298 2843 1903 2917; baseline -0.002 -13"><span class='ocrx_word' id='word_1_226' title='bbox 298 2849 496 2904; x_wconf 81' lang='grc' dir='ltr'>τούτου</span> <span class='ocrx_word' id='word_1_227' title='bbox 509 2848 571 2901; x_wconf 79' lang='grc' dir='ltr'>τὸ</span> <span class='ocrx_word' id='word_1_228' title='bbox 596 2847 715 2902; x_wconf 88' lang='grc' dir='ltr'>κατ’</span> <span class='ocrx_word' id='word_1_229' title='bbox 743 2846 899 2913; x_wconf 80' lang='grc' dir='ltr'>ἀξίαν</span> <span class='ocrx_word' id='word_1_230' title='bbox 917 2845 1028 2900; x_wconf 86' lang='grc' dir='ltr'>τῶν</span> <span class='ocrx_word' id='word_1_231' title='bbox 1053 2843 1460 2917; x_wconf 80' lang='grc' dir='ltr'>ἡμαρτημένων</span> <span class='ocrx_word' id='word_1_232' title='bbox 1493 2844 1705 2899; x_wconf 81' lang='grc' dir='ltr'>παθεῖν.</span> <span class='ocrx_word' id='word_1_233' title='bbox 1729 2847 1903 2900; x_wconf 88' lang='grc' dir='ltr'>Ἕκα-</span> 
     </span>
    </p>
   </div>
   <div class='ocr_carea' id='block_1_31' title="bbox 301 2935 1905 3009">
    <p class='ocr_par' dir='ltr' id='par_1_31' title="bbox 301 2935 1905 3009">
     <span class='ocr_line' id='line_1_31' title="bbox 301 2935 1905 3009; baseline -0.001 -16"><span class='ocrx_word' id='word_1_234' title='bbox 301 2957 430 2993; x_wconf 87' lang='grc' dir='ltr'>στον</span> <span class='ocrx_word' id='word_1_235' title='bbox 460 2940 517 2993; x_wconf 78' lang='grc' dir='ltr'>δὲ</span> <span class='ocrx_word' id='word_1_236' title='bbox 547 2941 753 2994; x_wconf 84' lang='grc' dir='ltr'>τούτων</span> <span class='ocrx_word' id='word_1_237' title='bbox 783 2937 863 3008; x_wconf 86' lang='grc' dir='ltr'>τῷ</span> <span class='ocrx_word' id='word_1_238' title='bbox 894 2938 1087 3009; x_wconf 82' lang='grc' dir='ltr'>ὲνορᾷν</span> <span class='ocrx_word' id='word_1_239' title='bbox 1117 2935 1408 3008; x_wconf 83' lang='grc' dir='ltr'>δυναμένῳ</span> <span class='ocrx_word' id='word_1_240' title='bbox 1436 2938 1551 2999; x_wconf 84' lang='grc' dir='ltr'>τοῖς</span> <span class='ocrx_word' id='word_1_241' title='bbox 1582 2936 1905 3008; x_wconf 82' lang='grc' dir='ltr'>πράγμασιν</span> 
     </span>
    </p>
   </div>
   <div class='ocr_carea' id='block_1_32' title="bbox 299 3024 1907 3102">
    <p class='ocr_par' dir='ltr' id='par_1_32' title="bbox 299 3024 1907 3102">
     <span class='ocr_line' id='line_1_32' title="bbox 299 3024 1907 3102; baseline -0.006 -18"><span class='ocrx_word' id='word_1_242' title='bbox 299 3029 699 3102; x_wconf 82' lang='grc' dir='ltr'>ἀνατρεπτικόν</span> <span class='ocrx_word' id='word_1_243' title='bbox 720 3030 835 3081; x_wconf 75' lang='grc' dir='ltr'>ἐστι</span> <span class='ocrx_word' id='word_1_244' title='bbox 855 3028 956 3099; x_wconf 83' lang='grc' dir='ltr'>τῆς</span> <span class='ocrx_word' id='word_1_245' title='bbox 979 3024 1546 3099; x_wconf 85' lang='grc' dir='ltr'>μετενσωματώσεως.</span> <span class='ocrx_word' id='word_1_246' title='bbox 1572 3027 1636 3078; x_wconf 81' lang='grc' dir='ltr'><strong>Εἰ</strong></span> <span class='ocrx_word' id='word_1_247' title='bbox 1666 3027 1723 3081; x_wconf 80' lang='grc' dir='ltr'>δὲ</span> <span class='ocrx_word' id='word_1_248' title='bbox 1745 3029 1907 3096; x_wconf 86' lang='grc' dir='ltr'>άναγ.</span> 
     </span>
    </p>
   </div>
   <div class='ocr_carea' id='block_1_33' title="bbox 298 3118 1902 3194">
    <p class='ocr_par' dir='ltr' id='par_1_33' title="bbox 298 3118 1902 3194">
     <span class='ocr_line' id='line_1_33' title="bbox 298 3118 1902 3194; baseline -0.002 -17"><span class='ocrx_word' id='word_1_249' title='bbox 298 3122 476 3186; x_wconf 85' lang='grc' dir='ltr'>καίως</span> <span class='ocrx_word' id='word_1_250' title='bbox 508 3123 557 3175; x_wconf 84' lang='grc' dir='ltr'>οἱ</span> <span class='ocrx_word' id='word_1_251' title='bbox 588 3122 688 3194; x_wconf 73' lang='grc' dir='ltr'>τὴν</span> <span class='ocrx_word' id='word_1_252' title='bbox 727 3119 1220 3193; x_wconf 88' lang='grc' dir='ltr'>μετενσωμάτωσιν</span> <span class='ocrx_word' id='word_1_253' title='bbox 1261 3118 1576 3188; x_wconf 76' lang='grc' dir='ltr'>εἰσάγοντες</span> <span class='ocrx_word' id='word_1_254' title='bbox 1619 3120 1902 3191; x_wconf 88' lang='grc' dir='ltr'>Ἕλληνες,</span> 
     </span>
    </p>
   </div>
   <div class='ocr_carea' id='block_1_34' title="bbox 298 3211 1970 3302">
    <p class='ocr_par' dir='ltr' id='par_1_34' title="bbox 298 3211 1970 3302">
     <span class='ocr_line' id='line_1_34' title="bbox 298 3211 1970 3302; baseline -0.002 -33"><span class='ocrx_word' id='word_1_255' title='bbox 298 3213 384 3278; x_wconf 80' lang='grc' dir='ltr'>ὣς</span> <span class='ocrx_word' id='word_1_256' title='bbox 415 3213 683 3269; x_wconf 81' lang='grc' dir='ltr'>ἀκόλουθα</span> <span class='ocrx_word' id='word_1_257' title='bbox 726 3214 910 3277; x_wconf 80' lang='grc' dir='ltr'>αὐτοῖς</span> <span class='ocrx_word' id='word_1_258' title='bbox 950 3212 1190 3276; x_wconf 84' lang='grc' dir='ltr'>τιθέντες</span> <span class='ocrx_word' id='word_1_259' title='bbox 1209 3253 1223 3279; x_wconf 90' lang='grc'>,</span> <span class='ocrx_word' id='word_1_260' title='bbox 1268 3211 1390 3266; x_wconf 85' lang='grc' dir='ltr'>οὐδὲ</span> <span class='ocrx_word' id='word_1_261' title='bbox 1423 3211 1744 3284; x_wconf 81' lang='grc' dir='ltr'>φθείρεσθαι</span> <span class='ocrx_word' id='word_1_262' title='bbox 1774 3212 1899 3284; x_wconf 86' lang='grc' dir='ltr'>βού-</span> <span class='ocrx_word' id='word_1_263' title='bbox 1928 3243 1970 3302; x_wconf 78' lang='lat' dir='ltr'>c</span> 
     </span>
    </p>
   </div>
   <div class='ocr_carea' id='block_1_35' title="bbox 300 3302 1899 3378">
    <p class='ocr_par' dir='ltr' id='par_1_35' title="bbox 300 3302 1899 3378">
     <span class='ocr_line' id='line_1_35' title="bbox 300 3302 1899 3378; baseline -0.002 -16"><span class='ocrx_word' id='word_1_264' title='bbox 300 3312 485 3362; x_wconf 78' lang='grc' dir='ltr'>ὶονται</span> <span class='ocrx_word' id='word_1_265' title='bbox 511 3306 605 3361; x_wconf 82' lang='grc' dir='ltr'>τὸν</span> <span class='ocrx_word' id='word_1_266' title='bbox 646 3306 846 3378; x_wconf 89' lang='grc' dir='ltr'>κόσμον</span> <span class='ocrx_word' id='word_1_267' title='bbox 868 3345 884 3369; x_wconf 87' lang='grc'>,</span> <span class='ocrx_word' id='word_1_268' title='bbox 924 3304 1043 3377; x_wconf 84' lang='grc' dir='ltr'>ὥρα</span> <span class='ocrx_word' id='word_1_269' title='bbox 1076 3305 1173 3358; x_wconf 75' lang='grc' dir='ltr'>καὶ</span> <span class='ocrx_word' id='word_1_270' title='bbox 1205 3302 1430 3367; x_wconf 81' lang='grc' dir='ltr'>τούτους</span> <span class='ocrx_word' id='word_1_271' title='bbox 1467 3304 1899 3374; x_wconf 79' lang='grc' dir='ltr'>ἁντιϐλέψαντας</span> 
     </span>
    </p>
   </div>
   <div class='ocr_carea' id='block_1_36' title="bbox 296 3393 1895 3469">
    <p class='ocr_par' dir='ltr' id='par_1_36' title="bbox 296 3393 1895 3469">
     <span class='ocr_line' id='line_1_36' title="bbox 296 3393 1895 3469; baseline -0.001 -17"><span class='ocrx_word' id='word_1_272' title='bbox 296 3400 423 3462; x_wconf 71' lang='grc' dir='ltr'>ταῖς</span> <span class='ocrx_word' id='word_1_273' title='bbox 447 3396 833 3467; x_wconf 81' lang='grc' dir='ltr'>ὲκφαινούσαις</span> <span class='ocrx_word' id='word_1_274' title='bbox 865 3397 1111 3469; x_wconf 84' lang='grc' dir='ltr'>Γραφαῖς</span> <span class='ocrx_word' id='word_1_275' title='bbox 1145 3393 1522 3467; x_wconf 80' lang='grc' dir='ltr'>φθαρήσεσθαι</span> <span class='ocrx_word' id='word_1_276' title='bbox 1547 3395 1640 3451; x_wconf 82' lang='grc' dir='ltr'>τὸν</span> <span class='ocrx_word' id='word_1_277' title='bbox 1668 3396 1895 3468; x_wconf 85' lang='grc' dir='ltr'>κόσμον,</span> 
     </span>
    </p>
   </div>
   <div class='ocr_carea' id='block_1_37' title="bbox 297 3489 1898 3563">
    <p class='ocr_par' dir='ltr' id='par_1_37' title="bbox 297 3489 1898 3563">
     <span class='ocr_line' id='line_1_37' title="bbox 297 3489 1898 3563; baseline 0 -18"><span class='ocrx_word' id='word_1_278' title='bbox 297 3491 332 3563; x_wconf 75' lang='grc' dir='ltr'>ἦ</span> <span class='ocrx_word' id='word_1_279' title='bbox 371 3491 670 3561; x_wconf 81' lang='grc' dir='ltr'>ἀπιστῆσαι</span> <span class='ocrx_word' id='word_1_280' title='bbox 696 3490 905 3554; x_wconf 82' lang='grc' dir='ltr'>αὐταῖς,</span> <span class='ocrx_word' id='word_1_281' title='bbox 951 3490 984 3561; x_wconf 83' lang='grc' dir='ltr'>ἢ</span> <span class='ocrx_word' id='word_1_282' title='bbox 1021 3490 1385 3562; x_wconf 81' lang='grc' dir='ltr'>εὑρεσιλογεῖν</span> <span class='ocrx_word' id='word_1_283' title='bbox 1425 3492 1554 3563; x_wconf 75' lang='grc' dir='ltr'>περὶ</span> <span class='ocrx_word' id='word_1_284' title='bbox 1591 3489 1898 3561; x_wconf 83' lang='grc' dir='ltr'>διηγήσεως</span> 
     </span>
    </p>
   </div>
   <div class='ocr_carea' id='block_1_38' title="bbox 294 3582 1899 3655">
    <p class='ocr_par' dir='ltr' id='par_1_38' title="bbox 294 3582 1899 3655">
     <span class='ocr_line' id='line_1_38' title="bbox 294 3582 1899 3655; baseline -0.002 -17"><span class='ocrx_word' id='word_1_285' title='bbox 294 3584 410 3639; x_wconf 79' lang='grc' dir='ltr'>τῶν</span> <span class='ocrx_word' id='word_1_286' title='bbox 436 3583 578 3637; x_wconf 88' lang='grc' dir='ltr'>κατὰ</span> <span class='ocrx_word' id='word_1_287' title='bbox 611 3583 707 3654; x_wconf 86' lang='grc' dir='ltr'>τὴν</span> <span class='ocrx_word' id='word_1_288' title='bbox 736 3583 1066 3647; x_wconf 85' lang='grc' dir='ltr'>συντέλειαν,</span> <span class='ocrx_word' id='word_1_289' title='bbox 1087 3583 1243 3655; x_wconf 81' lang='grc' dir='ltr'>ὅπερ,</span> <span class='ocrx_word' id='word_1_290' title='bbox 1275 3582 1380 3638; x_wconf 83' lang='grc' dir='ltr'>κᾶν</span> <span class='ocrx_word' id='word_1_291' title='bbox 1407 3583 1722 3655; x_wconf 79' lang='grc' dir='ltr'>βούλωνται,</span> <span class='ocrx_word' id='word_1_292' title='bbox 1742 3582 1899 3653; x_wconf 79' lang='grc' dir='ltr'>ποιῆ-</span> 
     </span>
    </p>
   </div>
   <div class='ocr_carea' id='block_1_39' title="bbox 299 3675 1902 3748">
    <p class='ocr_par' dir='ltr' id='par_1_39' title="bbox 299 3675 1902 3748">
     <span class='ocr_line' id='line_1_39' title="bbox 299 3675 1902 3748; baseline -0.002 -18"><span class='ocrx_word' id='word_1_293' title='bbox 299 3694 396 3730; x_wconf 83' lang='grc' dir='ltr'>σαι</span> <span class='ocrx_word' id='word_1_294' title='bbox 432 3677 494 3730; x_wconf 79' lang='grc' dir='ltr'>οὐ</span> <span class='ocrx_word' id='word_1_295' title='bbox 526 3677 870 3748; x_wconf 83' lang='grc' dir='ltr'>δυνήσονται.</span> <span class='ocrx_word' id='word_1_296' title='bbox 905 3677 1025 3729; x_wconf 87' lang='grc' dir='ltr'>Ἔτι</span> <span class='ocrx_word' id='word_1_297' title='bbox 1056 3675 1113 3729; x_wconf 80' lang='grc' dir='ltr'>δὲ</span> <span class='ocrx_word' id='word_1_298' title='bbox 1146 3676 1242 3729; x_wconf 69' lang='grc' dir='ltr'>καὶ</span> <span class='ocrx_word' id='word_1_299' title='bbox 1273 3675 1432 3729; x_wconf 73' lang='grc' dir='ltr'>τοῦτο</span> <span class='ocrx_word' id='word_1_300' title='bbox 1478 3678 1591 3739; x_wconf 82' lang='grc' dir='ltr'>τοῖς</span> <span class='ocrx_word' id='word_1_301' title='bbox 1626 3675 1902 3746; x_wconf 80' lang='grc' dir='ltr'>τολμήσα-</span> 
     </span>
    </p>
   </div>
   <div class='ocr_carea' id='block_1_40' title="bbox 300 3764 1895 3838">
    <p class='ocr_par' dir='ltr' id='par_1_40' title="bbox 300 3764 1895 3838">
     <span class='ocr_line' id='line_1_40' title="bbox 300 3764 1895 3838; baseline -0.004 -16"><span class='ocrx_word' id='word_1_302' title='bbox 300 3786 391 3822; x_wconf 87' lang='grc' dir='ltr'>σιν</span> <span class='ocrx_word' id='word_1_303' title='bbox 418 3767 484 3821; x_wconf 84' lang='grc' dir='ltr'>ἂν</span> <span class='ocrx_word' id='word_1_304' title='bbox 515 3768 700 3837; x_wconf 83' lang='grc' dir='ltr'>λέγειν</span> <span class='ocrx_word' id='word_1_305' title='bbox 736 3765 810 3838; x_wconf 85' lang='grc' dir='ltr'>μὴ</span> <span class='ocrx_word' id='word_1_306' title='bbox 845 3764 1223 3836; x_wconf 88' lang='grc' dir='ltr'>φθαρήσεσθαι</span> <span class='ocrx_word' id='word_1_307' title='bbox 1252 3766 1345 3820; x_wconf 83' lang='grc' dir='ltr'>τὸν</span> <span class='ocrx_word' id='word_1_308' title='bbox 1392 3766 1596 3837; x_wconf 91' lang='grc' dir='ltr'>κόσμον</span> <span class='ocrx_word' id='word_1_309' title='bbox 1631 3767 1895 3837; x_wconf 84' lang='grc' dir='ltr'>φήσομεν,</span> 
     </span>
    </p>
   </div>
   <div class='ocr_carea' id='block_1_41' title="bbox 298 3854 1896 3931">
    <p class='ocr_par' dir='ltr' id='par_1_41' title="bbox 298 3854 1896 3931">
     <span class='ocr_line' id='line_1_41' title="bbox 298 3854 1896 3931; baseline -0.004 -18"><span class='ocrx_word' id='word_1_310' title='bbox 298 3859 407 3923; x_wconf 83' lang='grc' dir='ltr'>δτι,</span> <span class='ocrx_word' id='word_1_311' title='bbox 440 3861 489 3913; x_wconf 86' lang='grc' dir='ltr'>εί</span> <span class='ocrx_word' id='word_1_312' title='bbox 517 3860 590 3931; x_wconf 84' lang='grc' dir='ltr'>μὴ</span> <span class='ocrx_word' id='word_1_313' title='bbox 608 3858 892 3930; x_wconf 85' lang='grc' dir='ltr'>φθείρεται</span> <span class='ocrx_word' id='word_1_314' title='bbox 919 3858 947 3909; x_wconf 87' lang='grc' dir='ltr'>ό</span> <span class='ocrx_word' id='word_1_315' title='bbox 968 3857 1192 3927; x_wconf 81' lang='grc' dir='ltr'>κόσμος,</span> <span class='ocrx_word' id='word_1_316' title='bbox 1224 3854 1337 3909; x_wconf 78' lang='grc' dir='ltr'>ἀλλ’</span> <span class='ocrx_word' id='word_1_317' title='bbox 1359 3857 1447 3908; x_wconf 76' lang='grc' dir='ltr'>ἐπ’</span> <span class='ocrx_word' id='word_1_318' title='bbox 1467 3856 1698 3926; x_wconf 76' lang='grc' dir='ltr'>ἄπειρον</span> <span class='ocrx_word' id='word_1_319' title='bbox 1719 3854 1896 3919; x_wconf 78' lang='grc' dir='ltr'>ἔσται,</span> 
     </span>
    </p>
   </div>
   <div class='ocr_carea' id='block_1_42' title="bbox 299 3945 1897 4018">
    <p class='ocr_par' dir='ltr' id='par_1_42' title="bbox 299 3945 1897 4018">
     <span class='ocr_line' id='line_1_42' title="bbox 299 3945 1897 4018; baseline -0.006 -12"><span class='ocrx_word' id='word_1_320' title='bbox 299 3953 406 4006; x_wconf 79' lang='grc' dir='ltr'>οὐκ</span> <span class='ocrx_word' id='word_1_321' title='bbox 433 3952 586 4006; x_wconf 72' lang='grc' dir='ltr'>ἔσται</span> <span class='ocrx_word' id='word_1_322' title='bbox 609 3951 804 4014; x_wconf 75' lang='grc' dir='ltr'>όΘεὸς</span> <span class='ocrx_word' id='word_1_323' title='bbox 829 3949 984 4013; x_wconf 78' lang='grc' dir='ltr'>εἰδὼς</span> <span class='ocrx_word' id='word_1_324' title='bbox 1012 3948 1084 4002; x_wconf 83' lang='grc' dir='ltr'>τά</span> <span class='ocrx_word' id='word_1_325' title='bbox 1110 3949 1289 4015; x_wconf 83' lang='grc' dir='ltr'>πάντα</span> <span class='ocrx_word' id='word_1_326' title='bbox 1334 3948 1462 4018; x_wconf 76' lang='grc' dir='ltr'>πρὶν</span> <span class='ocrx_word' id='word_1_327' title='bbox 1497 3945 1764 4015; x_wconf 84' lang='grc' dir='ltr'>γενέσεως</span> <span class='ocrx_word' id='word_1_328' title='bbox 1797 3946 1897 3998; x_wconf 80' lang='grc' dir='ltr'>αὑ-</span> 
     </span>
    </p>
   </div>
   <div class='ocr_carea' id='block_1_43' title="bbox 298 4039 1893 4115">
    <p class='ocr_par' dir='ltr' id='par_1_43' title="bbox 298 4039 1893 4115">
     <span class='ocr_line' id='line_1_43' title="bbox 298 4039 1893 4115; baseline -0.004 -16"><span class='ocrx_word' id='word_1_329' title='bbox 298 4044 435 4100; x_wconf 86' lang='grc' dir='ltr'>τῶν.</span> <span class='ocrx_word' id='word_1_330' title='bbox 478 4044 615 4098; x_wconf 85' lang='grc' dir='ltr'>Ἀλλ’</span> <span class='ocrx_word' id='word_1_331' title='bbox 653 4046 702 4097; x_wconf 84' lang='grc' dir='ltr'>εἰ</span> <span class='ocrx_word' id='word_1_332' title='bbox 734 4043 841 4115; x_wconf 83' lang='grc' dir='ltr'>ἄρα</span> <span class='ocrx_word' id='word_1_333' title='bbox 874 4041 977 4096; x_wconf 80' lang='grc' dir='ltr'>ἀνὰ</span> <span class='ocrx_word' id='word_1_334' title='bbox 1008 4040 1172 4113; x_wconf 86' lang='grc' dir='ltr'>μέρος</span> <span class='ocrx_word' id='word_1_335' title='bbox 1195 4081 1208 4105; x_wconf 93' lang='grc'>,</span> <span class='ocrx_word' id='word_1_336' title='bbox 1245 4041 1362 4111; x_wconf 73' lang='grc' dir='ltr'>ἤτοι</span> <span class='ocrx_word' id='word_1_337' title='bbox 1409 4039 1642 4094; x_wconf 69' lang='grc' dir='ltr'>ἕκαστον</span> <span class='ocrx_word' id='word_1_338' title='bbox 1685 4039 1893 4092; x_wconf 76' lang='grc' dir='ltr'>εἴσεται</span> 
     </span>
    </p>
   </div>
   <div class='ocr_carea' id='block_1_44' title="bbox 301 4126 1891 4210">
    <p class='ocr_par' dir='ltr' id='par_1_44' title="bbox 301 4126 1891 4210">
     <span class='ocr_line' id='line_1_44' title="bbox 301 4126 1891 4210; baseline -0.006 -19"><span class='ocrx_word' id='word_1_339' title='bbox 301 4138 436 4210; x_wconf 72' lang='grc' dir='ltr'>πρὶν</span> <span class='ocrx_word' id='word_1_340' title='bbox 455 4136 721 4206; x_wconf 80' lang='grc' dir='ltr'>γενέσεως</span> <span class='ocrx_word' id='word_1_341' title='bbox 753 4134 941 4199; x_wconf 79' lang='grc' dir='ltr'>αὐτοῦ,</span> <span class='ocrx_word' id='word_1_342' title='bbox 968 4134 1001 4205; x_wconf 72' lang='grc' dir='ltr'><strong>ἢ</strong></span> <span class='ocrx_word' id='word_1_343' title='bbox 1030 4149 1170 4197; x_wconf 88' lang='grc' dir='ltr'>τινα,</span> <span class='ocrx_word' id='word_1_344' title='bbox 1213 4131 1309 4184; x_wconf 75' lang='grc' dir='ltr'>καὶ</span> <span class='ocrx_word' id='word_1_345' title='bbox 1358 4130 1497 4202; x_wconf 76' lang='grc' dir='ltr'>μετὰ</span> <span class='ocrx_word' id='word_1_346' title='bbox 1522 4128 1695 4184; x_wconf 81' lang='grc' dir='ltr'>ταῦτα</span> <span class='ocrx_word' id='word_1_347' title='bbox 1730 4126 1891 4183; x_wconf 63' lang='grc' dir='ltr'>πάλιν</span> 
     </span>
    </p>
   </div>
   <div class='ocr_carea' id='block_1_45' title="bbox 2014 637 3614 712">
    <p class='ocr_par' dir='ltr' id='par_1_45' title="bbox 2014 637 3614 712">
     <span class='ocr_line' id='line_1_45' title="bbox 2014 637 3614 712; baseline 0.004 -23"><span class='ocrx_word' id='word_1_348' title='bbox 2014 637 2327 705; x_wconf 82' lang='lat' dir='ltr'>aliquando,</span> <span class='ocrx_word' id='word_1_349' title='bbox 2378 645 2501 706; x_wconf 86' lang='lat' dir='ltr'>post</span> <span class='ocrx_word' id='word_1_350' title='bbox 2537 638 2866 693; x_wconf 90' lang='lat' dir='ltr'>immensum</span> <span class='ocrx_word' id='word_1_351' title='bbox 2919 648 3047 709; x_wconf 86' lang='lat' dir='ltr'>puta</span> <span class='ocrx_word' id='word_1_352' title='bbox 3098 652 3335 712; x_wconf 89' lang='lat' dir='ltr'>tempus,</span> <span class='ocrx_word' id='word_1_353' title='bbox 3372 642 3614 709; x_wconf 73' lang='lat' dir='ltr'>desinet,</span> 
     </span>
    </p>
   </div>
   <div class='ocr_carea' id='block_1_46' title="bbox 2012 728 3615 804">
    <p class='ocr_par' dir='ltr' id='par_1_46' title="bbox 2012 728 3615 804">
     <span class='ocr_line' id='line_1_46' title="bbox 2012 728 3615 804; baseline 0.005 -24"><span class='ocrx_word' id='word_1_354' title='bbox 2012 729 2235 783; x_wconf 82' lang='lat' dir='ltr'>redacto</span> <span class='ocrx_word' id='word_1_355' title='bbox 2255 728 2467 783; x_wconf 83' lang='lat' dir='ltr'>scilicet</span> <span class='ocrx_word' id='word_1_356' title='bbox 2488 729 2555 783; x_wconf 88' lang='lat' dir='ltr'>ad</span> <span class='ocrx_word' id='word_1_357' title='bbox 2582 731 2873 795; x_wconf 89' lang='lat' dir='ltr'>unum,vel</span> <span class='ocrx_word' id='word_1_358' title='bbox 2899 731 3154 798; x_wconf 90' lang='lat' dir='ltr'>alterum,</span> <span class='ocrx_word' id='word_1_359' title='bbox 3189 735 3271 787; x_wconf 81' lang='lat' dir='ltr'>vel</span> <span class='ocrx_word' id='word_1_360' title='bbox 3300 735 3464 802; x_wconf 87' lang='lat' dir='ltr'>paulo</span> <span class='ocrx_word' id='word_1_361' title='bbox 3490 736 3615 804; x_wconf 79' lang='lat' dir='ltr'>plu-</span> 
     </span>
    </p>
   </div>
   <div class='ocr_carea' id='block_1_47' title="bbox 2012 821 3615 894">
    <p class='ocr_par' dir='ltr' id='par_1_47' title="bbox 2012 821 3615 894">
     <span class='ocr_line' id='line_1_47' title="bbox 2012 821 3615 894; baseline 0.004 -22"><span class='ocrx_word' id='word_1_362' title='bbox 2012 835 2101 876; x_wconf 89' lang='lat' dir='ltr'>res</span> <span class='ocrx_word' id='word_1_363' title='bbox 2134 821 2360 885; x_wconf 86' lang='lat' dir='ltr'>mundo,</span> <span class='ocrx_word' id='word_1_364' title='bbox 2392 821 2724 891; x_wconf 86' lang='lat' dir='ltr'>quibusjam</span> <span class='ocrx_word' id='word_1_365' title='bbox 2758 822 3146 891; x_wconf 77' lang='lat' dir='ltr'>perfectionem</span> <span class='ocrx_word' id='word_1_366' title='bbox 3181 826 3413 894; x_wconf 86' lang='lat' dir='ltr'>adeptis,</span> <span class='ocrx_word' id='word_1_367' title='bbox 3446 843 3615 880; x_wconf 81' lang='lat' dir='ltr'>mun-</span> 
     </span>
    </p>
   </div>
   <div class='ocr_carea' id='block_1_48' title="bbox 2009 913 3611 988">
    <p class='ocr_par' dir='ltr' id='par_1_48' title="bbox 2009 913 3611 988">
     <span class='ocr_line' id='line_1_48' title="bbox 2009 913 3611 988; baseline 0.002 -19"><span class='ocrx_word' id='word_1_368' title='bbox 2009 915 2114 969; x_wconf 84' lang='lat' dir='ltr'>dus</span> <span class='ocrx_word' id='word_1_369' title='bbox 2144 914 2407 975; x_wconf 84' lang='lat' dir='ltr'>interibit.</span> <span class='ocrx_word' id='word_1_370' title='bbox 2444 913 2823 970; x_wconf 88' lang='lat' dir='ltr'>delicicntibus</span> <span class='ocrx_word' id='word_1_371' title='bbox 2845 916 2938 985; x_wconf 89' lang='lat' dir='ltr'>qui</span> <span class='ocrx_word' id='word_1_372' title='bbox 2968 916 3022 970; x_wconf 93' lang='lat' dir='ltr'>in</span> <span class='ocrx_word' id='word_1_373' title='bbox 3054 932 3256 987; x_wconf 90' lang='lat' dir='ltr'>corpus</span> <span class='ocrx_word' id='word_1_374' title='bbox 3284 926 3433 984; x_wconf 88' lang='lat' dir='ltr'>eant;</span> <span class='ocrx_word' id='word_1_375' title='bbox 3460 921 3611 988; x_wconf 86' lang='lat' dir='ltr'>quod</span> 
     </span>
    </p>
   </div>
   <div class='ocr_carea' id='block_1_49' title="bbox 2012 1003 3610 1077">
    <p class='ocr_par' dir='ltr' id='par_1_49' title="bbox 2012 1003 3610 1077">
     <span class='ocr_line' id='line_1_49' title="bbox 2012 1003 3610 1077; baseline 0.005 -19"><span class='ocrx_word' id='word_1_376' title='bbox 2012 1003 2305 1076; x_wconf 69' lang='lat' dir='ltr'>Scriptura:</span> <span class='ocrx_word' id='word_1_377' title='bbox 2333 1006 2558 1062; x_wconf 91' lang='lat' dir='ltr'>minime</span> <span class='ocrx_word' id='word_1_378' title='bbox 2585 1017 3011 1064; x_wconf 80' lang='lat' dir='ltr'>consentaneum</span> <span class='ocrx_word' id='word_1_379' title='bbox 3035 1017 3120 1064; x_wconf 92' lang='lat' dir='ltr'>est</span> <span class='ocrx_word' id='word_1_380' title='bbox 3144 1027 3160 1077; x_wconf 92' lang='lat'><strong>;</strong></span> <span class='ocrx_word' id='word_1_381' title='bbox 3202 1009 3610 1066; x_wconf 82' lang='lat' dir='ltr'>multitudinem</span> 
     </span>
    </p>
   </div>
   <div class='ocr_carea' id='block_1_50' title="bbox 2011 1097 3615 1173">
    <p class='ocr_par' dir='ltr' id='par_1_50' title="bbox 2011 1097 3615 1173">
     <span class='ocr_line' id='line_1_50' title="bbox 2011 1097 3615 1173; baseline 0.004 -23"><span class='ocrx_word' id='word_1_382' title='bbox 2011 1097 2279 1166; x_wconf 88' lang='lat' dir='ltr'>siquidem</span> <span class='ocrx_word' id='word_1_383' title='bbox 2318 1109 2668 1169; x_wconf 84' lang='lat' dir='ltr'>peccatorum</span> <span class='ocrx_word' id='word_1_384' title='bbox 2695 1098 2934 1154; x_wconf 89' lang='lat' dir='ltr'>futuram</span> <span class='ocrx_word' id='word_1_385' title='bbox 2968 1100 3156 1167; x_wconf 69' lang='lat' dir='ltr'>noxit,</span> <span class='ocrx_word' id='word_1_386' title='bbox 3207 1117 3317 1170; x_wconf 91' lang='lat' dir='ltr'>quo</span> <span class='ocrx_word' id='word_1_387' title='bbox 3366 1110 3615 1173; x_wconf 86' lang='lat' dir='ltr'>tempore</span> 
     </span>
    </p>
   </div>
   <div class='ocr_carea' id='block_1_51' title="bbox 2009 1188 3614 1260">
    <p class='ocr_par' dir='ltr' id='par_1_51' title="bbox 2009 1188 3614 1260">
     <span class='ocr_line' id='line_1_51' title="bbox 2009 1188 3614 1260; baseline 0.002 -18"><span class='ocrx_word' id='word_1_388' title='bbox 2009 1188 2255 1243; x_wconf 85' lang='lat' dir='ltr'>interibit</span> <span class='ocrx_word' id='word_1_389' title='bbox 2289 1192 2546 1255; x_wconf 87' lang='lat' dir='ltr'>mundus,</span> <span class='ocrx_word' id='word_1_390' title='bbox 2588 1192 2735 1260; x_wconf 89' lang='lat' dir='ltr'>quod</span> <span class='ocrx_word' id='word_1_391' title='bbox 2767 1208 2832 1246; x_wconf 84' lang='lat' dir='ltr'>ex</span> <span class='ocrx_word' id='word_1_392' title='bbox 2881 1192 2967 1246; x_wconf 90' lang='lat' dir='ltr'>his</span> <span class='ocrx_word' id='word_1_393' title='bbox 3003 1200 3204 1247; x_wconf 89' lang='lat' dir='ltr'>attente</span> <span class='ocrx_word' id='word_1_394' title='bbox 3246 1194 3614 1248; x_wconf 50' lang='lat' dir='ltr'>consideratis</span> 
     </span>
    </p>
   </div>
   <div class='ocr_carea' id='block_1_52' title="bbox 2014 1281 3615 1352">
    <p class='ocr_par' dir='ltr' id='par_1_52' title="bbox 2014 1281 3615 1352">
     <span class='ocr_line' id='line_1_52' title="bbox 2014 1281 3615 1352; baseline 0.002 -17"><span class='ocrx_word' id='word_1_395' title='bbox 2014 1281 2364 1352; x_wconf 90' lang='lat' dir='ltr'>perspicuum</span> <span class='ocrx_word' id='word_1_396' title='bbox 2399 1293 2483 1337; x_wconf 89' lang='lat' dir='ltr'>est</span> <span class='ocrx_word' id='word_1_397' title='bbox 2517 1302 2528 1336; x_wconf 94' lang='lat'><strong>:</strong></span> <span class='ocrx_word' id='word_1_398' title='bbox 2557 1304 2574 1336; x_wconf 81' lang='grc' dir='ltr'>ι</span> <span class='ocrx_word' id='word_1_399' title='bbox 2608 1283 2997 1340; x_wconf 82' lang='lat' dir='ltr'>Verumtamen</span> <span class='ocrx_word' id='word_1_400' title='bbox 3032 1283 3200 1339; x_wconf 80' lang='lat' dir='ltr'>Filius</span> <span class='ocrx_word' id='word_1_401' title='bbox 3243 1285 3483 1342; x_wconf 88' lang='lat' dir='ltr'>hominis</span> <span class='ocrx_word' id='word_1_402' title='bbox 3525 1304 3615 1339; x_wconf 71' lang='lat' dir='ltr'>w-</span> 
     </span>
    </p>
   </div>
   <div class='ocr_carea' id='block_1_53' title="bbox 2008 1372 3610 1446">
    <p class='ocr_par' dir='ltr' id='par_1_53' title="bbox 2008 1372 3610 1446">
     <span class='ocr_line' id='line_1_53' title="bbox 2008 1372 3610 1446; baseline 0.002 -21"><span class='ocrx_word' id='word_1_403' title='bbox 2008 1372 2189 1435; x_wconf 89' lang='lat' dir='ltr'>niens,</span> <span class='ocrx_word' id='word_1_404' title='bbox 2220 1381 2383 1441; x_wconf 85' lang='lat' dir='ltr'>putas</span> <span class='ocrx_word' id='word_1_405' title='bbox 2415 1374 2655 1428; x_wconf 76' lang='lat' dir='ltr'>inveniet</span> <span class='ocrx_word' id='word_1_406' title='bbox 2687 1374 2846 1430; x_wconf 82' lang='lat' dir='ltr'>fidem</span> <span class='ocrx_word' id='word_1_407' title='bbox 2886 1375 2938 1429; x_wconf 91' lang='lat' dir='ltr'>in</span> <span class='ocrx_word' id='word_1_408' title='bbox 2966 1384 3112 1429; x_wconf 86' lang='lat' dir='ltr'>terra</span> <span class='ocrx_word' id='word_1_409' title='bbox 3145 1376 3204 1429; x_wconf 66' lang='lat'>5?</span> <span class='ocrx_word' id='word_1_410' title='bbox 3235 1395 3253 1428; x_wconf 83' lang='grc'><strong><em>›</em></strong></span> <span class='ocrx_word' id='word_1_411' title='bbox 3274 1385 3328 1430; x_wconf 93' lang='lat' dir='ltr'>et</span> <span class='ocrx_word' id='word_1_412' title='bbox 3348 1380 3610 1446; x_wconf 51' lang='lat' dir='ltr'>quemazi-</span> 
     </span>
    </p>
   </div>
   <div class='ocr_carea' id='block_1_54' title="bbox 2005 1464 3612 1538">
    <p class='ocr_par' dir='ltr' id='par_1_54' title="bbox 2005 1464 3612 1538">
     <span class='ocr_line' id='line_1_54' title="bbox 2005 1464 3612 1538; baseline 0.003 -21"><span class='ocrx_word' id='word_1_413' title='bbox 2005 1464 2231 1518; x_wconf 89' lang='lat' dir='ltr'>modum</span> <span class='ocrx_word' id='word_1_414' title='bbox 2282 1465 2425 1533; x_wconf 90' lang='lat' dir='ltr'>apud</span> <span class='ocrx_word' id='word_1_415' title='bbox 2482 1464 2794 1521; x_wconf 76' lang='lat' dir='ltr'>Mattbzeum</span> <span class='ocrx_word' id='word_1_416' title='bbox 2850 1467 2924 1521; x_wconf 90' lang='lat' dir='ltr'>ita</span> <span class='ocrx_word' id='word_1_417' title='bbox 2995 1483 3318 1538; x_wconf 69' lang='lat' dir='ltr'>expressum</span> <span class='ocrx_word' id='word_1_418' title='bbox 3394 1472 3612 1525; x_wconf 54' lang='lat' dir='ltr'>inveni-</span> 
     </span>
    </p>
   </div>
   <div class='ocr_carea' id='block_1_55' title="bbox 2006 1555 3613 1630">
    <p class='ocr_par' dir='ltr' id='par_1_55' title="bbox 2006 1555 3613 1630">
     <span class='ocr_line' id='line_1_55' title="bbox 2006 1555 3613 1630; baseline 0.004 -20"><span class='ocrx_word' id='word_1_419' title='bbox 2006 1571 2129 1611; x_wconf 88' lang='lat' dir='ltr'>mus</span> <span class='ocrx_word' id='word_1_420' title='bbox 2158 1555 2178 1585; x_wconf 83' lang='grc'><strong><em>⁶</em></strong></span> <span class='ocrx_word' id='word_1_421' title='bbox 2207 1573 2220 1608; x_wconf 90' lang='lat'><strong>:</strong></span> <span class='ocrx_word' id='word_1_422' title='bbox 2260 1574 2278 1607; x_wconf 76' lang='grc' dir='ltr'>ι</span> <span class='ocrx_word' id='word_1_423' title='bbox 2313 1555 2465 1610; x_wconf 91' lang='lat' dir='ltr'>Sicut</span> <span class='ocrx_word' id='word_1_424' title='bbox 2502 1567 2680 1611; x_wconf 90' lang='lat' dir='ltr'>autem</span> <span class='ocrx_word' id='word_1_425' title='bbox 2727 1558 2890 1630; x_wconf 80' lang='lat'><strong>569</strong></span> <span class='ocrx_word' id='word_1_426' title='bbox 2922 1558 2975 1612; x_wconf 93' lang='lat' dir='ltr'>in</span> <span class='ocrx_word' id='word_1_427' title='bbox 3012 1560 3208 1615; x_wconf 62' lang='lat' dir='ltr'>diebus</span> <span class='ocrx_word' id='word_1_428' title='bbox 3235 1560 3370 1629; x_wconf 81' lang='lat' dir='ltr'>Noe,</span> <span class='ocrx_word' id='word_1_429' title='bbox 3405 1563 3476 1616; x_wconf 88' lang='lat' dir='ltr'>ita</span> <span class='ocrx_word' id='word_1_430' title='bbox 3513 1571 3613 1617; x_wconf 62' lang='lat' dir='ltr'>etut</span> 
     </span>
    </p>
   </div>
   <div class='ocr_carea' id='block_1_56' title="bbox 2003 1648 3603 1710">
    <p class='ocr_par' dir='ltr' id='par_1_56' title="bbox 2003 1648 3603 1710">
     <span class='ocr_line' id='line_1_56' title="bbox 2003 1648 3603 1710; baseline 0.004 -8"><span class='ocrx_word' id='word_1_431' title='bbox 2003 1657 2058 1702; x_wconf 89' lang='lat' dir='ltr'>et</span> <span class='ocrx_word' id='word_1_432' title='bbox 2083 1648 2350 1703; x_wconf 85' lang='lat' dir='ltr'>adventus</span> <span class='ocrx_word' id='word_1_433' title='bbox 2382 1648 2506 1702; x_wconf 89' lang='lat' dir='ltr'>Filii</span> <span class='ocrx_word' id='word_1_434' title='bbox 2537 1648 2777 1705; x_wconf 86' lang='lat' dir='ltr'>hominis</span> <span class='ocrx_word' id='word_1_435' title='bbox 2808 1671 2819 1704; x_wconf 96' lang='lat'>:</span> <span class='ocrx_word' id='word_1_436' title='bbox 2854 1652 2997 1705; x_wconf 88' lang='lat' dir='ltr'>sicut</span> <span class='ocrx_word' id='word_1_437' title='bbox 3029 1653 3176 1705; x_wconf 86' lang='lat' dir='ltr'>enim</span> <span class='ocrx_word' id='word_1_438' title='bbox 3213 1662 3371 1707; x_wconf 89' lang='lat' dir='ltr'>erant</span> <span class='ocrx_word' id='word_1_439' title='bbox 3402 1654 3456 1708; x_wconf 90' lang='lat' dir='ltr'>in</span> <span class='ocrx_word' id='word_1_440' title='bbox 3488 1655 3603 1710; x_wconf 82' lang='lat' dir='ltr'>die-</span> 
     </span>
    </p>
   </div>
   <div class='ocr_carea' id='block_1_57' title="bbox 2003 1740 3611 1817">
    <p class='ocr_par' dir='ltr' id='par_1_57' title="bbox 2003 1740 3611 1817">
     <span class='ocr_line' id='line_1_57' title="bbox 2003 1740 3611 1817; baseline 0.004 -22"><span class='ocrx_word' id='word_1_441' title='bbox 2003 1741 2106 1796; x_wconf 85' lang='lat' dir='ltr'>bus</span> <span class='ocrx_word' id='word_1_442' title='bbox 2122 1740 2336 1806; x_wconf 83' lang='lat' dir='ltr'>diluvii,</span> <span class='ocrx_word' id='word_1_443' title='bbox 2362 1760 2380 1793; x_wconf 74' lang='grc' dir='ltr'>ι</span> <span class='ocrx_word' id='word_1_444' title='bbox 2409 1750 2461 1797; x_wconf 90' lang='lat' dir='ltr'>et</span> <span class='ocrx_word' id='word_1_445' title='bbox 2484 1751 2700 1797; x_wconf 83' lang='lat' dir='ltr'>caetera.</span> <span class='ocrx_word' id='word_1_446' title='bbox 2728 1740 3035 1796; x_wconf 87' lang='lat' dir='ltr'>Punientur</span> <span class='ocrx_word' id='word_1_447' title='bbox 3061 1753 3242 1798; x_wconf 89' lang='lat' dir='ltr'>autem</span> <span class='ocrx_word' id='word_1_448' title='bbox 3268 1760 3459 1800; x_wconf 89' lang='lat' dir='ltr'>eorum</span> <span class='ocrx_word' id='word_1_449' title='bbox 3482 1762 3611 1817; x_wconf 74' lang='lat' dir='ltr'>pec~</span> 
     </span>
    </p>
   </div>
   <div class='ocr_carea' id='block_1_58' title="bbox 2004 1834 3608 1909">
    <p class='ocr_par' dir='ltr' id='par_1_58' title="bbox 2004 1834 3608 1909">
     <span class='ocr_line' id='line_1_58' title="bbox 2004 1834 3608 1909; baseline 0.004 -22"><span class='ocrx_word' id='word_1_450' title='bbox 2004 1844 2125 1888; x_wconf 88' lang='lat' dir='ltr'>cata</span> <span class='ocrx_word' id='word_1_451' title='bbox 2151 1834 2246 1903; x_wconf 90' lang='lat' dir='ltr'>qui</span> <span class='ocrx_word' id='word_1_452' title='bbox 2273 1842 2401 1888; x_wconf 90' lang='lat' dir='ltr'>tunc</span> <span class='ocrx_word' id='word_1_453' title='bbox 2434 1843 2615 1898; x_wconf 80' lang='lat' dir='ltr'>erunt,</span> <span class='ocrx_word' id='word_1_454' title='bbox 2638 1850 2746 1889; x_wconf 86' lang='lat' dir='ltr'>non</span> <span class='ocrx_word' id='word_1_455' title='bbox 2771 1851 2868 1905; x_wconf 87' lang='lat' dir='ltr'>per</span> <span class='ocrx_word' id='word_1_456' title='bbox 2903 1836 3283 1902; x_wconf 72' lang='lat' dir='ltr'>migrationem</span> <span class='ocrx_word' id='word_1_457' title='bbox 3315 1852 3344 1891; x_wconf 93' lang='lat' dir='ltr'>e</span> <span class='ocrx_word' id='word_1_458' title='bbox 3375 1853 3608 1909; x_wconf 79' lang='lat' dir='ltr'>corpore</span> 
     </span>
    </p>
   </div>
   <div class='ocr_carea' id='block_1_59' title="bbox 2005 1925 3606 1996">
    <p class='ocr_par' dir='ltr' id='par_1_59' title="bbox 2005 1925 3606 1996">
     <span class='ocr_line' id='line_1_59' title="bbox 2005 1925 3606 1996; baseline 0.002 -17"><span class='ocrx_word' id='word_1_459' title='bbox 2005 1925 2059 1979; x_wconf 91' lang='lat' dir='ltr'>in</span> <span class='ocrx_word' id='word_1_460' title='bbox 2095 1941 2298 1995; x_wconf 88' lang='lat' dir='ltr'>corpus</span> <span class='ocrx_word' id='word_1_461' title='bbox 2330 1945 2344 1980; x_wconf 91' lang='lat'><strong>:</strong></span> <span class='ocrx_word' id='word_1_462' title='bbox 2374 1941 2499 1980; x_wconf 89' lang='lat' dir='ltr'>nam</span> <span class='ocrx_word' id='word_1_463' title='bbox 2531 1926 2576 1981; x_wconf 93' lang='lat' dir='ltr'>si</span> <span class='ocrx_word' id='word_1_464' title='bbox 2593 1926 2774 1982; x_wconf 88' lang='lat' dir='ltr'>adhuc</span> <span class='ocrx_word' id='word_1_465' title='bbox 2789 1940 3079 1996; x_wconf 86' lang='lat' dir='ltr'>peccantes</span> <span class='ocrx_word' id='word_1_466' title='bbox 3099 1926 3606 1996; x_wconf 86' lang='lat' dir='ltr'>deprehenduntur,</span> 
     </span>
    </p>
   </div>
   <div class='ocr_carea' id='block_1_60' title="bbox 2004 2016 3605 2089">
    <p class='ocr_par' dir='ltr' id='par_1_60' title="bbox 2004 2016 3605 2089">
     <span class='ocr_line' id='line_1_60' title="bbox 2004 2016 3605 2089; baseline 0.005 -20"><span class='ocrx_word' id='word_1_467' title='bbox 2004 2017 2088 2070; x_wconf 88' lang='lat' dir='ltr'>vel</span> <span class='ocrx_word' id='word_1_468' title='bbox 2128 2016 2236 2070; x_wconf 89' lang='lat' dir='ltr'>alio</span> <span class='ocrx_word' id='word_1_469' title='bbox 2287 2032 2465 2087; x_wconf 63' lang='lat' dir='ltr'>pinnae</span> <span class='ocrx_word' id='word_1_470' title='bbox 2498 2033 2697 2089; x_wconf 77' lang='lat' dir='ltr'>genere</span> <span class='ocrx_word' id='word_1_471' title='bbox 2742 2027 2927 2087; x_wconf 87' lang='lat' dir='ltr'>postea</span> <span class='ocrx_word' id='word_1_472' title='bbox 2982 2017 3319 2089; x_wconf 89' lang='lat' dir='ltr'>punientur;</span> <span class='ocrx_word' id='word_1_473' title='bbox 3373 2034 3439 2074; x_wconf 87' lang='lat' dir='ltr'>ac</span> <span class='ocrx_word' id='word_1_474' title='bbox 3482 2021 3605 2077; x_wconf 67' lang='lat' dir='ltr'>duae</span> 
     </span>
    </p>
   </div>
   <div class='ocr_carea' id='block_1_61' title="bbox 2008 2108 3606 2183">
    <p class='ocr_par' dir='ltr' id='par_1_61' title="bbox 2008 2108 3606 2183">
     <span class='ocr_line' id='line_1_61' title="bbox 2008 2108 3606 2183; baseline 0.004 -23"><span class='ocrx_word' id='word_1_475' title='bbox 2008 2108 2237 2177; x_wconf 81' lang='lat' dir='ltr'>proinde</span> <span class='ocrx_word' id='word_1_476' title='bbox 2262 2109 2541 2178; x_wconf 78' lang='lat' dir='ltr'>generales</span> <span class='ocrx_word' id='word_1_477' title='bbox 2570 2108 2830 2179; x_wconf 89' lang='lat' dir='ltr'>puniendi</span> <span class='ocrx_word' id='word_1_478' title='bbox 2865 2110 3106 2166; x_wconf 88' lang='lat' dir='ltr'>rationes</span> <span class='ocrx_word' id='word_1_479' title='bbox 3134 2121 3296 2166; x_wconf 89' lang='lat' dir='ltr'>erunt</span> <span class='ocrx_word' id='word_1_480' title='bbox 3320 2130 3332 2166; x_wconf 93' lang='lat'>:</span> <span class='ocrx_word' id='word_1_481' title='bbox 3361 2112 3452 2167; x_wconf 89' lang='lat' dir='ltr'>illa</span> <span class='ocrx_word' id='word_1_482' title='bbox 3482 2114 3606 2183; x_wconf 81' lang='lat' dir='ltr'>qui-</span> 
     </span>
    </p>
   </div>
   <div class='ocr_carea' id='block_1_62' title="bbox 2010 2199 3604 2273">
    <p class='ocr_par' dir='ltr' id='par_1_62' title="bbox 2010 2199 3604 2273">
     <span class='ocr_line' id='line_1_62' title="bbox 2010 2199 3604 2273; baseline 0.004 -20"><span class='ocrx_word' id='word_1_483' title='bbox 2010 2199 2134 2253; x_wconf 83' lang='lat' dir='ltr'>dem</span> <span class='ocrx_word' id='word_1_484' title='bbox 2167 2215 2263 2269; x_wconf 91' lang='lat' dir='ltr'>per</span> <span class='ocrx_word' id='word_1_485' title='bbox 2296 2200 2587 2256; x_wconf 85' lang='lat' dir='ltr'>transitum</span> <span class='ocrx_word' id='word_1_486' title='bbox 2623 2216 2653 2256; x_wconf 92' lang='lat' dir='ltr'>e</span> <span class='ocrx_word' id='word_1_487' title='bbox 2679 2215 2908 2270; x_wconf 89' lang='lat' dir='ltr'>corpore</span> <span class='ocrx_word' id='word_1_488' title='bbox 2942 2202 2995 2256; x_wconf 88' lang='lat' dir='ltr'>in</span> <span class='ocrx_word' id='word_1_489' title='bbox 3027 2218 3227 2273; x_wconf 90' lang='lat' dir='ltr'>corpus</span> <span class='ocrx_word' id='word_1_490' title='bbox 3255 2243 3271 2267; x_wconf 86' lang='lat'>,</span> <span class='ocrx_word' id='word_1_491' title='bbox 3330 2204 3423 2260; x_wconf 84' lang='lat' dir='ltr'>illa</span> <span class='ocrx_word' id='word_1_492' title='bbox 3472 2222 3604 2261; x_wconf 86' lang='lat' dir='ltr'>vero</span> 
     </span>
    </p>
   </div>
   <div class='ocr_carea' id='block_1_63' title="bbox 2005 2291 3602 2361">
    <p class='ocr_par' dir='ltr' id='par_1_63' title="bbox 2005 2291 3602 2361">
     <span class='ocr_line' id='line_1_63' title="bbox 2005 2291 3602 2361; baseline 0.005 -17"><span class='ocrx_word' id='word_1_493' title='bbox 2005 2299 2158 2345; x_wconf 78' lang='lat' dir='ltr'>extra</span> <span class='ocrx_word' id='word_1_494' title='bbox 2189 2291 2358 2347; x_wconf 90' lang='lat' dir='ltr'>hocce</span> <span class='ocrx_word' id='word_1_495' title='bbox 2390 2306 2614 2361; x_wconf 87' lang='lat' dir='ltr'>corpus;</span> <span class='ocrx_word' id='word_1_496' title='bbox 2651 2306 2716 2347; x_wconf 89' lang='lat' dir='ltr'>ac</span> <span class='ocrx_word' id='word_1_497' title='bbox 2739 2292 2954 2348; x_wconf 85' lang='lat' dir='ltr'>illarum</span> <span class='ocrx_word' id='word_1_498' title='bbox 2990 2309 3189 2349; x_wconf 85' lang='lat' dir='ltr'>causas</span> <span class='ocrx_word' id='word_1_499' title='bbox 3243 2304 3297 2350; x_wconf 88' lang='lat' dir='ltr'>et</span> <span class='ocrx_word' id='word_1_500' title='bbox 3345 2296 3602 2352; x_wconf 68' lang='lat' dir='ltr'>differen-</span> 
     </span>
    </p>
   </div>
   <div class='ocr_carea' id='block_1_64' title="bbox 2005 2382 3604 2457">
    <p class='ocr_par' dir='ltr' id='par_1_64' title="bbox 2005 2382 3604 2457">
     <span class='ocr_line' id='line_1_64' title="bbox 2005 2382 3604 2457; baseline 0.005 -20"><span class='ocrx_word' id='word_1_501' title='bbox 2005 2384 2112 2437; x_wconf 89' lang='lat' dir='ltr'>tias</span> <span class='ocrx_word' id='word_1_502' title='bbox 2135 2393 2433 2453; x_wconf 82' lang='lat' dir='ltr'>exponant.</span> <span class='ocrx_word' id='word_1_503' title='bbox 2460 2382 2555 2438; x_wconf 88' lang='lat' dir='ltr'>Vel</span> <span class='ocrx_word' id='word_1_504' title='bbox 2584 2400 2692 2438; x_wconf 89' lang='lat' dir='ltr'>non</span> <span class='ocrx_word' id='word_1_505' title='bbox 2724 2385 3039 2453; x_wconf 85' lang='lat' dir='ltr'>punientur,</span> <span class='ocrx_word' id='word_1_506' title='bbox 3069 2387 3227 2457; x_wconf 81' lang='lat' dir='ltr'>quasi</span> <span class='ocrx_word' id='word_1_507' title='bbox 3260 2398 3477 2457; x_wconf 86' lang='lat' dir='ltr'>peccata</span> <span class='ocrx_word' id='word_1_508' title='bbox 3503 2406 3604 2445; x_wconf 83' lang='lat' dir='ltr'>sua</span> 
     </span>
    </p>
   </div>
   <div class='ocr_carea' id='block_1_65' title="bbox 2005 2476 3604 2547">
    <p class='ocr_par' dir='ltr' id='par_1_65' title="bbox 2005 2476 3604 2547">
     <span class='ocr_line' id='line_1_65' title="bbox 2005 2476 3604 2547; baseline 0.003 -16"><span class='ocrx_word' id='word_1_509' title='bbox 2005 2476 2293 2531; x_wconf 81' lang='lat' dir='ltr'>confestim</span> <span class='ocrx_word' id='word_1_510' title='bbox 2326 2477 2626 2547; x_wconf 83' lang='lat' dir='ltr'>abjecerint</span> <span class='ocrx_word' id='word_1_511' title='bbox 2651 2478 2746 2547; x_wconf 90' lang='lat' dir='ltr'>qui</span> <span class='ocrx_word' id='word_1_512' title='bbox 2778 2477 2831 2531; x_wconf 92' lang='lat' dir='ltr'>in</span> <span class='ocrx_word' id='word_1_513' title='bbox 2864 2480 3344 2535; x_wconf 90' lang='lat' dir='ltr'>consummatione</span> <span class='ocrx_word' id='word_1_514' title='bbox 3397 2481 3604 2536; x_wconf 82' lang='lat' dir='ltr'>fuerint</span> 
     </span>
    </p>
   </div>
   <div class='ocr_carea' id='block_1_66' title="bbox 2005 2567 3603 2639">
    <p class='ocr_par' dir='ltr' id='par_1_66' title="bbox 2005 2567 3603 2639">
     <span class='ocr_line' id='line_1_66' title="bbox 2005 2567 3603 2639; baseline 0.003 -17"><span class='ocrx_word' id='word_1_515' title='bbox 2005 2567 2327 2638; x_wconf 87' lang='lat' dir='ltr'>deprehensi</span> <span class='ocrx_word' id='word_1_516' title='bbox 2357 2587 2369 2623; x_wconf 88' lang='lat'><strong>:</strong></span> <span class='ocrx_word' id='word_1_517' title='bbox 2402 2569 2507 2634; x_wconf 88' lang='lat' dir='ltr'>vel,</span> <span class='ocrx_word' id='word_1_518' title='bbox 2543 2570 2690 2639; x_wconf 92' lang='lat' dir='ltr'>quod</span> <span class='ocrx_word' id='word_1_519' title='bbox 2716 2570 2911 2625; x_wconf 84' lang='lat' dir='ltr'>melius</span> <span class='ocrx_word' id='word_1_520' title='bbox 2948 2578 3051 2635; x_wconf 86' lang='lat' dir='ltr'>est,</span> <span class='ocrx_word' id='word_1_521' title='bbox 3099 2587 3206 2625; x_wconf 89' lang='lat' dir='ltr'>una</span> <span class='ocrx_word' id='word_1_522' title='bbox 3254 2579 3464 2626; x_wconf 88' lang='lat' dir='ltr'>tantum</span> <span class='ocrx_word' id='word_1_523' title='bbox 3512 2589 3603 2627; x_wconf 83' lang='lat' dir='ltr'>ra-</span> 
     </span>
    </p>
   </div>
   <div class='ocr_carea' id='block_1_67' title="bbox 2007 2657 3601 2733">
    <p class='ocr_par' dir='ltr' id='par_1_67' title="bbox 2007 2657 3601 2733">
     <span class='ocr_line' id='line_1_67' title="bbox 2007 2657 3601 2733; baseline 0.005 -22"><span class='ocrx_word' id='word_1_524' title='bbox 2007 2658 2154 2712; x_wconf 91' lang='lat' dir='ltr'>tione</span> <span class='ocrx_word' id='word_1_525' title='bbox 2187 2657 2517 2727; x_wconf 90' lang='lat' dir='ltr'>plectuntur,</span> <span class='ocrx_word' id='word_1_526' title='bbox 2550 2661 2643 2730; x_wconf 92' lang='lat' dir='ltr'>qui</span> <span class='ocrx_word' id='word_1_527' title='bbox 2668 2661 2721 2715; x_wconf 89' lang='lat' dir='ltr'>in</span> <span class='ocrx_word' id='word_1_528' title='bbox 2747 2676 2977 2730; x_wconf 91' lang='lat' dir='ltr'>corpore</span> <span class='ocrx_word' id='word_1_529' title='bbox 3000 2671 3381 2730; x_wconf 87' lang='lat' dir='ltr'>peccaverunt,</span> <span class='ocrx_word' id='word_1_530' title='bbox 3408 2678 3601 2733; x_wconf 66' lang='lat' dir='ltr'>pinnas</span> 
     </span>
    </p>
   </div>
   <div class='ocr_carea' id='block_1_68' title="bbox 2006 2750 3601 2822">
    <p class='ocr_par' dir='ltr' id='par_1_68' title="bbox 2006 2750 3601 2822">
     <span class='ocr_line' id='line_1_68' title="bbox 2006 2750 3601 2822; baseline 0.006 -19"><span class='ocrx_word' id='word_1_531' title='bbox 2006 2750 2256 2804; x_wconf 80' lang='lat' dir='ltr'>videlicet</span> <span class='ocrx_word' id='word_1_532' title='bbox 2281 2761 2435 2805; x_wconf 82' lang='lat' dir='ltr'>extra</span> <span class='ocrx_word' id='word_1_533' title='bbox 2473 2752 2626 2812; x_wconf 90' lang='lat' dir='ltr'>illud.</span> <span class='ocrx_word' id='word_1_534' title='bbox 2656 2760 2709 2807; x_wconf 90' lang='lat' dir='ltr'>et</span> <span class='ocrx_word' id='word_1_535' title='bbox 2737 2763 2891 2807; x_wconf 82' lang='lat' dir='ltr'>extra</span> <span class='ocrx_word' id='word_1_536' title='bbox 2914 2753 3039 2806; x_wconf 65' lang='lat' dir='ltr'>vitae</span> <span class='ocrx_word' id='word_1_537' title='bbox 3092 2753 3259 2822; x_wconf 87' lang='lat' dir='ltr'>hujus</span> <span class='ocrx_word' id='word_1_538' title='bbox 3293 2762 3499 2810; x_wconf 90' lang='lat' dir='ltr'>statum</span> <span class='ocrx_word' id='word_1_539' title='bbox 3533 2772 3601 2812; x_wconf 76' lang='lat' dir='ltr'>ex</span> 
     </span>
    </p>
   </div>
   <div class='ocr_carea' id='block_1_69' title="bbox 2005 2842 3602 2917">
    <p class='ocr_par' dir='ltr' id='par_1_69' title="bbox 2005 2842 3602 2917">
     <span class='ocr_line' id='line_1_69' title="bbox 2005 2842 3602 2917; baseline 0.004 -22"><span class='ocrx_word' id='word_1_540' title='bbox 2005 2850 2354 2909; x_wconf 90' lang='lat' dir='ltr'>peccatorum</span> <span class='ocrx_word' id='word_1_541' title='bbox 2385 2857 2610 2897; x_wconf 91' lang='lat' dir='ltr'>suorum</span> <span class='ocrx_word' id='word_1_542' title='bbox 2644 2843 2839 2898; x_wconf 90' lang='lat' dir='ltr'>merito</span> <span class='ocrx_word' id='word_1_543' title='bbox 2891 2844 3102 2900; x_wconf 88' lang='lat' dir='ltr'>dantes.</span> <span class='ocrx_word' id='word_1_544' title='bbox 3161 2842 3602 2917; x_wconf 84' lang='lat' dir='ltr'>Unumquodque</span> 
     </span>
    </p>
   </div>
   <div class='ocr_carea' id='block_1_70' title="bbox 2007 2929 3604 3007">
    <p class='ocr_par' dir='ltr' id='par_1_70' title="bbox 2007 2929 3604 3007">
     <span class='ocr_line' id='line_1_70' title="bbox 2007 2929 3604 3007; baseline 0.006 -23"><span class='ocrx_word' id='word_1_545' title='bbox 2007 2939 2188 2984; x_wconf 88' lang='lat' dir='ltr'>autem</span> <span class='ocrx_word' id='word_1_546' title='bbox 2216 2929 2458 2993; x_wconf 88' lang='lat' dir='ltr'>illorum.</span> <span class='ocrx_word' id='word_1_547' title='bbox 2494 2942 2553 2986; x_wconf 93' lang='lat' dir='ltr'>ut</span> <span class='ocrx_word' id='word_1_548' title='bbox 2578 2931 2738 2987; x_wconf 83' lang='lat' dir='ltr'>facile</span> <span class='ocrx_word' id='word_1_549' title='bbox 2767 2933 3020 3005; x_wconf 83' lang='lat' dir='ltr'>intelligit</span> <span class='ocrx_word' id='word_1_550' title='bbox 3043 2935 3294 3007; x_wconf 90' lang='lat' dir='ltr'>quisquis</span> <span class='ocrx_word' id='word_1_551' title='bbox 3319 2953 3407 2993; x_wconf 87' lang='lat' dir='ltr'>res</span> <span class='ocrx_word' id='word_1_552' title='bbox 3431 2937 3604 2993; x_wconf 89' lang='lat' dir='ltr'>intro-</span> 
     </span>
    </p>
   </div>
   <div class='ocr_carea' id='block_1_71' title="bbox 2007 3021 3597 3097">
    <p class='ocr_par' dir='ltr' id='par_1_71' title="bbox 2007 3021 3597 3097">
     <span class='ocr_line' id='line_1_71' title="bbox 2007 3021 3597 3097; baseline 0.006 -21"><span class='ocrx_word' id='word_1_553' title='bbox 2007 3021 2216 3092; x_wconf 86' lang='lat' dir='ltr'>spicere</span> <span class='ocrx_word' id='word_1_554' title='bbox 2241 3031 2439 3092; x_wconf 88' lang='lat' dir='ltr'>potest,</span> <span class='ocrx_word' id='word_1_555' title='bbox 2470 3024 2794 3080; x_wconf 87' lang='lat' dir='ltr'>sententiam</span> <span class='ocrx_word' id='word_1_556' title='bbox 2823 3026 2890 3081; x_wconf 93' lang='lat' dir='ltr'>de</span> <span class='ocrx_word' id='word_1_557' title='bbox 2933 3026 3257 3097; x_wconf 82' lang='lat' dir='ltr'>migratione</span> <span class='ocrx_word' id='word_1_558' title='bbox 3291 3030 3597 3086; x_wconf 88' lang='lat' dir='ltr'>animarum</span> 
     </span>
    </p>
   </div>
   <div class='ocr_carea' id='block_1_72' title="bbox 2007 3115 3600 3189">
    <p class='ocr_par' dir='ltr' id='par_1_72' title="bbox 2007 3115 3600 3189">
     <span class='ocr_line' id='line_1_72' title="bbox 2007 3115 3600 3189; baseline 0.008 -21"><span class='ocrx_word' id='word_1_559' title='bbox 2007 3128 2038 3169; x_wconf 92' lang='lat' dir='ltr'>e</span> <span class='ocrx_word' id='word_1_560' title='bbox 2071 3129 2299 3185; x_wconf 91' lang='lat' dir='ltr'>corpore</span> <span class='ocrx_word' id='word_1_561' title='bbox 2341 3115 2397 3169; x_wconf 91' lang='lat' dir='ltr'>in</span> <span class='ocrx_word' id='word_1_562' title='bbox 2445 3132 2646 3187; x_wconf 87' lang='lat' dir='ltr'>corpus</span> <span class='ocrx_word' id='word_1_563' title='bbox 2697 3117 2946 3175; x_wconf 89' lang='lat' dir='ltr'>funditus</span> <span class='ocrx_word' id='word_1_564' title='bbox 2987 3119 3297 3177; x_wconf 80' lang='lat' dir='ltr'>labefactat.</span> <span class='ocrx_word' id='word_1_565' title='bbox 3351 3122 3507 3189; x_wconf 86' lang='lat' dir='ltr'>Quod</span> <span class='ocrx_word' id='word_1_566' title='bbox 3553 3129 3600 3180; x_wconf 89' lang='lat' dir='ltr'>si</span> 
     </span>
    </p>
   </div>
   <div class='ocr_carea' id='block_1_73' title="bbox 2006 3206 3598 3284">
    <p class='ocr_par' dir='ltr' id='par_1_73' title="bbox 2006 3206 3598 3284">
     <span class='ocr_line' id='line_1_73' title="bbox 2006 3206 3598 3284; baseline 0.007 -24"><span class='ocrx_word' id='word_1_567' title='bbox 2006 3206 2100 3277; x_wconf 94' lang='lat' dir='ltr'>qui</span> <span class='ocrx_word' id='word_1_568' title='bbox 2129 3206 2419 3261; x_wconf 90' lang='lat' dir='ltr'>transitum</span> <span class='ocrx_word' id='word_1_569' title='bbox 2447 3209 2756 3263; x_wconf 89' lang='lat' dir='ltr'>animarum</span> <span class='ocrx_word' id='word_1_570' title='bbox 2792 3210 2848 3264; x_wconf 89' lang='lat' dir='ltr'>in</span> <span class='ocrx_word' id='word_1_571' title='bbox 2885 3211 3033 3266; x_wconf 87' lang='lat' dir='ltr'>varia</span> <span class='ocrx_word' id='word_1_572' title='bbox 3063 3228 3289 3284; x_wconf 85' lang='lat' dir='ltr'>corpora</span> <span class='ocrx_word' id='word_1_573' title='bbox 3334 3215 3598 3273; x_wconf 83' lang='lat' dir='ltr'>invehunt</span> 
     </span>
    </p>
   </div>
   <div class='ocr_carea' id='block_1_74' title="bbox 2001 3299 3596 3375">
    <p class='ocr_par' dir='ltr' id='par_1_74' title="bbox 2001 3299 3596 3375">
     <span class='ocr_line' id='line_1_74' title="bbox 2001 3299 3596 3375; baseline 0.007 -21"><span class='ocrx_word' id='word_1_574' title='bbox 2001 3299 2227 3365; x_wconf 88' lang='lat' dir='ltr'>ethnici,</span> <span class='ocrx_word' id='word_1_575' title='bbox 2249 3306 2434 3370; x_wconf 89' lang='lat' dir='ltr'>utpote</span> <span class='ocrx_word' id='word_1_576' title='bbox 2452 3311 2815 3357; x_wconf 76' lang='lat' dir='ltr'>consentanea</span> <span class='ocrx_word' id='word_1_577' title='bbox 2830 3303 3091 3360; x_wconf 71' lang='lat' dir='ltr'>doctrina:</span> <span class='ocrx_word' id='word_1_578' title='bbox 3112 3305 3241 3363; x_wconf 87' lang='lat' dir='ltr'>huic</span> <span class='ocrx_word' id='word_1_579' title='bbox 3267 3317 3596 3375; x_wconf 81' lang='lat' dir='ltr'>astruentes,</span> 
     </span>
    </p>
   </div>
   <div class='ocr_carea' id='block_1_75' title="bbox 2001 3391 3599 3471">
    <p class='ocr_par' dir='ltr' id='par_1_75' title="bbox 2001 3391 3599 3471">
     <span class='ocr_line' id='line_1_75' title="bbox 2001 3391 3599 3471; baseline 0.008 -27"><span class='ocrx_word' id='word_1_580' title='bbox 2001 3391 2195 3445; x_wconf 90' lang='lat' dir='ltr'>mundi</span> <span class='ocrx_word' id='word_1_581' title='bbox 2231 3391 2506 3446; x_wconf 89' lang='lat' dir='ltr'>interitum</span> <span class='ocrx_word' id='word_1_582' title='bbox 2536 3397 2844 3450; x_wconf 88' lang='lat' dir='ltr'>necessario</span> <span class='ocrx_word' id='word_1_583' title='bbox 2869 3412 2976 3450; x_wconf 88' lang='lat' dir='ltr'>non</span> <span class='ocrx_word' id='word_1_584' title='bbox 3002 3397 3319 3464; x_wconf 84' lang='lat' dir='ltr'>admittunt,</span> <span class='ocrx_word' id='word_1_585' title='bbox 3349 3412 3599 3471; x_wconf 84' lang='lat' dir='ltr'>superest</span> 
     </span>
    </p>
   </div>
   <div class='ocr_carea' id='block_1_76' title="bbox 2001 3482 3598 3554">
    <p class='ocr_par' dir='ltr' id='par_1_76' title="bbox 2001 3482 3598 3554">
     <span class='ocr_line' id='line_1_76' title="bbox 2001 3482 3598 3554; baseline 0.006 -16"><span class='ocrx_word' id='word_1_586' title='bbox 2001 3495 2084 3548; x_wconf 91' lang='lat' dir='ltr'>ut,</span> <span class='ocrx_word' id='word_1_587' title='bbox 2101 3492 2389 3554; x_wconf 89' lang='lat' dir='ltr'>postquam</span> <span class='ocrx_word' id='word_1_588' title='bbox 2412 3482 2709 3553; x_wconf 91' lang='lat' dir='ltr'>Scripturis</span> <span class='ocrx_word' id='word_1_589' title='bbox 2731 3487 2920 3541; x_wconf 88' lang='lat' dir='ltr'>mundi</span> <span class='ocrx_word' id='word_1_590' title='bbox 2946 3503 3202 3545; x_wconf 88' lang='lat' dir='ltr'>occasum</span> <span class='ocrx_word' id='word_1_591' title='bbox 3229 3491 3598 3547; x_wconf 86' lang='lat' dir='ltr'>asserentibus</span> 
     </span>
    </p>
   </div>
   <div class='ocr_carea' id='block_1_77' title="bbox 2001 3575 3588 3647">
    <p class='ocr_par' dir='ltr' id='par_1_77' title="bbox 2001 3575 3588 3647">
     <span class='ocr_line' id='line_1_77' title="bbox 2001 3575 3588 3647; baseline 0.004 -17"><span class='ocrx_word' id='word_1_592' title='bbox 2001 3576 2184 3645; x_wconf 89' lang='lat' dir='ltr'>palam</span> <span class='ocrx_word' id='word_1_593' title='bbox 2214 3575 2471 3647; x_wconf 81' lang='lat' dir='ltr'>rcfragati</span> <span class='ocrx_word' id='word_1_594' title='bbox 2505 3576 2728 3644; x_wconf 87' lang='lat' dir='ltr'>fuerint,</span> <span class='ocrx_word' id='word_1_595' title='bbox 2755 3580 2836 3633; x_wconf 88' lang='lat' dir='ltr'>vel</span> <span class='ocrx_word' id='word_1_596' title='bbox 2885 3580 3043 3635; x_wconf 82' lang='lat' dir='ltr'>fidem</span> <span class='ocrx_word' id='word_1_597' title='bbox 3077 3582 3144 3637; x_wconf 88' lang='lat' dir='ltr'>iis</span> <span class='ocrx_word' id='word_1_598' title='bbox 3187 3596 3297 3636; x_wconf 89' lang='lat' dir='ltr'>non</span> <span class='ocrx_word' id='word_1_599' title='bbox 3329 3582 3588 3647; x_wconf 80' lang='lat' dir='ltr'>habeant,</span> 
     </span>
    </p>
   </div>
   <div class='ocr_carea' id='block_1_78' title="bbox 1997 3668 3591 3741">
    <p class='ocr_par' dir='ltr' id='par_1_78' title="bbox 1997 3668 3591 3741">
     <span class='ocr_line' id='line_1_78' title="bbox 1997 3668 3591 3741; baseline 0.005 -21"><span class='ocrx_word' id='word_1_600' title='bbox 1997 3668 2085 3722; x_wconf 80' lang='lat' dir='ltr'>vel</span> <span class='ocrx_word' id='word_1_601' title='bbox 2127 3671 2290 3723; x_wconf 90' lang='lat' dir='ltr'>verba</span> <span class='ocrx_word' id='word_1_602' title='bbox 2322 3670 2598 3739; x_wconf 85' lang='lat' dir='ltr'>reperiant</span> <span class='ocrx_word' id='word_1_603' title='bbox 2624 3671 2827 3740; x_wconf 90' lang='lat' dir='ltr'>quibus</span> <span class='ocrx_word' id='word_1_604' title='bbox 2876 3687 2938 3726; x_wconf 89' lang='lat' dir='ltr'>ea</span> <span class='ocrx_word' id='word_1_605' title='bbox 2973 3689 3097 3741; x_wconf 82' lang='lat' dir='ltr'>quae</span> <span class='ocrx_word' id='word_1_606' title='bbox 3127 3674 3194 3728; x_wconf 87' lang='lat' dir='ltr'>ad</span> <span class='ocrx_word' id='word_1_607' title='bbox 3241 3689 3591 3730; x_wconf 85' lang='lat' dir='ltr'>consumma-</span> 
     </span>
    </p>
   </div>
   <div class='ocr_carea' id='block_1_79' title="bbox 1999 3761 3596 3836">
    <p class='ocr_par' dir='ltr' id='par_1_79' title="bbox 1999 3761 3596 3836">
     <span class='ocr_line' id='line_1_79' title="bbox 1999 3761 3596 3836; baseline 0.004 -20"><span class='ocrx_word' id='word_1_608' title='bbox 1999 3761 2201 3816; x_wconf 89' lang='lat' dir='ltr'>tionem</span> <span class='ocrx_word' id='word_1_609' title='bbox 2259 3763 2535 3832; x_wconf 88' lang='lat' dir='ltr'>pertinent</span> <span class='ocrx_word' id='word_1_610' title='bbox 2584 3764 2858 3834; x_wconf 87' lang='lat' dir='ltr'>cxplicare</span> <span class='ocrx_word' id='word_1_611' title='bbox 2908 3766 3166 3835; x_wconf 89' lang='lat' dir='ltr'>possint,</span> <span class='ocrx_word' id='word_1_612' title='bbox 3211 3767 3356 3836; x_wconf 90' lang='lat' dir='ltr'>quod</span> <span class='ocrx_word' id='word_1_613' title='bbox 3411 3767 3596 3823; x_wconf 86' lang='lat' dir='ltr'>facere</span> 
     </span>
    </p>
   </div>
   <div class='ocr_carea' id='block_1_80' title="bbox 1999 3854 3596 3924">
    <p class='ocr_par' dir='ltr' id='par_1_80' title="bbox 1999 3854 3596 3924">
     <span class='ocr_line' id='line_1_80' title="bbox 1999 3854 3596 3924; baseline 0.004 -17"><span class='ocrx_word' id='word_1_614' title='bbox 1999 3854 2318 3923; x_wconf 89' lang='lat' dir='ltr'>neutiquam</span> <span class='ocrx_word' id='word_1_615' title='bbox 2349 3862 2627 3924; x_wconf 90' lang='lat' dir='ltr'>poterunt,</span> <span class='ocrx_word' id='word_1_616' title='bbox 2658 3855 2873 3911; x_wconf 90' lang='lat' dir='ltr'>etiamsi</span> <span class='ocrx_word' id='word_1_617' title='bbox 2923 3857 3111 3911; x_wconf 87' lang='lat' dir='ltr'>velint.</span> <span class='ocrx_word' id='word_1_618' title='bbox 3148 3856 3414 3913; x_wconf 66' lang='lat' dir='ltr'>Praeterea</span> <span class='ocrx_word' id='word_1_619' title='bbox 3460 3876 3596 3915; x_wconf 90' lang='lat' dir='ltr'>vero</span> 
     </span>
    </p>
   </div>
   <div class='ocr_carea' id='block_1_81' title="bbox 2002 3945 3647 4018">
    <p class='ocr_par' dir='ltr' id='par_1_81' title="bbox 2002 3945 3647 4018">
     <span class='ocr_line' id='line_1_81' title="bbox 2002 3945 3647 4018; baseline 0.004 -17"><span class='ocrx_word' id='word_1_620' title='bbox 2002 3954 2056 4001; x_wconf 90' lang='lat' dir='ltr'>et</span> <span class='ocrx_word' id='word_1_621' title='bbox 2081 3945 2212 4001; x_wconf 91' lang='lat' dir='ltr'>illud</span> <span class='ocrx_word' id='word_1_622' title='bbox 2245 3946 2313 4002; x_wconf 90' lang='lat' dir='ltr'>iis</span> <span class='ocrx_word' id='word_1_623' title='bbox 2344 3946 2437 4016; x_wconf 87' lang='lat' dir='ltr'>qui</span> <span class='ocrx_word' id='word_1_624' title='bbox 2468 3946 2730 4001; x_wconf 90' lang='lat' dir='ltr'>mundum</span> <span class='ocrx_word' id='word_1_625' title='bbox 2761 3947 2987 4003; x_wconf 88' lang='lat' dir='ltr'>minime</span> <span class='ocrx_word' id='word_1_626' title='bbox 3020 3949 3318 4018; x_wconf 86' lang='lat' dir='ltr'>periturum</span> <span class='ocrx_word' id='word_1_627' title='bbox 3347 3950 3597 4008; x_wconf 77' lang='lat' dir='ltr'>scisrunt</span> <span class='ocrx_word' id='word_1_628' title='bbox 3630 3946 3647 3956; x_wconf 71' lang='grc'><strong>“</strong></span> 
     </span>
    </p>
   </div>
   <div class='ocr_carea' id='block_1_82' title="bbox 1999 4036 3597 4111">
    <p class='ocr_par' dir='ltr' id='par_1_82' title="bbox 1999 4036 3597 4111">
     <span class='ocr_line' id='line_1_82' title="bbox 1999 4036 3597 4111; baseline 0.002 -20"><span class='ocrx_word' id='word_1_629' title='bbox 1999 4037 2271 4104; x_wconf 91' lang='lat' dir='ltr'>dicemus,</span> <span class='ocrx_word' id='word_1_630' title='bbox 2301 4036 2472 4092; x_wconf 91' lang='lat' dir='ltr'>Deum</span> <span class='ocrx_word' id='word_1_631' title='bbox 2505 4051 2613 4091; x_wconf 91' lang='lat' dir='ltr'>non</span> <span class='ocrx_word' id='word_1_632' title='bbox 2646 4037 2828 4092; x_wconf 89' lang='lat' dir='ltr'>omnia</span> <span class='ocrx_word' id='word_1_633' title='bbox 2861 4049 3153 4106; x_wconf 82' lang='lat' dir='ltr'>antequam</span> <span class='ocrx_word' id='word_1_634' title='bbox 3187 4039 3319 4093; x_wconf 85' lang='lat' dir='ltr'>ﬁant</span> <span class='ocrx_word' id='word_1_635' title='bbox 3344 4042 3597 4111; x_wconf 78' lang='lat' dir='ltr'>cognitu-</span> 
     </span>
    </p>
   </div>
   <div class='ocr_carea' id='block_1_83' title="bbox 2000 4128 3596 4203">
    <p class='ocr_par' dir='ltr' id='par_1_83' title="bbox 2000 4128 3596 4203">
     <span class='ocr_line' id='line_1_83' title="bbox 2000 4128 3596 4203; baseline 0.003 -21"><span class='ocrx_word' id='word_1_636' title='bbox 2000 4144 2146 4194; x_wconf 90' lang='lat' dir='ltr'>rum,</span> <span class='ocrx_word' id='word_1_637' title='bbox 2176 4129 2223 4185; x_wconf 92' lang='lat' dir='ltr'>si</span> <span class='ocrx_word' id='word_1_638' title='bbox 2259 4129 2497 4186; x_wconf 92' lang='lat' dir='ltr'>mundus</span> <span class='ocrx_word' id='word_1_639' title='bbox 2522 4144 2629 4184; x_wconf 92' lang='lat' dir='ltr'>non</span> <span class='ocrx_word' id='word_1_640' title='bbox 2666 4128 2929 4196; x_wconf 90' lang='lat' dir='ltr'>interibit,</span> <span class='ocrx_word' id='word_1_641' title='bbox 2964 4132 3057 4186; x_wconf 89' lang='lat' dir='ltr'>sed</span> <span class='ocrx_word' id='word_1_642' title='bbox 3081 4131 3135 4186; x_wconf 90' lang='lat' dir='ltr'>in</span> <span class='ocrx_word' id='word_1_643' title='bbox 3169 4131 3439 4187; x_wconf 85' lang='lat' dir='ltr'>infinitum</span> <span class='ocrx_word' id='word_1_644' title='bbox 3472 4147 3596 4203; x_wconf 57' lang='lat' dir='ltr'>per.</span> 
     </span>
    </p>
   </div>
   <div class='ocr_carea' id='block_1_84' title="bbox 1514 4262 2364 4322">
    <p class='ocr_par' dir='ltr' id='par_1_84' title="bbox 1514 4262 2364 4322">
     <span class='ocr_line' id='line_1_84' title="bbox 1514 4262 2364 4322; baseline 0.001 -2"><span class='ocrx_word' id='word_1_645' title='bbox 1514 4262 1740 4320; x_wconf 85' lang='lat' dir='ltr'>VETUS</span> <span class='ocrx_word' id='word_1_646' title='bbox 1774 4262 2364 4322; x_wconf 80' lang='lat' dir='ltr'>lN&#39;IERPIlETATIO.</span> 
     </span>
    </p>
   </div>
   <div class='ocr_carea' id='block_1_85' title="bbox 301 4379 3591 4460">
    <p class='ocr_par' dir='ltr' id='par_1_85' title="bbox 301 4379 3591 4460">
     <span class='ocr_line' id='line_1_85' title="bbox 301 4379 3591 4460; baseline -0.002 -14"><span class='ocrx_word' id='word_1_647' title='bbox 301 4402 444 4460; x_wconf 81' lang='lat' dir='ltr'>opus</span> <span class='ocrx_word' id='word_1_648' title='bbox 464 4386 1003 4460; x_wconf 81' lang='lat' dir='ltr'>transﬁgurationem</span> <span class='ocrx_word' id='word_1_649' title='bbox 1037 4382 1341 4451; x_wconf 85' lang='lat' dir='ltr'>suscipere?</span> <span class='ocrx_word' id='word_1_650' title='bbox 1363 4379 1794 4460; x_wconf 12' lang='lat' dir='ltr'>’i‘antumretsir.</span> <span class='ocrx_word' id='word_1_651' title='bbox 1819 4397 1929 4460; x_wconf 73' lang='lat' dir='ltr'>una</span> <span class='ocrx_word' id='word_1_652' title='bbox 1953 4381 2191 4460; x_wconf 73' lang='lat' dir='ltr'>quadam</span> <span class='ocrx_word' id='word_1_653' title='bbox 2225 4383 2656 4460; x_wconf 71' lang='lat' dir='ltr'>animasemper</span> <span class='ocrx_word' id='word_1_654' title='bbox 2676 4400 2744 4439; x_wconf 79' lang='lat' dir='ltr'>ex</span> <span class='ocrx_word' id='word_1_655' title='bbox 2769 4385 2990 4460; x_wconf 84' lang='lat' dir='ltr'>definito</span> <span class='ocrx_word' id='word_1_656' title='bbox 3024 4400 3253 4460; x_wconf 83' lang='lat' dir='ltr'>numero</span> <span class='ocrx_word' id='word_1_657' title='bbox 3285 4384 3591 4460; x_wconf 79' lang='lat' dir='ltr'>animarum</span> 
     </span>
    </p>
   </div>
   <div class='ocr_carea' id='block_1_86' title="bbox 303 4451 3589 4527">
    <p class='ocr_par' dir='ltr' id='par_1_86' title="bbox 303 4451 3589 4527">
     <span class='ocr_line' id='line_1_86' title="bbox 303 4451 3589 4527; baseline -0.002 -10"><span class='ocrx_word' id='word_1_658' title='bbox 303 4451 592 4524; x_wconf 65' lang='lat' dir='ltr'>translata,</span> <span class='ocrx_word' id='word_1_659' title='bbox 634 4451 692 4513; x_wconf 72' lang='lat' dir='ltr'>et</span> <span class='ocrx_word' id='word_1_660' title='bbox 711 4458 824 4527; x_wconf 86' lang='lat' dir='ltr'>jam</span> <span class='ocrx_word' id='word_1_661' title='bbox 850 4471 967 4527; x_wconf 77' lang='lat' dir='ltr'>non</span> <span class='ocrx_word' id='word_1_662' title='bbox 994 4460 1300 4527; x_wconf 77' lang='lat' dir='ltr'>revertente</span> <span class='ocrx_word' id='word_1_663' title='bbox 1329 4453 1395 4506; x_wconf 87' lang='lat' dir='ltr'>ad</span> <span class='ocrx_word' id='word_1_664' title='bbox 1424 4465 1648 4527; x_wconf 81' lang='lat' dir='ltr'>corpus.</span> <span class='ocrx_word' id='word_1_665' title='bbox 1675 4451 1888 4527; x_wconf 72' lang='lat' dir='ltr'>deficiet</span> <span class='ocrx_word' id='word_1_666' title='bbox 1918 4452 2218 4522; x_wconf 87' lang='lat' dir='ltr'>aliquando</span> <span class='ocrx_word' id='word_1_667' title='bbox 2256 4469 2354 4522; x_wconf 87' lang='lat' dir='ltr'>per</span> <span class='ocrx_word' id='word_1_668' title='bbox 2384 4451 2576 4524; x_wconf 77' lang='lat' dir='ltr'>aliqua</span> <span class='ocrx_word' id='word_1_669' title='bbox 2591 4456 3015 4527; x_wconf 88' lang='lat' dir='ltr'>innumerabilia</span> <span class='ocrx_word' id='word_1_670' title='bbox 3064 4456 3263 4511; x_wconf 67' lang='lat' dir='ltr'>smcula</span> <span class='ocrx_word' id='word_1_671' title='bbox 3286 4456 3589 4527; x_wconf 87' lang='lat' dir='ltr'>_nativitas.</span> 
     </span>
    </p>
   </div>
   <div class='ocr_carea' id='block_1_87' title="bbox 304 4521 3594 4595">
    <p class='ocr_par' dir='ltr' id='par_1_87' title="bbox 304 4521 3594 4595">
     <span class='ocr_line' id='line_1_87' title="bbox 304 4521 3594 4595; baseline -0.002 -9"><span class='ocrx_word' id='word_1_672' title='bbox 304 4529 514 4586; x_wconf 86' lang='lat' dir='ltr'>mundo</span> <span class='ocrx_word' id='word_1_673' title='bbox 546 4521 766 4583; x_wconf 74' lang='lat' dir='ltr'>redacto</span> <span class='ocrx_word' id='word_1_674' title='bbox 796 4524 862 4580; x_wconf 85' lang='lat' dir='ltr'>ad</span> <span class='ocrx_word' id='word_1_675' title='bbox 897 4540 1065 4579; x_wconf 85' lang='lat' dir='ltr'>unum</span> <span class='ocrx_word' id='word_1_676' title='bbox 1105 4524 1365 4595; x_wconf 81' lang='lat' dir='ltr'>aliquem,</span> <span class='ocrx_word' id='word_1_677' title='bbox 1402 4522 1484 4578; x_wconf 91' lang='lat' dir='ltr'>vel</span> <span class='ocrx_word' id='word_1_678' title='bbox 1519 4521 1787 4595; x_wconf 79' lang='lat' dir='ltr'>duos,_vel</span> <span class='ocrx_word' id='word_1_679' title='bbox 1823 4530 1952 4589; x_wconf 90' lang='lat' dir='ltr'>tres;</span> <span class='ocrx_word' id='word_1_680' title='bbox 1981 4521 2107 4595; x_wconf 78' lang='lat' dir='ltr'>post</span> <span class='ocrx_word' id='word_1_681' title='bbox 2140 4521 2280 4595; x_wconf 82' lang='lat' dir='ltr'>quos</span> <span class='ocrx_word' id='word_1_682' title='bbox 2311 4540 2436 4579; x_wconf 91' lang='lat' dir='ltr'>cum</span> <span class='ocrx_word' id='word_1_683' title='bbox 2468 4521 2522 4579; x_wconf 82' lang='lat' dir='ltr'>et</span> <span class='ocrx_word' id='word_1_684' title='bbox 2556 4527 2657 4595; x_wconf 85' lang='lat' dir='ltr'>ipsi</span> <span class='ocrx_word' id='word_1_685' title='bbox 2694 4526 2899 4581; x_wconf 86' lang='lat' dir='ltr'>fuerint</span> <span class='ocrx_word' id='word_1_686' title='bbox 2928 4534 3151 4595; x_wconf 88' lang='lat' dir='ltr'>propter</span> <span class='ocrx_word' id='word_1_687' title='bbox 3178 4524 3473 4595; x_wconf 83' lang='lat' dir='ltr'>perfectam</span> <span class='ocrx_word' id='word_1_688' title='bbox 3498 4527 3594 4594; x_wconf 87' lang='lat' dir='ltr'>ju-</span> 
     </span>
    </p>
   </div>
   <div class='ocr_carea' id='block_1_88' title="bbox 302 4591 3593 4666">
    <p class='ocr_par' dir='ltr' id='par_1_88' title="bbox 302 4591 3593 4666">
     <span class='ocr_line' id='line_1_88' title="bbox 302 4591 3593 4666; baseline -0.002 -9"><span class='ocrx_word' id='word_1_689' title='bbox 302 4601 509 4657; x_wconf 84' lang='lat' dir='ltr'>stitiam</span> <span class='ocrx_word' id='word_1_690' title='bbox 546 4614 700 4653; x_wconf 90' lang='lat' dir='ltr'>suam</span> <span class='ocrx_word' id='word_1_691' title='bbox 731 4595 1118 4650; x_wconf 88' lang='lat' dir='ltr'>irrevcrtibiles</span> <span class='ocrx_word' id='word_1_692' title='bbox 1159 4591 1308 4655; x_wconf 79' lang='lat' dir='ltr'>facti,</span> <span class='ocrx_word' id='word_1_693' title='bbox 1344 4591 1823 4666; x_wconf 76' lang='lat' dir='ltr'>consummabitur</span> <span class='ocrx_word' id='word_1_694' title='bbox 1854 4591 2114 4666; x_wconf 78' lang='lat' dir='ltr'>mundus,</span> <span class='ocrx_word' id='word_1_695' title='bbox 2147 4591 2527 4666; x_wconf 75' lang='lat' dir='ltr'>deficientibus</span> <span class='ocrx_word' id='word_1_696' title='bbox 2554 4591 2807 4651; x_wconf 68' lang='lat' dir='ltr'>videlicet</span> <span class='ocrx_word' id='word_1_697' title='bbox 2839 4591 2940 4666; x_wconf 84' lang='lat' dir='ltr'>qui</span> <span class='ocrx_word' id='word_1_698' title='bbox 2968 4591 3312 4652; x_wconf 66' lang='lat' dir='ltr'>revertantur</span> <span class='ocrx_word' id='word_1_699' title='bbox 3356 4596 3423 4653; x_wconf 89' lang='lat' dir='ltr'>ad</span> <span class='ocrx_word' id='word_1_700' title='bbox 3466 4591 3593 4653; x_wconf 81' lang='lat' dir='ltr'>cor-</span> 
     </span>
    </p>
   </div>
   <div class='ocr_carea' id='block_1_89' title="bbox 301 4661 3591 4742">
    <p class='ocr_par' dir='ltr' id='par_1_89' title="bbox 301 4661 3591 4742">
     <span class='ocr_line' id='line_1_89' title="bbox 301 4661 3591 4742; baseline -0.001 -17"><span class='ocrx_word' id='word_1_701' title='bbox 301 4688 429 4742; x_wconf 88' lang='lat' dir='ltr'>pus.</span> <span class='ocrx_word' id='word_1_702' title='bbox 464 4668 618 4735; x_wconf 85' lang='lat' dir='ltr'>Quod</span> <span class='ocrx_word' id='word_1_703' title='bbox 648 4667 1055 4742; x_wconf 75' lang='lat' dir='ltr'>Scripturarum</span> <span class='ocrx_word' id='word_1_704' title='bbox 1092 4680 1200 4718; x_wconf 90' lang='lat' dir='ltr'>non</span> <span class='ocrx_word' id='word_1_705' title='bbox 1228 4666 1406 4742; x_wconf 75' lang='lat' dir='ltr'>placet</span> <span class='ocrx_word' id='word_1_706' title='bbox 1430 4661 1701 4742; x_wconf 69' lang='lat' dir='ltr'>veritati:</span> <span class='ocrx_word' id='word_1_707' title='bbox 1728 4662 1913 4742; x_wconf 77' lang='lat' dir='ltr'>sciunt</span> <span class='ocrx_word' id='word_1_708' title='bbox 1934 4662 2077 4742; x_wconf 77' lang='lat' dir='ltr'>enim</span> <span class='ocrx_word' id='word_1_709' title='bbox 2116 4663 2523 4742; x_wconf 70' lang='lat' dir='ltr'>multitudinem</span> <span class='ocrx_word' id='word_1_710' title='bbox 2550 4661 2900 4742; x_wconf 51' lang='lat' dir='ltr'>peccatorum</span> <span class='ocrx_word' id='word_1_711' title='bbox 2929 4682 3051 4722; x_wconf 90' lang='lat' dir='ltr'>esse</span> <span class='ocrx_word' id='word_1_712' title='bbox 3099 4666 3515 4742; x_wconf 72' lang='lat' dir='ltr'>inveniendam__</span> <span class='ocrx_word' id='word_1_713' title='bbox 3536 4669 3591 4723; x_wconf 89' lang='lat' dir='ltr'>in</span> 
     </span>
    </p>
   </div>
   <div class='ocr_carea' id='block_1_90' title="bbox 303 4731 3590 4809">
    <p class='ocr_par' dir='ltr' id='par_1_90' title="bbox 303 4731 3590 4809">
     <span class='ocr_line' id='line_1_90' title="bbox 303 4731 3590 4809; baseline -0.001 -14"><span class='ocrx_word' id='word_1_714' title='bbox 303 4731 554 4809; x_wconf 70' lang='lat' dir='ltr'>tempore</span> <span class='ocrx_word' id='word_1_715' title='bbox 594 4731 1115 4809; x_wconf 63' lang='lat' dir='ltr'>consummationis,</span> <span class='ocrx_word' id='word_1_716' title='bbox 1146 4731 1446 4790; x_wconf 84' lang='lat' dir='ltr'>secundum</span> <span class='ocrx_word' id='word_1_717' title='bbox 1477 4734 1621 4803; x_wconf 81' lang='lat' dir='ltr'>quod</span> <span class='ocrx_word' id='word_1_718' title='bbox 1647 4731 1773 4809; x_wconf 74' lang='lat' dir='ltr'>ipse</span> <span class='ocrx_word' id='word_1_719' title='bbox 1797 4731 2064 4809; x_wconf 79' lang='lat' dir='ltr'>Dominus</span> <span class='ocrx_word' id='word_1_720' title='bbox 2091 4731 2627 4809; x_wconf 70' lang='lat' dir='ltr'>manifestatdieens</span> <span class='ocrx_word' id='word_1_721' title='bbox 2648 4754 2676 4809; x_wconf 91' lang='lat'>_:</span> <span class='ocrx_word' id='word_1_722' title='bbox 2718 4756 2736 4788; x_wconf 81' lang='grc' dir='ltr'>ι</span> <span class='ocrx_word' id='word_1_723' title='bbox 2779 4736 2986 4809; x_wconf 58' lang='lat' dir='ltr'>Tamen</span> <span class='ocrx_word' id='word_1_724' title='bbox 3016 4753 3142 4809; x_wconf 86' lang='lat' dir='ltr'>cum</span> <span class='ocrx_word' id='word_1_725' title='bbox 3174 4739 3380 4809; x_wconf 82' lang='lat' dir='ltr'>venerit</span> <span class='ocrx_word' id='word_1_726' title='bbox 3414 4736 3590 4809; x_wconf 73' lang='lat' dir='ltr'>Fiiins</span> 
     </span>
    </p>
   </div>
   <div class='ocr_carea' id='block_1_91' title="bbox 304 4801 3587 4879">
    <p class='ocr_par' dir='ltr' id='par_1_91' title="bbox 304 4801 3587 4879">
     <span class='ocr_line' id='line_1_91' title="bbox 304 4801 3587 4879; baseline -0.001 -14"><span class='ocrx_word' id='word_1_727' title='bbox 304 4801 568 4874; x_wconf 69' lang='lat' dir='ltr'>hominis,</span> <span class='ocrx_word' id='word_1_728' title='bbox 598 4819 760 4879; x_wconf 88' lang='lat' dir='ltr'>putas</span> <span class='ocrx_word' id='word_1_729' title='bbox 784 4806 1024 4879; x_wconf 76' lang='lat' dir='ltr'>inveniet</span> <span class='ocrx_word' id='word_1_730' title='bbox 1046 4804 1208 4859; x_wconf 77' lang='lat' dir='ltr'>fidem</span> <span class='ocrx_word' id='word_1_731' title='bbox 1243 4801 1670 4879; x_wconf 32' lang='lat' dir='ltr'>super‘terram?</span> <span class='ocrx_word' id='word_1_732' title='bbox 1702 4820 1719 4851; x_wconf 74' lang='grc' dir='ltr'>ι</span> <span class='ocrx_word' id='word_1_733' title='bbox 1756 4801 1885 4879; x_wconf 83' lang='lat' dir='ltr'>Item</span> <span class='ocrx_word' id='word_1_734' title='bbox 1918 4804 2047 4857; x_wconf 86' lang='lat' dir='ltr'>alibi</span> <span class='ocrx_word' id='word_1_735' title='bbox 2085 4823 2098 4858; x_wconf 91' lang='lat'>:</span> <span class='ocrx_word' id='word_1_736' title='bbox 2132 4803 2336 4879; x_wconf 64' lang='lat' dir='ltr'>g_$i0ut</span> <span class='ocrx_word' id='word_1_737' title='bbox 2361 4804 2463 4859; x_wconf 88' lang='lat' dir='ltr'>luit</span> <span class='ocrx_word' id='word_1_738' title='bbox 2483 4806 2536 4879; x_wconf 85' lang='lat' dir='ltr'>in</span> <span class='ocrx_word' id='word_1_739' title='bbox 2558 4807 2752 4863; x_wconf 86' lang='lat' dir='ltr'>diebus</span> <span class='ocrx_word' id='word_1_740' title='bbox 2777 4805 2911 4872; x_wconf 88' lang='lat' dir='ltr'>Noe,</span> <span class='ocrx_word' id='word_1_741' title='bbox 2937 4808 3009 4862; x_wconf 92' lang='lat' dir='ltr'>ita</span> <span class='ocrx_word' id='word_1_742' title='bbox 3038 4807 3143 4861; x_wconf 88' lang='lat' dir='ltr'>erit</span> <span class='ocrx_word' id='word_1_743' title='bbox 3172 4807 3446 4879; x_wconf 80' lang='lat' dir='ltr'>adventus</span> <span class='ocrx_word' id='word_1_744' title='bbox 3466 4807 3587 4862; x_wconf 86' lang='lat' dir='ltr'>Filii</span> 
     </span>
    </p>
   </div>
   <div class='ocr_carea' id='block_1_92' title="bbox 307 4871 3592 4947">
    <p class='ocr_par' dir='ltr' id='par_1_92' title="bbox 307 4871 3592 4947">
     <span class='ocr_line' id='line_1_92' title="bbox 307 4871 3592 4947; baseline -0 -12"><span class='ocrx_word' id='word_1_745' title='bbox 307 4871 569 4935; x_wconf 71' lang='lat' dir='ltr'>hominis.</span> <span class='ocrx_word' id='word_1_746' title='bbox 603 4871 763 4933; x_wconf 84' lang='lat' dir='ltr'>Sicut</span> <span class='ocrx_word' id='word_1_747' title='bbox 791 4878 935 4932; x_wconf 89' lang='lat' dir='ltr'>enim</span> <span class='ocrx_word' id='word_1_748' title='bbox 966 4871 1343 4947; x_wconf 13' lang='lat' dir='ltr'>fueruntiante</span> <span class='ocrx_word' id='word_1_749' title='bbox 1374 4873 1639 4947; x_wconf 84' lang='lat' dir='ltr'>diluvium</span> <span class='ocrx_word' id='word_1_750' title='bbox 1684 4871 2109 4947; x_wconf 83' lang='lat' dir='ltr'>manducantes,_</span> <span class='ocrx_word' id='word_1_751' title='bbox 2131 4875 2404 4947; x_wconf 86' lang='lat' dir='ltr'>bibentes,</span> <span class='ocrx_word' id='word_1_752' title='bbox 2433 4878 2722 4941; x_wconf 84' lang='lat' dir='ltr'>nubentes,</span> <span class='ocrx_word' id='word_1_753' title='bbox 2746 4887 2800 4933; x_wconf 92' lang='lat' dir='ltr'>et</span> <span class='ocrx_word' id='word_1_754' title='bbox 2830 4871 3059 4947; x_wconf 86' lang='lat' dir='ltr'>nuptum</span> <span class='ocrx_word' id='word_1_755' title='bbox 3093 4877 3387 4939; x_wconf 87' lang='lat' dir='ltr'>tradentes,</span> <span class='ocrx_word' id='word_1_756' title='bbox 3418 4877 3592 4934; x_wconf 87' lang='lat' dir='ltr'>donec</span> 
     </span>
    </p>
   </div>
   <div class='ocr_carea' id='block_1_93' title="bbox 303 4942 3588 5017">
    <p class='ocr_par' dir='ltr' id='par_1_93' title="bbox 303 4942 3588 5017">
     <span class='ocr_line' id='line_1_93' title="bbox 303 4942 3588 5017; baseline -0.001 -11"><span class='ocrx_word' id='word_1_757' title='bbox 303 4950 534 5006; x_wconf 85' lang='lat' dir='ltr'>intravit</span> <span class='ocrx_word' id='word_1_758' title='bbox 551 4950 663 5004; x_wconf 84' lang='lat' dir='ltr'>Noe</span> <span class='ocrx_word' id='word_1_759' title='bbox 696 4951 749 5002; x_wconf 90' lang='lat' dir='ltr'>in</span> <span class='ocrx_word' id='word_1_760' title='bbox 782 4962 989 5002; x_wconf 87' lang='lat' dir='ltr'>arcam.</span> <span class='ocrx_word' id='word_1_761' title='bbox 1012 4955 1066 4999; x_wconf 90' lang='lat' dir='ltr'>et</span> <span class='ocrx_word' id='word_1_762' title='bbox 1094 4945 1242 5017; x_wconf 89' lang='lat' dir='ltr'>venit</span> <span class='ocrx_word' id='word_1_763' title='bbox 1269 4944 1558 5017; x_wconf 83' lang='lat' dir='ltr'>diluvium,</span> <span class='ocrx_word' id='word_1_764' title='bbox 1582 4949 1635 4998; x_wconf 90' lang='lat' dir='ltr'>et</span> <span class='ocrx_word' id='word_1_765' title='bbox 1656 4942 1779 4996; x_wconf 89' lang='lat' dir='ltr'>tulit</span> <span class='ocrx_word' id='word_1_766' title='bbox 1801 4958 1992 5017; x_wconf 84' lang='lat' dir='ltr'>omnes</span> <span class='ocrx_word' id='word_1_767' title='bbox 2024 4963 2039 4998; x_wconf 86' lang='lat'><strong>:</strong></span> <span class='ocrx_word' id='word_1_768' title='bbox 2066 4945 2147 4999; x_wconf 90' lang='lat' dir='ltr'>sic</span> <span class='ocrx_word' id='word_1_769' title='bbox 2178 4946 2281 5017; x_wconf 84' lang='lat' dir='ltr'>erit</span> <span class='ocrx_word' id='word_1_770' title='bbox 2304 4957 2357 5017; x_wconf 88' lang='lat' dir='ltr'>et</span> <span class='ocrx_word' id='word_1_771' title='bbox 2386 4948 2654 5017; x_wconf 75' lang='lat' dir='ltr'>adventus</span> <span class='ocrx_word' id='word_1_772' title='bbox 2685 4947 2804 5002; x_wconf 84' lang='lat' dir='ltr'>Filii</span> <span class='ocrx_word' id='word_1_773' title='bbox 2834 4942 3093 5013; x_wconf 81' lang='lat' dir='ltr'>hominis,</span> <span class='ocrx_word' id='word_1_774' title='bbox 3127 4966 3146 4999; x_wconf 74' lang='grc' dir='ltr'>ι</span> <span class='ocrx_word' id='word_1_775' title='bbox 3178 4955 3233 5002; x_wconf 89' lang='lat' dir='ltr'>et</span> <span class='ocrx_word' id='word_1_776' title='bbox 3257 4948 3363 5003; x_wconf 89' lang='lat' dir='ltr'>erit</span> <span class='ocrx_word' id='word_1_777' title='bbox 3388 4947 3468 5001; x_wconf 91' lang='lat' dir='ltr'>eis</span> <span class='ocrx_word' id='word_1_778' title='bbox 3494 4951 3588 5017; x_wconf 87' lang='lat' dir='ltr'>qui</span> 
     </span>
    </p>
   </div>
   <div class='ocr_carea' id='block_1_94' title="bbox 303 5015 3590 5089">
    <p class='ocr_par' dir='ltr' id='par_1_94' title="bbox 303 5015 3590 5089">
     <span class='ocr_line' id='line_1_94' title="bbox 303 5015 3590 5089; baseline -0.001 -13"><span class='ocrx_word' id='word_1_779' title='bbox 303 5029 441 5077; x_wconf 90' lang='lat' dir='ltr'>tunc</span> <span class='ocrx_word' id='word_1_780' title='bbox 460 5019 683 5076; x_wconf 88' lang='lat' dir='ltr'>fuerunt</span> <span class='ocrx_word' id='word_1_781' title='bbox 703 5027 1014 5089; x_wconf 86' lang='lat' dir='ltr'>peccatores</span> <span class='ocrx_word' id='word_1_782' title='bbox 1036 5016 1267 5089; x_wconf 81' lang='lat' dir='ltr'>punitio,</span> <span class='ocrx_word' id='word_1_783' title='bbox 1306 5029 1414 5068; x_wconf 91' lang='lat' dir='ltr'>non</span> <span class='ocrx_word' id='word_1_784' title='bbox 1447 5015 1500 5089; x_wconf 87' lang='lat' dir='ltr'>in</span> <span class='ocrx_word' id='word_1_785' title='bbox 1535 5015 2094 5089; x_wconf 77' lang='lat' dir='ltr'>transcorporatione,</span> <span class='ocrx_word' id='word_1_786' title='bbox 2130 5016 2223 5071; x_wconf 85' lang='lat' dir='ltr'>sed</span> <span class='ocrx_word' id='word_1_787' title='bbox 2261 5015 2314 5069; x_wconf 91' lang='lat' dir='ltr'>in</span> <span class='ocrx_word' id='word_1_788' title='bbox 2340 5016 2484 5087; x_wconf 81' lang='lat' dir='ltr'>igne.</span> <span class='ocrx_word' id='word_1_789' title='bbox 2528 5015 2678 5073; x_wconf 90' lang='lat' dir='ltr'>Unde</span> <span class='ocrx_word' id='word_1_790' title='bbox 2700 5019 3032 5084; x_wconf 88' lang='lat' dir='ltr'>necessario,</span> <span class='ocrx_word' id='word_1_791' title='bbox 3056 5018 3148 5086; x_wconf 88' lang='lat' dir='ltr'>qui</span> <span class='ocrx_word' id='word_1_792' title='bbox 3175 5015 3590 5087; x_wconf 78' lang='lat' dir='ltr'>transcorpora-</span> 
     </span>
    </p>
   </div>
   <div class='ocr_carea' id='block_1_95' title="bbox 301 5083 3590 5161">
    <p class='ocr_par' dir='ltr' id='par_1_95' title="bbox 301 5083 3590 5161">
     <span class='ocr_line' id='line_1_95' title="bbox 301 5083 3590 5161; baseline -0.002 -12"><span class='ocrx_word' id='word_1_793' title='bbox 301 5092 472 5149; x_wconf 84' lang='lat' dir='ltr'>tionis</span> <span class='ocrx_word' id='word_1_794' title='bbox 495 5083 1015 5161; x_wconf 60' lang='lat' dir='ltr'>dogma&#39;deferialunt</span> <span class='ocrx_word' id='word_1_795' title='bbox 1035 5083 1282 5156; x_wconf 66' lang='lat' dir='ltr'>gentiles,</span> <span class='ocrx_word' id='word_1_796' title='bbox 1307 5084 1910 5161; x_wconf 75' lang='lat' dir='ltr'>quasicmtsequentias</span> <span class='ocrx_word' id='word_1_797' title='bbox 1934 5083 2003 5138; x_wconf 89' lang='lat' dir='ltr'>ibi</span> <span class='ocrx_word' id='word_1_798' title='bbox 2031 5085 2213 5140; x_wconf 89' lang='lat' dir='ltr'>dicere</span> <span class='ocrx_word' id='word_1_799' title='bbox 2236 5083 2540 5155; x_wconf 80' lang='lat' dir='ltr'>cupientes,</span> <span class='ocrx_word' id='word_1_800' title='bbox 2565 5089 2835 5161; x_wconf 77' lang='lat' dir='ltr'>denegant</span> <span class='ocrx_word' id='word_1_801' title='bbox 2861 5083 3122 5161; x_wconf 81' lang='lat' dir='ltr'>mundum</span> <span class='ocrx_word' id='word_1_802' title='bbox 3151 5102 3274 5161; x_wconf 76' lang='lat' dir='ltr'>esse</span> <span class='ocrx_word' id='word_1_803' title='bbox 3295 5083 3590 5159; x_wconf 80' lang='lat' dir='ltr'>aliquando</span> 
     </span>
    </p>
   </div>
   <div class='ocr_carea' id='block_1_96' title="bbox 304 5153 3591 5226">
    <p class='ocr_par' dir='ltr' id='par_1_96' title="bbox 304 5153 3591 5226">
     <span class='ocr_line' id='line_1_96' title="bbox 304 5153 3591 5226; baseline -0.001 -9"><span class='ocrx_word' id='word_1_804' title='bbox 304 5153 820 5217; x_wconf 69' lang='lat' dir='ltr'>consummandum.</span> <span class='ocrx_word' id='word_1_805' title='bbox 847 5153 1058 5214; x_wconf 78' lang='lat' dir='ltr'>Contra</span> <span class='ocrx_word' id='word_1_806' title='bbox 1080 5171 1216 5226; x_wconf 87' lang='lat' dir='ltr'>quos</span> <span class='ocrx_word' id='word_1_807' title='bbox 1245 5155 1683 5226; x_wconf 79' lang='lat' dir='ltr'>respondemus:</span> <span class='ocrx_word' id='word_1_808' title='bbox 1725 5153 1780 5207; x_wconf 87' lang='lat' dir='ltr'>Si</span> <span class='ocrx_word' id='word_1_809' title='bbox 1816 5170 1924 5208; x_wconf 89' lang='lat' dir='ltr'>non</span> <span class='ocrx_word' id='word_1_810' title='bbox 1962 5153 2381 5211; x_wconf 79' lang='lat' dir='ltr'>consummatur</span> <span class='ocrx_word' id='word_1_811' title='bbox 2416 5153 2677 5224; x_wconf 84' lang='lat' dir='ltr'>mundus,</span> <span class='ocrx_word' id='word_1_812' title='bbox 2710 5153 2812 5213; x_wconf 72' lang='lat' dir='ltr'>sed</span> <span class='ocrx_word' id='word_1_813' title='bbox 2864 5160 2970 5213; x_wconf 88' lang='lat' dir='ltr'>erit</span> <span class='ocrx_word' id='word_1_814' title='bbox 3006 5158 3125 5212; x_wconf 91' lang='lat' dir='ltr'>sine</span> <span class='ocrx_word' id='word_1_815' title='bbox 3168 5157 3308 5224; x_wconf 87' lang='lat' dir='ltr'>line,</span> <span class='ocrx_word' id='word_1_816' title='bbox 3352 5153 3460 5213; x_wconf 76' lang='lat' dir='ltr'>nbn</span> <span class='ocrx_word' id='word_1_817' title='bbox 3503 5167 3591 5213; x_wconf 70' lang='lat' dir='ltr'>est</span> 
     </span>
    </p>
   </div>
   <div class='ocr_carea' id='block_1_97' title="bbox 305 5223 3587 5299">
    <p class='ocr_par' dir='ltr' id='par_1_97' title="bbox 305 5223 3587 5299">
     <span class='ocr_line' id='line_1_97' title="bbox 305 5223 3587 5299; baseline -0.002 -13"><span class='ocrx_word' id='word_1_818' title='bbox 305 5232 452 5288; x_wconf 87' lang='lat' dir='ltr'>Deus</span> <span class='ocrx_word' id='word_1_819' title='bbox 481 5232 664 5287; x_wconf 86' lang='lat' dir='ltr'>omnia</span> <span class='ocrx_word' id='word_1_820' title='bbox 695 5231 877 5285; x_wconf 89' lang='lat' dir='ltr'>sciens</span> <span class='ocrx_word' id='word_1_821' title='bbox 900 5223 1217 5298; x_wconf 84' lang='lat' dir='ltr'>priusquam</span> <span class='ocrx_word' id='word_1_822' title='bbox 1246 5224 1397 5290; x_wconf 84' lang='lat' dir='ltr'>fiant,</span> <span class='ocrx_word' id='word_1_823' title='bbox 1422 5224 1516 5278; x_wconf 89' lang='lat' dir='ltr'>sed</span> <span class='ocrx_word' id='word_1_824' title='bbox 1551 5223 1691 5278; x_wconf 91' lang='lat' dir='ltr'>forte</span> <span class='ocrx_word' id='word_1_825' title='bbox 1719 5239 1786 5278; x_wconf 78' lang='lat' dir='ltr'>ex</span> <span class='ocrx_word' id='word_1_826' title='bbox 1819 5235 1971 5294; x_wconf 90' lang='lat' dir='ltr'>parte</span> <span class='ocrx_word' id='word_1_827' title='bbox 1999 5242 2193 5293; x_wconf 90' lang='lat' dir='ltr'>unum,</span> <span class='ocrx_word' id='word_1_828' title='bbox 2238 5228 2323 5283; x_wconf 83' lang='lat' dir='ltr'>vel</span> <span class='ocrx_word' id='word_1_829' title='bbox 2372 5228 2605 5283; x_wconf 88' lang='lat' dir='ltr'>alterum</span> <span class='ocrx_word' id='word_1_830' title='bbox 2659 5223 2761 5283; x_wconf 80' lang='lat' dir='ltr'>Scit</span> <span class='ocrx_word' id='word_1_831' title='bbox 2814 5227 3057 5284; x_wconf 85' lang='lat' dir='ltr'>futurum</span> <span class='ocrx_word' id='word_1_832' title='bbox 3106 5223 3426 5299; x_wconf 87' lang='lat' dir='ltr'>priusquam</span> <span class='ocrx_word' id='word_1_833' title='bbox 3471 5228 3587 5293; x_wconf 82' lang='lat' dir='ltr'>fiat,</span> 
     </span>
    </p>
   </div>
   <div class='ocr_carea' id='block_1_98' title="bbox 377 5332 1570 5432">
    <p class='ocr_par' dir='ltr' id='par_1_98' title="bbox 377 5332 1570 5432">
     <span class='ocr_line' id='line_1_98' title="bbox 377 5332 1570 5432; baseline -0.011 -8"><span class='ocrx_word' id='word_1_834' title='bbox 377 5371 399 5402; x_wconf 78' lang='grc'><strong><em>⁵</em></strong></span> <span class='ocrx_word' id='word_1_835' title='bbox 434 5368 569 5423; x_wconf 85' lang='lat' dir='ltr'>Luc.</span> <span class='ocrx_word' id='word_1_836' title='bbox 603 5382 758 5432; x_wconf 82' lang='lat' dir='ltr'>xvnt,</span> <span class='ocrx_word' id='word_1_837' title='bbox 790 5365 843 5421; x_wconf 90' lang='lat'>8.</span> <span class='ocrx_word' id='word_1_838' title='bbox 919 5366 940 5397; x_wconf 72' lang='grc'>⁸</span> <span class='ocrx_word' id='word_1_839' title='bbox 969 5332 1160 5417; x_wconf 77' lang='lat' dir='ltr'>Matth.</span> <span class='ocrx_word' id='word_1_840' title='bbox 1189 5377 1341 5426; x_wconf 74' lang='lat' dir='ltr'>xxnv,</span> <span class='ocrx_word' id='word_1_841' title='bbox 1365 5359 1453 5425; x_wconf 81' lang='lat'>57,</span> <span class='ocrx_word' id='word_1_842' title='bbox 1480 5358 1570 5413; x_wconf 82' lang='grc'>58.</span> 
     </span>
    </p>
   </div>
   <div class='ocr_carea' id='block_1_99' title="bbox 2068 5493 3586 5572">
    <p class='ocr_par' dir='ltr' id='par_1_99' title="bbox 2068 5493 3586 5572">
     <span class='ocr_line' id='line_1_99' title="bbox 2068 5493 3586 5572; baseline -0.003 -17"><span class='ocrx_word' id='word_1_843' title='bbox 2068 5500 2182 5572; x_wconf 78' lang='grc'>(55)</span> <span class='ocrx_word' id='word_1_844' title='bbox 2215 5497 2745 5565; x_wconf 64' lang='grc' dir='ltr'>Καταλειφθέντες.</span> <span class='ocrx_word' id='word_1_845' title='bbox 2780 5496 3092 5570; x_wconf 76' lang='lat' dir='ltr'>Legendum</span> <span class='ocrx_word' id='word_1_846' title='bbox 3137 5493 3369 5550; x_wconf 86' lang='lat' dir='ltr'>fortasse</span> <span class='ocrx_word' id='word_1_847' title='bbox 3414 5509 3586 5551; x_wconf 84' lang='grc' dir='ltr'>κατα-</span> 
     </span>
    </p>
   </div>
   <div class='ocr_carea' id='block_1_100' title="bbox 1994 5569 3588 5716">
    <p class='ocr_par' dir='ltr' id='par_1_100' title="bbox 1994 5569 3588 5716">
     <span class='ocr_line' id='line_1_100' title="bbox 1994 5569 3031 5647; baseline -0.002 -25"><span class='ocrx_word' id='word_1_848' title='bbox 1994 5569 2312 5641; x_wconf 86' lang='grc' dir='ltr'>ληφθέντες.</span> <span class='ocrx_word' id='word_1_849' title='bbox 2868 5569 2874 5570; x_wconf 43' lang='grc'><strong>“</strong></span> <span class='ocrx_word' id='word_1_850' title='bbox 3020 5636 3031 5647; x_wconf 78' lang='lat'><em>_</em></span> 
     </span>
     <span class='ocr_line' id='line_1_101' title="bbox 2042 5633 3588 5716; baseline -0.005 -19"><span class='ocrx_word' id='word_1_851' title='bbox 2042 5642 2180 5716; x_wconf 59' lang='lat' dir='ltr'>_(5t_i)</span> <span class='ocrx_word' id='word_1_852' title='bbox 2217 5641 2287 5716; x_wconf 61' lang='grc' dir='ltr'>ᾷξύ</span> <span class='ocrx_word' id='word_1_853' title='bbox 2313 5638 2427 5716; x_wconf 76' lang='grc' dir='ltr'>ἔξω</span> <span class='ocrx_word' id='word_1_854' title='bbox 2454 5638 2662 5716; x_wconf 56' lang='lat' dir='ltr'>acroi}.</span> <span class='ocrx_word' id='word_1_855' title='bbox 2687 5636 2870 5716; x_wconf 84' lang='lat' dir='ltr'>C_od_ex</span> <span class='ocrx_word' id='word_1_856' title='bbox 2911 5635 3210 5716; x_wconf 64' lang='lat' dir='ltr'>vaticanus</span> <span class='ocrx_word' id='word_1_857' title='bbox 3255 5633 3588 5716; x_wconf 39' lang='lat' dir='ltr'>habetfqu</span> 
     </span>
    </p>
   </div>
   <div class='ocr_carea' id='block_1_101' title="bbox 1996 5704 3585 5776">
    <p class='ocr_par' dir='ltr' id='par_1_101' title="bbox 1996 5704 3585 5776">
     <span class='ocr_line' id='line_1_102' title="bbox 1996 5704 3585 5776; baseline -0.006 -10"><span class='ocrx_word' id='word_1_858' title='bbox 1996 5704 2182 5766; x_wconf 68' lang='grc' dir='ltr'>αὑτοῦζ</span> <span class='ocrx_word' id='word_1_859' title='bbox 2218 5704 2448 5766; x_wconf 83' lang='lat' dir='ltr'>lluetius</span> <span class='ocrx_word' id='word_1_860' title='bbox 2472 5711 2682 5763; x_wconf 83' lang='lat' dir='ltr'>videtur</span> <span class='ocrx_word' id='word_1_861' title='bbox 2715 5708 2912 5776; x_wconf 77' lang='lat' dir='ltr'>legisse</span> <span class='ocrx_word' id='word_1_862' title='bbox 2939 5707 2999 5759; x_wconf 73' lang='grc' dir='ltr'>τὸ</span> <span class='ocrx_word' id='word_1_863' title='bbox 3025 5704 3129 5776; x_wconf 72' lang='grc' dir='ltr'>ἔξω</span> <span class='ocrx_word' id='word_1_864' title='bbox 3150 5706 3316 5760; x_wconf 65' lang='grc' dir='ltr'>αὑτοῦ</span> <span class='ocrx_word' id='word_1_865' title='bbox 3346 5706 3439 5761; x_wconf 67' lang='grc' dir='ltr'>καὶ</span> <span class='ocrx_word' id='word_1_866' title='bbox 3464 5704 3585 5775; x_wconf 69' lang='grc' dir='ltr'>τῆς,</span> 
     </span>
    </p>
   </div>
   <div class='ocr_carea' id='block_1_102' title="bbox 2000 5775 3157 5855">
    <p class='ocr_par' dir='ltr' id='par_1_102' title="bbox 2000 5775 3157 5855">
     <span class='ocr_line' id='line_1_103' title="bbox 2000 5775 3157 5855; baseline -0.008 -16"><span class='ocrx_word' id='word_1_867' title='bbox 2000 5792 2107 5841; x_wconf 89' lang='lat' dir='ltr'>etc.</span> <span class='ocrx_word' id='word_1_868' title='bbox 2142 5781 2255 5855; x_wconf 71' lang='lat' dir='ltr'>Ego</span> <span class='ocrx_word' id='word_1_869' title='bbox 2283 5790 2466 5838; x_wconf 89' lang='lat' dir='ltr'>autem</span> <span class='ocrx_word' id='word_1_870' title='bbox 2502 5781 2686 5837; x_wconf 81' lang='lat' dir='ltr'>malim</span> <span class='ocrx_word' id='word_1_871' title='bbox 2715 5778 2777 5833; x_wconf 82' lang='grc' dir='ltr'>τὸ</span> <span class='ocrx_word' id='word_1_872' title='bbox 2800 5775 2908 5846; x_wconf 75' lang='grc' dir='ltr'>ἔξω</span> <span class='ocrx_word' id='word_1_873' title='bbox 2937 5775 3157 5842; x_wconf 76' lang='grc' dir='ltr'>αὐτούς.</span> 
     </span>
    </p>
   </div>
   <div class='ocr_carea' id='block_1_103' title="bbox 380 5496 1852 5578">
    <p class='ocr_par' dir='ltr' id='par_1_103' title="bbox 380 5496 1852 5578">
     <span class='ocr_line' id='line_1_104' title="bbox 380 5496 1852 5578; baseline -0.008 -17"><span class='ocrx_word' id='word_1_874' title='bbox 380 5508 493 5578; x_wconf 65' lang='grc'>(52)</span> <span class='ocrx_word' id='word_1_875' title='bbox 534 5506 811 5578; x_wconf 48' lang='grc' dir='ltr'>Ἀρέσκει,</span> <span class='ocrx_word' id='word_1_876' title='bbox 846 5503 1028 5578; x_wconf 78' lang='lat' dir='ltr'>Codex</span> <span class='ocrx_word' id='word_1_877' title='bbox 1060 5499 1409 5578; x_wconf 77' lang='lat' dir='ltr'>Tarinianus,</span> <span class='ocrx_word' id='word_1_878' title='bbox 1443 5496 1760 5578; x_wconf 71' lang='grc' dir='ltr'>ἀρέσκεται.</span> <span class='ocrx_word' id='word_1_879' title='bbox 1800 5566 1852 5578; x_wconf 51' lang='grc' dir='ltr'><em>Η</em></span> 
     </span>
    </p>
   </div>
   <div class='ocr_carea' id='block_1_104' title="bbox 387 5566 1891 5651">
    <p class='ocr_par' dir='ltr' id='par_1_104' title="bbox 387 5566 1891 5651">
     <span class='ocr_line' id='line_1_105' title="bbox 387 5566 1891 5651; baseline -0.007 -20"><span class='ocrx_word' id='word_1_880' title='bbox 387 5566 500 5651; x_wconf 74' lang='grc'>(55)</span> <span class='ocrx_word' id='word_1_881' title='bbox 524 5566 604 5651; x_wconf 65' lang='lat' dir='ltr'>Ei</span> <span class='ocrx_word' id='word_1_882' title='bbox 631 5576 741 5651; x_wconf 78' lang='grc' dir='ltr'>γὰρ</span> <span class='ocrx_word' id='word_1_883' title='bbox 760 5570 1350 5651; x_wconf 18' lang='grc' dir='ltr'>ἔτιλάμᾳρτὰνοντες,</span> <span class='ocrx_word' id='word_1_884' title='bbox 1380 5566 1891 5651; x_wconf 45' lang='grc' dir='ltr'>οιιξέηΝοιιιιιᾳαιιιίο</span> 
     </span>
    </p>
   </div>
   <div class='ocr_carea' id='block_1_105' title="bbox 305 5636 1891 5719">
    <p class='ocr_par' dir='ltr' id='par_1_105' title="bbox 305 5636 1891 5719">
     <span class='ocr_line' id='line_1_106' title="bbox 305 5636 1891 5719; baseline -0.01 -12"><span class='ocrx_word' id='word_1_885' title='bbox 305 5661 362 5707; x_wconf 82' lang='grc' dir='ltr'>(ι</span> <span class='ocrx_word' id='word_1_886' title='bbox 392 5636 718 5719; x_wconf 67' lang='lat' dir='ltr'>castiganda</span> <span class='ocrx_word' id='word_1_887' title='bbox 758 5636 939 5719; x_wconf 77' lang='lat' dir='ltr'>Rufini</span> <span class='ocrx_word' id='word_1_888' title='bbox 985 5636 1582 5719; x_wconf 58' lang='lat' dir='ltr'>interpretisperfidia,</span> <span class='ocrx_word' id='word_1_889' title='bbox 1633 5637 1725 5718; x_wconf 81' lang='lat' dir='ltr'>qui</span> <span class='ocrx_word' id='word_1_890' title='bbox 1777 5636 1891 5719; x_wconf 71' lang='lat' dir='ltr'>haec</span> 
     </span>
    </p>
   </div>
   <div class='ocr_carea' id='block_1_106' title="bbox 306 5707 1893 5784">
    <p class='ocr_par' dir='ltr' id='par_1_106' title="bbox 306 5707 1893 5784">
     <span class='ocr_line' id='line_1_107' title="bbox 306 5707 1893 5784; baseline -0.009 -8"><span class='ocrx_word' id='word_1_891' title='bbox 306 5724 381 5776; x_wconf 80' lang='lat' dir='ltr'>ita</span> <span class='ocrx_word' id='word_1_892' title='bbox 417 5707 650 5775; x_wconf 67' lang='lat' dir='ltr'>reddidit</span> <span class='ocrx_word' id='word_1_893' title='bbox 685 5719 739 5770; x_wconf 90' lang='lat' dir='ltr'>in</span> <span class='ocrx_word' id='word_1_894' title='bbox 777 5715 1030 5784; x_wconf 77' lang='lat' dir='ltr'>Apologia</span> <span class='ocrx_word' id='word_1_895' title='bbox 1062 5707 1373 5784; x_wconf 64' lang='lat' dir='ltr'>Pamphili:</span> <span class='ocrx_word' id='word_1_896' title='bbox 1413 5727 1431 5761; x_wconf 83' lang='grc' dir='ltr'>ι</span> <span class='ocrx_word' id='word_1_897' title='bbox 1470 5708 1587 5764; x_wconf 80' lang='lat' dir='ltr'>Non</span> <span class='ocrx_word' id='word_1_898' title='bbox 1637 5708 1785 5762; x_wconf 88' lang='lat' dir='ltr'>enim</span> <span class='ocrx_word' id='word_1_899' title='bbox 1825 5707 1893 5762; x_wconf 85' lang='lat' dir='ltr'>ad</span> 
     </span>
    </p>
   </div>
   <div class='ocr_carea' id='block_1_107' title="bbox 308 5783 1346 5864">
    <p class='ocr_par' dir='ltr' id='par_1_107' title="bbox 308 5783 1346 5864">
     <span class='ocr_line' id='line_1_108' title="bbox 308 5783 1346 5864; baseline -0.013 -16"><span class='ocrx_word' id='word_1_900' title='bbox 308 5790 644 5864; x_wconf 56' lang='lat' dir='ltr'>[necandum</span> <span class='ocrx_word' id='word_1_901' title='bbox 670 5789 825 5864; x_wconf 69' lang='lat' dir='ltr'>locus</span> <span class='ocrx_word' id='word_1_902' title='bbox 854 5783 976 5864; x_wconf 67' lang='lat' dir='ltr'>erit.</span> <span class='ocrx_word' id='word_1_903' title='bbox 1019 5802 1037 5835; x_wconf 72' lang='grc' dir='ltr'>ι</span> <span class='ocrx_word' id='word_1_904' title='bbox 1056 5854 1066 5864; x_wconf 42' lang='grc'><strong>¹</strong></span> <span class='ocrx_word' id='word_1_905' title='bbox 1084 5783 1346 5864; x_wconf 74' lang='lat' dir='ltr'>llunrtus.</span> 
     </span>
    </p>
   </div>
   <div class='ocr_carea' id='block_1_108' title="bbox 383 5849 1889 5929">
    <p class='ocr_par' dir='ltr' id='par_1_108' title="bbox 383 5849 1889 5929">
     <span class='ocr_line' id='line_1_109' title="bbox 383 5849 1889 5929; baseline -0.012 -10"><span class='ocrx_word' id='word_1_906' title='bbox 383 5862 495 5929; x_wconf 60' lang='grc'>(541</span> <span class='ocrx_word' id='word_1_907' title='bbox 524 5862 681 5918; x_wconf 82' lang='grc' dir='ltr'>Ἤτοι</span> <span class='ocrx_word' id='word_1_908' title='bbox 705 5857 832 5911; x_wconf 78' lang='grc' dir='ltr'>δύο..</span> <span class='ocrx_word' id='word_1_909' title='bbox 871 5854 1167 5911; x_wconf 85' lang='lat' dir='ltr'>Delendum</span> <span class='ocrx_word' id='word_1_910' title='bbox 1200 5854 1408 5908; x_wconf 81' lang='lat' dir='ltr'>videtur</span> <span class='ocrx_word' id='word_1_911' title='bbox 1437 5852 1537 5908; x_wconf 84' lang='lat' dir='ltr'>hoc</span> <span class='ocrx_word' id='word_1_912' title='bbox 1563 5852 1715 5914; x_wconf 80' lang='lat' dir='ltr'>loco,</span> <span class='ocrx_word' id='word_1_913' title='bbox 1749 5849 1889 5922; x_wconf 73' lang='grc' dir='ltr'>ἦτοι.</span> 
     </span>
    </p>
   </div>
  </div>
