4146 6470
473 370 606 425 1105

1939 367 2265 428 ORIGENIS

3584 366 3615 420 1
3632 367 3728 419 ιιιι

470 488 623 556 quasi
653 485 911 556 epilcpsia
951 486 1207 556 quadam,
1240 499 1303 539 ea
1344 497 1537 554 nempe
1592 499 1713 554 quae
1758 483 1827 539 ab
1878 485 2044 540 animi

2151 483 2509 555 νομιζομένας
2540 482 2801 551 ὑγιαίνειν
2829 482 2886 536 ἐν
2919 479 3244 552 σωφροσύνῃ
3276 479 3368 534 καὶ
3391 480 3509 543 ταῖς
3541 479 3727 542 ἄλλαις

470 579 967 647 perturbationibus
987 580 1179 641 oritur,
1207 577 1598 646 corripiuntur,
1628 587 1679 632 et
1704 576 1774 632 ab
1801 593 1868 634 eo
1898 589 2040 633 Statu

469 670 746 736 decidunt,
765 684 874 739 quo
896 680 1041 724 stare
1065 669 1405 735 videbantur,
1429 677 1484 723 et
1510 683 1639 737 erga
1665 670 1847 724 saeculi
1880 669 2042 738 hujus

470 760 740 815 fallaciam
783 760 1130 828 reliquasque
1161 759 1484 830 cupiditates
1517 762 1824 830 rapiuntur.
1869 760 2048 816 Forsi-

471 860 564 906 tan
598 866 728 921 ergo
757 850 982 904 minime
1017 850 1380 916 aberraveris,
1421 851 1464 905 si
1489 852 1740 908 homines
1772 851 2041 922 ejusmodi

468 938 563 1010 qui
617 956 646 993 a
695 956 713 989 ι
757 939 1133 1007 spiritualibus
1176 940 1431 1008 nequitiae
1470 940 1523 993 in
1570 940 1885 996 caelestibus
1930 942 1976 973 ⁸⁸
2019 962 2039 994 ι

469 1031 820 1101 dejiciuntur,
857 1032 1076 1103 spiritu,
1121 1041 1178 1085 ut
1220 1033 1291 1087 ita
1352 1032 1553 1098 dicam,
1614 1033 1884 1087 lunaticos
1924 1047 2045 1088 esse

471 1126 728 1189 dicas,_et
752 1141 991 1197 persaepe
1021 1126 1161 1180 male.
1194 1141 1253 1180 se
1284 1126 1504 1192 habere,
1535 1142 1647 1197 quo
1675 1126 1884 1182 scilicet
1912 1137 2046 1182 tem-

470 1234 602 1289 pore
634 1219 850 1275 animos
882 1219 1094 1273 illorqu
1140 1218 1580 1289 perturbationes
1619 1227 1672 1274 et
1695 1219 1922 1276 allectus
1956 1221 2042 1273 in-

468 1311 695 1376 vadunt,
727 1311 981 1366 cadentes
1000 1327 1393 1380 nonnunquam
1421 1311 1473 1365 in
1502 1312 1681 1381 ignem
1732 1310 2043 1367 iuﬁatnmaa

470 1402 703 1468 tionnm,
733 1404 978 1471 quando,
1002 1405 1156 1471 juxta
1181 1419 1245 1457 ea
1269 1418 1391 1472 quae
1424 1402 1477 1455 in
1503 1402 1641 1458 Osee
1675 1402 1944 1459 habentur
1974 1406 2042 1471 9°,

475 1512 491 1543 ι
531 1493 902 1550 adulterantes
950 1494 1116 1566 576
1166 1494 1323 1563 quasi
1366 1495 1614 1550 clibanus
1667 1508 1967 1552 succensus
2013 1512 2043 1550 a

471 1589 688 1640 tlamma
742 1584 808 1640 ad
860 1586 1161 1640 coctioncm
1221 1585 1495 1650 ambusti;
1550 1604 1569 1636 ι
1635 1585 1932 1655 aliquando
1989 1587 2043 1640 in

470 1691 690 1744 aquam,
721 1674 940 1744 quando
969 1690 1059 1727 rex
1088 1674 1333 1727 onmium
1362 1674 1454 1743 qui
1494 1675 1545 1728 in
1576 1673 1734 1743 aquis
1766 1684 1895 1730 sunt
1921 1675 2048 1731 dra-

471 1782 693 1832 conum,
733 1781 761 1819 a
795 1764 1175 1836 respirationis
1206 1762 1456 1818 libertate
1482 1779 1591 1834 qua
1643 1763 1751 1819 frui
1788 1764 2046 1821 videban-

2147 579 2387 649 ἀρεταῖς,
2420 570 2518 627 εἶτ’
2548 574 2663 628 ἐσθ’
2693 576 2781 626 ὅτε
2816 574 3058 645 ὡσπερεὶ
3093 572 3356 642 ὶπιληψίᾳ
3382 572 3490 625 τινὶ
3518 573 3586 643 τῇ
3621 570 3730 635 ἀπὸ

2145 667 2253 719 τῶν
2299 663 2486 718 παθῶν
2518 663 2954 735 λαμϐανομένας,
3002 664 3097 717 καὶ
3129 661 3577 726 καταπιπτούσας
3623 662 3732 715 ἀπὸ

2145 756 2238 809 τοῦ
2278 754 2567 826 ἐστηκέναι
2604 755 2804 817 δοκεῖν,
2839 753 2931 807 καὶ
2961 755 3252 824 σπωμένας
3292 754 3422 829 περὶ
3458 753 3556 826 τὴν
3588 754 3732 807 ἀπά-

2145 866 2243 919 την
2282 848 2377 901 τοῦ
2425 846 2619 911 αἰῶνος
2655 845 2866 912 τούτου,
2908 845 3003 899 καὶ
3039 844 3137 908 τὰς
3178 843 3369 909 λοιπὰς
3408 843 3728 916 ἐπιθυμίας.

2149 938 2191 990 Τ
2195 939 2301 1008 άχα
2328 935 2421 994 οὖν
2441 939 2542 993 οὐκ
2565 938 2630 992 ἂν
2651 935 2920 1007 ἁμάρτοις
2941 935 3053 1006 (76)
3085 935 3256 1004 λέγων
3280 938 3408 999 τοὺς
3432 935 3728 998 τοιούτους,

2149 1030 2214 1083 ἵν’
2246 1030 2418 1094 οὕτως
2449 1031 2611 1092 εἴπω,
2653 1028 3039 1100 πνευματικῶς
3082 1027 3514 1099 σεληνιάζεσθαι,
3561 1045 3731 1082 κατα-

2148 1120 2505 1191 ϐαλλομένους
2534 1121 2639 1174 ὑπὸ
2677 1140 2697 1173 ι
2738 1119 2846 1174 τῶν
2876 1121 2936 1174 ὲν
2967 1122 3079 1184 τοῖς
3110 1120 3453 1191 ἐπουρανίοις
3483 1134 3721 1190 πνευμα-

2146 1212 2312 1265 τικῶν
2352 1213 2452 1282 τῆς
2500 1213 2782 1284 πονηρίας,
2829 1231 2847 1265 ι
2902 1214 2997 1266 καὶ
3044 1210 3228 1276 κακῶς
3281 1211 3426 1281 ἔχειν
3467 1211 3730 1275 πολλάκις

2149 1304 2302 1376 παρὰ
2341 1304 2434 1359 τὸν
2472 1304 2663 1377 καιρὸν
2702 1303 2814 1357 τῶν
2849 1303 3372 1374 ἐπιλαμϐανομένων
3413 1303 3511 1374 τῆς
3553 1303 3731 1375 ψυχῆς

2147 1396 2328 1451 αὐτῶν
2361 1395 2549 1449 παθῶν
2574 1413 2586 1429 ο
2629 1395 2762 1450 ποτὲ
2799 1396 2898 1466 μὲν
2931 1396 3231 1458 πίπτοντας
3267 1394 3380 1466 (77)
3416 1396 3498 1459 είς
3529 1395 3589 1448 τὸ
3619 1394 3731 1468 πῦρ

2145 1488 2255 1541 τῶν
2287 1487 2605 1560 πυρώσεων,
2638 1489 2728 1541 ὅτε
2771 1487 3035 1556 γίνονται,
3081 1487 3221 1540 κατὰ
3266 1487 3336 1541 τὰ
3373 1487 3640 1558 λεγόμενα
3672 1489 3734 1539 ὲν

2146 1577 2224 1649 τῷ
2265 1579 2443 1649 Ὠσηὲ,
2480 1596 2500 1629 ι
2531 1579 2578 1632 oi
2619 1578 2979 1649 μοιχεύοντες,
3024 1578 3101 1641 ὡς
3146 1578 3399 1641 κλίϐανος
3444 1578 3732 1649 καιόμενος

2147 1670 2227 1732 είς
2251 1668 2411 1737 πέψιν
2449 1670 2871 1739 κατακαύματος
2904 1667 3013 1722 ἀπὸ
3043 1666 3142 1737 τῆς
3177 1667 3403 1736 φλογός·
3442 1686 3461 1720 ι
3505 1667 3640 1721 ποτὲ
3674 1667 3733 1721 δὲ

2148 1760 2227 1822 εἰς
2255 1757 2418 1829 ὕδωρ,
2446 1760 2536 1812 ὅτε
2577 1761 2606 1812 ο
2637 1756 2893 1828 βασιλεὺς
2937 1757 3155 1813 πάντων
3188 1759 3296 1811 τῶν
3327 1761 3384 1812 ὲν
3417 1761 3529 1822 τοῖς
3575 1758 3735 1813 ὕδασι

472 1867 579 1917 tur,
615 1872 710 1910 eos
763 1855 814 1909 in
864 1854 1198 1927 profundum
1255 1854 1516 1911 ﬁuctuum
1571 1856 1741 1912 maris
1793 1857 2046 1913 humana-

2147 1827 2454 1922 δρακόντων
2486 1827 2811 1905 καταϐάλλει
2841 1850 3038 1913 αὐτοὺς
3064 1849 3174 1903 ἀπὸ
3203 1848 3296 1902 τοῦ
3334 1849 3615 1922 ἐλεύθερον
3642 1849 3734 1904 δο-

470 1952 593 2000 v;t:e
621 1945 824 2016 dcjicit.
852 1943 1022 2001 Nobis
1047 1955 1229 2000 autem
1275 1946 1341 2000 ad
1371 1961 1492 2000 eam
1524 1962 1689 2019 quam
1736 1962 1902 2017 super
1962 1948 2046 2002 lu-

470 2038 651 2091 natico
677 2036 1009 2106 protulimus
1053 2036 1475 2107 expositionem,
1523 2036 1765 2106 proderit
1795 2036 1842 2091 is
1867 2034 1961 2105 qui
1991 2036 2043 2087 in

471 2124 747 2196 Sapientia
784 2126 850 2180 de
875 2125 1011 2196 justi
1041 2127 1260 2195 quidem
1301 2126 1668 2197 aequabilitate
1696 2133 1752 2179 et
1787 2132 2049 2180 constano-

471 2218 543 2271 tia
573 2216 652 2271 ait
684 2212 699 2247 ¹
736 2235 749 2272 :
784 2239 802 2267 ι
834 2215 1089 2271 Narratio
1117 2216 1187 2286 pii
1225 2231 1441 2287 semper
1468 2226 1555 2272 est
1586 2216 1892 2286 sapientia;
1931 2234 1948 2267 ι
1981 2216 2048 2271 de

472 2309 539 2362 iis
573 2317 753 2363 autem
788 2322 1022 2377 quorum
1063 2321 1231 2377 supra
1260 2306 1614 2362 meminimus
1660 2309 1680 2338 ²
1711 2326 1726 2361 :
1768 2324 1787 2358 ι
1836 2305 2046 2362 Stultus

471 2410 649 2455 autem
683 2400 824 2454 sicut
852 2399 981 2452 luna
1019 2408 1284 2454 mutatur.
1346 2416 1365 2449 ι
1424 2396 1503 2453 Ac
1545 2399 1597 2452 in
1661 2398 1781 2453 istis
1826 2399 2044 2468 quidem

468 2490 737 2560 ejusmodi
776 2491 1013 2561 impetus
1046 2500 1238 2545 notare
1258 2490 1404 2553 licet,
1450 2489 1544 2560 qui
1575 2490 1644 2544 ab
1692 2490 1779 2545 his
1815 2491 1981 2544 etiam
2015 2506 2046 2545 a

468 2583 671 2653 quibus
696 2582 887 2637 levitas
919 2597 1111 2638 eorum
1151 2594 1206 2637 et
1249 2582 1620 2636 inconstantia
1663 2581 2045 2637 animadversa

469 2688 576 2728 non
612 2681 720 2739 est,
747 2670 937 2726 laudes
962 2679 1292 2740 extorquere
1328 2670 1542 2740 possint
1566 2686 1581 2735 ;
1609 2669 1747 2725 adeo
1788 2680 1847 2724 ut
1870 2670 2047 2741 pleni-

469 2762 679 2817 lunium
711 2762 765 2815 in
796 2761 864 2815 iis
893 2775 1036 2826 esse,
1070 2758 1155 2813 vel
1201 2759 1593 2829 propemodum
1625 2767 1772 2814 certe
1814 2758 2047 2831 plenilu-

468 2854 619 2907 nium
643 2851 1016 2922 prouuntient.
1049 2848 1205 2917 Quod
1257 2857 1438 2915 autem
1492 2850 1544 2903 in
1590 2849 1656 2905 iis
1700 2850 1883 2905 lumen
1926 2866 2048 2907 esse

468 2944 646 2998 visum
681 2950 786 3007 est,
819 2948 874 2997 et
905 2942 1091 2996 lumen
1128 2948 1452 2995 nocturnum
1487 2948 1591 3006 est,
1624 2955 1733 2995 non
1762 2940 2045 3008 diurnum,

469 3049 660 3090 rursus
689 3034 1043 3088 imminutum
1070 3046 1290 3095 cernas,
1316 3047 1382 3087 eo
1414 3047 1587 3102 usque
1604 3032 1883 3097 deﬁciens,
1913 3030 2042 3087 dum

467 3126 612 3195 quod
630 3111 929 3180 ridebatur
957 3125 1141 3180 lumen
1175 3138 1298 3178 esse
1327 3123 1381 3177 in
1424 3124 1512 3191 iis,
1544 3123 1695 3178 nullo
1719 3125 1881 3179 modo
1918 3139 2049 3180 con-
2072 3167 2114 3195 ,,

468 3217 752 3289 spiciatur.
796 3217 879 3272 An
913 3218 1093 3273 autem
1134 3226 1357 3288 propter
1387 3217 1493 3271 tale
1525 3217 1827 3297 quidpiam,
1874 3218 2043 3289 epile-

2149 1945 2266 1995 κεῖν
2296 1944 2576 2008 ἀναπνεῖν,
2608 1944 2700 1997 ἐπὶ
2726 1942 2789 1996 τὸ
2815 1945 2896 2006 είς
2917 1942 3055 2013 βάθη
3084 1943 3199 1996 τῶν
3220 1943 3480 2015 κυμάτων
3509 1944 3606 2015 τῆς
3633 1943 3733 1998 θα-

2148 2034 2350 2104 λάσσης
2380 2034 2535 2105 ¹ἥκειν
2568 2033 2663 2087 τοῦ
2701 2032 2811 2087 τῶν
2844 2032 3148 2105 ἀνθρώπων
3183 2034 3324 2104 βίου.
3366 2034 3733 2106 Συμϐαλείται

2146 2124 2203 2178 δὲ
2241 2128 2373 2197 ἡμῖν
2398 2128 2465 2196 τῇ
2492 2125 2717 2198 τοιαύτῃ
2746 2125 2875 2195 περὶ
2912 2124 3008 2179 τοῦ
3049 2125 3500 2200 σεληνιαζομένου
3540 2128 3735 2200 διηγή-

2149 2233 2232 2270 σει
2269 2220 2299 2270 ὁ
2337 2217 2509 2286 λέγων
2541 2219 2599 2271 ὲν
2636 2220 2704 2287 τῇ
2741 2217 2912 2289 Σοφία
2943 2218 3073 2289 περὶ
3125 2219 3224 2289 μὲν
3259 2220 3358 2291 τῆς
3389 2220 3481 2274 τοῦ
3520 2221 3733 2276 δικαίου

2148 2309 2479 2380 ὁμαλότητος
2515 2325 2531 2340 ·
2585 2327 2604 2360 ι
2655 2309 2919 2380 Διήγησις
2965 2309 3225 2374 εὐσεϐοῦς
3267 2311 3358 2364 διὰ
3396 2313 3597 2377 παντὸς
3643 2329 3733 2365 σο-

2150 2402 2249 2471 φία
2269 2417 2280 2430 ·
2310 2419 2328 2451 ι
2354 2400 2482 2471 περὶ
2503 2398 2560 2452 δὲ
2590 2398 2698 2453 τῶν
2725 2397 3132 2470 ἀποδεδομένων
3156 2416 3170 2431 ’
3202 2419 3222 2452 ι
3244 2402 3303 2453 '0
3330 2400 3387 2454 δὲ
3407 2400 3598 2472 ἄφρων
3618 2402 3732 2473 (78)

2148 2492 2223 2555 ὡς
2251 2489 2448 2561 σελήνη
2475 2488 2803 2544 ἀλλοιοῦται.
2845 2508 2864 2540 ι
2902 2489 3013 2543 Kal.
3040 2489 3155 2544 ἐστι
3182 2492 3279 2545 καὶ
3305 2492 3363 2545 ἐν
3406 2496 3521 2558 τοῖς
3559 2493 3737 2548 τοιού-

2147 2599 2259 2646 τοις
2296 2581 2423 2635 ίδείν
2442 2579 2616 2652 ὁρμὰς
2649 2580 2991 2652 συναρπάσαι
3019 2582 3322 2654 δυναμένας
3346 2584 3482 2657 πρὸς
3513 2584 3737 2640 ἔπαινον

2147 2673 2271 2736 τοὺς
2309 2672 2384 2744 μὴ
2427 2672 2754 2736 ὲπιστάντας
2797 2670 2978 2726 αὐτῶν
3021 2673 3099 2745 τῷ
3147 2674 3558 2747 ἁνερματίστῳ·
3590 2675 3734 2732 ὥστε

2148 2764 2323 2816 εἰπεῖν
2354 2762 2420 2817 ἂν
2463 2764 2625 2816 οἱονεὶ
2658 2763 2990 2836 πανσέληνον
3022 2761 3160 2819 ε’ίναι
3194 2765 3251 2818 ὲν
3295 2768 3500 2831 αὐτοῖς,
3528 2767 3563 2839 ἢ
3603 2766 3733 2839 παρ’

2147 2857 2324 2927 ὀλίγον
2357 2857 2708 2928 πανσέληνον.
2734 2857 2892 2922 Ἴδοις
2918 2857 2962 2911 δ’
2984 2858 3050 2912 ἂν
3076 2859 3237 2913 πάλιν
3262 2859 3595 2931 μιμούμενον
3619 2861 3733 2931 (79)

2148 2949 2208 3003 τὸ
2252 2949 2409 3015 δόξαν
2447 2945 2588 3019 εἶναι
2622 2951 2680 3002 ὲν
2725 2950 2908 3015 αὐτοῖς
2954 2951 3091 3020 φῶς,
3142 2951 3264 3023 οὐχὶ
3314 2952 3429 3021 φῶς
3476 2955 3738 3025 ἡμερινὸν

2149 3042 2435 3115 τυγχάνον,
2488 3042 2625 3097 ἀλλὰ
2677 3042 2774 3096 καὶ
2828 3042 2946 3112 φῶς
3002 3043 3336 3116 νυκτερινὸν,
3397 3046 3491 3100 ἐπὶ
3540 3048 3735 3102 τοσοῦ-

2147 3151 2238 3188 τον
2272 3134 2385 3205 (80)
2414 3133 2598 3205 λῆγον,
2623 3133 2729 3197 ἕως
2764 3133 2897 3205 μηδὲ
2925 3132 3114 3189 δοκοῦν
3147 3133 3262 3205 φῶς
3287 3129 3425 3190 εἶναι
3448 3136 3737 3192 ἐπιϐλεπό-

2155 3242 2315 3296 μενον
2348 3224 2407 3278 ὲν
2440 3224 2624 3288 αὐτοῖς
2654 3225 2894 3295 γένηται.
2924 3225 2987 3277 El
3014 3224 3072 3278 δὲ
3101 3227 3151 3279 oi
3181 3224 3387 3296 πρῶτοι
3419 3226 3636 3298 θέμενοι
3664 3228 3735 3282 τὰ

468 3310 644 3381 psiam
668 3309 968 3364 lunaticum
1011 3311 1264 3364 morbum
1302 3308 1694 3379 appellaverint
1727 3324 1919 3377 necne,
1948 3311 2043 3382 qui

2148 3314 2386 3386 ὀνόματα
2429 3315 2543 3376 τοῖς
2589 3313 2877 3383 πράγμασι
2919 3312 3007 3365 διὰ
3053 3312 3293 3367 τοιοῦτον
3341 3330 3393 3367 τι
3441 3313 3735 3385 ὠνόμασαν

468 3402 634 3457 rebus
679 3403 901 3457 n‘omiua
933 3402 1169 3473 primum
1206 3401 1605 3473 imposuerunt,
1644 3401 1758 3473 ipse
1792 3403 2040 3458 animad-

2150 3406 2210 3459 τὸ
2242 3404 2342 3476 τῆς
2375 3402 2665 3476 ἐπιληψίας
2704 3402 2875 3467 πάθος
2909 3403 3289 3475 σεληνιασμδν,
3320 3403 3355 3475 ἢ
3382 3404 3478 3476 μὴ,
3514 3405 3608 3459 καὶ
3638 3407 3736 3459 αὺ-

471 3501 669 3549 vertas.

2150 3497 2241 3561 τος
2277 3497 2608 3568 ἐπιστήσεις.

536 3584 592 3639 5.
634 3582 793 3639 Pater
818 3594 1002 3640 autem
1046 3585 1268 3641 lunatici
1311 3586 1358 3642 is
1405 3595 1488 3644 est
1538 3586 1769 3642 fortasse
1818 3588 2044 3660 angelus

2224 3589 2412 3659 Πατὴρ
2455 3587 2565 3658 (81)
2605 3588 2662 3641 δὲ
2701 3586 2795 3639 τοῦ
2840 3586 3287 3658 σεληνιαζομένου
3325 3590 3463 3661 τάχα
3496 3591 3526 3644 ὁ
3552 3589 3734 3660 λαχὼν

466 3678 553 3733 cui
578 3677 667 3733 ille
695 3676 889 3749 obtigit
916 3679 986 3750 (si
1012 3680 1175 3733 modo
1200 3694 1419 3733 onmem
1469 3678 1761 3735 humanam
1803 3681 2043 3735 animam

2152 3681 2313 3736 αὐτὸν
2346 3678 2573 3751 ἄγγελος
2603 3678 2735 3751 (εἴτε
2765 3681 2943 3737 πᾶσαν
2976 3680 3195 3733 λεκτέον
3233 3680 3346 3753 (82)
3383 3681 3734 3755 ἀνθρωπίνην

1669 3792 1902 3851 VETUS
1941 3792 2526 3851 INTERPRETATIO.

469 3904 614 3943 mus.
647 3884 744 3941 Est
764 3900 894 3957 ergo
921 3885 1102 3955 passio
1132 3886 1247 3940 haec
1274 3885 1506 3957 mutatio
1538 3901 1567 3939 a
1598 3885 1917 3957 melioribus
1945 3886 2011 3957 ad
2047 3886 2342 3957 deteriora,
2373 3887 2501 3957 quia
2533 3886 2669 3941 nihil
2694 3886 2873 3957 diﬂ'ert
2904 3902 2933 3941 a
2963 3887 3114 3943 sanis
3143 3888 3238 3957 qui
3282 3889 3487 3956 patitur
3516 3888 3640 3953 hoc,
3674 3890 3731 3944 in

468 3969 712 4025 tempore
739 3954 959 4024 quando
977 3971 1093 4025 Anon
1128 3964 1388 4024 operatur
1415 3956 1467 4008 in
1493 3956 1585 4009 illo
1621 3955 1736 4024 ipsa
1773 3956 2022 4010 mutatio.
2059 3954 2102 4009 T
2106 3956 2227 4010 abet
2257 3954 2434 4013 autem
2476 3956 2694 4025 juvenis
2722 3956 3012 4011 inﬁrmitas
3058 3954 3255 4011 animm
3282 3954 3352 4012 Vin
3393 3959 3729 4025 quibusdam

470 4022 806 4097 hominibus.
837 4026 930 4093 qui
966 4022 1280 4097 frequenter
1306 4022 1693 4097 existimantur
1716 4028 1837 4097 sani
1857 4041 1978 4080 esse
2008 4027 2061 4080 in
2088 4027 2360 4092 castitate,
2396 4022 2904 4097 vel'misericordia,
2932 4036 2987 4097 et
3020 4027 3200 4082 vivere
3228 4022 3531 4083 secundum
3561 4029 3731 4097 justi-

471 4099 557 4150 tiae
587 4096 942 4167 voluntatem.
967 4095 1276 4167 Aliquando
1299 4105 1480 4148 autem
1511 4095 1667 4164 quasi
1697 4096 1935 4167 quadam
1968 4096 2310 4165 correptione
2342 4097 2567 4165 spiritus
2611 4112 2641 4149 a
2682 4096 3037 4167 passionibus
3080 4095 3645 4167 comprehenduntur,
3673 4110 3730 4153 et

470 4166 674 4221 cadunt
702 4165 771 4218 ab
803 4179 869 4217 eo
904 4172 1046 4238 statu
1086 4166 1211 4238 boni
1240 4166 1293 4217 in
1334 4179 1444 4238 quo
1478 4175 1624 4238 sta_re
1658 4165 2013 4238 putabuntur,
2049 4175 2102 4219 et
2123 4175 2582 4238 itran‘sverumtur
2612 4168 2704 4238 ad
2738 4165 3110 4238 sed‘uctionem
3146 4165 3331 4238 saeculi
3351 4169 3549 4238 hujus,
3578 4179 3632 4223 et
3657 4171 3728 4225 ad

470 4246 696 4308 exteras
721 4235 1197 4308 concupiscentias
1233 4232 1791 4308 cartiales_._F_‘orSitan
1824 4251 1930 4290 non
1954 4237 2206 4308 peccabis
2237 4236 2282 4290 si
2330 4235 2643 4308 huj_n_s_modi
2693 4234 2940 4308 homines
2982 4236 3212 4301 dixeris,
3254 4236 3337 4307 (ut
3374 4232 3453 4292 ita
3498 4232 3726 4308 dicam),

470 4305 787 4375 spiritaliter
822 4305 1091 4359 lunaticos
1124 4318 1266 4368 esse,
1291 4304 1382 4373 qui
1414 4304 1747 4375 dejiciuntur
1776 4321 1810 4375 ιι
1847 4324 1865 4355 ι
1904 4305 2239 4374 spiritalibus
2270 4305 2532 4374 nequitiis
2577 4305 2629 4357 in
2681 4304 3017 4367 caelestibus,
3056 4325 3075 4356 ι
3131 4315 3185 4360 et
3209 4304 3349 4360 male
3384 4308 3584 4363 habent
3618 4304 3731 4363 ne;

468 4372 701 4447 quenter
743 4377 795 4429 iu
833 4381 1074 4447 tempore
1100 4389 1211 4447 quo
1236 4372 1342 4447 eo:
1369 4374 1625 4447 prehensi
1651 4372 1850 4447 fuerint
1877 4391 1907 4447 a
1938 4372 2523 4447 'passionibusaiiimae
2554 4375 3101 4447 eorum,_et_cadunt_
3131 4376 3184 4429 in
3234 4376 3412 4447 ignem
3460 4379 3725 4445 incendii,

471 4441 691 4514 quando
729 4461 747 4494 ι
785 4441 1151 4514 adulterantes
1180 4444 1346 4511 (sicut
1371 4441 1635 4514 aitOs-ee)
1673 4442 1809 4498 ﬁunt
1847 4441 1990 4499 sicut
2019 4445 2268 4500 clibanus
2300 4445 2443 4514 ignis
2470 4444 2689 4514 ardens.
2725 4462 2744 4494 ι
2781 4441 3103 4514 Hujusmodi
3134 4441 3315 4501 aute'm
3356 4447 3611 4502 homines
3641 4441 3729 4500 in;

376 4524 384 4530 '
472 4512 685 4583 trrdium
725 4514 929 4583 cadunt
953 4513 1005 4564 in
1038 4526 1257 4580 aquam,
1288 4512 1508 4581 quando
1531 4512 1624 4583 rex
1651 4514 1895 4568 omnium
1931 4517 2023 4583 qui
2057 4524 2182 4571 sunt
2213 4516 2265 4568 in
2297 4512 2479 4583 aquis,
2514 4513 2702 4577 draco,
2736 4513 2926 4581 dejicit
2957 4528 3055 4569 eos
3084 4530 3114 4570 a
3146 4515 3393 4572 libertate
3436 4517 3633 4572 animae
3669 4518 3726 4573 in

471 4582 802 4653 profundum
828 4580 1086 4653 ﬂuctuum
1121 4580 1320 4643 maris;
1347 4584 1396 4636 id
1430 4592 1533 4648 est,
1565 4582 1617 4636 in
1651 4585 1794 4638 mala
1836 4580 2069 4653 pessima
2099 4584 2221 4639 vita:
2260 4580 2420 4639 istius
2471 4584 2744 4653 humame,
2780 4580 2911 4653 quae
2957 4584 3092 4638 mari
3154 4586 3511 4642 assimilatur.
3559 4586 3725 4641 ϐοτηε

471 4650 691 4727 ιιιοιιιιειι
719 4660 899 4727 autem
927 4652 1065 4727 hanc
1089 4663 1333 4727 nostram
1358 4653 1423 4706 de
1448 4650 2244 4727 lunatico_interpretationem,
2293 4653 2439 4722 quod
2484 4650 2961 4727 dicit‘Sapiéntia,
3002 4654 3079 4727 de
3127 4658 3435 4711 constantia
3497 4657 3725 4727 quidem

465 4724 598 4791 justi
633 4739 646 4775 :
680 4739 698 4771 ι
736 4719 964 4792 Sapiens
999 4720 1139 4775 sicut
1162 4723 1242 4777 sol
1274 4731 1584 4791 permanet;
1622 4742 1640 4775 ι
1676 4724 1743 4777 de
1776 4719 2138 4778 inconstantia
2169 4719 2349 4778 autem
2378 4722 2683 4791 peccatoris
2710 4719 2783 4776 ita
2810 4739 2826 4776 :
2858 4740 2877 4774 ι
2910 4722 3176 4792 lnsipiens
3204 4736 3382 4781 autem
3419 4719 3563 4782 sicut
3594 4727 3727 4783 luna

472 4788 862 4863 immntatur.)
898 4788 965 4843 Et
982 4800 1073 4863 est
1097 4788 1286 4863 videre
1309 4793 1361 4844 in
1398 4793 1595 4847 talibus
1641 4794 1873 4861 impetus
1918 4794 2180 4860 quosdam
2226 4788 2395 4863 quasi
2419 4808 2643 4862 Operum
2687 4793 2954 4863 bonorum
3003 4788 3317 4860 subrepere,
3373 4796 3444 4851 ita
3484 4807 3543 4851 ut
3585 4799 3725 4852 sub-

471 4863 647 4931 ripere
683 4861 894 4932 possint
943 4862 1013 4914 ab
1045 4861 1357 4915 hominibus
1392 4863 1600 4927 laudes,
1646 4864 1715 4917 ab
1745 4864 1825 4918 eis
1854 4871 2034 4917 tamen
2073 4861 2408 4928 hominibus,
2440 4861 2532 4932 qui
2564 4861 2814 4917 nesciunt
2839 4864 3111 4918 occultam
3153 4864 3573 4923 inconstantiam
3599 4882 3727 4921 cor-

468 4928 553 4985 dis
586 4928 797 4984 eorum.
827 4928 989 4986 Vides
1022 4942 1202 4984 autem
1233 4947 1328 4985 eos
1359 4932 1529 4986 mirmi
1565 4934 1783 4996 iterum,
1817 4941 1870 4987 et
1899 4933 2041 4998 quod
2076 4933 2357 4987 videbatur
2389 4928 2550 4987 in'eis
2602 4932 2808 4994 lumen,
2874 4933 3147 4988 invenitur
3202 4950 3310 4990 non
3366 4952 3490 4993 esse
3534 4937 3723 4992 lumen

469 5002 873 5123 diu‘rnuni,lsed
908 5012 1259 5059 nocturnum.
1291 5010 1344 5055 et
1371 5001 1580 5063 lunare,
1616 5013 1671 5056 et
1697 5003 1881 5056 tandiu
1912 5003 2103 5067 minui,
2137 5012 2323 5058 utnec
2355 5002 2601 5056 videatur
2649 5002 2830 5055 lumen
2876 5018 2998 5059 esse
3042 5004 3291 5071 omnino,
3329 5008 3476 5076 quod
3527 5007 3722 5062 existi-

470 5087 556 5123 ma
580 5082 722 5123 ratur
780 5085 964 5123 nmen.

470 5074 722 5124 mahatur
761 5074 964 5124 lumen.

538 5141 590 5194 5.
635 5140 883 5194 Forsitan
908 5156 1037 5210 ergo
1067 5142 1292 5211 angelus
1325 5142 1417 5209 qui
1448 5141 1673 5196 sortitus
1710 5151 1793 5194 est
1825 5140 2126 5196 lunaticum
2162 5143 2314 5197 illum
2339 5143 2500 5196 talem
2532 5141 2549 5212 (
2591 5141 2637 5195 si
2668 5150 2847 5197 tamen
2879 5142 3165 5199 dicendum
3205 5156 3288 5200 est
3330 5160 3546 5200 omnem
3595 5147 3723 5201 ani-

532 5240 578 5269 ”
606 5234 806 5306 Ephcs.
834 5251 911 5302 vt,
943 5236 1029 5290 l2.
1106 5237 1310 5293 "Usee
1335 5253 1427 5304 vu,
1461 5237 1517 5291 4.
1590 5238 1605 5267 ί
1633 5235 1801 5292 Eccli.
1837 5253 2011 5302 χχιιι,
2041 5238 2127 5291 12.
2213 5239 2233 5270 ’
2270 5237 2406 5295 Ibid.

537 5352 649 5426 (76)
660 5353 854 5427 *Τάχα
882 5349 997 5427 οὖν
1022 5357 1133 5409 οὐκ
1155 5355 1246 5427 gr
1264 5426 1267 5427 ν
1286 5354 1570 5424 ἁμάρτοις
1591 5396 1607 5421 ,
1635 5364 1740 5411 etc.
1775 5354 2037 5427 Hierony-

465 5421 588 5496 mus
606 5421 638 5496 ,ί
659 5421 1116 5496 Theophylactus,
1154 5421 1495 5496 Euthy'mi‘us.
1532 5427 1796 5496 Hunnus.

537 5494 653 5567 (Π)
690 5494 843 5567 [Iord
1016 5494 1379 5567 πίπτοντας,
1409 5507 1513 5567 etc.
1551 5495 1895 5567 Euthymius.

535 5564 652 5687 (7’81)
692 5565 831 5631 Περὶ
864 5564 933 5617 δὲ
965 5564 1085 5619 τῶν
1110 5565 1611 5635 ἀποδεδομένων(
1636 5564 1772 5624 ’ϐ’δὲ
1791 5568 2046 5637 ἄφρονα

468 5643 571 5688 etc.
646 5634 1053 5689 heonhvlaetus.

559 5674 571 5685 .
607 5653 631 5687 ι
646 5653 1053 5690 neounvtacws.

542 5650 571 5687 :.
607 5649 1053 5754 t‘neogltytactus.

542 5702 653 5770 (79)
695 5704 741 5757 ’Ἰ
777 5718 867 5769 οις
896 5703 948 5773 δ’
993 5702 1070 5758 et»
1098 5704 1284 5760 πάλιν
1310 5706 1697 5773 μιμούμενον.
1748 5707 1824 5760 lta
1877 5704 2037 5760 codd.

470 5772 842 5842 Anglicanus,
896 5772 1188 5830 Vaticanus
1233 5785 1287 5829 et
1314 5772 1670 5832 Ttll'iltlaltus.
1703 5776 1771 5829 At
1813 5775 2036 5846 Regius,

2145 5356 2516 5429 μιμουμένων.
2544 5356 3030 5429 γοιιιεηίιιιοτριιεε,
3067 5379 3085 5413 ι
3117 5361 3266 5416 vides
3289 5370 3471 5418 autem
3496 5376 3594 5420 eos
3616 5363 3723 5419 mi-

2147 5428 2488 5500 nuiitcrum,
2521 5447 2539 5480 ι
2573 5439 2680 5500 etc.
2714 5428 2854 5499 Lege
2884 5429 3225 5500 μειούμενον.

2214 5498 2324 5567 (80)
2364 5498 2545 5552 Codex
2581 5496 2813 5564 Regius,
2832 5496 2927 5552 καὶ
2954 5496 3056 5554 ὲπῖ
3077 5501 3351 5556 τοσοῦτον.

2215 5568 2325 5638 (81)
2368 5568 2669 5641 {latinae
2693 5606 2709 5631 ,
2738 5578 2843 5625 etc.
2881 5567 3012 5624 Vide
3050 5569 3496 5641 Origem'anorum
3524 5572 3619 5626 lib.
3653 5587 3717 5639 ιι,

2142 5650 2334 5707 quaest.
2365 5639 2418 5700 5,
2451 5654 2505 5690 ιι.
2533 5640 2623 5707 28.

2216 5708 2337 5781 (82)
2371 5710 2507 5781 Elge
2551 5706 2759 5781 πᾶσαν
2793 5706 3070 5781 λεκτέον,
3111 5720 3217 5766 etc.
3258 5709 3393 5766 Vide
3425 5708 3714 5781 Origenem

2148 5777 2285 5833 infra
2323 5780 2377 5832 in
2412 5777 2605 5831 Matth.
2642 5793 2796 5839 xvnt.
2836 5779 2916 5831 l0.
