4146 6436
421 375 558 432 H07

1911 366 2242 428 ORIGENIS

3577 368 3708 424 "03

417 491 676 564 spiritum
731 489 1010 562 impurum
1044 490 1271 546 minime
1313 488 1403 545 hic
1448 503 1572 546 esse
1593 531 1612 558 ,
1643 489 1737 546 sed
1765 490 2016 546 morbum

2126 487 2266 544 εἶναι
2308 487 2620 559 νομίζοντες
2665 487 2807 542 κατὰ
2852 488 2942 541 τὸν
2986 487 3171 550 τόπον,
3224 484 3359 539 ἀλλά
3405 485 3715 554 σωματικὸν

415 587 670 658 corporis
691 584 980 648 duntaxat,
1007 598 1072 638 ac
1099 583 1446 653 disputantes
1472 582 1662 639 dicant
1701 598 1798 654 per
1825 597 2017 654 quem-

417 680 546 735 dam
580 693 706 734 cum
757 676 937 731 lunari
981 675 1208 738 lumine,
1257 675 1404 746 quod
1458 675 1684 731 humida
1728 675 2015 746 praeditum

416 781 505 828 est
547 780 764 834 natura,
794 782 1128 824 consensum
1157 776 1214 822 et
1244 769 1706 836 convenientiam,
1757 768 2019 824 humores

420 863 476 917 in
521 861 700 932 capite
744 866 1033 916 contentos
1081 857 1324 924 moveri;
1378 871 1479 913 nos
1505 865 1690 912 autem
1723 857 1816 927 qui
1867 870 2017 911 mor-

422 954 551 1008 bum
595 952 743 1007 hunc
793 951 848 1006 in
891 949 1053 1020 aegris
1081 963 1114 1002 a
1146 949 1341 1019 spiritu
1389 949 1714 1014 immundo,
1763 957 1918 1003 muto
1964 955 2020 1002 et

420 1044 591 1102 surdo
625 1042 868 1116 genitum
925 1040 1098 1096 videri
1152 1039 1450 1110 Evangelia
1491 1040 1805 1105 credimus,
1858 1049 1914 1095 et
1951 1039 2018 1094 iis

418 1135 513 1204 qui
543 1149 610 1189 eo
631 1147 800 1204 prope
832 1131 997 1186 modo
1031 1145 1144 1200 quo
1180 1127 1422 1200 Egyptii
1464 1129 1832 1187 incautatores
1856 1144 2020 1184 sana-

419 1228 626 1281 tionem
656 1226 978 1295 promittere
1012 1237 1164 1277 more
1184 1223 1405 1278 illorum
1435 1225 1580 1280 soliti
1605 1233 1753 1292 sunt,
1789 1223 2020 1279 feliciter

419 1323 756 1378 successisse
786 1319 934 1374 credi
988 1319 1133 1373 inter
1185 1319 1333 1388 ipsos
1370 1317 1621 1373 videmus
1645 1357 1660 1381 ,
1722 1331 1791 1372 ne
1826 1329 2016 1372 ansam

422 1412 769 1482 praebeamus
821 1411 917 1468 Dei
985 1411 1246 1481 operibus
1319 1410 1394 1464 ita
1453 1409 1892 1472 calumniandis,
1959 1416 2021 1462 ut

427 1524 446 1557 ι
487 1504 835 1574 iniquitatem
883 1505 938 1558 in
982 1504 1202 1560 excelso
1234 1503 1570 1574 loquantur,
1615 1513 1669 1558 et
1716 1513 1922 1573 ponant
1963 1502 2016 1557 in

421 1597 625 1653 caelum
649 1611 710 1652 os
733 1610 894 1651 suum
911 1596 987 1661 ⁵,»
1014 1595 1259 1652 dicemus
1285 1595 1538 1665 spiritum
1569 1596 1714 1649 hunc
1742 1594 2018 1664 impurum

421 1695 598 1744 certas
635 1687 780 1742 lunai
807 1688 1012 1756 ﬁguras
1031 1687 1350 1752 observare,
1381 1695 1545 1757 atque
1583 1687 1656 1740 ita
1691 1685 1930 1756 operari,
1962 1692 2023 1740 ut

421 1793 546 1833 cum
593 1779 944 1834 observatum
994 1777 1161 1834 fuerit
1191 1777 1294 1834 sub
1326 1777 1492 1849 578
1524 1777 1619 1832 tali
1658 1778 1800 1832 lunae
1845 1777 2020 1848 ﬁgura

419 1870 559 1926 allici
593 1871 882 1935 homines,
916 1885 1028 1925 non
1068 1877 1258 1924 mutus
1292 1877 1347 1924 et
1378 1867 1582 1924 surdus
1620 1867 1834 1922 daemon
1887 1867 2022 1922 tanti

418 1962 550 2020 mali
595 1975 821 2018 causam
866 1961 1072 2018 habere
1113 1960 1396 2024 videatur,
1429 1959 1524 2016 sed
1558 1975 1754 2030 magna
1793 1959 1883 2014 illa
1912 1975 2024 2016 caa-

419 2054 573 2111 lestis
602 2051 714 2120 fax,
744 2068 870 2124 quae
897 2051 1199 2108 constituta
1231 2059 1317 2107 est
1343 2059 1402 2105 nt
1435 2049 1582 2105 nocti
1610 2049 1816 2118 praesit,
1848 2064 2025 2120 neque

421 2147 598 2201 ullum
625 2144 790 2200 habet
822 2143 1001 2198 morbi
1033 2141 1200 2212 hujus
1238 2141 1382 2196 inter
1413 2140 1667 2196 homines
1707 2137 2020 2209 imperium.

418 2239 500 2294 Ac
542 2237 580 2292 ii
615 2235 836 2307 quidem
875 2250 1069 2291 omnes
1109 2255 1127 2287 ι
1184 2234 1530 2306 iniquitatem
1575 2232 1632 2286 in
1675 2233 1896 2289 excelso
1942 2233 2023 2288 Iov

420 2338 699 2400 quuntur,
750 2346 770 2381 ι
803 2327 1118 2398 quicunque
1151 2337 1423 2383 astrorum
1451 2325 1847 2382 constitutione
1876 2339 2025 2380 mor-

421 2423 618 2477 borum
660 2420 931 2485 omnium,
962 2420 1056 2490 qui
1085 2435 1251 2490 super
1285 2428 1486 2476 terram
1523 2426 1868 2490 grassantur,
1907 2417 2022 2472 sive

421 2511 842 2578 universalium,
895 2510 1012 2566 sive
1059 2509 1422 2581 singularium
1475 2523 1700 2564 causam
1749 2506 2020 2563 contineri

418 2603 812 2674 pronuntiant;
852 2611 907 2657 et
935 2601 972 2655 ii
1000 2615 1187 2656 revera
1229 2617 1248 2653 ι
1296 2605 1599 2672 posuerunt
1631 2600 1687 2654 in
1722 2598 1922 2654 calum
1956 2612 2022 2655 os

417 2708 604 2762 suum,
641 2711 663 2746 ι
697 2707 825 2749 cum
856 2693 1035 2747 sidera
1063 2691 1169 2747 alia
1205 2691 1472 2758 maleﬁca,
1503 2691 1606 2745 alia
1637 2690 1876 2746 beneﬁca
1897 2704 2022 2746 esse

417 2785 644 2853 dicunt;
696 2800 823 2840 cum
855 2785 1067 2840 nullum
1102 2793 1314 2839 astrum
1349 2799 1378 2838 a
1416 2798 1597 2838 rerum
1625 2782 1871 2838 omnium
1908 2781 2019 2835 Deo

418 2878 488 2933 ad
515 2877 569 2933 id
602 2877 885 2933 conditum
938 2876 1042 2944 sit,
1087 2885 1150 2930 ut
1197 2886 1413 2942 noceat,
1458 2875 1603 2930 sicut
1631 2890 1662 2928 ιι
1695 2872 1928 2928 Jeremia
1963 2873 2018 2926 in

418 2967 655 3025 Threnis
688 2969 954 3040 scriptum
1004 2977 1089 3024 est
1123 2968 1190 3022 τι
1232 2983 1250 3018 ι
1295 2966 1373 3021 Es
1421 2981 1518 3022 ore
1547 2965 1814 3020 Altissimi
1858 2980 2014 3035 egre-

422 3057 642 3118 dientur
673 3061 904 3117 honesta
950 3068 1005 3115 et
1038 3060 1206 3116 bona.
1255 3069 1275 3111 ι
1309 3056 1786 3124 Quemadmodum
1834 3065 2017 3111 autem

2120 582 2453 654 σύμπαυμα,
2483 581 2579 634 κα).
2613 578 3062 650 φυσιολογοῦντες
3105 579 3172 631 τὰ
3217 577 3361 648 ὑγρά
3403 574 3715 644 λεγέτωσαν

2118 671 2384 726 κινεῖσθαι
2423 670 2493 725 τὰ
2541 672 2601 725 ἐν
2639 673 2704 742 τῇ
2751 671 2982 742 κεφαλῇ,
3022 672 3165 725 κατά
3200 687 3321 723 τινα
3369 667 3716 739 συμπάθειαν

2117 762 2218 834 τὴν
2267 763 2404 833 πρὸς
2443 763 2506 816 τὸ
2557 761 2878 834 σεληνιακὸν
2921 761 3068 832 φῶς,
3111 760 3284 833 ὑγρὰν
3333 759 3458 830 ἔχον
3508 758 3714 829 φύσινο

2117 859 2280 928 ἡμεῖς
2310 856 2367 910 δὲ
2411 856 2462 909 οἰ
2505 856 2600 910 καὶ
2641 855 2720 928 τῷ
2762 854 3083 925 Εὑαγγελίῳ
3126 851 3494 916 πιστεύοντες,
3529 852 3611 904 ὅτι
3653 851 3716 903 τὺ

2119 948 2332 1020 νόσημα
2375 947 2534 1001 τοῦτο
2576 947 2687 1002 ἀπὺ
2733 947 3046 1018 πνεύματος
3093 944 3404 1015 ἀκαθάρτου
3426 984 3440 1007 ,
3491 943 3713 1006 ἀλάλου,

2120 1041 2214 1096 καὶ
2246 1040 2435 1112 κωφοῦ
2468 1043 2527 1094 ὲν
2571 1044 2687 1104 τοῖς
2730 1042 3032 1111 πάσχουσιν
3065 1039 3196 1093 αὐτὸ
3229 1037 3516 1108 θεωρεῖται
3563 1037 3716 1107 ἐνερ-

2119 1131 2404 1204 γούμενον,
2431 1131 2669 1202 ὁρῶντες
2691 1130 2768 1194 δὲ,
2797 1131 2880 1184 ὅτι
2908 1129 3003 1183 καὶ
3026 1130 3074 1182 οἰ
3105 1127 3401 1198 εἰθισμένοι
3423 1143 3496 1178 πα
3508 1125 3718 1198 ραπλη-

2120 1223 2253 1287 σίως
2293 1225 2406 1287 τοῖς
2448 1222 2719 1286 ὲπαοιδοῖς
2757 1221 2869 1276 τῶν
2915 1220 3228 1289 Αἰγυπτίων
3281 1217 3716 1287 ἐπαγγέλλεσθαι

2118 1316 2220 1386 τὴν
2252 1317 2395 1370 κατὰ
2428 1317 2556 1380 τοὺς
2579 1313 2852 1378 τοιούτους
2873 1313 3174 1385 θεραπείαν
3204 1310 3421 1364 δοκοῦσί
3449 1329 3576 1363 ποτε
3603 1312 3718 1363 ἐπι-

2119 1407 2410 1478 τυγχάνειν
2443 1410 2502 1460 ὲν
2536 1408 2739 1472 αὐτοῖς,
2773 1407 3041 1477 φήσομεν,
3067 1405 3149 1458 ὅτι
3185 1405 3418 1475 μήποτε,
3453 1403 3593 1470 ὑπὲρ
3619 1401 3714 1455 τοῦ

2120 1500 2425 1554 διαϐάλλειν
2458 1499 2526 1552 τὰ
2560 1499 2832 1570 κτίσματα
2876 1495 2974 1550 τοῦ
3007 1495 3165 1558 Θεοῦ,
3203 1495 3290 1548 ἵνα
3330 1513 3348 1546 ι
3404 1495 3500 1547 καὶ
3534 1494 3716 1547 ἀδικία

2123 1593 2204 1655 εἰς
2234 1592 2294 1644 τὸ
2319 1591 2451 1662 ὕψος
2483 1589 2711 1662 λαληθῇ,
2738 1589 2835 1644 καὶ
2865 1588 3068 1643 θῶνται
3099 1589 3178 1644 εἰς
3199 1586 3425 1658 οὐρανὸν
3448 1587 3510 1638 τὸ
3543 1587 3717 1656 στόμα

2122 1684 2322 1749 αὐτῶν,
2364 1704 2383 1736 I
2422 1683 2482 1739 τὸ
2512 1684 2822 1756 ἀκάθαρτον
2852 1682 3013 1737 τοῦτο
3047 1681 3266 1752 πνεῦμα
3312 1681 3568 1750 ἐπιτηρεῖ
3601 1679 3715 1750 (86)

2122 1793 2276 1840 τινας
2306 1775 2724 1848 σχηματισμοὺς
2751 1775 2852 1846 τῆς
2881 1775 3133 1847 σελήνης,
3163 1777 3257 1829 καὶ
3282 1775 3457 1838 οὕτως
3480 1777 3714 1846 ἐνεργεῖ,

2056 1843 2095 1898 Β
2125 1868 2191 1922 ἶν’
2222 1869 2288 1920 ὲκ
2443 1843 2730 1940 τηρήσεως
2759 1843 2854 1920 τοῦ
2897 1843 3042 1922 κατ-ὰ
3068 1843 3161 1922 τὸν
3184 1869 3386 1922 τοιόνδε
3417 1868 3518 1939 τῆς
3556 1843 3715 1937 σελή-

2124 1977 2222 2032 νης
2256 1959 2640 2031 σχηματισμὸν
2682 1960 2913 2029 πάσχειν
2947 1960 3072 2023 τοὺς
3112 1958 3455 2031 ἀνθρώπους,
3485 1959 3584 2028 τὴν
3632 1959 3718 2013 αἰ-

2123 2054 2246 2105 τίαν
2281 2050 2409 2123 δόξῃ
2449 2049 2544 2104 τοῦ
2591 2049 2910 2120 τηλικούτου
2953 2051 3148 2116 κακοῦ,
3183 2051 3258 2123 μὴ
3301 2051 3362 2104 τὸ
3391 2050 3586 2104 ἄλαλον
3622 2052 3718 2103 καὶ

2124 2141 2308 2212 κωφὸν
2335 2139 2632 2210 λαμϐάνειν
2670 2139 2968 2210 δαιμόνιον,
3001 2139 3137 2194 ἀλλὰ
3183 2140 3354 2210 μέγας
3399 2141 3457 2192 ὲν
3500 2139 3718 2210 οὐρανῷ

2124 2231 2369 2303 φωστὴρ,
2415 2233 2444 2284 ὁ
2493 2230 2828 2301 τεταγμένος
2877 2232 2956 2295 εἰς
3006 2231 3182 2302 ἀρχὰς
3216 2230 3320 2301 τῆς
3357 2231 3572 2294 νυκτὸς,
3623 2231 3718 2284 καὶ

2127 2323 2400 2394 μηδεμίαν
2449 2321 2588 2392 ἔχων
2636 2322 2809 2392 ἀρχὴν
2856 2321 2955 2392 τῆς
2997 2322 3253 2394 τοιαύτης
3298 2324 3357 2376 ὲν
3405 2321 3716 2394 ἀνθρώποις

2122 2416 2301 2470 νόσου.
2351 2432 2370 2466 I
2417 2414 2526 2467 Καὶ
2559 2412 2773 2466 ἀδικίαν
2804 2430 2867 2481 γε
2899 2416 2981 2478 εἰς
3007 2414 3068 2467 τὸ
3101 2413 3235 2484 ῦψος
3267 2415 3379 2484 (87)
3430 2413 3649 2468 λαλοῦσι
3691 2433 3712 2465 I

2122 2508 2322 2570 πάντες
2349 2507 2464 2559 ὅσοι
2498 2505 2648 2576 παρά
2687 2505 2786 2576 τὴν
2817 2505 2928 2559 τῶν
2962 2508 3179 2577 ἄστρων
3226 2505 3410 2576 σχέσιν
3445 2505 3606 2575 φασὶν
3634 2499 3715 2557 el-

2121 2618 2210 2654 ναι
2235 2600 2336 2670 τὴν
2370 2598 2550 2652 αἰτίαν
2577 2598 2795 2652 πάντων
2826 2597 2936 2651 τῶν
2965 2597 3059 2652 ἐπὶ
3085 2599 3208 2668 γῆς,
3245 2596 3358 2650 εἴτε
3404 2597 3716 2651 καθολικῶν

2121 2694 2230 2746 εἴτε
2269 2696 2364 2746 καὶ
2411 2691 2522 2744 τῶν
2567 2689 2684 2744 καθ’
2726 2691 2955 2744 ἕκαστον
3006 2691 3434 2762 συμπτωμάτων
3461 2707 3474 2720 ο
3521 2691 3617 2744 καὶ
3663 2690 3716 2743 οἱ

2119 2783 2350 2839 τοιοῦτοί
2379 2801 2442 2854 γε
2489 2783 2706 2855 ἀληθῶς
2757 2801 2776 2834 ι
2820 2782 3004 2837 ἔθεντο
3048 2785 3128 2848 εἱς
3172 2783 3399 2854 οὐρανὸν
3431 2783 3492 2835 τὸ
3539 2782 3716 2854 στόμα

2119 2876 2324 2942 αὐτῶν,
2349 2895 2368 2928 I
2408 2877 2738 2942 κακοποιούς
2765 2895 2918 2942 τινας
2961 2875 3210 2944 λέγοντες
3235 2871 3377 2929 εἶναι
3417 2874 3526 2927 τῶν
3557 2876 3717 2929 ἀστέ-

2121 2989 2253 3042 ρων,
2288 2971 2384 3025 καὶ
2424 2970 2617 3034 ἄλλους
2651 2969 3033 3040 ἀγαθοποιούς·
3079 2968 3293 3032 οὐδενὸς
3319 2969 3522 3039 ἁστρου
3558 2984 3714 3036 γενος

2122 3064 2284 3134 μένου
2321 3063 2427 3117 ὑπὸ
2463 3061 2558 3116 τοῦ
2591 3061 2727 3117 Θεοῦ
2769 3062 2878 3116 τῶν
2912 3061 3068 3127 ὅλων,
3111 3061 3197 3114 ἵνα
3241 3063 3532 3132 κακοποιῇ,
3572 3062 3717 3116 κατά

425 3157 672 3224 lmpurus
700 3151 789 3207 ille
817 3151 1044 3222 spiritus
1071 3150 1325 3206 morbum
1363 3151 1509 3205 hunc
1540 3147 1779 3203 eﬁieiens
1807 3147 1900 3218 qui
1935 3147 2016 3202 lu-

2119 3172 2183 3223 γε
2220 3153 2312 3208 τὸν
2346 3153 2636 3224 Ἱερεμίαν,
2680 3154 2756 3217 ὡς
2796 3154 2855 3206 ὲν
2899 3151 3129 3223 Θρήνοις
3165 3149 3508 3222 γέγραπται’
3553 3167 3572 3201 ι
3620 3150 3714 3201 Ἐκ

423 3245 639 3300 naticus
686 3243 1010 3314 appellatur,
1067 3243 1210 3298 lunae
1243 3241 1445 3312 ﬁguras
1472 3240 1745 3306 observat,
1797 3249 1856 3294 ut
1887 3252 2013 3294 eum

2126 3242 2393 3314 στόματος
2431 3243 2638 3314 Κυρίου
2679 3241 2790 3313 (88)
2835 3240 3170 3306 ἐξελεύσεται
3216 3241 3287 3293 τὰ
3336 3240 3476 3294 καλὰ
3513 3240 3606 3294 καί
3652 3242 3716 3294 τὸ

421 3342 578 3392 vexet
606 3333 702 3405 qui
732 3333 837 3390 sibi
861 3333 1026 3388 certis
1054 3332 1122 3388 de
1155 3332 1340 3388 causis
1378 3331 1610 3386 traditus
1651 3338 1757 3394 est,
1801 3345 1904 3386 nec
1933 3330 2015 3385 di-

419 3439 588 3495 gnum
634 3439 695 3480 se
737 3424 989 3496 praestitit
1017 3423 1110 3494 qui
1139 3423 1314 3494 angeli
1349 3422 1614 3478 custodiae
1646 3421 2015 3476 committere-

419 3527 544 3584 tur;
578 3516 653 3573 ita
685 3525 742 3573 et
777 3518 916 3573 alios
945 3519 1171 3588 spiritus
1194 3531 1259 3572 ac
1288 3517 1565 3572 daemones
1590 3514 1822 3569 aliorum
1861 3513 2012 3569 side-

418 3623 544 3665 rum
581 3608 939 3679 ﬁgurationes
979 3610 1272 3665 observare
1314 3607 1611 3662 verisimile
1643 3615 1761 3670 est,
1804 3614 1866 3660 ut
1903 3621 2013 3660 non

418 3701 549 3756 luna
582 3701 870 3768 duntaxat,
902 3701 996 3757 sed
1027 3709 1082 3757 et
1125 3701 1233 3772 alia
1265 3711 1414 3755 astra
1437 3697 1922 3754 obtrectationibus
1957 3707 2015 3752 et

417 3791 685 3848 conviciis
707 3792 778 3847 ah
806 3793 874 3848 iis
902 3801 1230 3864 appetantur
1261 3792 1356 3862 qui
1399 3809 1418 3844 ι
1461 3790 1804 3862 iniquitatem
1839 3789 1895 3844 in
1924 3801 2014 3842 ex-

417 3884 569 3940 celso
597 3885 920 3954 loquuntur.
963 3901 984 3935 »
1018 3882 1405 3940 Genethliacos
1431 3890 1578 3938 certe
1611 3881 1804 3936 audire
1833 3895 2013 3950 opera:

415 3973 655 4046 pretium
688 3983 773 4029 est
798 4013 814 4038 .
860 3973 1091 4029 insaniae
1135 3974 1319 4028 omnis
1349 3983 1404 4030 et
1454 3972 1656 4028 furoris
1685 3987 1716 4027 a
1760 3971 2010 4027 daemone

418 4065 656 4124 immissi
690 4081 912 4124 causam
941 4066 1010 4123 ad
1046 4065 1191 4122 luna:
1240 4067 1445 4137 ﬁguras
1489 4063 1808 4120 referentes.
1861 4063 2013 4118 Conv

2121 3333 2345 3402 ἀγαθόν.
2382 3352 2402 3386 ι
2433 3334 2595 3398 Εἰκὸς
2615 3333 2692 3398 δὲ,
2713 3333 2815 3396 ὅτι,
2848 3331 3040 3403 ὥσπερ
3071 3330 3228 3384 τοῦτο
3248 3331 3310 3385 τὺ
3342 3331 3599 3403 ἐνεργοῦν
3621 3332 3714 3384 τὸν

2120 3423 2458 3494 καλούμενον
2481 3424 2840 3497 σεληνιασμδν
2874 3423 3094 3494 πνεῦμα
3122 3423 3431 3494 ἀκάθαρτον
3462 3425 3715 3496 ἐπιτηρεῖ

2119 3517 2248 3580 τοὺς
2297 3517 2400 3587 τῆς
2443 3517 2672 3588 σελήνης
2715 3517 3150 3588 σχηματισμοὺς,
3185 3516 3273 3569 ἶνα
3317 3518 3587 3590 ὲνεργήσῃ
3630 3517 3713 3579 εἰς

2114 3604 2209 3660 τδν
2248 3606 2336 3660 διά
2377 3623 2528 3672 τινας
2567 3605 2746 3672 αἰτίας
2791 3607 3217 3678 παραδιδόμενον
3247 3607 3356 3679 (89)
3401 3607 3570 3678 αὐτῷ,
3616 3608 3712 3661 καὶ

2119 3695 2196 3767 μὴ
2223 3697 2528 3767 ποιήσαντα
2561 3697 2752 3752 ἑαυτὸν
2785 3697 2933 3762 ἄξιον
2965 3699 3210 3769 φρουρᾶς
3237 3696 3540 3766 ἀγγελικῆς
3573 3698 3711 3765 (90),

2115 3785 2293 3851 οὕτως
2333 3789 2430 3841 καὶ
2474 3788 2610 3842 ἄλλα
2640 3790 2947 3862 πνεύματα,
2977 3789 3071 3843 καὶ
3096 3789 3352 3859 δαιμόνια
3380 3790 3520 3862 πρός
3556 3805 3713 3854 τινας

2118 3879 2536 3951 σχηματισμοὺς
2573 3880 2680 3934 τῶν
2714 3881 2888 3936 ἄλλων
2911 3877 3176 3953 ἀστέρων,
3199 3881 3286 3934 ἵνα
3321 3881 3397 3954 μὴ
3431 3881 3591 3951 μόνον
3622 3897 3713 3933 σεη

2117 3967 2276 4040 λήνη,
2310 3969 2446 4023 ἀλλά
2473 3970 2569 4024 καὶ
2605 3973 2654 4024 οἱ
2695 3973 2878 4025 λοιποὶ
2911 3970 3295 4043 λοιδορηθῶσιν
3343 3972 3572 4042 ἀστέρες
3599 3973 3712 4026 ὑπὸ

2123 4079 2143 4113 ι
2179 4061 2290 4116 τῶν
2334 4063 2551 4117 ἀδικίαν
2583 4065 2664 4128 εἰς
2701 4063 2765 4118 τὸ
2793 4063 2926 4135 ὕψος
2967 4064 3326 4120 λαλούντων.»
3376 4064 3536 4117 Ἔστι.
3576 4063 3713 4133 γοῦν

1623 4173 1859 4233 VETUS
1892 4169 2484 4230 INTERPRETATIO.

420 4284 666 4333 vocatur.
696 4273 888 4347 Medici
923 4289 1054 4347 ergo
1083 4272 1662 4347 loquantnrsibiquae
1687 4269 1908 4347 volun_t,_
1929 4269 2023 4340 qui
2069 4284 2168 4347 nec
2192 4270 2534 4347 immundum
2564 4269 2818 4347 spiritum
2847 4269 3205 4347 arbitrantur,
3239 4269 3333 4326 sed
3362 4269 3710 4347 corporalem

418 4347 660 4416 aliquam
703 4339 1037 4416 passionem,
1066 4353 1122 4416 et
1149 4339 1340 4416 dicunt
1382 4339 1624 4416 humida
1655 4341 1862 4395 moveri
1895 4339 1961 4394 in’
1982 4340 2161 4416 capite
2195 4341 2496 4416 secundum
2533 4339 2774 4416 aliquam
2813 4342 3277 4416 comparationem
3309 4341 3375 4394 ad
3407 4339 3587 4416 lumen
3623 4341 3712 4392 In-

419 4409 572 4486 nar'e,
600 4409 748 4486 quod
776 4409 1060 4486 humidam
1075 4413 1250 4486 habet
1274 4423 1547 4486 naturam.
1578 4411 1899 4486 Nos_autem
1934 4409 2028 4480 qui
2062 4409 2358 4486 Evangelio
2384 4425 2576 4486 sumus
2602 4409 2908 4486 credentes,
2936 4409 3172 4486 dicimus
3219 4413 3362 4466 hanc
3393 4411 3708 4486 passionem

417 4479 763 4540 immundum
793 4483 1046 4553 spiritum
1073 4484 1127 4537 in
1156 4484 1472 4540 hominibus
1498 4482 1733 4553 cperari.
1769 4479 2055 4553 Obse_rvat_
2075 4479 2504 4553 enim‘quaedam
2539 4481 2817 4553 schemata
2852 4483 3013 4553 lunae,
3041 4482 3206 4553 etsic
3233 4490 3513 4553 speratur,
3547 4490 3606 4533 ut
3636 4482 3712 4536 ab

418 4553 802 4623 observatione
825 4549 1193 4623 quorumdam
1225 4549 1566 4609 schematum
1599 4553 1744 4623 lunae
1769 4551 1877 4620 pati
1910 4549 2179 4623 homines
2197 4549 2513 4623 mentiatur,
2546 4561 2602 4604 et
2633 4565 2729 4623 per
2761 4552 2869 4623 hoc
2897 4552 3226 4623 culpabilem
3261 4549 3354 4623 Dei
3390 4561 3707 4623 creaturam

418 4622 661 4678 ostendit
691 4642 704 4677 :
742 4633 802 4678 ut
828 4617 1043 4686 omnes.
1072 4623 1215 4678 sicut
1264 4625 1504 4680 diximus
1524 4667 1539 4691 ,
1575 4617 2006 4692 iniquitatemin
2033 4619 2596 4692 excelsonloqnantur,
2631 4617 2722 4690 qui
2753 4617 3069 4678 existimant
3100 4638 3167 4677 ex
3197 4617 3483 4678 elli'cientia
3521 4621 3710 4692 stella-

418 4708 542 4750 rum
575 4692 878 4748 consistere
905 4707 1128 4748 causam
1161 4694 1407 4749 omnium
1439 4690 1849 4757 infirmitatum,
1899 4691 2017 4744 sive
2050 4690 2384 4761 generalium
2406 4730 2422 4756 ,
2451 4691 2567 4745 sive
2603 4692 2923 4760 specialium
2944 4731 2960 4756 ,
2991 4693 3348 4747 criminantes
3383 4706 3547 4761 opera
3570 4690 3707 4761 Dei,

417 4771 476 4819 et
499 4763 765 4834 quasdam
800 4762 1022 4834 quidem
1056 4764 1244 4834 stellas
1288 4767 1534 4820 dicentes
1560 4762 1859 4834 maleﬁcas,
1890 4760 2156 4834 quasdam
2185 4773 2364 4834 autem
2385 4759 2692 4834 beneﬁciis,
2728 4778 2854 4834 cum
2889 4763 3045 4834 nulla
3064 4762 3287 4834 stellaia
3316 4759 3435 4834 Deo
3463 4762 3536 4817 sit
3562 4759 3708 4834 facta

419 4842 482 4890 ut
511 4828 836 4889 fualefaeiat'.
876 4832 1188 4888 Secundum
1219 4833 1511 4890 Jeremiam
1543 4833 1713 4896 enim,
1743 4832 1885 4886 sicut
1913 4829 1964 4900 in
1997 4828 2507 4886 Lamentationibus
2531 4830 2659 4884 dicit
2693 4849 2708 4885 :
2741 4851 2760 4883 ι
2803 4831 2877 4887 De
2903 4847 2998 4887 ore
3029 4831 3244 4887 Domini
3273 4832 3385 4886 non'
3412 4833 3712 4900 precedent

417 4905 562 4958 mala
588 4913 643 4958 et
675 4905 838 4969 bona,
875 4921 895 4955 ι
928 4902 1155 4958 forsitan
1184 4913 1366 4958 autem
1401 4903 1546 4958 sicut
1572 4903 1674 4957 iste
1705 4899 2024 4970 immundus
2050 4900 2276 4969 Spiritus
2303 4901 2559 4956 observat
2590 4903 2837 4970 qua-:dam
2873 4902 3016 4957 luna:
3042 4903 3321 4957 schemata
3355 4899 3477 4956 ut’o

3553 4911 3708 4956 I‘CIIII'

418 4975 475 5028 in
511 4989 579 5028 eo
611 4974 706 5044 qui
735 4980 955 5044 propter
992 4975 1206 5044 aliquas
1254 4989 1451 5029 causas
1497 4973 1729 5027 traditus
1758 4981 1844 5027 est
1879 4989 1894 5025 :
1927 4969 2007 5026 sic
2033 4978 2090 5026 et
2118 4970 2212 5026 alii
2242 4972 2518 5027 daemones
2549 4969 2850 5028 secundum
2883 4973 3066 5044 aliqua
3099 4972 3383 5028 stellarum
3421 4969 3705 5028 schemata

490 5061 680 5118 ‘Psal.
711 5079 886 5131 LxxII,
921 5063 974 5132 8,
1009 5066 1065 5120 9.
1141 5065 1161 5098 '
1199 5063 1406 5119 Thren.
1435 5079 1518 5128 ιιι,
1551 5062 1640 5118 '58.

490 5174 602 5244 (86)
649 5173 719 5228 Τὸ
747 5173 1076 5244 ἀκάθαρτον
1111 5174 1286 5229 τοῦτο
1311 5174 1549 5244 πνεῦμα
1587 5172 1873 5244 ἐπιτηρεῖ,
1895 5183 2001 5228 etc.

490 5193 602 5244 uso;
650 5193 719 5228 ιο
747 5193 902 5230 ακαυ
980 5193 1076 5230 τον
1111 5193 1286 5229 τουτο
1311 5193 1549 5244 air-etwa
1587 5193 1873 5242 επιτηρει,
1895 5193 2001 5228 εις.

419 5243 785 5316 Hieronymus
833 5193 1114 5299 ίιιίῇαιιίι.
1152 5261 1227 5316 Iv,
1253 5245 1593 5316 9.4,7etxvn,
1631 5244 1719 5316 1-5.
1762 5242 2007 5316 Chryso-

417 5312 651 5440 isltomus',
674 5315 856 5371 Breuis
887 5315 1143 5370 Enarrat.
1165 5312 1629 5387 Theophylactns,
1653 5312 1999 5384 Euthymius.

469 5402 689 5440 uerius.

469 5402 689 5441 υετιυε.

488 5456 604 5527 (87)
641 5457 755 5511 Kal
783 5455 1024 5510 ἀδικίαν
1053 5471 1119 5522 γε
1149 5457 1237 5520 εἰς
1268 5454 1334 5527 ad
1358 5455 1537 5527 ὕψος.
1574 5465 1678 5510 etc.
1717 5452 2002 5527 Origenes,

417 5523 554 5581 tum.
581 5523 640 5581 ιιι
667 5528 723 5580 in
753 5527 938 5581 Cenes.
973 5533 1028 5578 et
1075 5527 1262 5580 homil.
1295 5525 1328 5578 5
1370 5525 1425 5577 in
1466 5525 1664 5578 Jerem.
1711 5535 1764 5578 et
1799 5523 2001 5589 passim

418 5598 770 5666 astrologiam
806 5597 1135 5666 insectatur;
1164 5612 1326 5666 quem
1360 5611 1566 5651 Inorcm
1601 5603 1785 5650 tenent
1815 5592 2002 5648 Patres

421 5664 684 5720 universi.
722 5665 826 5719 Sed
863 5666 931 5718 de
962 5665 1047 5719 his
1073 5664 1222 5720 alibi.
1261 5664 1336 5718 In.

494 5733 607 5801 (88)
667 5738 768 5789 Ἐκ
816 5736 1114 5802 στόματος
1152 5736 1395 5801 Κυρίου,
1428 5744 1531 5788 etc.
1565 5729 1771 5786 Thren.
1800 5747 1880 5793 III.
1905 5731 1996 5796 58,

422 5806 778 5872 Septuaginta
837 5802 1063 5859 Sixtina:
1113 5805 1406 5869 editionis,
1470 5815 1520 5860 et
1587 5802 1996 5873 manuscriptus

2112 5171 2539 5247 Alexandrinus,
2588 5173 2682 5247 Ἐκ
2725 5175 2993 5247 στόματος
3041 5173 3298 5247 Ὑψίστου
3340 5176 3441 5247 οὐκ
3482 5175 3701 5242 ἐξελεύ-

2115 5243 2365 5315 σεταιτά
2395 5243 2542 5315 κακά
2579 5246 2673 5298 καὶ
2713 5246 2774 5299 τὸ
2799 5243 3021 5315 ἀγαθόν.
3058 5243 3465 5315 COmplutensis
3505 5248 3700 5314 editio,

2111 5315 2211 5388 οῦκ
2237 5313 2576 5388 ἐξελεύσεται
2604 5317 2749 5369 κακά
2775 5313 2868 5368 καὶ
2895 5316 2970 5388 τὸ
3017 5313 3334 5388 ἆγιονξΡτο
3377 5316 3529 5388 κακά
3569 5313 3702 5388 legit

2113 5384 2378 5453 Origenes
2416 5385 2576 5450 καλά,
2602 5399 2654 5440 et
2699 5386 2928 5453 negandi
2977 5387 3302 5453 particulam
3337 5387 3578 5441 sustulit.
3616 5384 3692 5445 l'n.

2188 5455 2302 5522 (89)
2343 5455 2446 5508 Διά
2473 5473 2638 5521 τινας
2663 5455 2856 5521 αἰτίας
2885 5455 3386 5525 παραδιδόμενον,
3424 5467 3528 5510 etc.
3565 5457 3694 5513 llic-

2113 5535 2419 5595 Ijonynius:
2471 5545 2489 5575 ι
2519 5526 2657 5591 Quia
2709 5535 2928 5595 prepter
2979 5536 3199 5594 peccata
3242 5543 3340 5582 sua
3387 5543 3415 5579 ιι
3447 5528 3696 5583 daemone

2111 5594 2289 5649 fuerat
2317 5611 2635 5664 Oppressus.
2666 5613 2683 5646 ι
2713 5597 2789 5648 In.

2180 5665 2294 5734 (90)
2331 5667 2542 5737 Ἄξιον
2566 5665 2840 5737 φρουρᾶς
2872 5665 3212 5736 ἀγγελικῆς.
3248 5667 3381 5724 Vide
3413 5664 3694 5737 Origenia-

2109 5751 2297 5790 norum
2328 5736 2415 5790 lib.
2446 5752 2505 5802 II,
2539 5753 2590 5806 q.
2620 5737 2672 5803 5,
2700 5753 2752 5790 ιι.
2784 5736 2875 5792 28.
