4146 6434
466 359 598 413 1111

1939 356 2264 412 OMGENIS

3609 364 3742 418 111Ξ

463 481 626 536 tidem
658 477 820 533 habet
849 477 992 534 sicut
1021 492 1246 547 granum
1275 477 1480 548 sinapis
1513 497 1525 532 :
1559 477 1754 532 deinde
1786 478 1879 546 qui
1929 477 2035 531 tali:

2159 479 2216 530 ἐν
2246 478 2324 550 τῷ
2347 479 2628 550 λεγομένῳ
2674 478 3083 551 σεληνιάζεσθαι
3140 479 3398 551 πνεῦμα)’
3465 500 3484 532 ι
3515 481 3736 535 Μετάϐα

457 573 565 629 erit
592 573 736 628 dicet
759 569 932 625 monti
964 569 1090 622 huic
1117 569 1390 640 (spiritum
1432 580 1641 625 mutum
1668 579 1723 625 et
1749 571 1973 626 surdum
1997 571 2052 624 in

459 678 529 718 eo
568 663 662 732 qui
708 659 982 715 lunaticus
1021 673 1145 714 esse
1184 659 1416 724 dicitur,
1463 661 1795 715 intellectum
1846 659 2003 730 volo)
2035 680 2047 714 :

461 773 484 806 ι
517 752 709 808 Transi
761 751 950 818 illinc;
997 768 1016 802 ι
1073 750 1142 805 ab
1173 749 1392 806 homine
1419 752 1666 808 videlicet
1699 752 1840 808 male
1861 751 2054 807 atl‘ecto

459 847 513 900 in
541 846 797 916 abyssum
835 841 1102 908 fortasse,
1151 861 1170 894 ι
1205 856 1259 898 et
1291 844 1563 900 transibit.
1614 865 1632 896 ι
1669 843 1798 900 Inde
1835 853 2050 914 arrepta

457 953 592 994 ansa
655 953 782 993 cum
841 936 1150 1006 apostolica
1202 940 1531 994 auctoritate
1601 938 1809 994 dixisse
1857 937 2052 1008 opinor

456 1031 783 1101 Apostolum
815 1032 858 1063 "
887 1051 900 1085 :
927 1049 946 1085 ι
981 1027 1049 1085 Ει
1078 1032 1124 1086 si
1149 1031 1391 1087 habuero
1418 1046 1635 1085 omnem
1671 1031 1850 1097 ﬁdem,
1885 1032 1957 1086 ita
1991 1040 2050 1084 ut

453 1132 671 1180 montes
700 1122 1058 1191 transferam;
1096 1141 1116 1176 ›
1140 1138 1250 1180 nec
1279 1139 1448 1177 unum
1479 1124 1574 1178 sed
1599 1124 1750 1178 enim
1783 1124 2051 1178 duntaxat

451 1222 719 1281 montem,
768 1215 866 1270 sed
911 1223 965 1268 et
1003 1213 1191 1284 plures
1225 1212 1373 1268 illius
1405 1213 1580 1268 instar
1623 1211 1901 1276 transfert,
1952 1212 2046 1282 qui

451 1304 618 1360 habet
647 1320 866 1360 omnem
901 1305 1062 1360 ﬁdem
1091 1320 1212 1375 quae
1249 1319 1422 1375 grano
1459 1305 1666 1373 sinapis
1692 1304 1888 1359 similis
1920 1312 2042 1370 est;

451 1412 553 1451 nec
585 1396 885 1466 quidquam
913 1411 1079 1466 supra
1113 1396 1257 1451 vires
1283 1395 1432 1451 illius
1465 1395 1569 1450 erit
1611 1395 1706 1466 qui
1742 1403 1888 1450 tanta
1938 1394 2044 1449 lide

448 1491 695 1562 pollebit.
729 1490 872 1558 Quin
903 1499 958 1546 et
1001 1491 1068 1546 ad
1116 1490 1248 1546 illud
1283 1492 1524 1546 animum
1567 1491 1915 1545 advertamus
1948 1489 1990 1522 "
2023 1510 2037 1545 ε

455 1603 473 1634 ‹
514 1583 627 1641 Hoc
673 1600 845 1656 genus
896 1598 1002 1638 non
1038 1583 1286 1654 ejicitur,
1347 1582 1454 1638 nisi
1503 1597 1600 1652 per
1637 1581 1942 1638 orationem
1987 1595 2044 1638 et

447 1675 737 1747 jejunium,
777 1696 794 1728 ι
829 1685 888 1730 ιιι
927 1677 973 1732 si
1005 1679 1059 1731 in
1090 1677 1337 1732 curando
1384 1675 1570 1746 aliquo
1597 1691 1724 1731 cum
1768 1675 2038 1746 ejusmodi

446 1765 594 1822 malo
621 1767 965 1823 eontlictante
991 1767 1156 1838 580
1175 1782 1339 1838 opera
1367 1769 1664 1839 aliquando
1697 1784 1725 1823 a
1759 1769 1917 1825 nobis
1941 1784 2041 1841 po-

443 1859 620 1915 nenda
651 1861 742 1926 sit,
775 1875 882 1916 non
911 1861 1284 1917 exorcismum
1316 1861 1700 1926 adhibeamus,
1737 1877 1914 1932 neque
1952 1862 2039 1917 in-

440 1957 808 2022 terrogemus,
836 1969 939 2009 nec
966 1954 1310 2009 immundum
1345 1954 1597 2024 spiritum
1624 1956 1782 2025 quasi
1812 1955 2039 2011 audien-

443 2053 551 2100 tem
580 2045 949 2115 alloquamur,
989 2046 1083 2101 sed
1115 2046 1353 2101 orationi
1400 2055 1456 2102 et
1502 2046 1717 2117 jejunio
1759 2057 2035 2115 vacantes,

2157 570 2363 635 ένθεν,›
2405 571 2649 640 δηλονότι
2682 571 2792 626 ἀπὺ
2842 571 2936 625 τοῦ
2970 573 3272 643 πάσχοντος
3305 571 3595 642 ἀνθρώπου
3648 574 3742 624 ἐπὶ

2157 663 2295 733 τάχα
2327 663 2426 733 τὴν
2453 662 2713 728 ἀδυσσον,
2752 682 2770 714 t
2799 663 2893 717 καὶ
2921 664 3345 735 μεταϐήσεται.»
3388 663 3448 717 Ὀ
3480 663 3537 716 δὲ
3578 663 3740 716 11:6-

2157 753 2341 816 στολος
2371 752 2642 818 ἐντεῦθεν,
2679 749 2856 826 οἶμαι,
2904 755 3004 827 τὴν
3037 755 3294 828 ἀφορμὴν
3350 755 3552 821 λαϐὼν,
3601 755 3736 826 μετὰ

2153 845 2518 917 ἁποστολικῆς
2547 843 2699 899 εἶπεν
2723 846 2968 912 ἐξουσίας
2995 848 3074 901 τό’
3111 867 3128 896 ι
3160 851 3269 903 Καὶ
3294 848 3386 902 ἐὰν
3417 849 3526 919 ἔχω
3559 851 3740 904 πᾶσαν

2151 937 2250 1009 τὴν
2279 937 2481 1000 πίστιν,
2509 937 2650 990 ὥστε
2679 938 2781 1010 ὅρη
2831 938 3191 1009 μεθιστάνειν·
3209 961 3228 992 ι
3266 941 3326 994 ού
3355 941 3464 1013 γὰρ
3488 941 3546 994 ἓν
3577 942 3739 1012 μόνον

2150 1029 2296 1102 ὅρος,
2326 1029 2462 1083 ἀλλά
2491 1031 2587 1083 καὶ
2615 1030 2684 1084 τά
2716 1032 2976 1099 ἀνάλογον
3006 1031 3117 1101 (94)
3152 1032 3301 1104 αὐτῷ
3327 1033 3549 1086 πλείονα
3578 1033 3737 1104 μεθί-

2152 1140 2342 1194 στησιν
2367 1123 2397 1175 ὁ
2425 1123 2564 1194 ἔχων
2594 1125 2773 1178 πᾶσαν
2802 1125 2902 1196 τὴν
2940 1125 3144 1191 πίστιν,
3175 1127 3297 1198 ἥτις
3326 1127 3473 1179 ἐστὶν
3506 1125 3581 1189 ὡς
3607 1125 3736 1179 κόκ-

2149 1233 2244 1278 κος
2271 1215 2561 1279 σινάπεωςο
2595 1217 2690 1270 καὶ
2721 1217 2874 1270 οὐδέν
2925 1234 2990 1286 γε
3027 1217 3203 1289 τούτῳ
3230 1218 3308 1289 τῷ
3354 1219 3448 1272 ἐπὶ
3479 1217 3733 1273 τοσοῦτον

2151 1307 2455 1361 πιστεύοντι
2481 1308 2634 1361 ἔσται
2681 1309 2959 1362 ἀδύνατον.
2994 1309 3329 1381 Προσχῶμεν
3375 1310 3433 1362 δὲ
3485 1310 3580 1362 καὶ
3627 1310 3728 1380 np-

2158 1421 2176 1452 ι
2204 1401 2377 1454 Τοῦτο
2401 1401 2462 1453 τὸ
2500 1401 2656 1470 γένος
2699 1402 2801 1455 οὐκ
2853 1402 3213 1474 ἐκπορεύεται
3250 1404 3298 1455 εἰ
3350 1403 3425 1473 μὴ
3472 1402 3530 1454 ὲν
3563 1418 3733 1473 προσ-

2147 1497 2280 1566 ευχῇ
2321 1494 2417 1548 καὶ
2454 1494 2732 1566 νηστείᾳ,ι
2767 1495 2856 1560 ἵν’,
2880 1495 2934 1548 εἷ
2962 1511 3090 1546 ποτε
3120 1494 3228 1548 δέοι
3273 1495 3401 1564 περὶ
3436 1492 3732 1564 θεραπείαν

2145 1587 2492 1660 ἀσχολεῖσθαι
2524 1589 2674 1659 ἡμᾶς
2718 1587 2960 1641 τοιοῦτόν
2994 1604 3048 1640 τι
3082 1586 3411 1650 πεπονθότος
3459 1584 3623 1650 τινὸς,
3655 1585 3730 1656 μὴ

2144 1677 2474 1749 δρκίζωμεν,
2530 1677 2662 1749 μηδὲ
2709 1675 3096 1750 ὲπερωτῶμεν,
3155 1675 3293 1747 μηδὲ
3354 1675 3601 1746 λαλῶμεν
3654 1673 3731 1736 ὡς

2144 1769 2395 1824 ἀκούοντι
2423 1769 2501 1840 τῷ
2532 1767 2828 1840 ἀκαθάρτῳ
2858 1767 3150 1839 πνεύματι,
3185 1766 3322 1820 ἀλλὰ
3379 1763 3730 1837 σχολάζοντες

2145 1865 2425 1936 προσευχῇ
2481 1862 2576 1916 καὶ
2621 1861 2846 1934 νηστείᾳ
2902 1841 3250 1932 ἐπιτύχωμεν
3304 1856 3732 1930 προσευχόμενοι

2147 1956 2277 2028 περὶ
2308 1954 2403 2010 τοῦ
2435 1953 2785 2019 πεπονθότος,
2815 1954 2910 2007 καὶ
2959 1956 3026 2024 τῇ
3069 1951 3278 2006 ἑαυτῶν
3326 1949 3551 2022 νηστείᾳ
3583 1945 3733 2001 ἀπώ-

2147 2065 2331 2118 σωμεν
2360 2047 2456 2101 ἀπ’
2477 2046 2643 2099 αὑτοῦ
2676 2045 2738 2098 τὺ
2765 2044 3074 2117 ἀκάθαρτον
3104 2043 3340 2115 πνεῦμα.

443 2137 574 2190 dum
605 2152 704 2207 pro
733 2153 882 2208 aegro
919 2153 1107 2208 preces
1145 2137 1449 2203 fundimus,
1483 2139 1758 2209 postulata
1804 2155 2186 2211 assequamur,
2234 2149 2289 2196 et
2341 2148 2532 2196 nostro
2589 2139 2798 2210 jejunio
2848 2138 3100 2209 spiritum
3147 2134 3489 2191 immundum
3537 2133 3607 2189 ab
3665 2146 3734 2188 eo

443 2229 800 2300 depellamus.

512 2323 568 2379 8.
615 2341 636 2376 ι
682 2323 1152 2383 Couversautibus
1177 2334 1360 2383 autem
1392 2328 1501 2385 illis
1532 2328 1588 2383 in
1617 2327 1864 2395 Galilaea,
1897 2330 2037 2385 dixit

441 2413 550 2471 illis
567 2414 728 2472 Iesus
752 2435 766 2472 :
788 2416 961 2474 Filius
984 2419 1221 2476 hominis
1237 2420 1532 2477 tradendus
1548 2432 1630 2477 est
1653 2421 1706 2478 in
1728 2439 1925 2480 manus
1945 2424 2039 2480 ho-

441 2507 651 2562 minum
685 2509 750 2565 ¹⁶.
796 2528 816 2561 ι
851 2508 929 2565 Ac
953 2525 1017 2566 ea
1047 2512 1266 2582 quidem
1305 2513 1391 2568 his
1417 2514 1745 2584 aequivalere
1767 2515 2023 2571 videbuno

441 2608 529 2654 tur
549 2599 598 2633 "
623 2617 638 2655 :
667 2618 686 2650 σ
717 2599 960 2672 οωρίεεε
981 2617 1105 2658 eum
1136 2605 1425 2660 ostendere
1445 2603 1727 2676 discipulis
1749 2607 1884 2675 suis,
1907 2608 2034 2674 quia

438 2701 716 2763 oporteret
735 2710 858 2749 eum
882 2695 962 2752 ire
981 2695 1396 2770 Jerosolymam,
1421 2701 1662 2756 etmulta
1685 2701 1794 2772 pati
1811 2717 1839 2757 a
1862 2701 2038 2758 senio-

437 2785 594 2840 ribus
614 2786 1022 2858 etprincipibus
1038 2791 1412 2858 sacerdotum;
1439 2810 1456 2843 ι
1479 2792 1630 2862 atqui
1647 2807 1736 2848 res
1754 2807 1862 2847 non
1881 2792 1954 2847 ita
1978 2807 2036 2848 se

444 2873 626 2942 habet,
651 2892 752 2933 nec
773 2879 918 2964 enim
944 2879 1084 2934 idem
1108 2889 1211 2946 est,
1243 2899 1262 2934 ι
1290 2884 1578 2939 ostendere
1598 2883 1883 2954 discipulis
1903 2884 2032 2956 quia

442 2970 716 3031 oporteret
734 2979 858 3020 eum
885 2965 963 3021 ire
979 2967 1032 3021 in
1053 2966 1474 3041 Jerosolymam,
1494 2979 1549 3026 et
1568 2973 1738 3027 multa
1760 2973 1870 3042 pati
1893 2987 1922 3027 a
1949 2988 2033 3028 se-

443 3054 712 3124 nioribus,
737 3065 790 3113 et
812 3057 1149 3128 principibus
1166 3062 1535 3130 sacerdotum,
1568 3070 1622 3119 et
1645 3064 1871 3131 scribis;
1897 3073 1972 3129 et,
2008 3085 2028 3117 ι

443 3155 727 3217 postquam
762 3165 825 3205 ea
854 3166 1052 3220 passus
1080 3151 1265 3220 fuerit,
1294 3172 1312 3206 ι
1349 3155 1548 3223 occidi,
1576 3165 1649 3224 et,
1698 3176 1714 3208 ι
1741 3167 2028 3228 postquam

2220 2347 2238 2380 ι
2275 2325 2660 2399 Στρεφομένων
2689 2321 2747 2375 δὲ
2774 2319 2951 2374 αὐτῶν
2981 2320 3062 2383 εἰς
3095 2317 3404 2380 Γαλιλαίαν,
3460 2313 3612 2368 εἶπεν
3636 2316 3732 2368 αύ-

2140 2422 2255 2482 τοῖς
2282 2419 2311 2471 ό
2357 2414 2586 2487 Ἰησοῦς·
2620 2412 2819 2467 Μέλλει
2851 2414 2879 2466 ὁ
2908 2411 3036 2474 Υἱὸς
3065 2406 3159 2462 τοῦ
3187 2405 3476 2478 ἀνθρώπου
3501 2405 3732 2476 παραδί-

2142 2510 2324 2567 δοσθαι
2348 2509 2430 2570 είς
2454 2509 2643 2578 χεῖρας
2671 2503 2992 2574 ἀνθρώπων.
3009 2520 3027 2553 ι
3083 2500 3192 2554 Καὶ
3214 2497 3354 2565 δόξει
3405 2513 3471 2567 γε
3501 2495 3730 2560 ἐκείνοις

2139 2603 2316 2658 ταῦτα
2346 2599 2691 2669 ἰσοδυναμεῖν
2730 2615 2748 2648 ι
2774 2597 2856 2649 ὅτι
2889 2594 3092 2665 ἠρξατο
3111 2589 3376 2646 δεικνύειν
3406 2590 3520 2652 τοῖς
3551 2587 3729 2660 μαθη-

2141 2698 2280 2759 ταῖς,
2309 2695 2388 2747 ὃτι
2437 2692 2518 2745 δεῖ
2580 2689 2744 2744 αὐτὸν
2789 2689 2867 2750 εἰς
2927 2684 3277 2757 Ἱεροσόλυμα.
3323 2679 3598 2745 ἀπελθεῖν,
3631 2681 3729 2735 καὶ

2142 2784 2311 2840 πολλά
2334 2781 2528 2837 παθεῖν
2555 2779 2665 2835 ἀπὸ
2688 2778 2795 2832 τῶν
2823 2774 3210 2849 πρεσϐυτέρων
3239 2774 3335 2828 καὶ
3365 2771 3723 2845 ἀρχιερέων»

2140 2875 2200 2928 τὸ
2227 2874 2284 2928 δὲ
2314 2874 2414 2945 οὐχ
2441 2871 2614 2936 οὕτως
2644 2871 2778 2942 ἔχει,
2808 2870 2869 2922 οὐ
2901 2868 3012 2942 γὰρ
3043 2867 3238 2921 ταύτόν
3286 2867 3404 2918 ἐστι
3445 2865 3509 2918 τὸ
3541 2882 3559 2915 ι
3593 2863 3726 2917 ὑπο-

2138 2966 2449 3020 δείκνυσθαι
2480 2967 2592 3028 τοῖς
2625 2963 2914 3034 μαθηταῖς,
2944 2963 3026 3015 ὅτι
3080 2960 3162 3013 δεῖ
3186 2957 3348 3012 αὐτὸν
3369 2959 3450 3021 εἰς
3499 2955 3728 3029 Ἰεροσό-

2140 3057 2286 3128 λυμα
2316 3056 2592 3118 ἀπελθεῖν,
2619 3054 2714 3109 καὶ
2745 3053 2916 3108 πολλά
2939 3053 3131 3105 παθεῖν
3165 3049 3270 3103 ἀπὸ
3289 3047 3400 3102 τῶν
3422 3046 3724 3118 πρεσϐυτέ-

2143 3167 2251 3222 ρων
2284 3149 2378 3202 καὶ
2404 3145 2727 3220 ἀρχιερέων,
2763 3148 2856 3200 καὶ
2882 3141 3310 3217 γραμματέων,›
3344 3139 3440 3192 καὶ
3480 3137 3618 3210 μετά
3662 3136 3725 3189 τὸ

444 3241 660 3297 occisus
690 3239 1062 3308 fuerit,ctertia
1095 3244 1182 3301 die
1204 3261 1520 3318 resurgere,
1557 3268 1576 3301 ι
1615 3265 1679 3305 ac
1703 3251 1809 3306 dici
1839 3251 1944 3306 illis
1975 3251 2028 3305 in

2142 3240 2334 3296 παθεῖν
2360 3237 2788 3302 ἀποκτανθῆναι,
2818 3237 2912 3291 καὶ
2942 3235 3080 3308 μετά
3105 3234 3165 3288 τὸ
3197 3229 3627 3335 ἀποκτανθῆναι,
3647 3230 3720 3335 τῇ

443 3333 660 3390 Galilaea
697 3336 1059 3402 versantibus,
1093 3338 1240 3408 quod
1278 3355 1442 3411 supra
1467 3340 1690 3396 minime
1709 3341 2023 3406 didicimus,

444 3421 685 3479 futurum
716 3425 960 3484 utFilius
987 3428 1229 3486 hominis
1261 3430 1535 3500 tradatur;
1565 3449 1729 3504 supra
1751 3435 1897 3489 enim
1928 3445 2029 3490 tra-

439 3514 613 3569 ditum
649 3515 712 3570 iri
760 3517 964 3573 dictum
1008 3525 1120 3587 est,
1165 3535 1313 3576 nunc
1360 3531 1538 3578 autem
1588 3532 1644 3580 et
1686 3543 1704 3576 ι
1745 3526 1797 3580 in
1829 3541 2026 3582 manus

443 3603 749 3660 hominum.
795 3625 814 3658 ι
851 3606 1027 3678 Super
1053 3608 1256 3680 quibus
1281 3611 1654 3681 disquiramus
1682 3628 1712 3668 a
1732 3629 1841 3681 quo
1871 3615 1956 3670 vel
1995 3631 2026 3670 a

439 3693 640 3762 quibus
670 3696 723 3750 in
755 3712 952 3754 manus
977 3698 1262 3756 hominum
1297 3703 1591 3759 tradendus
1616 3704 1715 3772 sit;
1741 3705 1854 3761 illic
1878 3706 2023 3761 enim

439 3785 702 3841 docemur
727 3789 926 3859 quibus
949 3792 1264 3848 auctoribus
1285 3801 1339 3849 et
1365 3793 1584 3850 ubinam
1618 3797 1860 3867 gentium
1898 3812 2027 3867 pas-

439 3892 608 3933 surus
649 3879 750 3945 sit;
800 3881 889 3937 hic
923 3891 1102 3938 autem
1133 3884 1399 3942 discimus
1438 3895 1698 3956 praeterea
1731 3888 1901 3942 multa
1932 3903 2029 3958 per

436 3982 558 4033 eos,
591 3985 734 4040 quos
765 3986 930 4043 supra
959 3973 1222 4040 diximus,
1254 3993 1546 4048 passurum
1574 3995 1698 4035 eum
1728 3994 1869 4044 esse,
1901 3995 2026 4036 cum

440 4075 550 4118 non
582 4063 854 4134 praecipua
880 4080 1047 4124 causa
1074 4069 1186 4126 sint
1216 4069 1275 4136 ii,
1300 4086 1401 4127 cur
1432 4072 1601 4126 multa
1633 4073 1891 4143 patiatur,
1933 4073 2027 4127 sed
2075 4064 2081 4070 ’

2135 3333 2296 3405 τρίτῃ
2326 3333 2510 3404 ἡμέρᾳ
2547 3331 2862 3404 ἐγερθῆναι,
2891 3329 2968 3401 τῷ
2993 3326 3242 3398 λελέχθαι
3277 3325 3460 3388 αὐτοῖς
3481 3318 3634 3378 οὖσιν
3662 3320 3724 3376 ὲν

2135 3429 2201 3498 τῇ
2240 3425 2503 3498 Γαλιλαίᾳ
2550 3427 2708 3498 (ὅπερ
2739 3425 2996 3496 ἀνωτέρω
3038 3426 3098 3476 ού
3141 3416 3585 3494 μεμαθήκαμεν),
3644 3418 3719 3480 ὡς

2137 3521 2246 3594 ἄρα
2279 3521 2461 3593 μέλλοι
2508 3523 2538 3574 ό
2574 3520 2698 3584 Υἱὸς
2725 3519 2820 3572 τοῦ
2871 3515 3157 3588 ἀνθρώπου
3217 3509 3626 3584 παραδίδοσθαι·
3659 3507 3722 3561 τὸ

2136 3619 2247 3690 γὰρ
2279 3613 2671 3689 παραδίδοσθαι
2696 3612 2958 3684 ἀνωτέρω
3005 3611 3101 3681 μὲν
3133 3608 3232 3660 οὐκ
3271 3603 3508 3675 εἴρηται,
3541 3600 3638 3655 νῦν
3663 3601 3721 3653 δὲ

2137 3710 2231 3763 καὶ
2263 3711 2346 3762 δτι
2405 3726 2424 3759 ι
2452 3707 2532 3770 εἰς
2561 3707 2749 3777 χεῖρας
2802 3702 3160 3776 ἀνθρώπωνί
3193 3699 3277 3769 ἐφ’
3323 3699 3360 3753 ὃ.
3396 3697 3721 3768 ζητήσωμεν

2137 3799 2244 3854 ὑπὸ
2277 3800 2421 3863 τίνος
2453 3798 2632 3870 μέλλει
2655 3793 3044 3869 παραδίδοσθαι
3072 3794 3150 3856 είς
3181 3794 3371 3864 χεῖρας
3395 3786 3719 3859 ἀνθρώπων,

2134 3891 2371 3964 ἥτίνων·
2408 3893 2525 3945 ἐκεῖ
2555 3890 2657 3961 μὲν
2695 3888 2803 3960 γὰρ
2838 3889 2926 3957 ὑφ’
2959 3882 3034 3941 ὧν
3065 3884 3312 3938 πείσεται
3333 3880 3719 3952 διδασκόμεθα,

2135 3982 2230 4036 καὶ
2251 3983 2308 4034 ὲν
2334 3975 2379 4050 ᾧ
2411 3980 2563 4052 τόπῳ
2613 3980 2883 4034 πείσεται·
2945 3975 3182 4031 ἐνταῦθα
3235 3975 3291 4028 δὲ
3343 3973 3428 4031 ἐπ’
3487 3972 3720 4036 ἐκείνοις

2136 4073 2504 4145 μανθάνομεν,
2563 4073 2646 4126 ὅτι
2688 4071 2750 4125 τὸ
2796 4068 2967 4125 πολλά
3003 4067 3197 4122 παθεῖν
3248 4065 3410 4119 αὐτὸν
3457 4065 3562 4120 ὑπὸ
3614 4064 3722 4118 τῶν

1643 4185 1880 4243 VETUS
1914 4185 2494 4241 INTERPRETATIO.

437 4291 503 4357 ex
534 4280 892 4357 perversitate
941 4281 1162 4357 malitiae
1189 4291 1275 4337 est
1313 4282 1622 4357 introducta
1667 4291 1822 4338 extra
1863 4292 2114 4338 naturam
2147 4283 2311 4357 facta.
2367 4281 2507 4336 Puto
2562 4289 2743 4357 autem
2785 4290 3020 4357 propter
3069 4277 3484 4357 perversitatem
3509 4344 3521 4357 ι
3549 4273 3720 4357 totius

442 4345 665 4422 humani
691 4351 927 4422 generis,
964 4353 1120 4421 quasi
1147 4364 1406 4422 gravatus
1436 4353 1642 4408 malitia
1677 4368 1870 4409 eorum
1897 4365 1952 4409 et
1982 4355 2400 4409 conversatione
2426 4367 2554 4422 eum
2583 4354 2663 4407 eis
2688 4345 2866 4406 dixit:
2896 4345 2916 4402 ἆ
2948 4345 3242 4422 Usquequo
3270 4361 3368 4422 ero
3392 4345 3724 4422 vobis-curn?

437 4415 960 4500 Quousqu'cupatiar
983 4415 1102 4500 "vos
1122 4415 1193 4500 i3
1227 4421 1552 4500 __Videat_nus
1604 4424 1768 4478 etiam
1804 4424 1947 4500 illud
1991 4424 2136 4500 qued
2173 4425 2343 4479 dicit:
2376 4441 2395 4500 ι
2425 4420 2541 4476 Hoc
2587 4436 2760 4500 genus
2793 4435 2923 4500 _t_ton_
2948 4415 3342 4500 _ejicitu'ri.nisi
3391 4415 3446 4470 in
3490 4415 3720 4485 jejuniis

439 4498 494 4540 et
524 4487 902 4565 orationibus;
933 4509 952 4541 ι
1000 4498 1055 4543 et
1099 4493 1488 4565 si‘aliquando
1536 4494 1844 4565 oportuerit
1886 4487 2178 4549 nos-circa
2224 4493 2564 4565 curationem
2592 4487 2730 4565 'taiei
2757 4490 2962 4565 aliquid
2998 4487 3327 4565 ’paiientium
3373 4501 3719 4565 permanere,

441 4571 550 4636 non
587 4557 926 4636 adiuremus,
955 4575 1130 4636 neque
1145 4556 1586 4636 interrogemus,
1610 4579 1786 4636 neque
1813 4565 2105 4636 loquamur
2139 4565 2295 4636 ειυοεί
2325 4561 2566 4636 audienti
2601 4561 2814 4636 spiritui
2838 4556 3172 4636 immundo:
3211 4556 3306 4636 sed
3335 4564 3722 4636 permanentes

439 4627 874 4750 inpiationilius
905 4639 960 4684 et
983 4627 1209 4702 jejuniis
1241 4627 1598 4703 impetremus
1624 4627 1849 4702 patienti
1877 4627 2108 4691 salutem
2148 4627 2179 4687 ἁ
2212 4633 2342 4698 Deo,
2377 4642 2433 4687 et
2468 4627 2754 4702 abigamus
2775 4630 3005 4701 jejuuiis
3037 4638 3093 4684 et
3125 4627 3475 4683 orationibus
3509 4627 3719 4682 neSIris

440 4711 570 4750 sum
603 4713 666 4750 us
696 4713 782 4750 ma
811 4713 987 4750 mnos.

440 4707 666 4766 spiritus
693 4707 987 4768 malignos.

510 4768 564 4822 8.
616 4785 635 4818 ι
664 4766 1132 4840 Conversantibus
1172 4781 1353 4826 autem
1407 4773 1515 4828 illis
1558 4772 1611 4828 in
1646 4773 1890 4840 Galilaaa,
1924 4773 2064 4829 dixit
2107 4775 2188 4831 eis
2213 4772 2419 4830 Jesus:
2459 4771 2729 4826 Futurum
2765 4779 2848 4825 est
2888 4779 2948 4824 ut
2974 4769 3146 4824 Filius
3180 4767 3423 4840 hominis
3469 4766 3721 4822 tradatur

439 4837 495 4914 i_n
524 4853 722 4914 manus
762 4839 1073 4914 hominum,
1105 4843 1442 4899 et'occident
1481 4858 1630 4914 eum,
1664 4855 1718 4898 et
1746 4837 1887 4914 post
1913 4846 2134 4914 tertium
2175 4846 2320 4900 diem
2364 4840 2742 4914 resurgetaiEt
2774 4841 3080 4914 contristati
3123 4848 3255 4894 sunt
3285 4839 3659 4914 vehementer:
3692 4855 3714 4888 ι

441 4905 507 4988 _Et
533 4907 703 4988 paulo
731 4910 984 4988 seperius
1026 4913 1230 4988 dictum
1259 4923 1343 4968 est
1367 4931 1388 4988 εΔ
1430 4933 1448 4965 ι
1482 4905 1885 4988 Exindecmpit
1913 4913 2074 4988 Iesus
2099 4915 2388 4988 ostendere
2425 4905 2710 4988 discipulis
2745 4913 2881 4976 suis,
2915 4911 3176 4988 quoniam
3229 4907 3722 4988 oporteteumjre

439 4979 493 5031 in
533 4976 929 5056 Hieroselj'ma,
963 4992 1017 5036 et
1067 4984 1394 5056 multa_pati
1421 5001 1452 5056 a
1495 4976 1846 5051 senioribus,
1881 4995 1948 5056 et
1994 4985 2336 5056 principibus
2381 4976 2729 5056 sacerdotum
2752 4990 2878 5056 ,__et
2923 4976 3119 5056 scribis
3166 4976 3370 5056 populi,
3416 4987 3471 5032 et
3518 4976 3720 5056 occidi,

438 5058 492 5124 et
523 5049 682 5103 tertia
713 5049 801 5103 die
838 5065 1142 5124 resurgere.
1177 5073 1194 5105 ι
1245 5049 1311 5108 Εἰ
1346 5054 1600 5124 videntur
1627 5049 1845 5124 quidem
1879 5049 2011 5110 haec"
2029 5055 2136 5110 illis
2169 5049 2370 5110 similia
2405 5069 2548 5118 esse,
2585 5063 2644 5108 ut
2679 5053 2839 5124 facile
2862 5052 3005 5124 quis
3033 5049 3498 5124 dicatbominum
3525 5049 3720 5102 eadem

439 5119 559 5195 ipsa
591 5119 1054 5195 repetere.‘Qn6tl
1103 5139 1210 5178 non
1241 5133 1336 5195 est
1376 5125 1471 5195 ita.
1509 5123 1619 5181 Nec
1645 5119 1807 5179 'enim
1846 5127 1899 5181 id
1938 5126 2119 5195 ipsum
2156 5135 2274 5190 est,
2315 5119 2927 5195 ostendere‘discipuli’s
2977 5121 3543 5195 (quoniambporlci
3581 5133 3719 5195 .cutu

438 5190 517 5243 ire
545 5189 598 5243 in
628 5187 1030 5263 Hierosolyma,
1060 5201 1114 5248 et
1143 5194 1310 5248 multa
1340 5194 1483 5265 pati,
1509 5213 1528 5246 ι
1571 5203 1626 5249 et
1649 5204 1841 5252 caetera
1873 5212 1886 5248 :
1918 5187 1974 5252 et
1999 5196 2179 5252 dicere
2203 5187 2485 5265 discipulis
2512 5196 2564 5247 in
2593 5187 2812 5248 Galiltea
2837 5187 3147 5247 constitutis
3177 5189 3322 5260 quod
3355 5204 3460 5242 non
3488 5187 3723 5244 dicimus

537 5357 582 5388 ⁸⁸⁵
611 5355 631 5410 1
662 5357 792 5412 Cor.
827 5372 953 5424 xm,
981 5358 1037 5414 2.
1118 5361 1160 5391 ³⁵
1189 5359 1381 5415 Matth.
1407 5378 1542 5430 xv",
1570 5363 1661 5417 20.
1739 5365 1782 5395 ¹⁶
1813 5363 1950 5418 Ibid.
1976 5363 2035 5416 2|

2157 5363 2197 5393 ¹⁷
2231 5360 2424 5416 Matth.
2463 5379 2574 5428 xVI,
2604 5361 2694 5416 21.

440 5502 806 5576 Hieronymus
840 5506 896 5576 in
926 5504 1120 5560 Matth.
1147 5521 1280 5572 xvu,
1321 5507 1413 5576 20,
1443 5517 1497 5564 et
1525 5511 1579 5565 in
1603 5526 1720 5575 xxI,
1755 5510 1849 5575 2|,
1888 5518 1941 5563 et
1966 5510 2020 5562 in

437 5571 605 5651 Z_ach.
639 5571 713 5639 ἰν,
743 5575 798 5629 ‘2.
828 5572 994 5651 Δρριιε
1028 5571 1744 5651 imperfectum'Euthymius
1777 5571 1844 5631 iur
1870 5579 2016 5632 Mat-

440 5646 635 5723 thcum
664 5661 797 5712 xvu,
823 5646 915 5710 20,
939 5657 992 5700 et
1013 5664 1127 5723 xxi,
1151 5649 1243 5723 τι.
1269 5651 1416 5723 tilias
1453 5646 1822 5723 tamenaliter
1865 5666 2018 5723 mou-

443 5718 1226 5790 iesninterpretatur,_velut_in
1260 5719 1462 5790 Catena
1494 5719 1821 5790 Origéniana
1856 5720 2018 5774 Com-

445 5782 619 5835 betisii
653 5785 892 5840 nondum
919 5786 1084 5850 edita,
1103 5785 1171 5841 ad
1193 5787 1331 5855 psal.
1357 5804 1478 5856 cxx,
1503 5791 1553 5856 l,
1570 5782 1781 5848 montes
1800 5791 2016 5862 exponit

2127 5507 2384 5580 angelos;
2417 5519 2468 5565 ct
2495 5511 2551 5563 in
2581 5509 2778 5564 larem.
2804 5524 2878 5573 ι.ι,
2903 5508 2995 5571 35,
3034 5514 3270 5588 montem
3295 5507 3518 5576 expauit
3540 5505 3719 5630 Βηθζ-

2129 5580 2330 5630 Ionem.
2377 5589 2432 5630 et
2479 5581 2678 5630 deinde
2731 5578 3050 5630 diabolum:
3082 5587 3135 5630 et
3179 5594 3233 5630 tu
3285 5577 3479 5630 Ezech.
3535 5594 3610 5630 vn.
3695 5617 3714 5630 .

2129 5577 2330 5645 Ionem,
2377 5589 2432 5634 et
2479 5581 2678 5636 deinde
2731 5578 3050 5640 diabolum;
3082 5587 3135 5632 et
3179 5578 3233 5630 in
3285 5577 3479 5631 Ezech.
3535 5594 3610 5644 vi,
3654 5577 3714 5643 2,

2127 5652 2418 5718 optimates
2445 5662 2498 5705 et
2529 5649 2773 5705 eruditos
2801 5649 3074 5709 homines,
3108 5648 3252 5717 quod
3286 5650 3562 5703 emineant
3602 5662 3715 5716 prta

2128 5722 2362 5785 crteris,
2394 5731 2608 5774 montes
2637 5719 2896 5788 appellari
2928 5729 3131 5773 censet.
3166 5718 3432 5773 Hunnus.

2201 5791 2313 5862 (9t)
2355 5793 2534 5847 Codex
2579 5788 2889 5857 Vaticanus,
2926 5789 3048 5843 κατ’
3079 5789 3362 5858 ἀνάλογον,
