4146 6452
387 366 526 416 1115

1305 359 1667 418 COMMENT.
1702 358 1771 416 IN
1810 360 2230 420 MATTIUEUM
2271 363 2512 421 TOFIUS
2556 363 2701 419 XIII.

3540 367 3681 422 IIM

385 477 798 553 προειρημένων
822 477 1130 549 συμϐαίνει,
1147 478 1248 532 οὐκ
1277 478 1500 533 ἐκείνων
1527 477 1760 548 πρώτων
1787 477 1971 532 αἰτίων

2081 480 2203 545 ille,
2246 483 2328 535 vel
2383 483 2456 536 illi
2503 484 2596 552 qui
2632 495 2757 537 eum
2793 485 3015 540 tradunt
3047 487 3101 540 in
3133 501 3330 542 manus
3364 487 3674 542 hominum.

384 571 688 643 γινομένων
718 569 812 625 τοῦ
847 569 1016 624 πολλὰ
1048 571 1210 625 αὑτὸν
1258 570 1467 634 παθεῖν,
1497 571 1633 624 ἀλλὰ
1665 570 1758 624 τοῦ
1792 587 1974 642 παρα-

385 665 619 728 διδόντος
653 662 820 734 ἦτῶν
876 662 1279 735 παραδιδόντων
1329 662 1491 716 αὑτὸν
1548 662 1630 725 εἰς
1669 665 1855 733 χεῖρας
1884 663 1978 716 ἀν·-

389 755 648 826 θρώπων.
684 757 742 809 ’0
774 755 875 826 μὲν
899 753 994 809 οὖν
1017 756 1200 826 φήσει,
1233 756 1317 808 ὅτι
1359 754 1516 808 τοῦτο
1546 754 1900 826 διηγούμενος
1950 757 1978 808 ό

401 847 722 910 Ἀπόστολός
750 865 882 919 φησι
925 848 1052 919 περὶ
1098 846 1190 900 τοῦ
1229 846 1384 900 Θεοῦ’
1442 866 1460 898 1
1489 848 1588 910 Ὄς
1616 864 1680 915 γε
1709 847 1805 899 τοῦ
1845 846 1974 900 ἰδίου

390 937 518 991 Υίοῦ
541 939 642 991 οὐκ
687 937 959 1006 ἐφείσατο,
991 937 1106 990 ἀλλ’
1138 937 1278 1008 ὑπὲρ
1339 937 1497 1008 ἡμῶν
1543 937 1762 991 πάντων
1807 937 1978 1008 παρέ-

388 1031 559 1085 δωκεν
588 1031 804 1085 αὐτόν’)
844 1030 1012 1084 ἔδωκε
1045 1029 1100 1082 δὲ
1131 1031 1225 1084 καὶ
1269 1033 1297 1083 ὁ
1320 1032 1350 1082 Ἰ
1371 1031 1449 1093 ἰὸς
1501 1031 1641 1102 ὑπὲρ
1671 1030 1828 1101 ἡμῶν
1849 1031 1976 1083 ιῑεαυ⁴

389 1122 479 1176 τὸν
511 1123 593 1186 είς
645 1123 894 1187 θάνατον,
949 1123 1090 1176 ὥστε
1133 1125 1194 1178 οὺ
1233 1123 1390 1194 μόνον
1448 1123 1553 1176 ὑπὸ
1604 1121 1700 1174 τοῦ
1737 1122 1972 1193 Πατρὸς,

387 1214 522 1268 aliud:
544 1213 638 1268 καὶ
667 1214 758 1283 ὑφ’
808 1215 1006 1269 ἑαυτοῦ
1061 1215 1358 1288 παρεδόθη·
1415 1215 1604 1286 ἕτερος
1632 1214 1687 1267 δὲ
1717 1215 1777 1266 οὒ
1817 1214 1974 1285 μόνον

387 1308 584 1372 ἐκεῖνο,
639 1306 776 1362 ἀλλὰ
814 1307 908 1362 καὶ
965 1308 1035 1363 τὰ
1068 1309 1364 1379 ἐκκείμενα
1423 1307 1517 1361 ἐπὶ
1550 1307 1608 1360 τὸ
1653 1307 1785 1359 αὐτὸ
1817 1323 1976 1360 συνα-

389 1398 596 1468 γαγὼν,
634 1401 796 1471 φήσει
856 1401 1255 1472 παραδεδόσθαι
1316 1399 1531 1472 πρῶτον
1571 1399 1675 1452 ὑπὸ
1708 1399 1804 1452 τοῦ
1837 1397 1973 1452 Θεοῦ

389 1491 478 1544 τὸν
504 1490 654 1554 Υίὺν,
692 1488 810 1546 εἶτα
844 1491 1335 1564 πειραθησόμενον,
1397 1488 1514 1545 εἶτα
1549 1491 1971 1560 ἀγωνιούμενον,

385 1578 507 1638 εἶτα
542 1583 685 1654 ὑπὲρ
715 1583 1019 1654 ἀνθρώπων
1059 1585 1403 1654 πεισόμενον,
1465 1585 1498 1655 ἢ
1551 1584 1645 1637 καὶ
1699 1582 1823 1636 ὅλου
1878 1583 1971 1636 τοῦ

391 1675 594 1745 κόσμου
619 1675 753 1746 (95),
804 1677 892 1730 ἴνα
939 1677 1103 1730 αὐτοῦ
1137 1677 1244 1750 ἄρῃ
1298 1677 1398 1748 τὴν
1447 1677 1746 1748 ἁμαρτίαν,
1775 1675 1853 1748 τῷ
1876 1677 1974 1749 ἄρ-

389 1782 537 1838 χοντι
568 1768 662 1821 τοῦ
693 1769 889 1832 αἰῶνος
922 1769 1135 1834 τούτου,
1167 1770 1263 1822 καὶ
1319 1771 1433 1832 τοῖς
1480 1768 1661 1833 ἆλλοις
1714 1768 1971 1840 ἄρχουσιν

389 1858 575 1912 αὑτοῦ·
617 1857 736 1914 εἶτα
766 1861 871 1914 ὑπὸ
900 1861 1106 1914 τούτων
1134 1863 1214 1924 είς
1247 1863 1435 1932 χεῖρας
1474 1859 1779 1930 ἀνθρώπων
1811 1860 1973 1914 αὑτὸν

386 1951 777 2023 παραδίδοσθαι
800 1951 910 2006 τῶν
932 1953 1374 2006 ἀποκτενοῦντων
1406 1953 1588 2006 αὐτόν.
1615 1953 1976 2024 Παρὰδειγμα

382 2043 440 2096 δὲ
469 2043 961 2115 παραληφθήσεται
990 2045 1058 2098 τὰ
1092 2045 1188 2098 τοῦ
1238 2044 1376 2098 Ἰώϐ·
1416 2065 1433 2096 1
1485 2046 1618 2099 Ἰδοὺ
1660 2047 1840 2100 πάντα
1875 2048 1975 2100 ὅσα

383 2133 533 2187 ἐστὶν
557 2134 706 2205 αὐτῷ
733 2134 926 2206 δίδωμι
957 2139 1013 2190 ἐν
1057 2138 1121 2208 τῇ
1169 2136 1316 2208 χειρί
1371 2155 1486 2191 σου·
1525 2138 1658 2192 ἀλλὰ
1702 2139 1867 2193 αὑτοῦ
1900 2141 1974 2212 μὴ

385 2224 558 2298 manu
589 2221 710 2279 εἶτα
742 2226 986 2298 ὡσπερεὶ⁵
1020 2227 1417 2300 παραδοθέντος
1447 2229 1552 2283 ὑπὸ
1594 2228 1688 2283 τοῦ
1727 2231 1975 2285 διαϐόλου

382 2322 498 2383 τοῖς
551 2320 812 2392 ἄρχουσιν
857 2321 1059 2387 αὑτοῦ,
1128 2326 1243 2387 τοῖς
1305 2325 1806 2397 αίχμαλυγτεύουσι,
1863 2333 1977 2394 τοῖς

389 2411 638 2480 ἱππεῦσι,
668 2413 746 2486 τῷ
777 2414 1160 2470 καταϐαίνοντι
1186 2415 1263 2479 ὡς
1289 2415 1350 2482 ἐξ
1374 2417 1602 2488 οὐρανοῦ
1627 2420 1778 2492 πυρὶ,
1809 2419 1889 2491 τῷ
1913 2423 1975 2474 ὲκ

387 2504 489 2575 τῆς
521 2505 760 2576 ἐρημίας
801 2506 1009 2561 ἐλθόντι
1058 2506 1280 2579 μεγάλῳ
1304 2508 1598 2579 πνεύματι,
1643 2510 1736 2562 καὶ
1769 2511 1868 2582 τὴν
1897 2512 1975 2564 οἰ-

389 2596 513 2651 κίαν
555 2597 876 2666 χαλάσαντι.
958 2599 1308 2668 Ἐπιστήσεις
1368 2598 1424 2651 δὲ
1481 2602 1564 2664 εἰ,
1608 2601 1800 2673 ὥσπερ
1863 2605 1974 2668 τοῖς

388 2689 853 2760 αἰχμαλωτεύουσι
893 2690 1026 2763 (96),
1061 2691 1413 2765 παραδέδωκε
1456 2693 1524 2745 τὰ
1567 2692 1660 2746 τοῦ
1706 2693 1847 2756 Ἰὼϐ,
1880 2695 1975 2749 καὶ

388 2783 499 2844 τοῖς
539 2781 797 2836 ἱππεῦσιν
832 2783 966 2854 (97),
1000 2781 1175 2847 οὕτως
1209 2783 1304 2837 καί
1339 2801 1448 2836 τινι
1477 2785 1729 2856 ἐνεργείᾳ
1757 2785 1861 2838 ὑπὸ
1883 2786 1974 2838 τὸν

389 2872 626 2943 ἄρχοντα
657 2874 756 2945 τῆς
793 2868 1051 2941 ἐξουσίας
1068 2875 1164 2929 τοῦ
1191 2875 1374 2947 ἀέρος,
1419 2875 1515 2930 τοῦ
1540 2877 1849 2947 πνεύματος
1877 2877 1973 2932 τοῦ

387 2962 738 3036 ἐνεργοῦντος
766 2966 862 3020 νῦν
899 2967 957 3018 ἐν
985 2969 1100 3031 τοῖς
1127 2969 1264 3032 υἱοῖς
1300 2968 1401 3038 τῆς
1439 2967 1742 3032 ἀπειθείας,
1778 2969 1866 3023 ἵνα
1915 2969 1975 3022 τὸ

387 3053 598 3109 ἐκεῖθεν
629 3057 955 3111 καταϐαῖνον
979 3057 1090 3128 πῦρ
1121 3059 1213 3112 ἐπὶ
1240 3058 1310 3112 τὰ
1335 3058 1582 3129 πρόϐατα
1615 3057 1708 3112 τοῦ
1749 3058 1867 3112 Ἰὼϐ
1914 3058 1974 3124 ἐξ

2082 572 2234 630 Dicet
2282 585 2429 630 certe
2473 576 2675 646 aliquis
2719 577 3042 646 Apostolum
3097 580 3149 634 id
3191 589 3552 648 exponentem
3607 579 3676 630 de

2080 667 2190 723 Deo
2223 669 2402 723 dicere
2440 669 2483 701 ’⁸
2515 687 2527 722 :
2565 688 2583 719 1
2625 668 2730 735 Qui
2776 671 2942 725 etiam
2992 673 3215 741 proprio
3243 672 3383 726 Filio
3425 688 3534 726 non
3581 686 3677 740 pe‘

2079 759 2290 828 percit,
2335 759 2428 813 sed
2480 774 2578 829 pro
2630 760 2790 814 nobis
2838 762 3097 815 omnibus
3144 761 3367 816 tradidit
3411 761 3599 828 illum;
3645 778 3669 814 1

2079 853 2210 922 quin
2237 852 2400 908 etiam
2431 867 2532 923 pro
2556 853 2712 906 nobis
2758 867 2816 906 se
2864 853 2980 922 ipse
3014 851 3177 906 morti
3223 851 3444 906 tradidit
3476 853 3671 920 Filius,

2079 945 2154 998 ita
2194 959 2303 998 non
2336 952 2398 999 ut
2437 959 2468 998 a
2510 943 2672 1000 Patre
2709 945 2909 1009 solum,
2961 944 3054 999 sed
3087 953 3140 998 et
3165 958 3196 998 a
3229 943 3410 1013 seipse
3439 945 3674 1000 traditus

2078 1035 2168 1090 sit.
2199 1035 2350 1090 Alter
2377 1050 2507 1090 vero
2542 1051 2649 1090 non
2684 1036 2736 1090 id
2777 1036 2978 1101 solum,
3011 1035 3105 1090 sed
3135 1043 3189 1088 et
3219 1048 3282 1089 ea
3313 1049 3435 1102 quae
3467 1033 3672 1103 scripta

2077 1137 2205 1181 sunt
2234 1126 2288 1180 in
2323 1143 2492 1180 unum
2534 1127 2818 1197 colligens,
2863 1143 2891 1180 a
2923 1126 3036 1181 Deo
3063 1125 3261 1180 Filium
3299 1126 3476 1196 primo
3501 1126 3678 1180 tradi-

2078 1225 2191 1270 tum
2225 1214 2396 1272 fuisse
2421 1217 2566 1271 dicet
2596 1218 2828 1288 principi
2856 1217 3040 1273 saeculi
3068 1217 3254 1286 hujus,
3293 1226 3349 1272 ει
3378 1218 3500 1272 aliis
3525 1217 3674 1272 illius

2078 1309 2436 1380 principibus,
2479 1310 2572 1380 qui
2612 1311 2958 1380 postmodum
2999 1320 3336 1375 tentaretur,
3370 1319 3485 1364 tum
3537 1324 3670 1364 cau-

2076 1413 2192 1454 sam
2224 1399 2450 1465 diceret,
2483 1399 2679 1454 deinde
2701 1414 2832 1454 vero
2864 1416 2963 1470 pro
3002 1401 3338 1467 hominibus,
3379 1401 3541 1472 581
3580 1402 3671 1457 vel

2074 1493 2238 1549 etiam
2267 1494 2526 1550 universo
2558 1504 2874 1565 pateretur,
2909 1507 2970 1552 ut
2996 1508 3280 1568 peccatum
3316 1499 3490 1570 ipsius
3513 1499 3670 1553 tolle-

2075 1591 2158 1637 ret
2193 1583 2266 1648 ¹⁹;
2317 1596 2502 1654 postea
2538 1593 2719 1638 autem
2753 1585 2822 1641 ab
2865 1586 2952 1642 his
2995 1588 3336 1660 principibus
3375 1588 3426 1642 in
3473 1604 3672 1644 manus

2075 1674 2358 1729 hominum
2386 1677 2524 1730 tradi
2552 1693 2583 1731 a
2611 1677 2812 1746 quibus
2836 1687 3014 1734 morte
3040 1680 3383 1749 plecteretur.
3419 1679 3540 1734 Jobi
3572 1696 3672 1734 au-

2077 1773 2182 1818 tem
2241 1766 2467 1821 historia
2508 1767 2560 1820 in
2604 1767 2916 1838 exemplum
2962 1768 3271 1839 proferetur
3311 1771 3358 1802 ¹⁰
3408 1788 3422 1824 :
3469 1790 3487 1822 1
3529 1770 3671 1826 Ecce

2079 1857 2329 1912 universa
2361 1873 2483 1926 qum
2529 1858 2696 1913 habet
2731 1859 2786 1914 111
2821 1875 2986 1914 manu
3030 1869 3121 1915 tua
3167 1869 3327 1927 sunt;
3365 1869 3575 1915 tantum
3613 1863 3668 1915 in

2074 1961 2196 2000 eum
2250 1963 2358 2002 non
2399 1950 2658 2006 extendas
2707 1966 2929 2006 manum
2967 1961 3156 2019 tuam;
3205 1971 3223 2003 1
3256 1952 3351 2022 qui
3397 1954 3592 2008 deinde
3625 1955 3668 1985 “

2075 2053 2105 2091 a
2134 2038 2353 2094 diabolo
2379 2041 2720 2111 principibus
2745 2043 2862 2099 suis
2894 2044 3051 2114 quasi
3074 2044 3308 2099 traditus
3335 2053 3439 2109 est,
3475 2060 3671 2114 nempe

2076 2132 2142 2188 iis
2173 2132 2267 2201 qui
2300 2133 2755 2204 incaptivitatem
2794 2135 3172 2203 abducehant,
3219 2137 3516 2206 equitibus,
3559 2137 3667 2208 igni

2073 2240 2104 2280 ε
2141 2226 2284 2280 coelo
2313 2227 2549 2293 cadenti.
2586 2234 2640 2282 et
2670 2236 2834 2283 vento
2865 2228 3208 2294 vehementi,
3258 2228 3484 2282 irruenti
3521 2244 3551 2282 a
3594 2245 3674 2283 re-

2075 2318 2236 2388 gione
2279 2320 2512 2385 deserti,
2563 2328 2618 2375 et
2663 2320 2890 2375 domum
2935 2320 3195 2375 dirueuti.
3256 2319 3671 2377 Animadvertes

2074 2419 2255 2465 autem
2296 2425 2365 2464 an
2391 2411 2854 2480 quemadmodum
2893 2411 2959 2466 iis
2993 2411 3085 2480 qui
3116 2411 3460 2466 abducebaut
3494 2411 3547 2465 in
3580 2429 3671 2468 ca-

2074 2503 2399 2573 ptivitatem,
2446 2515 2497 2558 et
2528 2503 2805 2574 equitibus
2847 2504 2990 2558 bona
3042 2503 3163 2559 Jobi
3199 2505 3439 2568 tradidit,
3495 2505 3567 2558 ita
3617 2514 3672 2560 et

2074 2596 2324 2666 potestati
2351 2595 2513 2650 alicui
2540 2595 2644 2650 sub
2673 2614 2692 2647 1
2719 2595 2966 2665 principe
2995 2595 3279 2666 potestatis
3313 2596 3458 2649 acris
3483 2595 3668 2664 hujus,

2075 2685 2301 2754 spiritus
2327 2684 2422 2754 qui
2453 2699 2599 2739 nunc
2634 2693 2890 2754 operatur
2923 2683 2975 2738 in
3011 2685 3153 2740 ﬁlios
3179 2684 3672 2747 dilﬁdentiaa“,mt

2074 2776 2168 2847 qui
2210 2777 2334 2831 inde
2361 2776 2418 2830 in
2442 2790 2573 2832 oves
2609 2773 2732 2831 Jobi
2765 2775 2995 2831 cadebat
3038 2777 3198 2848 ignis.
3231 2778 3280 2832 ei
3310 2779 3378 2833 de
3406 2777 3546 2832 eualo
3578 2790 3672 2830 ca-

2074 2871 2204 2927 dere
2228 2869 2503 2924 videretur
2527 2869 2622 2939 qui
2649 2867 2788 2924 .Iobo
2814 2869 3151 2924 renuntiavit
3185 2870 3232 2902 "
3254 2911 3269 2937 ,
3307 2888 3326 2921 1
3374 2870 3553 2940 ignem
3583 2883 3672 2923 ee-

2075 2962 2274 3020 cidisse
2317 2978 2348 3017 e
2378 2962 2518 3018 coelo
2542 3001 2557 3025 ,
2607 2969 2663 3016 et
2708 2961 3082 3018 combussisse
3121 2978 3252 3018 oves
3277 3003 3293 3029 ,
3345 2972 3399 3018 et
3425 2971 3674 3033 pastores

2078 3053 2488 3123 consumpsisse
2535 3050 2812 3106 similiter.
2843 3070 2861 3103 1
2899 3051 2979 3108 Ad
3006 3053 3260 3107 eumdem
3288 3052 3513 3106 modum
3541 3067 3672 3106 vero

386 3147 618 3216 οὐρανοῦ
637 3148 776 3220 ὀφθῇ
812 3150 1137 3204 καταϐαῖνον
1168 3150 1248 3222 τῷ
1269 3151 1664 3221 ἀπαγγέλλοντι
1697 3150 1776 3221 τῷ
1817 3148 1968 3215 Ἰὼϐ,

2078 3145 2433 3217 investigahis
2473 3161 2541 3200 an
2584 3165 2603 3198 1
2642 3154 2864 3216 repente
2891 3154 3089 3201 ventus
3127 3147 3423 3201 vehemens
3457 3145 3673 3200 irruens

391 3255 410 3287 1
433 3238 516 3292 ὅτι
548 3239 661 3311 πῦρ
685 3239 881 3295 ἔπεσεν
910 3244 974 3295 ὲκ
998 3243 1094 3296 τοῦ
1133 3243 1386 3317 οὐρανοῦ,
1445 3244 1536 3296 καὶ
1569 3243 1873 3297 κατέκαυσε
1905 3243 1971 3297 τὰ

2080 3255 2110 3294 a
2151 3240 2372 3311 regione
2407 3239 2642 3303 deserti,
2689 3249 2744 3294 et
2791 3238 3112 3293 concutiens
3155 3246 3392 3308 quatuor
3441 3237 3674 3308 angulos

385 3327 630 3398 πρόϐατα
645 3330 832 3393 αὐτοῦ,
850 3333 1082 3398 καὶτοὺς
1111 3333 1371 3404 ποιμένας
1387 3335 1698 3404 κατέφαγεν
1712 3335 1932 3406 ὁμοίως.
1949 3353 1966 3386 1

2079 3333 2278 3389 domus
2312 3333 2378 3397 “,
2414 3352 2433 3384 1
2475 3349 2618 3388 unus
2641 3338 2787 3387 esset
2807 3347 2874 3386 ex
2901 3331 2968 3387 iis
2999 3331 3092 3401 qui
3128 3338 3257 3387 sunt
3281 3330 3386 3387 sub
3411 3330 3670 3395 diabolis,

385 3418 789 3491 Παραπλησίως
819 3424 877 3477 δὲ
907 3425 1117 3490 τούτοις
1147 3427 1404 3498 ζητήσεις
1426 3429 1687 3484 είκαιτδι
1711 3425 1971 3496 ἐξαίφνης

2080 3425 2166 3480 cui
2201 3425 2422 3480 tradidit
2455 3425 2708 3481 diabolus
2748 3425 2983 3480 liliorum
3015 3425 3360 3494 ﬁliarumque
3385 3422 3506 3478 Jobi
3540 3437 3671 3477 con-

385 3513 528 3584 μέγα
555 3515 777 3586 πνεῦμα
807 3517 914 3571 ἀπὸ
936 3518 1036 3589 τῆς
1066 3519 1164 3590 ὲρή
1174 3536 1274 3590 μου
1325 3519 1498 3585 ἐλθὸν,
1549 3520 1641 3573 καὶ
1695 3519 1971 3591 ἁψάμενον

2078 3516 2282 3571 vivium
2313 3561 2328 3585 ,
2378 3529 2440 3572 ut
2491 3534 2757 3575 corruens
2809 3519 3008 3575 domus
3073 3517 3406 3588 opprimeret
3468 3516 3672 3572 liberos

1593 3632 1827 3689 VETUS
1866 3627 2452 3685 INTERPRETATIO.

383 3740 568 3793 supra,
619 3744 640 3778 1
667 3727 927 3796 quoniam
967 3727 1213 3782 futurum
1247 3737 1333 3784 est
1366 3737 1426 3783 ut
1455 3727 1627 3784 Filius
1675 3728 1915 3782 hominis
1954 3727 2221 3782 tradatur.
2256 3743 2274 3775 1
2323 3722 2972 3796 Τιόἀεηόιιηιίεηρει-ἰιιε
3018 3739 3129 3778 nou
3165 3731 3249 3778 est
3269 3723 3478 3796 dictum
3525 3740 3538 3775 :
3579 3721 3671 3778 hic

381 3804 560 3850 autem
593 3795 702 3851 non
730 3798 908 3852 solum
935 3799 1280 3865 tradendum,
1308 3800 1401 3854 sed
1426 3800 1590 3854 etiam
1630 3799 1682 3852 in
1710 3814 1905 3852 manus
1935 3797 2219 3851 hominum
2247 3795 2575 3865 tradendum
2603 3795 2878 3850 audimus.
2916 3795 2971 3849 In
3000 3811 3110 3865 quo
3135 3795 3478 3865 requiramus
3507 3808 3673 3865 aquo

379 3874 464 3919 est
479 3867 786 3938 tradendus
833 3869 885 3921 in
919 3885 1116 3923 manus
1147 3864 1454 3932 hominum,
1489 3878 1583 3923 aut
1633 3869 1686 3922 in
1717 3883 1976 3938 quorum.
2027 3865 2142 3920 Illic
2170 3864 2314 3918 enim
2350 3865 2614 3938 docemur
2665 3881 2695 3918 a
2727 3867 2928 3938 quibus
2963 3864 3221 3936 patietur,
3251 3864 3386 3938 et_in
3414 3879 3522 3938 quo
3551 3864 3672 3918 loco

381 3936 640 4008 patietur.
693 3936 794 3992 Hic
848 3951 1027 3992 autem
1058 3939 1325 3994 discimus
1354 3940 1499 4008 quod
1545 3939 1714 3992 multa
1735 3935 2023 4008 'passurus
2065 3945 2147 3990 est
2177 3951 2205 3988 a
2236 3935 2752 4008 supradictis,inon_’
2782 3937 2916 4006 ipsis
2937 3935 3172 4008 causam
3204 3935 3574 4008 przeheutibus
3609 3943 3671 3988 ut

382 3956 640 4007 pqlettlr.
693 3956 794 3992 1110
848 3956 1027 3992 antem
1058 3956 1325 3994 (IISCImus
1393 3956 1499 3993 uou
1545 3956 1714 3992 multa
1759 3956 2023 4008 passurus
2065 3956 2147 3990 εει
2177 3956 2205 3988 ³
2236 3956 2590 4005 supraulcus,
2623 3956 2736 3990 11011
2783 3956 2916 4006 lpSIS
2945 3956 3172 3990 causam
3204 3956 3574 4004 ῃνωιιειιιιυυδ
3610 3956 3668 3988 ιιι

381 4007 552 4078 multa
609 4008 868 4077 patiatur,
922 4009 1016 4064 sed
1044 4010 1127 4062 vel
1167 4023 1268 4075 eo,
1299 3956 1386 4064 ve(i
1419 4009 1498 4065 eis
1537 4009 1630 4078 qui
1677 4008 2024 4078 tradiderunt
2072 4021 2196 4078 eum
2247 4005 2542 4078 inmanius
2594 4005 2904 4078 hominum.
2936 4005 3222 4059 Traditum
3253 4004 3420 4078 igitur
3468 4003 3668 4078 Filium

379 4073 676 4143 Apostolus
712 4093 964 4141 narrans,
1012 4094 1041 4132 a
1071 4078 1179 4133 Deo
1205 4073 1365 4134 Patre
1408 4073 1667 4134 traditum
1713 4077 2030 4132 manifestat
2082 4076 2246 4145 itazt
2279 4073 2383 4142 Qui
2417 4076 2580 4129 unico
2625 4075 2764 4130 Filio
2815 4091 2916 4132 suo
2956 4092 3064 4131 non
3123 4073 3394 4145 pepercit,
3443 4077 3535 4131 sed
3572 4090 3672 4144 pro

381 4147 538 4217 nobis
570 4147 826 4201 omnibus
871 4149 1091 4203 tradidit
1139 4150 1313 4203 illum.
1348 4168 1366 4200 1
1415 4150 1570 4203 Alius
1615 4159 1796 4204 autem
1843 4163 1951 4201 non
1994 4147 2172 4201 solum
2215 4144 2380 4208 illud,
2421 4147 2514 4201 sed
2562 4147 2728 4217 etiam
2773 4144 3556 4217 consequentiacongregans
3609 4145 3665 4198 i'u

382 4216 642 4288 idipsum,
677 4218 808 4288 dicit
845 4217 1023 4288 ipsum
1050 4219 1272 4288 quidem
1308 4234 1339 4273 a
1371 4218 1479 4273 Deo
1520 4220 1779 4274 traditum
1815 4217 2009 4271 Filium
2045 4217 2276 4287 principi
2321 4217 2520 4288 szeculi
2546 4216 2731 4286 hujus,
2763 4214 3086 4286 cas-terisque
3120 4214 3477 4288 principibus
3508 4214 3664 4288 ejus;

381 4283 576 4343 deinde
611 4283 682 4343 ab
715 4287 834 4343 istis
866 4283 1124 4344 traditum
1162 4289 1216 4343 in
1261 4304 1458 4344 manus
1490 4290 1775 4344 hominum
1811 4305 1902 4358 qm
1949 4283 2268 4358 occiderunt
2292 4303 2437 4342 eum.
2487 4287 2549 4358 Et
2578 4283 2811 4358 citempli
2849 4283 3017 4341 causa
3038 4283 3238 4358 accipe
3269 4293 3324 4340 et
3354 4285 3493 4358 illud
3520 4283 3668 4358 quod

383 4359 645 4430 scriptum
681 4368 765 4414 est
797 4358 864 4412 de
887 4358 1011 4430 Job,
1057 4360 1150 4430 qui
1194 4359 1431 4430 primum
1456 4359 1712 4430 traditus
1756 4353 1842 4414 est
1883 4375 1911 4412 a
1952 4357 2158 4430 DeoAin
2207 4373 2429 4430 manum
2480 4356 2706 4422 diaboli,
2740 4353 2900 4430 _sicut
2943 4357 3115 4412 dicit:
3148 4353 3339 4430 (Ecce
3380 4355 3536 4430 trado
3571 4353 3670 4407 tibi

381 4427 565 4482 omnia
593 4444 715 4498 quae
743 4429 1006 4499 possidet.
1052 4426 1208 4485 Ecce'
1233 4431 1389 4485 trado
1428 4429 1525 4484 tibi
1552 4447 1699 4497 eum,
1748 4438 1959 4484 tantum
1998 4427 2238 4482 animam
2269 4429 2389 4497 ejus
2419 4444 2594 4482 serva.
2634 4446 2652 4479 1
2704 4429 2994 4498 Accipiens
3019 4435 3201 4481 autem
3231 4426 3488 4481 diabolus
3521 4427 3666 4479 bona

457 4519 500 4551 ’⁸
528 4517 689 4574 Rom.
732 4534 853 4584 vm,
898 4519 988 4574 32.
1068 4517 1299 4576 "Joan.
1348 4537 1384 4589 1,
1409 4519 1501 4576 29.
1600 4519 1646 4551 ’°
1669 4518 1771 4576 Iob
1850 4534 1888 4586 1,
1935 4519 1971 4572 1·

383 4589 430 4621 ’⁸
454 4588 590 4644 Ibid.
630 4589 712 4646 l9.

2101 4518 2142 4548 ἰ
2175 4515 2313 4572 Ibid.
2355 4517 2421 4572 15
2471 4533 2626 4588 seqq.
2717 4517 2762 4548 “
2805 4516 3008 4587 Ephes.
3053 4533 3114 4585 11,
3143 4517 3200 4571 2.
3278 4517 3324 4548 ’³
3354 4514 3458 4571 Job
3504 4533 3546 4582 1,
3582 4516 3667 4574 l6-

456 4709 569 4782 (95)
616 4709 786 4782 Ὑςζὲρ
814 4710 1141 4782 ἀνθρώπων
1166 4673 1572 4782 ⁹ετειιγόμιειβον,
1609 4711 1645 4781 ἢ
1672 4712 1770 4766 καὶ
1818 4711 1966 4765 ὅλου

2075 4723 2295 4782 sensum
2325 4706 2808 4782 eruditedeclarat
2840 4705 3268 4782 Augustinusnin
3306 4701 3586 4782 Encltirid.
3617 4705 3674 4760 in

384 4773 636 4850 κόσμου.
674 4773 772 4836 Hic
800 4773 1112 4851 opinionem
1144 4798 1299 4837 suam
1346 4773 1414 4836 de
1447 4773 1641 4836 tnorte'
1673 4797 1703 4836 a
1745 4781 1969 4836 Clu-isto
2076 4777 2481 4851 Laurent:_cap.
2502 4778 2592 4841 61,
2618 4788 2667 4832 et
2693 4773 3059 4851 Hieronymus
3086 4778 3140 4851 in
3167 4775 3337 4851 Epist.
3361 4775 3430 4851 a_d
3459 4773 3676 4851 Eii/tea,

386 4843 622 4922 non'pro
659 4843 973 4908 hominibus
1003 4853 1286 4917 duntaxat,
1315 4853 1408 4908 sed
1438 4862 1492 4907 et
1525 4867 1622 4922 pro
1654 4852 1777 4906 aliis
1805 4851 1969 4906 rebus
2077 4865 2196 4922 cap.
2222 4849 2274 4922 i.
2306 4843 2705 4922 H_ier'o‘nym_um_
2754 4843 2974 4922 quidem
3011 4845 3327 4922 Origeniani
3358 4843 3677 4922 _hujus___er-f

383 4921 747 4993 creatisiobita
780 4924 962 4993 prodit
993 4922 1290 4992 Origenes;
1321 4939 1428 4977 non
1459 4921 1602 4977 enim
1629 4931 1967 4993 postremum

386 4991 487 5046 hoc
523 4991 600 5045 illi
637 4995 706 5049 ab
738 4991 1068 5049 adversariis
1103 4991 1377 5061 Objectum
1416 4994 1624 5047 crimen
1673 5001 1780 5047 est.
1825 4991 1970 5046 Con-

383 5062 553 5115 traria
594 5071 680 5118 est
715 5074 895 5118 autem
928 5061 1247 5116 Tertulliani
1301 5064 1570 5128 doctrina,
1597 5079 1720 5132 cap.
1758 5063 1847 5126 M,
1895 5063 1970 5117 De

371 5139 533 5203 eam.
569 5132 804 5187 Christi:
843 5153 860 5184 1
898 5132 1116 5189 Nullum
1163 5134 1504 5195 mandatum,
1543 5135 1742 5203 inquit,
1773 5134 1839 5189 de
1882 5149 1969 5188 sa—

385 5202 496 5273 lute
541 5205 862 5273 angelorum
907 5203 1150 5271 suscepit
1186 5203 1440 5258 Christus
1482 5220 1512 5257 a
1570 5202 1751 5258 Patre.
1812 5203 1968 5270 Quod

387 5271 542 5347 Pater
576 5271 760 5347 neque
796 5273 1132 5347 repromisit,
1171 5289 1348 5347 neque
1385 5276 1682 5347 mandavit,
1713 5274 1970 5347 Christus

385 5343 771 5398 administrare
817 5343 925 5399 11011
977 5345 1172 5414 potuit.
1214 5343 1338 5397 1111
1382 5344 1578 5413 dogma
1622 5361 1686 5399 ex
1753 5345 1970 5399 duobus

386 5415 630 5483 apostoli
667 5416 804 5471 locis
845 5423 1025 5469 ortum
1073 5417 1287 5470 videtur
1333 5415 1643 5483 accepisse;
1688 5416 1861 5469 altero
1901 5417 1965 5470 ad

387 5479 651 5554 Ephesios
680 5501 718 5549 1,
765 5485 852 5550 10,
887 5486 978 5539 11111
1035 5485 1218 5540 omnia
1270 5479 1531 5538 dicuntur
1563 5479 1859 5539 iuStaurati
1913 5489 1967 5554 in

385 5552 644 5618 Christo,
679 5571 800 5625 qua:
851 5556 904 5610 in
941 5556 1110 5619 cwlo,
1139 5565 1194 5609 et
1245 5571 1367 5624 mne
1416 5555 1469 5607 in
1527 5565 1668 5625 terra
1701 5566 1864 5625 sunt;
1914 5552 1968 5610 et

385 5625 558 5678 altero
591 5625 658 5678 ad
689 5623 1045 5681 Colosscnses
1081 5643 1116 5691 1,
1147 5625 1240 5692 20,
1268 5623 1378 5694 quo
1426 5624 1611 5680 omnia
1654 5626 1708 5679 in
1741 5623 1965 5681 Christo

388 5695 740 5766 reconciliata
781 5695 950 5750 fuisse
982 5696 1173 5751 scribit
1200 5696 1517 5763 Apostolus,
1546 5696 1837 5766 ipsumque
1865 5712 1964 5766 pa—

384 5763 634 5819 cificasse
681 5781 776 5834 per
825 5766 1144 5834 sanguinem
1193 5766 1374 5820 crucis
1419 5763 1582 5830 suae,—
1616 5768 1731 5820 sive
1751 5763 1882 5834 quae
1911 5767 1964 5820 111

383 5835 566 5901 terris,
605 5836 719 5892 sive
750 5851 873 5902 quae
916 5836 971 5889 in
1007 5836 1145 5890 cosio
1199 5847 1347 5891 sunt.
1393 5835 1635 5902 Quorum
1697 5837 1961 5892 veriorem

2077 4915 2220 4974 roris
2259 4915 2542 4975 insimulat
2589 4915 2820 4974 Bullinus
2857 4917 3056 4972 luvect.
3089 4915 3140 4978 l,
3172 4919 3263 4971 sed
3292 4915 3500 4969 crimen
3536 4915 3671 4971 illud

2077 5003 2175 5059 pro
2207 4989 2347 5043 virili
2384 4999 2577 5044 contra
2626 4991 2787 5043 diluit
2835 4987 3223 5059 Hieronymus.
3271 4985 3399 5040 Haec
3444 4999 3475 5038 a
3512 4987 3677 5044 nobis

2075 5057 2277 5113 affatim
2312 5061 2364 5112 in
2403 5059 2738 5130 Origeniam's
2775 5057 3096 5114 tractantur.
3137 5057 3404 5130 Iiusyus.

2147 5130 2259 5202 (96)
2299 5131 2410 5202 Καὶ
2442 5126 2568 5196 τοῖς
2592 5130 3132 5202 αὶχμίαωζξιξουονι.
3158 5128 3232 5182 lta
3259 5126 3473 5202 S_ixtina
3505 5128 3674 5202 editio

2074 5209 2129 5255 et
2157 5197 2276 5254 'ms.
2312 5197 2716 5256 Alexandrinus
2744 5217 2756 5253 :
2791 5211 2845 5253 at
2879 5197 3151 5253 llcbraica-
3177 5208 3233 5253 ct
3263 5199 3674 5256 Comolutensis

2074 5216 2129 5255 et
2172 5217 2276 5254 ms.
2312 5216 2716 5256 Alexandrinus
2744 5217 2756 5253 :
2791 5216 2845 5253 at
2879 5216 3151 5253 ncnratca-
3177 5216 3233 5253 et
3263 5216 3673 5321 bomrf‘llllenSlS

2072 5271 2262 5335 editio,
2325 5280 2378 5326 et
2409 5272 2683 5342 iVulgata;
2736 5289 2753 5320 1
2803 5279 2868 5342 ει
2905 5269 3278 5342 irruit_Sab_a.
3319 5289 3336 5320 1
3442 5284 3673 5342 argum,

2079 5311 2201 5396 ’
2209 5311 2378 5396 ingruit
2407 5311 2590 5395 11111.δῖ.
2599 5311 2726 5412 'i'ia'gi
2736 5311 3103 5412 uaWZmIaI
3192 5311 3341 5412 ’ἰήιε
3351 5311 3496 5412 1-8οξ

2072 5421 2156 5467 est
2191 5411 2242 5464 in
2275 5411 2506 5472 Sabaeis,
2539 5409 2743 5479 quibus
2777 5409 3037 5464 mulieres
3063 5409 3427 5476 imperabant.
3459 5409 3535 5463 Ex
3569 5409 3673 5464 hoc

2073 5481 2194 5540 loco
2237 5481 2570 5551 Smaragdos
2622 5496 2846 5551 nomen
2873 5481 3177 5548 sumpsisse
3224 5480 3522 5534 verisimile
3561 5487 3670 5551 est,

2072 5568 2310 5622 quorum
2347 5550 2578 5622 magnus
2606 5551 2710 5604 luit
2739 5552 2790 5603 in
2824 5550 3033 5605 Sabmis
3066 5559 3385 5621 proventus,
3421 5561 3480 5607 ut
3505 5550 3674 5607 tradit

2070 5623 2304 5678 Plinius.
2340 5623 2414 5677 In.

2141 5693 2255 5764 (97)
2296 5694 2408 5748 Καὶ
2437 5690 2560 5758 τοῖς
2591 5691 2864 5764 ἱππεῦσι,
2901 5689 2993 5744 Sic
3022 5689 3202 5764 editio
3220 5688 3458 5764 Sixtina,
3483 5702 3537 5747 et
3563 5708 3670 5750 ms.

2075 5759 2522 5819 Alexandrinus:
2572 5773 2626 5816 at
2677 5759 3083 5834 Complutensis
3117 5760 3330 5823 editio,
3373 5773 3430 5818 et
3478 5766 3675 5834 reliqui

2076 5835 2419 5906 interpretes,
2451 5834 2729 5890 «Chaldaei
2759 5833 3005 5906 fecerunt
3038 5841 3146 5888 tres
3181 5842 3407 5890 turmas.
3435 5853 3450 5886 1
3484 5833 3566 5912 In.

3485 5977 3508 6004 ,ι
