4146 6430
380 318 519 375 iii!)

1839 319 2164 376 ORIGENIS

3509 325 3648 384 11Ξο

382 456 403 490 ι
445 439 498 490 in
532 437 774 492 novitate
811 439 936 492 vitae
989 439 1337 492 ambulamus
1365 437 1407 468 ³⁷
1433 480 1447 503 ,
1489 456 1507 489 ι
1561 454 1670 492 non
1720 437 1956 506 amplius

2066 439 2278 509 καὶτῆς
2312 440 2665 524 ἀναστάσεως
2737 441 2802 494 δι’
2833 440 2890 493 ὃν
2923 461 2941 493 ι
2972 443 3030 495 ἐν
3059 443 3336 512 καινότητι
3377 443 3522 512 ζωῆς
3555 464 3650 499 πε-

379 530 632 584 sedentes
664 531 716 583 in
744 531 963 600 regione
988 539 1040 584 et
1069 531 1260 584 umbra
1289 531 1500 595 mortis,
1534 539 1754 600 propter
1781 530 1964 584 lumen

383 620 476 675 Dei
512 636 675 689 super
718 637 818 674 nos
861 631 1114 675 exortum
1143 622 1206 673 ³⁸.
1240 622 1379 676 Cum
1415 636 1544 676 vero
1569 623 1801 677 dixisset
1833 620 1963 676 Ser-

381 723 537 767 valor
559 713 602 744 ³⁸
632 730 644 766 :
683 732 701 764 ι
740 713 909 766 Filius
950 713 1191 768 hominis
1226 714 1526 770 tradendus
1553 725 1638 770 est
1677 716 1732 768 in
1766 729 1966 770 manus

380 805 688 868 hominum,
721 813 775 858 et
803 805 1054 859 occident
1096 821 1245 870 eum,
1283 813 1339 859 et
1381 805 1536 858 tertia
1569 805 1658 859 die
1693 813 1961 875 resurget,

377 897 690 950 contristati
724 906 852 950 sunt
885 898 1260 964 vehementer,
1291 917 1309 948 ι
1342 897 1409 951 ad
1446 898 1498 952 id
1531 897 1752 968 quidem
1788 907 1966 953 atten-

376 985 586 1052 dentes,
606 987 658 1040 in
691 1004 886 1042 manus
911 987 1196 1042 hominum
1221 989 1476 1042 traditum
1498 1003 1624 1044 eum
1649 998 1702 1043 et
1721 989 1962 1044 occisum

377 1077 464 1142 iri,
498 1089 684 1148 utpote
711 1095 825 1133 rem
861 1094 1103 1150 gravem,
1143 1089 1194 1133 et
1233 1080 1400 1133 animi
1434 1081 1678 1135 molestia
1711 1097 1777 1136 ac
1807 1081 1966 1152 aegri-

377 1169 564 1223 tudine
592 1170 850 1240 dignam;
881 1174 947 1225 ad
973 1171 1102 1224 illud
1133 1181 1314 1225 autem
1343 1172 1568 1227 minime
1594 1174 1960 1240 advertentes,

377 1274 820 1317 resurrecturum
846 1280 970 1318 eum
997 1264 1083 1317 die
1113 1263 1294 1326 tertia,
1320 1264 1406 1319 cui
1437 1280 1535 1319 nec
1572 1265 1813 1334 longiore
1841 1266 1964 1334 qui-

375 1351 500 1406 dem
529 1362 774 1422 tempore
801 1369 940 1423 opus
971 1363 1136 1419 esset,
1171 1365 1230 1410 ut
1264 1373 1280 1405 ι
1315 1372 1410 1425 per
1443 1364 1671 1408 mortem
1709 1355 1960 1410 destrueu

379 1450 462 1496 ret
493 1458 618 1496 eum
648 1444 740 1512 qui
771 1444 1006 1498 habebat
1042 1445 1238 1500 mortis
1265 1445 1554 1515 imperium
1581 1445 1647 1499 “.
1687 1465 1708 1498 ι

582 1624 748 1697 584
793 1625 865 1680 De
891 1628 958 1680 iis
985 1628 1076 1696 qui
1109 1628 1386 1697 exigebant
1416 1627 1752 1682 didracbma.

453 1714 540 1769 lO.
580 1735 599 1766 ι
643 1715 709 1770 Et
747 1733 871 1770 cum
927 1720 1206 1773 venissent
1252 1718 1664 1788 Capharnaum,
1719 1735 1966 1778 accesse-

379 1818 510 1860 runt
559 1809 653 1876 qui
699 1809 1016 1863 didracluna
1067 1810 1428 1880 accipiebant,
1478 1812 1543 1866 ad
1589 1811 1809 1867 Petrum
1838 1814 1906 1868 “.
1941 1832 1960 1864 ι

379 1898 517 1951 Sunt
549 1899 772 1968 quidam
820 1915 974 1969 reges
1013 1910 1191 1966 terrae,
1235 1918 1539 1971 eorumque
1572 1903 1689 1969 lilii,
1736 1905 1830 1974 qui
1871 1904 1969 1958 tri-

2074 529 2460 600 pinazoupsv,»
2491 530 2677 584 οὐκέτι
2707 531 3061 601 καθεζόμενοι
3104 533 3162 584 ὲν
3194 530 3346 603 χώρᾳ
3388 533 3481 585 καὶ
3521 537 3650 605 σκιᾷ

2071 618 2325 683 Θανάτου,
2358 619 2446 672 διὰ
2476 620 2538 673 τὸ
2583 621 2868 675 ἀνατεῖλαν
2917 623 3003 689 ἐφ’
3047 623 3193 691 ἡμᾶς
3227 621 3341 690 φῶς
3369 622 3464 675 τοῦ
3488 622 3646 678 Θεοῦ.

2070 712 2328 775 Εἰπόντος
2369 711 2425 764 δὲ
2479 713 2573 765 τοῦ
2607 714 2858 784 Σωτῆρος
2889 714 2969 766 τό·
3017 732 3035 764 ι
3076 713 3276 766 Μέλλει
3325 714 3354 766 ὁ
3402 713 3529 778 Υἱὸς
3551 714 3647 769 τοῦ

2069 803 2360 875 ἀνθρώπου
2392 804 2778 876 παραδίδοσθαι
2812 807 2892 868 εἰς
2949 806 3139 875 χεῖρας
3195 804 3519 877 ἀνθρώπων,
3556 807 3651 860 καὶ

2069 895 2455 948 ἀποκτενοῦσιν
2485 896 2666 959 αὑτὸν,
2715 897 2810 948 καὶ
2836 899 2901 967 τῇ
2936 895 3094 968 τρίτῃ
3135 897 3318 968 ἡμέρᾳ
3343 899 3650 968 ἀναστήσεσ-

2068 1003 2210 1048 ται,›
2247 987 2451 1058 σφόδρα
2477 987 2848 1058 ἐλυπήθησαν,
2876 987 2953 1056 τῷ
2982 989 3078 1060 μὲν
3108 988 3496 1058 παραδίδοσθαι
3530 988 3650 1058 μέλ-

2067 1077 2179 1130 λειν
2209 1078 2370 1130 αὑτὸν
2397 1081 2477 1141 εἰς
2517 1082 2706 1150 χεῖρας
2739 1078 3062 1151 ἀνθρώπων,
3117 1081 3210 1133 καὶ
3259 1079 3337 1150 τῷ
3387 1079 3639 1133 ἀποκτίν-

2066 1168 2255 1222 νυσθαι
2284 1169 2466 1232 αὑτὸν,
2503 1169 2580 1233 ὼς
2611 1169 2955 1240 σκυθρωποῖς
2999 1171 3094 1224 καὶ
3123 1169 3293 1234 ἀξίοις
3323 1171 3500 1241 λύπης
3529 1172 3647 1224 Ent-

2068 1264 2378 1332 στήσαντες·
2417 1261 2492 1332 μὴ
2521 1262 2848 1333 προσχόντες
2914 1264 2971 1317 δὲ
3007 1263 3084 1332 τῷ
3141 1266 3210 1334 τῇ
3257 1263 3415 1334 τρίτῃ
3463 1263 3644 1335 ἡμέρᾳ

2065 1353 2467 1423 ἀναστήσεσθαι
2497 1354 2679 1417 αὑτὸν,
2704 1353 2964 1424 δεηθέντα
3009 1355 3130 1408 οὐδὲ
3157 1355 3348 1425 χρόνου
3379 1353 3644 1420 πλείονος,

2068 1443 2154 1495 ἴνα
2207 1443 2296 1496 διά
2343 1443 2440 1496 τοῦ
2507 1444 2738 1499 θανάτου
2807 1446 3133 1517 καταργήσῃ
3176 1446 3267 1498 τὸν
3327 1444 3387 1498 τὸ
3444 1447 3644 1516 κράτος

2067 1531 2260 1602 ἔχοντα
2285 1534 2382 1587 τοῦ
2417 1533 2669 1590 θανάτου.

2238 1625 2377 1692 Περι
2410 1625 2530 1680 τῶν
2571 1629 2898 1681 αἰτούντων
2929 1627 3001 1682 τὰ
3030 1627 3328 1698 δίδραχμα
3363 1628 3462 1698 (5).

2143 1733 2160 1764 ι
2214 1714 2505 1768 Ἐλθόντων
2533 1715 2591 1768 δὲ
2620 1718 2700 1780 εἰς
2743 1719 3134 1788 Καπερναοὺμ,
3170 1717 3473 1790 προσῆλθον
3504 1719 3552 1770 οἰ
3576 1718 3643 1772 τὰ

2063 1806 2333 1876 δίδραχμα
2363 1806 2729 1878 λαμϐάνοντες
2767 1808 2844 1879 τῷ
2874 1809 3120 1880 Πέτρῳ.»
3155 1811 3274 1863 Εἰσί
3323 1827 3464 1874 τινες
3494 1810 3640 1880 βασι-

2066 1897 2174 1960 λεῖς
2209 1897 2309 1967 τῆς
2341 1899 2464 1967 γῆς,
2500 1900 2594 1952 καὶ
2639 1900 2845 1953 τούτων
2877 1903 3004 1962 υἱοὶ,
3051 1901 3124 1972 μὴ
3168 1902 3404 1964 διδόντες
3434 1902 3562 1972 τέλη

379 1992 507 2045 buta
541 2002 594 2046 et
622 2007 821 2047 census
857 2008 967 2047 non
1012 1994 1284 2063 pendunt;
1323 2003 1449 2049 sunt
1491 1995 1617 2050 item
1651 1996 1744 2050 alii
1775 1996 1844 2050 ab
1872 2011 1961 2052 eo-

2069 1991 2323 2059 κήνσους,
2359 1993 2453 2044 καὶ
2497 1993 2672 2063 ἕτεροι
2729 1993 2879 2064 παρὰ
2911 1994 3038 2056 τοὺς
3083 1993 3232 2056 υἱοὺς
3286 1993 3463 2046 αὐτῶν
3489 1993 3639 2049 ἀλλό-

380 2095 498 2136 rum
528 2081 675 2149 ﬁliis,
708 2097 738 2135 a
772 2083 993 2150 regibus
1038 2094 1199 2138 terrae
1247 2084 1432 2148 alieni,
1483 2100 1514 2140 a
1563 2085 1764 2155 quibus
1809 2101 1964 2157 reges

379 2179 535 2227 terra:
562 2173 766 2228 tributa
805 2183 859 2228 et
896 2190 1119 2230 censum
1161 2176 1403 2246 capiunt.
1431 2174 1501 2230 Et
1527 2192 1716 2231 eorum
1742 2176 1962 2246 quidem

380 2263 473 2316 lilii
497 2263 637 2332 apud
668 2279 820 2334 reges
853 2274 1029 2333 terrae,
1061 2276 1246 2337 utpote
1269 2268 1412 2337 apud
1440 2277 1622 2338 patres
1647 2284 1780 2324 suos
1808 2270 1963 2325 liberi

378 2363 540 2419 sunt;
571 2364 624 2408 at
661 2355 756 2424 qui
793 2356 860 2411 iis
894 2358 1039 2412 nulla
1070 2345 1474 2414 necessitudine
1500 2360 1780 2429 conjuncti
1813 2367 1962 2426 sunt,

380 2448 594 2501 ratione
619 2448 839 2518 quidem
876 2449 1109 2504 aliorum
1141 2451 1387 2506 omnium
1431 2451 1524 2520 qui
1574 2461 1772 2506 terram
1808 2452 1962 2507 inco-

377 2535 517 2604 lunt,
550 2538 703 2592 liberi
735 2549 896 2606 sunt;
931 2541 1025 2596 sed
1067 2541 1209 2598 servi
1245 2557 1432 2597 eorum
1467 2544 1698 2608 ratione,
1725 2559 1962 2613 quorum

376 2629 606 2700 imperio
652 2643 863 2702 parent,
912 2636 1117 2706 quique
1160 2653 1221 2693 se
1267 2637 1321 2692 in
1361 2640 1677 2695 servitutem
1718 2639 1964 2696 addictos

373 2721 640 2786 detinent,
685 2727 1150 2794 quemadmodum
1201 2729 1256 2783 in
1304 2728 1581 2787 lsraclitas
1618 2733 1960 2802 tyrannidem

375 2815 708 2870 exercebant
737 2815 999 2888 Egyptii,
1048 2839 1067 2867 ι
1100 2831 1265 2889 atque
1289 2822 1356 2876 ad
1388 2824 1808 2879 amaritudinem
1837 2841 1962 2894 per-

376 2905 651 2961 ducebant
688 2907 854 2964 vitam
889 2926 1082 2965 eorum
1108 2911 1172 2975 “,
1210 2931 1228 2962 ι
1263 2921 1318 2967 et
1345 2928 1440 2982 per
1477 2915 1586 2968 vim
1625 2915 1834 2970 servire
1862 2931 1961 2970 co-

377 2999 617 3067 gebant;
653 3011 873 3070 propter
912 3019 1053 3071 quos
1097 3004 1365 3059 duntaxat
1401 3006 1679 3061 servitutis
1709 3007 1964 3062 Hebraeo-

379 3103 500 3141 rum
534 3089 706 3144 instar
744 3091 1042 3147 servientes
1085 3091 1316 3148 formam
1362 3095 1503 3149 servi
1553 3096 1760 3166 accepit
1793 3096 1964 3152 Filius

380 3178 473 3234 Dei
492 3179 556 3244 “,
587 3181 792 3235 nullum
821 3183 1038 3252 quidem
1081 3184 1324 3254 liglinum
1361 3186 1444 3240 vel
1486 3187 1683 3242 servile
1712 3204 1852 3258 opus
1879 3187 1962 3243 fa-

378 3273 550 3327 ciens.
573 3271 858 3343 Tanquam
881 3291 1010 3346 ergo
1034 3276 1286 3331 servilem
1311 3276 1453 3332 hanc
1479 3277 1711 3333 formam
1745 3295 1959 3350 gerens,

2065 2099 2204 2151 τριοι
2231 2082 2337 2134 τῶν
2361 2082 2624 2152 βασιλέων
2656 2084 2753 2154 τῆς
2781 2086 2903 2156 γῆς,
2955 2085 3046 2155 ἀφ’
3081 2079 3156 2139 ὧν
3196 2085 3561 2156 λαμϐάνουσιν
3591 2087 3643 2140 οἰ

2067 2173 2305 2243 βασιλεῖς
2335 2174 2436 2243 τῆς
2483 2175 2587 2244 γῆς
2616 2175 2743 2246 τέλη
2787 2177 2821 2246 ἢ
2870 2177 3089 2246 κῆνσον.
3139 2176 3247 2229 Καὶ
3283 2177 3421 2229 εἰσὶν
3459 2177 3509 2230 οἰ
3542 2177 3642 2246 μὲν

2067 2267 2171 2318 υἱοὶ
2205 2265 2383 2319 αὐτῶν
2429 2266 2704 2338 ἐλεύθεροι
2740 2268 2891 2338 παρά
2915 2270 3027 2331 τοῖς
3055 2267 3353 2337 ,βασιλεῦσι
3409 2268 3508 2338 τῆς
3539 2266 3640 2337 γῆς

2064 2357 2140 2420 ὡς
2165 2356 2316 2428 παρά
2346 2357 2637 2428 πατράσιν·
2685 2359 2734 2411 οἱ
2786 2359 2844 2412 δὲ
2905 2359 3177 2430 ἀλλότριοι
3220 2359 3396 2412 αὐτῶν
3432 2358 3508 2422 ὡς
3543 2358 3644 2428 μὲν

2066 2449 2198 2520 πρὸς
2239 2448 2308 2502 τά
2338 2449 2442 2514 ἔξω
2468 2451 2568 2520 γῆς
2612 2451 2906 2522 ἐλεύθεροι,
2949 2453 3023 2514 ὼς
3049 2452 3104 2505 δὲ
3138 2453 3278 2506 κατά
3317 2453 3443 2515 τοὺς
3480 2451 3642 2505 δυνα-

2069 2541 2356 2605 στεύοντας
2381 2541 2583 2604 αὐτῶν,
2636 2542 2731 2596 καὶ
2779 2543 3328 2614 καταδουλουμένους,
3359 2544 3434 2607 ὡς
3482 2559 3643 2597 κατε-

2064 2632 2386 2686 δυνάστευον
2419 2634 2466 2685 οἰ
2511 2632 2801 2701 Αἰγύπτιοι
2838 2635 2964 2698 τοὺς
3006 2636 3156 2698 υἱοὺς
3201 2635 3436 2705 Ἰσραὴλ,
3498 2652 3518 2685 ι
3547 2634 3639 2688 καὶ

2065 2724 2385 2778 κατωδύνων
2433 2725 2612 2778 αὐτῶν
2662 2725 2760 2796 τὴν
2797 2726 2964 2798 ζωὴν,
3003 2747 3022 2778 ι
3085 2727 3179 2780 καὶ
3227 2725 3644 2783 κατεδουλοῦντο

2064 2816 2261 2879 αὐτοὺς
2289 2815 2426 2884 μετά
2459 2816 2600 2886 βίας,
2629 2817 2822 2871 δοῦλοιο
2852 2819 2922 2871 δι’
2948 2817 3042 2883 οὓς
3067 2817 3418 2881 δουλεύοντας
3443 2816 3639 2873 ἀνάλο-

2063 2925 2160 2977 γον
2191 2911 2258 2979 τῇ
2307 2908 2526 2979 δουλείᾳ
2571 2908 2679 2961 τῶν
2723 2909 2990 2982 Ἐϐραίων
3047 2911 3206 2980 μόνον
3277 2909 3492 2981 μορφὴν
3543 2911 3640 2964 τοῦ

2063 2995 2252 3050 δούλου
2285 2997 2574 3068 ἀνείληφεν
2597 2999 2627 3051 ὁ
2659 2999 2782 3061 Υἱὸς
2812 2999 2903 3052 τοῦ
2924 2999 3252 3064 Θεοῦ,οὐδὲν
3280 3000 3439 3071 ἔργον
3473 3002 3643 3054 ποιῶν

2065 3090 2310 3160 πήλινον,
2351 3091 2444 3143 καὶ
2497 3089 2702 3146 δοῦλον.
2746 3093 2832 3156 Ὠς
2859 3089 2953 3146 οὖν
3001 3093 3139 3162 ἔχων
3168 3094 3266 3163 τὴν
3304 3094 3398 3148 τοῦ
3453 3094 3644 3149 δούλου

2064 3181 2275 3235 ἐκείνου
2301 3182 2536 3253 μορφὴν,
2559 3183 2710 3244 τέλος
2735 3185 2828 3238 καὶ
2851 3185 3048 3256 κῆνσον
3073 3187 3308 3249 δίδωσιν,
3331 3187 3428 3257 οὐχ
3443 3177 3544 3240 ’ἓτε
3555 3206 3646 3259 ρον

2065 3272 2218 3344 παρά
2238 3273 2329 3326 τὸν
2355 3273 2627 3344 διδόμενον
2670 3275 2774 3328 ὑπὸ
2820 3275 2915 3329 τοῦ
2958 3277 3203 3347 μαθητοῦ
3258 3278 3444 3331 αὐτοῦ’
3481 3282 3509 3332 ὁ
3537 3280 3644 3350 γὰρ

379 3364 640 3418 tributum
678 3375 734 3419 et
766 3381 1015 3430 censum,
1050 3382 1157 3421 non
1193 3367 1360 3421 alium
1401 3384 1564 3438 quam
1595 3385 1756 3439 quem
1789 3371 1961 3441 ipsius

2066 3340 2226 3429 αὐτὸς
2259 3366 2419 3436 ἤρκει
2447 3340 2674 3438 στατὴρ,
2729 3367 2823 3420 καὶ
2883 3340 3041 3420 “rb-Exi
3079 3340 3318 3437 νόμισμα
3369 3340 3645 3438 διδόμενον

377 3456 702 3525 discipulus,
742 3457 939 3522 solvit;
970 3459 1112 3513 idem
1151 3459 1296 3513 enim
1341 3467 1535 3526 stater,
1581 3469 1635 3518 et
1673 3478 1814 3518 unus
1859 3479 1958 3531 pro

376 3545 528 3615 Jesu,
559 3547 840 3618 ipsiusque
860 3549 1130 3620 discipulo
1152 3552 1364 3608 solutus
1392 3569 1650 3609 nummus
1678 3555 1814 3610 satis
1835 3554 1958 3609 t‘uit.

378 3638 495 3695 Non
547 3651 730 3698 autem
782 3643 835 3697 in
887 3643 1053 3699 domo
1090 3642 1242 3710 Jesu,
1289 3647 1382 3702 sed
1431 3647 1486 3701 in
1525 3647 1663 3702 mari
1709 3657 1826 3703 erat
1872 3647 1960 3702 ille

379 3747 660 3797 nummus,
694 3741 749 3787 et
782 3733 835 3788 in
878 3749 975 3789 ore
1016 3736 1214 3790 marini
1262 3736 1446 3806 piscis,
1495 3755 1657 3808 quem
1692 3747 1746 3792 et
1780 3739 1958 3808 ipsum

377 3822 644 3879 beneﬁcio
688 3826 942 3880 affectum
999 3826 1169 3882 fuisse
1219 3827 1496 3892 existimo,
1547 3844 1670 3882 cum
1717 3827 1964 3883 ascendit

379 3917 810 3986 comprehensus
863 3920 1026 3975 hamo
1080 3919 1249 3986 Petri,
1292 3923 1386 3992 qui
1443 3921 1619 3977 fuerat
1674 3921 1958 3976 hominum

379 4009 640 4079 piscator,
682 4011 734 4064 in
771 4027 881 4081 quo
929 4013 976 4069 is
1020 4029 1239 4085 quoque
1281 4026 1399 4070 erat
1428 4015 1520 4085 qui
1564 4016 1770 4084 tropice
1795 4014 1962 4084 piscis

2066 3458 2205 3529 ὑπὲρ
2227 3457 2322 3510 τοῦ
2365 3457 2539 3527 Ἰησοῦ
2570 3459 2663 3510 καί
2719 3457 2813 3510 τοῦ
2867 3457 3110 3528 μαθητοῦ
3163 3457 3350 3510 αὑτοῦ.
3395 3457 3563 3511 Τοῦτο
3585 3459 3645 3510 δὲ

2067 3549 2125 3601 τὸ
2160 3548 2401 3618 νόμισμα
2431 3550 2488 3600 ὲν
2525 3549 2621 3618 μὲν
2650 3551 2715 3619 τῇ
2744 3548 2892 3619 οἰκίᾳ
2929 3547 3104 3618 Ἰησοῦ
3150 3549 3250 3602 οὐκ
3287 3545 3376 3619 ἦν,
3409 3551 3466 3602 ὲν
3490 3550 3546 3602 δὲ
3576 3553 3642 3619 τῇ

2068 3639 2312 3711 θαλάσσῃ
2341 3639 2625 3710 ἐτύγχανε,
2659 3639 2754 3694 καὶ
2781 3635 2847 3710 ἦν
2875 3641 2931 3692 ἐν
2963 3639 3040 3710 τῷ
3067 3639 3294 3710 στόματι
3323 3640 3417 3692 τοῦ
3446 3639 3646 3694 θαλασ-

2071 3731 2186 3784 σίου
2233 3731 2436 3801 ἰχθύος,
2481 3731 2540 3784 ὃν
2568 3731 2662 3784 καὶ⁸
2689 3732 2852 3784 αὐτὸν
2901 3728 3055 3802 οἶμαι
3084 3731 3537 3804 εὐεργετούμενον
3566 3733 3646 3804 (4)

2070 3825 2470 3897 ἀναϐεϐηκέναι
2519 3825 2576 3879 ὲν
2613 3824 2689 3895 τῷ
2750 3825 2957 3896 Πέτρου
3020 3823 3304 3896 ἀγκίστρῳ
3357 3819 3640 3896 συνειλημ-

2069 3917 2253 3989 μένον,
2287 3915 2581 3988 γενομένου
2622 3915 2816 3978 ἁλιέως
2843 3914 3167 3987 ἀνθρώπων,
3207 3917 3262 3968 ἐν
3307 3909 3352 3984 ᾧ
3370 3913 3437 3987 ἦν
3464 3920 3492 3970 ὁ
3517 3935 3641 3988 τρο-

2068 4009 2243 4072 πικῶς
2269 4007 2559 4079 λεγόμενος
2586 4007 2736 4079 ἰχθὺς
2768 4006 2866 4078 (5),
2891 4007 2984 4068 ,ἵνα
3017 4009 3109 4061 καὶ
3138 4008 3358 4079 ἀπαρθῇ
3392 4007 3486 4062 ἀπ’
3538 4009 3643 4064 αύ-

1582 4125 1815 4184 VETUS
1855 4120 2436 4179 INTERPRETATIO.

379 4229 561 4298 terrm,
590 4239 765 4298 neque
796 4223 1063 4298 subjugo
1090 4223 1400 4298 principum
1427 4223 1610 4298 saeculi
1642 4223 1828 4291 hujus,
1858 4221 1950 4298 qui
1981 4215 2560 4298 adversiispominum
2593 4224 2970 4298 convenerunt
3023 4214 3074 4268 in
3111 4229 3305 4293 unum:
3351 4212 3640 4298 Propterea

378 4301 434 4346 et
463 4291 623 4366 Pater
663 4288 824 4366 unico
858 4288 1149 4366 Fil'io'non
1191 4288 1452 4366 pepercit,
1498 4294 1592 4350 sed
1638 4288 1735 4366 pro
1768 4288 2037 4366 ominibus
2082 4288 2302 4366 tradidit
2330 4303 2497 4366 eum,
2554 4293 2612 4366 ut
2656 4288 3012 4366 suscipientes
3058 4300 3188 4364 eum
3231 4288 3534 4366 principes,
3587 4293 3648 4341 et

380 4362 655 4418 tradentes
709 4365 762 4416 in
809 4380 1005 4418 manus
1050 4354 1354 4430 hominum,
1406 4354 1475 4418 ab
1515 4379 1580 4419 eo
1625 4354 1716 4431 qui
1767 4361 1980 4432 habitat
2024 4359 2076 4411 in
2124 4357 2277 4432 cmlis
2330 4357 2680 4432 irrideantur,
2731 4363 2786 4408 et
2840 4371 2870 4409 a
2918 4354 3147 4432 D_0mino
3198 4355 3630 4432 subsanuentur,

379 4433 641 4500 quoniam
699 4433 751 4485 in
800 4434 1214 4505 dissolutionem
1260 4424 1464 4504 proprii
1515 4424 1664 4503 regni
1689 4440 1763 4505 Δοι
1812 4429 2148 4505 principatus
2189 4428 2272 4505 sui
2322 4426 2504 4505 omnia
2546 4425 2797 4505 agebant,
2846 4424 3126 4505 tradentes
3163 4439 3285 4476 eum
3340 4424 3646 4505 indmanus

383 4491 666 4576 hominum
713 4517 726 4552 :
770 4503 884 4576 qui_
916 4503 1072 4556 tertia
1111 4504 1198 4557 die
1241 4491 1533 4573 r'esu'rgens
1576 4491 1659 4576 ‘et
1689 4491 2170 4576 inimicamlsuam
2223 4498 2512 4576 destrueiis
2562 4491 2856 4574 niortetn,_
2891 4509 3024 4576 non“
3051 4491 3224 4576 solum
3286 4495 3647 4576 mortiswsucn

380 4570 692 4624 conformes
725 4561 825 4626 no's
862 4571 1011 4638 fecit,
1043 4573 1136 4628 sed
1171 4574 1335 4628 etiam
1374 4561 1809 4627 rEsurreetionis.
1847 4569 2177 4644 PrmdiCente
2218 4575 2397 4644 autem
2432 4563 2660 4644 Domino
2693 4563 2952 4644 quoniam
2982 4563 3243 4644 futurum
3275 4572 3356 4644 est
3388 4573 3444 4644 ut
3472 4561 3642 4644 Filius

383 4640 623 4714 hominis
673 4632 1265 4714 tradaturinﬁmanus
1313 4644 1620 4703 hominum,
1663 4652 1716 4696 ct
1753 4640 2008 4714 occidant
2036 4653 2192 4698 eum.
2238 4645 2294 4714 βξ
2335 4635 2490 4714 ῑεςῑίθ
2535 4634 2622 4714 ςίίίέ
2651 4642 2939 4714 ,ιςρδυτιιειμ
2977 4632 3171 4714 tl'islati
3218 4632 3646 4714 sant_dis_cipuli

381 4710 734 4784 vehementer
771 4729 796 4784 :_
830 4713 1152 4784 tradendum
1185 4713 1404 4780 quidem
1443 4713 1496 4765 in
1525 4728 1720 4766 manus
1751 4711 2038 4764 hominum
2065 4706 2501 4784 etoccidendum
2537 4703 2915 4784 intelligentes,
2945 4717 3059 4784 pou
3085 4712 3281 4784 autem_
3302 4702 3648 4784 attendentes

381 4780 448 4836 ad
486 4781 614 4834 illud
655 4782 799 4851 quod
829 4783 944 4838 ait:
975 4803 992 4832 ι
1022 4780 1088 4835 Et
1126 4772 1283 4836 tertia
1322 4783 1410 4837 die
1453 4794 1725 4852 resurget,
1759 4799 1777 4832 ι
1824 4794 1926 4834 nec
1959 4776 2371 4833 considerantes
2398 4775 2523 4844 quis
2560 4782 2724 4839 esset,
2763 4774 2850 4827 cui
2892 4774 2957 4827 ad
2987 4772 3377 4826 destruendam
3409 4783 3643 4826 mortem

385 4853 548 4926 trium
579 4852 792 4926 die_rum
827 4865 1042 4926 tempus
1065 4852 1420 4926 suﬂiciebat._
1501 4921 1512 4926 _
2280 4916 2289 4926 _
2515 4914 2528 4926 _
2742 4912 2754 4924 ,
2828 4913 2841 4926 ,
2943 4922 2952 4926 _
3076 4913 3087 4926 ,
3135 4912 3223 4926 η,
3442 4921 3454 4926 ,
3511 4912 3541 4926 ..

461 4922 546 4976 10.
583 4939 602 4971 ι
643 4922 781 4978 Cum
811 4912 1050 4978 venisset
1077 4931 1258 4976 autem
1297 4923 1350 4975 in
1383 4921 1792 4995 (‘apharnaum._
1819 4916 2292 4995 _acc¢_‘_sserunt_qui
2323 4914 2656 4995 didrachma
2671 4912 2981 4995 exigebant,
3025 4913 3089 4966 ad
3135 4912 3377 4995 Petrum,
3405 4921 3460 4965 et
3491 4912 3645 4995 dixe-

382 5001 513 5046 runt
539 5011 552 5046 :
586 4993 842 5063 Magister
864 5005 1040 5048 vester
1071 5008 1178 5046 non
1210 4993 1370 5047 solvit
1397 4980 1747 5063 didrachma?
1767 4991 1855 5043 Ait
1883 5007 1895 5042 :
1925 4987 2123 5063 Etiam.
2156 4980 2372 5063 Etcum
2406 4987 2664 5063 intrasset
2689 4984 2744 5036 in
2767 4980 3019 5063 domum,
3049 4985 3307 5063 prtevenit
3338 4999 3460 5063 eum
3483 4980 3647 5063 Jesus

382 5063 572 5117 dicens
592 5080 603 5113 :
623 5053 764 5141 Quid
786 5065 878 5118 tibi
909 5065 1120 5141 vidhetur
1154 5063 1379 5141 Simon?
1399 5061 1590 5141 __Reges
1607 5071 1774 5141 terra
1805 5075 1834 5139 ξι
1867 5057 2071 5141 quibus
2098 5056 2372 5141 aeeipilupt
2403 5057 2704 5141 tributum".
2730 5054 2818 5141 νΙεί
2834 5068 3136 5141 censum,a
3161 5053 3290 5141 [iliis
3315 5053 3648 5141 suis3A‘anab

381 5121 693 5187 extraneis?
729 5133 870 5188 Dicit
899 5136 947 5188 ei
979 5133 1172 5188 Petrus
1201 5151 1214 5185 :
1248 5134 1330 5187 Ab
1363 5121 1577 5186 alienis.
1604 5129 1747 5184 Dicit
1775 5121 2018 5203 ei‘Jesus
2049 5144 2061 5178 :
2099 5121 2580 5203 EI-go_lil.)cri-sunt
2608 5124 2719 5203 lilii.
2757 5121 2824 5176 Ut
2852 5134 3034 5203 autem
3065 5139 3173 5176 non
3207 5124 3648 5203 scandalizemus

381 5221 499 5266 eos,
536 5206 740 5257 vadens
774 5205 838 5258 ad
875 5220 1025 5259 mare
1059 5204 1214 5257 mitte
1247 5205 1491 5265 hamum,
1522 5211 1577 5255 et
1603 5216 1728 5254 eum
1760 5199 1853 5270 qui
1881 5200 2034 5275 prius
2057 5194 2367 5275 ascenderit
2396 5197 2598 5273 piscem
2624 5195 2771 5275 tolle,
2803 5203 2858 5247 et
2885 5194 3134 5275 aperiens
3163 5194 3374 5275 osﬂejus
3402 5194 3650 5269 invenies

382 5264 659 5330 staterem.
691 5275 847 5328 Illum
879 5275 1172 5341 accipiens,
1205 5273 1271 5326 da
1301 5274 1381 5327 eis
1416 5264 1515 5340 pro
1553 5286 1658 5334 me,
1693 5280 1747 5324 et
1778 5264 1857 5324 te.
1882 5264 1913 5319 “»
1949 5268 2090 5322 Sunt
2117 5281 2247 5331 ergo
2297 5264 2463 5333 aliqui
2513 5279 2664 5333 reges
2695 5273 2872 5327 terrm,
2904 5273 2960 5315 et
2998 5278 3189 5315 eorum
3234 5264 3351 5323 lilii,
3397 5264 3491 5330 qui
3537 5278 3646 5314 non

453 5367 495 5396 ³⁷
536 5365 690 5420 item.
717 5382 790 5427 vi,
819 5367 868 5419 4.
947 5366 991 5396 ⁸⁸
1027 5364 1213 5417 Matth.
1251 5381 1326 5430 ιν,
1363 5364 1447 5417 16.
1525 5364 1568 5396 ³³
1605 5363 1796 5417 Matth.
1835 5376 1961 5427 xvu,

2079 5399 2092 5423 ,
2120 5357 2211 5410 2‘2.
2290 5357 2336 5388 ⁸⁸
2357 5355 2522 5410 Hebr.
2553 5371 2614 5422 ιι,
2646 5356 2733 5410 14.
2810 5355 2851 5386 ⁸¹
2889 5353 3076 5407 Matth.
3105 5369 3236 5418 xvu,
3259 5354 3349 5407 9.5.
3394 5353 3438 5384 “
3469 5351 3643 5406 Exod.

383 5453 420 5500 I,
455 5438 538 5498 l5.
573 5438 657 5490 l-t.
737 5436 780 5467 ⁸³
811 5436 1040 5505 Philipp.
1072 5451 1131 5502 ιι,
1171 5434 1218 5488 7.

454 5533 532 5599 (5)
579 5531 653 5584 Τὰ
686 5530 1000 5600 δίδραχμα.
1041 5529 1095 5582 In
1151 5529 1308 5583 codd.
1357 5529 1653 5600 Anglicano
1699 5535 1751 5584 ct
1796 5525 1957 5580 Tari-

387 5601 551 5654 niano
589 5604 849 5671 scriptum
879 5613 958 5655 est
991 5600 1056 5653 τὰ
1082 5601 1371 5671 δίδραγμα.

457 5672 534 5738 ιιι)
571 5673 672 5724 Ὃν
703 5665 800 5725 3m).
829 5672 1014 5724 αὐτὼ·
1047 5665 1204 5739 ί-ἷμτὶι
1245 5665 1761 5739 ὲῦεργετούμενον.
1791 5665 1958 5721 Vetus

388 5738 694 5810 interpres:
731 5761 747 5792 ι
781 5743 951 5807 Quem
974 5738 1166 5810 ipsum
1201 5738 1405 5810 piscem
1453 5739 1691 5794 arbitror
1734 5739 1956 5808 adjura-~

2061 5532 2207 5589 tum;
2248 5543 2265 5572 ι
2327 5539 2426 5591 pro
2489 5519 2976 5592 εὐεργετούμενον,
3037 5519 3238 5590 legerat
3290 5517 3641 5588 έξορκιζόμε-

2060 5611 2168 5648 νον.
2205 5593 2465 5648 llusrms.

2136 5666 2213 5746 (5’)
2260 5647 2360 5718 Ἑν
2388 5647 2433 5726 ᾧ
2463 5659 2538 5731 ἦν
2563 5663 2601 5741 ό,
2631 5659 2917 5746 τροπικῶς
2950 5655 3643 5746 ,ἰεγόμενοςἰχθύς...νεῖ

2065 5725 2151 5790 tus
2195 5725 2465 5803 interpres
2484 5725 2501 5785 ἰ
2539 5750 2556 5783 ι
2591 5725 3061 5799 ιιι-(ιιιιίιιιεειιιι,
3091 5725 3110 5781 ἱ
3145 5742 3251 5786 ctc.
3289 5725 3459 5783 comi.
3497 5725 3558 5780 Η.
3589 5734 3644 5782 et
