4146 6448
384 409 519 467 1129
1328 408 1680 464 (ΣΟΜΜΕΝΤ.
1723 406 1790 462 IN
1824 402 2241 462 MATTIIEUM
2282 401 2521 460 'I'OMUS
2560 403 2696 458 XIII.
3526 411 3662 466 I130

388 543 407 578 ι
492 525 552 578 ἐν
577 522 761 596 ἐκείνῃ
796 525 862 596 τῇ
913 521 1167 596 ἡμέραμ
1201 525 1232 597 ἢ
1277 524 1472 596 ιῶρᾳμ
1513 525 1881 595 σκοπὴσωμεν
1928 524 1976 576 εί

2080 520 2238 582 dunt,
2270 537 2288 570 ι
2321 517 2375 572 in
2404 518 2496 572 illo
2519 518 2626 582 die,
2655 537 2674 570 ι
2711 518 2793 574 vel
2823 537 2843 572 ι
2868 519 3035 588 hora,
3066 542 3084 574 ι
3119 523 3401 580 videamus
3429 537 3498 578 an
3533 523 3662 578 inde

381 608 494 670 οἷόν
525 613 585 669 τέ
609 617 758 669 ἐστιν
800 614 896 669 ἀπ’
942 615 1170 669 ἐκείνων
1209 616 1325 668 ὁδὸν
1362 615 1547 669 λαϐεῖν
1584 615 1722 686 πρὸς
1753 615 1815 668 τὸ
1844 615 1974 669 θεω-

2080 609 2438 681 perpendendi
2467 610 2824 666 additamenti
2873 612 3038 682 hujus
3064 656 3079 678 ,
3118 633 3136 667 σ
3172 617 3226 670 in
3258 616 3351 671 illo
3381 617 3489 681 die,
3518 635 3538 670 ι
3575 621 3662 674 vel

385 707 549 779 ρῆσαι
597 706 674 772 ὡς
703 707 1007 777 ἀναγκαίαν
1029 707 1150 777 τὴν,
1194 725 1212 758 ι
1246 708 1306 760 ὲν
1337 708 1526 779 ἐκείνῃ
1570 710 1636 778 τῇ
1684 706 1969 778 ήμέρᾳ,ἢ›

388 795 605 869 (ὦρᾳρ
670 799 1018 872 προσθήκην.
1084 799 1470 869 Ἐληλύθεισαν
1512 799 1690 852 τοίνυν
1737 800 1818 861 είς
1873 799 1972 868 τὴν

383 890 764 964 Καφαρναοὺμ
808 893 837 943 6
900 890 1106 960 Ἰησοῦς
1153 890 1270 961 ἅμα
1316 893 1428 954 τοῖς
1474 890 1744 961 μαθηταῖς
1783 887 1970 955 αὐτοῦ,

383 978 512 1035 ἔνθα
547 998 568 1032 ι
603 982 651 1033 οἱ
684 981 754 1033 τὰ
780 979 1051 1050 δίδραχμα
1071 979 1443 1049 λαμϐάνοντες
1478 978 1557 1050 τῷ
1585 979 1777 1049 Πέτρῳ
1802 994 1974 1048 προσ-

380 1071 578 1142 ἦλθον,
619 1093 637 1124 ι
672 1073 766 1126 καὶ
806 1073 1118 1143 ἐρωτῶντες
1161 1067 1316 1126 εἷπον
1368 1071 1458 1124 τόο
1499 1090 1519 1123 ι
1572 1071 1632 1124 '0
1659 1070 1977 1134 διδάσκαλος

385 1163 540 1235 ὑμῶν
571 1165 633 1218 οὐ
661 1163 806 1218 τελεῖ
834 1164 904 1218 τὰ
934 1165 1242 1235 δίδραχμα;
1288 1182 1306 1215 ι
1343 1159 1497 1227 Εἶτα,
1533 1161 1975 1235 ἀποκριναμένου

387 1255 524 1328 πρὸς
565 1257 764 1320 αὐτοὺς
806 1254 900 1309 τοῦ
948 1256 1179 1327 Πέτρου,
1222 1257 1315 1308 καὶ
1349 1255 1627 1319 εἰπόντος’
1671 1274 1690 1307 ι
1728 1255 1858 1318 Ναὶ,
1897 1273 1914 1304 ι
1949 1254 1978 1306 6

396 1344 624 1417 Ἰησοῦς,
671 1344 1284 1416 προσαπολογησόμενος
1315 1343 1426 1414 (12)
1474 1343 1604 1413 περὶ
1642 1341 1741 1413 τῆς
1777 1341 1978 1402 δόσεως

389 1437 497 1490 τῶν
542 1437 872 1508 διδράχμων,
924 1436 1135 1506 πέμπει
1172 1435 1264 1489 τὸν
1319 1435 1528 1506 Πέτρον
1565 1433 1642 1506 τῷ
1699 1432 1980 1502 ἀγκίστρῳ

387 1527 778 1583 ἁνασπάσοντα
817 1527 987 1597 ἰχθὺν,
1019 1519 1080 1578 οῦ
1123 1527 1182 1578 ὲν
1213 1524 1293 1595 τῷ
1339 1525 1568 1596 στόματι
1610 1524 1850 1594 ἔφασκεν
1885 1522 1976 1574 εὑ-

388 1618 716 1691 ρεθήσεσθαι
765 1618 1008 1689 στατῆρα
1051 1617 1143 1670 τὸν
1194 1617 1554 1688 δοθησόμενον
1593 1616 1732 1687 ὑπὲρ
1783 1613 1977 1667 ἑαυτοῦ

388 1707 483 1762 καὶ
523 1708 750 1780 Πέτρου.
795 1711 951 1762 Δοκεῖ
980 1703 1073 1761 οῦν
1110 1726 1222 1778 μοι,
1259 1709 1342 1762 ὅτι
1377 1708 1487 1778 (15)
1533 1707 1796 1778 μεγίστην
1828 1705 1982 1776 νομίο

391 1816 580 1865 σαντες
615 1800 822 1872 ταύτην
863 1795 1004 1853 εἶναι
1046 1799 1151 1852 ὑπὸ
1193 1797 1288 1851 τοῦ
1349 1798 1525 1870 Ἰησοῦ
1571 1798 1709 1871 πρὸς
1745 1797 1837 1850 τὸν
1878 1797 1980 1850 Πέ-

2081 722 2101 756 ι
2123 704 2279 770 hora,
2313 721 2334 755 ι
2369 711 2628 773 tanquam
2656 704 2976 770 necessarii,
3003 705 3146 759 viam
3186 706 3325 762 inire
3359 711 3656 778 possimus.

2076 794 2461 865 Capharnaum
2493 804 2716 850 venerat
2751 811 2858 850 una
2896 811 3021 851 cum
3048 796 3332 867 discipulis
3353 797 3512 856 Iesus
3533 841 3550 867 ,
3585 801 3660 858 ibi

2082 904 2102 937 ι
2139 895 2492 943 accesserunt
2534 885 2628 957 qui
2681 887 3000 942 didrachma
3047 887 3422 958 accipiebant,
3467 892 3534 946 ad
3560 891 3664 949 Pe-

2079 986 2246 1044 trum,
2282 997 2301 1030 υ
2359 985 2414 1032 et
2466 977 2865 1049 interrogantes
2907 978 3207 1034 dixerunt:
3244 998 3262 1032 ι
3292 979 3549 1053 Magister
3571 999 3664 1040 ve-

2076 1073 2188 1122 ster
2226 1081 2335 1122 non
2367 1065 2531 1122 solvit
2576 1065 2938 1123 didrachma?
2975 1087 2994 1120 ι
3033 1068 3236 1125 Deinde
3278 1086 3403 1126 cum
3431 1087 3663 1142 respon-

2076 1157 2250 1214 disset
2275 1158 2355 1213 eis
2391 1156 2608 1223 Petrus,
2639 1166 2694 1213 et
2721 1159 2990 1214 dixisset:
3034 1179 3052 1212 ι
3089 1159 3290 1227 Etiam,
3329 1181 3348 1214 ι
3381 1161 3542 1218 Iesus
3575 1180 3666 1218 ra-

2079 1249 2279 1304 tionem
2328 1247 2562 1303 reddens
2611 1263 2711 1304 cur
2758 1249 3078 1306 didrachma
3134 1253 3401 1321 solveret,
3439 1252 3661 1311 Petrum

2079 1340 2231 1397 misit
2259 1339 2354 1408 qui
2383 1339 2548 1394 hamo
2595 1339 2800 1409 piscem
2831 1342 3100 1410 extraxit,
3150 1344 3310 1415 cujus
3348 1347 3401 1400 in
3438 1363 3534 1402 ore
3561 1364 3662 1418 pro

2078 1446 2139 1487 se
2163 1439 2217 1486 et
2241 1428 2403 1485 Petro
2429 1429 2775 1500 pendendum
2826 1439 3079 1489 staterem
3128 1446 3405 1506 repertum
3438 1437 3502 1492 iri
3535 1455 3663 1509 pro-

2080 1523 2371 1578 nuntiavit.
2410 1522 2547 1577 Cum
2578 1535 2710 1592 ergo
2737 1525 2978 1581 maximo
3009 1543 3036 1580 a
3060 1525 3187 1583 Iesu
3211 1528 3428 1584 Petrum
3455 1529 3665 1585 honore

2081 1613 2334 1668 allectum
2383 1613 2802 1680 existimarent,
2840 1617 2933 1686 qui
2979 1617 3244 1687 majorem
3291 1635 3416 1676 eum
3450 1621 3664 1677 caeteris

2081 1705 2196 1762 suis
2235 1706 2517 1776 discipulis
2557 1705 2893 1777 judieassct;
2932 1707 2983 1762 id
3026 1710 3170 1779 quod
3216 1712 3662 1782 suspicabantur,

2080 1795 2268 1853 Iesum
2319 1797 2747 1869 interrogando,
2811 1800 3334 1872 responsionemquc
3382 1802 3504 1872 ejus
3560 1819 3664 1862 au-

387 1907 514 1962 τρον
562 1891 747 1962 τιμὴν,
790 1891 1077 1961 κρίναντος
1125 1888 1289 1941 αὐτὸν
1344 1887 1568 1958 μείζονα
1626 1889 1736 1941 τῶν
1776 1889 1978 1942 λοιπῶν

2085 1887 2284 1943 diendo
2331 1889 2672 1959 exploratum
2709 1889 2910 1946 habere
2948 1891 3190 1947 voluisse
3221 1893 3353 1947 mihi
3388 1892 3663 1958 videntur,

387 1981 700 2053 γνωρίμων,
743 1980 1026 2034 ἐϐούλοντο
1062 1979 1201 2050 ὅπερ
1239 1979 1500 2033 ὑπενόουν
1530 1978 1857 2051 ἀκριϐὦσαι,
1891 1979 1979 2034 διὰ

383 2070 482 2123 τοῦ
518 2071 813 2142 πυθόμενοι
848 2069 940 2124 τοῦ
981 2069 1156 2140 Ἰησοῦ
1186 2068 1416 2122 ἀκοῦσαι
1443 2071 1574 2141 παρ’
1606 2069 1770 2123 αὑτοῦ
1801 2071 1872 2134 εί,
1903 2069 1980 2132 ὼς

388 2161 774 2231 ὑπελάμϐανον
798 2201 812 2227 ,
858 2162 1080 2232 μείζονα
1129 2159 1354 2233 κέκρικε
1389 2163 1480 2215 τὸν
1523 2162 1727 2234 Πέτρον
1759 2163 1939 2218 αὐτῶν
1962 2181 1974 2194 ·

387 2251 508 2322 ἅμα
539 2251 596 2304 δὲ
635 2249 863 2322 ἤλπιζον
903 2251 998 2304 καὶ
1027 2250 1124 2321 τὴν
1163 2251 1346 2305 αἰτίαν
1386 2251 1626 2304 εἴσεσθαι
1656 2251 1750 2304 τοῦ
1783 2268 1981 2323 προκε-

387 2341 610 2414 κρίσθαι
641 2338 733 2395 τδν
764 2343 969 2414 Πέτρον
994 2342 1101 2395 τῶν
1125 2342 1329 2396 λοιπῶν
1357 2341 1634 2414 μαθητῶν.
1674 2342 1837 2396 Ταῦτ’
1863 2337 1976 2407 οῦν,

386 2431 564 2505 οἶμαι,
584 2433 826 2506 δηλῶσαι
852 2434 881 2486 6
909 2433 1188 2498 Ματθαῖος
1210 2433 1555 2505 βουλόμενος,
1584 2434 1830 2505 ἐπήγαγε
1861 2433 1940 2504 τῷ
1962 2451 1975 2463 ·

392 2547 414 2581 ‹
461 2529 698 2582 Ἐκεῖνον
729 2526 932 2593 λαϐὼν,
972 2545 990 2579 ι
1028 2527 1272 2598 δηλονότι
1297 2526 1388 2579 τὸν
1420 2526 1686 2597 στατῆρα,
1717 2546 1735 2576 ι
1765 2525 1853 2589 δὺς
1878 2525 1979 2580 αὑ-

389 2621 501 2684 τοῖς
531 2620 651 2674 ἀντὶ
681 2617 816 2690 ἐμοῦ
851 2618 946 2672 καὶ
980 2618 1098 2681 σοῦ,
1137 2637 1155 2668 ι
1184 2617 1274 2672 τό·
1310 2637 1328 2668 ι
1378 2618 1466 2671 Ἐν
1489 2618 1674 2689 ἐκείνῃ
1706 2619 1770 2688 τῇ
1798 2617 1980 2690 ἡμέρα

388 2709 694 2782 προσῆλθον
731 2710 780 2763 oi
817 2709 1062 2782 μαθηταὶ
1102 2708 1181 2779 τῷ
1226 2709 1400 2780 Ἰησοῦ
1433 2709 1714 2779 λέγοντες·
1751 2711 1848 2773 Τίς
1875 2711 1982 2783 ἄρα

392 2800 593 2872 μείζων
632 2801 781 2856 ἐστὶν
814 2803 873 2855 ὲν
915 2804 981 2872 τῇ
1028 2800 1276 2874 βασιλείᾳ
1313 2802 1422 2856 τῶν
1464 2803 1746 2874 οὐρανῶνς
1789 2821 1808 2854 ι
1841 2802 1980 2876 τάχα

388 2889 448 2945 δὲ
496 2891 591 2946 καὶ
637 2889 955 2962 ἀμφέϐαλον
1001 2889 1090 2944 διὰ
1134 2890 1196 2944 τὺ
1240 2891 1352 2963 (II)
1394 2892 1544 2964 τρεῖς
1585 2891 1983 2964 προκεκρίσθαι

389 2983 532 3039 κατᾶ
552 2982 651 3056 τὴν
677 2983 1102 3055 μεταμόρφωσιν
1121 2998 1134 3012 ·
1167 2983 1485 3054 ἀμφέϐαλον
1516 2983 1574 3037 δὲ
1604 2985 1732 3057 περὶ
1768 2983 1862 3038 τοῦ
1897 2984 1981 3048 τίς

389 3074 500 3131 τῶν
523 3075 694 3150 τριῶν
726 3073 930 3148 μείζων
963 3073 1104 3130 εἶναι
1137 3077 1387 3148 κέκριται
1410 3075 1565 3150 παρὰ
1591 3075 1668 3148 τῷ
1695 3075 1886 3149 Κυρίῳ
1907 3094 1920 3108 ο
1951 3078 1982 3131 6

391 3169 494 3243 μὲν
531 3171 641 3243 γὰρ
691 3169 946 3241 Ἰωάννης
989 3169 1254 3224 ἀνέπεσεν
1293 3171 1385 3224 ἐπὶ
1414 3170 1476 3224 τὸ
1499 3170 1695 3242 στῆθος
1721 3169 1885 3224 αὐτοῦ
1909 3170 1978 3224 δι’

391 3243 632 3333 ἀγάπην,
666 3262 762 3317 καὶ
793 3261 1084 3316 ἀκόλουθον
1115 3262 1221 3332 πρὸ
1250 3261 1341 3316 τοῦ
1377 3263 1594 3318 δείπνου
1632 3263 1800 3336 τιμῆς
1830 3264 1976 3329 ἐξαι-

393 3352 549 3424 ρέτου
604 3352 850 3425 σύμϐολα
890 3353 1063 3408 πολλὰ
1109 3354 1306 3418 αὐτοὺς
1362 3355 1666 3427 ἑωρακέναι
1713 3356 1849 3429 πρὸς
1888 3355 1981 3410 τδν

403 3447 655 3520 Ἰωάννην
687 3446 797 3502 ἀπὸ
818 3445 912 3500 τοῦ
950 3447 1125 3519 Ἰησοῦ
1149 3464 1162 3479 ⁸
1211 3451 1240 3502 6
1271 3448 1328 3502 δὲ
1352 3448 1556 3518 Πέτρος
1586 3451 1644 3503 ὲν
1685 3451 1750 3522 τῇ
1789 3450 1981 3521 ὁμολο-

389 3538 486 3613 γίᾳ
516 3540 716 3611 ἤκουσε
759 3540 1032 3612 μακάριος
1078 3538 1167 3594 διὰ
1199 3539 1291 3594 τό*
1343 3559 1360 3592 ι
1400 3541 1471 3593 Σὺ
1513 3537 1564 3594 εἷ
1605 3543 1634 3596 6
1676 3542 1911 3613 Χριστὸς
1953 3541 1983 3593 6

392 3631 523 3696 Υἱὸς
567 3631 663 3687 τοῦ
721 3631 860 3686 Θεοῦ
905 3632 1002 3686 τοῦ
1059 3631 1291 3696 ζῶντος·
1353 3652 1371 3683 ι
1430 3631 1592 3686 πάλιν
1642 3633 1705 3686 δὲ
1755 3633 1842 3686 διὰ
1892 3632 1982 3685 τό-

2081 1993 2174 2045 an,
2200 1980 2665 2050 quemadmodum
2700 1982 3087 2054 conjiciebant,
3113 1999 3238 2039 eum
3268 1984 3466 2056 seipsis
3491 1985 3666 2056 majo—

2081 2087 2195 2128 rem
2219 2071 2524 2142 judicasset
2557 2090 2570 2128 :
2607 2073 2773 2130 simul
2807 2075 2971 2130 etiam
3001 2075 3295 2147 sperabant
3322 2076 3567 2132 futurum
3603 2089 3666 2135 ut

2079 2179 2303 2220 causam
2333 2174 2743 2236 cognoscerent,
2790 2165 2957 2238 589
2987 2182 3086 2222 cur
3116 2169 3332 2226 caeteris
3379 2169 3665 2240 discipulis

2079 2255 2275 2313 Petrus
2309 2258 2578 2313 antelatus
2605 2257 2818 2314 fuisset.
2862 2259 2998 2315 Cum
3027 2260 3144 2316 haec
3169 2261 3332 2331 igitur
3357 2261 3666 2333 significare

2081 2348 2242 2402 vellet
2269 2346 2558 2404 Matthazus
2588 2348 2674 2405 his
2699 2349 2882 2406 verbis
2910 2367 2927 2404 :
2968 2369 2986 2401 ι
3018 2351 3172 2406 illum
3202 2366 3450 2416 sumens,
3490 2371 3509 2404 ι
3547 2360 3666 2408 sta-

2080 2447 2248 2494 terem
2293 2439 2576 2506 videlicet,
2633 2459 2653 2492 ι
2687 2445 2754 2495 da
2782 2443 2862 2498 eis
2893 2459 2991 2513 pro
3023 2458 3109 2499 me
3150 2452 3205 2498 et
3253 2453 3338 2510 te,
3372 2463 3392 2496 ι
3431 2443 3664 2514 subjun-

2083 2531 2162 2586 xit
2203 2549 2216 2584 :
2271 2549 2294 2582 ς
2348 2530 2402 2584 in
2446 2530 2540 2585 illo
2574 2529 2661 2586 die
2693 2541 3050 2587 accesserunt
3094 2533 3348 2604 discipuli
3382 2532 3449 2587 ad
3474 2531 3662 2588 Iesum

2080 2621 2323 2677 dicentes
2346 2639 2359 2674 :
2380 2619 2517 2688 Quis
2544 2630 2704 2691 putas
2727 2620 2906 2691 major
2928 2631 3012 2675 est
3039 2622 3092 2675 in
3121 2635 3294 2692 regno
3318 2620 3660 2675 ccelorum'h

2081 2713 2211 2769 Inde
2233 2720 2416 2767 autem
2438 2711 2676 2768 fortasse
2704 2710 2973 2767 dubitatio
3007 2726 3196 2767 eorum
3231 2720 3350 2766 orta
3375 2719 3482 2777 est,
3516 2711 3664 2781 quod

2081 2815 2191 2862 tres
2239 2804 2294 2860 in
2350 2803 2833 2876 transﬁguratione
2874 2803 3166 2874 antepositi
3216 2802 3481 2869 fuissent;
3542 2803 3667 2872 quis

2082 2908 2262 2955 autem
2328 2898 2494 2954 trium
2541 2897 2760 2952 illorum
2805 2895 2981 2966 major
3031 2909 3063 2948 a
3093 2893 3324 2950 Domino
3388 2895 3668 2966 judicatus

2081 2992 2307 3057 fuisset,
2334 3005 2399 3046 ea
2426 3004 2559 3046 vero
2582 2989 2649 3045 de
2679 3003 2739 3043 re
2767 2987 3120 3055 dubitabant;
3175 3003 3300 3042 nam
3337 2985 3578 3043 Ioannes
3609 2985 3668 3041 in

2079 3082 2200 3154 ejus
2231 3089 2420 3153 pectus
2451 3096 2562 3152 pra:
2587 3094 2775 3135 amore
2803 3078 3087 3144 recubuit,
3123 3090 3180 3135 et
3205 3079 3375 3134 multa
3401 3088 3527 3136 ante
3555 3093 3668 3136 caa-

2081 3191 2209 3232 nam
2259 3175 2554 3247 singularis
2601 3175 2827 3231 honoris
2869 3173 2923 3229 in
2954 3172 3224 3231 Joannem
3255 3190 3284 3230 a
3319 3174 3449 3232 Iesu
3477 3175 3665 3233 collati

2083 3276 2407 3338 argumenta
2430 3265 2636 3323 vidisse
2661 3281 2758 3322 eos
2784 3265 2910 3322 inde
2937 3266 3065 3322 licet
3094 3267 3443 3336 existimare;
3468 3267 3667 3328 Petrus

2084 3368 2264 3416 autem
2300 3360 2355 3416 in
2397 3358 2749 3416 confessione
2787 3359 2980 3416 beatus
3009 3361 3310 3432 appellatus
3336 3371 3420 3417 est
3448 3372 3669 3434 propter

2085 3453 2216 3509 illud
2247 3470 2262 3507 :
2293 3452 2339 3485 “
2367 3471 2385 3505 ι
2410 3451 2490 3507 Tu
2524 3466 2586 3509 es
2609 3451 2863 3509 Christus
2894 3451 3065 3508 Filius
3097 3452 3189 3508 Dei
3237 3453 3378 3519 vivi;
3417 3472 3437 3506 ι
3475 3469 3669 3512 rursus

2085 3555 2267 3602 autem
2313 3554 2534 3616 propter
2585 3544 2731 3600 istud
2758 3545 2808 3577 ³⁸
2845 3563 2858 3600 :
2899 3563 2918 3596 ι
2959 3544 3102 3601 Vade
3128 3556 3249 3616 post
3281 3562 3401 3610 me,
3439 3547 3666 3612 Satana.

2087 3638 2405 3694 scandalum
2460 3652 2520 3692 es
2565 3635 2740 3692 mihi:
2795 3636 2922 3707 quia
2970 3652 3078 3693 non
3125 3637 3273 3708 sapis
3310 3654 3374 3692 ea
3417 3654 3539 3709 quae
3573 3640 3667 3695 Dei

395 3740 417 3778 ι
456 3724 671 3794 Ὕπαγε
696 3723 874 3777 ὀπίσω
912 3740 1012 3794 μου
1039 3764 1055 3789 ,
1107 3724 1352 3778 Σατανᾶ·
1404 3723 1699 3778 σκάνδαλον
1752 3742 1854 3795 μου
1893 3720 1974 3776 εἷ’

2088 3734 2251 3791 sunt;
2291 3726 2383 3781 sed
2433 3740 2496 3780 ea
2525 3741 2649 3796 qua:
2679 3734 2806 3780 sunt
2851 3727 3171 3793 hominum,
3227 3745 3246 3780 ι
3280 3729 3468 3785 animo
3512 3742 3670 3789 erant

393 3818 474 3872 ὅτι
500 3818 560 3872 οὐ
585 3819 802 3891 φρονεῖς
823 3817 892 3871 τά
911 3816 1003 3870 τοῦ
1025 3815 1184 3882 Θεοῦ,
1213 3815 1347 3869 ἀλλὰ
1371 3814 1442 3869 τὰ
1459 3816 1567 3872 τῶν
1594 3817 1918 3889 ἀνθρώπων,
1959 3836 1976 3868 ι

2093 3817 2306 3872 incerto
2353 3831 2418 3871 ac
2451 3817 2652 3882 dubio,
2697 3831 2766 3870 an
2799 3816 2847 3872 is
2873 3815 3109 3873 fortasse
3155 3819 3332 3889 major
3365 3836 3472 3876 non
3501 3833 3666 3890 esset,

1597 3931 1832 3990 VETUS
1871 3930 2458 3989 INTEBPRE'I'A'I‘IO.

389 4026 536 4083 enim
582 4026 636 4081 in
664 4026 1048 4098 Capliarnaum
1074 4026 1234 4084 Iesus
1278 4043 1402 4084 cum
1437 4026 1720 4098 discipulis
1767 4026 1905 4090 suis,
1947 4026 2060 4098 ubi
2085 4035 2140 4098 et
2169 4025 2492 4098 didraclrma
2526 4024 3192 4098 exigentes_accesserunt
3241 4026 3307 4082 ad
3340 4026 3586 4095 Petrum,
3614 4041 3668 4084 ct

395 4095 795 4168 interrogantes
859 4098 1161 4168 dixerunt:
1210 4115 1229 4149 ι
1276 4098 1533 4168 Magister
1563 4095 1764 4168 vester
1816 4112 1925 4151 non
1983 4095 2610 4168 solvit‘didrachmah
2681 4097 2760 4152 Ita
2810 4095 2972 4152 Petro
3020 4098 3386 4168 respondente
3437 4098 3506 4152 ad
3547 4115 3665 4164 eos,

398 4116 795 4168 Interrogantes
859 4116 1161 4153 OIXCI'UIII:
1210 4116 1229 4149 ί
1276 4116 1360 4154 M3
1401 4116 1533 4154 ISlel'
1582 4116 1764 4152 vesser
1816 4116 1925 4151 11011
1983 4116 2146 4151 δοινιι
2197 4116 2554 4151 uturacmna:
2588 4116 2606 4147 ι
2682 4116 2760 4152 lla
2810 4116 2972 4152 I’CII'O
3020 4116 3386 4165 respondente
3437 4116 3506 4152 au
3547 4116 3665 4164 COS,

398 4185 418 4220 ι
446 4168 646 4232 etiam,
680 4185 699 4219 ι
751 4166 958 4225 faciens
997 4167 1222 4223 verbum
1263 4171 1329 4224 de
1364 4116 1703 4224 ﬁidrachmis
1730 4165 1895 4222 Iesus
1954 4167 2121 4222 mittit
2152 4164 2374 4221 Petrum
2425 4181 2570 4236 cum,
2598 4165 3268 4236 liamoieomprehendere
3317 4168 3555 4236 piscem.
3609 4170 3666 4224 in

393 4238 551 4308 cujus
582 4252 677 4292 ore
713 4238 929 4294 dicebat
969 4238 1357 4294 inveniendum
1406 4253 1528 4294 esse
1561 4244 1840 4308 staterem,
1884 4245 1944 4308 ut
1977 4237 2203 4308 daretur
2237 4251 2336 4306 pro
2373 4251 2432 4290 se
2459 4246 2514 4291 et
2546 4235 2727 4292 Petro.
2763 4235 2877 4308 Ego
2908 4235 3164 4308 arbitror,
3196 4235 3455 4307 quoniam
3488 4239 3668 4294 maxi-

395 4306 543 4388 mum
579 4308 725 4388 hunc
761 4309 1140 4388 eristimantes
1186 4309 1454 4388 honorem
1500 4309 1553 4363 in
1571 4307 1802 4388 Petrum
1848 4323 1882 4388 a
1911 4306 2133 4388 Christo
2173 4308 2467 4388 collatum,
2512 4306 2932 4388 quasinperihoc
2958 4306 3421 4388 iudicasseteum
3454 4310 3670 4388 caeteris

393 4379 674 4450 discipulis
712 4379 1030 4445 meliorem,
1075 4379 1401 4450 cupiebant,
1443 4379 1588 4450 quod
1635 4379 2249 4450 suspicabantur_caute
2278 4376 2626 4450 cognoscere.
2663 4376 2838 4450 Simul
2880 4387 3058 4450 autem
3106 4378 3398 4450 sperabant
3427 4379 3574 4449 quod
3613 4389 3673 4436 et

394 4445 617 4520 causam
657 4448 831 4520 ipsam
871 4445 1219 4520 revelationis
1251 4445 1648 4520 interrogantes
1680 4445 2006 4503 indicarent.
2026 4445 2163 4520 Iloc
2184 4461 2314 4520 ergo
2346 4445 2636 4520 ostendere
2667 4448 2852 4503 volens
2882 4445 3191 4520 Matthteus,
3227 4448 3416 4520 adjicit
3446 4445 3669 4520 propter

395 4519 524 4574 illud
551 4517 694 4589 quod
717 4520 858 4590 nitu
889 4518 1047 4576 Hunc
1078 4520 1350 4590 accipiens
1377 4521 1444 4576 da
1463 4517 1691 4590 propter
1723 4527 1883 4590 meet
1909 4527 1959 4572 te
1983 4518 2077 4590 :in
2111 4517 2200 4590 il_la
2229 4517 2369 4590 die,»
2390 4517 2494 4583 vel,
2526 4536 2545 4568 ι
2570 4519 2703 4573 liora
2730 4526 3078 4590 accesserunt
3106 4517 3360 4590 discipuli
3385 4517 3666 4576 ad'Iesnm

394 4586 675 4660 dicentes:
711 4587 846 4656 Quis
877 4599 1036 4660 putas
1081 4586 1253 4660 major
1281 4599 1367 4646 est
1419 4586 1489 4645 in'
1513 4586 1682 4660 re'gno
1722 4589 2030 4660 crebrum?
2065 4607 2082 4638 ι
2134 4586 2594 4660 Forsitanautem
2634 4599 2688 4644 et
2713 4589 3038 4660 dubitabant
3068 4587 3233 4660 etiam
3254 4586 3490 4659 propter
3535 4591 3669 4646 illud

393 4659 538 4730 quod
578 4663 831 4730 superius
872 4657 982 4716 tres
1020 4657 1272 4730 discipuli
1313 4660 1486 4730 magis
1531 4657 1689 4715 erant
1721 4658 2349 4730 dignificati,assumpti
2391 4657 2726 4730 iirniontem
2759 4674 2883 4712 cum
2921 4657 3039 4728 ipso
3079 4667 3153 4730 nt_
3177 4657 3423 4730 viderent
3451 4663 3674 4717 transti-

394 4727 735 4800 gurationem
770 4729 956 4800 glorise
984 4732 1124 4800 ejus.
1158 4727 1490 4785 Dubitabant
1525 4741 1706 4784 autem
1736 4727 1862 4800 quis
1897 4729 1964 4800 de
1993 4729 2169 4784 tribus
2200 4727 2308 4800 illis
2349 4728 2542 4800 melior
2567 4727 3025 4800 judicatuses’set
3055 4744 3085 4783 a
3114 4727 3358 4800 Christo.
3390 4730 3674 4785 Distrahe—

394 4796 556 4855 batur
585 4796 1144 4860 autem'existiniatio
1183 4815 1380 4856 sensus
1428 4814 1618 4854 eorum
1665 4796 1768 4866 per'
1792 4799 1976 4854 varias
2009 4813 2226 4853 causas.
2266 4796 2546 4853 Interdum
2571 4796 2828 4868 quidem,
2857 4796 3126 4854 Joannem
3168 4798 3352 4854 forsan
3388 4800 3672 4854 meliorem

394 4871 655 4940 putabant
688 4885 840 4934 esse,
878 4885 944 4926 eo
987 4869 1133 4940 quod
1178 4871 1505 4926 recubuerat
1549 4885 1716 4940 super
1755 4879 1942 4940 pectus
1971 4868 2274 4940 Salvator-is
2315 4869 2368 4922 in
2402 4884 2582 4934 etena,
2620 4878 2674 4924 et
2711 4877 2921 4925 secreta
2963 4869 3198 4924 consilia
3227 4871 3276 4924 ei
3307 4885 3419 4940 pra:
3456 4870 3672 4926 caeteris

395 4937 612 4996 fuerant
636 4941 931 4997 declarata.
969 4937 1241 5010 Interdum
1272 4937 1885 5010 autenrarbitrabantur
1907 4937 2127 4992 Petrum
2161 4939 2421 5010 majorem
2462 4939 2515 4993 in
2539 4955 2704 5010 regno
2727 4940 3014 5010 caelorum,
3044 4940 3124 4994 vel
3146 4937 3366 5009 proptcr
3396 4951 3666 5010 staterem

394 5010 542 5082 hunc
571 5011 665 5082 qui
695 5010 856 5082 datus
886 5019 987 5082 est_
1000 5025 1100 5081 pro
1124 5009 1344 5082 Christo
1377 5021 1430 5066 ct
1451 5009 1636 5082 Petro,
1666 5009 1748 5064 vel
1779 5017 2000 5082 propter
2045 5007 2181 5082 illu_d
2216 5007 2362 5078 quod
2393 5007 2584 5082 Petrus
2604 5007 2754 5082 dixit
2801 5011 2867 5082 ad
2897 5008 3090 5082 Iesum
3119 5007 3230 5080 pra:
3249 5007 3505 5068 caeteris:
3539 5031 3557 5066 ι
3587 5009 3672 5066 Τιι

394 5094 457 5136 es
481 5077 733 5153 Christus
760 5080 929 5153 Filius
962 5077 1053 5137 Dei
1083 5079 1244 5153 vivi;
1279 5098 1297 5132 ι
1358 5090 1412 5135 et
1461 5080 1718 5153 Christus
1761 5077 1830 5153 ad
1871 5077 2039 5153 eum:
2077 5099 2094 5129 ι
2129 5077 3134 5153 Beatus__es,-Simon_Barjona,_quia
3177 5095 3310 5136 caro
3351 5091 3406 5136 et
3447 5083 3674 5153 sanguis

395 5164 504 5207 non
545 5151 805 5222 revelavit
845 5152 1096 5222 tibi,_sed
1125 5149 1283 5222 Pater
1316 5165 1472 5206 meus
1502 5151 1596 5222 qui
1635 5159 1720 5205 est
1763 5149 1817 5222 in
1853 5149 2044 5222 cretis;
2091 5157 2148 5204 et
2181 5164 2282 5221 ego
2321 5150 2446 5204 dico
2481 5151 2578 5205 tibi
2615 5151 2747 5222 quia
2784 5148 2842 5204 tu
2889 5163 2952 5206 es
2975 5148 3193 5215 Petrus,
3227 5161 3282 5222 et
3326 5168 3494 5222 super
3529 5148 3673 5206 hanc

466 5232 603 5277 tram
633 5221 914 5277 aedificabo
944 5220 1240 5276 Ecclesiam
1277 5237 1476 5285 meam,
1507 5220 1562 5276 et
1595 5228 1764 5290 porta:
1801 5221 2104 5276 inferorum
2151 5220 2271 5290 non
2285 5223 2674 5290 praevalebunt
2703 5221 2785 5284 ei,
2824 5239 2842 5272 ι
2887 5227 2943 5275 et
2973 5231 3190 5276 caatera.
3242 5220 3440 5279 lterum
3463 5233 3670 5276 autem

417 5290 626 5362 'orsitan
657 5307 846 5362 eorum
879 5291 1464 5362 revocabatur_0pinio,
1497 5288 1780 5362 propterea
1826 5289 1970 5360 quod
2001 5291 2212 5362 dixerat
2233 5288 2487 5346 Christus
2507 5291 2587 5362 ad
2615 5290 2856 5362 Petr_nm,
2887 5291 3034 5359 quod
3061 5291 3184 5346 aliis
3211 5308 3317 5346 non
3351 5293 3562 5346 dixerat
3588 5293 3674 5345 di-

394 5361 620 5434 scipulis
648 5378 661 5414 :
693 5380 712 5412 ι
747 5360 893 5418 Vade
926 5371 1051 5433 post
1080 5377 1186 5427 me,
1219 5359 1446 5426 Satana,
1479 5359 1797 5416 scandalum
1827 5359 1960 5414 nizhi
1993 5374 2074 5426 es,
2109 5361 2235 5432 quia
2263 5377 2369 5416 non
2404 5360 2552 5430 sapis
2579 5376 2700 5430 qua:
2727 5359 2820 5416 Dei
2856 5369 3006 5427 sunt,
3035 5363 3130 5417 scd
3156 5377 3279 5431 quae
3311 5363 3594 5417 hominum
3615 5378 3666 5427 ;›

463 5476 512 5510 ει
549 5475 740 5530 Matth.
774 5491 889 5539 xvi,
926 5475 1013 5530 is.
1095 5475 1140 5507 ιε
1181 5445 1443 5532 ibidfas.

468 5610 580 5684 (l2)
620 5612 1340 5684 Προσαπολογησόμενος.
1383 5609 1653 5684 Sicliahet
1673 5609 1980 5684 Tarini__co-

394 5679 612 5752 dciLet
658 5679 821 5751 paulo
847 5691 969 5751 post
993 5679 1114 5736 eod.
1138 5679 1382 5752 'Anglic"
1414 5680 1820 5752 ἀνασπάσοντα.
1852 5679 1980 5735 Edi-

395 5755 484 5832 tiol
499 5751 707 5832 IIuetii,
736 5751 1384 5832 προσαπολογησάμενς,
1414 5761 1469 5832 et
1495 5751 1905 5832 ἁνασπάσανξα.

467 5824 580 5894 (15)
601 5817 894 5877 Δοκεῒὸῦν
907 5838 1031 5890 μοι,
1051 5817 1160 5886 ὅέι,
1180 5817 1284 5878 etc.
1305 5821 1484 5877 Brevis
1512 5821 1782 5877 enarratio
1798 5821 1946 5891 Chry
1961 5852 1977 5862 -

718 5923 988 5979 ΡΑτιιοι..
1035 5920 1151 5981 Gn.
1190 5919 1364 5981 XIII.
1569 5956 1574 5960 -

3377 5919 3451 5977 36

2087 5619 2333 5667 sostomo
2365 5610 2585 5675 tributa,
2629 5609 3089 5682 Theophylactus,
3139 5611 3484 5684 Euthymius.
3522 5613 3660 5675 ΙΙυε-

2089 5698 2230 5738 τινε.

2161 5753 2274 5824 (Η)
2315 5752 2417 5809 Διά
2442 5754 2530 5824 τό,
2557 5763 2660 5812 etc.
2701 5754 2886 5812 Codex
2910 5753 3120 5822 Tarini,
3150 5755 3277 5828 περὶ
3301 5755 3421 5811 τοῦ.
