4146 6432
432 362 564 418 1155

1904 361 2232 420 ORIGl-ZNIS

3548 369 3687 430 1136

421 481 569 551 quis,
621 496 746 536 cum
799 481 881 538 vir
925 483 1013 549 sit,
1063 481 1245 537 viriles
1295 489 1474 537 tamen
1523 481 1985 553 concupiscentiae

2101 485 2351 559 νεκρὼσῃ
2382 486 2476 550 τὰς
2504 486 2760 558 ἀνδρικάς
2783 486 3098 560 ἐπιθυμίας,
3119 487 3387 560 πνεύματι
3411 488 3510 552 τὰς
3543 492 3685 561 πρά-

423 587 596 643 usque
619 574 756 629 adeo
781 575 1080 639 enecuerit,
1109 575 1350 631 actiones
1381 576 1629 646 corporis
1659 576 1851 646 spiritu
1885 586 2001 632 tru-

417 663 634 731 cidans,
663 671 716 719 et
750 683 769 718 ι
805 681 1018 735 semper
1051 666 1525 722 mortificationem
1556 665 1685 722 Jesu
1714 667 1920 722 Christi
1945 667 2000 722 in

415 770 647 826 corpore
682 771 784 812 suo
813 757 1206 815 circumferens
1235 759 1318 823 ⁸⁸⁵,
1351 777 1370 811 ι
1403 769 1463 814 ut
1485 759 1699 828 pueruli
1732 774 1996 815 venereo-

416 863 538 902 rum
587 849 827 918 expertis
873 858 928 906 et
971 851 1154 904 viriles
1214 849 1442 906 affectus
1505 849 1752 905 nondum
1793 849 2001 922 experti

416 949 616 995 statum
651 949 1052 1012 consequatur;
1105 956 1406 997 conversus
1437 941 1529 998 ille
1549 949 1665 1008 est,
1717 950 1774 997 et
1805 957 2001 1012 puero-

415 1045 537 1084 rum
585 1030 783 1086 similis
830 1030 1057 1086 eﬂ'ectus
1091 1048 1104 1085 :
1133 1039 1186 1086 ct
1209 1045 1339 1086 vero
1366 1039 1572 1100 quanto
1598 1031 1773 1103 magis
1806 1031 1863 1087 in
1893 1032 1999 1088 hoc

411 1136 713 1192 puerorum
760 1123 904 1178 circa
949 1122 1218 1194 ejusmodi
1260 1121 1486 1178 affectus
1513 1131 1654 1178 statu
1684 1121 1995 1194 profecerit,

411 1223 564 1268 tanto
592 1215 658 1269 iis
681 1215 774 1285 qui
803 1229 862 1268 se
886 1222 1166 1278 exercent,
1221 1222 1274 1268 ct
1300 1213 1542 1268 nondum
1573 1221 1756 1269 tantos
1784 1213 1838 1267 in
1859 1228 1996 1268 con-

412 1307 640 1362 tinentia
692 1321 1016 1377 progressus
1063 1304 1348 1369 fecerunt,
1401 1305 1578 1376 maior
1620 1313 1705 1360 est
1741 1305 1796 1360 in
1825 1321 1994 1378 regno

408 1398 699 1452 ctelorum.
742 1396 900 1462 Quod
929 1405 1110 1451 autem
1147 1396 1212 1450 de
1238 1396 1401 1451 rebus
1425 1396 1674 1452 venereis
1703 1396 1760 1450 in
1791 1411 1993 1467 pueros

407 1489 619 1544 dictum
649 1496 768 1552 est,
815 1489 957 1544 idem
990 1489 1058 1544 de
1087 1487 1312 1558 reliquis
1354 1487 1818 1544 affectionibus-et
1841 1489 1993 1544 infir-

407 1582 693 1638 mitatibus
719 1596 782 1636 ac
807 1581 1012 1637 morbis
1038 1581 1208 1636 animi
1242 1580 1352 1636 dici
1396 1590 1582 1651 queat,
1616 1580 1672 1635 in
1697 1597 1821 1652 quae
1841 1596 1874 1636 a
1900 1598 1993 1638 na-

407 1683 530 1730 tura
570 1681 946 1743 comparatum
996 1680 1081 1728 est
1127 1681 1321 1728 utnon
1366 1672 1610 1728 incidant
1641 1674 1818 1744 pueri,
1865 1675 1991 1744 qui-

2109 577 2218 642 ξεις
2241 576 2334 630 τοῦ
2356 576 2608 647 σώματος
2636 576 2904 642 θανατῶν,
2929 579 3022 631 καὶ
3048 597 3067 631 ι
3105 579 3335 632 πάντοτε
3355 579 3454 651 τὴν
3474 580 3679 652 νέκρωο

2073 685 2189 722 ισιν
2242 664 2336 720 τοῦ
2399 665 2574 737 Ἰησοῦ
2617 668 2675 720 ὲν
2718 667 2796 738 τῷ
2841 665 3055 738 σώματι
3103 669 3436 740 περιφέρων,
3473 687 3493 719 ι
3539 667 3682 723 ὥστε

2102 760 2315 814 παιδίου
2337 757 2602 830 ἀγεύστου
2632 760 2980 830 ἀφροδισίων,
3015 762 3108 814 καὶ
3136 762 3458 832 ἀνεννοήτου
3503 761 3686 835 ἀνδρι·

2100 853 2212 907 κῶν
2235 853 2554 924 κινημάτων
2573 851 2716 922 ἔχειν
2733 852 3090 917 κατάστασιν,
3109 855 3138 907 ὁ
3153 853 3394 917 τοιοῦτος
3411 853 3681 926 ἐστράφη,

2099 947 2194 1000 κα).
2225 947 2449 1015 γέγονεν
2476 945 2552 1008 ὡς
2585 944 2655 998 τά
2696 945 2904 1000 παιδία*
2957 947 3052 1000 καὶ
3098 949 3127 1001 ό
3166 947 3358 1020 Σωτήρ
3387 965 3452 1016 γε
3480 949 3682 1020 προσέ-

2100 1035 2233 1108 θηκε
2257 1037 2369 1108 (24)
2388 1040 2455 1108 τῇ
2476 1036 2582 1090 τῶν
2615 1037 2842 1090 παιδίων
2876 1037 3004 1108 περ).
3032 1035 3143 1091 τῶν
3158 1037 3415 1091 τοιούτων
3446 1037 3683 1110 κινημά-

2096 1145 2206 1182 των
2237 1128 2569 1183 καταστάσει
2591 1128 2831 1198 τοσούτῳ
2859 1128 3060 1200 μᾶλλον
3085 1129 3194 1182 τῶν
3220 1128 3557 1194 ἀσκούντων,
3587 1131 3683 1184 καὶ

2097 1221 2190 1274 ἐπὶ
2222 1219 2476 1274 τοσοῦτον
2519 1219 2863 1291 ὲληλακότων
2919 1220 3297 1292 σωφροσύνης,
3349 1221 3432 1289 τὸ,
3479 1221 3681 1292 μείζων

2096 1309 2243 1364 ἐστὶν
2287 1312 2346 1364 ὲν
2377 1314 2444 1383 τῇ
2493 1311 2742 1384 βασιλείᾳ
2782 1311 2891 1367 τῶν
2939 1311 3205 1384 οὐρανῶν.
3254 1313 3434 1386 Ὅπερ
3485 1313 3543 1367 δὲ
3587 1314 3682 1367 ἐπὶ

2093 1402 2203 1456 τῶν
2235 1404 2378 1458 κατά
2407 1405 2478 1458 τά
2507 1405 2796 1477 ἀφροδίσια
2831 1404 3077 1458 λέλεκται
3116 1406 3244 1478 περὶ
3279 1405 3387 1459 τῶν
3422 1406 3674 1469 παιδίων,

2093 1493 2238 1548 τοῦτ’
2273 1495 2339 1550 ἂν
2374 1495 2592 1566 λεχθείη
2635 1497 2731 1550 κα)¹
2760 1497 2888 1567 περὶ
2914 1495 3024 1548 τῶν
3068 1495 3271 1559 λοιπῶν
3320 1495 3533 1560 παθῶν,
3579 1497 3674 1550 καὶ

2091 1586 2564 1658 ἀρῤωστημάπον,
2601 1586 2694 1640 καὶ
2723 1586 3048 1657 νοσημάτων
3071 1586 3170 1656 τῆς
3196 1585 3396 1657 ψυχῆς,
3427 1587 3506 1648 είς
3540 1585 3576 1638 ἃ.
3602 1584 3678 1656 μὴ

2093 1679 2304 1748 πέφυκε
2351 1678 2539 1733 παιδία
2589 1678 2904 1750 ἐμπίπτειν,
2954 1679 3054 1731 ὅσα
3096 1677 3187 1730 τὸν
3235 1677 3393 1747 λόγον
3447 1676 3678 1748 μηδέπω

405 1779 624 1834 cunque
666 1762 966 1834 perfectum
1002 1762 1232 1818 rationis
1271 1777 1434 1818 usum
1467 1765 1710 1818 nondum
1753 1765 1985 1821 assecuti

2088 1770 2384 1842 συμπεπλή
2395 1787 2568 1843 ρωκεν
2586 1788 2600 1800 ·
2627 1764 2738 1825 οἷον
2759 1771 2845 1824 ἵνα
2865 1771 2960 1824 καὶ
2984 1773 3196 1842 στραφῇ
3230 1787 3335 1834 τις,
3363 1770 3460 1823 καὶ
3491 1769 3677 1823 ὁποῖόν

405 1866 562 1922 sunt;
595 1855 744 1910 verbi
772 1870 963 1920 causa,
992 1864 1052 1910 ut
1076 1855 1202 1926 quis
1229 1863 1603 1920 convertatur,
1635 1865 1689 1911 et
1711 1858 1985 1927 quomodo

2090 1830 2207 1915 ἐστι
2253 1862 2313 1915 τὸ
2358 1830 2568 1916 παιδίον
2596 1861 2711 1933 (25)
2765 1863 2904 1935 πρὸς
2947 1830 3145 1935 όργῖην,
3170 1830 3418 1926 ⁸τοιούτος
3451 1863 3676 1934 γένηται

402 1960 463 2000 se
489 1944 650 1999 habet
682 1943 746 1998 ad
784 1943 928 1998 iram
963 1959 1132 2012 puer,
1164 1943 1289 2000 talis
1313 1943 1438 2009 ille,
1470 1944 1552 2000 vir
1579 1943 1726 2011 licet,
1757 1945 1984 2015 evadat;

401 2044 457 2088 et
481 2032 951 2105 quemadmodum
983 2047 1043 2089 se
1071 2033 1238 2088 habet
1268 2033 1334 2088 ad
1366 2047 1662 2090 maerorem
1697 2051 1856 2106 puer,
1892 2040 1986 2108 qui

403 2135 519 2178 tum
557 2125 717 2189 ridet,
749 2131 804 2179 et
837 2123 976 2179 ludit
1011 2137 1432 2194 nonnunquam,
1462 2141 1588 2181 cum
1620 2136 1874 2186 mortuus
1897 2131 1984 2201 ia-

401 2227 488 2271 cet
517 2224 702 2287 pater,
743 2215 827 2270 vel
855 2223 1068 2282 mater,
1116 2216 1202 2270 vel
1225 2216 1429 2288 aliquis
1454 2231 1485 2273 e
1515 2216 1813 2287 fratribus,
1863 2222 1987 2278 talis

404 2308 600 2363 evadat
625 2309 718 2378 qui
749 2322 1050 2363 conversus
1097 2305 1295 2372 fuerit,
1336 2308 1528 2378 quales
1557 2320 1687 2366 sunt
1711 2314 1897 2381 pueri,
1933 2323 1988 2369 et

402 2399 650 2454 habitum
703 2399 772 2454 ad
815 2399 1225 2470 suscipiendum
1259 2414 1550 2455 maerorem
1601 2402 1827 2459 minime
1858 2419 1986 2475 pro-

403 2494 596 2549 clivem
633 2510 662 2549 a
693 2493 907 2549 ratione
937 2504 1236 2563 comparet,
1282 2502 1344 2548 ut
1383 2492 1561 2563 qualis
1590 2503 1674 2550 est
1711 2495 1782 2550 ad
1812 2497 1985 2551 tristi-

305 2578 316 2587 ’
405 2587 540 2643 tiam
569 2587 800 2658 exiguus
828 2585 1111 2657 puerulus,
1140 2584 1264 2641 talis
1290 2585 1380 2640 ille
1412 2585 1501 2642 sit.
1554 2584 1744 2642 Simile
1764 2603 1984 2659 quoque

401 2681 470 2737 de
500 2697 567 2738 eo
599 2681 749 2737 dices
774 2678 920 2751 quod
950 2679 1204 2749 voluptas
1228 2687 1575 2750 nuncupatur
1594 2722 1610 2749 ,
1640 2696 1748 2753 qua
1783 2690 1985 2739 temere

397 2807 453 2850 et
482 2797 691 2867 absque
741 2795 952 2850 ratione
995 2792 1369 2850 accenduntur
1400 2801 1455 2847 et
1501 2793 1855 2850 stimulantur
1879 2795 1982 2849 bo-

398 2888 575 2942 mines
603 2900 863 2956 nequam,
899 2883 1098 2954 cuique
1143 2883 1370 2938 minime
1409 2883 1633 2938 obnoxii
1663 2883 1824 2956 592
1853 2895 1984 2942 sunt

396 2978 585 3049 pueri,
637 2987 692 3032 et
736 2977 830 3046 qui
857 2982 1253 3031 convertuntur
1290 2989 1355 3029 ac
1397 2974 1582 3044 pueris
1617 2974 1827 3031 similes
1869 2976 1981 3030 elli-

400 3069 646 3125 ciuntur.
696 3066 1168 3135 Quemadmodum
1201 3081 1332 3122 vero
1371 3075 1626 3122 accurate
1651 3067 1721 3122 ab
1743 3067 1983 3124 aliis-dc-

2088 1953 2167 2009 ὣν
2205 1955 2373 2027 ἀνήρ⁹
2409 1955 2504 2008 καὶ
2558 1954 2742 2008 ὁποῖόν
2775 1955 2891 2007 ἐστι
2936 1955 2999 2008 τὸ
3044 1955 3256 2008 παιδίον
3312 1955 3449 2025 πρὸς
3500 1952 3678 2024 λύπην

2086 2045 2198 2100 ἔσθ’
2232 2047 2319 2099 ὅτε
2361 2045 2513 2118 παρά
2547 2045 2639 2099 τὸν
2679 2046 2867 2116 καιρὸν
2892 2044 2987 2098 τοῦ
3021 2045 3342 2117 τεθνηκότος
3379 2047 3606 2119 πατρὸς,
3642 2047 3674 2118 ἢ

2091 2137 2318 2209 μητρὸς,
2341 2138 2376 2208 ἦ
2396 2154 2541 2201 τινος
2583 2135 2837 2206 ἀδελφοῦ,
2867 2137 2942 2200 ὡς
2983 2137 3151 2208 γελᾷν
3187 2137 3283 2190 καὶ
3308 2138 3524 2203 παίζειν
3552 2141 3674 2191 κατ’

2086 2231 2295 2284 ἐκεῖνον
2323 2230 2415 2282 τὸν
2463 2230 2675 2301 χρόνον,
2711 2227 2952 2292 τοιοῦτος
2998 2228 3065 2282 ἂν
3107 2229 3318 2297 γένοιτο
3348 2232 3376 2283 ὁ
3412 2229 3676 2302 στραφεὶς

2085 2322 2162 2387 ὡς
2211 2323 2400 2377 παιδία
2464 2321 2597 2393 (26),
2643 2323 2736 2376 κα).
2769 2322 2881 2387 ἕξιν
2924 2322 3210 2377 ἀναλαϐὼν
3260 2324 3325 2376 ὲκ
3363 2323 3524 2392 λόγου
3568 2323 3674 2394 τῆς

2085 2413 2264 2486 λύπης
2302 2414 2700 2485 ἀπαράϐατον,
2753 2414 2892 2469 ὥστε
2933 2416 3115 2472 ὁποῖόν
3161 2418 3277 2469 ἐστι
3321 2417 3459 2488 πρὸς
3494 2416 3673 2489 λύπην

2085 2507 2148 2558 τὸ
2177 2505 2351 2578 βραχὺ
2382 2505 2614 2570 παιδίον,
2642 2506 2805 2560 αὐτὸν
2847 2506 3119 2576 γενέσθαι.
3165 2508 3240 2561 Τὸ
3269 2508 3314 2562 δ’
3356 2511 3541 2580 ὅμοιον
3569 2512 3675 2582 φή-

2085 2615 2202 2663 σεις
2231 2599 2357 2670 περ).
2401 2599 2499 2668 τῆς
2547 2597 2888 2671 καλουμένης
2922 2599 3138 2671 ἡδονῆς,
3173 2600 3298 2655 καθ’
3349 2603 3416 2674 ἢν
3460 2603 3674 2672 ἀλόγως

2084 2689 2408 2762 ἐπαίρονται
2445 2690 2495 2742 oi
2529 2689 2744 2758 φαῦλοι,
2785 2691 2851 2761 ῆν
2882 2691 2943 2743 οὐ
2972 2691 3170 2763 πάσχει
3219 2693 3286 2746 τά
3319 2693 3530 2760 παιδία,
3562 2694 3671 2748 οὐδ’

2083 2782 2134 2834 οἱ
2169 2781 2499 2854 στραφέντες
2532 2783 2628 2836 καὶ
2667 2783 2952 2854 γενόμενοι
2983 2784 3059 2848 ὡς
3091 2785 3159 2838 τά
3195 2786 3402 2841 παιδία.
3448 2787 3536 2851 Ὠς
3573 2788 3674 2859 μὲν

2083 2872 2177 2930 οὖν
2224 2875 2361 2949 πρὸς
2402 2875 2466 2929 τὸ
2512 2875 2740 2947 ἀκριϐὲς
2783 2876 3156 2932 ἀποδέδεικται
3200 2881 3294 2934 καὶ
3339 2879 3540 2945 ἀλλοις,
3589 2881 3674 2937 ὅτι

2080 2969 2234 3024 οὐδὲν
2263 2969 2374 3024 τῶν
2403 2969 2590 3024 παθῶν
2630 2969 2819 3024 πίπτει
2863 2972 2944 3035 εἰς
2973 2971 3044 3025 τά
3081 2972 3310 3044 μηδέπω
3350 2974 3672 3046 συμπεπλη-

2087 3062 2298 3134 ρωκότα
2325 3060 2418 3115 τὸν
2453 3061 2611 3130 λόγον
2638 3061 2856 3116 παιδία·
2889 3063 2938 3115 εί
2962 3063 3008 3116 δ’
3037 3062 3209 3128 οὐδὲν,
3243 3064 3486 3135 δηλονότι
3513 3064 3612 3118 καὶ
3633 3066 3674 3120 -ὸ

400 3168 769 3216 monstratum
825 3167 930 3225 est,
964 3157 1018 3211 in
1061 3172 1283 3227 pueros,
1334 3156 1537 3227 quibus
1587 3159 1828 3214 nondum
1868 3158 1982 3229 ple-

2088 3151 2269 3222 φόϐος⁹
2297 3151 2412 3204 ἀλλ’
2439 3152 2488 3204 εί
2507 3151 2616 3223 ἄρα
2643 3150 2904 3221 ἀνάλογόν
2932 3167 2985 3204 τι
3006 3153 3118 3216 τοῖς
3139 3152 3358 3219 πάθεσι,
3380 3155 3476 3207 καὶ
3497 3153 3672 3208 ταῦτα

397 3252 525 3309 nior
551 3251 783 3309 rationis
811 3266 943 3306 usus
962 3249 1439 3316 accessit,nullum
1467 3244 1663 3304 horum
1687 3249 1978 3306 affectuum

2088 3242 2300 3316 ἀμυδρὰ
2327 3242 2422 3298 καὶ
2447 3243 2678 3313 τάχιστα
2698 3241 3206 3315 ἀνασκευαζόμενα,
3241 3245 3338 3299 καὶ
3362 3247 3671 3318 θεραπευό-

396 3345 624 3412 cadere;
663 3342 808 3414 quod
840 3343 888 3398 si
933 3341 1178 3406 nullum,
1212 3351 1358 3396 certe
1384 3355 1563 3411 neque
1593 3341 1846 3396 timorem
1876 3359 1889 3395 :
1926 3349 1983 3396 at

2088 3353 2222 3408 μενα
2244 3334 2452 3405 γίνεται
2475 3337 2532 3390 ὲν
2558 3337 2672 3401 τοῖς
2702 3337 2957 3403 παιδίοις,
2993 3337 3069 3402 ὡς
3093 3338 3378 3410 ἀγαπητὸν
3401 3335 3538 3393 εἷναι
3570 3341 3670 3394 ἐπὶ

395 3439 444 3494 si
475 3436 607 3509 quid
637 3435 806 3491 animi
847 3431 1246 3505 perturbationi
1285 3431 1465 3487 simile
1485 3433 1671 3502 pueris
1693 3432 1980 3503 contingit,

2088 3425 2240 3480 τοῦτο
2273 3425 2476 3495 φθάσαι
2503 3426 2596 3480 τὸν
2621 3426 2937 3500 στραφέντα
2965 3428 3042 3492 ὡς
3072 3428 3145 3482 τά
3173 3428 3360 3482 παιδία
3392 3429 3516 3484 ὅσον
3549 3429 3666 3499 ἔχει

393 3529 656 3598 exiguum
707 3525 839 3581 illud
881 3538 1002 3594 est,
1029 3524 1304 3581 citissime
1341 3537 1672 3578 evanescens
1707 3530 1762 3578 et
1787 3538 1985 3579 consa-

2088 3519 2184 3590 τῆς
2220 3520 2382 3574 οἱονεὶ
2417 3519 2686 3591 ὑποϐολῆς
2716 3520 2827 3574 τῶν
2859 3520 3051 3576 παθῶν
3094 3521 3172 3586 ὡς
3202 3521 3272 3577 τά
3305 3522 3517 3577 παιδία.
3557 3520 3670 3574 Καὶ

395 3635 658 3687 nescens;
715 3618 852 3673 adeo
901 3626 961 3672 ut
1010 3617 1056 3672 si
1090 3623 1420 3672 consecutus
1466 3614 1597 3669 illud
1644 3612 1838 3680 fuerit,
1884 3615 1977 3685 qui

2088 3610 2215 3681 περὶ
2249 3609 2412 3682 φόϐου
2446 3611 2624 3664 τοίνυν
2656 3611 2726 3665 τά
2767 3611 2930 3683 ὅμοια
2961 3614 3074 3675 τοῖς
3105 3612 3519 3685 ἀποδεδομένοις
3545 3615 3672 3688 voti.

394 3725 693 3782 puerorum
741 3707 941 3765 similis
987 3707 1346 3764 conversione
1395 3704 1572 3763 factus
1596 3716 1710 3773 est,
1740 3717 1798 3762 ut
1819 3707 1973 3778 pueri

2088 3719 2226 3756 σειεν
2249 3702 2382 3775 (27),
2415 3703 2497 3758 ὅτι
2530 3702 2601 3757 τά
2634 3703 2823 3758 παιδία
2853 3703 2946 3756 τὸν
2983 3703 3082 3773 μὲν
3115 3703 3280 3774 φόϐον
3311 3703 3419 3758 τῶν
3449 3704 3672 3775 φαύλων

393 3802 569 3858 instar
597 3799 826 3858 ati'ectus
857 3814 988 3856 suos
1021 3798 1124 3855 sibi
1153 3796 1318 3870 quasi
1355 3796 1684 3868 subiecerit,
1715 3797 1974 3868 prazclare

2088 3797 2141 3850 ού
2169 3795 2391 3868 πάσχει,
2421 3795 2550 3850 ἀλλο
2571 3795 2629 3850 δέ
2650 3813 2702 3850 τι
2717 3797 2768 3850 οἱ
2797 3794 3206 3867 διακριϐοὖντες
3233 3795 3302 3853 τὰ
3323 3797 3432 3851 τῶν
3451 3798 3667 3867 παθῶν,

1602 3915 1836 3976 VETUS
1869 3917 2456 3978 INTERPRETATIO.

391 4043 787 4100 circumferens
831 4042 893 4112 in
929 4055 1157 4112 corpore
1195 4056 1331 4106 suo,
1366 4059 1384 4094 ι
1432 4050 1493 4096 ιιι
1530 4057 1664 4112 puer
1693 4041 1787 4111 qui
1825 4039 2116 4112 muliebria
2155 4040 2404 4112 nondum
2446 4039 2704 4112 tentavit,
2741 4052 2840 4093 nec
2871 4037 3043 4112 sensit
3084 4039 3526 4112 r_notus_viriles,
3562 4039 3670 4096 iste

391 4115 846 4190 talis_conversus
874 4109 1052 4190 factus
1079 4120 1164 4167 est
1196 4113 1351 4190 sicut
1382 4109 1545 4181 puer.‘
1570 4111 1644 4190 _Et
1673 4109 1881 4190 quanto
1912 4111 2146 4190 amplius
2179 4109 2921 4190 appropinquaveritpueris
2954 4109 3213 4190 recedens
3242 4109 3312 4164 ab
3342 4110 3662 4190 huiusmodi

388 4187 650 4250 motibus,
691 4195 841 4240 tanto
891 4183 1125 4252 amplius
1175 4180 1394 4237 creteris’
1440 4180 1866 4252 continentibus,
1901 4189 1956 4234 et
1993 4181 2058 4252 ad
2103 4180 2403 4249 perfectum
2447 4180 2797 4252 continentia:
2846 4180 3141 4252 ascendere
3186 4193 3294 4233 non
3325 4180 3663 4252 valentibus,

387 4257 568 4324 major
597 4249 848 4310 habetur.
881 4249 1036 4324 Quod
1068 4260 1248 4324 autem
1271 4261 1501 4324 propter
1540 4251 1835 4324 muliebres
1877 4251 2160 4322 passiones
2199 4252 2403 4324 dictum
2435 4249 2503 4324 de
2535 4250 2777 4324 parvulis
2803 4259 2908 4324 est,
2939 4249 3043 4324 hoc
3078 4250 3257 4320 ipsum
3305 4250 3488 4306 dicere
3525 4265 3665 4324 conf

386 4319 538 4380 venit
594 4335 650 4380 et
689 4327 744 4380 in
783 4323 998 4379 caneris
1042 4319 1411 4392 passionibus,
1456 4331 1510 4375 et
1550 4319 1927 4390 languoribus,
1963 4331 2015 4392 et
2043 4321 2254 4376 caeteris
2302 4319 2710 4375 infirmitatibus
2747 4319 2974 4383 animae,
3022 4319 3076 4373 in
3105 4319 3249 4390 quas
3286 4335 3479 4392 omnes
3505 4320 3665 4392 pueri

388 4411 498 4449 non
535 4392 996 4463 incun-untprius
1022 4389 1186 4461 quam
1233 4393 1497 4463 incipiant
1537 4389 1850 4463 absolutum
1884 4391 2132 4463 proferre
2178 4405 2486 4463 sermonem
2519 4408 2531 4445 :
2561 4399 2774 4463 utputa,
2813 4399 2876 4444 ut
2903 4389 3204 4463 converSus
3238 4389 3362 4463 quis
3393 4392 3488 4446 fiat
3509 4389 3669 4446 _sicut

388 4465 648 4534 parvulus
695 4458 931 4532 puer—in
979 4458 1080 4525 ira.
1110 4477 1234 4534 cum
1263 4458 1448 4534 sit'vir
1470 4479 1500 4534 ;A
1529 4470 1583 4516 et
1623 4462 1766 4534 sicut
1801 4458 1900 4534 est:
1925 4461 2200 4534 parvulus“
2230 4461 2473 4534 puer__ad
2495 4531 2505 4534 μ
2527 4458 2851 4534 tristitiam,
2879 4460 2974 4534 qui
2998 4458 3290 4534 interdum
3333 4461 3386 4534 in
3420 4470 3668 4534 tempore

387 4527 592 4588 inortui
644 4527 961 4603 patris,ivel_
985 4533 1195 4599 matris,
1231 4533 1312 4586 vel
1343 4531 1574 4603 aiicujus
1609 4527 1952 4603 amiciridct
1999 4539 2052 4586 et
2092 4527 2248 4596 ludit,
2297 4531 2424 4603 talis
2478 4531 2571 4603 fiat
2613 4532 2735 4603 vir,
2766 4527 3143 4603 habitudinem
3195 4531 3461 4603 puerilem
3517 4527 3667 4603 circa

391 4600 659 4672 tristitias'
693 4601 1030 4672 repellendas
1083 4603 1421 4670 perfectioris
1461 4600 1666 4656 anima:
1697 4601 1910 4656 ratione
1945 4610 2320 4672 commutans.
2374 4601 2638 4672 Similiter
2686 4601 2838 4672 dices
2885 4601 3031 4655 circa
3075 4600 3419 4672 extollentias
3462 4601 3668 4672 quibus

387 4670 832 4743 irrationabiliter
871 4671 1204 4743 extolluntur
1247 4672 1498 4726 homines
1523 4673 1616 4743 qui
1648 4686 1756 4743 non
1788 4680 1912 4726 sunt
1942 4671 2059 4735 Dei,
2093 4687 2231 4740 quas
2261 4671 2412 4740 pueri
2456 4685 2565 4743 non
2593 4671 2895 4743 patiuntur,
2927 4683 3029 4743 nec
3051 4671 3145 4743 qui
3174 4671 3424 4743 conversi
3462 4670 3668 4743 fuerint

388 4745 745 4816 sicutipueri.
783 4739 849 4797 Et
881 4741 1030 4816 nulla
1077 4756 1213 4816 pene
1257 4744 1440 4816 passio
1471 4739 1630 4816 cadit
1673 4742 1727 4795 in
1759 4756 1976 4816 pueros,
2024 4739 2317 4816 antequam
2372 4739 2636 4811 incipiant
2666 4740 2914 4795 absolute
2939 4739 3132 4816 loqui.
3155 4739 3449 4816 _Si_autem
3483 4740 3660 4816 nulla,

387 4810 738 4870 manifestum
768 4816 852 4869 est
879 4812 1006 4881 quia
1040 4826 1140 4865 nec
1169 4810 1354 4875 timor,
1381 4813 1483 4867 nisi
1509 4810 1648 4867 forte
1678 4810 1978 4867 secundum
2010 4810 2426 4866 aestimationem
2456 4810 2775 4866 caeterarum
2809 4811 3123 4879 passionum
3155 4810 3290 4865 levis
3319 4819 3374 4866 et
3407 4810 3668 4866 transito-

388 4885 526 4940 rius.
561 4885 718 4940 Pueri
749 4885 893 4940 enim
918 4881 1132 4938 malum
1170 4883 1421 4954 timorem
1466 4899 1572 4937 non
1600 4883 1904 4954 patiuntur,
1934 4891 2157 4954 utputa,
2193 4883 2238 4938 si
2277 4883 2399 4954 quis
2439 4896 2607 4954 puero
2650 4882 3018 4954 comminetur
3049 4895 3117 4935 ne
3144 4895 3440 4935 mammam
3483 4887 3666 4954 petat,

387 4955 472 5009 vel
504 4971 573 5011 ne
607 4957 812 5026 ploret,
842 4962 1080 5008 terretur
1119 4952 1367 5023 quidem,
1412 4954 1505 5009 sed
1557 4951 1722 5009 tiinor
1765 4953 1887 5024 ejus
1943 4951 2154 5009 stabilis
2199 4951 2308 5008 non
2343 4961 2446 5008 est.
2482 4951 2540 5008 Si
2578 4951 2703 5022 quis
2748 4961 2928 5006 autem
2975 4959 3176 5006 terreat
3205 4965 3437 5020 puerum
3467 4952 3661 5016 talem,

461 5066 508 5100 “
547 5066 593 5121 ll
619 5065 749 5122 Cor.
782 5079 854 5134 Iv,
895 5067 982 5122 to.

459 5188 576 5260 (24)
613 5189 724 5242 Καὶ
757 5191 790 5243 ό
817 5189 1020 5258 Σωτήρ
1049 5207 1115 5260 γε
1147 5189 1507 5259 προσέθηκε,
1529 5185 1874 5260 etc.__V_ocem
1903 5187 1967 5260 il-

387 5256 715 5332 ιοιιιήΣωτήρ
743 5256 1087 5332 contraxerat
1111 5256 1368 5332 librarius
1394 5256 1601 5332 codicis
1633 5256 1966 5332 llolmiensis

389 5331 445 5386 in
491 5331 624 5403 Σῆρ,
659 5327 1132 5403 quemadmodum
1167 5339 1220 5403 et
1262 5331 1354 5403 ille
1394 5328 1548 5403 Regii
1601 5327 1830 5403 codicis,
1861 5327 1964 5403 qui

389 5397 763 5472 tameiifcodex
793 5415 892 5469 pro
910 5402 952 5472 ρ
977 5401 1090 5472 Σῆρ
1122 5401 1353 5456 habebat
1377 5397 1622 5472 ari-oram
1651 5399 1796 5463 ὅσον,
1818 5397 1964 5466 quod

387 5471 737 5526 verissimum
769 5479 870 5525 est.
904 5470 996 5524 Sic
1023 5469 1154 5540 ergo
1181 5469 1518 5540 tetumillud
1545 5484 1757 5540 comma
1787 5481 1968 5540 emen-

388 5541 628 5602 dandum
658 5551 765 5604 est,
801 5541 911 5593 Καὶ
936 5541 1059 5594 ὅσον
1089 5534 1153 5609 γε
1181 5538 1486 5612 προσέθηκε
1510 5538 1708 5663 camino
1737 5534 1967 5595 πααδίων

389 5612 519 5663 περὶ
549 5610 656 5663 τῶν
686 5609 941 5663 τοιούτων
983 5611 1297 5663 κινημάτων
1344 5625 1550 5662 καταστ
1592 5626 1694 5663 σει.
1727 5605 1966 5663 τοσούτω

389 5627 458 5664 πε
496 5612 519 5663 ὶ
549 5610 656 5664 τῶν
686 5609 941 5665 τοιούτων
983 5605 1297 5682 κινημάτων
1344 5605 1694 5671 κάταστόισει,
1727 5605 1966 5676 τοσούτῳ

394 5627 594 5732 μᾶςκλον
620 5680 726 5732 τῶν
755 5682 1090 5732 ἀσκούντων.
1115 5682 1210 5732 καὶ
1240 5681 1334 5732 ἐπὶ
1357 5678 1608 5732 τοσοῦτον
1652 5679 1752 5731 οὐκ
1777 5675 1966 5732 ἐληλα-

2069 5186 2161 5242 bet
2185 5205 2222 5259 :A
2248 5204 2266 5238 ι
2297 5183 2364 5241 Et
2396 5195 2602 5259 quanto
2634 5187 2872 5259 amplius
2893 5185 3425 5259 appropinquaverit
3444 5184 3659 5255 pueris,

2067 5257 2330 5312 recedens
2359 5257 2428 5311 ab
2456 5257 2772 5326 huiusmodi
2802 5257 3080 5320 motibus,
3100 5267 3251 5312 tanto
3285 5258 3522 5326 amplius
3551 5270 3660 5308 ca:-

2069 5328 2200 5384 teris
2253 5327 2690 5394 cmttiueutibus,
2732 5338 2794 5384 et
2848 5328 2916 5382 ad
2968 5327 3270 5394 perfectum
3305 5326 3663 5380 continentiae

2068 5397 2368 5452 ascendere
2395 5398 2855 5468 inon_vetentibus
2874 5394 3064 5468 maior
3101 5398 3350 5468 habetur.
3379 5414 3399 5449 ι
3432 5394 3609 5450 Husr.

2513 5463 2741 5555 Regius,
2770 5467 2830 5520 τὸ
2864 5463 3038 5539 βραῇὺ
3065 5467 3300 5522 παιδίον.

2140 5535 2252 5608 (26)
2294 5535 2461 5605 Idem,
2491 5535 2698 5593 παιδία.

2147 5607 2256 5679 (27)
2296 5609 2479 5664 Codex
2515 5608 2866 5673 Tal-inimus,
2891 5607 3366 5679 ἀποδεδειγμένοις
3388 5607 3655 5679 νοήσειεν.

505 5681 594 5732 λον
620 5680 726 5734 τῶν
755 5675 1210 5744 ἀσκούντων,’καὶ
1240 5681 1334 5733 ἐπὶ
1357 5678 1609 5750 τοσοῦτον
1652 5679 1752 5750 οὐκ
1777 5675 1973 5750 ᾂληλα-

2088 5675 2281 5750 ile'gius
2329 5681 2494 5737 etiam
2545 5680 2706 5736 habet
2751 5679 3013 5748 νοήσειεν.
3051 5675 3498 5750 εθιι“’1εεειι(1ιιιὶι
3527 5691 3657 5750 vati-

393 5745 593 5821 κότωνυ
607 5751 959 5821 σωφροσύνης
990 5751 1190 5821 μείζων
1232 5752 1378 5803 ἐστὶν
1406 5752 1464 5803 ὲν
1490 5752 1554 5821 τῇ
1590 5747 1835 5821 βασιλείᾳ
1861 5745 1972 5821 τῶν
2079 5745 2239 5804 Θεῖεν.

391 5819 655 5890 οὐρανῶν.
695 5816 788 5877 llis
813 5816 1081 5877 coniventit
1111 5830 1263 5879 vetus
1292 5816 1713 5890 interpres,'qui
1741 5816 1821 5876 sic
1872 5816 1971 5872 lia-
