4146 6430
401 373 542 430 ηὸτι

1389 375 1743 434 COMMENT.
1787 375 1852 431 IN
1891 373 2303 431 MATTIIEUM
2343 372 2579 430 TOMUS
2606 369 2748 428 XIII.

3530 370 3667 426 H38

400 492 498 548 καὶ
521 493 632 548 τῶν
655 492 938 566 ὀνομάτων
960 494 1204 563 ἐκείνων,
1234 495 1483 567 λέγουσιν
1502 494 1641 553 εἶναι
1659 499 1842 568 φόϐονο
1874 493 1986 553 οἷον

2094 513 2276 554 secum
2321 498 2406 568 agi
2454 496 2756 568 putandum
2781 491 2832 548 ei
2861 491 2950 548 sit.
3017 491 3096 546 Ac
3129 489 3197 546 de
3225 489 3422 546 timore
3445 489 3665 559 quidem

401 585 460 640 δὲ
486 587 578 640 καὶ
601 585 664 639 τὸ
688 584 796 641 τῶν
827 589 1056 643 παιδίων
1081 589 1459 662 ἀμνησίκακον
1483 591 1614 663 παρ’
1642 591 1840 654 αὐτοὺς
1860 591 1985 656 τοὺς

401 676 511 730 τῶν
551 676 803 748 δακρύων
847 681 1092 752 καιροὺς,
1138 682 1196 735 εν
1236 682 1434 754 ἀκαρεῖ
1477 682 1984 753 μεταϐαλλομένων,

403 769 499 824 καὶ
526 769 830 838 γελώντων,
868 771 962 825 καὶ
992 770 1408 842 συμπαιζόντων
1436 775 1551 836 τοῖς
1610 772 1985 844 νομιζομένοις

402 861 784 933 λελυπηκέναι,
834 864 927 918 καὶ
974 863 1366 936 πεφοδηκέναι,
1411 864 1527 919 ἀλλ’
1577 865 1638 918 οὐ
1694 865 1836 919 κατά
1886 865 1987 936 τὴν

403 952 664 1024 ἀλήθειαν
691 954 865 1009 ταῦτα
887 956 1261 1028 ἐνεργηκόσιν.
1284 957 1439 1010 Οὐτω
1458 956 1515 1011 δὲ
1543 957 1640 1011 καὶ
1657 955 1986 1011 ταπεινώσει

404 1045 597 1100 ἑαυτόν
619 1063 724 1111 τις,
751 1046 829 1109 ὡς
861 1046 890 1098 ὃ
912 1046 1350 1118 προσεκαλέσατο
1379 1050 1409 1102 6
1430 1046 1636 1119 Ἰησοῦς
1661 1046 1890 1101 παιδίον·
1925 1047 1984 1099 οὐ

404 1136 516 1208 γὰρ
553 1135 739 1189 πίπτει
774 1137 1212 1209 ὐψηλοφροσύνη,
1264 1137 1358 1191 καὶ
1402 1136 1578 1210 οἴησις
1617 1137 1912 1207 εὐγενείας,
1951 1138 1986 1208 ἦ

406 1227 661 1291 πλούτου,
684 1228 718 1298 ἦ
743 1244 888 1291 τινος
918 1227 1026 1281 τῶν
1055 1227 1422 1299 νομιζομένων
1453 1229 1572 1299 μὲν,
1603 1227 1703 1282 οὐκ
1734 1227 1901 1281 ὄντων
1929 1229 1987 1281 δὲ

403 1316 627 1386 ἀγαθῶν
669 1319 750 1381 είς
796 1317 1029 1372 παιδίον·
1071 1318 1258 1390 διόπερ
1308 1318 1454 1374 ἐστιν
1505 1318 1632 1373 ίδείν
1671 1319 1742 1373 τά
1789 1320 1985 1392 κομιδῆ

404 1410 574 1480 νήπια
623 1408 784 1480 μέχρι
828 1409 996 1481 τριῶν
1040 1410 1136 1464 καὶ
1173 1409 1449 1481 τεττάρων
1489 1409 1626 1464 ἐτῶν
1672 1411 1834 1480 ὅμοια
1870 1413 1985 1475 τοῖς

405 1500 650 1569 ἀτενέσι,
696 1499 798 1554 κᾶν
833 1500 1031 1570 εὐγενῆ
1057 1495 1198 1554 εἶναι
1216 1499 1370 1572 δοκῇ,
1394 1499 1489 1553 καὶ
1515 1499 1590 1572 μὴ
1624 1499 1824 1572 μᾶλλον
1846 1501 1985 1555 πάν-

405 1607 514 1654 τως
546 1590 719 1660 φιλεῖν
751 1589 1011 1644 δοκοῦντα
1043 1590 1113 1644 τὰ
1139 1589 1372 1645 πλούσια
1399 1589 1586 1643 παιδία
1612 1590 1764 1661 παρὰ
1789 1589 1860 1643 τὰ
1887 1607 1988 1643 πε-

404 1680 586 1752 νιχρά.
634 1680 760 1735 Ἐάν
791 1677 884 1734 οὖν
907 1681 1045 1751 ὅπερ
1071 1680 1224 1752 παρά
1254 1680 1355 1752 τὴν
1388 1680 1606 1752 ἠλικίαν
1640 1681 1754 1751 (28)
1790 1679 1989 1751 πάσχει

403 1773 475 1827 τά
505 1773 692 1828 παιδία
723 1774 859 1846 πρὸς
887 1773 958 1827 τά
988 1775 1115 1837 τοὺς
1147 1773 1406 1844 ἀνοήτους
1436 1773 1733 1844 ἐπαίροντα
1763 1771 1991 1827 τοιαῦτα

2097 591 2297 645 similia
2330 590 2397 646 iis
2427 589 2800 658 intelligantur
2829 601 2949 656 qua:
2974 600 3143 656 supra
3173 583 3518 649 tradidimus,
3536 597 3670 649 puc-

2093 693 2185 735 ros
2215 679 2464 734 videlicet
2511 677 2780 732 malorum
2811 675 3007 738 timore
3050 685 3400 742 nequaquam
3420 667 3674 740 percelli,

2094 778 2151 824 at
2181 770 2366 840 aliquo
2391 767 2498 824 alio
2525 807 2540 834 ,
2575 767 2720 838 quod
2751 777 2931 820 tamen
2966 764 3216 819 timorem
3242 761 3546 832 appellant,
3572 760 3666 830 qui

2093 861 2162 916 de
2203 861 2373 916 animi
2423 858 2955 930 perturbationibus,
3007 867 3307 922 eorumque
3348 850 3670 906 nominibus

2093 960 2349 1008 accurate
2399 951 2793 1014 disseruerunt,
2837 946 3144 1019 cujusmodi
3191 957 3486 1015 puerorum
3529 955 3671 1012 quo-

2094 1059 2199 1115 que
2244 1053 2360 1110 est,
2415 1043 2557 1098 inter
2602 1042 2749 1112 ipsas
2804 1041 2969 1096 etiam
3021 1040 3290 1109 lacrymas
3339 1035 3669 1106 iniuriarum

2095 1137 2320 1201 oblivio,
2349 1135 2445 1208 qui
2481 1135 2747 1206 temporis
2769 1141 2970 1204 puncto
3005 1129 3364 1184 immutantur
3391 1134 3447 1181 et
3467 1125 3666 1192 rident,

2094 1243 2330 1298 cumque
2381 1228 2449 1282 iis
2493 1227 2687 1282 ludunt
2727 1226 2823 1297 qui
2865 1223 3062 1278 timore
3107 1235 3203 1276 eos
3235 1218 3481 1274 aﬂ‘ecisse
3511 1225 3567 1272 et
3596 1217 3668 1271 ti-

2095 1335 2300 1374 morem
2336 1319 2634 1375 incussisse
2661 1317 2988 1372 videbantur
3008 1353 3022 1381 ,
3055 1312 3150 1368 sed
3180 1325 3367 1366 revera
3392 1308 3530 1364 nihil
3563 1308 3670 1364 tale

2095 1409 2357 1466 fecerant.
2416 1409 2496 1464 Ad
2541 1409 2791 1464 eumdem
2824 1422 2952 1462 vero
2978 1404 3202 1460 modum
3234 1418 3294 1458 se
3323 1401 3588 1472 deprimet
3615 1410 3674 1456 et

2095 1501 2316 1572 abjiciet
2358 1500 2630 1570 quispiam
2652 1537 2669 1564 ,
2703 1498 2772 1554 ad
2803 1513 2966 1568 quem
3001 1513 3060 1553 se
3091 1495 3280 1565 abiicit
3326 1509 3464 1565 puer
3505 1506 3671 1563 quem

2093 1591 2254 1649 Jesus
2285 1592 2610 1660 accersivit;
2645 1591 2702 1646 in
2730 1605 2962 1662 puerum
3007 1589 3278 1659 siquidem
3322 1600 3500 1657 neque
3527 1583 3675 1640 cadit

2096 1681 2390 1752 superbia,
2443 1694 2620 1749 neque
2663 1679 2914 1750 generis,
2961 1677 3347 1733 divitiarumve
3409 1688 3675 1745 arrogans

2095 1775 2452 1841 existimatio,
2475 1782 2572 1830 aut
2599 1771 2833 1842 alicujus
2861 1785 2929 1826 ex
2957 1769 3026 1825 iis
3055 1769 3234 1836 bonis,
3261 1781 3385 1838 quae
3413 1765 3673 1836 opinione

405 1863 577 1936 πάθη,
613 1864 722 1918 ἀπὸ
749 1865 912 1934 λόγου
941 1867 970 1918 6
1001 1863 1094 1917 τοῦ
1141 1862 1322 1934 Ἰησοῦ
1347 1862 1593 1935 μαθητὴς
1622 1864 1986 1921 ἐταπείνωσεν

2096 1865 2316 1936 quidem
2361 1863 2490 1920 talia
2518 1870 2680 1930 sunt,
2710 1874 2898 1916 revera
2929 1872 3039 1913 non
3069 1865 3198 1913 sunt
3229 1873 3245 1910 :
3281 1855 3426 1910 unde
3470 1868 3674 1924 pueru-

401 1951 622 2018 δαυτὸν,
667 1953 743 2018 ὡς
786 1953 815 2006 δ
861 1953 1056 2020 ἔδειξεν
1086 1955 1118 2008 6
1172 1953 1381 2026 Ἰησοῦς
1422 1954 1656 2020 παιδίον,
1701 1954 1802 2008 οὐκ
1830 1955 1989 2010 ἐπαι-

406 2043 634 2115 ρόμενος
665 2046 760 2099 ἐπὶ
797 2045 1048 2118 δοξαρίῳ,
1082 2046 1204 2100 οὐδὲ
1237 2046 1599 2120 φυσιούμενος
1629 2048 1722 2100 ἐπὶ
1755 2046 1988 2118 πλούτῳ,

399 2131 516 2186 οὐδ’
562 2134 655 2186 ἐπὶ
700 2134 983 2206 περισολῇ,
1032 2134 1155 2189 οὐδὲ
1199 2135 1532 2207 ὀγκούμενος
1581 2137 1675 2190 ἐπὶ
1719 2137 1989 2210 εὐγενείᾳ,

406 2223 646 2294 μάλιστα
676 2225 732 2278 δὲ
763 2226 910 2293 τούς,
943 2226 1020 2291 ὡς
1046 2227 1076 2279 6
1103 2228 1275 2296 Λόγος
1302 2227 1571 2296 ἀπέδειξε,
1620 2229 1986 2299 στραφέντας,

2097 1956 2181 2012 los
2213 1955 2412 2027 oppido
2456 1953 2693 2010 infantes
2731 1952 2912 2008 videre
2944 1951 3070 2006 licet
3120 1948 3186 2004 ad
3231 1945 3452 2003 tertium
3502 1960 3672 2014 quar-

2098 2054 2282 2102 tumve
2321 2043 2501 2101 aetatis
2541 2059 2748 2099 annum
2783 2039 3144 2114 ignobilibus,
3189 2046 3244 2094 et
3287 2037 3524 2094 obscuro
3549 2034 3672 2089 loco

2095 2136 2257 2193 editis
2280 2136 2464 2208 pueris
2492 2135 2702 2194 similes
2724 2174 2740 2200 ,
2775 2132 2991 2190 etiamsi
3022 2129 3269 2203 generosi
3294 2143 3417 2184 esse
3443 2126 3668 2182 videan-

2098 2237 2210 2294 tur,
2242 2243 2342 2284 nec
2369 2227 2542 2299 magis
2565 2234 2814 2283 amantes
2845 2239 3046 2295 pueros
3075 2223 3167 2292 qui
3195 2221 3447 2277 videntur
3474 2219 3674 2274 ﬂorere

399 2314 481 2378 ὡς
532 2314 562 2367 6
610 2315 974 2387 προσελάϐετο
1021 2319 1051 2370 6
1117 2319 1326 2391 Ἰησοῦς
1371 2319 1604 2386 παιδίον,
1662 2319 1986 2374 ἀποδεκτέον

2095 2323 2292 2394 Opibus
2311 2363 2326 2389 ,
2361 2336 2527 2391 quam
2557 2334 2782 2390 egenos.
2839 2316 2898 2373 Si
2926 2332 3056 2388 ergo
3083 2313 3214 2371 Jesu
3243 2312 3546 2383 discipulus
3579 2325 3671 2365 ra-

401 2408 500 2461 καὶ
543 2408 810 2479 μιμητέον
837 2411 932 2463 ἐπὶ
959 2411 1037 2482 τῷ
1090 2411 1268 2484 Ἰησοῦ
1296 2413 1542 2484 ὀνόματι,
1585 2415 1709 2467 ἐπεὶ
1754 2413 1990 2486 μάλιστα

403 2497 465 2550 ἐν
486 2496 694 2561 τούτοις
725 2499 872 2552 ἐστὶν
903 2499 932 2551 6
969 2501 1222 2573 Χριστὸς,
1257 2501 1352 2556 καὶ
1387 2502 1476 2556 διὰ
1507 2501 1667 2557 τοῦτο
1693 2503 1842 2572 λέγει
1881 2503 1942 2556 τό
1967 2517 1982 2535 σ

409 2606 431 2640 ε
469 2590 577 2652 Καὶ
606 2589 666 2653 ὃς
694 2590 760 2644 ἂν
800 2589 1017 2662 δέξηται
1053 2592 1112 2646 ἓν
1146 2594 1358 2649 παιδίον
1394 2591 1607 2649 τοιοῦτο
1644 2595 1738 2649 ἐπὶ
1766 2593 1845 2667 τῷ
1872 2595 1989 2650 ὀνό-

2092 2413 2242 2468 tione
2283 2412 2550 2468 adductus
2582 2425 2643 2466 se
2685 2410 2837 2481 ipse,
2874 2407 3023 2463 velut
3061 2421 3195 2477 puer
3239 2420 3402 2476 quem
3434 2400 3673 2459 ostendit

2092 2503 2278 2573 Jesus,
2329 2503 2691 2575 deprcsserit;
2723 2501 2778 2557 id
2802 2501 2949 2572 quod
2976 2499 3162 2572 pueris
3203 2507 3426 2567 propter
3453 2502 3673 2549 aetatem

2093 2595 2360 2667 contingit
2383 2597 2530 2652 circa
2555 2609 2652 2650 eos
2676 2593 2904 2650 affectus
2924 2591 3125 2664 quibus
3156 2590 3455 2645 efferuntur
3482 2583 3670 2649 stulti;

407 2678 541 2750 ματί
574 2697 697 2752 μου,
731 2682 831 2753 ἐμὲ
853 2683 1089 2754 δέχεται.
1124 2703 1144 2737 ι

2094 2687 2322 2759 gloriola
2373 2703 2482 2743 non
2523 2687 2810 2758 turgidus,
2846 2699 3024 2755 neque
3069 2690 3294 2753 propter
3335 2678 3551 2736 divitias
3576 2685 3672 2730 aut

404 2775 794 2832 vestimentum
840 2777 1086 2847 inflatus,
1129 2781 1213 2835 vel
1263 2781 1476 2852 generis
1515 2781 1798 2839 nobilitate
1844 2781 2252 2852 intumescens,
2310 2782 2348 2838 ii
2404 2781 2752 2854 potissimum
2799 2780 2854 2834 in
2906 2777 3126 2835 nomine
3155 2773 3286 2830 .Icsn
3335 2768 3669 2841 suscipiendi

403 2880 461 2924 et
487 2869 731 2927 imitandi
766 2882 926 2938 sunt,
969 2875 1066 2945 qui
1109 2873 1270 2946 593
1320 2876 1464 2933 sicut
1489 2875 1725 2933 aVerbo
1756 2877 2187 2934 demonstratum
2236 2885 2359 2946 est,
2421 2877 2493 2932 ita
2541 2876 2789 2932 conversi
2840 2873 3076 2940 fuerint,
3130 2879 3190 2927 ut
3221 2885 3352 2940 puer
3389 2882 3554 2938 quem
3581 2865 3673 2927 Je-

404 2977 504 3020 sus
563 2967 896 3037 assumpsit,
945 2968 1207 3038 quoniam
1251 2969 1394 3026 inter
1442 2985 1539 3027 eos
1593 2971 1867 3043 praecipue
1909 2972 2160 3030 Christus
2211 2984 2316 3038 est,
2358 2981 2413 3029 et
2437 2981 2720 3044 propterea
2753 2970 2886 3026 illud
2909 2969 3041 3026 dicit
3070 2969 3158 3023 θυι
3195 2986 3213 3021 ι
3249 2966 3318 3024 Et
3343 2967 3437 3035 qui
3484 2977 3672 3022 susce-

405 3058 546 3128 perit
589 3076 756 3115 unum
798 3062 1086 3133 parvulum
1134 3063 1297 3119 talem
1349 3064 1403 3119 in
1429 3064 1651 3122 nomine
1693 3080 1852 3134 meo,
1905 3082 1992 3124 me
2023 3067 2274 3138 suscipit.
2314 3086 2332 3120 ι

477 3178 551 3232 T6
587 3179 644 3233 δὲ
677 3178 802 3252 ἑξῆς
841 3181 1077 3253 ἐργῶδες
1125 3182 1266 3237 κατὰ
1313 3181 1634 3239 ἀκολουθίαν
1676 3183 1784 3239 τῶν
1817 3203 1986 3258 προα-

2165 3163 2251 3218 l7.
2293 3161 2450 3230 Quod
2483 3171 2664 3216 autem
2700 3158 2969 3230 sequitur,
2997 3155 3213 3212 dillicile
3256 3168 3339 3213 est
3379 3157 3451 3212 ita
3495 3171 3672 3227 expo-

405 3249 773 3342 ποδεδομὲνων
805 3249 1165 3345 διηγήσασθαι
1184 3291 1198 3305 ο
1245 3273 1389 3328 εἴποι
1433 3272 1541 3347 γὰρ
1572 3275 1637 3330 ἄν
1664 3293 1769 3340 τις,
1813 3249 1930 3342 πως
1956 3278 1986 3330 6

2094 3271 2244 3322 ncre,
2279 3264 2336 3311 ut
2369 3269 2494 3310 cum
2525 3251 2900 3323 superioribus
2928 3249 3238 3306 cohaereat:
3278 3249 3479 3304 dixerit
3522 3249 3669 3306 enim

403 3339 668 3434 στραφεὶς
712 3363 807 3417 καὶ
853 3339 1143 3436 γενόμενος
1174 3365 1249 3429 ὼς
1294 3366 1364 3420 τὰ
1407 3339 1596 3420 παιδία
1641 3368 1836 3440 μικρός
1865 3339 1984 3422 ἐστι

2094 3347 2307 3418 aliquis,
2345 3345 2622 3419 quomodo
2656 3345 2771 3400 fieri
2799 3351 2979 3414 potest
3015 3349 3075 3395 ut
3102 3340 3196 3410 qui
3226 3355 3522 3396 conversus
3552 3339 3669 3396 fue-

401 3452 513 3506 τῶν
548 3455 908 3509 πιστευόντων
942 3457 1021 3519 είς
1065 3455 1157 3510 τὸν
1222 3457 1450 3528 Ἰησοῦν,
1505 3459 1598 3512 καὶ
1646 3459 1984 3524 ὲπιδεκτικὺς

2094 3438 2182 3505 rit,
2215 3445 2269 3494 et
2299 3452 2592 3509 puerorum
2623 3434 2821 3491 similis
2867 3433 3069 3498 factus,
3107 3431 3342 3501 pusillus
3383 3431 3452 3486 sit
3487 3446 3556 3485 ex
3600 3431 3674 3486 iis

401 3541 498 3595 τοῦ
532 3543 1016 3614 πανδαλισθῆναι;
1053 3522 1444 3617 πειρασώμεθα
1470 3546 1528 3600 δὲ
1561 3547 1832 3601 καὶτοῦτο
1854 3522 1985 3602 duco:-

2094 3531 2182 3601 qui
2214 3531 2268 3586 in
2293 3529 2479 3587 Jesum
2505 3528 2753 3594 credunt,
2783 3534 2838 3584 et
2862 3523 3150 3580 offensioni
3181 3523 3489 3579 obnoxius?
3525 3522 3668 3576 nihi-

403 3633 610 3701 λούθως
656 3637 971 3708 σαφηνίσαι.
1022 3614 1159 3703 Πῶς-
1187 3640 1216 3693 6
1257 3614 1337 3711 τῷ
1402 3639 1578 3711 Ἰησοῦ
1622 3641 1698 3705 ὡς
1725 3640 1836 3712 (29)
1868 3639 1982 3713 Υίῷ

2094 3619 2328 3677 Iominus
2374 3631 2554 3678 tamen
2586 3619 2635 3675 id
2671 3617 3056 3677 wnvenientcr
3089 3614 3360 3670 illustrare
3380 3628 3678 3669 conemur.

1612 3776 1840 3834 VETUS
1872 3775 2472 3833 INTERPBETATIO-

401 3895 462 3943 et
499 3885 665 3951 dicat,
701 3886 806 3941 nisi
839 3890 944 3943 hoe
975 3886 1170 3945 feceris
1200 3887 1392 3944 occido
1423 3895 1494 3948 te.
1527 3886 1758 3943 incendo
1783 3895 1855 3953 te,
1886 3896 1982 3944 aut
2014 3887 2193 3943 simile
2222 3886 2450 3957 aliquid,
2485 3887 2750 3958 numquid
2783 3887 2937 3942 timet
2969 3882 3485 3958 huj‘usmodipucr?
3511 3879 3666 3958 Sicut

403 3971 538 4027 ergo
583 3967 792 4011 caeteras
841 3959 1137 4027 passiones
1169 3975 1276 4013 non
1310 3967 1440 4028 sunt
1473 3958 1645 4012 firma:
1683 3959 1736 4012 in
1776 3959 1983 4028 pueris,
2021 3959 2102 4013 sic
2139 3953 2332 4028 neque'
2355 3958 2537 4028 timor.
2585 3953 2653 4012 Si
2696 3967 2876 4014 autem
2907 3953 3126 4027 quis'et
3157 3955 3397 4028 humilict
3432 3969 3490 4008 sc
3521 3953 3666 4028 sicut

406 4023 541 4098 pu'er
566 4041 706 4080 :nee
745 4023 889 4081 enim
932 4027 1441 4098 magnuﬁnaliquid
1470 4042 1672 4098 sapere
1711 4023 1856 4082 cadit
1900 4027 1955 4081 in
1997 4023 2248 4097 puerum,
2291 4042 2470 4098 neque
2514 4027 2776 4097 jactantia
2828 4023 3062 4098 generis,
3096 4026 3179 4079 vel
3209 4025 3544 4098 divitiarum,
3578 4023 3663 4075 vel

405 4093 638 4166 aliarum
686 4111 864 4149 rerum
897 4093 1443 4166 quaa'existimantur
1466 4093 1654 4162 bonae,
1685 4113 1794 4150 non
1830 4093 2013 4151 autem
2052 4101 2200 4163 stint,
2229 4093 2453 4151 cadit—in
2482 4093 2705 4166 puerum
2734 4114 2746 4149 :
2776 4093 2918 4152 unde
2947 4097 3196 4150 videmus
3227 4093 3462 4166 infantes
3491 4107 3665 4160 usque

402 4166 473 4237 ad
503 4164 716 4237 tertium
759 4164 1148 4237 velﬂq‘uartum
1190 4181 1426 4232 annum,
1465 4167 1588 4220 licet
1626 4166 1847 4237 fuerint__
1871 4167 2140 4237 generosi,
2185 4167 2392 4237 similes
2412 4164 2496 4237 se
2520 4167 2762 4236 praebent
2791 4167 2973 4237 pueris
2998 4165 3379 4237 degeneribns,
3416 4177 3515 4216 nec
3543 4177 3663 4215 am-

401 4235 546 4318 plius
572 4235 806 4318 diligunt
829 4233 1023 4290 divites
1053 4251 1270 4318 pueros,
1298 4251 1463 4318 quam
1496 4251 1777 4306 pauperes.
1816 4233 2026 4318 Si'quis
2058 4250 2188 4305 ergo
2220 4237 2302 4318 vir
2337 4233 2714 4318 habitudinem
2741 4233 2920 4318 quam
2957 4233 3156 4291 habent
3198 4233 3351 4304 pueri
3378 4240 3659 4318 ἐπιπίοις,

400 4301 459 4376 in
490 4319 548 4358 se
586 4301 797 4376 ratione
827 4301 1146 4376 susceperit,
1175 4301 1452 4375 expellens
1485 4301 1549 4376 ea
1580 4301 1702 4376 quae
1735 4301 1954 4376 movent
1990 4301 2322 4370 insensatos,
2350 4304 2545 4376 factus
2580 4316 2663 4362 est
2710 4301 2853 4361 sicut
2884 4321 3038 4376 puer,
3072 4301 3275 4376 noun—sc
3305 4301 3660 4376 extollensin

401 4373 727 4446 honoribus,
759 4387 935 4446 neque
965 4370 1194 4446 e'li‘erens
1237 4370 1295 4430 se
1322 4376 1378 4446 in
1417 4370 1649 4446 divitiis,
1671 4390 1846 4444 neque
1881 4375 2099 4446 elevans
2133 4390 2193 4432 se
2231 4377 2284 4446 in
2317 4375 2641 4446 claritudine
2674 4370 2937 4446 generis:
2981 4370 3084 4430 iste
3119 4374 3242 4446 t_alis
3277 4370 3663 4446 suscipiendus

399 4451 505 4506 est,
531 4451 586 4496 et
616 4442 966 4516 honorandus
994 4445 1046 4516 in
1078 4445 1296 4500 nomine
1315 4443 1465 4512 Iesu,
1490 4442 2053 4516 quoniam—praecipue
2085 4444 2138 4498 in
2174 4445 2372 4516 talibus
2394 4442 2833 4516 estJesusCIdeo
2860 4446 3033 4516 dicit:
3071 4464 3089 4495 ι
3122 4443 3338 4516 Siquis
3361 4442 3666 4516 susceperit

399 4527 587 4584 unum
607 4513 766 4584 talem
803 4514 856 4567 in
886 4514 1106 4584 nomine
1139 4531 1282 4580 meo,
1315 4530 1401 4570 me
1436 4511 1683 4584 suscipit.
1719 4511 1820 4581 Qui
1850 4511 2030 4569 autem
2067 4515 2516 4570 scandalizaverit
2551 4531 2718 4570 unum
2750 4515 2817 4570 de
2841 4515 3056 4584 pusillis
3082 4511 3430 4570 credentibus
3467 4511 3524 4565 in
3553 4527 3665 4578 me,

398 4583 696 4657 expeditpi
737 4592 794 4637 ut
821 4583 1358 4657 suspendaturmola
1391 4583 1629 4640 asinaria
1662 4585 1719 4657 in
1743 4584 1883 4640 collo
1911 4585 2052 4654 ejus,
2083 4593 2137 4639 et
2161 4586 2506 4657 demergatur
2532 4585 2585 4640 in
2615 4583 2947 4657 profundum
2981 4584 3180 4657 maris.
3199 4603 3216 4635 ι

473 4650 562 4724 Π.
607 4651 718 4708 Ιλίυο
747 4650 1018 4722 exponere
1047 4653 1378 4724 laboriosum
1411 4665 1494 4711 est
1521 4654 1820 4710 secundum
1852 4650 2297 4724 consequentiam
2330 4650 2735 4724 praedictorum.
2770 4653 2908 4710 Dicit
2931 4655 3077 4710 enim
3113 4652 3313 4724 aliquis
3341 4671 3354 4708 :
3383 4650 3665 4724 quomodo

397 4722 492 4802 qui
526 4719 831 4806 conversus
855 4731 958 4806 est,
987 4730 1042 4777 et
1069 4719 1357 4806 factu's'est
1385 4726 1526 4806 sicut
1554 4739 1707 4806 puer,
1737 4734 1792 4780 et
1831 4719 2138 4806 buniil_ia_vit
2171 4719 2412 4804 seipsum
2439 4725 2900 4806 quemadmodum
2934 4740 3071 4806 puer
3100 4719 3264 4806 quem
3291 4719 3660 4806 statuitlcsus

399 4789 456 4866 in
491 4793 669 4846 medio
699 4792 1114 4862 discipulorum,
1145 4793 1406 4866 minimus
1436 4804 1518 4866 est
1545 4789 1600 4848 et
1622 4803 1821 4866 potens
1847 4793 2227 4866 scandalizari,
2254 4789 2385 4850 cum
2412 4789 2507 4866 _sit
2558 4795 2824 4866 scriptum
2853 4814 2866 4850 :
2907 4789 3070 4850 (Pax
3099 4789 3271 4866 multa
3310 4789 3664 4866 diligentibus

398 4858 570 4934 legem
604 4871 774 4928 tuam,
811 4858 1004 4934 e't_non
1039 4872 1126 4934 est
1157 4863 1265 4918 illis
1299 4858 1640 4918 scandalum:
1675 4882 1692 4914 ι
1723 4863 1859 4919 Vide
1888 4873 2071 4918 autem
2114 4864 2157 4919 si
2194 4858 2588 4931 rationabiliter
2634 4858 2739 4921 hoc
2786 4880 3082 4934 possumus
3117 4858 3435 4934 explanare:
3468 4859 3664 4914 Omnis

398 4881 570 4930 regem
604 4881 774 4928 tuam,
811 4881 866 4918 et
897 4881 1004 4915 non
1039 4881 1123 4918 est
1157 4881 1265 4918 llllS
1299 4881 1639 4918 scannamm.
1675 4882 1692 4914 ι
1733 4881 1859 4919 vme
1888 4881 2071 4918 autem
2114 4881 2157 4919 SI
2194 4881 2588 4931 ranonapuner
2634 4881 2739 4921 noc
2824 4881 3082 4921 ossumus
3117 4881 3431 4934 explanare.
3468 4881 3660 4914 umms

398 4930 655 5004 quidem
686 4933 843 5002 quasi
873 4930 1011 5004 Filio
1032 4933 1130 5004 _Dei
1163 4934 1355 4998 credit,
1373 4933 2158 5004 _et7conversatur‘secundum
2189 4935 2532 5004 evangelicos
2559 4943 2716 4991 actus
2743 4881 2820 4991 ad,
2835 4936 3124 4990 vivendum
3164 4943 3310 4988 recte
3337 4945 3660 5004 conversus,

401 5001 648 5055 ambulat
681 5001 1142 5071 quemadmodum
1172 5018 1328 5074 puer.
1357 5002 1463 5071 Qui
1491 5012 1678 5059 autem
1704 5019 1814 5060 non
1862 5005 2200 5060 convertitur
2237 5012 2294 5060 ut
2327 5001 2418 5061 fiat
2444 5006 2906 5076 quemadmodum
2933 5020 3092 5076 puer,
3123 5004 3272 5060 hunc
3301 5003 3522 5075 quidem
3557 5001 3662 5055 im—

472 5093 518 5123 ⁸⁸
557 5092 747 5150 Matth.
775 5111 929 5161 xvm,
952 5095 1006 5152 5.

473 5206 586 5275 (28)
617 5206 776 5288 ,Ἐὰν
801 5204 917 5263 οὖν
939 5208 1088 5288 ῥ’περ
1110 5207 1270 5288 παρὰ
1287 5208 1404 5288 τῂν
1423 5211 1690 5288 ἠλικίαν,
1718 5219 1826 5288 etc.
1866 5210 1976 5288 Yet

2094 5223 2203 5284 post
2259 5212 2516 5286 μάλιστα,
2557 5215 2665 5288 vim
2715 5227 2839 5288 non_
2868 5212 3072 5288 habere
3117 5212 3516 5288 adv_ersativam
3549 5229 3564 5266 :
3600 5218 3660 5288 ut

398 5285 570 5360 teriam
615 5279 1117 5360 interpretationem
1166 5281 1272 5337 hoc
1315 5280 1435 5360 loco
1473 5282 1654 5352 quoad
1699 5281 1820 5351 ejus
1858 5283 1976 5360 fieri

2094 5279 2377 5360 'oquuntur
2425 5284 2686 5356 τεχνικοί,
2745 5283 2842 5339 sed
2885 5299 2984 5360 pr_o
3003 5283 3066 5354 δή
3113 5283 3352 5360 positum
3391 5295 3526 5360 esse
3567 5279 3657 5359 vel

396 5348 597 5428 potuit,
629 5349 803 5429 secuti
820 5364 1047 5429 _su_mus,
1077 5366 1179 5406 nec
1221 5366 1252 5406 a
1281 5351 1470 5407 codice
1490 5348 1682 5429 tamen
1715 5348 1848 5408 mss.
1875 5354 1976 5429 de:
2077 5348 2392 5429 παρέλκειν,
2425 5348 2904 5429 ω’ξιοηιιιιηιιυεηί
2931 5348 3135 5429 factum
3184 5354 3254 5407 ab
3293 5349 3534 5429 antiquis
3565 5348 3655 5401 in-

400 5418 713 5492 scivimus_:
745 5418 870 5492 inde
893 5419 1120 5492 factum,
1155 5429 1216 5476 ut
1243 5437 1367 5492 cum
1407 5421 1831 5492 scripserimus:
1860 5441 1879 5475 ι
1915 5421 1973 5478 Si
2077 5418 2223 5480 dic'at
2246 5424 2479 5480 Budaeus
2515 5424 2568 5477 in
2609 5418 3040 5477 Commentariis.
3074 5421 3497 5492 Observavimus
3525 5431 3658 5487 prae-

397 5498 533 5566 ergo
562 5486 862 5567 discipulus
900 5489 1030 5546 Jesu
1061 5492 1275 5567 ratione
1303 5486 1589 5567 adductus,
1622 5509 1641 5542 ι
1671 5501 1801 5567 etc._,
1838 5494 1973 5567 su_h-
2081 5503 2283 5567 tercaa
2312 5493 2681 5567 grammaticis
2709 5493 2912 5563 regulis
2950 5494 3230 5549 discedere
3271 5489 3494 5562 Origeui
3529 5486 3656 5543 esse

395 5558 961 5636 junxerimnstamen
995 5577 1009 5615 :
1047 5579 1065 5611 ι
1093 5558 1134 5636 I_i
1169 5561 1510 5631 potissimum
1553 5562 1608 5616 in
1637 5563 1854 5618 nomine
1884 5561 1975 5636 Je-
2080 5558 2336 5636 proclive.
2368 5563 2632 5636 Ilusrlus.

401 5640 494 5706 su,
523 5644 542 5678 ι
577 5635 686 5706 etc.
721 5625 856 5706 Nam
889 5628 937 5706 si
965 5625 1227 5706 mendosa
1274 5647 1379 5706 non
1431 5640 1525 5706 est
1554 5647 1618 5706 ea
1651 5648 1814 5706 quam
1844 5633 1976 5706 reti-

2146 5635 2260 5704 (29)
2300 5631 2434 5706 "(Bc
2457 5637 2489 5688 ό
2513 5632 2594 5698 τῷ
2627 5631 2820 5706 Ἰηοῖοῦ
2841 5632 2941 5706 ᾡς,
2969 5639 3092 5706 etc._
3117 5630 3193 5686 Ita
3222 5629 3382 5706 codd.
3409 5625 3652 5706 ξιτ-ειμι

404 5696 846 5779 ιιιιίιιιιιεμιρειρο,
874 5699 1162 5778 dicendum
1193 5710 1277 5756 est
1305 5701 1447 5779 16,}
1475 5696 1796 5779 discipulus,
1837 5721 1854 5754 ι
1887 5704 1974 5779 hic

2094 5696 2252 5779 Vetus
2297 5696 2572 5779 interpres
2604 5720 2617 5756 :
2655 5696 2696 5779 ς
2711 5696 2906 5779 Omnis
2945 5703 3038 5772 qui
3065 5700 3193 5759 Jcsu
3225 5701 3385 5772 quasi
3407 5699 3540 5760 Filio
3557 5699 3659 5756 Dei

404 5765 543 5820 κατὰ
583 5765 841 5840 σύλληψιν
874 5768 1124 5842 usurpari
1161 5785 1278 5842 pro,
1329 5791 1346 5823 ι
1376 5765 1668 5844 discipuli:
1709 5794 1726 5826 ›
1777 5765 1864 5844 at,
1893 5773 1970 5840 δὲ,

2094 5778 2282 5834 :rcdit.
2306 5794 2324 5826 ι
2357 5765 2591 5846 Legebat
2621 5773 2746 5839 πᾶς.
2787 5773 2873 5844 In.
