4146 6464
479 361 582 418 145

1401 353 1758 414 COMMENT.
1800 356 1868 412 IN
1910 349 2330 413 MATTHEUM
2369 357 2605 416 TOMUS
2631 357 2770 416 Xlll.

3589 365 3733 422 1146

437 474 750 549 δυνάμενοι,
801 473 896 539 οὒς
944 472 1176 528 ἐκδικῶν
1227 471 1714 538 σκανδαλισθέντας
1762 473 1792 524 6
1836 471 2028 539 Λόγος,

2139 468 2340 530 fuerint
2367 477 2558 534 oﬂ'ensi
2606 479 2684 533 ait
2713 479 2758 512 ⁷⁸
2791 491 2806 532 :
2845 498 2864 530 ι
2911 477 3140 550 Expedit
3168 482 3218 535 ei
3259 490 3317 534 ut
3361 480 3732 549 suspendatur

437 571 574 641 φησι
600 569 730 640 περὶ
755 567 864 621 τῶν
889 565 1362 620 σκανδαλισάντων
1389 566 1589 629 αὐτοὺς
1611 566 1673 619 τό
1691 582 1706 595 ’
1752 585 1770 616 ι
1820 563 2038 635 Συμφέ-

440 677 525 732 ρει
558 658 710 730 αύτῷ
740 659 830 711 ἴνα
861 657 1150 729 κρεμασθῇ
1193 655 1362 728 μύλος
1388 656 1569 720 ὀνικὸς
1607 659 1688 720 είς
1720 656 1813 710 τὸν
1837 655 2040 728 τράχη-

435 752 528 807 λον
567 749 758 816 αὑτοῦ,
789 751 882 804 καὶ
915 749 1323 820 καταποντισθῇ
1353 751 1413 802 ὲν
1446 747 1524 819 τῷ
1554 748 1780 816 πελάγει
1805 749 1904 820 τῆς
1940 747 2039 800 θα-

435 843 661 914 λάσσης.
721 863 740 896 ι
789 842 976 896 Ταῦτα
1009 843 1248 913 λελέχθω
1292 842 1434 896 κατὰ
1484 843 1555 896 τὰ
1589 841 1888 912 ἐκκείμενα
1941 838 2037 894 τοῦ

437 935 726 992 Ματθαίου
759 936 920 1007 ῥητά.

513 1027 745 1098 ’Ῑδωμεν
781 1027 840 1081 δὲ
878 1025 976 1080 καὶ
1011 1027 1081 1080 τὰ
1112 1027 1475 1100 παραπλήσια
1523 1026 1631 1080 ἀπὸ
1673 1024 1782 1079 τῶν
1813 1026 2038 1080 λοιπῶν.

436 1120 667 1192 Μάρκος
704 1119 884 1173 τοίνυν
921 1119 1107 1190 φησὶν,
1153 1121 1234 1172 ὅτι
1277 1118 1634 1190 διελέχθησαν
1662 1120 1720 1173 ἐν
1755 1121 1821 1190 τῇ
1853 1119 1958 1189 ὁδῷ
1989 1119 2037 1171 οί

436 1210 663 1275 δώδεκα,
709 1211 795 1275 τίς
845 1209 1026 1265 αὐτῶν
1077 1208 1283 1281 μείζων
1338 1209 1488 1264 ὲστί·
1534 1210 1615 1263 διὸ
1667 1210 1762 1263 καὶ
1807 1209 2038 1274 καθίσας

437 1305 720 1374 ἐφώνησεν
765 1303 984 1367 αὐτοὺς,
1029 1303 1124 1356 καὶ
1151 1302 1394 1356 διδάσκει
1422 1302 1507 1366 τίς
1543 1304 1572 1354 6
1602 1300 1825 1373 μείζων,
1865 1301 2038 1371 λέγων

439 1394 726 1466 πρωτείων
753 1393 828 1458 ὡς
873 1393 1098 1464 μείζονα
1126 1393 1415 1458 τεύξεσθαι
1453 1393 1546 1446 τὸν
1578 1393 1870 1464 γενόμενον
1902 1393 2040 1447 πάν-

436 1503 546 1539 των
583 1485 672 1539 διὰ
703 1485 804 1556 τῆς
857 1485 1210 1556 μετριότητος
1251 1487 1347 1538 καὶ
1387 1486 1488 1555 τῆς
1538 1485 1841 1548 ἐπιεικείας
1873 1483 2038 1556 ἔσχα-

437 1595 551 1643 τον,
597 1577 738 1631 ὥστε
777 1579 869 1632 τὸν
912 1579 1013 1650 μὲν
1050 1578 1144 1632 τοῦ
1182 1577 1605 1648 διακονουμένου
1656 1578 1730 1648 μὴ
1780 1577 2039 1642 ἀναδέξα-

440 1670 563 1724 σθαι
602 1671 787 1735 τόπον,
819 1671 914 1726 τὸν
953 1670 1010 1723 δὲ
1047 1669 1142 1724 τοῦ
1171 1668 1570 1734 διακονοῦντος,
1619 1669 1712 1722 καὶ
1749 1668 1937 1723 τοῦτον
1974 1670 2036 1723 οὐ

437 1762 577 1834 πρός
601 1779 753 1826 τινας
779 1763 898 1834 μὲν,
917 1761 1073 1825 τινὰς
1088 1763 1131 1814 δ’
1154 1765 1244 1829 οὒ,
1268 1760 1405 1815 ἀλλὰ
1432 1761 1570 1832 πρὸς
1594 1761 1801 1825 πάντας
1821 1759 2036 1826 ἁπαξα-

436 1851 607 1916 πλῶς·
643 1852 881 1924 πρόσχες
910 1853 1020 1924 γὰρ
1051 1851 1160 1922 τῷ·
1203 1870 1222 1903 ι
1257 1852 1326 1906 Et
1348 1868 1432 1914 τις
1457 1850 1599 1903 θέλει
1635 1851 1850 1922 πρῶτος
1883 1851 2034 1920 γενέρ

438 1943 585 2008 σθαι,
621 1943 774 1998 ἔσται
809 1943 918 2014 (40)
951 1944 1172 1998 πάντων
1199 1941 1450 2014 ἔσχατος,
1482 1944 1575 1997 καὶ
1601 1943 1820 1997 πάντων
1845 1943 2031 1997 διάκο-

435 2053 545 2100 νος.
588 2055 606 2086 ι
634 2036 744 2089 Καὶ
772 2035 902 2105 ἑξῆς
927 2034 1145 2098 τούτοις
1165 2035 1351 2106 φησὶν,
1380 2035 1484 2100 ὃτι,
1523 2052 1542 2085 ι
1575 2033 1771 2089 Λαϐὼν
1796 2035 2027 2100 παιδίον,

437 2127 700 2200 (δηλονότι
731 2129 760 2180 6
799 2125 1055 2197 Ἶησούς,)
1079 2145 1098 2178 ι
1128 2126 1356 2199 ἔστησεν
1379 2127 1438 2179 ὲν
1465 2125 1616 2197 μέσῳ
1634 2125 1746 2180 τῶν
1774 2125 2032 2197 μαθητῶν

436 2217 628 2283 αὐτοῦ,
678 2217 774 2272 καὶ
825 2215 1330 2288 ἐναγκαλισάμενος
1392 2215 1548 2280 αὐτὸ,
1607 2211 1758 2268 εἶπεν
1808 2215 1994 2278 αὐτοῖς
2012 2230 2026 2245 ·

441 2299 554 2374 Ὃς
573 2309 669 2364 ἐὰν
691 2309 750 2364 ἓν
770 2308 881 2365 τῶν
905 2309 1134 2363 παιδίων
1163 2308 1384 2380 δέξηται
1406 2309 1501 2361 ἐπὶ
1532 2307 1610 2378 τῷ
1636 2306 1756 2378 ἐμῷ
1780 2306 2028 2378 ὀνόματι,

435 2403 800 2474 ἔμὲδέχεται.
859 2421 879 2456 ι
917 2403 1077 2456 Ποῖον
1125 2401 1181 2455 δὲ
1215 2400 1376 2455 ἔλαϐε
1424 2399 1638 2454 παιδίον
1671 2400 1766 2454 καὶ
1797 2400 2032 2470 ὲνηγκα-

434 2494 626 2549 λίσατο
655 2497 684 2550 6
728 2493 936 2567 Ἰησοῦς
967 2494 1113 2549 κατὰ
1155 2493 1248 2548 τὸν
1284 2492 1583 2566 βαθύτερον
1614 2493 1672 2546 ὲν
1699 2495 1814 2555 τοῖς
1843 2492 2031 2556 τόποις

435 2586 627 2656 λόγον;
657 2587 776 2658 ἦτὸ
805 2588 959 2657 ἅγιον
991 2586 1252 2659 Πνεῦμα;
1288 2587 1381 2641 καὶ
1413 2585 1586 2656 τούτῳ
1617 2601 1682 2655 γε
1721 2583 1800 2653 τῷ
1832 2582 2030 2654 παιδίῳ

437 2679 841 2752 ἰξομοιώθησάν
865 2696 1030 2746 τινες,
1067 2680 1198 2753 περὶ
1228 2671 1303 2732 ὧν
1330 2674 1452 2732 εἷπε
1486 2677 1548 2731 τό
1567 2693 1582 2704 ·
1625 2695 1645 2728 ι
1703 2678 1798 2739 Ὃς
1832 2676 1928 2729 ἐὰν
1971 2674 2030 2728 ἓν

429 2771 543 2825 τῶν
572 2771 830 2826 τοιούτων
863 2771 1092 2826 παιδίων
1124 2771 1344 2843 δέξηται
1379 2769 1474 2824 ἐπὶ
1503 2767 1582 2840 τῷ
1633 2767 1859 2839 ὀνόματί
1901 2785 2026 2838 μου,

434 2863 534 2935 ιμὲ
568 2863 803 2935 δέχεται.
849 2883 867 2916 ι
904 2862 1064 2918 Κατὰ
1096 2863 1278 2935 μέντοι
1311 2863 1404 2916 τὸν
1448 2863 1685 2926 Λουκᾶν,
1727 2881 1746 2915 ι
1787 2861 2031 2931 Διαλογι-

437 2954 574 3026 σμὸς
616 2974 635 3007 ι
668 2957 750 3019 είς
774 2955 900 3019 τοὺς
928 2955 1180 3026 μαθητὰς
1201 2955 1303 3009 οὐκ
1333 2953 1698 3026 ἀναϐέϐηκεν,
1718 2953 1831 3008 ἀλλ’
1871 2973 1888 3005 ι
1919 2955 2030 3007 είσ-

433 3045 564 3118 ἦλθε
606 3067 625 3098 ι
677 3047 807 3119 περί¹
848 3045 968 3112 τοῦ,
1022 3065 1042 3099 ι
1104 3047 1202 3111 Τίς
1247 3045 1428 3100 αὐτῶν
1480 3045 1565 3117 είη
1628 3043 1853 3117 μείζων.
1917 3045 2028 3100 Καὶ

441 3137 566 3192 ίδὼν
589 3140 618 3192 6
658 3139 869 3210 Ἰησοῦς
900 3138 990 3192 τὸν
1017 3138 1367 3210 διαλογισμὸν
1391 3138 1492 3209 τῆς
1513 3137 1742 3210 καρδίας
1769 3137 1970 3203 αὐτῶν,
2003 3155 2021 3189 ι
2056 3165 2102 3226 c

439 3229 535 3285 ἆτε
574 3229 716 3302 ἔχων
748 3229 1060 3300 ὀφθαλμοὺς
1093 3229 1479 3300 διαλογισμοὺς
1525 3227 1763 3300 καρδιῶν
1807 3227 2032 3298 βλέπον-

437 3335 536 3385 τας
557 3339 570 3351 ·
619 3339 638 3373 ι
693 3321 837 3374 Ἰδὼν
864 3322 956 3374 τὸν
987 3320 1340 3392 διαλογισμὸν
1371 3321 1472 3392 τῆς
1505 3319 1734 3390 καρδίας
1767 3319 1968 3382 αὐτῶν,
2013 3338 2031 3372 ι

436 3413 558 3467 οὐδὲ
578 3415 878 3486 ἐρωτηθεὶς
911 3411 1054 3466 κατὰ
1082 3413 1173 3467 τὸν
1203 3415 1439 3478 Λουκᾶν,
1473 3432 1492 3464 ι
1525 3411 1684 3466 ἔλαϐε
1715 3412 1776 3465 τὸ
1805 3412 2034 3478 παιδίον,

439 3507 534 3560 καὶ
558 3505 806 3576 ἔστησεν,
851 3525 869 3556 ι
908 3506 970 3558 οὐ
1001 3506 1160 3576 μόνον
1209 3505 1267 3558 ὲν
1304 3504 1454 3576 μέσῳ
1485 3504 1687 3567 αὐτῶν,
1714 3503 1790 3568 ὡς
1821 3505 1850 3557 6
1882 3505 2036 3558 Ματ-

441 3596 592 3662 θαῖος
624 3599 720 3652 καὶ
746 3597 776 3649 ό
808 3597 1035 3668 Μάρκος
1068 3597 1378 3667 εἰρήκασιν,
1414 3595 1530 3648 ἀλλ’
1564 3596 1665 3668 ἠδη
1702 3595 1798 3650 καὶ
1842 3615 1860 3647 ι
1903 3596 2035 3668 παρ’

441 3687 636 3759 ἑαυτῷ,
666 3690 761 3742 καὶ
787 3681 910 3741 εἷπε
937 3706 956 3741 ι
1010 3687 1126 3750 τοῖς
1160 3685 1428 3756 μαθηταῖς
1455 3685 1516 3738 ού
1563 3685 1722 3756 μόνον
1761 3685 1841 3738 τό’
1877 3704 1895 3736 ι
1943 3687 2038 3748 Ὃς

440 3780 536 3835 ἐὰν
568 3780 787 3853 δέξηται
824 3779 884 3833 ἓν
928 3778 1142 3832 παιδίον
1185 3776 1418 3842 τοιοῦτο,
1466 3796 1485 3830 ι
1530 3779 1592 3848 ἥ·
1637 3796 1655 3828 ι
1724 3779 1818 3842 Ὃς
1850 3777 1946 3832 ἐὰν
1978 3778 2036 3831 ἒν

439 3871 702 3927 τοιούτων
736 3871 964 3924 παιδίων
996 3866 1218 3940 δέξηται
1253 3870 1346 3923 ἐπὶ
1378 3869 1456 3940 τῷ
1487 3867 1713 3939 ὀνόματί
1751 3887 1882 3940 μου,
1934 3871 2036 3942 ἐμὲ

438 3965 677 4035 δέχεται,
723 3982 742 4015 ι
780 3962 894 4016 ἀλλ’
929 3961 1028 4034 ήδη
1059 3961 1157 4014 καὶ
1206 3959 1703 4032 ὲπαναϐεϐηκότως
1737 3961 1828 4013 τόο
1869 3981 1886 4013 ι
1939 3965 2036 4028 Ὃς

441 4057 538 4110 ἐὰν
571 4054 792 4127 δέξηται
824 4054 984 4108 τοῦτο
1029 4055 1091 4108 τὸ
1127 4053 1338 4108 παιδίον
1385 4053 1503 4127 (ﬂ)
1556 4053 1650 4106 ἐπὶ
1683 4053 1760 4125 τῷ
1807 4054 2035 4126 ὀνόματί

445 4164 569 4218 μου,
598 4147 698 4216 ἐμὲ
724 4145 953 4216 δέχεται.
992 4165 1010 4197 ι
1050 4144 1171 4218 Χρὴ
1204 4141 1297 4198 οὖν
1323 4145 1465 4199 κατὰ
1486 4144 1576 4198 τὸν
1608 4145 1823 4199 Λουκᾶν
1858 4149 2035 4203 ἐκεῖνο

441 4237 504 4293 τὸ
555 4235 784 4300 παιδίον,
820 4230 881 4290 οὗ
924 4235 1224 4307 λαϐόμενος
1272 4237 1300 4289 6
1367 4234 1576 4308 Ἰησοῦς
1628 4234 1855 4308 ἔστησεν
1905 4238 2036 4292 αὐτὸ

445 4330 574 4401 παρ’
619 4328 818 4400 ἑαυτῷ,
866 4328 1119 4394 δέξασθαι
1165 4327 1258 4380 ἐπὶ
1303 4326 1380 4398 τῷ
1421 4326 1646 4399 ὀνόματι
1693 4327 1787 4382 τοῦ
1835 4329 2030 4401 Ἰησοῦ.

443 4421 554 4476 Καὶ
599 4421 700 4476 οὐκ
729 4417 850 4476 οἶδα
895 4421 945 4475 εί
993 4419 1217 4475 δύναταί
1253 4437 1338 4485 τις
1383 4419 1457 4492 μὴ
1493 4421 1893 4494 τροπολογῆσαι
1938 4422 2030 4476 16-

2139 565 2285 620 mola
2324 569 2562 624 asinaria
2597 569 2650 623 in
2685 570 2826 625 collo
2857 571 2999 641 ejus,
3031 581 3086 626 et
3118 573 3468 643 demergatur
3504 573 3558 625 in
3606 587 3732 640 pro-

2140 656 2370 714 fundum
2402 662 2590 716 maris.
2627 679 2647 714 ι
2678 659 2805 717 Haec
2831 678 3000 733 super
3027 665 3324 736 propositis
3351 662 3592 720 Matthxi
3619 676 3732 718 vcr-

2138 751 2224 807 bis
2252 753 2396 809 dicta
2426 755 2558 810 sint.

2216 1025 2305 1081 l9.
2347 1025 2645 1086 Videamus
2681 1029 2792 1100 jam
2847 1034 3124 1102 quomodo
3175 1034 3316 1105 apud
3368 1035 3610 1105 reliquos
3670 1049 3729 1090 se

2139 1117 2376 1174 habeant
2403 1137 2526 1190 qua:
2553 1124 2620 1177 ad
2651 1139 2714 1178 ea
2749 1126 3045 1193 pertinent.
3077 1126 3166 1180 Ait
3205 1143 3338 1198 ergo
3365 1127 3582 1182 Marcus
3611 1126 3727 1180 dis-

2139 1219 2362 1278 putasse
2408 1212 2460 1266 in
2516 1215 2602 1269 via
2651 1217 2963 1284 duodecim,
3009 1217 3262 1288 quisnam
3312 1233 3502 1272 eorum
3551 1216 3729 1285 major

2139 1309 2283 1355 esset
2306 1302 2373 1367 7';
2419 1301 2622 1359 ideirco
2649 1321 2774 1360 cum
2823 1309 3164 1364 consedisset
3184 1348 3198 1373 ,
3231 1308 3578 1364 accersivisse
3599 1324 3725 1374 eos,

2139 1402 2211 1460 et,
2241 1393 2366 1462 quis
2398 1397 2576 1465 major
2603 1407 2748 1453 esset
2769 1438 2782 1462 ,
2813 1401 3123 1462 edomuisse,
3168 1399 3378 1469 primas
3412 1399 3488 1453 illi
3525 1409 3727 1468 partes,

2139 1491 2396 1556 tanquam
2430 1487 2656 1556 majori,
2692 1490 2956 1545 tributum
3005 1492 3068 1545 iri
3111 1492 3380 1546 dicentem
3420 1491 3512 1562 qui
3543 1492 3728 1545 mode-

2140 1578 2242 1633 stia
2275 1594 2373 1634 sua
2400 1587 2455 1633 et
2480 1579 2706 1635 lenitate
2729 1583 2977 1636 omnium
3009 1582 3177 1637 fuerit
3213 1593 3550 1653 postremus,
3594 1583 3730 1639 adeo

2139 1677 2200 1723 ut
2229 1670 2412 1725 locum
2445 1670 2594 1726 illius
2624 1671 2713 1727 cui
2747 1673 3089 1727 ministratur
3113 1690 3221 1729 non
3253 1676 3609 1746 arrogaverit,
3635 1677 3730 1730 sed

2140 1763 2537 1831 ministrantis,
2590 1773 2756 1835 atque
2806 1764 2970 1834 hujus
3021 1765 3242 1834 quidem
3299 1783 3408 1821 non
3453 1767 3731 1837 aliquibus

2142 1854 2526 1920 ministrantis,
2558 1855 2682 1911 aliis
2723 1870 2851 1911 vero
2898 1855 3161 1921 minime,
3212 1857 3306 1912 sed
3350 1858 3510 1926 plane
3551 1860 3730 1914 omni-

2138 1943 2242 1998 bus
2280 1963 2293 1998 :
2335 1944 2401 1998 ad
2445 1944 2500 2000 id
2541 1946 2690 2000 enim
2743 1944 2961 2000 attende
2997 1945 3086 1999 "z
3135 1963 3154 1995 ι
3205 1943 3262 1999 Si
3299 1947 3426 2015 quis
3462 1947 3577 2000 vult
3619 1949 3729 2016 pri-

2137 2050 2262 2091 mus
2301 2051 2464 2102 esse,
2509 2038 2615 2093 erit
2661 2037 2910 2092 omnium
2956 2037 3325 2105 novissimus,
3381 2048 3434 2093 et
3482 2039 3727 2094 omnium

2137 2127 2406 2184 minister.
2442 2147 2462 2182 ι
2511 2128 2650 2184 Tum
2687 2130 2866 2200 inquit
2915 2141 3103 2200 postea
3152 2130 3240 2186 τις
3290 2149 3307 2182 ι
3355 2131 3727 2203 Accipientem

2135 2233 2262 2274 eum
2307 2233 2540 2290 puerum
2590 2219 2808 2293 (Jesum
2852 2221 3096 2294 scilicet)
3141 2223 3402 2280 statuisse
3448 2224 3502 2278 in
3550 2223 3731 2278 medio

2135 2309 2530 2381 discipulorum
2575 2327 2840 2367 suorum:
2875 2327 3036 2383 quem
3062 2329 3188 2370 cum
3217 2316 3538 2384 complexus
3559 2325 3728 2380 esset,

2135 2401 2342 2458 dixisse
2364 2401 2791 2474 illis:Quisquis
2831 2419 3003 2459 unum
3043 2420 3110 2460 ex
3153 2408 3339 2476 pueris
3383 2407 3728 2477 receperitin

2135 2493 2360 2547 nomine
2413 2508 2557 2561 meo,
2610 2509 2701 2548 me
2743 2494 2957 2564 recipit.
3007 2513 3028 2546 ι
3074 2494 3301 2561 Qualem
3356 2513 3489 2552 vero
3535 2497 3728 2566 accipit

2136 2599 2366 2654 puerum
2425 2596 2481 2640 et
2535 2586 2854 2657 complexus
2923 2595 3009 2642 est
3081 2587 3281 2656 Jesus,
3347 2589 3503 2660 juxta
3572 2590 3731 2644 altio-

2137 2692 2250 2731 rem
2305 2677 2570 2736 horumce
2612 2679 2857 2735 locorum
2910 2679 3460 2750 interpretationem?
3509 2696 3578 2735 an
3611 2679 3731 2750 Spi-

2135 2767 2300 2822 ritum
2331 2768 2626 2824 sanctum?
2673 2777 2728 2824 et
2755 2769 2886 2824 huic
2910 2769 3130 2840 quidem
3159 2783 3329 2840 puero
3358 2769 3567 2825 similes
3595 2767 3728 2823 facti

2135 2865 2266 2912 sunt
2307 2856 2580 2925 nonnulli,
2615 2857 2684 2912 de
2728 2858 2932 2928 quibus
2975 2856 3031 2912 id
3079 2856 3217 2911 dixit
3243 2856 3290 2888 ⁷⁵
3333 2874 3347 2910 :
3398 2875 3416 2907 ι
3467 2854 3729 2925 Quisquis

2136 2967 2306 3007 unum
2339 2966 2408 3008 ex
2463 2951 2784 3022 hujusmodi
2837 2953 3025 3024 pueris
3079 2952 3352 3023 receperit
3396 2953 3450 3006 in
3507 2952 3731 3006 nomine

2136 3057 2281 3109 meo,
2309 3058 2397 3098 me
2411 3043 2628 3114 recipit.
2656 3063 2676 3097 ›
2694 3042 2858 3099 Juxta
2882 3043 3086 3100 Lucam
3112 3052 3290 3098 autem
3318 3061 3331 3097 :
3362 3061 3380 3094 ι
3412 3041 3681 3113 Cogitatio
3702 3059 3724 3093 ι

2139 3135 2193 3191 in
2223 3135 2529 3206 discipulos
2573 3150 2684 3191 non
2725 3135 3001 3202 ascendit,
3042 3135 3135 3190 sed
3183 3154 3202 3186 ι
3254 3135 3480 3190 intravit
3509 3153 3529 3186 ι
3566 3149 3729 3203 super

2145 3226 2307 3298 597
2343 3241 2409 3282 ea
2435 3241 2516 3292 re,
2554 3245 2572 3278 ι
2604 3225 2732 3296 quis
2773 3241 2965 3281 eorum
3020 3225 3198 3296 major
3242 3234 3408 3282 esset.
3449 3225 3520 3279 At
3567 3223 3727 3280 Jesus

2143 3319 2334 3375 videns
2365 3318 2721 3390 cogitationes
2753 3318 2934 3374 cordis
2959 3317 3179 3373 illorum
3205 3319 3274 3384 ⁷³,
3317 3337 3336 3370 ι
3370 3325 3556 3387 utpote
3591 3331 3728 3372 ocu-

2145 3412 2230 3468 los
2249 3411 2460 3468 habens
2483 3411 2845 3482 cogitationes
2876 3411 3125 3466 cordium
3147 3411 3426 3466 intuentes
3453 3428 3466 3476 ;
3491 3429 3509 3462 ι
3537 3410 3728 3465 videns

2143 3503 2502 3574 cogitationes
2550 3500 2734 3557 cordis
2789 3503 3012 3557 illorum
3049 3502 3130 3570 ⁷⁷,
3168 3521 3187 3554 ι
3233 3519 3301 3558 ne
3359 3503 3728 3571 interrogatus

2143 3597 2364 3667 quidem
2391 3638 2406 3663 ,
2451 3598 2607 3668 juxta
2653 3595 2892 3662 Lucam,
2940 3613 2959 3646 ι
2991 3595 3350 3664 apprehendit
3381 3610 3636 3664 puerum,
3673 3602 3728 3649 et

2143 3688 2353 3754 statuit,
2386 3708 2404 3739 ι
2441 3704 2549 3743 non
2576 3687 2630 3742 in
2665 3687 2848 3742 medio
2868 3701 3058 3741 eorum
3099 3687 3499 3751 tantummodo,
3528 3701 3724 3756 quem-

2143 3778 2436 3835 admodum
2466 3796 2496 3834 a
2524 3778 2775 3834 Matthmo
2821 3788 2875 3834 et
2910 3795 2942 3834 a
2977 3777 3160 3834 Marco
3186 3777 3444 3832 traditum
3485 3787 3590 3842 est,
3628 3779 3722 3833 sed

2142 3871 2306 3926 ctiam
2343 3891 2362 3923 ι
2400 3887 2559 3928 secus
2601 3887 2691 3938 se,
2737 3879 2792 3926 et
2843 3871 2922 3926 ait
2963 3890 2982 3923 ι
3020 3870 3306 3939 discipulis
3329 3872 3397 3937 ⁷⁸,
3428 3886 3533 3925 non
3592 3871 3723 3926 illud

2145 3964 2323 4020 solum
2343 3965 2426 4018 "z
2462 3982 2480 4013 ι
2506 3963 2610 4029 Qui
2645 3963 2951 4033 susceperit
2984 3977 3150 4018 unum
3172 3962 3458 4032 parvulum
3481 3962 3642 4016 talem
3671 3979 3718 4028 ;ι

2142 4057 2227 4112 vel
2252 4055 2298 4088 ⁸⁸
2327 4074 2340 4111 :
2375 4073 2394 4107 ι
2425 4054 2688 4125 Quisquis
2713 4069 2885 4109 unum
2916 4071 2982 4110 ex
3017 4053 3288 4124 ejusmodi
3327 4052 3514 4124 pueris
3567 4069 3721 4108 rece-

2141 4146 2283 4217 perit
2325 4145 2379 4201 in
2431 4145 2654 4201 nomine
2705 4159 2866 4210 meo,
2915 4159 3002 4200 me
3047 4144 3290 4214 recipit;
3336 4164 3355 4196 ι
3417 4143 3512 4199 scd
3559 4145 3725 4199 altius

2142 4238 2306 4293 etiam
2356 4235 2755 4309 progrediendo
2792 4235 2840 4266 ⁸⁸
2893 4252 2908 4289 :
2968 4253 2988 4286 ι
3035 4233 3363 4306 Quicunque
3423 4235 3726 4304 susceperit

2143 4343 2372 4400 puerum
2404 4328 2566 4383 istum
2599 4328 2654 4382 in
2696 4325 2921 4381 nomine
2965 4341 3110 4393 meo,
3147 4341 3234 4380 me
3276 4327 3488 4396 recipit.
3526 4345 3544 4377 ι
3582 4324 3721 4380 Eum

2143 4422 2308 4494 igitur
2353 4435 2608 4492 puerum,
2638 4434 2802 4490 quem
2854 4417 3257 4489 apprehensum
3293 4416 3454 4474 Jesus
3476 4417 3634 4488 juxta
3665 4432 3725 4476 se

1644 4537 1880 4596 VETUS
1918 4538 2502 4597 INTERPRETATIO.

444 4652 602 4726 ejus:
632 4654 714 4727 sic
744 4653 1024 4727 Christum
1065 4652 1359 4727 refutatuet
1392 4653 1562 4727 pellit,
1599 4653 1694 4724 qni
1723 4669 1830 4709 non
1853 4657 1981 4727 ivull
2011 4657 2293 4727 suscipere
2320 4668 2551 4727 puerum
2582 4653 2742 4727 talem
2765 4652 2826 4727 _in
2865 4652 3086 4706 nomine
3112 4649 3266 4727 Jesu,
3297 4650 3422 4705 licet
3456 4647 3528 4703 sit
3557 4648 3724 4704 mini-

444 4723 590 4789 tuus,
635 4725 710 4796 ita
758 4733 820 4779 ut
860 4725 1037 4796 possit
1071 4723 1432 4796 scandalizari
1465 4723 1869 4796 propl’er‘quod
1898 4742 2007 4782 non
2041 4723 2253 4796 plenius
2283 4723 2646 4796 humilitatem
2684 4723 2936 4796 imitatus
2956 4731 3040 4796 est
3068 4723 3351 4796 puerilem.

518 4798 606 4870 lii.
657 4793 726 4850 Et
771 4791 1120 4849 conferamus
1174 4791 1636 4870 evangelislarum
1685 4791 1841 4870 dicta
1886 4791 2245 4870 de_capitttlo
2285 4795 2430 4862 isto,
2476 4794 2528 4870 _s_i
2573 4793 2715 4870 [orte
2761 4791 3240 4870 manifestior-__liat
3277 4805 3472 4870 sensus
3505 4796 3727 4870 propter

446 4864 712 4936 Spiritum
757 4873 1210 4937 sanctumAquem
1242 4859 1493 4937 diximus
1524 4879 1754 4937 puerum
1789 4865 1940 4919 illum
1975 4859 2198 4937 intelligi
2249 4859 2430 4936 posse.
2476 4863 3047 4937 EtiMarcuSﬂnidem
3077 4861 3247 4916 dicit:
3283 4879 3302 4910 ι
3347 4860 3410 4913 Et
3450 4859 3726 4937 accipiens

444 4929 970 5007 puerum,_slatuit
1022 4929 1081 4987 in
1136 4929 1790 5007 medio_discipulorum_,
1837 4943 1893 4988 et
1938 4929 2263 5007 complexus
2297 4951 2424 4990 eum
2464 4935 2600 4988 dixit
2633 4935 2713 4987 eis
2750 4953 2763 4988 :
2899 4935 3026 5003 quis
3075 4947 3243 4985 unum
3285 4945 3514 5007 puerum
3561 4929 3722 5007 talem

445 4998 794 5077 i'eceperitin
827 5005 1047 5077 nomine
1084 5019 1225 5077 meo.
1269 5022 1287 5052 ι
1330 4998 1518 5077 Lu_e_as'
1539 5012 1720 5058 autem
1768 5005 1839 5077 ita
1875 5023 1888 5058 :
1920 5025 1938 5056 ι
1972 5006 2033 5061 Et
2065 4998 2276 5077 accepit
2321 5022 2565 5077 puerum
2597 5004 2870 5077 ctdposuit
2904 4998 3029 5057 eum
3065 5021 3084 5052 ι
3114 5017 3224 5077 _non
3263 4999 3438 5077 solum
3469 4999 3522 5052 iu
3546 4998 3725 5052 medio

445 5069 659 5148 eorum,
693 5075 838 5130 sicut
872 5076 950 5129 ait
981 5073 1268 5148 Matthaaus
1309 5083 1364 5148 e_t
1403 5073 1645 5148 Marcus,
1687 5075 1833 5148 sed}
1869 5079 2011 5145 apud
2046 5093 2143 5133 se:
2171 5069 2226 5132 et
2263 5069 2406 5148 dixit
2433 5069 2720 5148 discipulis
2755 5076 2872 5148 suis
2906 5093 2925 5124 ι
2964 5087 3071 5126 non
3099 5071 3209 5148 _ita,
3241 5070 3286 5124 si
3339 5069 3722 5148 quis_accepe-

447 5146 519 5201 rit
549 5139 719 5200 unum
760 5160 991 5216 puerum
1026 5145 1224 5210 talem,
1258 5143 1363 5208 vel,
1403 5159 1574 5198 unum
1615 5144 1684 5199 de
1721 5139 1924 5202 talibus
1962 5148 2170 5217 pueris,
2216 5145 2313 5203 sed
2360 5146 2437 5201 ita
2477 5163 2491 5200 :
2539 5139 2657 5198 (Si
2699 5144 2824 5215 quis
2867 5141 3140 5210 acceperit
3187 5156 3418 5211 puerum
3474 5139 3620 5192 hunc
3667 5139 3722 5191 in

535 5265 578 5300 ⁷⁸
607 5263 798 5321 Matth.
831 5279 962 5319 xvnt
982 5304 998 5326 ,
1026 5263 1079 5317 6.
1176 5263 1222 5295 ⁷⁸
1253 5262 1418 5318 Marc.
1447 5279 1502 5318 rx
1524 5302 1541 5326 ,
1567 5263 1671 5326 55,
1697 5263 1788 5318 5i.

1877 5265 1922 5296 ⁷³
1957 5265 2113 5327 ibid..
2143 5265 2235 5320 54.
2330 5265 2377 5297 ⁷⁸
2414 5264 2570 5326 ibid.,
2599 5263 2670 5318 55
2692 5301 2709 5328 ,
2738 5262 2829 5316 '56.

2923 5261 2971 5295 ⁷⁵
3001 5258 3137 5315 Luc.
3177 5275 3230 5314 Ix
3252 5299 3269 5327 ,
3293 5257 3383 5313 46.
3465 5257 3512 5288 "
3548 5253 3721 5319 ibid..

447 5333 535 5389 47.
631 5336 674 5366 ⁷⁷
716 5334 848 5390 ibid.
925 5335 973 5368 ⁷⁸
999 5334 1160 5391 ibid.‘
1206 5333 1252 5366 "
1285 5333 1477 5388 Matth.
1506 5348 1662 5398 xvm,
1693 5333 1748 5388 5.
1823 5335 1870 5366 ⁸ο
1904 5334 2072 5392 Marc.
2109 5335 2296 5404 tx,56.
2376 5335 2418 5366 ⁸¹
2454 5333 2588 5388 Luc.
2619 5348 2672 5387 Ix
2695 5373 2710 5399 ,
2744 5333 2836 5386 48.

546 5414 633 5541 to)
680 5450 1133 5541 ςρςξξιι.ιςοόεπ
1153 5449 1375 5541 iii-gius
1394 5448 1607 5541 ,‘Egtto.

520 5520 632 5589 (Μ)
686 5521 865 5575 Ἀλλὰ
908 5520 1025 5588 ἤδη
1075 5521 1169 5576 καί
1212 5520 1743 5588 ἐπαναϐεϐηκότως
1791 5521 1889 5575 τό·
1941 5524 2032 5589 Ὃς

448 5589 557 5645 ἐὰν
584 5589 824 5656 δέξηται
853 5590 1026 5644 τοῦτο
1055 5590 1120 5645 τὸ
1155 5590 1413 5646 παιδίον.
1453 5590 1657 5645 Locum
1692 5589 1838 5647 hunc
1871 5591 2032 5648 Luca:

453 5658 1070 5732 sollicitat'l‘beodorus
1115 5659 1248 5732 Bcza
1269 5701 1284 5723 ,
1328 5660 1726 5732 legendumque
1757 5661 1980 5732 conjicit
2011 5678 2025 5715 :

453 5729 659 5802 τοιοῦτο
690 5729 750 5782 τὸ
784 5729 1018 5802 παιδίον,
1050 5731 1136 5802 cui
1184 5729 1464 5802 astipulari
1497 5729 1746 5786 videntur
1772 5729 1945 5802 Syrus
1974 5739 2030 5788 et

453 5800 662 5869 Arabs;
711 5799 805 5864 sed
855 5799 1074 5871 Origeni
1139 5812 1400 5858 assouant
1444 5801 1704 5874 Vulgata,
1740 5799 2032 5880 _l’e'rsaget
2065 5871 2089 5881 ω

908 5518 1025 5588 ἤδη
1075 5521 1169 5576 καὶ
1212 5518 1743 5588 ἐὰιιναϐεϐηκότως
1791 5521 1889 5575 τό·
1941 5524 2040 5589 Ὃς

2141 5450 2422 5520 ᾸΞιΙιὶυνε.
2474 5456 2529 5504 et
2559 5447 2836 5520 editiones
2859 5446 2992 5520 Novi
3023 5444 3354 5501 Testamenti
3396 5441 3668 5520 universa:
3700 5456 3716 5494 :

2139 5523 2268 5578 item
2316 5513 2645 5574 Ambrosius
2687 5532 2700 5568 :
2755 5535 2775 5568 ι
2803 5517 3128 5587 Quicunque
3184 5513 3448 5587 receperit
3490 5526 3720 5587 puerum

2141 5593 2328 5659 istum.
2358 5611 2375 5642 ι
2398 5588 2754 5659 Enthymius:
2783 5581 2930 5659 «Qui
2948 5581 3493 5659 susceperitpuerum
3515 5581 3716 5659 hunc.)

2138 5648 2620 5732 Theophylactu's:
2662 5658 2759 5732 Ὃς
2799 5648 2901 5732 εᾷν
2940 5648 3341 5732 δέξηταιντοῦτο
3383 5651 3443 5732 τὸ
3485 5648 3716 5732 παι-δίον.

2137 5734 2208 5787 At
2237 5719 2432 5786 deinde
2466 5737 2644 5794 tamen
2681 5727 2760 5781 sic
2799 5727 2886 5781 ille
2920 5746 2932 5780 :
2978 5722 3074 5788 Ὃς
3125 5719 3251 5789 οὖν,
3300 5721 3473 5794 φησὶ,
3509 5721 3718 5792 δέξεται

2137 5802 2346 5860 τοιοῦτο
2386 5799 2610 5857 παιδίον.
2642 5797 2904 5854 Ηυετιυε.
3498 5834 3502 5838 .
3589 5823 3592 5826 ι
