4146 6448
457 321 486 377 1
499 323 518 375 l
532 319 594 374 i7
1926 323 2254 381 ORIGENIS
3585 330 3720 386 1148

455 448 666 512 statuit,
693 446 749 502 in
773 445 994 501 nomine
1011 443 1160 510 Jcsu.
1181 444 1478 501 secundum
1502 444 1725 509 Lucam,
1751 446 2026 514 suscipere

2135 463 2156 498 ι
2199 445 2293 506 Ὃς
2325 442 2419 496 ἐὰν
2461 441 2681 514 δέξηται
2715 441 2870 497 τοῦτο
2901 444 2962 497 τὸ
2996 445 3231 515 ,παιδίον
3261 445 3354 499 ἐπὶ
3386 445 3462 518 τῷ
3495 447 3720 518 ὀνόματί

455 547 694 610 oportet.
722 539 897 608 Atque
927 536 1071 591 haud
1101 536 1217 590 scio
1250 552 1319 590 an
1361 536 1412 591 id
1453 537 1653 606 aliquis
1693 537 1902 607 tropice
1933 553 2026 591 ex-

2142 557 2264 610 μου.
2309 557 2328 590 ι
2365 538 2485 608 Χρὴ
2519 537 2628 608 γὰρ
2662 539 2838 592 ἐκεῖνο
2867 539 2930 592 τὺ
2962 540 3193 607 παιδίον,
3228 540 3256 593 ὃ
3285 540 3406 594 τότε
3438 539 3666 614 ἔστησεν
3691 546 3720 598 ὀ

457 634 665 702 plicare
717 633 942 701 possit:
995 650 1014 683 ι
1048 630 1378 701 Quicunque
1433 632 1736 701 susceperit
1800 647 2026 702 puerum

2151 630 2354 704 Ἰησοῦς
2387 631 2518 701 παρ’
2555 631 2734 704 ἑαυτῷ
2764 632 3060 703 λαϐόμενος
3087 633 3271 698 αὑτοῦ,
3305 632 3556 698 δέξασθαι
3585 633 3718 688 ἑκα-

456 725 622 779 istum
647 725 699 778 in
730 724 950 778 nomine
994 738 1156 790 meo;
1191 743 1209 774 ι
1245 723 1541 793 unicuique
1583 724 1730 779 enim
1777 731 2026 778 nostrum

2139 740 2262 776 στον
2295 722 2452 793 ἡμῶν
2483 722 2576 775 ἐπὶ
2615 723 2695 794 τῷ
2733 724 2958 794 ὀνόματι
2987 725 3082 778 τοῦ
3129 725 3337 797 Ἰησοῦ’
3379 724 3445 796 ζῇ
3493 726 3605 798 γὰρ
3644 725 3720 792 ὡς

457 831 592 884 puer
615 815 724 880 ille,
759 831 920 886 quem
953 814 1114 871 Jesus
1147 824 1278 871 tunc
1316 816 1716 886 apprehensum
1762 817 1918 885 juxta
1973 833 2032 873 se

454 907 760 973 constituit,
794 907 846 961 in
895 907 1118 961 nomine
1158 906 1287 961 Jcsu
1333 907 1714 976 suscipiendus
1746 917 1870 974 est;
1901 910 2031 963 vivit

452 999 596 1052 enim
633 999 791 1067 quasi
816 998 1164 1065 immortalis,
1192 1008 1246 1052 et
1278 1014 1401 1053 eum
1429 999 1500 1054 ab
1529 1000 1648 1069 ipso
1677 998 1805 1054 Jesu
1838 1001 1891 1053 in
1931 1016 2034 1055 no-

453 1090 600 1143 mine
629 1087 756 1145 Jesu
789 1090 1072 1160 suscipere
1105 1098 1319 1159 oportet
1345 1108 1360 1156 ;
1399 1107 1434 1145 a
1458 1106 1570 1160 quo
1599 1093 1826 1147 minime
1853 1093 2036 1162 sejuno

450 1190 573 1235 ctus
599 1179 780 1246 Jesus,
813 1180 956 1249 apud
993 1196 1119 1235 eum
1162 1189 1247 1236 est
1289 1183 1382 1252 qui
1429 1198 1658 1251 puerum
1705 1183 2033 1253 susceperit,

453 1269 527 1324 ita
559 1280 618 1325 ut
647 1271 807 1340 juxta
853 1271 987 1325 illud
1034 1271 1142 1326 dici
1181 1273 1389 1342 possit:
1428 1292 1447 1325 ι
1480 1273 1804 1343 Quicunque
1845 1289 2031 1330 susce-

453 1362 593 1431 perit
622 1377 854 1432 puerum
884 1361 1050 1418 istum
1087 1362 1140 1416 in
1174 1364 1396 1418 nomine
1448 1380 1592 1431 meo,
1628 1379 1717 1419 me
1763 1363 1972 1434 recipit.
2003 1382 2028 1416 ι

450 1453 658 1508 Deinde
681 1468 810 1508 vero
839 1468 962 1508 cum
996 1471 1026 1508 a
1059 1454 1197 1509 Filio
1227 1453 1386 1510 Pater
1419 1471 1527 1509 non
1550 1464 1854 1526 separetur,
1885 1456 2029 1526 apud

450 1561 578 1599 cum
611 1554 698 1600 est
723 1545 816 1615 qui
839 1545 1039 1600 Filium
1067 1546 1369 1615 susceperit
1395 1564 1408 1612 ;
1441 1548 1583 1602 unde
1603 1547 1811 1603 dictum
1844 1549 1984 1604 est"
2010 1567 2031 1604 :

458 1655 476 1686 ι
515 1636 579 1690 Et
605 1636 921 1706 quicunque
948 1651 1034 1692 me
1084 1637 1368 1706 receperit,
1404 1638 1597 1707 recipit
1637 1653 1765 1694 eum
1806 1639 1901 1709 qui
1939 1654 2032 1696 me

451 1727 624 1782 misit.
658 1746 677 1779 ι
710 1727 814 1793 Qui
843 1737 1026 1782 autem
1056 1729 1365 1796 puerulum,
1398 1739 1453 1784 et
1482 1729 1849 1797 Servatorem,
1871 1746 2029 1786 eum-

2137 810 2424 876 ἀθάνατον,
2459 812 2552 865 καὶ
2591 813 2697 884 χρὴ
2740 814 2874 868 αὐτὸ
2905 815 3000 868 ἀπ’
3033 813 3199 869 αὐτοῦ
3227 814 3321 868 τοῦ
3361 813 3532 886 Ἰησοῦ
3564 814 3718 881 δέξα-

2139 899 2264 955 σθαι
2296 900 2390 954 ἐπὶ
2424 901 2502 973 τῷ
2533 902 2755 975 ὀνόματι
2782 904 2876 959 τοῦ
2924 906 3120 976 Ἰησοῦ,
3151 901 3210 960 οὗ
3251 908 3324 978 μὴ
3354 906 3723 979 χωριζόμενος

2136 995 2166 1046 δ
2197 994 2403 1065 Ἰησοῦς
2428 995 2636 1062 γίνεται
2669 997 2820 1070 παρὰ
2843 998 2922 1068 τῷ
2947 999 3222 1070 δεχομένῳ
3264 1001 3324 1054 τὸ
3364 1001 3574 1053 παιδίον
3593 1039 3607 1065 ,
3644 1001 3722 1063 ὡς

2137 1082 2282 1136 κατά
2303 1081 2462 1136 τοῦτο
2487 1083 2734 1156 λελέχθαι
2774 1087 2864 1140 τό’
2907 1107 2924 1140 ι
2966 1090 3061 1152 Ὃς
3095 1088 3193 1143 ἐὰν
3229 1089 3446 1162 δέξηται
3472 1090 3630 1144 τοῦτο
3659 1091 3731 1144 τὰ

2136 1175 2349 1229 παιδίον
2373 1176 2466 1229 ἐπὶ
2493 1177 2570 1248 τῷ
2593 1178 2821 1249 ὀνόματί
2853 1196 2978 1251 μου,
3009 1181 3109 1252 ἐμὲ
3133 1181 3364 1252 δέχεται.
3403 1201 3426 1235 ι
3455 1179 3566 1236 Εἶτ’
3597 1182 3724 1235 ἐπεὶ·

2135 1264 2437 1338 ἅχώριστός
2484 1269 2599 1322 ἐστι
2661 1267 2756 1323 τοῦ
2806 1270 2938 1324 Υίοῦ
2981 1273 3011 1325 ό
3056 1273 3266 1344 Πατὴρ,
3315 1273 3523 1340 γίνεται
3569 1271 3731 1343 παρὰ

2134 1357 2213 1428 τῷ
2256 1358 2534 1430 δεξαμένῳ
2561 1359 2652 1414 τὸν
2684 1360 2844 1414 Υίόν·
2885 1360 2964 1414 διὸ
2997 1362 3276 1417 λέλεκταιο
3317 1382 3336 1415 ι
3375 1363 3486 1416 Καὶ
3522 1362 3581 1426 ὃς
3622 1362 3732 1418 ὲὰντ

2137 1449 2236 1520 ἐμὲ
2259 1450 2496 1521 δέξηται,
2516 1452 2726 1522 δέχεται
2753 1451 2845 1506 τδν
2866 1454 3266 1509 ἀποστείλαντά.
3288 1472 3376 1526 με.
3407 1473 3432 1505 ι
3467 1454 3524 1508 '0
3545 1453 3600 1507 δὲ
3626 1452 3744 1510 δε-ι,

2136 1539 2370 1611 ξάμενος
2399 1542 2462 1595 τὸ
2497 1542 2741 1607 παιδίον,
2777 1543 2875 1597 καὶ
2913 1545 3003 1597 τδν
3043 1546 3293 1617 Σωτῆρα,
3330 1545 3424 1598 καὶ
3453 1545 3545 1598 τὸν
3583 1545 3728 1598 ἀπο-

2136 1633 2425 1690 στείλαντα
2456 1635 2640 1701 αὐτὸν,
2678 1637 3002 1709 μικρότερός
3029 1640 3177 1692 ἐστιν
3215 1639 3272 1691 ὲν
3300 1640 3433 1691 πᾶσι
3466 1639 3578 1700 τοῖς
3618 1635 3730 1707 ’1η-

2137 1729 2231 1783 σοῦ
2257 1728 2522 1801 μαθηταῖς
2553 1729 2742 1783 ἑαυτὸν
2769 1731 3110 1802 σμικρύνων·-
3137 1732 3262 1786 ὅσον
3285 1730 3343 1783 δὲ
3371 1730 3561 1784 ἑαυτὸν
3592 1746 3727 1801 σμι-

449 1834 557 1886 que
589 1834 618 1872 a
650 1834 760 1887 quo
792 1819 994 1875 missus
1027 1820 1116 1874 ille
1145 1829 1251 1888 est,
1277 1821 1602 1890 susceperit,
1623 1821 1882 1877 omnibus
1897 1822 2026 1878 Jesu

2134 1821 2346 1893 κρύνει,
2373 1820 2626 1876 τοσοῦτον
2659 1824 2868 1892 γίνεται
2894 1825 3086 1895 μέγας,
3111 1823 3272 1877 αὐτοῦ
3297 1823 3391 1876 τοῦ
3418 1823 3512 1876 ἐπὶ
3535 1822 3723 1879 πλεῖον

447 1909 732 1978 discipulis
765 1910 947 1965 minor
973 1919 1074 1978 est,
1109 1927 1234 1966 cum
1271 1927 1497 1983 parvum
1531 1929 1590 1969 se
1617 1915 1731 1984 ipse
1768 1914 2029 1982 exhibet;

447 2008 506 2056 at
532 2012 739 2070 quanto
759 2001 1029 2058 minorem
1064 2019 1126 2058 se
1155 2003 1272 2074 ipse
1299 2004 1630 2069 exhibuerit,
1652 2021 1718 2061 eo
1746 2007 1920 2076 major
1946 2005 2026 2072 fit,

449 2093 627 2160 majus
659 2093 737 2148 illi
775 2093 1175 2150 incrementum
1210 2095 1376 2151 dante
1397 2111 1464 2151 eo
1488 2098 1584 2166 qui
1614 2105 1673 2151 ut
1700 2113 1926 2166 parvum
1967 2113 2028 2153 se

447 2183 564 2253 ipse
587 2184 854 2252 przeberet
881 2184 1079 2241 effecit.
1103 2183 1368 2240 Animum
1384 2177 1531 2243 enim
1557 2188 1623 2242 ad
1648 2187 1702 2242 id
1725 2187 1944 2244 adverte
1955 2188 2025 2244 3’:

453 2294 474 2327 ε
502 2273 638 2330 Nam
670 2275 765 2346 qui
794 2276 973 2332 minor
1002 2286 1085 2332 est
1134 2277 1277 2333 inter
1323 2293 1420 2334 vos
1473 2293 1687 2346 omnes,
1723 2281 1811 2336 hic
1851 2283 2027 2351 major

444 2374 569 2432 est;
603 2385 621 2418 ι
662 2366 892 2436 legimus
937 2382 1157 2439 quoque
1196 2369 1253 2424 in
1294 2369 1444 2438 aliis,
1482 2389 1501 2422 ι
1534 2371 1712 2441 major
1742 2375 1881 2440 erit;
1918 2393 1937 2426 ι
1969 2381 2028 2428 at

439 2457 596 2523 juxta
631 2455 836 2513 Lucam
858 2457 944 2514 8"z
982 2477 1000 2512 ι
1035 2459 1094 2514 Si
1134 2460 1260 2531 quis
1305 2476 1416 2515 non
1468 2464 1741 2533 acceperit
1795 2480 2022 2535 regnum

441 2543 540 2601 Dei
571 2547 713 2604 sicut
746 2566 900 2620 puer,
936 2567 1047 2608 non
1083 2553 1312 2609 intrabit
1357 2554 1414 2608 in
1462 2553 1636 2611 illud:
1672 2576 1691 2609 ι
1731 2557 2022 2629 ambiguus

443 2650 572 2692 vero
600 2649 684 2695 est
712 2641 803 2696 ille
841 2657 1045 2709 sermo,
1083 2643 1168 2698 vel
1211 2643 1360 2699 enim
1409 2653 1466 2699 ut
1509 2647 1606 2715 qui
1653 2663 1880 2718 regnum
1925 2647 2022 2702 Dei

441 2729 670 2797 accipit,
701 2747 872 2800 puero
897 2731 1095 2788 similis
1119 2731 1406 2800 ellicialur,
1434 2734 1514 2789 vel
1563 2743 1622 2790 ut
1661 2751 1892 2806 regnum
1925 2735 2022 2792 Dei

442 2819 520 2874 illi
555 2837 724 2891 puero
759 2824 936 2878 simile
962 2824 1213 2879 effectum
1247 2827 1495 2910 recipiat.
1533 2825 1600 2882 Et
1636 2828 1732 2897 qui
1789 2843 2018 2898 regnum

439 2914 539 2969 Dei
574 2916 663 2972 hic
695 2918 987 2988 recipiunt,
1020 2919 1157 2974 illud
1192 2920 1426 2976 fortasse
1449 2935 1620 2990 puero
1650 2921 1832 2975 simile
1882 2921 2024 2977 reci-

439 3006 620 3075 piunt,
656 3009 710 3064 in
743 3011 930 3067 futuro
960 3023 1144 3069 autem
1174 3013 1340 3084 598
1368 3015 1574 3069 saeculo
1599 3029 1712 3069 non
1739 3015 1854 3085 jam
1899 3031 2016 3070 am-

439 3099 587 3168 plius
616 3117 784 3170 puero
823 3106 1004 3160 simile
1035 3121 1052 3170 ;
1083 3115 1136 3161 ct
1169 3106 1600 3176 magnitudinem
1649 3117 2020 3179 assequuntur

440 3190 821 3261 perfectionis,
850 3196 906 3250 in
935 3206 1119 3263 aatate,
1152 3206 1214 3252 ut
1251 3199 1326 3253 ita
1355 3199 1555 3268 dicam,
1584 3201 1857 3271 spirituali
1903 3218 2024 3258 sese

440 3289 747 3342 exserentis
776 3297 832 3342 et
863 3290 1193 3344 ostentantis
1239 3290 1296 3344 in
1332 3291 1403 3347 iis
1426 3278 1684 3348 omnibus
1706 3294 1800 3364 qui
1836 3294 1890 3348 in
1922 3293 2029 3349 hoc

444 3378 648 3432 saeculo
699 3387 1030 3450 receperunt
1071 3395 1300 3451 regnum
1354 3381 1470 3450 Dei,
1511 3383 1656 3453 quod
1708 3383 1800 3439 hic
1858 3397 2029 3455 puero

441 3470 625 3525 simile
650 3482 758 3526 est.

509 3565 600 3620 ‘20.
646 3584 667 3617 ι
700 3564 792 3620 Va:
841 3567 1049 3623 mundo
1093 3583 1124 3623 a
1174 3568 1456 3624 scandalis
1473 3569 1540 3622 ⁸⁸.
1579 3587 1600 3620 ι
1651 3567 1916 3624 Privatim
1963 3576 2020 3623 et

2137 1912 2458 1984 σμικρύνειν
2505 1913 2688 1980 αὑτδν,
2725 1916 2818 1969 καὶ
2849 1915 3128 1979 ποιοῦντος
3174 1915 3466 1968 ἐπιδιδόναι
3499 1916 3579 1978 είς
3625 1916 3724 1986 μέ-

2131 2006 2325 2076 γεθος·
2361 2007 2598 2078 πρόσχες
2629 2007 2738 2079 γὰρ
2769 2008 2881 2079 τῷ·
2927 2027 2947 2060 ι
3007 2009 3064 2062 '0
3099 2009 3421 2080 μικρότερος
3453 2009 3512 2062 ὲν
3555 2011 3734 2062 πᾶσιν

2133 2097 2264 2169 ὑμῖν
2295 2098 2582 2170 ὑπάρχων,
2609 2091 2764 2162 οὗτός
2797 2100 2915 2152 ἐστι
2943 2099 3136 2170 μέγας.
3171 2118 3189 2151 ι
3239 2099 3574 2169 Ἀνέγνωμεν
3605 2097 3724 2168 (42)

2131 2189 2188 2243 δὲ
2222 2189 2318 2243 καὶ
2337 2192 2396 2244 ἐν
2428 2190 2635 2253 ἄλλοις,
2665 2189 2776 2243 καί·
2819 2209 2842 2241 ι-
2869 2191 3069 2243 Ἔσται
3089 2189 3286 2260 μέγας·
3318 2208 3343 2242 r
3373 2188 3513 2242 κατὰ
3543 2189 3601 2242 δὲ
3627 2188 3733 2244 τδν-

2130 2281 2347 2335 Δουκᾶν
2367 2298 2386 2312 ι
2425 2300 2444 2334 ι
2492 2281 2623 2336 Ἐὰν
2654 2283 2726 2354 μή
2759 2298 2845 2346 τις
2876 2282 3095 2354 δέξηται
3127 2281 3226 2352 τὴν
3255 2279 3351 2335 τοῦ
3387 2279 3522 2333 Θεοῦ
3562 2279 3720 2350 βασις-

2131 2369 2284 2423 λείαν
2313 2371 2389 2434 ὡς
2414 2370 2477 2424 τὸ
2501 2371 2737 2434 παιδίον,
2767 2372 2826 2425 οὑ
2863 2371 2940 2443 μὴ
2968 2370 3185 2444 εἰσέλθῃ
3209 2372 3288 2433 είς
3318 2370 3491 2440 αὐτην
3509 2386 3522 2399 ·
3563 2388 3582 2420 ι
3625 2368 3721 2424 καὶ

2129 2459 2276 2514 ἐστιν
2300 2461 2600 2532 ἀμφίϐολος
2626 2465 2660 2533 ἡ
2700 2462 2866 2528 λέξις,
2908 2463 2944 2534 ἢ
2973 2463 3082 2535 γὰρ
3106 2464 3193 2516 ἵνα
3234 2464 3262 2516 ό
3297 2461 3585 2533 δεχόμενος
3619 2460 3730 2530 τὴν

2127 2551 2225 2605 τοῦ
2253 2552 2394 2606 Θεοῦ
2414 2553 2691 2623 βασιλείαν
2714 2554 2942 2626 γένηται
2965 2555 3040 2619 ὡς
3063 2555 3293 2620 παιδίον,
3316 2554 3351 2625 ἢ
3387 2554 3473 2608 ἵνα
3500 2553 3598 2622 τὴν
3621 2549 3727 2604 τοῦ.

2128 2643 2262 2697 Θεοῦ
2324 2645 2603 2715 βασιλείαν
2667 2647 3037 2719 παραδέξηται
3097 2645 3395 2717 γενομένην
3447 2644 3596 2714 αὐτῷ
3642 2642 3743 2708 ὡς,

2129 2736 2361 2791 παιδίον.
2396 2738 2507 2792 Καὶ
2531 2737 2670 2809 τάχα
2700 2737 2937 2792 ἐνταῦθα
2980 2739 3079 2808 μὲν
3110 2739 3165 2790 οε
3188 2736 3464 2807 δεχόμενοι
3494 2737 3593 2806 τὴν
3621 2731 3724 2787 τοῦ

2127 2828 2264 2882 Θεοῦ
2319 2827 2596 2898 βασιλείαν
2636 2829 2882 2900 δέχονται
2930 2829 3102 2901 αὐτὴν
3147 2823 3312 2882 οὖσαν
3357 2825 3432 2890 ὼς
3479 2825 3720 2888 παιδίον,

2127 2921 2189 2973 ὲν
2216 2919 2273 2974 δὲ
2301 2919 2382 2990 τῷ
2423 2919 2670 2991 μέλλοντι
2716 2921 2876 2975 αἰῶνι
2920 2921 3114 2974 οὐκέτι
3147 2920 3223 2984 ὡς
3267 2917 3500 2983 παιδίον,
3531 2917 3628 2969 καὶ
3658 2915 3727 2968 τὸ

2129 3011 2355 3082 μέγεθος
2399 3012 2498 3083 τῆς
2535 3012 2870 3084 τελειότητος
2906 3014 2964 3066 ὲν
3000 3015 3089 3084 τῇ,
3128 3013 3192 3066 ἵν’
3231 3011 3404 3074 οὕτως
3434 3007 3724 3079 ὀνομάσω,

2127 3105 2471 3173 πνευματικῇ
2524 3103 2714 3175 ἡλικίᾳ
2765 3103 3230 3174 ἐπιδεικνυμένοις
3274 3101 3386 3174 (45)
3429 3102 3566 3154 πᾶσι
3605 3101 3725 3162 τοῖς

2130 3192 2223 3246 ἐπὶ
2255 3191 2348 3245 τοῦ
2398 3193 2665 3264 παρόντος
2708 3192 3174 3266 παραδεξαμένοις
3216 3193 3393 3264 αὐτὴν
3433 3187 3598 3246 οὖσαν
3631 3191 3722 3243 tv.-

2129 3281 2304 3336 ταῦθα
2333 3282 2409 3347 ὼς
2439 3283 2670 3338 παιδίον..

2207 3585 2228 3618 ι
2267 3565 2404 3620 Οὐαὶ
2429 3564 2508 3637 τῷ
2545 3567 2735 3638 κόσμῳ
2763 3567 2872 3622 ἀπὸ
2897 3567 3007 3623 τῶν
3039 3568 3369 3623 σκανδάλων.
3405 3585 3426 3619 ι
3451 3567 3586 3620 Κατ’
3618 3565 3722 3622 aii-

439 3667 690 3728 separate
721 3658 1048 3714 vocabulum
1083 3659 1254 3715 hocce
1305 3679 1324 3713 ι
1357 3661 1593 3717 mundus
1623 3680 1642 3712 ι
1693 3669 2019 3730 usurpatum

2132 3656 2226 3728 τὴν
2270 3656 2370 3728 μὲν
2418 3659 2511 3711 καὶ
2558 3657 2979 3729 ἁπολελυμένως
3021 3660 3236 3730 εἴρηται
3279 3660 3312 3729 ὴ
3367 3677 3384 3709 ι
3437 3658 3639 3727 κόσμος
3692 3675 3715 3709 r

436 3757 561 3804 est:
600 3768 618 3800 ι
651 3747 709 3803 ln
740 3749 947 3805 mundo
973 3760 1112 3818 erat,
1141 3758 1196 3806 et
1227 3752 1466 3807 mundus
1492 3767 1618 3806 eum
1661 3768 1771 3806 non
1815 3767 2019 3822 cogito-

2132 3751 2312 3821 φωνή·
2353 3768 2372 3801 ι
2427 3750 2520 3804 Ἐν
2555 3748 2633 3822 τῷ
2661 3751 2850 3822 κόσμῳ
2883 3751 2995 3820 (64)
3023 3747 3114 3821 ἦν,
3148 3752 3243 3804 καὶ
3265 3753 3294 3804 ὁ
3325 3750 3527 3820 κόσμος
3552 3749 3722 3802 αὐτὸν

437 3839 620 3907 vit“;
655 3861 673 3893 ι
707 3843 940 3910 atjuxta
975 3843 1418 3898 convenientiam
1450 3859 1576 3898 cum
1612 3843 1795 3914 aliqua
1841 3858 1936 3907 re,
1967 3852 2022 3898 et

2132 3843 2229 3896 οὐκ
2269 3841 2438 3910 ἔγνω·
2486 3861 2504 3894 ι
2545 3843 2688 3896 κατὰ
2715 3843 2774 3896 δὲ
2815 3845 2914 3914 τὴν
2947 3844 3084 3916 πρός
3116 3861 3168 3897 τι
3203 3842 3391 3914 σχέσιν
3436 3841 3574 3913 μετὰ
3618 3841 3719 3911 τῆς

439 3934 837 3989 connexionem
870 3951 992 3990 cum
1024 3951 1092 3991 eo
1123 3935 1190 3991 ad
1219 3936 1363 4006 quod
1389 3936 1648 4005 pertinet,
1675 3937 2019 3990 enuntiatum

2132 3935 2266 4006 πρὸς
2299 3935 2479 3988 ὲκεῖνο
2510 3935 2812 4007 ἐπιπλοκῆς
2837 3928 2898 3988 οῦ
2932 3937 3135 4006 κόσμος
3163 3935 3279 3987 ἐστὶ
3310 3933 3625 4003 ὠνόμασται
3655 3933 3718 3985 ὲν

439 4032 525 4080 est
550 4024 655 4080 hoc
683 4024 804 4080 luco
831 4026 870 4058 ³⁷
903 4045 917 4082 :
947 4046 963 4078 ι
993 4025 1072 4083 Ne
1094 4026 1236 4083 forte
1253 4028 1481 4084 elevatis
1505 4029 1681 4083 oculis
1707 4027 1779 4082 ad
1796 4027 2021 4094 cmlum,

2132 4026 2210 4097 τῷ
2229 4043 2242 4057 ·
2294 4045 2312 4078 ι
2358 4026 2451 4096 Μὴ
2478 4025 2788 4098 ἀναϐλέψας
2827 4029 2908 4091 είς
2933 4025 3028 4082 τὸν
3065 4026 3316 4099 οὐρανὸν,
3348 4027 3444 4080 καὶ
3476 4024 3596 4079 ίδὼν
3626 4025 3718 4078 τὸν

1643 4165 1875 4223 VETUS
1925 4165 2516 4222 INTERPRETATIO.

440 4234 661 4318 nomine
691 4279 831 4343 meo.
873 4283 891 4316 ι
942 4263 1615 4343 Secundum__Mattlia3um
1656 4279 1787 4343 ergo
1820 4272 1875 4343 et
1913 4261 2194 4343 Marcum,
2238 4271 2420 4332 potest
2469 4264 2594 4343 quis
2637 4262 2891 4343 dubitare
2942 4271 3149 4343 utrum.
3165 4277 3394 4333 puerum
3447 4260 3716 4343 Spiritum

445 4345 700 4387 sanctum
740 4335 889 4390 dicat
929 4352 940 4388 :
989 4335 1118 4403 quia
1151 4336 1229 4390 sic
1262 4335 1562 4390 dixerunt:
1600 4353 1619 4385 ‹
1655 4331 1866 4402 δίναιιίε
1898 4333 2171 4402 acceperit
2210 4331 2440 4402 puerum
2481 4331 2664 4390 talem.
2705 4353 2724 4385 ι
2771 4334 3084 4390 Secundum
3127 4331 3329 4388 Lucam
3368 4331 3546 4403 autem
3591 4333 3718 4403 quis

439 4404 670 4482 ambigit
697 4419 860 4482 posse
887 4402 1112 4482 itlLeiiigl
1149 4421 1383 4482 puerum
1413 4406 1564 4458 illum
1600 4403 1868 4482 Spiritum
1899 4413 2150 4459 sanctum
2192 4419 2318 4482 eum
2356 4403 2542 4482 dica_t_:
2579 4423 2598 4456 ι
2633 4405 2860 4482 Siquis
2904 4404 3174 4473 acceperit
3215 4419 3442 4473 puerum
3485 4402 3628 4456 hunc
3662 4402 3717 4482 in

439 4475 663 4545 nomine
699 4475 856 4526 meo?
893 4494 910 4525 ι
947 4474 1260 4530 Secundum
1290 4474 1494 4529 Lucam
1519 4491 1651 4545 ergo
1678 4475 1940 4529 debemus
1976 4488 2212 4545 puerum
2253 4475 2439 4537 illum,
2472 4474 2523 4530 id
2562 4484 2676 4541 est,
2711 4474 2986 4544 Spiritum
3022 4483 3510 4545 sanctum,_quem
3570 4474 3720 4545 acci-

438 4542 596 4610 piens
621 4540 1170 4616 Jesusposuitiapud
1210 4562 1290 4611 se,
1322 4540 1606 4615 suscipere
1634 4545 1688 4599 in
1718 4545 1942 4616 nomine
1969 4540 2118 4616 Iesu.
2159 4541 2307 4616 Vivit
2348 4545 2492 4598 enim
2523 4540 2668 4616 puer
2710 4540 2800 4600 ille
2849 4544 3009 4616 quasi
3065 4543 3436 4616 immortalis:
3467 4551 3521 4596 et
3553 4542 3720 4595 debe-

439 4623 566 4668 mus
597 4626 723 4667 eum
758 4610 831 4686 ab
855 4613 976 4683 ipso
1004 4610 1135 4670 .lc'su
1168 4610 1527 4670 conStitutuin
1557 4615 1699 4686 apud
1733 4613 1918 4668 Jesum
1955 4615 2233 4684 suscipere
2267 4615 2321 4668 in
2355 4610 2581 4670 nomine
2621 4614 2792 4671 Iesu:
2826 4610 3090 4686 quoniam
3126 4629 3251 4668 cum
3282 4614 3356 4686 sit
3376 4610 3718 4686 163061“!!!-

439 4697 617 4755 quam!
640 4680 897 4755 recedens
928 4701 958 4739 a
993 4702 1160 4754 puero
1189 4687 1300 4752 illo,
1337 4687 1395 4741 iit
1427 4687 1570 4755 apud
1593 4680 1728 4740 eum
1757 4686 1850 4754 qui
1887 4680 2152 4754 receperit
2182 4699 2414 4755 puerum
2461 4687 2518 4741 in
2567 4688 2790 4741 nomine
2835 4680 2978 4755 ejus.
3028 4682 3095 4738 Et
3123 4684 3392 4754 quoniam
3421 4697 3523 4737 nec
3553 4680 3718 4735 Pater

441 4751 649 4832 recedit
681 4769 711 4833 a
743 4752 918 4833 Filio;
953 4751 1003 4811 si
1027 4758 1151 4826 quis
1179 4758 1445 4833 receperit
1467 4751 1694 4833 Filium,
1731 4751 1927 4833 recipit
1959 4751 2102 4833 apud
2141 4751 2200 4810 se
2242 4756 2408 4833 simul
2441 4766 2494 4812 et
2524 4756 2766 4833 Patrem.
2806 4751 2911 4822 Qui
2951 4751 3372 4833 autem‘recepit
3397 4762 3459 4833 et
3486 4766 3719 4833 puerum

439 4821 514 4905 in.
554 4826 787 4905 nomine
834 4825 963 4882 Jesu
991 4868 1006 4893 ,
1043 4821 1122 4882 _et
1172 4821 1358 4883 Jesuin
1406 4829 1460 4882 in
1513 4827 1736 4905 nomine
1784 4821 2008 4905 i’atris,
2057 4826 2119 4905 in
2161 4827 2421 4905 omnibus
2452 4828 2747 4905 minorem
2807 4821 2866 4881 se
2895 4825 3126 4905 praebet
3170 4821 3463 4905 discipulis
3489 4821 3721 4905 Ci'iristi

437 4893 680 5017 sli-ipsum
718 4897 1001 5017 inlinemus
1031 4917 1045 4953 :
1075 4907 1135 4953 et
1161 4907 1369 4969 quanto
1412 4898 1589 4970 magis
1635 4912 1696 4954 se
1740 4896 2130 4967 niinoraverit,
2165 4904 2315 4953 tanto
2357 4898 2538 4968 major
2586 4899 2817 4954 eilieitur
2858 4893 2942 4952 ab—
2976 4910 3044 4952 eo
3090 4895 3186 4966 qui
3225 4895 3281 4951 ei.
3321 4893 3721 4949 'minorationis

475 4981 505 5016 ιε
549 4973 589 5017 ιι
623 4982 748 5017 man
790 4977 963 5017 atum.

475 4966 589 5017 edit
623 4968 963 5023 mandatum.

508 5034 599 5088 20.
640 5055 659 5087 ι
693 5036 936 5117 V:e_h_uic
964 5040 1169 5117 mundo
1201 5037 1556 5117 aﬁscandalis.
1591 5036 1827 5093 Necesse
1864 5045 1963 5117 est_
1978 5036 2125 5117 enim
2163 5039 2348 5117 venire
2394 5038 2672 5117 scandala.
2727 5038 3116 5117 Verumtamen
3150 5052 3233 5117 vis
3267 5035 3486 5117 homini
3513 5033 3587 5088 illi
3622 5047 3720 5103 per

437 5118 602 5180 quiem
633 5109 952 5180 scandalum
982 5113 1150 5165 venit.
1183 5130 1202 5162 ι
1241 5109 1410 5180 Digna
1436 5119 1521 5164 est
1535 5122 1916 5180 _resqu:erere
1953 5108 2005 5161 in
2039 5108 2144 5162 hoc
2171 5109 2316 5172 loco,
2348 5109 2480 5178 quid
2510 5110 2642 5180 dicit
2666 5126 2790 5166 esse
2827 5111 3090 5166 mundum
3117 5109 3206 5164 cui
3244 5108 3583 5180 promittitur
3618 5119 3719 5166 va},

437 5173 527 5229 cui
558 5179 742 5232 omnia
784 5182 1040 5236 scandala
1090 5173 1334 5237 afferunt
1380 5195 1480 5234 vae.
1534 5173 1838 5248 Intelligere
1889 5187 2073 5232 autem
2119 5180 2326 5249 aliquid
2366 5173 2712 5250 poterimus,
2763 5181 2809 5236 si
2855 5173 3261 5252 congregemus
3306 5176 3719 5246 Scripturarum

509 5321 554 5354 θ’
588 5319 719 5374 Luc.
753 5337 828 5387 Ix,
859 5319 947 5373 48.
1025 5320 1070 5351 ⁸³
1100 5319 1231 5374 ibid.
1307 5319 1355 5350 ⁸³
1380 5317 1534 5382 ibid.,
1565 5317 1652 5384 18,
1693 5316 1779 5370 Π.
1858 5317 1906 5347 ⁸⁸⁸
1932 5315 2026 5370 Mai

2159 5330 2312 5382 mn,
2352 5313 2404 5368 7.
2479 5315 2528 5346 ⁸⁵
2550 5314 2710 5371 Joan.
2748 5333 2785 5382 ι,
2819 5316 2904 5370 1-0.
2982 5317 3026 5349 ⁸⁷
3061 5313 3216 5370 Deut.
3260 5331 3336 5380 1v,
3368 5315 3456 5370 19.

508 5460 622 5532 (4‘2)
651 5454 858 5532 οὗτός
879 5460 1011 5514 ἐστι
1037 5461 1250 5532 μέγας.
1284 5460 1662 5532 ἉνέΊῪωμεν,
1696 5469 1812 5532 etc.
1831 5459 2020 5532 Orige-

2132 5467 2347 5532 tempus
2373 5471 2698 5532 agnoscunt.
2727 5459 2998 5532 Hus'rms.

440 5528 538 5588 nos
583 5528 760 5611 inira”,
802 5528 958 5611 οὗτός
983 5601 995 5611 .
1021 5528 1137 5586 ἔστι
1186 5531 1380 5611 μέχας.
1418 5528 1482 5586 ’15
1501 5528 1592 5611 _se
1641 5533 1695 5587 in
1732 5528 2023 5611 haliquibus

2370 5531 2935 5611 ξςπιδεεκνυμένοις.
2959 5531 3098 5604 Lege
3112 5530 3598 5611 ἐπιδεικνυμένης.
3645 5597 3673 5611 η

439 5601 848 5674 exemplaribus
895 5601 1092 5674 legisse
1135 5601 1450 5674 proﬁtetur,
1499 5601 1672 5674 ἔσται.
1717 5601 1786 5656 At
1832 5616 2025 5674 omnes

2146 5601 2329 5674 si“)-
2371 5601 2466 5674 Ἐςν
2515 5601 2594 5669 τῷ
2635 5601 2859 5674 κόσμῳ.
2917 5601 3229 5674 Legende
3271 5601 3481 5658 videtur
3514 5601 3572 5654 ὲν
3604 5601 3719 5670 ’τῷ-ο

442 5671 606 5745 liodie
652 5671 1148 5745 omniriqeodices
1193 5682 1247 5728 et
1294 5673 1769 5745 interpretationes
1810 5672 1892 5726 sic
1928 5671 2024 5724 Ιιειρ
2146 5671 2233 5727 Ἐν
2265 5672 2340 5745 τῷ
2373 5672 2581 5745 κόσμῳ.

443 5744 604 5812 bent,
643 5750 835 5810 praeter
867 5742 1153 5814 Vulgatam
1187 5753 1241 5802 et
1269 5743 1558 5802 Arabicam
1586 5785 1601 5812 ,
1633 5759 1754 5816 qua:
1782 5756 2022 5814 praesens
