4146 6464
418 353 543 409 1151
1661 377 1666 380 ·
1896 349 2221 410 ORIGENIS
3531 345 3670 401 MSS

409 468 683 522 habitatus
725 467 1111 540 intelligendus
1148 477 1266 537 est;
1312 469 1379 525 de
1421 469 1515 525 illo
1543 469 1744 524 etenim
1775 471 1980 525 mundo
2007 476 2038 534 Α

2089 471 2210 542 περὶ
2222 467 2317 524 τοῦ
2339 468 2540 540 κόσμου
2563 469 2686 523 ὅλου
2711 468 2817 522 τῶν
2833 466 2931 523 ἀνθ
2940 465 3157 540 ρώπων.
3203 461 3361 517 Ἀλλά
3389 460 3484 515 καὶ
3506 461 3542 514 ό
3561 461 3670 514 Σω-

407 556 658 612 homines
700 557 838 614 Filio
879 561 1027 614 dedit
1070 559 1250 626 Pater,
1287 576 1385 630 pro
1411 561 1611 630 quibus
1635 560 1982 616 solummodo

2089 561 2185 633 τὴρ
2203 562 2394 630 λέγων·
2435 581 2453 614 ι
2474 560 2649 629 Κάγὼ
2678 561 2815 632 πρὸς
2845 561 2905 613 σὲ
2940 560 3189 631 ἔρχομαι,
3222 557 3316 609 καὶ
3345 554 3529 608 οὐκέτι
3552 554 3668 626 είμλ

409 647 621 704 Patrem
656 661 808 721 rogat
856 651 1132 718 Servator,
1187 666 1296 705 non
1351 661 1532 705 autem
1583 667 1681 720 pro
1729 652 1984 707 universo

2089 653 2143 705 tv
2168 652 2246 722 τῷ
2281 652 2492 723 κόσμῳ,
2540 671 2559 704 ι
2593 652 2685 705 τὸν
2716 651 2960 720 ἐπίγειον
2990 649 3144 717 λέγειν
3183 647 3420 718 κόσμον⁹
3451 647 3514 700 οὐ
3556 645 3667 718 γάρ

410 734 694 792 hominum
749 739 974 792 mundo.
1023 738 1152 792 ltcm
1196 755 1319 792 cum
1357 739 1434 792 ait
1469 738 1726 798 Servator
1752 741 1832 794 ὀε
1866 759 1884 791 ι
1920 739 1986 794 Ει

2089 743 2368 814 νομιστέον
2411 742 2480 796 τὰ
2520 743 2871 813 ἀντικείμενα
2919 741 3080 795 αὑτὸν
3126 740 3304 808 λέγειν
3352 738 3663 807 φάσκοντα·

409 843 511 898 ego
569 829 633 881 ad
683 838 735 884 te
784 830 978 896 venio,
1026 839 1080 884 ει
1120 829 1233 898 jam
1295 845 1402 884 non
1445 845 1564 884 sum
1603 830 1657 883 in
1703 828 1927 893 mundo,
1961 847 1980 880 ι

2092 853 2111 887 ι
2157 833 2327 902 Κάγὼ
2385 835 2520 907 πρὸς
2554 835 2613 887 σὲ
2660 834 2908 904 ἔρχομαι,
2944 835 3038 886 καὶ
3085 832 3270 886 οὐκέτι
3315 832 3432 900 εἰμὶ
3483 829 3541 883 ἐν
3587 827 3670 899 τῷ

409 919 673 972 mundum
745 919 875 974 dicit
930 930 1240 988 terrenum;
1315 935 1417 974 nec
1453 919 1596 974 enim
1663 920 1766 974 sibi
1825 934 1987 989 repu-

409 1010 632 1078 gnantia
690 1011 934 1078 proferre
983 1013 1136 1066 illum
1187 1012 1492 1081 putandum
1544 1018 1628 1065 est
1670 1011 1986 1065 dicentem:

413 1115 435 1150 ι
474 1097 540 1152 Ει
568 1115 666 1170 ego
698 1102 764 1155 ad
796 1111 846 1156 te
871 1103 1051 1169 venio,
1083 1111 1137 1157 et
1158 1102 1272 1173 jam
1310 1117 1418 1156 non
1455 1117 1575 1156 sum
1608 1102 1662 1156 in
1700 1101 1926 1166 mundo,
1959 1119 1980 1152 ι

406 1196 483 1250 ει,
513 1203 635 1243 sum
679 1190 733 1243 in
788 1193 1012 1246 mundo.
1059 1191 1163 1246 Sed
1216 1201 1273 1246 et
1318 1193 1420 1247 hoc
1453 1194 1576 1247 loco
1597 1193 1639 1224 ⁹¹
1675 1211 1689 1246 :
1726 1211 1744 1244 ι
1777 1192 1840 1247 Ει
1875 1192 1990 1246 haec

404 1275 600 1347 loquor
632 1279 684 1332 in
721 1281 944 1347 mundo,
977 1300 994 1331 ι
1028 1292 1275 1336 terrenus
1310 1282 1397 1336 hic
1427 1282 1578 1337 locus
1608 1281 1988 1350 intelligendus

406 1377 514 1422 est.
566 1368 894 1425 Luculeuter
943 1387 1071 1426 vero
1123 1371 1209 1427 his
1255 1372 1346 1426 ille
1379 1372 1717 1441 signiﬁcatur
1738 1373 1829 1424 "z
1869 1387 1886 1420 ι
1923 1368 1988 1422 Ει

408 1462 648 1516 mundus
673 1476 770 1516 eos
797 1463 923 1517 odio
954 1463 1165 1529 habuit,
1190 1465 1319 1534 quia
1347 1478 1454 1518 non
1481 1473 1608 1518 sunt
1632 1463 1700 1518 de
1724 1462 1981 1518 mundo.»

408 1547 522 1606 Nos
547 1553 693 1605 enim
725 1551 851 1607 odio
889 1554 1098 1620 habuit,
1143 1570 1208 1608 ex
1253 1571 1361 1625 quo
1396 1571 1503 1609 non
1532 1554 1767 1623 amplius
1795 1573 1813 1603 ι
1850 1569 1988 1609 con-

409 1641 736 1711 templamur
763 1660 885 1713 qua:
910 1645 1182 1712 videntur,
1212 1647 1307 1701 sed
1344 1661 1464 1716 quae
1490 1661 1598 1700 non
1624 1647 1875 1701 videntur
1890 1646 1937 1678 ”
1960 1665 1986 1699 ι

409 1741 630 1802 prepter
665 1732 791 1788 Jesu
830 1735 1198 1805 disciplinam,
1233 1752 1340 1792 non
1374 1737 1612 1792 mundus
1649 1751 1715 1792 ex
1739 1737 1898 1801 cmlo,
1933 1743 1991 1792 et

2088 923 2306 994 κόσμῳ,
2347 943 2366 974 ι
2404 923 2524 976 καί·
2560 925 2647 976 Ἐν
2688 921 2765 992 τῷ
2797 923 2985 993 κόσμῳ
3014 920 3149 991 εἰμί·
3181 919 3316 972 ἀλλά
3349 919 3444 973 καὶ
3468 919 3526 971 tv
3551 916 3671 987 τῷν

2094 1036 2112 1068 ι
2151 1017 2260 1070 Καὶ
2283 1014 2452 1068 ταῦτα
2475 1014 2621 1068 λαλῶ
2656 1014 2714 1067 tv
2744 1013 2833 1084 τῷ.
2848 1015 3060 1083 κόσμῳ,
3100 1031 3119 1064 ι
3145 1012 3238 1065 τὸν
3273 1010 3551 1082 περίγειον
3571 1007 3666 1061 τό-

2090 1123 2190 1160 πον
2230 1105 2532 1175 νομιστέον.
2578 1103 2773 1172 Σαφῶς
2808 1103 2870 1156 δὲ.
2905 1094 3058 1165 οὗτος
3103 1099 3424 1171 σημαίνεται
3462 1098 3556 1151 καὶ
3602 1098 3668 1151 ὲκ

2088 1195 2182 1249 τοῦ
2202 1213 2215 1227 ·
2260 1215 2278 1248 ι
2310 1195 2420 1248 Καὶ
2444 1197 2471 1249 ό
2513 1194 2717 1264 κόσμος
2751 1193 3013 1264 ἐμίσησεν
3042 1193 3257 1256 αὐτοὺς,
3286 1192 3368 1245 ὅτι
3399 1189 3498 1243 οῦκ
3529 1193 3668 1246 εἰσιν

2090 1285 2154 1337 ὲκ
2190 1283 2284 1338 τοῦ
2325 1284 2551 1354 κόσμου.
2591 1303 2614 1335 ›
2653 1283 2912 1353 Ἐμίσησε
2942 1280 3051 1352 γὰρ
3085 1283 3234 1353 ἡμᾶς
3279 1274 3446 1346 ὲξοῦ·
3471 1281 3675 1352 μηκέτι

2092 1373 2401 1445 σκοποῦμεν
2438 1373 2506 1427 τὰ
2551 1374 2886 1444 βλεπόμενα,
2933 1371 3068 1426 ἀλλά
3113 1372 3180 1426 τὰ
3217 1371 3292 1443 μὴ
3339 1371 3681 1442 βλεπόμενα,.

2089 1466 2179 1520 διὰ
2215 1466 2313 1536 τὴν
2360 1464 2534 1537 Ἰησοῦ
2571 1463 2941 1526 διδασκαλίαν,
2973 1463 3035 1515 οὐ
3065 1462 3268 1533 κόσμος
3307 1461 3366 1526 ἐξ
3409 1461 3666 1533 οὐρανοῦ,

2045 1607 2047 1612 .
2090 1557 2185 1610 καὶ
2217 1556 2340 1627 γῆς,
2375 1555 2470 1608 καὶ
2498 1553 2607 1608 τῶν
2649 1556 2706 1607 tv
2742 1554 2923 1616 αὐτοῖς
2950 1550 3295 1623 συνεστηκὼς
3319 1553 3448 1614 πᾶς,
3477 1551 3590 1604 ἀλλ’
3616 1553 3668 1604 οἱ

2091 1647 2184 1700 ἐπὶ
2208 1649 2311 1716 γῆς
2337 1645 2454 1717 μεθ’
2477 1645 2634 1716 ἡμῶν
2673 1645 2971 1721 ἄνθρωποι.
2998 1645 3089 1697 Τό·
3122 1661 3140 1694 ι
3173 1643 3286 1696 Οὐκ
3315 1643 3452 1696 εἰσιν
3479 1644 3544 1695 ὲκ
3571 1642 3668 1696 τοῦ
3711 1730 3714 1732 γ

2091 1739 2318 1808 κόσμου,
2352 1754 2369 1787 ι
2417 1735 2531 1788 ῐσον
2569 1731 2682 1788 ἐστὶ
2716 1734 2814 1806 τῷ,
2843 1733 2958 1788 Οὔκ
2995 1736 3132 1787 εἰσιν
3167 1734 3232 1786 ὲκ
3262 1731 3356 1786 τοῦ
3390 1734 3670 1804 περιγείου

413 1831 579 1888 terra,
608 1831 662 1877 et
695 1839 816 1894 ιιιιτε
863 1825 916 1878 in
961 1825 1028 1881 iis
1062 1835 1190 1882 sunt
1233 1835 1381 1882 totus
1425 1835 1858 1898 coagmentatus,
1889 1826 1984 1882 sed
2017 1812 2038 1867 Ῑ

2089 1831 2286 1885 τόπου·
2327 1828 2470 1882 οὕτω
2508 1827 2565 1880 δὲ
2604 1826 2700 1880 καὶ
2727 1829 2777 1880 οἱ
2819 1825 2931 1879 τοῦ⁶
2965 1826 3138 1896 Ἰησοῦ
3186 1824 3426 1897 μαθηταὶ
3459 1827 3530 1878 ὲκ
3573 1825 3676 1880 τοῦι

407 1913 500 1982 qui
529 1929 691 1983 supra
718 1925 916 1971 terram
949 1917 1236 1972 nobiscum
1271 1917 1521 1973 homines
1551 1929 1982 1976 conversautur:

2089 1924 2292 1992 κόσμου
2329 1918 2429 1974 οῦκ
2467 1921 2608 1972 εἰσιν
2650 1917 2726 1982 ὡς
2755 1918 2863 1972 οὐδ’
2905 1919 3067 1982 αὐτὸς
3097 1921 3160 1972 ὲκ
3202 1917 3306 1972 τοῦ
3344 1919 3546 1988 κόσμου
3577 1915 3680 1991 ἦν..

407 2002 461 2057 id
491 2012 672 2058 autem
709 2022 724 2060 :
762 2023 781 2056 ι
825 2003 944 2060 Νοιι
994 2015 1123 2061 ευιιι
1175 2007 1242 2062 de
1280 2008 1506 2073 mundo,
1541 2027 1560 2060 ι
1600 2007 1740 2062 idem
1778 2019 1858 2065 est
1898 2024 1984 2074 ac,

2090 2017 2209 2070 Ἔτι
2247 2014 2303 2068 δὲ
2340 2014 2436 2068 καὶ
2479 2012 2571 2066 τό·
2629 2031 2649 2065 ι
2697 2013 2813 2065 ’Ἰνα
2843 2015 2872 2066 ό
2906 2011 3109 2084 κόσμος
3144 2010 3429 2084 πιστεύσῃ,
3468 2011 3552 2066 ὅτι
3603 2014 3682 2067 σύ-

405 2110 516 2150 non
545 2105 672 2152 sunt
700 2097 767 2152 de
800 2105 1016 2153 terreno
1047 2100 1150 2154 hoc
1180 2099 1336 2166 loco;
1383 2100 1455 2154 ita
1486 2108 1542 2155 et
1568 2098 1698 2156 Jesu
1728 2101 1983 2171 discipuli

2089 2123 2156 2177 με
2181 2103 2525 2168 ἀπέστειλας,
2563 2123 2580 2154 ι
2605 2103 2688 2168 δὶς
2719 2103 3006 2174 εἰρημένω
3039 2104 3096 2157 tv
3129 2100 3206 2172 τῷ
3235 2102 3352 2154 κατ’
3397 2101 3683 2172 Ἰωάννην,

411 2204 433 2238 ι
470 2187 536 2241 de
568 2187 773 2244 mundo
823 2205 931 2244 non
983 2197 1136 2258 sunt,
1182 2190 1322 2246 sicut
1360 2201 1413 2246 et
1457 2191 1574 2261 ipse
1627 2208 1735 2246 non
1774 2199 1890 2247 erat
1917 2191 1984 2247 de

2089 2199 2185 2253 οὐκ
2209 2197 2536 2268 ἀναφέρεται
2565 2196 2656 2249 ἐπὶ
2675 2195 2743 2249 τὰ
2767 2195 3050 2267 κρείττονα
3079 2192 3528 2266 τῶνάνθρώπων,
3556 2193 3667 2246 ἀλλ’

409 2278 616 2334 mundo
638 2279 706 2333 ⁸⁸.
756 2299 775 2332 ι
813 2280 942 2335 Item
970 2288 1024 2336 et
1057 2281 1189 2337 illud
1217 2284 1263 2314 "
1301 2302 1314 2336 :
1349 2300 1368 2334 ι
1412 2281 1479 2337 Ut
1518 2283 1701 2338 credat
1748 2283 1983 2339 mundus

2089 2289 2183 2344 ἐπὶ
2204 2289 2328 2351 τοὺς
2361 2285 2662 2360 χρῄζοντας
2683 2286 2959 2340 πιστεύειν
2979 2285 3318 2358 ἀνθρώπους,
3340 2286 3421 2339 ὅτι
3435 2288 3463 2338 ὁ
3483 2285 3680 2356 Πατὴρ

408 2371 538 2440 quia
566 2381 622 2426 tu
659 2387 744 2426 me
779 2373 1003 2438 misisti,
1045 2393 1063 2426 ι
1091 2375 1235 2444 quod
1273 2374 1356 2432 bis
1387 2375 1440 2429 in
1467 2373 1759 2446 Evangelio
1789 2391 1986 2431 secun-

2089 2382 2181 2436 τὸν
2224 2379 2352 2434 Υίὸν
2392 2381 2473 2442 είς
2499 2379 2592 2431 τὸν
2631 2379 2761 2449 τῇδε
2793 2379 2994 2450 κόσμον
3027 2377 3347 2433 ἀπέστειλε·
3391 2377 3484 2431 καὶ
3522 2377 3680 2448 παράέ

408 2460 539 2515 dum
585 2460 850 2518 Joannem
905 2464 1187 2534 repetitur,
1230 2466 1296 2520 ad
1328 2469 1812 2536 praestantissimos
1841 2465 1985 2537 opti-

2090 2471 2169 2544 τῷ
2225 2470 2533 2540 Ἀποστόλῳ
2565 2469 2621 2523 δὲ
2658 2471 2694 2540 ἠ
2730 2470 2912 2534 πίστις
2964 2470 3126 2540 ὑμῶν
3151 2467 3578 2538 καταγγέλλεται
3611 2469 3676 2520 tv.

407 2566 636 2622 mosque
665 2553 909 2610 homines
940 2570 1047 2610 non
1083 2555 1336 2624 refertur,
1393 2559 1488 2613 sed
1536 2559 1604 2614 ad
1647 2574 1742 2615 eos
1785 2557 1987 2628 quibus

2092 2557 2198 2630 ὅλῳ
2220 2555 2296 2628 τῷ
2321 2556 2532 2628 κόσμῳ.

405 2660 546 2716 opus
592 2657 710 2716 est,
765 2657 824 2703 ut
869 2648 1065 2704 Filium
1118 2665 1149 2704 a
1197 2648 1361 2706 Patre
1414 2651 1470 2707 in
1525 2653 1788 2707 mundum
1850 2655 2059 2708 huncce
2105 2652 2336 2708 missum
2389 2649 2558 2707 fuisse
2605 2649 2865 2719 credant;
2921 2659 2978 2706 et
3028 2650 3171 2722 apud
3226 2651 3616 2722 Apostolum“
3649 2670 3676 2706 :_-

413 2760 435 2794 ι
471 2739 629 2796 Fides
656 2751 835 2797 vestra
863 2744 1220 2798 annuntiatur
1251 2744 1305 2799 in
1341 2745 1597 2801 universo
1630 2745 1853 2802 mundo.
1891 2766 1912 2798 ι

477 2835 568 2889 21.
610 2833 766 2900 Quod
799 2835 844 2890 si
878 2853 896 2886 ι
929 2852 1009 2892 va;
1041 2853 1071 2892 a
1100 2838 1372 2894 scandalis
1408 2857 1425 2891 ι
1468 2839 1854 2908 pronuntiatur
1886 2839 1988 2896 ho-

409 2925 652 2980 minibus
675 2941 769 2995 per
802 2927 1114 2983 universam
1139 2939 1336 2984 terram
1376 2930 1678 3000 dissipatis,
1709 2931 1802 3001 qui
1829 2946 1990 2986 scan-

406 3016 546 3069 dalis
573 3015 916 3085 alliciuntur;
948 3018 1017 3074 de
1043 3019 1248 3075 mundo
1296 3029 1477 3074 autem
1523 3035 1632 3076 non
1666 3030 1797 3077 sunt
1820 3020 1987 3076 disci-

408 3105 522 3178 puli
550 3122 671 3176 qua:
712 3107 961 3163 videntur
994 3111 1218 3165 minime
1246 3112 1698 3182 contemplantes,
1722 3114 1986 3184 quemad-

409 3198 632 3252 modum
692 3215 792 3254 nce
841 3214 1031 3254 eorum
1084 3202 1342 3272 magister
1389 3203 1456 3258 de
1513 3205 1719 3260 mundo
1759 3215 1864 3272 est,
1918 3205 1986 3260 ad

410 3288 620 3344 nullum
649 3305 681 3344 e
711 3290 992 3360 discipulis
1017 3293 1181 3365 600
1202 3293 1328 3350 Jesu
1353 3295 1586 3364 pertinet
1613 3314 1632 3348 ι
1660 3312 1740 3352 vae
1766 3312 1798 3352 a
1829 3313 1988 3353 scan-

409 3380 571 3445 dalis,
621 3401 639 3434 ι
681 3384 1123 3453 quandoquidem
1183 3403 1203 3436 ‹
1254 3401 1358 3454 pax
1411 3387 1582 3442 multa
1635 3387 1986 3458 diligentibus

410 3473 580 3543 legem
613 3474 726 3540 Dei,
772 3483 825 3530 et
855 3491 960 3530 non
996 3485 1081 3534 est
1111 3478 1216 3534 illis
1256 3479 1573 3534 scandalum
1596 3480 1664 3534 ⁸⁷.
1702 3499 1721 3533 ι
1771 3479 1828 3535 Si
1862 3481 1986 3552 quis

409 3581 540 3619 vero
569 3567 870 3636 discipulus
897 3584 1020 3624 esse
1051 3569 1286 3636 videtur,
1313 3571 1494 3626 adhuc
1521 3579 1701 3626 tamen
1728 3571 1795 3627 de
1819 3587 1984 3627 mun-

407 3658 479 3710 do
507 3668 609 3723 εει,
636 3661 780 3729 quod
822 3663 1108 3726 mundum,
1138 3671 1192 3717 et
1223 3679 1346 3734 qua:
1382 3664 1438 3718 in
1470 3680 1535 3720 co
1570 3674 1719 3733 sunt,
1752 3666 1983 3738 diligat;

406 3750 574 3804 vitam
619 3751 859 3821 intelligo
901 3769 1066 3823 quam
1117 3756 1169 3810 in
1217 3757 1450 3812 terrenis
1480 3757 1631 3814 hisce
1666 3758 1804 3814 locis
1833 3758 1988 3814 duci-

411 3858 558 3908 mus,
582 3845 667 3896 vel
701 3846 988 3914 pecuniam
1021 3863 1142 3916 quae
1166 3847 1217 3901 in
1249 3848 1314 3902 iis
1339 3857 1443 3912 est,
1473 3849 1556 3904 vel
1583 3851 1986 3919 possessiones,

407 3937 492 3989 vel
527 3939 795 4006 quaslibet
826 3938 1148 4006 facultates;
1182 3940 1255 3994 ita
1293 3951 1354 3995 ut
1391 3942 1441 3996 id
1475 3942 1528 3996 in
1554 3958 1680 3996 eum
1712 3957 1818 3995 non
1847 3957 1988 4010 qua-

408 4027 568 4080 dret:
610 4046 627 4077 ι
667 4026 741 4082 1)ε
785 4028 990 4082 mundo
1026 4043 1135 4083 non
1189 4040 1337 4097 sunt,
1383 4050 1401 4082 ι
1437 4031 1531 4086 sed
1574 4031 1746 4086 illud:
1781 4050 1798 4082 ι
1835 4029 1928 4086 Vae
1958 4045 1990 4085 a

409 4117 703 4182 scandalis,
742 4136 760 4169 ι
790 4119 936 4188 quod
966 4121 1170 4175 mundo
1199 4121 1483 4191 contingit,
1517 4121 1591 4174 illi
1630 4121 1832 4190 pariter
1857 4135 1990 4175 coni

408 4207 600 4277 tinget,
628 4217 812 4280 utpote
846 4210 939 4280 qui
977 4210 1044 4266 de
1080 4211 1288 4266 mundo
1327 4227 1548 4282 quoque
1573 4212 1662 4267 sit.
1689 4211 1758 4265 At
1791 4210 1884 4282 qui
1914 4225 1990 4266 va:

2098 2813 2129 2820 -
2161 2835 2226 2888 Εί
2266 2832 2324 2886 δὲ
2359 2850 2378 2885 ι
2417 2831 2541 2888 οὐαὶ
2595 2850 2614 2884 ι
2651 2833 2762 2897 τοῖς
2791 2829 3066 2902 πανταχοῦ
3094 2831 3194 2902 τῆς
3224 2831 3328 2902 γῆς
3362 2831 3684 2904 ἀνθρώποις

2095 2945 2114 2979 ι
2157 2924 2266 2979 ἀπὸ
2305 2923 2415 2978 τῶν
2443 2923 2778 2990 σκανδάλων,
2819 2943 2840 2976 ι
2873 2915 2948 2978 ὧν
2981 2924 3074 2978 καὶ
3101 2924 3171 2978 τὰ
3200 2922 3471 2977 σκάνδαλα
3503 2923 3674 2978 ἅπτει

2086 3034 2198 3084 ται,
2229 3017 2327 3071 οὐκ
2365 3016 2472 3070 εἰσὶ
2509 3016 2566 3069 δὲ
2603 3016 2654 3069 οἱ
2699 3014 2938 3087 μαθηταὶ
2968 3017 3031 3069 ὲκ
3062 3015 3152 3069 τοῦ
3184 3015 3386 3085 κόσμου
3423 3014 3498 3086 μὴ
3541 3032 3674 3068 cnco-

2088 3107 2315 3172 ποῦντες
2346 3107 2416 3162 τά
2455 3106 2793 3177 βλεπόμενα,
2826 3105 3007 3171 καθὼς
3038 3106 3158 3160 οὐδὲ
3191 3109 3220 3160 ό
3257 3105 3572 3169 διδάσκαλος
3605 3106 3671 3158 ἐκ

2089 3199 2185 3254 τοῦ
2231 3199 2434 3270 κόσμου
2474 3198 2642 3263 ἐστὶν,
2685 3197 2861 3251 οὐδενὶ
2896 3197 3006 3252 τῶν
3052 3197 3305 3268 μαθητῶν
3343 3196 3437 3250 τοῦ
3491 3193 3668 3269 Ἰησοῦ

2092 3294 2238 3346 ἐστιν
2281 3311 2300 3344 ι
2337 3291 2445 3345 ἀπὸ
2482 3289 2591 3344 τῶν
2631 3290 2937 3345 σκανδάλων
2968 3289 3163 3355 οὐαὶμ
3203 3288 3431 3360 ἐπείπερ
3465 3308 3484 3340 ι
3521 3288 3680 3342 ὲστὶντ

2091 3385 2281 3458 εἰρήνη
2338 3382 2506 3454 πολλὴ
2563 3385 2675 3447 τοῖς
2728 3382 2980 3451 ἀγαπῶσι
3036 3383 3196 3452 νόμον
3234 3382 3328 3436 τοῦ
3367 3381 3501 3435 Θεοῦ
3534 3381 3667 3452 (49),

2092 3477 2186 3532 καὶ
2215 3476 2315 3529 οὐκ
2343 3475 2482 3529 ἔστιν
2508 3476 2692 3538 αὐτοῖς
2723 3464 3038 3530 σκάνδαλον.
3073 3493 3092 3525 ›
3121 3475 3183 3526 Εἰ
3205 3473 3262 3526 δέ
3288 3491 3370 3536 τις
3397 3473 3542 3526 δοκεῖ
3571 3471 3673 3543 μὲν

2092 3563 2448 3638 χρηματίζειν
2491 3565 2759 3638 μαθητὴς,
2804 3565 2885 3619 ἔτι
2916 3565 2972 3618 δέ
3019 3566 3166 3618 ἐστιν
3211 3566 3275 3618 ὲκ
3304 3561 3396 3618 τοῦ
3439 3563 3668 3635 κόσμου,

2091 3657 2179 3712 διὰ
2207 3657 2267 3710 τὸ
2298 3657 2516 3727 ἀγαπᾷν
2551 3655 2639 3709 τὸν
2675 3657 2900 3727 κόσμον,
2936 3656 3030 3710 καὶ
3061 3655 3130 3709 τὰ
3160 3657 3218 3709 tv
3246 3655 3416 3726 αὐτῷ,
3446 3655 3589 3723 λέγω
3611 3654 3680 3707 δὲ·

2091 3751 2189 3822 τὴν
2217 3753 2276 3804 tv
2315 3750 2395 3821 τῷ
2446 3750 2710 3822 περιγείῳ
2756 3749 2906 3820 τόπῳ
2952 3747 3117 3820 ζωὴν,
3166 3748 3261 3802 καὶ
3313 3747 3384 3801 τὰ
3423 3749 3481 3802 ὲν
3522 3746 3680 3817 αὑτῷ

2088 3844 2370 3914 χρήματα,
2407 3843 2439 3912 ῆ
2477 3844 2762 3913 κτήματα,
2797 3843 2831 3913 ἢ
2908 3840 3294 3894 όποιανποτοῦν
3333 3838 3677 3910 περιουσίαν,

2089 3932 2164 3994 ὡς
2198 3931 2274 4002 μὴ
2298 3931 2558 4002 ἁρμόζειν
2589 3931 2738 4002 αὐτῷ
2767 3931 2826 3984 τό
2845 3948 2858 3960 ·
2903 3949 2920 3981 ι
2967 3930 3063 3982 Ἐκ
3089 3928 3189 3983 τοῦ
3217 3930 3424 3999 κόσμου
3459 3928 3559 3982 οῦκ
3589 3929 3676 3980 εί-

2091 4041 2196 4088 σιν,
2258 4043 2277 4075 ι
2335 4023 2449 4076 ἀλλ’
2497 4023 2572 4088 ὡς
2611 4024 2676 4077 ὲκ
2717 4021 2813 4076 τοῦ
2865 4023 3073 4093 κόσμου
3127 4021 3240 4074 ὄντι
3270 4020 3444 4091 τούτῳ
3487 4021 3549 4074 τὸ
3592 4019 3679 4090 τῷ

2090 4114 2279 4188 κόσμῳ
2333 4113 2646 4185 ωμῦατνον,
2697 4133 2715 4167 ι
2771 4114 2908 4168 Οὐαὶ
2957 4112 3067 4167 ἀπὸ
3106 4112 3214 4165 τῶν
3271 4111 3604 4177 σκανδάλων,
3647 4130 3678 4162 ι»

2093 4207 2434 4278 συμϐήσεται
2482 4205 2649 4278 αὐτῷ.
2711 4206 2768 4260 '0
2818 4205 2876 4260 δὲ
2929 4205 3096 4260 θέλων
3150 4203 3390 4258 ἐκκλῖναι
3441 4202 3502 4258 τὸ
3550 4203 3682 4258 οὐαὶ

1612 4325 1795 4383 VETU
1809 4327 1845 4381 S
1887 4321 2482 4380 INTERPRETATIO.

409 4433 509 4487 pro
541 4418 622 4473 eis
654 4435 807 4490 rogo,
840 4437 949 4495 non
983 4439 1082 4492 pro
1105 4423 1312 4495 niupdo
1339 4439 1491 4495 rogo,
1524 4423 1617 4480 sed
1653 4439 1748 4495 pro
1775 4423 1856 4478 eis
1888 4437 2026 4495 quos
2051 4420 2246 4495 dedisti
2273 4419 2434 4495 mihi.
2469 4437 2487 4469 ι
2513 4420 2657 4495 item
2686 4427 2807 4488 post
2833 4432 3004 4495 pauca
3038 4434 3052 4471 :
3100 4435 3118 4468 ι
3152 4415 3220 4470 Ει
3269 4414 3325 4470 1ιί
3366 4415 3420 4469 in
3461 4413 3672 4495 mundo

413 4482 565 4566 sunt,
599 4498 652 4541 et
676 4482 952 4566 ego’adte
980 4482 1154 4566 venio.
1184 4491 1256 4566 Et
1277 4494 1388 4561 jam
1405 4482 1528 4566 “non
1564 4482 1694 4566 sum
1729 4494 1780 4566 in
1814 4482 2045 4555 nni-udo,
2071 4498 2127 4566 et
2159 4491 2246 4544 isti
2273 4491 2326 4543 in
2360 4488 2565 4566 mundo
2597 4482 2743 4542 sunt.
2779 4482 2963 4566 vllem
2995 4496 3115 4558 post
3144 4501 3314 4556 pauca
3331 4503 3356 4566 _:
3411 4503 3428 4536 ι
3461 4482 3672 4566 Ethogo

413 4558 563 4640 εει-ιε
593 4555 772 4621 venio,
800 4569 850 4614 et
881 4562 995 4615 lucc
1021 4563 1214 4640 loquor
1245 4555 1298 4640 in
1335 4563 1561 4640 mundo,
1589 4572 1650 4618 ut
1683 4563 1924 4640 habeant
1951 4560 2207 4640 gaudium
2238 4575 2417 4640 meum
2456 4559 2751 4640 pler-utqui
2797 4559 2855 4640 In
2901 4573 2974 4639 se_
2995 4555 3416 4640 ergo-:mundus
3447 4555 3667 4640 dicitur,

411 4626 498 4680 vel
532 4627 982 4708 locusta-renus,
1011 4623 1371 4708 vel'homines
1400 4633 1494 4702 qui
1530 4623 1656 4687 sunt
1686 4633 1737 4708 in
1764 4623 1979 4708 εει-Εἰ
1993 4629 2201 4708 _mundo
2245 4628 2392 4708 enim
2441 4623 2597 4708 dedit
2646 4627 2782 4708 Filio
2827 4623 3093 4707 homines
3129 4625 3309 4706 Pater,
3340 4640 3438 4708 pro
3470 4623 3684 4708 quibus.

413 4707 572 4765 rogat
599 4695 768 4778 Filius
801 4696 1018 4753 Patrem
1052 4702 1203 4778 solis.
1234 4711 1287 4756 et
1307 4695 1432 4778 non"
1451 4717 1549 4772 pro
1581 4703 1824 4778 omnium
1859 4701 2166 4778 hominum“
2183 4699 2407 4778 mundo.
2439 4697 2574 4778 Nam
2609 4698 2698 4752 ubi
2733 4697 2904 4778 magis
2950 4696 3322 4778 necessarium
3350 4704 3431 4778 est
3453 4704 3524 4778 _ut
3551 4707 3671 4773 scr-

414 4763 608 4820 veinur
635 4782 677 4848 a_
697 4766 855 4822 Patre.
882 4785 1044 4848 quam
1072 4771 1124 4824 in
1149 4772 1378 4848 mundo,
1415 4763 1575 4848 quem
1609 4773 1739 4827 dicit
1765 4771 2005 4848 Joannes
2029 4788 2042 4824 :
2079 4768 2192 4848 «Et
2222 4768 2472 4848 mundus.
2499 4763 2881 4848 totusipositus
2905 4778 2988 4822 est
3015 4767 3068 4848 in
3096 4764 3377 4848 maligno?
3407 4763 3593 4848 inllellt
3615 4763 3668 4848 in

412 4838 766 4917 sequentibus
788 4857 818 4917 ε.
845 4858 862 4891 ι
895 4837 966 4894 Ut
997 4839 1232 4895 mundus
1255 4835 1670 4917 credat'guiatu
1703 4859 1788 4897 me
1805 4841 2080 4917 misisti.)
2105 4837 2253 4917 Ergo
2283 4838 2438 4893 locus
2461 4838 2578 4899 iste,
2611 4835 2938 4917 et'homines
2958 4836 3048 4917 qui
3083 4845 3209 4890 sunt
3231 4835 3283 4888 in
3307 4850 3372 4890 eo
3410 4835 3672 4917 dicuntur

413 4907 672 4978 mulrtdus,
708 4909 908 4978 quibus
940 4926 1020 4965 vze
1043 4927 1071 4964 a
1105 4911 1396 4966 scandalis.
1435 4907 1702 4968 omnibus
1731 4915 1875 4966 enim
1912 4907 2247 4972 hominibus,
2276 4923 2414 4978 quos
2446 4917 2626 4962 tamen
2676 4908 2932 4963 scandala
2980 4907 3198 4961 vincere
3243 4912 3493 4975 possunt,
3530 4919 3610 4958 va:
3637 4918 3678 4956 ιι

411 4977 706 5056 εεειιιιιθιὶε.
730 4977 887 5044 Quod
918 4997 1025 5034 non
1059 4982 1300 5056 procedit
1330 4993 1388 5038 ut
1417 4983 1483 5037 de
1505 4983 1790 5056 clementis
1821 4981 2008 5035 mundi
2038 4977 2426 5056 intelligamus.
2478 5046 2512 5056 __
2545 5044 2566 5056 ‘
2721 5046 2737 5056 _
2803 5045 2818 5056 _
3081 5043 3097 5056 ‘
3216 5043 3228 5056 ο
3308 5051 3320 5056 _
3619 5043 3630 5054 _

484 5046 574 5100 2|.
612 5047 667 5100 Si
699 5043 880 5126 autem
913 5067 992 5105 va:
1024 5043 1107 5126 est
1133 5051 1338 5108 mundo
1368 5052 1862 5126 a_scai_rdal_is._non
1897 5061 2076 5126 amem
2106 5043 2238 5126 sunt
2264 5046 2515 5118 discipuli
2539 5044 2665 5101 Jesu
2705 5045 2909 5126 delrec
2932 5043 3327 5126 mundotsicnt
3355 5059 3457 5099 nec
3491 5043 3666 5126 magi-

412 5123 525 5198 ster
557 5132 747 5198 eorum
797 5120 863 5173 de
895 5121 1096 5198 mundo
1136 5132 1244 5198 est,
1278 5122 1482 5177 nemini
1515 5122 1920 5198 discipulorum
1944 5119 2147 5198 Qhristi
2180 5115 2983 5198 potestesseascandalis‘vm:
3013 5117 3273 5198 quoniam
3308 5131 3326 5164 ι
3363 5130 3465 5198 pax
3488 5115 3672 5198 multa:

411 5186 759 5267 diligentibus
809 5205 1006 5244 nomen
1057 5190 1172 5256 Dei,
1201 5184 1272 5267 _et
1313 5208 1442 5267 non_
1469 5200 1553 5246 est
1601 5184 1709 5245 illis
1755 5184 2259 5267 scandal_um:_t_'Si
2298 5196 2477 5267 autem
2508 5186 2704 5267 aliquis
2733 5185 3340 5267 videtur.quidem.csse
3367 5184 3670 5267 discipulus

412 5253 637 5336 tIhr'isti,
666 5259 842 5338 adhuc
868 5270 1048 5315 autem
1081 5253 1168 5316 est
1183 5262 1249 5316 de
1271 5262 1502 5338 mundo,
1535 5271 1817 5338 prepterca
1845 5262 1990 5329 quod
2019 5259 2195 5338 diligit
2224 5253 2908 5338 mundumhetquaasunt
2946 5253 3001 5309 ili
3033 5269 3118 5319 ϐο,
3150 5253 3201 5338 it!
3234 5262 3340 5338 es“.
3369 5264 3464 5306 aut
3500 5254 3665 5338 νῖῑένιξ

415 5325 572 5404 istam
599 5331 896 5404 carnalem,
931 5333 1423 5404 aut‘possessiones
1459 5325 1614 5385 ter-ra:
1637 5325 1822 5404 istius,
1852 5325 1947 5384 aut
1969 5325 2248 5401 pecunias,
2269 5339 2370 5404 aut
2395 5326 2628 5404 speciem
2653 5325 3112 5404 qualemcunque,
3148 5332 3214 5404 ut.
3239 5336 3360 5404 pou,
3379 5325 3677 5404 conveniat

411 5398 461 5448 ei
485 5397 626 5476 quod
659 5399 863 5476 dictum
907 5410 990 5456 est
1019 5393 1304 5470 discipulis
1341 5400 1494 5476 Jesu,
1545 5393 1878 5476 quoniam}
1916 5393 2024 5455 non
2061 5398 2318 5476 _sunt__de
2359 5393 2564 5476 mundo
2595 5413 2608 5450 :
2650 5393 2686 5445 ι’
2704 5395 3050 5476 sipe__dubio_
3070 5393 3388 5463 possidebit,
3413 5393 3568 5474 quasi
3599 5393 3674 5447 do-

415 5463 617 5522 mu'ndo
648 5471 998 5535 constitutus,
1032 5491 1049 5522 ι
1080 5463 1180 5540 vae,
1223 5490 1242 5522 ι
1282 5471 1429 5542 quod
1469 5463 1674 5526 mundo
1703 5469 1949 5526 accidere
1994 5470 2154 5526 solet.
2205 5465 2262 5521 Si
2289 5482 2420 5536 ergo
2453 5465 2704 5522 volumus
2734 5465 3008 5519 declinare
3037 5463 3140 5518 hoc
3167 5477 3269 5532 van,
3301 5463 3674 5533 suscipiamus

3312 5601 3359 5634 "
3393 5600 3526 5657 ibid.
3569 5599 3671 5656 9.5..

1581 5612 1628 5644 "
1654 5612 1783 5668 ibid.
1821 5612 1908 5666 M.
2013 5610 2058 5642 ⁸³
2089 5607 2128 5662 ll
2169 5608 2296 5662 Cor.
2335 5623 2408 5674 tv,
2456 5606 2540 5663 l8.
2645 5605 2690 5637 ³⁵
2717 5603 2876 5660 ιοιιιι.
2928 5618 3060 5674 xvn,
3113 5602 3199 5657 16.

476 5612 698 5682 ’fJoan.
742 5629 878 5682 xvu,
916 5614 1002 5668 ιι.
1112 5614 1156 5646 οι
1192 5613 1358 5681 ιδιά..
1393 5614 1478 5668 ιδ.

416 5679 462 5711 ’⁸
493 5680 647 5736 Rom.
693 5700 731 5749 ι,
759 5683 812 5739 8.
863 5679 935 5717 ὐτ
977 5684 1121 5740 Psal.
1152 5679 1353 5750 cxvnl,
1400 5683 1522 5738 165.

487 5790 600 5857 (49)
645 5794 756 5848 Τὸν
806 5795 989 5864 νόμον
1035 5794 1140 5850 τοῦ
1179 5794 1348 5850 Θεοῦ.
1388 5793 1570 5850 Codex
1610 5791 1831 5864 Regius,
1888 5789 1975 5845 τὸν
2007 5789 2162 5844 Θεὸν.

2013 5610 2058 5642 ⁸³
2089 5607 2128 5662 ll
2169 5608 2296 5662 Cor.
2335 5623 2408 5674 tv,
2456 5606 2540 5663 18.
