4146 6434
371 355 514 411 1155

1864 346 2028 404 OBIG
2036 345 2191 403 ΕΝΙὸ

3512 349 3652 407 1156

372 471 767 531 mentationem
806 483 836 526 e
873 467 1176 538 Scripturis
1209 466 1502 533 lucubrare
1549 467 1756 538 possit;
1813 466 1887 522 ita
1920 475 1964 522 el

2077 467 2146 535 ὲφ
2185 459 2266 528 οῖς
2310 463 2562 518 λέλεκται
2594 463 2652 518 τὸ
2700 464 2840 518 οὐαί.
2882 464 3001 518 Ἔτι
3029 463 3086 519 δὲ
3127 463 3226 520 καὶ⁸
3268 464 3348 528 εἰς
3395 463 3456 519 τὸ
3487 467 3671 538 χεῖρον

367 582 436 623 ex
484 565 591 621 illis
635 579 714 618 vae
761 576 883 632 quae
932 559 1150 630 scriptis
1198 558 1456 613 mandata
1497 567 1646 625 sunt,
1693 567 1748 613 et
1790 574 1853 612 ex
1899 557 1967 613 iis

372 665 592 730 propter
623 671 762 726 quas
790 669 871 708 vas
902 652 1316 722 pronuntiatum
1347 659 1450 706 est.
1481 648 1662 720 Super
1687 666 1753 706 eo
1780 660 1962 704 autem

372 751 521 822 quod
576 749 734 820 pejus
779 749 846 802 sit
894 762 976 802 va:
1017 743 1376 800 offensionem
1421 743 1754 813 praebentis,
1799 757 1963 813 quam

368 841 519 898 illius
547 841 640 911 qui
669 839 896 909 patitur,
925 837 1072 892 hunc
1099 845 1361 906 praeterea
1395 835 1573 888 locum
1627 833 1874 904 proferes
1899 834 1918 864 '
1951 851 1963 887 :

377 949 397 982 ι
427 931 529 998 Qui
559 940 740 986 autem
785 928 1238 984 scandalizaverit
1279 940 1446 986 unum
1479 925 1546 979 de
1575 924 1788 994 pusillis
1825 923 1966 990 istis,

372 1023 467 1094 qui
514 1024 568 1077 in
619 1037 707 1077 me
749 1022 1010 1086 credunt,
1059 1019 1279 1088 expedit
1302 1017 1386 1083 ei,
1424 1033 1444 1070 θ
1481 1025 1537 1071 ει
1567 1025 1782 1071 caetera.
1828 1015 1966 1069 Cum

371 1115 518 1171 enim
569 1123 790 1185 propter
823 1111 1092 1166 offensum
1126 1107 1411 1179 parvulum
1457 1122 1632 1177 pmnae
1670 1107 1738 1161 ab
1775 1120 1842 1161 eo
1871 1105 1967 1175 qui

373 1208 724 1265 oflensionem
758 1205 988 1275 praebuit
1015 1203 1328 1272 exiguntur,
1371 1215 1534 1272 grave
1565 1199 1695 1253 illud
1729 1207 1785 1252 et
1825 1199 1969 1253 into-

374 1299 595 1355 lerabile
621 1298 689 1352 de
731 1312 840 1367 quo
875 1299 1139 1366 scriptum
1185 1301 1290 1360 est,
1338 1293 1482 1346 circa
1522 1289 1841 1345 oﬂensionis
1869 1304 1968 1344 auo

373 1402 584 1448 ctorem
613 1389 822 1460 alligari
860 1387 1098 1458 expedit.
1134 1384 1202 1438 At
1249 1385 1362 1438 hac
1392 1383 1435 1437 si
1465 1383 1650 1435 animo
1678 1379 1844 1434 altius
1873 1380 1969 1434 de-

372 1485 689 1554 tigeremus,
735 1480 994 1534 daremus
1024 1491 1243 1547 operam
1289 1474 1531 1545 profecto
1557 1487 1624 1528 ne
1660 1490 1679 1523 ι
1714 1486 1967 1542 peccare-

375 1591 500 1630 mus
526 1575 593 1641 in
633 1571 851 1635 fratres,
899 1578 952 1624 et
995 1575 1406 1637 percuteremus
1439 1561 1834 1618 conscientiam
1872 1576 1968 1617 eo-

381 1683 503 1721 rum
536 1667 822 1730 infirmam,
862 1682 879 1715 υ
912 1680 982 1718 ne
1020 1683 1038 1716 ‹
1073 1663 1125 1716 in
1159 1660 1436 1717 Christum
1474 1673 1827 1730 peccaremus
1857 1657 1898 1721 ⁸,
1940 1675 1958 1709 ι

381 1759 736 1829 pereuntibus
771 1771 914 1827 saepe
957 1755 1216 1811 fratribus
1259 1753 1486 1818 nostris,
1539 1760 1800 1822 «propter
1827 1765 1966 1820 quos

373 1847 626 1900 Christus
676 1854 925 1898 mortuus
975 1851 1098 1906 est,
1159 1862 1177 1892 ι
1211 1857 1318 1895 ηοη
1367 1855 1464 1910 per
1501 1847 1746 1894 nostram
1790 1838 1966 1893 solum

373 1938 680 2003 scientiam,
728 1936 822 1992 sed
857 1936 964 1990 alia
1009 1937 1173 1990 etiam
1228 1933 1529 1998 nonnulla;
1574 1939 1797 2002 propter
1833 1943 1973 2000 quos

2073 553 2213 610 εἶναι
2253 556 2315 609 τὸ
2357 555 2465 608 ἀπὸ
2497 555 2591 609 τοῦ
2645 553 3090 620 σκανδαλίζοντος
3135 556 3260 609 οὐαὶ
3293 555 3447 627 παρὰ
3480 557 3542 610 τὸ
3572 555 3669 611 τοῦ

2076 646 2564 718 σκανδαλιζομένου
2595 649 2971 720 παραστήσεις
3001 649 3094 701 τό·
3133 667 3151 701 ι
3195 651 3292 713 Ὃς
3330 649 3374 702 δ’
3404 649 3470 703 ἂν
3505 665 3671 703 σκαν-

2072 742 2265 815 δαλίσῃ
2303 742 2398 794 ἕνα
2428 740 2536 794 τῶν
2573 741 2786 813 μικρῶν
2813 741 3017 794 τούτων
3049 741 3158 795 τῶν
3189 741 3556 797 πιστευόντων
3585 745 3670 808 εἰς

2073 831 2197 901 ἐμὲ,
2250 833 2518 903 συμφέρει
2561 831 2731 902 αὐτῷ,
2793 851 2810 883 ι
2849 832 2944 887 καὶ
2995 832 3064 886 τά
3093 833 3241 903 ἐξῆςο
3283 834 3671 905 ὲκδικουμένου

2074 923 2183 996 γάρ
2217 922 2310 977 τοῦ
2348 923 2830 987 σκανδαλισθέντος
2873 925 3073 995 μικροῦ
3109 925 3217 978 ἀπὺ
3251 925 3346 979 τοῦ
3385 924 3672 979 σκανδαλι-

2076 1033 2268 1079 σαντος
2300 1015 2488 1080 αὑτὸν,
2523 1015 2764 1069 τοιοῦτον
2803 1015 3074 1088 συμφέρει
3112 1016 3250 1087 βαρὺ
3294 1017 3389 1070 καὶ
3435 1017 3672 1070 δυσυπο-

2078 1107 2308 1179 μόνητον
2351 1106 2380 1160 ὃ
2429 1106 2843 1178 ἀναγέγραπται
2879 1103 3019 1160 εἶναι
3067 1108 3196 1178 περὶ
3240 1108 3332 1161 τοῦ
3381 1107 3671 1162 σκανδαλι-

2075 1203 2277 1267 ζοντος*
2305 1203 2482 1256 ταῦτα
2507 1202 2566 1255 δὲ
2595 1203 2642 1254 si
2672 1200 3096 1273 ἐπιμελέστερον
3121 1201 3432 1272 ἐννοοῦμεν,
3467 1202 3675 1271 ἐφυλα-

2075 1292 2286 1364 ξάμεθα
2320 1293 2388 1346 ἂν
2425 1312 2443 1344 ι
2494 1293 2832 1364 ἁμαρτάνειν
2863 1292 2944 1355 εἰς
2970 1292 3099 1354 τοὺς
3129 1293 3416 1362 ἀδελφοὺς,
3451 1294 3548 1346 καὶ
3578 1293 3673 1346 τύ-

2072 1401 2229 1438 πτειν
2284 1383 2462 1438 αὐτῶν
2505 1383 2604 1454 τὴν
2655 1381 2962 1452 συνείδησιν
3007 1366 3364 1446 ἀσθενοῦσαν,
3399 1401 3419 1434 ι
3470 1383 3557 1437 ἵνα
3593 1383 3669 1455 μὴ

2077 1497 2098 1529 ι
2135 1480 2214 1542 εἰς
2240 1475 2472 1550 Χριστὸν
2500 1477 2925 1548 ἀμαρτάνωμεν,
2955 1494 2973 1528 t
3001 1475 3260 1539 πολλάκις
3275 1475 3664 1542 ἀπολλυμένων

2073 1569 2133 1623 οὐ
2172 1569 2330 1640 μόνον
2363 1571 2428 1640 τῇ
2474 1567 2721 1639 ἡμετέρᾳ.
2758 1566 2988 1635 γνώσει,
3032 1565 3166 1619 άλλά
3204 1567 3300 1619 καὶ
3340 1566 3521 1629 ἄλλοις
3557 1566 3668 1618 τισὶ

2072 1661 2182 1714 τῶν
2217 1661 2344 1732 περὶ
2377 1661 2525 1731 ἡμᾶς
2554 1657 2822 1728 ἀδελφῶν,
2859 1677 2876 1708 ι
2919 1656 2987 1710 δι’
3019 1655 3113 1720 οὓς
3145 1659 3174 1709 ό
3203 1657 3438 1729 Χριστὸς
3471 1655 3669 1710 ἀπέθαψ

2073 1769 2183 1816 νεν,
2221 1771 2238 1804 ι
2279 1753 2364 1822 ἐφ’
2389 1747 2471 1814 οἷς
2503 1750 2584 1815 εἰς
2624 1749 2862 1821 Χριστὸν
2899 1749 3307 1820 ἁμαρτάνοντες
3338 1749 3564 1820 τίσομεν
3589 1749 3639 1802 δε

2076 1858 2200 1906 κας,
2255 1841 2640 1913 ὲνδικουμένης
2679 1841 2776 1912 τῆς
2822 1839 2928 1892 τῶν
2973 1840 3040 1892 δι’
3083 1841 3231 1910 ἡμᾶς
3281 1840 3667 1911 ἀπολλυμένων

2077 1929 2255 2001 ψυχῆς
2283 1931 2344 1995 ἐξ
2373 1933 2550 2026 quem

372 2029 660 2100 punientur
687 2041 814 2095 erga
863 2024 1143 2080 Christum
1178 2032 1466 2092 peccantes
1489 2035 1615 2075 cum
1657 2019 1729 2074 ob
1763 2020 1975 2074 animas
2017 2028 2202 2076 nostra
2235 2019 2576 2091 pereuntium
2611 2037 2776 2077 causa
2825 2035 3000 2092 pinna:
3028 2037 3058 2076 a
3101 2021 3260 2078 nobis
3292 2034 3663 2094 reposcentur.

435 2122 533 2175 25.
577 2120 840 2190 Deinceps
884 2134 1014 2174 vero
1043 2119 1465 2173 examinandum
1495 2126 1579 2171 est
1612 2116 1958 2183 vocabulum,

2135 2117 2292 2172 Μετὰ
2319 2117 2492 2172 ταῦτα
2525 2119 2874 2190 βασανιστέον
2899 2120 2958 2172 τὸ
2991 2137 3010 2170 ι
3041 2119 3140 2190 τῆς
3173 2120 3418 2192 ἀνάγκης
3448 2140 3468 2173 ι
3496 2122 3667 2193 ὄνομα

377 2230 398 2264 ς
440 2228 684 2275 necesse,
722 2231 740 2262 ι
779 2212 924 2282 quod
969 2211 1203 2264 habetur
1249 2209 1355 2264 hoc
1404 2209 1525 2264 loco
1557 2211 1577 2241 τ
1615 2227 1628 2263 :
1677 2227 1696 2260 ι
1734 2207 1966 2263 Νεεεεεε

373 2315 459 2362 εει
493 2305 639 2360 enim
676 2314 734 2359 ut
772 2304 994 2359 veniant
1039 2301 1334 2365 scandala,
1371 2320 1393 2350 τ
1436 2309 1491 2357 ει
1536 2301 1681 2371 quod
1714 2301 1763 2355 ei
1797 2299 1966 2369 mqui-

374 2399 517 2453 valet
560 2398 701 2468 apud
749 2395 950 2451 Lucam
975 2395 997 2426 ³
1029 2414 1040 2449 :
1075 2414 1094 2447 ι
1127 2393 1440 2448 ἀνένδεκτον
1480 2403 1563 2448 εει
1622 2400 1711 2446 ιιι.
1740 2408 1849 2446 non
1876 2405 1968 2446 ve-

375 2489 528 2546 niant
554 2487 808 2545 scandala
830 2529 844 2552 ,
885 2505 904 2539 »
935 2503 1032 2558 pro
1060 2488 1324 2542 ἀδύνατον
1355 2494 1440 2541 εει
1475 2507 1486 2540 :
1521 2493 1574 2540 ει
1608 2483 1966 2554 quemadmo—

373 2582 503 2637 dum
537 2579 844 2636 necessario
873 2577 1060 2634 interit
1085 2579 1234 2649 quod
1278 2575 1511 2633 mortale
1534 2583 1646 2639 est,
1679 2575 1792 2630 ﬁeri
1819 2575 1964 2630 enim

373 2687 484 2726 non
534 2679 731 2742 potest,
783 2673 915 2744 quin
954 2673 1218 2737 intereat;
1259 2677 1315 2725 et
1357 2666 1672 2724 necessario
1703 2666 1962 2729 nutritur,

372 2765 466 2834 qui
511 2779 808 2836 corporeus
836 2772 954 2825 est;
999 2764 1113 2818 fieri
1157 2759 1303 2817 enim
1343 2774 1452 2815 non
1490 2767 1669 2829 potest
1700 2766 1761 2814 ut
1796 2757 1963 2822 vivat,

373 2857 464 2926 qui
493 2872 602 2911 non
646 2856 929 2923 nutritur;
980 2855 1054 2910 ita
1090 2852 1402 2910 necessario
1444 2849 1769 2906 exoriuntur
1801 2863 1964 2904 scan-

375 2948 518 3013 dala,
547 2963 649 3004 nec
677 2949 833 3003 aliter
855 2947 976 3002 ﬁeri
1011 2953 1210 3016 potest,
1246 2958 1369 2999 eum
1398 2941 1540 2996 inter
1569 2941 1820 2996 homines
1849 2939 1964 2994 vir-

377 3051 547 3096 tutem
581 3039 892 3095 necessario
917 3037 1191 3108 praecedat
1217 3033 1480 3104 nequitia,
1512 3047 1543 3086 a
1577 3048 1686 3103 qua
1710 3032 1964 3088 scandala

376 3130 654 3201 profluunt
683 3149 696 3184 :
723 3129 838 3184 fieri
870 3128 1139 3199 siquidem
1169 3140 1277 3180 non
1311 3133 1488 3195 potest
1515 3133 1575 3178 ut
1598 3123 1760 3178 homo
1785 3124 1965 3180 omnis

377 3238 574 3293 expers
627 3221 801 3292 culpae
848 3219 1192 3292 reperiatur,
1238 3217 1405 3288 602
1454 3216 1657 3287 quique
1706 3214 1963 3269 virtutem

379 3316 587 3385 absque
616 3320 841 3384 peccato
872 3309 1223 3381 capessiverit
1253 3327 1268 3366 :
1293 3325 1421 3365 nam
1452 3324 1574 3380 qua:
1603 3306 1826 3364 nefariis
1861 3324 1964 3379 po-

375 3407 668 3463 testatibus
718 3406 860 3460 inest
904 3404 1150 3471 malitia,
1211 3419 1335 3460 cum
1407 3403 1691 3457 hominum
1743 3401 1966 3456 malitiae

2075 2211 2132 2264 έν
2163 2211 2242 2282 τῷ
2266 2227 2279 2240 ο
2317 2231 2335 2262 ι
2378 2211 2617 2282 Ἀνάγκη
2647 2212 2756 2284 γάρ
2803 2213 2950 2264 ἔστιν
2983 2211 3158 2264 ἐλθεῖν
3196 2212 3264 2266 τὰ
3295 2213 3563 2268 σκάνδαλα
3588 2253 3602 2277 ,
3639 2233 3658 2264 ι

2074 2303 2167 2357 καὶ
2199 2303 2261 2356 τὸ
2295 2302 2647 2374 ἰσοδυναμοῦν
2673 2301 2824 2375 αὐτῷ
2854 2303 3006 2375 παρά
3041 2302 3120 2374 τῷ
3166 2305 3383 2376 Λουκᾷ·
3426 2323 3446 2358 t
3488 2303 3665 2360 Ἀνέν-

2072 2395 2259 2448 δεκτόν
2282 2394 2398 2448 ὲστι
2423 2393 2519 2447 τοῦ
2555 2394 2630 2465 μὴ
2663 2393 2838 2447 ἐλθεῖν
2866 2394 2936 2446 τά
2975 2394 3249 2449 σκάνδαλα
3271 2434 3286 2460 ,
3322 2414 3341 2447 ι
3377 2395 3500 2449 ἀντὶ
3528 2393 3660 2460 τοῦ,

2077 2503 2098 2537 ι
2131 2487 2418 2542 ἀδύνατον
2464 2506 2482 2538 ι
2511 2487 2603 2540 καὶ
2627 2485 2818 2558 ὥσπερ
2850 2486 3062 2558 ἀνάγκη
3097 2487 3158 2540 τὸ
3191 2487 3384 2558 θνητὸν
3429 2486 3665 2558 ἀποθνή-

2077 2594 2247 2644 σκειν,
2277 2581 2372 2634 καὶ
2394 2579 2707 2633 ἀνένδεκτω
2729 2579 2863 2633 αὐτὸ
2885 2578 2959 2651 μὴ
2984 2579 3300 2643 ἀποθανεῖν,
3333 2579 3426 2633 καὶ
3450 2579 3661 2650 ἀνάγκη

2071 2671 2369 2742 τρέφεσθαι
2423 2669 2514 2723 τὸν
2560 2671 2620 2723 ὲν
2663 2669 2909 2742 σώματι“
2958 2670 3270 2724 ἀνένδεκτον
3310 2669 3420 2742 γάρ
3461 2669 3552 2723 τὸν
3587 2668 3661 2741 μὴ

2072 2765 2405 2836 τρεφόμενον
2455 2763 2580 2835 ζῇν·
2623 2763 2796 2827 οὕτως
2835 2762 3050 2835 ἀνάγκη
3090 2764 3184 2816 καὶ
3216 2763 3532 2818 ἀνένδεκτον
3587 2763 3660 2834 μὴ

2071 2855 2248 2910 ἐλθεῖν
2269 2856 2338 2910 τά
2377 2854 2680 2919 σκάνδαλα,
2715 2856 2839 2908 ἐπεὶ
2875 2856 3090 2926 ἀνάγκη
3125 2857 3219 2910 καὶ
3259 2855 3662 2926 προϋφεστάναι

2069 2951 2170 3021 τὴν
2201 2950 2396 3004 κακίαν
2424 2949 2524 3020 τῆς
2567 2948 2772 3022 ἀρετῆς
2804 2949 2862 3002 ὲν
2885 2947 3215 3019 ἀνθρώποις,
3245 2949 3340 3020 ἀφ’
3365 2946 3434 3022 ἦς
3467 2949 3663 3014 κακίας

2070 3041 2140 3095 τὰ
2171 3041 2478 3096 σκάνδαλαο
2516 3041 2834 3094 ἀνένδεκτον
2871 3042 2978 3114 γάρ
3013 3043 3162 3094 ἐστιν
3185 3041 3473 3114 ἄνθρωπον
3509 3044 3664 3114 εὑρε-

2072 3134 2228 3205 θῆναι
2257 3134 2435 3205 πάντη
2466 3133 2874 3204 ἀναμάρτητον,
2905 3135 2999 3187 καὶ
3023 3134 3193 3205 χωρὶς
3214 3134 3491 3206 ἁμαρτίας
3517 3135 3664 3187 ἀνει-

2071 3224 2278 3296 ληφότα
2293 3223 2393 3295 τὴν
2421 3223 2621 3294 ἀρετήν
2645 3238 2658 3252 °
2693 3224 2726 3294 ἡ
2755 3222 2862 3293 γάρ
2888 3225 2946 3276 ὲν
2966 3224 3086 3287 ταῖς
3107 3227 3371 3295 πονηραῖς
3398 3223 3661 3295 δυνάμεσι

2070 3315 2259 3378 κακία,
2294 3315 2570 3386 ἀρχηγικὴ
2600 3312 2941 3384 τυγχάνουσα
2969 3314 3070 3384 τῆς
3110 3315 3169 3367 ὲν
3215 3313 3521 3386 ἀνθρώποις
3559 3332 3659 3368 κα-

2072 3406 2234 3470 κίας,
2270 3405 2480 3468 πάντας
2519 3405 2634 3475 (54)
2667 3405 2814 3477 ὁρμᾷ
2844 3404 2939 3458 ἐπὶ
2984 3405 3046 3458 τὸ
3077 3405 3166 3459 διά
3212 3423 3371 3459 τινων
3415 3407 3660 3476 ὀργάνων

379 3513 546 3555 causa
579 3497 654 3553 sit
695 3506 747 3552 et
797 3496 972 3566 origo,
1017 3511 1204 3550 omnes
1238 3493 1507 3559 concitat,
1553 3503 1613 3549 ut
1663 3507 1760 3564 per
1787 3492 1964 3564 aliqua

2072 3499 2365 3573 ἐνεργῆσαι
2393 3497 2534 3552 κατά
2565 3497 2675 3551 τῶν
2704 3497 2799 3552 τοῦ
2829 3497 3034 3569 κόσμου
3072 3497 3405 3570 ἀνθρώπων·
3436 3501 3577 3570 τάχα
3602 3499 3661 3552 δὲ

378 3591 742 3647 instrumenta
784 3589 1046 3644 adversus
1093 3587 1343 3642 homines
1376 3586 1468 3657 qui
1501 3584 1554 3639 in
1598 3584 1800 3639 mundo
1841 3593 1970 3641 sunt

379 3692 672 3753 operentur
698 3700 712 3737 :
735 3681 966 3737 fortasse
989 3681 1153 3737 etiam
1189 3679 1362 3750 magis
1397 3678 1679 3733 irritantur
1707 3677 1968 3748 improbat

379 3785 694 3846 potestates,
739 3789 867 3831 cum
912 3776 1080 3831 verbo
1109 3773 1241 3830 Jesu
1285 3773 1659 3843 depelluntur,
1690 3781 1744 3827 et
1775 3787 1966 3827 earum

381 3869 724 3924 imminuitur
749 3870 949 3936 cultus,
981 3883 1080 3924 nec
1113 3868 1276 3924 solita
1310 3867 1390 3923 eis
1417 3864 1686 3923 sacrificia
1727 3863 1964 3920 offerun-

380 3966 489 4024 tur,
520 3969 576 4015 et
599 3975 664 4016 ea
697 3957 903 4015 oboriri
943 3974 1168 4016 necesse
1193 3967 1296 4028 est,
1329 3972 1438 4014 non
1471 3966 1652 4014 autem
1685 3971 1783 4026 per
1810 3955 1961 4012 illum

2073 3591 2167 3645 καὶ
2187 3589 2368 3643 πλεῖον
2399 3589 2453 3644 αῖ
2485 3590 2720 3660 πονηραὶ
2750 3588 3010 3660 δυνάμεις
3043 3589 3423 3663 ἐξαγριοῦνται
3465 3591 3662 3645 ἐκϐαλε-

2071 3684 2294 3754 λόμεναι
2315 3681 2394 3753 τῷ
2427 3682 2570 3752 λόγῳ
2597 3680 2690 3735 τοῦ
2726 3681 2924 3753 Ἰησοῦ,
2958 3682 3052 3736 καὶ
3076 3683 3403 3755 μειουμένης
3428 3683 3527 3750 τῆς
3565 3684 3660 3737 λα-

2071 3775 2256 3848 τρείας
2287 3774 2489 3837 αὐτῶν,
2515 3773 2621 3826 τῶν
2646 3772 2848 3844 ὲθίμων
2879 3773 3080 3827 θυσιῶν
3113 3773 3296 3839 αὐτοῖς
3320 3775 3381 3828 οὐ
3420 3793 3661 3847 προσφε-

2075 3868 2341 3940 ρομένων,
2372 3865 2466 3921 καὶ
2483 3867 2700 3940 ἀνάγκη
2720 3866 2839 3920 ἐστὶ
2870 3865 3046 3921 ταῦτα
3070 3865 3244 3922 ἐλθεῖν
3262 3908 3276 3933 ,
3312 3869 3412 3921 οὐκ
3443 3868 3658 3940 ἀνάγκη

2067 3961 2126 4014 δὲ
2149 3959 2234 4013 διὰ
2264 3958 2417 4013 τοῦδέ
2442 3975 2586 4024 τινος
2618 3959 2726 4031 (55)
2747 3975 2759 3989 ·
2806 3959 2996 4032 διόπερ
3021 3959 3097 4026 ὡς
3123 3961 3288 4015 τόπον
3313 3960 3565 4015 δεδωκότι
3589 3965 3656 4034 τῇ

1600 4068 1739 4124 VET
1749 4068 1836 4124 US
1870 4067 2458 4125 INTERPRETATIO.

379 4165 618 4238 asinaria
647 4166 786 4238 collo
814 4168 956 4238 ejus,
992 4175 1047 4223 et
1069 4166 1416 4238 demergatur
1459 4163 1514 4218 in
1559 4162 2124 4238 profundummaris,
2161 4183 2180 4217 ι
2220 4166 2478 4238 quoniam
2503 4164 2583 4220 sic
2617 4164 2860 4220 vindicat
2889 4164 3032 4220 Deus
3057 4179 3151 4219 eos
3177 4163 3270 4234 qui
3301 4163 3656 4238 scandalizati

379 4235 585 4291 fuerint
610 4237 679 4291 ab
709 4238 790 4294 eis
837 4234 932 4308 qui
978 4234 1518 4308 scandaliziaverunt,
1549 4243 1756 4308 etquae
1789 4234 2215 4308 intelligeremus
2241 4237 2560 4308 timeremus
2589 4253 2607 4289 :
2637 4251 2916 4304 nunquam
2949 4249 3303 4304 peccaretnus
3337 4235 3392 4288 in
3433 4236 3654 4308 fratres,

380 4317 481 4377 nec
511 4303 918 4377 percuteremits
967 4307 1334 4362 conscientias
1377 4320 1567 4360 eorum
1616 4303 1896 4377 infirmas,
1920 4303 2019 4377 pro
2057 4307 2269 4377 Aquilius
2297 4306 2552 4377 Christus
2583 4303 2835 4359 mortuus
2865 4303 2968 4368 est,
2997 4312 3220 4377 prapter
3240 4320 3381 4374 quos
3409 4307 3566 4377 quasi
3602 4307 3654 4360 in

377 4373 657 4447 Christum
694 4385 981 4447 peccantes
1005 4377 1312 4432 subibimus
1339 4389 1552 4447 punias,
1581 4387 1711 4447 cum
1747 4373 2022 4447 requisita:
2049 4373 2250 4430 fuerint
2273 4376 2470 4430 animae
2499 4389 2620 4447 quae
2647 4383 2865 4443 propter
2897 4373 3011 4430 nos
3025 4373 3304 4447 perierunt
3335 4391 3402 4430 ex
3429 4373 3616 4447 nobis.

454 4446 548 4500 23.
594 4443 798 4501 Deinde
827 4448 1111 4502 videamus
1140 4443 1420 4515 quomodo
1465 4444 1765 4515 intelligere
1804 4443 2100 4515 debeamus
2146 4447 2292 4514 quod
2341 4447 2464 4500 ait:
2496 4443 2528 4496 ι
2554 4443 2786 4499 Necesse
2817 4455 2902 4500 est
2939 4443 3257 4515 utiveniant
3300 4446 3576 4500 scandala.
3631 4465 3651 4499 ν

381 4513 643 4570 Similiter
668 4517 813 4586 enim
839 4517 1060 4586 exponit
1091 4512 1255 4570 etiam
1298 4514 1474 4586 Lucas
1499 4514 1726 4568 dicens:
1764 4532 1782 4564 ι
1816 4512 2177 4586 lmpossibiie
2198 4523 2284 4586 est
2312 4523 2370 4570 ut
2403 4530 2511 4570 non
2553 4515 2773 4569 veniant
2801 4514 3078 4586 scandala.
3113 4533 3132 4564 ι
3167 4514 3236 4569 Ει
3264 4517 3406 4571 sicut
3433 4529 3657 4572 necesse

378 4593 463 4639 est
490 4584 773 4639 mortalem
810 4584 972 4651 mori,
1013 4596 1067 4642 et
1101 4585 1439 4654 impossibile
1473 4595 1557 4639 est
1585 4593 1646 4654 ut
1685 4598 1790 4638 non
1823 4585 2093 4638 moriatur
2123 4603 2136 4638 :
2164 4595 2216 4639 et
2247 4585 2643 4640 sicutnecesse
2677 4593 2761 4639 est
2785 4585 3116 4639 manducare
3146 4586 3423 4639 hominem
3454 4587 3506 4639 in
3530 4602 3656 4640 cur-

379 4669 509 4723 pore
539 4655 917 4716 constitutum,
941 4663 996 4710 et
1018 4653 1351 4724 impossibile
1381 4667 1462 4708 εει
1501 4665 1559 4724 ut
1587 4653 1705 4724 sine
1735 4668 1859 4724 esca
1884 4654 1976 4724 qui
2009 4655 2307 4723 corporalis
2333 4664 2436 4720 est,
2461 4655 2607 4708 vivat
2642 4672 2656 4708 :
2691 4655 2771 4709 sic
2798 4668 3021 4708 necesse
3049 4664 3136 4709 est
3159 4657 3345 4710 venire
3375 4656 3652 4721 scandala,

377 4731 434 4778 et
476 4724 812 4794 impossibile
856 4732 942 4779 est
986 4734 1047 4779 ut
1089 4723 1197 4779 non
1241 4724 1477 4794 veniant.
1508 4723 1574 4777 Et
1596 4723 1717 4794 vide
1749 4723 1794 4777 si
1828 4737 1983 4794 potes
2019 4728 2264 4793 accipere
2297 4725 2364 4779 ad
2403 4727 2710 4794 exemplum
2745 4725 3032 4786 malitiam,
3067 4741 3189 4794 quae
3228 4726 3280 4778 in
3313 4726 3652 4788 eadestihus,

377 4791 688 4850 necessarie
724 4795 1032 4865 copulatam
1080 4809 1201 4849 esse
1239 4793 1552 4848 virtutibus.
1596 4791 1932 4865 ltnpossiltile
1972 4803 2056 4850 est
2100 4791 2245 4848 enim
2299 4795 2528 4850 inveniri
2561 4791 2854 4850 hominem
2882 4791 3105 4849 omnino
3150 4797 3268 4849 sine
3317 4807 3562 4864 peccato,
3596 4808 3653 4851 et

373 4866 595 4936 absque
617 4863 837 4936 peccato
870 4865 1147 4934 suscipere
1170 4877 1331 4934 posse
1361 4865 1588 4936 virtutes
1621 4880 1633 4915 :
1663 4863 1790 4936 quia
1837 4879 1936 4917 nec
1965 4873 2145 4936 potest
2186 4880 2306 4920 esse
2334 4881 2521 4920 verum
2544 4865 2760 4936 bonum
2797 4866 2901 4919 nisi
2952 4866 3144 4920 habeat
3185 4863 3651 4935 impugnationem

377 4933 528 4989 mali.
565 4933 720 4990 Sicut
743 4951 875 5006 ergo
905 4933 1127 5006 necesse
1160 4933 1245 4990 est
1272 4935 1564 5006 sustinere
1575 4933 1838 5006 malitiam
1873 4933 2198 4998 cwlestium,
2227 4935 2645 5006 ctimpossibile
2678 4944 2764 4988 est
2793 4951 2912 4988 eam
2943 4950 3052 4989 non
3092 4933 3360 4990 sustinere
3397 4954 3410 4989 :
3449 4937 3529 4991 sic
3559 4951 3653 4991 ne-

377 5020 531 5061 cesse
555 5014 640 5060 est
685 5003 867 5061 venire
893 5005 1171 5072 scandala,
1199 5014 1254 5060 et
1283 5003 1623 5075 impossibile
1655 5011 1748 5075 est
1768 5012 1836 5075 ut_
1871 5019 1981 5056 non
2009 5006 2249 5075 veniant.
2286 5003 2521 5060 Maiime
2551 5007 2596 5060 si
2627 5006 2958 5060 intellexeris
2991 5006 3252 5059 malitiam
3284 5006 3647 5075 mnlignarum

377 5075 640 5129 virtutum
667 5076 1017 5146 principalem
1059 5090 1178 5131 esse
1209 5075 1430 5129 malitim
1461 5074 1550 5127 isti
1584 5087 1724 5146 qusi
1738 5073 1790 5126 in
1824 5073 2139 5146 hominibus
2181 5083 2285 5138 est,
2331 5085 2384 5130 et
2423 5091 2637 5144 semper
2665 5086 2997 5145 quaerentem
3033 5090 3235 5145 organa
3261 5073 3510 5145 quaedam
3557 5092 3653 5146 per

376 5141 796 5216 quzeoper'etur
839 5141 1100 5216 adversus
1149 5146 1394 5200 homines
1437 5141 1656 5216 mundi._
1684 5141 1935 5198 Forsitan
1989 5154 2166 5216 autem
2217 5155 2271 5200 et
2312 5141 2593 5199 irritantur
2637 5141 2810 5216 magis
2861 5141 3124 5216 malignai
3152 5141 3399 5206 virtutes,
3445 5141 3652 5215 quanto

378 5215 552 5285 magis
578 5213 816 5270 verbum
847 5216 1053 5270 Christi
1088 5215 1140 5269 in
1178 5215 1490 5285 hominibus
1519 5213 1858 5285 invalescens
1881 5215 2101 5282 expellit
2133 5216 2201 5269 ab
2229 5217 2311 5270 eis
2343 5217 2610 5285 malignas
2641 5213 2891 5280 virtutes,
2923 5213 3044 5284 quin
3079 5216 3229 5284 prius
3257 5213 3654 5270 consueverant

378 5283 624 5341 habitare
673 5289 728 5340 in
774 5287 972 5341 animis
1002 5301 1192 5341 eorum
1246 5303 1260 5339 :
1310 5294 1362 5338 ct
1396 5284 1669 5338 daemones
1702 5283 1795 5352 qui
1829 5284 2240 5340 delectabantur
2278 5286 2331 5339 in
2369 5283 2637 5356 sanguine
2680 5283 3117 5350 sacrificiorum,
3162 5287 3474 5342 irascuntur
3517 5287 3648 5341 dum

447 5409 467 5440 ⁸
496 5406 684 5462 Matth.
717 5423 869 5475 xvnt,
901 5407 953 5462 6.
1031 5406 1050 5437 ⁸
1077 5405 1094 5459 l
1121 5405 1249 5461 Cor.
1281 5421 1400 5469 vm,
1436 5406 1522 5471 if,
1559 5405 1640 5457 l2.
1719 5405 1737 5432 ⁷
1765 5403 1954 5458 Matth.
1990 5421 2143 5471 mn,
2183 5405 2235 5459 7.
2314 5406 2336 5437 ⁸
2369 5403 2502 5460 Luc.
2537 5421 2669 5467 xvii.
2705 5405 2750 5458 l.

2069 5544 2086 5576 ε
2129 5523 2359 5581 Necesse
2393 5534 2475 5580 est
2506 5524 2724 5594 quidem
2777 5522 2962 5578 venire
3014 5525 3299 5589 scandala;
3335 5539 3416 5578 vae
3462 5533 3645 5577 tamen

2065 5595 2114 5650 ei
2140 5605 2224 5649 est
2257 5595 2486 5658 homini,
2515 5597 2606 5664 qui
2635 5598 2780 5664 quod
2810 5607 3035 5650 necesse
3065 5602 3240 5664 estut
3268 5597 3358 5648 fiat
3387 5595 3438 5647 in
3477 5608 3636 5664 anm-

2069 5665 2158 5727 do,
2197 5666 2328 5720 vitio
2353 5681 2454 5719 suo
2482 5661 2611 5718 facit
2645 5661 2702 5716 nt
2724 5679 2818 5733 per
2841 5679 2899 5717 se
2926 5665 3037 5720 fiat.
3072 5684 3090 5717 ι
3135 5661 3267 5720 Vide
3293 5663 3640 5719 animadver-

2059 5737 2266 5791 sionem
2295 5744 2628 5806 sequcntcm.
2664 5735 2928 5789 [luerit-5.

447 5525 560 5596 (54)
589 5526 844 5592 Πάντας.
882 5525 1044 5581 Forte
1077 5524 1420 5596 scribendum
1453 5523 1690 5596 πάντως.

589 5596 698 5650 Καὶ
719 5590 954 5667 ἀνάγκη
979 5597 1108 5650 ἐστὶ
1129 5595 1323 5667 ταῦτα
1341 5595 1694 5667 ἐ.ἰσ¹)εῖν,-ρὺκ
1721 5590 1956 5660 ἀνάγκη

377 5662 567 5718 δέ’διά
597 5665 771 5718 τοῦδέ
797 5662 978 5732 τὴ·οᾴ
1013 5666 1161 5719 l'anl.
1187 5667 1204 5716 l
1231 5665 1504 5728 Cor.xr,9.
1554 5662 1915 5732 Hieronymus
1941 5677 1957 5714 :

386 5752 408 5786 ‹
439 5732 576 5785 Cum
631 5750 850 5790 necesse
881 5731 951 5789 sit
996 5736 1048 5788 in
1096 5737 1200 5788 isto
1255 5735 1457 5787 mundo
1506 5732 1618 5785 fieri
1669 5731 1946 5792 scamlala,

383 5804 760 5874 unusquisque
815 5820 913 5858 suo
963 5805 1093 5858 vitio
1137 5805 1408 5859 scandulis
1457 5812 1620 5873 patet.
1673 5821 1688 5851 ι
1748 5800 1876 5853 Item
1929 5816 1944 5850 :
