4146 6454
419 401 552 460 IIS?

1367 385 1721 444 COMMENT.
1762 383 1830 439 IN
1870 384 2289 442 MATTl-I/EUM
2327 383 2566 442 Τοιιυε
2606 382 2746 441 XIII.

3555 389 3695 444 “58

422 518 632 590 πονηρᾷ
663 512 911 586 ἐνεργείᾳ
947 508 1319 574 σκανδαλίζειν
1364 505 1772 580 προαιρουμένῃ
1814 504 1892 575 τῷ
1923 505 2010 558 ἀν-

2114 503 2423 574 quempiam
2453 522 2464 558 :
2495 504 2702 559 ideirco
2726 517 2807 560 vae
2830 502 3062 574 obtingit
3084 502 3292 559 homini
3321 504 3394 559 illi
3418 519 3514 575 per
3540 522 3705 576 quem

422 608 620 683 θρώπῳ
641 606 706 661 δι’
743 599 804 658 οὗ
826 604 886 657 τὸ
910 599 1202 655 σκάνδαλον
1232 599 1486 670 ἔρχεται,
1516 597 1729 666 γίνεται
1764 593 1823 647 τὸ
1863 593 2007 648 οὐαί.

417 699 508 772 Μὴ
545 699 774 770 νομίσῃς
819 697 876 750 δὲ
919 694 1079 764 φύσει
1120 691 1292 756 τινὰς,
1322 690 1416 744 καὶ
1444 689 1509 742 ἐκ
1557 687 1906 772 κατασκευῆς
1937 684 2011 739 τὰ

417 769 691 842 σκάνδαλα
713 769 852 838 εἶναι
886 781 1206 853 ἀνθρώπους
1228 778 1494 852 ζητοῦντα
1519 777 1632 849 (56)
1659 778 1727 830 δι’
1756 769 1830 829 ὧν
1856 775 2008 846 ἐλθῃο

413 880 491 946 ὡς
521 880 632 950 γὰρ
678 880 707 932 ό
737 876 870 941 Θεὸς
913 875 1142 930 θάνατον
1189 873 1290 928 οὐκ
1337 873 1613 944 ἐποίησεν,
1669 868 1842 933 οὕτως
1890 869 2011 922 οὐδὲ

416 972 690 1027 σκάνδαλα
719 969 960 1030 ἐκτισεν,
994 966 1128 1021 ἀλλὰ
1155 965 1216 1019 τὸ
1248 963 1594 1032 αὐτεξούσιον
1627 961 1919 1034 ἐγέννησεν
1954 961 2012 1013 ἐν

413 1079 526 1118 τισι
571 1062 635 1114 τὸ
686 1059 999 1123 σκάνδαλον,
1038 1057 1114 1130 μὴ
1160 1055 1500 1129 βουληθεῖσιν
1547 1053 1847 1124 ἀνατλῆναι
1885 1051 2012 1114 τοὺς

413 1153 558 1226 ὕπέρ
590 1151 791 1223 ἀρετῆς
830 1149 1044 1213 πόνους.

484 1414 598 1468 Καὶ
644 1413 808 1468 καλὸν
856 1412 953 1483 μὲν
989 1406 1080 1465 οὖν
1115 1412 1162 1464 εί
1193 1408 1480 1472 ἐπαινετὸς
1520 1407 1605 1480 εἴη
1659 1408 1687 1461 ό
1727 1405 2012 1477 ὀφθαλμὸς

412 1509 512 1561 καὶ
540 1509 573 1577 ἡ
605 1505 758 1578 χεὶρ,
793 1506 880 1558 ἵνα
927 1504 1001 1576 μὴ
1036 1504 1259 1574 δύνηται
1311 1502 1549 1571 εὐλόγως
1595 1503 1769 1554 εἰπεῖν
1824 1499 1935 1570 (57)
1983 1500 2012 1552 ό

413 1598 692 1669 ὀφθαλμὸς
722 1601 786 1670 τῇ
814 1597 979 1669 χειρὶ,
1001 1615 1021 1648 ι
1056 1595 1262 1668 Χρείαν
1278 1613 1370 1648 σου
1393 1596 1492 1648 οὐκ
1520 1595 1646 1665 ἔχω.
1680 1613 1698 1644 ι
1730 1594 1793 1646 Εἰ
1821 1592 1878 1645 δέ
1906 1609 2008 1656 τις,

411 1691 474 1743 ἐν
498 1691 574 1762 τῷ
598 1691 704 1762 ὅλῳ
739 1691 950 1762 σώματι
979 1689 1091 1742 τῶν
1127 1687 1460 1756 συναγωγῶν
1497 1686 1607 1758 (58)
1639 1685 1740 1756 τῆς
1781 1683 2012 1752 Ἐκκλη-

419 1783 539 1846 σίας
571 1783 693 1853 χεὶρ
723 1780 1072 1856 χρηματίσας
1107 1780 1196 1833 διὰ
1237 1779 1298 1832 τδ
1333 1777 1657 1850 πρακτικὸν,
1690 1774 2010 1848 μεταϐαλὼν

2113 595 2294 653 evenit
2329 595 2671 662 scandalum,
2719 603 2909 666 utpote
2954 595 3048 666 qui
3104 595 3365 666 improba:
3401 598 3707 667 operationi

2115 683 2183 739 ad
2215 684 2572 740 oll‘ensionem
2625 687 2968 754 praebendam
3019 687 3337 755 composita:
3381 686 3562 742 locum
3609 688 3708 744 de-

2115 776 2276 832 derit.
2314 776 2385 830 At
2431 776 2544 830 noli
2589 777 2907 832 existimare
2943 787 3138 832 natura
3168 786 3223 832 et
3253 793 3322 833 ex
3353 794 3538 834 rerum
3571 793 3710 834 con-

2114 866 2403 921 stitutione
2447 881 2569 922 esse
2608 867 2864 921 scandala
2891 907 2906 931 ,
2962 883 3083 937 qua:
3135 867 3388 925 homines
3437 868 3711 940 quosdam

2112 959 2480 1027 perquirant,
2547 973 2645 1028 per
2698 973 2840 1029 quos
2890 960 3178 1028 oriantur;
3246 961 3708 1032 quemadmodum

2112 1047 2259 1102 enim
2291 1046 2436 1103 Deus
2481 1057 2717 1103 mortem
2760 1064 2867 1103 non
2906 1049 3029 1105 fecit
3056 1091 3071 1115 ,
3126 1053 3198 1106 ita
3250 1069 3425 1123 neque
3451 1052 3710 1108 scandala

2114 1139 2349 1204 creavit;
2397 1139 2492 1194 sed
2544 1139 2775 1194 liberum
2825 1143 3111 1197 arbitrium
3159 1144 3212 1198 in
3259 1145 3586 1214 quibusdam
3629 1145 3712 1200 la-

2113 1230 2276 1286 bores
2326 1245 2426 1300 pro
2471 1229 2671 1287 virtute
2731 1233 2964 1288 tolerare
3026 1235 3336 1291 nolentibus
3387 1237 3711 1293 scandalum

2111 1323 2392 1394 produxit.

2181 1415 2273 1470 24.
2317 1416 2394 1472 Ac
2423 1416 2624 1485 optime
2657 1432 2790 1472 sane
2835 1431 2894 1472 se
2939 1433 3030 1474 res
3069 1418 3312 1484 habebit,
3345 1419 3392 1475 si
3429 1422 3626 1478 oculus
3654 1433 3713 1478 et

2114 1522 2312 1562 manus
2345 1506 2651 1560 laudabiles
2694 1507 2843 1572 sint,
2879 1524 2945 1562 ne
2972 1507 3122 1578 juste
3169 1511 3356 1564 manui
3390 1513 3585 1568 oculus
3627 1514 3714 1569 di-

2112 1613 2234 1656 cere
2264 1598 2440 1667 possit
2472 1615 2485 1650 :
2525 1616 2543 1648 ι
2581 1595 2755 1666 Opera
2793 1605 2881 1652 tua
2923 1615 3032 1653 non
3083 1601 3302 1672 indigeo
3335 1601 3378 1655 ⁹.
3417 1621 3435 1655 ι
3475 1602 3630 1670 Quod
3663 1603 3710 1660 si

2113 1691 2237 1761 quis
2265 1689 2319 1744 in
2351 1697 2465 1744 toto
2495 1696 2734 1744 coetuum
2762 1686 3021 1745 Ecclesiae
3054 1706 3299 1760 corpore,
3324 1703 3546 1764 propter
3574 1704 3717 1752 atre-

2112 1781 2375 1835 nuitatem
2403 1787 2457 1835 et
2506 1779 2881 1834 dexteritatem
2906 1779 2960 1834 in
2987 1780 3150 1835 rebus
3173 1783 3396 1852 agendis
3419 1800 3518 1854 pro
3547 1801 3712 1841 manu

3741 1038 3752 1076 ί

413 1875 626 1943 γένοιτο
660 1873 1086 1938 σκανδαλίζουσα
1108 1873 1250 1946 χεὶρ,
1279 1872 1486 1941 λεγέτω
1505 1873 1572 1942 τῇ
1609 1869 1830 1942 τοιαύτῃ
1865 1868 2011 1940 χειρὶ¹

2115 1871 2337 1926 habitus
2367 1869 2723 1934 immittatur,
2770 1877 2824 1923 et
2856 1884 3052 1925 manus
3077 1869 3432 1928 oﬂ'ensionem
3465 1875 3711 1944 prabens

413 1969 443 2020 ὁ
474 1967 780 2038 ὀφθαλμός·
835 1985 853 2018 ι
888 1965 1095 2038 Χρείαν
1141 1982 1234 2018 σου
1265 1965 1366 2018 οὐκ
1417 1963 1558 2035 ἐχω,
1603 1981 1622 2014 ι
1662 1963 1756 2016 καί⁵
1799 1960 2008 2015 εἰπών·

417 2077 441 2109 ς
492 2059 810 2129 Ἐκκοψάτω
832 2058 1022 2129 αὐτὴν,
1052 2057 1148 2112 καὶ
1171 2055 1380 2128 βαλέτω
1414 2056 1508 2126 ἀφ’
1541 2055 1735 2109 ἑαυτοῦ
1758 2072 1772 2086 ο
1811 2075 1830 2107 ι
1870 2055 2013 2108 οὕτω

414 2147 660 2203 δὲκαλὸν
691 2151 810 2220 μὲν,
849 2150 898 2200 εί
937 2148 1030 2201 καὶ
1082 2146 1292 2217 κεφαλή
1324 2162 1410 2209 τις
1457 2143 1544 2216 εἴη
1587 2143 1870 2216 μακαρία,
1919 2142 2015 2196 καὶ

413 2241 578 2305 πόδες
609 2241 746 2306 ἄξιοι
767 2242 866 2312 τῆς
899 2238 1178 2312 μακαρίας
1209 2236 1455 2308 κεφαλῆς
1479 2276 1494 2301 ,
1545 2237 1630 2290 ἵνα
1673 2236 1746 2308 μὴ
1787 2236 2013 2308 δύνηται

412 2326 488 2381 τὰ
533 2327 809 2398 πρέποντα
865 2329 1032 2399 ἐαυτῇ
1081 2326 1324 2399 τηροῦσα
1373 2328 1406 2398 ἠ
1456 2326 1666 2398 κεφαλὴ
1696 2328 1810 2390 τοῖς
1856 2327 2014 2380 ποσὶν

417 2419 628 2474 εἰπεῖν·
670 2436 691 2471 ι
731 2418 937 2490 Χρείαν
959 2418 1114 2488 ὑμῶν
1141 2418 1242 2472 οὐκ
1261 2416 1388 2488 ἐχω.
1429 2437 1448 2470 ι
1488 2417 1551 2470 Et
1584 2418 1770 2488 μέντοι
1801 2435 1887 2481 τις
1926 2418 2016 2472 εὑ-

414 2508 607 2582 ρεθείη
651 2509 788 2574 ποῦς
819 2510 1112 2564 σκάνδαλον
1133 2509 1229 2563 τοῦ
1254 2508 1377 2562 ὅλου
1411 2509 1695 2581 γινόμενος
1738 2509 2014 2582 σώματος,

418 2603 624 2673 λεγέτω
649 2605 682 2674 ὴ
716 2602 926 2676 κεφαλὴ
960 2602 1039 2674 τῷ
1069 2601 1298 2674 τοιούτῳ
1318 2601 1466 2655 ποδί·
1504 2621 1524 2654 ι
1553 2602 1758 2672 Χρείαν
1786 2619 1879 2655 σου
1914 2602 2014 2657 οὐκ

416 2696 548 2768 ἔχω,
593 2714 611 2749 ι
647 2697 740 2751 καὶ
792 2695 1034 2767 ἐκκόψας
1083 2694 1246 2748 αὐτὸν
1288 2693 1497 2766 βαλέτω
1547 2693 1645 2748 ἀπ’
1672 2692 1876 2747 αὐτοῦ·
1919 2693 2015 2746 καὶ

2115 1962 2279 2033 603
2353 1961 2621 2028 ellieitur,
2675 1961 2946 2030 ejusmodi
3012 1963 3199 2017 manui
3263 1963 3411 2019 dicat
3460 1967 3707 2022 oculus:

2121 2071 2141 2105 ι
2175 2050 2352 2121 Opera
2387 2059 2478 2105 tua
2513 2067 2618 2105 non
2655 2050 2894 2122 indigeo,
2939 2070 2958 2103 ι
2995 2060 3049 2107 et
3082 2064 3374 2124 postquam
3408 2055 3462 2109 id
3491 2056 3710 2120 dixerit,

2123 2161 2142 2196 ‹
2181 2143 2464 2198 abscindat
2491 2157 2635 2207 eam,
2671 2151 2724 2196 et
2754 2143 3006 2212 projieiat
3036 2160 3065 2199 a
3092 2161 3150 2200 se
3180 2147 3244 2200 ιο.
3284 2165 3303 2198 ι
3343 2149 3421 2202 lta
3471 2156 3528 2202 et
3576 2148 3715 2204 bene

2117 2235 2240 2300 erit,
2278 2235 2324 2290 si
2356 2243 2410 2290 et
2445 2235 2662 2290 beatum
2692 2235 2762 2290 sit
2791 2245 2976 2305 caput,
3028 2245 3082 2292 et
3127 2238 3290 2308 pedes
3329 2239 3490 2294 beato
3535 2241 3714 2311 capite

2118 2323 2302 2393 digni,
2347 2339 2415 2379 ne
2441 2340 2563 2395 qua:
2593 2324 2696 2378 sibi
2731 2326 3065 2381 conveniunt
3107 2343 3334 2384 servans
3363 2339 3527 2400 caput
3557 2331 3678 2401 pedi
3698 2361 3712 2373 -

2117 2415 2224 2470 bus
2253 2415 2435 2470 dicere
2461 2415 2636 2485 possit
2669 2415 2708 2445 “
2751 2433 2762 2469 :
2798 2433 2818 2468 ι
2856 2415 2973 2471 Non
3003 2419 3137 2473 estis
3173 2419 3307 2474 mihi
3341 2422 3656 2477 necessarii.
3686 2439 3708 2473 ι

2117 2507 2274 2574 Quod
2319 2508 2365 2563 si
2407 2523 2502 2577 pes
2534 2507 2734 2577 aliquis
2762 2508 3103 2576 inveniatur,
3139 2511 3232 2580 qui
3278 2512 3599 2567 scandalum
3643 2513 3715 2569 sit

2119 2599 2286 2653 totius
2318 2599 2591 2668 corporis,
2622 2598 2769 2654 dicet
2799 2609 2962 2668 caput
3007 2601 3130 2670 pedi
3164 2601 3435 2672 ejusmodi
3475 2621 3488 2658 :
3531 2622 3555 2657 ι
3593 2603 3713 2662 Non

2116 2707 2176 2747 es
2204 2691 2339 2745 mihi
2367 2691 2734 2760 necessarius,
2773 2711 2793 2744 ι
2821 2699 2875 2747 et
2897 2693 3204 2748 abscissum
3231 2709 3358 2750 eum
3388 2710 3418 2750 a
3451 2711 3510 2751 se
3543 2697 3713 2768 proji-

1636 2811 1872 2871 VETUS
1909 2809 2500 2869 INTERPRETATIO.

418 2953 609 2996 eorum
643 2938 856 2993 cultura
903 2938 1170 2993 minuitur
1194 2979 1210 3001 ,
1263 2953 1363 2993 nec
1394 2936 1704 2994 oﬂ'eruntur
1735 2937 1818 2993 eis
1852 2937 2120 2993 sacriﬁcia
2161 2947 2429 2992 consueta
2465 2953 2480 2991 :
2513 2935 2635 2992 ideo
2701 2937 2960 2992 scandala
3008 2939 3196 2996 venire
3229 2955 3454 2997 necesse
3499 2950 3603 2998 est.
3645 2941 3712 2998 Bt

420 3009 677 3084 scandala
694 3009 912 3079 quidem
940 3009 1056 3084 ipsa
1079 3009 1264 3084 venire
1285 3023 1507 3064 necesse
1530 3018 1634 3084 est,
1660 3023 1769 3084 non
1795 3019 1975 3084 tamen
2003 3023 2099 3078 per
2123 3007 2274 3084 illum
2307 3008 2493 3062 nescio
2518 3023 2681 3084 quem
2705 3009 2892 3084 venire
2913 3019 3242 3084 necesseest
3268 3030 3282 3066 :
3317 3021 3535 3082 propter
3565 3016 3712 3084 qunti

413 3079 470 3137 ei
510 3095 618 3159 per_
642 3077 805 3150 quem
840 3077 1109 3159 venerint,
1153 3078 1264 3159 er_it_
1292 3079 1700 3159 vae,_quoniam
1739 3079 1885 3132 dedit
1923 3079 2106 3159 locum
2142 3077 2397 3159 maligna
2430 3079 2736 3159 operationi
2773 3079 2826 3133 in
2865 3095 2924 3133 se
2955 3081 3157 3135 volenti
3201 3077 3597 3142 seandal‘izare.‘
3635 3083 3712 3138 Ne

418 3148 577 3224 putes
595 3148 885 3224 iit—natura
916 3150 1111 3222 aliqua
1137 3149 1230 3224 vel
1253 3149 1305 3224 in_
1339 3148 1645 3224 substantia
1684 3163 1809 3224 esse
1837 3148 2133 3224 scandala,
2182 3148 2590 3224 quq:_b_omines
2623 3158 3011 3224 quaeruntper
3024 3167 3163 3224 quos
3196 3164 3514 3222 operentur.
3559 3154 3714 3210 Sicut

421 3218 737 3293 enim_D_eus
766 3219 998 3293 mortem
1023 3218 1030 3219 7
1057 3218 1355 3293 non_fecit,
1386 3219 1467 3276 sic
1496 3233 1600 3293 nee
1637 3219 1896 3293 scandala
1937 3218 2164 3284 ereavit,
2195 3218 2290 3274 sed
2321 3218 2545 3274 libertas
2587 3220 2792 3291 proprii
2823 3218 3130 3276 arbitriiiin
3165 3218 3491 3293 quibusdam
3524 3227 3713 3292 genuit

414 3290 765 3354 scandalum,
793 3290 986 3345 nolens
1014 3305 1116 3359 pro
1145 3291 1344 3345 virtute
1377 3289 1656 3359 suscipere
1683 3289 1952 3343 laborem.

487 3360 581 3414 24.
629 3380 648 3413 ι
683 3360 842 3427 Quod
877 3361 922 3416 si
951 3357 1144 3414 manus
1171 3371 1282 3426 tua,
1310 3361 1392 3414 vel
1421 3357 1682 3429 pes‘tuus
1720 3359 2055 3415 scandalizat
2083 3368 2156 3425 te,
2187 3357 2379 3415 excide
2411 3373 2561 3422 eum,
2601 3367 2656 3412 et
2695 3358 2901 3428 projice
2935 3360 3034 3414 abs
3073 3371 3143 3416 te.
3182 3360 3395 3418 Bonum
3424 3364 3569 3420 enim
3607 3366 3706 3420 tibi

414 3437 503 3486 est
541 3431 850 3506 introii-ein
892 3430 1350 3506 vitam_claudum
1392 3430 1477 3484 vel
1513 3430 1768 3506 debilem,
1803 3445 1970 3499 quam
1999 3431 2140 3486 duas
2183 3429 2508 3506 manus__vel
2543 3432 2682 3506 duos
2718 3432 2883 3506 pedes
2935 3431 3240 3506 habentem
3265 3435 3403 3488 mitti
3439 3435 3491 3488 in
3527 3437 3708 3506 ignem

421 3509 710 3557 atternum.
765 3499 834 3556 Et
881 3501 926 3556 si
971 3501 1167 3556 oculus
1201 3511 1328 3555 tuus
1354 3501 1694 3556 scandalizat
1721 3509 1792 3565 te,
1824 3515 1955 3556 erue
1985 3516 2112 3556 eum
2134 3539 2152 3566 ,
2201 3510 2256 3556 et
2289 3499 2496 3570 projice
2543 3499 2643 3554 abs
2681 3509 2752 3554 te.
2787 3499 2998 3555 Bonum
3034 3511 3117 3556 est
3151 3503 3245 3557 tibi
3282 3520 3450 3558 unum
3485 3499 3706 3562 oculum

419 3571 712 3646 habentem
753 3571 808 3625 in
842 3571 1008 3626 vitam
1045 3571 1268 3646 intrare,
1303 3585 1484 3646 quam
1507 3571 1649 3646 duos
1672 3571 1866 3646 oculos
1892 3571 2179 3646 habentem
2209 3571 2349 3646 mitti
2390 3571 2446 3624 in
2473 3571 2778 3646 gehennam
2821 3570 2983 3641 ignis.
3023 3589 3042 3624 ι
3078 3571 3244 3627 Docet
3272 3588 3499 3646 nos‘per
3547 3592 3709 3646 para-

420 3641 598 3712 bulam
648 3657 853 3707 sermo,
897 3641 1155 3712 quoniam
1190 3657 1289 3694 nee
1332 3641 1597 3712 proximis
1623 3641 1850 3704 nostris,
1884 3641 1970 3696 vel
2001 3641 2407 3712 adhzerentibus
2439 3640 2599 3695 nobis
2633 3640 2896 3712 debemus
2926 3656 3153 3710 parcere
3179 3640 3704 3702 seandalizanfibus.

423 3710 690 3782 Superius
718 3727 844 3766 eum
874 3710 1104 3767 dixisset
1137 3729 1149 3764 :
1183 3729 1201 3762 ι
1239 3712 1494 3782 Antiquis
1535 3711 1744 3782 dictum
1773 3720 1879 3774 est,
1908 3728 2018 3766 non
2048 3711 2418 3782 adulterabis;
2457 3725 2560 3780 ego
2584 3721 2766 3766 autem
2789 3711 2931 3776 dico,
2967 3713 3013 3766 si
3040 3713 3166 3782 quis
3198 3713 3392 3768 viderit
3423 3715 3708 3771 mulierem

419 3782 489 3853 ad
506 3779 1020 3853 concupiscendum
1060 3795 1204 3853 eam,
1233 3779 1347 3850 jam
1388 3779 1696 3853 intechatus
1734 3791 1963 3853 esteam
2008 3782 2064 3836 in
2097 3781 2266 3853 corde
2297 3795 2432 3846 suo;
2475 3779 2512 3830 ί
2528 3790 2650 3850 post
2683 3782 2797 3853 haec
2830 3782 2992 3853 verba
3028 3779 3211 3838 statim
3236 3784 3520 3853 subjunxit
3551 3805 3563 3839 :
3595 3806 3614 3837 ι
3649 3788 3708 3840 Si

422 3851 612 3908 dexter
642 3851 837 3908 oculus
879 3862 1026 3917 tuus,
1066 3852 1150 3905 vel
1183 3866 1379 3906 manus
1409 3851 1858 3906 seandalizaverit
1878 3862 1951 3917 te,
1990 3871 2008 3903 ι
2051 3851 2348 3907 ostendens
2377 3853 2638 3920 quoniam
2671 3851 2738 3906 de
2770 3851 2878 3905 illis
2917 3853 3180 3908 membris
3209 3851 3710 3912 scandalizantibus

424 3921 749 3995 loquebatur
786 3938 910 3992 quae
942 3931 1070 3995 sunt
1108 3921 1250 3975 intra
1282 3937 1404 3995 nos.
1439 3920 1730 3995 Propterea
1757 3923 2066 3995 voluntates
2095 3922 2294 3976 animm
2318 3921 2676 3995 exposuimus
2710 3922 2783 3995 ibi
2809 3937 2932 3976 esse
2976 3924 3400 3995 scandalizantia
3436 3927 3703 3994 membra.

425 3990 525 4049 llic
564 3999 748 4050 autem
780 3990 906 4048 eum
934 3993 1168 4048 dixisset
1199 4009 1213 4045 :
1248 4009 1268 4044 ι
1307 3990 1397 4046 Vae
1427 3993 1635 4047 mundo
1667 4007 1700 4047 a
1728 3992 2042 4060 seandalis;
2073 4007 2299 4049 necesse
2333 4000 2418 4048 est
2451 3991 2599 4048 enim
2619 3992 2808 4048 venire
2834 3993 3090 4048 scandala
3124 4013 3138 4052 :
3171 3997 3268 4051 sed
3305 4011 3386 4050 vae
3415 4013 3510 4067 per
3542 3992 3707 4067 quem

498 4132 556 4190 Ἰ
588 4135 720 4192 Cor.
746 4149 846 4200 ιιι,
877 4135 966 4190 2|.
1046 4135 1090 4168 ¹⁶
1128 4133 1317 4190 Matth.
1347 4149 1509 4200 xvm,
1533 4132 1587 4189 8.
1672 4133 1713 4165 “
1749 4132 1769 4189 I
1799 4133 1928 4191 Cor.
1957 4149 2060 4201 xtl,
2089 4133 2180 4189 21.

487 4276 605 4346 (56)
638 4274 740 4355 Ψ,
778 4274 1042 4355 νρμισῃς
1079 4273 1367 4355 δὲφύσει
1402 4273 1604 4355 tarde.
1788 4271 1860 4326 ἐκ
1897 4287 2006 4355 θεα-

2112 4269 2389 4355 sitionem“
2420 4267 2562 4355 hanc
2585 4307 2603 4336 ,
2645 4287 2664 4322 ι
2697 4267 2976 4355 Quidquid
3005 4269 3085 4355 Aut
3131 4286 3162 4327 a
3209 4273 3390 4355 nobis,
3421 4273 3538 4331 sive
3572 4278 3704 4355 boni

421 4339 735 4414 ταὸ-κὲυῆςί
779 4339 865 4400 tif
908 4339 1235 4414 σκᾶνδαλξι
1281 4339 1436 4399 εἶναι
1489 4341 1866 4414 ἀνθρώπους
1909 4339 2007 4410 ζη-

418 4411 864 4474 τοῦνταξῑτειιιε
897 4416 1118 4486 interp.:
1150 4434 1172 4468 ι
1193 4413 1454 4486 Neputes
1482 4415 1537 4468 in
1571 4411 1768 4486 natura
1797 4411 2005 4482 aliqua,

423 4489 504 4543 vel
530 4489 586 4542 in
619 4486 928 4542 substantia
969 4483 1094 4542 esse
1126 4483 1388 4554 scandala
1420 4500 1545 4554 quae
1576 4483 1828 4554 homines
1856 4498 2007 4553 qua:-

422 4568 550 4614 runt
577 4572 674 4628 per
700 4564 1183 4628 quosoperentur.
1212 4574 1232 4609 ι
1261 4553 1520 4628 Legebat,
1548 4553 1694 4628 τινα,
1717 4554 1866 4628 quod
1893 4569 2010 4623 per-

422 4629 557 4684 tinet
578 4624 664 4683 'ad
701 4624 976 4680 σκάνδαλα
995 4667 1010 4693 ,
1037 4634 1091 4681 et
1119 4642 1248 4682 vera
1280 4624 1444 4681 lectio
1471 4633 1574 4680 est.
1628 4624 1724 4678 Sin
1769 4624 1902 4693 legis
1927 4641 2007 4676 τι-

417 4698 538 4765 νάς,
575 4699 734 4770 qnod
768 4697 954 4752 minus
996 4697 1130 4770 mihi
1179 4696 1464 4770 probatur,
1495 4693 2002 4770 Valentinianprum

421 4765 628 4841 utique,
667 4768 1012 4841 aliorumque
1047 4765 1292 4841 ejusdem
1319 4777 1482 4822 secus
1511 4765 1796 4841 hominum
1836 4766 2007 4841 haeret-

420 4833 825 4909 sin'Origenes
870 4833 1148 4909 tetigerit,
1198 4837 1303 4909 qui
1345 4835 1562 4909 χοϊκούς
1615 4833 1902 4900 homines,
1936 4836 2002 4888 ad

416 4910 645 4968 exitium
662 4907 922 4964 conditos
959 4907 992 4963 εἱ
1034 4907 1146 4962 Deo
1185 4917 1244 4962 et
1275 4907 1578 4963 destinatos
1615 4918 1742 4959 esse
1781 4918 2010 4973 persua-

421 4997 542 5041 sum
580 4980 872 5034 habebant.
910 4979 977 5032 At
1007 4979 1130 5034 vide
1159 4993 1280 5047 qua:
1318 4978 1371 5030 in
1421 4977 1566 5030 hunc
1589 4988 1776 5047 _quem_
1803 4983 2006 5028 tracta-

421 5067 544 5106 mus
565 5049 806 5104 ﬂatthaai
829 5049 1008 5104 locum
1040 5043 1315 5118 eleganter
1341 5052 1475 5118 'sane
1496 5055 1554 5101 et
1579 5043 1814 5099 facunde
1845 5059 2006 5118 pero-

419 5122 561 5176 ravit
589 5117 1379 5190 ChrysostonmsLVideitem
1423 5117 1636 5190 Brenni
1694 5117 2000 5168 enarratio-

419 5207 557 5261 nem,
584 5187 935 5261 Euthymium
959 5198 1013 5244 et
1030 5187 1634 5261 Theopliylactuni_,_sed
1660 5197 1788 5240 ante
1811 5201 2002 5261 omnes

420 5256 772 5317 Ambrosium
796 5263 851 5314 in
887 5259 1012 5314 Luc.
1049 5276 1101 5314 ιι
1121 5301 1136 5326 ,
1169 5256 1272 5313 lib.
1295 5275 1349 5313 γι
1380 5273 1396 5312 :
1428 5277 1446 5310 ι
1493 5257 1609 5312 Non
1639 5264 1797 5326 potes
1823 5256 2006 5311 dicere

416 5347 546 5402 quta
571 5346 753 5386 escam
783 5347 890 5386 non
925 5331 1091 5392 dedit,
1123 5325 1216 5399 qui
1254 5329 1349 5402 dat
1391 5325 1666 5384 Omnibus.
1701 5325 1820 5381 Non
1847 5335 2002 5396 potes

416 5398 600 5459 dicere
632 5404 760 5472 quia
788 5402 965 5456 noluit
995 5411 1048 5456 te
1087 5398 1288 5456 bonum
1321 5398 1534 5464 facere,
1567 5407 1692 5472 ante
1715 5412 1875 5472 quem
1906 5411 2006 5466 po—

416 5475 528 5529 suit
564 5467 768 5528 bonum
799 5480 854 5527 et
875 5473 1100 5535 malum,
1124 5480 1184 5525 ut
1213 5485 1321 5526 non
1349 5485 1412 5525 ex
1445 5469 1770 5524 necessitate
1795 5467 2000 5523 bonum

417 5552 573 5599 tuum
599 5554 764 5608 esset,
813 5545 907 5598 sed
954 5542 1341 5598 voluntarium.
1377 5538 1604 5595 Multum
1647 5537 1792 5592 enim
1835 5536 2003 5608 refert

2113 4341 2232 4414 sive
2262 4339 2618 4414 mali,_.mera_
2644 4339 2972 4414 necessitate
2999 4343 3080 4408 tit,
3101 4361 3148 4414 At
3174 4346 3478 4414 approbare
3521 4352 3705 4406 studet

2111 4409 2386 4466 Theodor.
2423 4409 2561 4465 Beza
2607 4411 2660 4464 in
2706 4411 2802 4464 lib.
2843 4412 3047 4476 Qumt.
3084 4409 3284 4468 Christ.
3325 4423 3380 4470 et
3421 4416 3474 4469 in
3503 4420 3701 4477 Adnot.

2109 4480 2240 4554 gnaj.
2287 4480 2344 4534 in
2387 4478 2600 4554 Nouum
2656 4479 3073 4554 Testamentum,
3115 4500 3280 4554 quam
3313 4500 3344 4540 a
3378 4485 3605 4542 Wielel‘o
3653 4496 3706 4540 et

2111 4551 2353 4626 Luthero
2380 4552 2668 4626 traditam,
2692 4561 2747 4606 et
2776 4551 3078 4626 a__(_3alvin_o
3115 4551 3470 4626 propagatam
3497 4558 3701 4615 hausit.

2107 4621 2179 4676 At
2209 4637 2330 4696 eain
2363 4621 2648 4696 damnavit
2679 4623 2976 4696 concilium
3023 4621 3407 4681 Tridentinum
3453 4643 3594 4683 sess.
3627 4647 3704 4696 νε,

2107 4707 2239 4767 can.
2261 4691 2294 4746 6
2324 4707 2389 4767 :_t
2426 4691 2482 4745 Si
2512 4693 2637 4762 quis
2665 4692 2863 4767 dixerit
2893 4709 3000 4767 non
3035 4710 3160 4752 esse
3197 4696 3252 4751 in
3297 4705 3568 4767 potestate
3599 4691 3703 4753 hol

2109 4762 2274 4817 minis
2320 4763 2438 4817 vias
2485 4777 2619 4818 suas
2675 4763 2851 4820 tnalas
2895 4763 3077 4820 facere
3118 4807 3133 4822 .
3159 4807 3176 4821 .
3206 4806 3220 4821 .
3249 4807 3266 4822 .
3296 4762 3315 4822 ζ
3340 4806 3354 4822 .
3407 4770 3702 4824 anathema

2110 4834 2203 4889 sit.
2237 4853 2256 4886 ι
2291 4831 2562 4888 Ilus'rtus.

2181 4903 2296 4976 (ξῇῖ)
2325 4904 2508 4976 godex
2544 4902 2766 4975 Regius,
2784 4903 3042 4976 αλλήλοις
3072 4906 3268 4976 εἰπεῖν.

2157 4973 2295 5053 ~(58)
2321 4975 2390 5026 Et
2415 4973 2604 5053 τις
2630 4973 2702 5027 ἓν
2724 4974 2814 5053 .τῷ
3014 4975 3242 5053 ᾳώμ-ατι
3259 4977 3393 5053 ’τῶν
3421 4995 3700 5053 (uvaru-

2106 5044 2250 5115 τῶν,
2275 5044 2381 5100 etc.
2411 5044 2676 5115 Origenes
2723 5045 2915 5099 homil.
2943 5046 2979 5098 2
3023 5045 3079 5099 in
3105 5044 3321 5103 Cantia.
3347 5067 3365 5103 :
3395 5069 3414 5102 ι
3451 5050 3554 5106 Per
3585 5044 3701 5108 haec

2107 5130 2240 5190 ρει)
2287 5115 2583 5190 educentur
2632 5116 2913 5190 quomodo
2958 5131 3164 5190 sponsa
3211 5120 3415 5176 Christi
3459 5137 3583 5190 qua:
3613 5133 3698 5178 est

2107 5184 2372 5262 Ecclesia,
2405 5187 2568 5262 etiam
2605 5184 2675 5240 sit
2703 5201 2906 5262 corpus
2929 5184 3049 5262 ejus
3089 5193 3447 5262 et_membra.
3477 5184 3534 5245 Si
3565 5208 3698 5262 ergo

2108 5257 2302 5311 audias
2331 5257 2520 5326 sponsi
2555 5257 2797 5310 membra
2834 5257 3135 5321 nominari,
3159 5257 3418 5316 Ecclesiae
3452 5257 3696 5318 membra

2105 5326 2214 5382 diei
2240 5327 2498 5401 iutellige.
2526 5329 2595 5401 ln_
2612 5327 2814 5401 quibus
2841 5329 2986 5383 sicut
3017 5339 3147 5401 sunt
3173 5331 3340 5401 aliqui
3376 5333 3472 5400 qui
3500 5332 3696 5386 dicun-

2107 5405 2198 5452 tur
2243 5397 2412 5460 oeuli,
2449 5411 2548 5465 pro
2584 5396 2956 5466 intelligentia
3001 5399 3122 5454 sine
3154 5396 3323 5462 dubio
3353 5396 3417 5456 ac
3449 5402 3695 5459 scientia

2108 5467 2346 5540 lumine;
2375 5476 2430 5522 et
2454 5467 2549 5520 alii
2567 5481 2756 5540 aures,
2780 5483 2881 5536 pro
2906 5469 3182 5540 audiendo
3204 5471 3369 5526 verbo
3395 5471 3694 5540 doctrinae;

2105 5539 2198 5592 alii
2224 5553 2428 5612 manus
2454 5551 2558 5605 pro
2599 5536 2773 5612 bonis
2801 5539 3079 5612 operibus,
3111 5541 3494 5612 religiosisque
3527 5536 3690 5597 minii

418 5615 560 5670 inter
589 5628 714 5669 eum
739 5606 835 5684 qui
861 5628 928 5668 ex
952 5613 1274 5684 necessitate
1297 5612 1500 5684 invitus
1535 5609 1740 5678 aliquid
1769 5607 1913 5684 agi_t_,
1935 5616 1998 5684 et
2033 5655 2076 5684 η
2107 5609 2326 5684 stet-iis;
2353 5607 2584 5684 ita__sunt
2605 5616 2659 5660 et
2684 5606 2776 5660 alii
2809 5608 2902 5677 qui
2938 5623 3089 5684 genae
3115 5606 3628 5684 ejus_apprllentur.
3667 5633 3691 5664 ιι

418 5655 566 5741 ἱίἱὶἕὶ
588 5655 718 5741 2;};
739 5655 843 5754 ’έιῑιι
862 5655 1274 5738 2.1";31'53313
1290 5655 1998 5754 samaegrae:
2033 5655 2076 5711 υ
2106 5655 2917 5754 ῐῆέζῑιιεῑιῡξίι;.ς,ξι.ῑι;..ῖξι
2938 5655 3692 5752 ιῑιπηῖιῖαῑπςεδξίδιιςις,ξι

419 5754 479 5810 Si
502 5755 648 5810 enim
693 5747 896 5808 invitus
941 5753 1044 5806 hoc
1088 5768 1227 5821 ago,
1260 5747 1600 5822 dispensatio
1625 5749 1759 5803 mihi
1785 5747 1994 5802 credita

418 5837 499 5884 est
535 5841 549 5880 :
581 5828 628 5884 si
651 5827 860 5892 volens,
885 5819 1188 5879 mercedem
1214 5819 1405 5878 habeo.
1445 5840 1464 5874 ι
1493 5819 1558 5876 Et
1583 5829 1763 5879 tamen
1797 5833 1990 5888 propo-

2104 5750 2296 5804 homil.
2335 5749 2473 5802 18in
2503 5747 2834 5804 Matt/tantm.
2865 5747 2939 5803 In.
