4146 6424
455 349 596 409 ίὶἓὶθ

1903 335 2234 394 ORIGENIS

3588 329 3721 386 “60

451 468 565 526 ciat
608 485 623 523 :
658 466 817 536 longe
840 463 1039 535 quippe
1073 462 1246 518 satius
1266 467 1352 514 est
1393 458 1448 513 in
1481 458 1648 513 vitam
1679 455 1884 527 ingredi
1911 455 2032 509 reli-

2137 453 2246 524 γὰρ
2301 450 2480 522 πολλῷ
2529 449 2738 521 βέλτιον
2777 447 2950 502 ἐλθεῖν
3000 445 3080 510 εἰς
3129 445 3226 516 τὴν
3261 444 3403 516 ζωὴν
3435 445 3494 500 τὸ
3541 446 3727 502 λοιπὸν

452 573 626 628 quum
656 571 876 626 corpus,
908 557 1044 626 pede
1075 551 1391 610 scandalum
1425 549 1720 620 praebente,
1753 545 1835 601 vel
1871 561 2038 599 manu

454 650 751 713 mutilum,
797 661 959 716 quam
1000 660 1094 714 per
1119 645 1442 698 universum
1493 655 1694 710 corpus
1743 645 2040 708 propagato

454 738 716 794 seandalo
745 775 762 800 ,
825 735 966 790 mitti
1017 733 1153 787 illud
1208 733 1262 786 in
1303 733 1604 802 gehennam
1654 729 1792 799 ignis
1825 727 2040 782 duobus

453 828 715 898 pedibus,
751 826 1030 880 duabusve
1079 824 1334 878 manibus
1378 823 1726 877 instructum.
1778 816 2040 872 Similiter

454 919 591 972 bene
620 928 702 972 est
759 916 805 972 si
851 917 951 986 qui
998 916 1167 970 totius
1197 913 1445 983 corporis
1473 911 1667 966 oculus
1693 925 1815 965 esse
1844 909 2035 978 potuit,

449 1007 673 1078 dignum
707 1023 765 1062 se
793 1007 996 1077 praebet
1021 1006 1264 1070 Christo,
1298 1014 1352 1059 et
1385 1013 1497 1059 toto
1528 1016 1785 1071 corpore;
1820 1015 2039 1055 verum-

451 1107 634 1153 tamen
671 1099 715 1154 si
743 1098 964 1154 oculum
994 1098 1138 1151 hunc
1168 1097 1240 1150 ita
1272 1094 1471 1149 mutari
1497 1091 1794 1161 aliquando
1828 1090 2038 1145 contin-

450 1189 548 1259 git,
597 1196 656 1242 ut
705 1189 874 1242 totius
908 1186 1154 1256 corporis
1195 1181 1514 1238 scandalum
1549 1179 1668 1243 ﬁat,
1714 1177 1886 1232 satius
1935 1176 2039 1231 erit

449 1290 669 1335 erutum
696 1295 822 1336 eum
853 1288 1005 1334 extra
1037 1286 1208 1331 totum
1236 1290 1434 1343 corpus
1469 1271 1756 1342 projicere,
1787 1278 1842 1324 et
1877 1268 2036 1322 oculo

453 1373 558 1427 hoc
605 1371 878 1440 reliquum
934 1385 1133 1438 corpus
1171 1367 1420 1421 orbatum
1469 1365 1702 1419 salutem
1751 1360 2033 1431 consequi,

450 1477 616 1534 quam
649 1477 770 1516 cum
801 1461 919 1530 ipso
945 1460 1123 1523 oculo,
1155 1458 1409 1512 universo
1438 1469 1664 1523 corpore
1690 1449 2032 1518 labefactata,

449 1553 508 1608 in
541 1553 839 1622 gehennam
878 1551 1018 1620 ignis
1062 1558 1232 1604 totum
1278 1561 1477 1615 corpus
1525 1543 1768 1598 immitti.
1825 1540 2035 1596 Anima:

450 1645 618 1706 enim,
656 1653 716 1698 ut
749 1645 820 1697 ita
859 1643 1058 1706 dicam,
1097 1638 1381 1694 incedendi
1421 1635 1654 1691 facultas
1682 1634 1885 1704 peccati
1915 1649 2030 1698 rea,

447 1735 652 1804 peccati
687 1734 814 1787 item
849 1746 938 1787 rea
972 1731 1186 1784 videndi
1220 1728 1483 1792 facultas,
1534 1740 1730 1781 manus
1774 1740 1894 1780 esse
1935 1739 2032 1793 po-

449 1797 595 1892 test,
646 1834 700 1880 et
731 1840 826 1894 pes
869 1822 1223 1877 offensionem
1261 1819 1530 1890 przebens,
1560 1827 1614 1872 et
1640 1816 1868 1882 oculus;
1908 1831 2030 1885 qua:
2062 1797 2105 1852 Β

443 1917 844 1982 conducibilius
875 1924 957 1970 est
984 1915 1277 1984 deponere,
1304 1921 1358 1966 et
1383 1911 1452 1966 iis
1477 1917 1754 1964 carentem
1784 1908 1838 1962 in
1865 1907 2028 1962 vitam

445 2011 689 2082 ingredi,
731 2010 984 2066 claudum
1033 2007 1183 2062 verbi
1241 2005 1454 2075 gratia,
1509 2002 1592 2057 vel
1627 2001 1910 2068 mutilum,
1950 2005 2033 2058 vel

443 2103 679 2168 luscum,
716 2117 880 2172 quam
912 2100 978 2155 iis
1009 2098 1294 2169 praeditum
1331 2095 1501 2151 totius
1531 2094 1728 2149 anima:
1762 2093 2029 2162 jacturam

443 2193 644 2249 facere.
694 2195 826 2246 Item
865 2191 1006 2262 quod
1039 2190 1104 2244 ad
1146 2189 1384 2243 animam
1422 2193 1659 2256 spectat,
1709 2185 1912 2238 bonum
1948 2193 2033 2239 est

443 2294 500 2339 et
540 2285 758 2340 beatum
815 2282 1071 2338 facultate
1111 2282 1256 2336 illius
1289 2279 1362 2334 ad
1404 2278 1611 2348 optima
1661 2291 1892 2346 quaeque
1929 2276 2028 2330 uti.

443 2373 600 2441 Quod
635 2374 678 2429 si
711 2372 876 2444 605
903 2372 1067 2426 unius
1111 2370 1266 2424 nobis
1295 2377 1511 2438 propter
1532 2366 1774 2436 aliquam
1806 2380 2028 2420 causam

436 2463 653 2532 jactura
706 2461 953 2516 facienda
984 2468 1086 2526 est,
1121 2458 1416 2528 Optabilius
1457 2466 1544 2512 est
1595 2470 1698 2510 usu
1735 2454 1879 2510 illius
1921 2454 2034 2526 pri-

440 2554 580 2618 vari,
633 2561 690 2609 ut
734 2568 860 2608 cum
894 2551 1016 2607 aliis
1062 2549 1412 2606 facultatibus
1448 2548 1682 2605 salutem
1726 2562 2031 2618 consequa-

443 2662 591 2702 mur.
683 2691 689 2698 .

509 2736 601 2795 25.
645 2736 738 2792 llis
782 2736 945 2792 etiam
996 2735 1177 2790 verbis
1224 2734 1301 2789 uti
1353 2748 1649 2805 possumus
1697 2733 1752 2787 in
1791 2747 1887 2789 eos
1934 2729 2030 2804 qui

440 2827 842 2884 necessitudine
869 2825 1025 2880 valde
1067 2824 1345 2894 conjuncti
1377 2833 1525 2887 sunt,
1571 2831 1626 2878 et
1653 2823 1818 2878 veluti
1853 2837 2028 2878 ment-

440 2914 540 2972 bra
574 2926 761 2973 nostra
796 2924 963 2980 sunt;
1003 2927 1131 2970 cum
1166 2926 1384 2984 propter
1409 2929 1663 2984 magnam
1688 2913 2030 2982 conjunctio-

439 3025 564 3066 nem
589 3009 702 3064 sive
723 3006 954 3080 generis,
983 3004 1098 3060 sive
1119 3019 1184 3058 ex
1205 3005 1402 3076 aliqua,
1427 3012 1487 3060 ut
1511 3005 1583 3058 ita
1606 3003 1807 3066 dicam,
1833 3003 2027 3058 amici-

439 3104 530 3157 tiae
556 3100 948 3156 consuetudine
987 3108 1162 3153 ortam
1197 3097 1442 3152 membra
1478 3105 1664 3150 nostra
1709 3095 2027 3151 existimen-

441 3198 564 3258 tur,
609 3191 811 3260 quibus
847 3189 1069 3244 minime
1101 3185 1432 3257 parcendum
1458 3192 1561 3250 est,
1613 3199 1739 3238 cum
1783 3184 2019 3240 animam

436 3291 682 3340 nostram
709 3281 1006 3338 oﬂ'endunt.
1035 3278 1402 3335 Praecidamus
1433 3277 1577 3334 enim
1609 3285 1868 3347 tanquam
1907 3292 2024 3333 ma-

2142 544 2322 615 σῶμα,
2348 544 2530 598 λεῖπον
2550 543 2628 614 τῷ
2658 539 3068 595 σκανδαλίσαντι
3099 538 3240 601 ποδὶ,
3281 537 3314 609 ἢ
3343 541 3409 609 τῇ
3441 537 3728 594 σκανδαλι-

2142 633 2283 705 σάσῃ
2317 633 2481 704 χειρὶ,
2509 632 2653 702 ἢπερ
2675 628 3006 691 διαδοθέντος
3031 626 3120 680 τοῦ
3154 626 3452 680 σκανδάλου
3484 628 3576 682 ἐπὶ
3610 629 3729 684 ὅλον

2137 725 2200 778 τὸ
2237 725 2396 794 σῶμα
2441 722 2705 793 βληθῆναι
2747 723 2825 785 είς
2857 722 2956 792 τὴν
2999 720 3221 789 γέενναν
3250 719 3344 773 τοῦ
3380 721 3552 792 πυρὸς
3589 723 3729 793 μετὰ

2138 817 2246 870 τῶν
2274 816 2368 870 δύο
2401 814 2598 879 ποδῶν,
2631 812 2798 884 ῆτῶν
2848 811 2940 866 δύο
2985 811 3203 882 χειρῶν.
3255 810 3411 864 Οὕτω
3461 811 3518 864 δὲ
3565 813 3728 868 καλὸν

2141 907 2241 978 μὲν
2261 907 2352 959 τὸν
2381 903 2674 972 δυνηθέντα
2702 901 2954 972 γενέσθαι
2977 899 3255 970 ὀφθαλμὸν
3275 900 3366 954 τοῦ
3391 900 3514 954 ὅλου
3539 901 3728 974 σώμα-

2137 1014 2227 1060 τος
2259 997 2406 1062 ἄξιον
2447 991 2587 1048 εἶναι
2639 993 2878 1066 Χριστοῦ
2897 1033 2912 1058 ,
2957 991 3052 1047 καὶ
3082 991 3176 1045 τοῦ
3210 993 3332 1046 ὅλου
3359 994 3608 1064 σώματος
3627 1013 3640 1025 ·
3677 995 3728 1048 εί

2142 1089 2328 1159 μέντοι
2371 1087 2664 1158 μεταϐάλοι
2707 1086 2836 1139 ποτὲ
2889 1087 2918 1139 ὀ
2953 1083 3194 1149 τοιοῦτος
3235 1085 3512 1158 ὀφθαλμὸς
3547 1089 3628 1152 είς
3655 1087 3728 1142 ’τδ

2137 1179 2389 1249 γενέσθαι
2426 1179 2588 1232 αὑτὸν
2641 1177 2934 1231 σκάνδαλον
2961 1176 3054 1230 τοῦ
3085 1177 3207 1231 ὅλου
3247 1176 3498 1247 σώματος
3516 1219 3530 1244 ,
3559 1177 3724 1232 καλδν

2137 1271 2299 1325 αὑτὸν
2324 1271 2573 1337 ἐξελόντα
2603 1269 2706 1336 ἔξω
2731 1269 2912 1340 βαλεῖν
2927 1268 3020 1322 τοῦ
3048 1265 3297 1338 σώματος
3318 1267 3463 1333 ὅλου,
3487 1270 3581 1323 καὶ
3612 1288 3724 1341 χω-

2139 1365 2222 1434 ρὶς
2246 1363 2457 1416 ἐκείνου
2492 1361 2585 1415 τοῦ
2623 1360 2901 1432 ὀφθαλμοῦ
2941 1360 3177 1432 σωθῆναι
3210 1361 3270 1414 τὸ
3308 1360 3492 1414 λοιπὸν
3541 1360 3721 1433 σῶμα,

2135 1454 2168 1524 ἦ
2201 1457 2316 1524 μετ’
2350 1454 2512 1508 αὐτοῦ
2545 1454 2666 1507 ὅλου
2695 1451 3070 1524 βεϐλαμμένον
3093 1452 3186 1505 τοῦ
3215 1450 3483 1522 σώματος,
3515 1451 3719 1524 βληθῆ-

2135 1571 2222 1608 ναι
2264 1553 2382 1607 ὀλον
2425 1552 2486 1605 τὸ
2531 1551 2689 1622 σῶμα
2729 1550 2840 1621 (59)
2869 1553 2949 1614 εἰς
2983 1551 3080 1620 τὴν
3104 1549 3324 1616 γέενναν
3370 1543 3465 1601 τοῦ
3515 1548 3721 1619 πυρός⁹

2133 1645 2354 1699 δύναται
2383 1644 2491 1716 γὰρ
2517 1645 2612 1698 καὶ
2639 1644 2700 1701 τὸ
2724 1642 3114 1716 άμαρτητικῶς
3140 1642 3242 1712 μὲν
3279 1640 3412 1712 (60),
3445 1639 3509 1692 ἵν’
3551 1640 3723 1706 οὕτως

2133 1737 2417 1807 ὀνομάσω,
2472 1734 2792 1806 πορευτικδν
2835 1735 2934 1804 τῆς
2982 1733 3196 1804 ψυχῆς,
3239 1731 3629 1804 ἁμαρητικῶς
3665 1731 3723 1786 δὲ

2134 1829 2436 1901 διορατικδν
2464 1828 2498 1898 ἡ
2534 1825 2960 1890 σκανδαλίζουσα
2995 1820 3134 1879 εἶναι
3170 1827 3322 1898 χεὶρ,
3360 1825 3451 1878 καὶ
3479 1826 3508 1876 ὁ
3554 1841 3719 1878 σκαν-

2133 1919 2361 1986 δαλίζων
2391 1919 2546 1983 ποῦς,
2597 1920 2689 1972 καὶ
2722 1921 2751 1972 ὀ
2792 1915 3157 1982 σκανδαλίζων
3202 1916 3478 1987 ὀφθαλμός
3501 1933 3516 1946 ’
3563 1916 3720 1971 ἅτινα

2136 2013 2384 2084 κρεῖττον
2433 2009 2728 2064 ἀποϐαλεῖν
2748 2048 2764 2073 ,
2819 2009 2914 2063 καὶ
2963 2007 3298 2078 ἀποθέμενον
3357 2005 3494 2060 αὐτὰ
3553 2005 3722 2078 χωρὶς

2132 2101 2312 2156 αὐτῶν
2343 2101 2601 2155 εἰσελθεῖν
2631 2103 2712 2165 εἰς
2727 2101 2825 2173 τὴν
2853 2100 3016 2172 ζωὴν,
3042 2099 3206 2153 οἱονεὶ
3221 2098 3414 2169 χωλὸν,
3441 2097 3473 2169 ἢ
3504 2095 3718 2162 κυλλὸν,

2132 2195 2166 2266 ἢ
2200 2195 2566 2266 μονὸμματον,
2598 2195 2630 2265 ἢ
2669 2194 2786 2266 μετ’
2809 2194 3036 2248 ἐκείνων
3065 2193 3162 2264 τὴν
3186 2192 3313 2262 ὅλην
3344 2191 3604 2246 ἀπολέσαι
3619 2191 3722 2261 ψυ-

2131 2289 2253 2358 χήν.
2292 2287 2523 2358 Ὁμοίως
2549 2287 2643 2340 καὶ
2663 2287 2756 2340 ἐπὶ
2787 2285 2888 2356 τῆς
2909 2285 3088 2356 ψυχῆς
3114 2284 3276 2340 καλὸν
3309 2285 3404 2339 καὶ
3451 2283 3719 2356 μακάριον

2132 2378 2222 2432 ἐπὶ
2247 2381 2360 2441 τοῖς
2384 2377 2680 2448 βελτίστοις
2701 2377 2934 2449 χρῆσθαι
2962 2379 3028 2448 τῇ
3060 2375 3287 2447 δυνάμει
3315 2374 3517 2446 αὐτῆς·
3573 2375 3623 2427 ει
3659 2372 3720 2426 δὲ

2131 2468 2402 2541 μέλλομεν
2428 2469 2518 2522 διά
2540 2485 2662 2523 τινα
2693 2467 2819 2539 μίαν
2841 2460 3162 2531 ἀπολέσθαι,
3198 2463 3556 2537 αἱρετώτερον
3579 2464 3719 2517 ἀπο-

2130 2558 2312 2614 ϐαλεῖν
2341 2561 2440 2631 τὴν
2458 2561 2652 2632 χρῆσιν
2675 2558 2868 2629 αὐτῆς,
2904 2557 2992 2612 ἵνα
3021 2556 3162 2628 μετὰ
3205 2555 3314 2610 τῶν
3347 2554 3521 2610 ἄλλων
3556 2552 3718 2608 δυνά-

2131 2665 2278 2720 μεων
2302 2647 2586 2720 σωθῶμεν.

2200 2741 2435 2794 Δυνατὺν
2463 2739 2521 2794 δὲ
2546 2741 2659 2804 τοῖς
2692 2741 2873 2812 ῥητοῖς
2900 2737 3108 2804 τούτοις
3153 2737 3460 2810 χρήσασθαι
3498 2734 3594 2791 καλ⁸
3625 2734 3721 2789 ἐπὶ

2129 2831 2238 2886 τῶν
2266 2831 2609 2886 οἰκειοτάτων
2626 2870 2642 2898 ,
2683 2831 2779 2884 καὶ
2806 2829 3048 2902 ὡσπερεὶ
3083 2829 3260 2902 μελῶν
3289 2827 3466 2901 ἡμῶν,
3492 2829 3581 2882 διὰ
3617 2827 3719 2900 τὴν

2130 2920 2330 2993 πολλὴν
2356 2921 2683 2992 οἰκειότητα,
2715 2921 2824 2974 εἴτε
2843 2920 3168 2992 συγγενικὴν
3199 2920 3310 2974 εἴτε
3333 2921 3396 2974 ἐκ
3421 2937 3567 2986 τινος
3591 2937 3722 2976 aw-

2129 3013 2341 3085 ηθείας,
2403 3013 2468 3066 ἵν’
2497 3011 2671 3076 οὕτως
2714 3013 2996 3083 ὀνομάσω,
3034 3011 3255 3084 φιλικῆς
3277 3053 3292 3078 ,
3338 3012 3517 3086 μελῶν
3560 3011 3722 3083 ἡμῶν

2129 3103 2550 3174 νενομισμένων,
2585 3093 2658 3154 ὧν
2685 3101 2745 3153 οὐ
2778 3101 2883 3172 χρὴ
2920 3101 3207 3170 φείσασθαι
3230 3100 3326 3172 τὴν
3356 3101 3537 3173 ψυχὴν
3559 3101 3718 3172 ἡμῶν

2134 3193 2499 3264 βλαπτόντων.
2555 3190 2908 3262 Ἐκκόψωμεν
2953 3191 3062 3264 γὰρ
3091 3192 3184 3263 ἀφ’
3211 3192 3420 3248 ἑαυτῶν
3457 3193 3534 3257 ὡς
3561 3195 3720 3264 χεῖρα

2137 3281 2271 3352 (61),
2300 3281 2334 3352 ἢ
2359 3279 2516 3347 πόδα,
2544 3280 2579 3351 ἢ
2601 3279 2900 3352 ὀφθαλμὸν,
2931 3281 3142 3352 πατέρα
3165 3281 3199 3352 ἢ
3232 3282 3441 3354 μητέρα
3466 3281 3536 3336 τὰ
3565 3283 3721 3338 ἐναν-

1631 3394 1864 3452 VETUS
1900 3392 2484 3454 INTERPRETATIO.

445 3494 695 3560 veniunt,
733 3513 752 3544 ι
781 3493 1031 3549 videlicet
1047 3492 1364 3564 hominem,
1401 3491 1583 3546 statim
1621 3491 1903 3564 subjungit
1937 3510 1951 3547 :
1983 3511 2004 3546 ι
2051 3493 2113 3550 Si
2142 3509 2339 3550 manus
2369 3501 2484 3564 tua,
2509 3491 2596 3546 vel
2625 3507 2723 3562 pes
2752 3501 2913 3564 tuus,
2943 3493 3027 3549 vel
3069 3494 3263 3550 oculus
3289 3502 3418 3551 tuus
3445 3493 3718 3552 scandali-

440 3565 772 3636 zavcritnte:
817 3583 834 3616 ι
866 3563 1162 3636 ostendens
1194 3564 1452 3632 quoniam
1489 3577 1597 3636 non
1630 3561 1698 3616 de
1738 3561 2530 3636 ntembrisscandalizantibus
2561 3561 2686 3636 qua;
2727 3573 2856 3618 sunt
2903 3563 3060 3636 intra
3078 3565 3475 3636 nosnloquitur,
3518 3566 3612 3621 sed
3648 3566 3717 3636 de

437 3634 757 3689 hominibus
786 3634 877 3704 qui
913 3642 1040 3704 sunt
1067 3641 1222 3704 extra
1263 3647 1362 3686 nos
1389 3632 1720 3704 pertinentes
1761 3632 1826 3704 ad
1859 3648 1981 3704 nos,
2013 3634 2088 3688 ita
2117 3642 2180 3688 ut
2219 3648 2437 3704 manus,
2467 3640 2560 3686 aut
2581 3633 2766 3701 pedes,
2803 3641 2899 3704 aut
2940 3635 3085 3688 oculi
3114 3632 3502 3704 existimentur
3535 3634 3714 3704 gratia

435 3705 719 3774 charitatis
749 3700 1046 3774 conjuncti.
1100 3700 1165 3755 Et
1215 3717 1341 3755 vere
1371 3700 1620 3774 quaedam
1651 3703 1914 3774 scandala
1960 3719 2029 3757 ex
2061 3705 2239 3774 nobis?
2269 3703 2401 3774 ipsis
2446 3700 2789 3774 nascuntur:
2823 3703 2967 3756 sicut
3001 3704 3076 3758 ait
3100 3703 3350 3774 ,Jacobns
3378 3707 3431 3759 in
3473 3700 3716 3773 Epistola

435 3788 538 3828 sua
573 3792 587 3828 :
627 3791 646 3824 ι
686 3773 828 3842 Dens
854 3771 1129 3827 neminem
1159 3780 1362 3834 tentat,
1409 3773 1502 3826 sed
1538 3772 1918 3842 unusquisque
1946 3780 2183 3829 tentatur
2228 3771 2305 3827 in'
2321 3771 2778 3841 concupiscentiis
2810 3773 2947 3827 suis.
3006 3793 3024 3821 ι
3076 3773 3335 3840 Quaedam
3375 3771 3718 3830 extrinsecus

433 3844 696 3914 nveniunt,
737 3841 820 3897 vel
850 3843 919 3896 ab
948 3842 1243 3914 extraneis,
1280 3843 1364 3896 vel
1393 3855 1424 3895 a
1459 3841 1745 3911 proximis,
1781 3841 1849 3896 de
1886 3842 2104 3914 quibus,
2125 3857 2367 3914 praesens
2395 3843 2640 3914 loquitur
2676 3855 2909 3914 sermo:
2943 3849 2997 3897 et
3023 3843 3222 3898 bonum
3252 3843 3473 3914 quidem
3503 3852 3621 3898 erat
3655 3852 3716 3898 ut

435 3911 727 3968 laudabilis
758 3920 904 3966 esset
942 3921 994 3967 et
1043 3912 1256 3976 oculus,
1291 3920 1344 3965 et
1371 3926 1634 3982 _manus,
1682 3919 1744 3964 ut
1775 3925 1844 3965 ne
1881 3913 2058 3982 possit
2088 3911 2234 3982 juste
2261 3912 2443 3966 dicere
2469 3911 2663 3965 oculus
2701 3911 2885 3982 manui
2935 3929 2950 3965 :
2994 3931 3013 3963 ι
3060 3911 3370 3969 necessaria
3419 3914 3554 3969 mihi
3600 3929 3712 3968 non

432 3996 513 4052 es.
546 4001 564 4033 ι
596 3982 659 4052 Si,
686 3991 863 4036 autem
897 3982 1098 4052 aliquis
1125 3997 1193 4036 ex
1227 3989 1340 4035 toto
1371 3979 1629 4052 Ecclesiae
1648 3979 1899 4052 corpore
1921 3979 2178 4052 videatur
2201 3997 2398 4036 manus
2431 3990 2650 4052 propter
2676 3979 2914 4052 aliquem
2952 3991 3157 4048 actum,
3193 3998 3494 4040 conversus
3529 3993 3714 4038 autem

435 4049 612 4106 factus
639 4049 1240 4125 fueritscaudalizans,
1262 4052 1458 4106 oculus
1477 4051 1622 4105 dicat
1647 4049 1964 4125 hujusmodi
1997 4051 2186 4125 manui
2215 4070 2228 4106 :
2266 4068 2286 4103 ι
2319 4049 2631 4125 necessaria
2667 4049 2800 4125 mihi
2836 4066 2943 4125 non
2969 4066 3058 4125 es,
3084 4070 3120 4125 At
3161 4062 3216 4107 et
3243 4054 3430 4108 dicens
3459 4053 3718 4125 praecidat

434 4134 579 4193 eam,
625 4131 678 4193 et
721 4121 882 4190 pellat
914 4137 960 4193 an
981 4137 1058 4176 se.
1096 4119 1186 4175 Sic
1228 4121 1430 4175 bonum
1461 4129 1544 4193 est
1575 4129 1633 4193 ut
1662 4121 1735 4193 sit
1766 4129 1820 4174 et
1857 4131 2020 4190 caput
2060 4121 2303 4193 beatum,
2333 4129 2388 4174 et
2425 4120 2604 4193 pedes
2619 4119 2712 4193 tan
2744 4121 2918 4193 capite
2951 4121 3120 4193 digni,
3156 4130 3215 4193 ut
3246 4138 3316 4178 ne.
3348 4119 3521 4193 possit
3550 4128 3717 4191 caput

433 4189 578 4262 juste
613 4188 794 4246 dicere
825 4191 1053 4261 pedibus
1089 4208 1102 4244 :
1148 4207 1168 4240 ι
1216 4189 1510 4262 necessarii
1540 4190 1676 4262 mihi
1716 4188 2026 4262 nones—tis.
2069 4209 2088 4242 ι
2122 4191 2180 4245 Si
2223 4199 2402 4262 autem
2431 4188 2640 4262 aliquis
2682 4188 2846 4244 fuerit
2876 4191 2931 4244 in
2979 4188 3220 4247 Ecclesia
3262 4188 3366 4262 pes
3394 4188 3712 4248 scandalum

439 4259 884 4333 facienscorpori
910 4262 1186 4324 universo,
1208 4261 1534 4333 dicateaput
1551 4260 1862 4333 ltujusmodi
1883 4261 2004 4333 pedi
2033 4279 2094 4333 τι
2118 4259 2460 4333 necessarius
2485 4259 2618 4333 mihi
2653 4275 2761 4313 non
2795 4275 2921 4333 es,»
2944 4270 2997 4315 et
3019 4259 3315 4329 praecidens
3342 4263 3564 4333 repellat
3587 4275 3716 4316 eum

433 4345 474 4401 at
500 4345 579 4385 se.
615 4328 804 4385 Melius
830 4339 908 4386 est
936 4333 1083 4385 enim
1117 4339 1175 4383 ut
1200 4328 1484 4401 residuum
1515 4345 1716 4400 corpus
1747 4329 1910 4384 intret
1938 4331 2194 4401 invitam
2225 4330 2342 4401 sine
2369 4330 2617 4401 membro
2651 4328 3074 4401 seandalizante,
3108 4347 3271 4401 quam
3304 4328 3478 4387 totum
3511 4346 3715 4401 corpus

438 4399 712 4470 Ecclesiae,
755 4402 947 4454 morbo
991 4399 1232 4455 seandali
1269 4416 1365 4469 per
1399 4415 1591 4454 omnes
1618 4399 1896 4470 currente,
1941 4399 2190 4454 mittatur
2226 4400 2280 4470 in
2309 4399 2633 4470 gehennam.
2663 4399 2755 4453 Sic
2783 4399 2985 4470 bonum
3015 4399 3232 4470 quidem
3264 4413 3382 4457 erat
3411 4412 3469 4456 ut
3496 4402 3585 4456 ille
3611 4399 3714 4469 qui

435 4468 614 4540 factus
639 4479 723 4524 est
764 4470 978 4540 oculus,
1010 4472 1206 4540 dignus
1241 4468 1386 4525 esset
1419 4471 1593 4539 capite
1621 4469 1862 4535 Christo,
1898 4479 1952 4540 et
1999 4478 2115 4524 toto
2161 4469 2543 4540 ecclesiastico
2567 4482 2815 4540 corpore.
2869 4469 2926 4524 Si
2960 4468 3140 4525 autem
3185 4487 3481 4528 conversus
3517 4468 3714 4526 oculos

437 4538 528 4612 ille
555 4539 928 4612 factusfuerit
953 4538 1512 4612 scandalumncorpori
1557 4541 1834 4612 universo,
1863 4538 2115 4608 ejiciatur
2157 4541 2352 4593 oculus
2367 4539 2766 4612 scandalizatus
2779 4548 2876 4612 ,__et
2907 4549 3062 4593 extra
3096 4556 3256 4612 omne
3295 4557 3496 4612 corpus
3521 4541 3710 4610 expel-

436 4607 600 4679 latur,
633 4619 688 4662 nt
715 4608 833 4661 sine
864 4609 954 4663 illo
989 4609 1150 4663 oculo
1182 4607 1461 4664 residuum
1495 4624 1695 4679 corpus
1724 4607 1982 4675 salvetur,
2014 4625 2180 4679 quam
2213 4608 2460 4679 cumillo
2494 4608 2655 4662 oculo
2685 4608 2966 4679 debilitate
2999 4617 3166 4664 totam
3203 4607 3498 4667 Ecclesiam
3534 4607 3713 4665 mittat

436 4677 493 4731 in
521 4681 850 4750 gehennam,
876 4679 1269 4750 intenebratarn
1297 4679 1543 4750 videlicet
1577 4676 1672 4748 per
1707 4680 1924 4733 oculum
1962 4676 2188 4733 malum.
2229 4678 2506 4750 Christum
2553 4686 2733 4750 autem
2764 4676 3016 4750 Ecclesize
3041 4689 3206 4750 caput
3245 4697 3386 4747 esse,
3438 4697 3545 4736 non
3587 4695 3710 4750 ego.

435 4749 531 4820 sed
565 4748 862 4820 Apostolus
889 4747 1171 4820 intellexit.
1205 4747 1528 4804 Sacerdotes
1557 4747 1740 4803 autem
1777 4751 2174 4820 rationabiliter
2202 4756 2433 4820 possunt
2454 4749 2561 4820 dici
2605 4747 2864 4802 Ecclesia:
2896 4747 3125 4815 oculus,—
3145 4752 3405 4819 quoniam
3433 4761 3486 4806 et
3510 4747 3710 4820 specu-

435 4817 637 4872 latores
679 4819 950 4891 ltabentur
982 4835 996 4871 :
1029 4819 1242 4872 diaconi
1277 4826 1458 4872 autem
1497 4821 1786 4891 exterique
1815 4819 2066 4891 ministri
2093 4817 2606 4891 matius,__quoniam
2660 4833 2754 4886 per
2803 4833 2898 4873 eos
2943 4834 3104 4888 opera
3149 4817 3414 4891 spiritalia
3449 4817 3710 4891 unijersa

435 4897 697 5012 geruptur
723 4889 1034 5012 :tpropulum
1069 4896 1249 4944 autem
1275 4903 1396 4944 esse
1425 4889 1589 4960 pedes
1618 4888 1876 4944 Ecclesiae
1913 4905 1926 4942 :
1955 4889 2156 4959 quibus
2190 4888 2446 4944 omnibus
2470 4902 2691 4956 parcere
2711 4903 2819 4943 non
2845 4897 3075 4958 oportet,
3107 4891 3153 4946 si
3179 4888 3501 4948 scandalum
3526 4889 3714 4946 Eccle-

435 4973 531 5012 siae
585 4975 736 5012 uerm
817 4977 880 5012 ac
910 4976 944 5012 ι.

435 4973 531 5012 sue
563 4968 764 5012 fuerint
795 4968 944 5013 lacti.

505 5028 596 5082 25.
639 5026 940 5084 Possumus
967 5039 1148 5083 autem
1197 5029 1302 5084 hoc
1335 5036 1485 5084 textu
1519 5028 1596 5082 uti
1628 5029 1791 5083 etiam
1830 5029 1897 5084 de
1922 5027 2240 5084 domesticis
2267 5027 2494 5090 nostris,
2535 5037 2589 5082 et
2633 5027 2789 5098 quasi
2822 5029 3082 5085 membris
3123 5031 3197 5086 ita
3228 5032 3387 5087 nobis
3417 5030 3710 5088 dilectione

433 5098 763 5167 conjunctis,
801 5100 915 5152 sive
953 5099 1286 5168 parentibus,
1327 5100 1442 5154 sive
1490 5099 1686 5154 amicis
1711 5101 1944 5170 quadam
1982 5099 2356 5154 familiaritate
2382 5098 2617 5164 dilectis,
2650 5099 2851 5168 quibus
2876 5113 3100 5168 parcere
3127 5115 3237 5156 non
3271 5112 3486 5173 oportet
3513 5102 3711 5156 auium:

2109 5244 2456 5319 χρηματίσας
2483 5243 2571 5297 διὰ
2592 5244 2654 5298 τὸ
2683 5243 3006 5319 πρακτικόν.
3033 5241 3532 5319 I_taque_sie_locum
3562 5239 3710 5294 hunc

2110 5311 2452 5407 concinnare;
2477 5329 2645 5402 queas
2682 5334 2694 5370 :
2730 5311 2970 5407 ᾈύναξαι
3001 5313 3111 5384 γάρ
3133 5311 3249 5366 καὶ
3275 5311 3353 5407 λ’τὸ

2114 5384 2225 5448 κῶς
2257 5385 2377 5456 μὲν,
2431 5383 2495 5436 ἵν’
2529 5383 2999 5467 οὕτωςηόνομάσω,
3027 5381 3332 5464 πρακτιειὺν
3378 5381 3485 5461 τῆς
3503 5381 3706 5449 ψυχῆς,

2116 5455 2212 5526 καὶ
2263 5456 2322 5508 τὸ
2373 5454 2763 5526 ἁμαρτητικως
2817 5454 3140 5525 πορευτικὺν
3195 5469 3295 5524 της
3347 5451 3548 5522 ψυχης,
3598 5459 3704 5502 etc.

2119 5523 2740 5663 [maia'rs'bxxdﬁwmr
2759 5594 2869 5663 γὰρ
2887 5593 2987 5661 ἀρ’
3007 5591 3236 5646 ἑαυτῶν
3265 5591 3347 5658 ὡς
3371 5591 3558 5660 χεῖρα,
3595 5595 3702 5663 e_tc.

2118 5659 2454 5733 :I‘lteOphilus
2493 5659 2886 5728 Aittiocltenu’s,
2926 5659 3161 5718 ll.larius
3195 5666 3247 5717 in
3287 5659 3479 5733 Matth.
3516 5677 3570 5724 v,
3596 5659 3703 5733 729,

2118 5730 2406 5798 Pacia’nus,
2426 5735 2587 5804 epist.
2618 5735 2671 5802 5,
2701 5734 2771 5787 ad
2797 5735 3169 5804 Sympronian.
3200 5743 3384 5789 contra
3417 5731 3702 5788 Novatinn.

510 5242 622 5317 (59)
657 5241 839 5317 Codex
876 5240 1248 5317 Regiuspalov
1275 5243 1736 5317 βεϐλαμμένονᾼτὸ
1767 5244 1947 5317 σῶμα,

506 5313 618 5384 (ου)
655 5314 909 5367 Atia-atat
932 5313 1042 5384 γὰρ
1065 5313 1132 5368 τὸ
1172 5313 1578 5384 ἀμάρτητὶκῶς
1593 5315 1729 5384 μέν,
1751 5313 1862 5370 etc.
1901 5315 2008 5372 Ve-

431 5389 524 5438 tus
557 5385 779 5455 interpr.
808 5401 823 5438 :
851 5403 868 5435 ι
899 5384 1085 5439 Potest
1105 5392 1286 5438 tamen
1315 5394 1368 5440 et
1397 5387 1476 5439 sic
1501 5385 1748 5455 intelligi,
1775 5395 1835 5440 ut
1857 5396 2012 5440 actus

433 5455 635 5508 animae
655 5469 909 5523 peccans,
936 5469 1133 5523 manus
1154 5455 1512 5523 intelligatur,
1538 5463 1592 5508 et
1621 5456 1874 5523 incessus
1895 5459 2016 5509 ani-

437 5541 540 5579 mae
566 5521 820 5594 peccans,
857 5537 976 5592 pes.
1009 5531 1065 5576 et
1085 5521 1236 5577 visus
1257 5522 1452 5577 animae
1476 5536 1729 5592 peccans,
1755 5522 1968 5578 oculus.
2003 5539 2022 5574 ι

449 5595 509 5646 '0
538 5593 904 5648 σκανδαλίζων
927 5591 1226 5648 ὀφθαλμός.
1261 5593 1558 5648 resnondet
1588 5591 1666 5648 τῷ
1701 5593 2025 5648 διοοατικῷ·

449 5595 509 5646 Ὅ
538 5593 904 5658 σάανδαλίξων
927 5593 1226 5663 ὀφθαλμός.
1261 5593 1558 5662 respondet
1588 5593 1666 5662 τῷ
1701 5593 2025 5663 διορατικῷ·

439 5662 573 5734 ποῦς
590 5703 604 5726 ν
623 5663 706 5734 ,τῷ
727 5662 1036 5733 πορευτικῷ
1057 5681 1070 5694 ·
1106 5663 1228 5734 χείρ
1264 5678 1395 5734 vero
1419 5662 1556 5717 nihil
1599 5664 1763 5734 habet
1789 5663 1855 5717 ad
1882 5661 2027 5734 quod

444 5731 635 5788 referri
664 5731 831 5791 possit
858 5751 870 5788 :
897 5731 1059 5798 supra
1086 5731 1269 5790 tamen
1287 5733 1338 5790 id
1364 5733 1560 5801 legitur
1584 5749 1597 5787 :
1632 5733 1692 5788 Εἰ
1717 5733 1772 5788 δέ
1797 5750 1881 5798 τις
1902 5731 2030 5802 χεὶρ
