4146 6426
468 334 607 389 Ηίῢ

1963 320 2292 379 οιιιοΕΝιε

3610 323 3749 378 “(id

469 449 621 518 ipsis,
646 449 739 504 sed
765 464 797 504 a
821 450 1047 505 seminis
1083 448 1292 503 ratione
1325 447 1543 517 pendet,
1569 457 1630 501 ut
1663 444 1842 500 brevis
1867 444 1956 498 ille
1979 458 2043 499 ac

2145 439 2281 493 ἀλλὰ
2304 441 2453 513 παρὰ
2475 445 2600 506 τους
2628 441 3037 514 σπερματικοὺς
3070 440 3286 511 λόγους,
3322 444 3353 497 δ
3383 442 3485 515 μέν
3514 461 3601 509 τις
3628 442 3753 499 ἑστι

461 526 691 609 parvus,
725 555 955 610 magnus
991 540 1097 606 hic,
1134 538 1427 594 mediocris
1477 540 1581 593 iste
1614 537 1750 605 ﬁat;
1786 546 1842 592 at
1870 536 2051 606 quoad

458 634 705 697 animos,
740 644 852 686 tum
884 631 1027 700 quod
1056 632 1228 686 nostri
1269 640 1353 687 est
1383 630 1621 695 arbitrii,
1657 640 1772 685 tum
1822 640 1875 685 et
1922 629 2050 685 talia

460 724 736 787 facinora,
767 723 1011 793 talesque
1041 738 1225 777 mores
1254 739 1478 778 causam
1513 723 1648 778 dant
1676 738 1777 778 cur
1822 737 2052 793 magnus

456 816 688 886 aliquis,
721 830 995 886 parvusve
1026 815 1241 879 evadat,
1272 816 1357 870 vel
1385 816 1451 871 ad
1491 815 1726 871 mediam
1775 816 2052 887 magnitu-

465 908 647 961 dinem
681 905 955 977 pertingat
986 923 1002 973 ;
1032 905 1170 960 etin
1205 913 1393 961 nostra
1422 907 1590 961 situm
1636 915 1721 963 est
1759 916 2048 977 potestate,

456 998 548 1053 ’νει
577 997 951 1068 promovendo
972 997 1026 1052 in
1060 997 1458 1069 magnitudine,
1492 1005 1718 1054 statum
1744 998 2054 1054 incremen-

460 1101 581 1146 tum
630 1103 824 1159 capere
855 1107 870 1157 ;
903 1088 987 1144 vel
1021 1104 1128 1144 non
1162 1089 1574 1159 promovendo,
1620 1106 1850 1160 parvum
1903 1105 2047 1146 esse.
2084 1082 2091 1091 ’

461 1181 532 1236 ιιι
552 1182 633 1236 sic
663 1181 990 1250 interpretor
1014 1180 1161 1251 quod
1179 1180 1247 1235 de
1270 1178 1561 1235 Servatore
1586 1181 1794 1236 dictum
1824 1191 1930 1250 est,
1955 1182 2050 1253 qui

464 1275 760 1328 humanam
794 1288 1015 1343 quoque
1042 1273 1283 1328 animam
1317 1275 1614 1345 assumpsit
1642 1293 1655 1329 :
1688 1293 1706 1325 ι
1735 1273 1895 1330 Iesus
1922 1290 2051 1346 pro-

460 1363 681 1419 ﬁciebat
706 1363 772 1418 ιδ.
812 1382 833 1416 ι
872 1363 1344 1430 Quemadmodum
1378 1366 1522 1421 enim
1554 1382 1585 1420 e
1614 1367 1776 1422 rebus
1796 1367 1866 1422 ab
1898 1367 2045 1422 arbi-

461 1456 572 1511 trio
601 1455 775 1512 libero
805 1456 1191 1526 pendentibus,
1226 1474 1349 1527 quae
1377 1459 1577 1513 anima:
1625 1459 1773 1515 illius
1812 1461 2047 1527 inerant,

463 1562 758 1616 processus
786 1547 843 1603 in
869 1548 1137 1618 sapientia
1162 1557 1281 1604 erat
1308 1558 1363 1603 et
1394 1550 1592 1619 gratia,
1638 1551 1714 1606 ita
1759 1562 1814 1607 et
1855 1552 1908 1606 in
1937 1562 2050 1608 sta-

460 1651 583 1694 tura
613 1657 628 1696 :
662 1648 717 1695 et
744 1640 1037 1711 Apostolus
1062 1644 1105 1675 ιδ
1132 1660 1146 1697 :
1184 1661 1207 1693 ς
1239 1642 1423 1697 Donec
1454 1657 1815 1701 occurramus
1854 1661 2048 1703 omnes

462 1733 516 1785 in
549 1732 727 1787 virum
763 1731 1086 1802 perfectum,
1125 1734 1180 1788 in
1223 1749 1542 1790 mensuram
1587 1737 1767 1794 aetatis
1808 1739 2048 1809 plenitu-

460 1825 606 1881 dinis
632 1823 835 1880 Christi
871 1842 886 1892 ;
922 1844 942 1879 ο
980 1826 1157 1881 virum
1178 1827 1327 1882 enim
1361 1830 1614 1895 evadere,
1651 1845 1889 1902 eumque
1923 1847 2045 1902 per-

462 1916 684 1979 fectum,
717 1915 1020 1972 secundum
1060 1917 1378 1973 interiorem
1408 1920 1685 1976 hominem
1713 1923 2042 1977 credendum

456 2015 563 2072 est,
589 2008 683 2077 qui
715 2023 838 2078 quae
864 2009 1020 2079 pueri
1048 2019 1177 2065 sunt
1213 2009 1380 2066 fuerit
1411 2021 1854 2082 pmtergressus,
1882 2024 1936 2070 et
1965 2018 2047 2069 vir

450 2100 715 2167 evaserit,
752 2110 809 2156 et
846 2102 1081 2173 puerilia
1132 2102 1457 2166 aboleverit,
1494 2114 1548 2159 et
1592 2104 1892 2174 perfectum
1943 2106 2045 2161 viri

452 2200 664 2246 statum
702 2193 860 2262 plane
901 2191 1069 2247 fuerit
1116 2203 1402 2249 assecutus
1429 2195 1491 2249 “.
1525 2195 1649 2250 Pari
1683 2196 1896 2253 ratione
1941 2197 2045 2252 ali-

462 2299 628 2354 quam
686 2285 853 2340 etiam
913 2285 1218 2356 spiritualis
1275 2296 1501 2343 statura:
1556 2302 1870 2343 mensuram
1924 2303 2047 2344 esse

459 2374 762 2443 putandum
789 2383 893 2442 est,
919 2377 985 2430 ad
1017 2392 1181 2446 quam
1210 2376 1610 2445 perfectissima
1642 2379 1823 2433 anima
1854 2378 2046 2434 Domi-

461 2482 593 2521 num
624 2467 1027 2538 magniﬁcando
1056 2469 1341 2537 pervenire
1369 2479 1424 2523 et
1450 2484 1646 2539 magna
1699 2469 1812 2525 ﬁeri
1845 2480 2043 2540 patest.

461 2556 542 2612 Eo
575 2558 741 2629 igitur
768 2567 927 2628 pacto
958 2557 1140 2628 magni
1174 2572 1396 2628 quoque
1443 2558 1519 2612 illi
1564 2555 1692 2613 facti
1731 2567 1879 2623 sunt,
1907 2573 2049 2627 quos

461 2651 598 2706 tales
631 2651 873 2706 evasisse
904 2650 1125 2720 scriptis
1173 2651 1448 2721 proditum
1476 2658 1580 2716 est,
1611 2651 1783 2716 Isaac,
1812 2657 1869 2705 et
1897 2648 2047 2722 Moy-

459 2758 569 2807 ses,
593 2752 648 2797 et
669 2741 931 2805 Joannes,
955 2753 1008 2797 et
1033 2743 1148 2811 ipse
1169 2757 1281 2812 pra
1301 2743 1559 2798 omnibus
1579 2742 1746 2814 606
1769 2740 2045 2797 Servator:

459 2834 526 2888 de
552 2832 644 2887 illo
671 2832 819 2887 enim
850 2832 987 2886 dixit
1013 2830 1232 2886 Gabriel
1258 2832 1301 2863 "
1329 2850 1343 2885 :
1379 2850 1397 2882 ι
1430 2830 1545 2887 Erit
1578 2847 1808 2901 magnus
1832 2849 1846 2886 :
1875 2851 1895 2885 ι
1922 2847 2048 2902 par-

2157 534 2364 607 βραχὺς
2384 535 2479 587 καλ⁵
2513 534 2731 606 μικρὸς,
2760 536 2789 587 ὁ
2816 533 2874 588 δὲ
2909 534 3104 604 μέγας,
3132 534 3161 586 ὁ
3189 533 3245 588 δὲ
3290 534 3494 606 μεταξύ
3519 552 3533 565 ·
3570 536 3664 591 ἐπὶ
3690 536 3755 592 δὲ

2152 626 2262 679 τῶν
2288 625 2497 696 ψυχῶν,
2530 626 2624 679 καὶ
2652 625 2713 679 τὸ
2744 626 2829 694 ἐφ’
2854 626 3009 697 ἡμῖν,
3046 626 3142 680 καὶ
3172 627 3230 681 αἱ
3260 626 3461 681 τοιαίδε
3498 627 3751 700 πράξεις,

2153 719 2247 771 καὶ
2278 718 2339 771 τὸ
2363 717 2603 772 τοιοῦτον
2633 713 2766 790 ἦθος
2789 721 2888 793 τὴν
2913 720 3094 774 αἰτίαν
3142 717 3255 790 ἔχει
3292 719 3386 773 τοῦ
3423 720 3598 791 μέγαν
3626 722 3752 777 τινὰ

2153 806 2291 865 εἶναι
2316 852 2331 875 ,
2376 810 2409 882 ἦ
2442 798 2721 883 imminui}
2755 813 2813 866 ἐν
2854 814 2968 877 τοῖς
3025 809 3230 883 μεταξὺ
3272 813 3596 883 τυγχάνειν·
3655 817 3752 871 καὶ

2152 901 2299 956 ἔστιν
2321 904 2385 956 ὲκ
2414 902 2523 956 τῶν
2543 904 2627 973 ἐφ’
2654 903 2806 975 ἡμῖν,
2825 904 2944 974 ήτοι
2973 903 3303 975 προκόπτειν
3327 907 3394 976 τῇ
3423 906 3612 979 ήλικία
3637 908 3752 978 (64)

2153 994 2457 1048 ἐπιδιδόντα
2481 996 2561 1058 εις
2598 994 2848 1065 μέγεθος,
2875 994 2911 1066 ἢ
2932 995 3008 1067 μὴ
3041 996 3425 1067 προκόπτοντα
3448 993 3591 1052 εἶναι
3617 998 3753 1071 βρα-

2152 1087 2270 1157 χύν.
2306 1088 2417 1141 Καὶ
2460 1086 2604 1141 οὕτω
2634 1104 2700 1157 γε
2729 1086 2914 1142 ἀκούω
2962 1087 3094 1159 περὶ
3131 1087 3233 1142 τοῦ
3264 1090 3516 1163 Σωτῆρος
3546 1090 3753 1145 ἀναλα-

2152 1180 2338 1244 ϐόντος
2383 1180 2731 1252 ἀνθρωπίνην
2763 1178 2963 1252 ψυχὴν,
2994 1181 3086 1235 τό’
3134 1200 3153 1232 ι
3189 1182 3250 1234 ’0
3291 1181 3499 1254 Ἰησοῦς
3523 1182 3758 1255 προέκο-

2152 1290 2305 1328 πτεν.
2345 1294 2363 1324 ι
2405 1274 2491 1337 Ὠς
2516 1273 2626 1345 γὰρ
2657 1274 2723 1327 ὲκ
2770 1273 2866 1326 τοῦ
2899 1274 2985 1343 ἐφ’
3013 1274 3146 1345 ἡμῖν
3174 1274 3274 1345 τῆς
3296 1273 3475 1346 ψυχῆς
3495 1275 3662 1329 αὐτοῦ
3682 1272 3755 1348 ἦν

2151 1367 2186 1436 ή
2221 1368 2278 1420 ὲν
2302 1367 2465 1437 σοφίᾳ
2493 1366 2745 1438 προκοπὴ
2774 1364 2870 1419 καὶ¹
2899 1366 3104 1436 χάριτι,
3131 1363 3278 1420 οὕτω
3319 1366 3417 1419 καὶ
3446 1367 3506 1421 ὲν
3539 1367 3747 1439 ἡλικίᾳ·

2152 1456 2245 1510 καὶ
2299 1457 2327 1509 ὁ
2383 1456 2735 1521 Ἀπόστολοςο
2775 1476 2794 1507 ι
2848 1458 3033 1530 Μέχρι
3074 1457 3507 1528 καταντήσωμεν
3550 1457 3753 1522 πάντες

2150 1550 2231 1612 είς
2252 1547 2420 1620 ἄνδρα
2451 1549 2677 1614 τέλειον,
2708 1551 2789 1613 είς
2820 1549 3018 1622 μέτρον
3051 1549 3271 1621 ήλικίας
3302 1550 3399 1602 τοῦ
3440 1548 3750 1621 πληρώμα-

2149 1656 2241 1703 τος
2270 1640 2367 1694 τοῦ
2400 1640 2659 1713 Χριστοῦ.
2699 1661 2718 1692 ι
2748 1642 3038 1712 Καταντᾷν
3062 1640 3173 1712 γὰρ
3198 1642 3278 1703 εις
3298 1640 3487 1711 ἄνδρα,
3504 1640 3601 1694 καὶ
3627 1641 3753 1694 τοῦ..

2150 1748 2241 1786 τον
2265 1732 2505 1796 τέλειον,
2551 1732 2695 1787 κατὰ
2742 1733 2834 1787 τὸν
2874 1734 2982 1786 έσω
3027 1731 3311 1804 ἄνθρωπον
3342 1732 3627 1804 νομιστέον
3659 1732 3754 1788 τὸν

2080 1795 2122 1851 Β
2149 1822 2410 1876 διαϐάντα
2435 1795 2504 1875 τὰ
2521 1822 2615 1876 τοῦ
2638 1822 2856 1895 νηπίου,
2886 1823 2982 1877 καὶ
3009 1795 3297 1891 φθάσαντα
3321 1795 3419 1874 ἐπί
3433 1822 3527 1876 τὸν
3553 1821 3750 1894 ἄνδρα,

2148 1915 2244 1970 καὶ
2269 1916 2699 1987 καταργήσαντα
2738 1915 2808 1970 τὰ
2844 1916 2940 1970 τοῦ
2988 1914 3183 1986 νηπίου
3205 1954 3220 1979 ,
3267 1913 3365 1968 καὶ
3412 1913 3753 1981 ἁπαξαπλῶς

2147 2012 2512 2067 τελειώσαντα
2541 2011 2614 2066 τὰ
2644 2010 2740 2067 τοῦ
2763 2012 2986 2085 ἀνδρόςο
3015 2011 3160 2065 οὕτω
3179 2010 3224 2064 δ’
3251 2010 3592 2079 ὑποληπτέον
3612 2006 3754 2066 εἶναί

2146 2124 2199 2159 τι
2231 2106 2326 2160 καὶ
2356 2105 2553 2178 μέτρον
2604 2103 2984 2174 πνευματικῆς
3027 2104 3278 2175 ήλικίας,
3306 2103 3391 2171 ἐφ’
3425 2102 3455 2154 ὃ
3478 2103 3513 2173 ή
3544 2102 3750 2158 τελειο-

2147 2198 2282 2269 τάτη
2322 2197 2547 2252 δύναται
2590 2197 2795 2268 φθάσαι
2836 2195 2984 2269 ψυχὴ
3035 2197 3103 2251 ὲκ
3151 2195 3247 2251 τοῦ
3300 2194 3629 2266 μεγαλύνειν
3660 2196 3753 2249 τὸν

2148 2290 2373 2361 Κύριον,
2407 2290 2502 2342 καὶ
2527 2287 2735 2360 μεγάλη
2767 2289 3035 2359 γίνεσθαι.
3072 2287 3259 2351 Οὕτως
3280 2283 3373 2341 οὖν
3403 2288 3501 2341 καὶ
3520 2286 3746 2358 μεγάλοι

2152 2380 2272 2451 μὲν,
2308 2379 2438 2450 περὶ
2459 2372 2534 2433 ὧν
2553 2378 2701 2433 τοῦτ’
2717 2378 3158 2450 ἀναγέγραπται,
3186 2378 3494 2447 γεγόνασιν,
3536 2376 3751 2438 Ἰσαὰκ,

2148 2469 2244 2523 καὶ
2266 2467 2531 2538 Μωῦσῆς,
2561 2468 2657 2521 καὶ
2682 2466 2959 2539 Ἰωάννης,
2983 2468 3078 2521 καὶ
3092 2467 3257 2530 αὐτὸς
3279 2468 3372 2520 ἐπὶ
3398 2468 3564 2521 πᾶσιν
3584 2468 3615 2519 ὁ
3638 2467 3751 2520 Σω-

2148 2561 2285 2631 τήρ·
2337 2561 2434 2614 καὶ
2489 2559 2601 2629 γὰρ
2655 2559 2785 2630 περὶ
2828 2558 2996 2613 αὑτοῦ
3037 2560 3068 2613 ὁ
3110 2559 3303 2630 Σωτὴρ
3354 2554 3477 2612 εἶπε
3503 2557 3617 2630 (65)
3648 2556 3747 2612 τό⁸

2153 2654 2381 2707 «Ἔσται
2415 2651 2619 2724 μέγας·
2651 2670 2669 2703 ι
2695 2653 2880 2723 μικροὶ
2898 2651 2977 2717 δὲ,
3016 2671 3035 2703 ι
3071 2651 3140 2705 τὰ
3166 2650 3530 2723 ἀρτιγέννητα
3550 2650 3749 2724 βρέφη,

2147 2744 2386 2815 λογικὸν,
2433 2743 2618 2798 ἄδολον
2650 2742 2791 2812 γάλα
2824 2742 3213 2809 ὲπιποθοῦντα,
3254 2761 3272 2794 ι
3299 2744 3497 2806 οἵτινες
3526 2741 3751 2796 καὶτῶν

2150 2840 2303 2912 παρὰ
2332 2838 2411 2910 τῷ
2456 2839 2654 2910 Ἡσαΐᾳ
2682 2837 2992 2908 λεγομένων
3010 2836 3245 2908 τιθηνῶν
3264 2836 3479 2891 δέονται
3507 2835 3606 2891 καὶ
3624 2852 3756 2909 τρο-

457 2924 571 2981 vuli
598 2934 804 2991 autem,
831 2941 852 2977 ι
883 2923 1049 2978 modo
1070 2923 1235 2994 geniti
1266 2922 1527 2991 infantes,
1551 2924 1899 2988 rationabile,
1928 2924 2044 2981 sine

2151 2932 2289 3003 φῶν,
2323 2930 2534 3000 λέγοντι
2562 2930 2694 3001 περὶ
2718 2930 2817 3000 τῆς
2837 2929 2945 2983 ἀπὸ
2959 2929 3068 2982 τῶν
3092 2928 3262 2982 ἐθνῶν
3286 2928 3538 2999 κλήσεως
3557 2948 3572 2963 ·
3599 2950 3619 2983 ι
3639 2929 3750 2986 Καὶ

460 3018 589 3074 dolo
627 3018 715 3073 lac
739 3015 1193 3085 concupiscentes
1217 3014 1282 3081 ιδ,
1313 3033 1333 3067 ι
1365 3015 1569 3084 quibus
1598 3014 1838 3071 nutritiis
1863 3016 1970 3072 illis
1995 3027 2044 3072 et

2151 3021 2341 3089 ἄξουσι
2367 3022 2498 3085 τοὺς
2531 3021 2683 3083 υἱοὺς
2712 3021 2768 3073 ὲν
2798 3018 3017 3089 κόλπῳ,
3067 3017 3167 3081 τὰς
3210 3018 3268 3071 δὲ
3311 3017 3620 3091 θυγατέρας
3656 3021 3749 3074 ἐπὶ

463 3108 768 3164 nutricibus
793 3122 934 3177 opus
958 3114 1063 3171 est,
1089 3107 1183 3175 qui
1220 3106 1289 3161 ab
1335 3105 1474 3161 Isaia
1522 3116 1921 3175 memorantur,
1961 3109 2044 3164 di-

2150 3115 2259 3169 τῶν
2284 3114 2452 3185 ῶμων
2481 3111 2674 3184 ἀροῦσι
2694 3128 2707 3142 '
2740 3111 2836 3165 καὶ
2878 3110 3093 3165 ἔσονται
3128 3109 3368 3179 βασιλεῖς
3391 3110 3600 3183 τιθηνοί
3626 3129 3746 3175 σου,

459 3210 617 3258 rente
648 3201 717 3257 de
748 3199 1033 3254 vocatione
1060 3213 1090 3253 e
1121 3198 1375 3268 gentibus
1395 3198 1437 3231 ¹⁹
1463 3216 1476 3252 :
1517 3217 1536 3250 ι
1566 3200 1633 3254 Et
1654 3199 1882 3256 aﬁ‘erent
1902 3200 2043 3257 ﬁlios

2148 3209 2207 3262 αί
2238 3206 2296 3261 δὲ
2318 3205 2584 3277 ἄρχουσαι
2620 3202 2802 3256 αὐτῶν
2825 3201 3015 3274 τροφοί
3050 3218 3165 3255 σου.
3202 3221 3222 3254 ι
3272 3202 3623 3275 Ἐπιστήσεις
3649 3200 3746 3260 οὖν

459 3298 513 3350 in
573 3292 741 3358 uiuis,
784 3299 840 3346 et
892 3289 1032 3344 tilias
1080 3306 1245 3360 super
1299 3292 1560 3346 humeros
1618 3292 1938 3360 portabunt,
1989 3302 2044 3347 et

458 3394 620 3440 erunt
652 3398 807 3453 reges
842 3381 1054 3437 nutritii
1090 3382 1191 3446 tui,
1223 3390 1279 3437 et
1326 3383 1528 3453 regium
1570 3398 1762 3438 eorum
1803 3385 2044 3441 nutrices

461 3488 586 3532 tuae.
617 3496 639 3530 ι
676 3475 971 3545 Propterea
1002 3490 1133 3544 ergo
1162 3475 1566 3530 animadvertes
1612 3475 1677 3530 ad
1706 3476 1757 3531 id
1784 3476 1830 3508 ²⁰
1856 3494 1871 3530 :
1914 3498 1933 3528 ι
1968 3477 2044 3533 Ne

458 3568 824 3625 contemnatis
853 3581 1023 3621 unum
1052 3581 1083 3621 e
1119 3567 1355 3637 pusillis,
1385 3585 1403 3615 ι
1436 3581 1619 3621 annon
1648 3582 1837 3624 eorum
1865 3570 2040 3639 angeli

461 3662 498 3716 ii
520 3669 649 3716 sunt
673 3661 768 3731 qui
795 3659 897 3716 hos
927 3660 980 3714 in
1019 3659 1144 3714 sinu
1180 3668 1397 3730 gerunt,
1426 3667 1715 3731 postquam
1765 3660 1861 3716 ﬁlii
1911 3661 2039 3718 facti

459 3765 609 3814 sunt,
642 3761 694 3807 et
726 3755 818 3822 qui
848 3752 1093 3807 humeris
1122 3766 1217 3806 eas
1261 3761 1481 3821 portant
1524 3768 1649 3822 quae
1688 3754 1811 3809 ﬁliae
1853 3756 2040 3825 appel-

360 3856 365 3863 ‘
461 3845 639 3898 lantur
666 3861 682 3910 ;
712 3852 767 3897 et
793 3844 989 3899 exinde
1012 3842 1227 3897 nutritii
1249 3841 1469 3912 quidem
1501 3853 1631 3898 sunt
1655 3846 1749 3914 qui
1775 3846 2037 3901 dicuntur

458 3951 636 4009 reges,
661 3936 902 3991 nutrices
932 3942 1114 3991 autem
1148 3950 1271 4006 qua:
1300 3934 1501 4006 regium
1532 3948 1941 4007 nuncupantur.
1972 3938 2041 3996 Et

2146 3298 2236 3353 διὰ
2279 3296 2452 3351 ταῦτα
2498 3296 2591 3350 καὶ
2629 3294 2736 3365 τῷ·
2782 3314 2801 3346 ι
2843 3294 2935 3365 Μὴ
2985 3294 3437 3365 καταφρονήσητε
3481 3294 3600 3360 ἐνὸς
3641 3295 3749 3351 τῶν

2152 3388 2387 3463 μικρῶν,
2421 3407 2440 3439 ι
2475 3389 2682 3458 μήποτε
2704 3388 2752 3440 οἱ
2771 3386 2993 3455 ἄγγελοι
3021 3386 3202 3440 αὐτῶν
3226 3388 3274 3439 οἱ
3302 3387 3529 3455 ἄγοντες
3550 3387 3749 3452 αὐτούς

2146 3485 2284 3537 εἰσιν
2324 3482 2384 3534 ὲν
2431 3479 2641 3543 κόλπῳ,
2685 3478 2822 3532 ἐπὰν
2866 3471 3002 3532 ὦσιν
3043 3478 3184 3541 uici,
3212 3476 3350 3532 ἀλλὰ
3390 3480 3487 3532 καὶ
3519 3480 3749 3535 ἐπὶτῶν

2148 3575 2317 3646 ὤμων
2364 3570 2615 3645 αἴροντες
2657 3569 2757 3633 τὰς
2794 3569 3093 3640 λεγομένας
3126 3568 3456 3642 θυγατέρας,
3502 3572 3598 3625 καὶ
3639 3572 3748 3626 ἀπὸ

2147 3664 2353 3720 τούτων
2380 3663 2487 3717 εἰσὶ
2520 3661 2726 3733 τιθηνοὶ
2747 3661 2845 3733 μὲν
2864 3661 2915 3714 οἱ
2945 3660 3227 3733 λεγόμενοι
3260 3660 3524 3732 βασιλεῖς,
3557 3664 3748 3735 τροφοὶ

2146 3760 2203 3813 δὲ
2233 3761 2292 3814 at
2324 3756 2724 3829 ὀνομαζόμεναι
2750 3754 3037 3827 ἄρχουσαι.
3068 3753 3177 3808 Καὶ
3212 3755 3336 3808 ἐπεὶ
3373 3757 3423 3809 οἱ
3462 3754 3747 3826 δεικνύμε-

2149 3868 2229 3905 νοι
2256 3850 2362 3904 ὑπὸ
2384 3847 2479 3901 τοῦ
2510 3846 2764 3918 Σωτῆρος
2796 3848 2829 3917 ή
2840 3843 2956 3916 μῶν
2980 3846 3168 3917 μικροὶ
3195 3845 3273 3909 ὡς
3296 3846 3403 3899 ὑπὸ
3420 3845 3637 3917 τροφῶν
3652 3845 3749 3899 καὶ

2147 3941 2383 4014 τιθηνῶν
2426 3936 2862 4008 οίκονομοῦνται,
2894 3936 2981 3991 διὰ
3009 3934 3154 3989 τοῦτ’
3182 3931 3334 4008 οἶμαι
3370 3938 3464 3991 καὶ
3508 3937 3748 3992 Μωῦσέα

1665 4050 1899 4108 VETUS
1938 4054 2530 4115 INTERPRETATIO.

456 4178 587 4233 dum
613 4174 913 4244 spiritalem
940 4188 1276 4233 mensuram,
1304 4173 1607 4228 secundum
1643 4188 1808 4242 quam
1841 4176 1991 4231 videt
2021 4180 2175 4235 solus
2208 4178 2356 4234 Deus
2409 4185 2464 4231 et
2511 4175 2748 4244 judicat.
2798 4172 2903 4229 Sed
2952 4174 3005 4228 in
3064 4174 3389 4243 corporibus
3437 4189 3543 4229 non
3584 4172 3742 4242 culpa

458 4243 717 4310 hominis,
748 4246 845 4300 sed
878 4255 1096 4313 propter
1125 4244 1371 4315 rationes
1397 4244 1613 4315 aliquas
1647 4244 1875 4300 seminis
1907 4257 1993 4303 est
2019 4252 2162 4305 alius
2194 4249 2401 4314 brevis,
2439 4243 2583 4301 alius
2639 4260 2895 4315 magnus,
2948 4246 3089 4300 alius
3138 4260 3269 4301 vero
3316 4244 3642 4315 mediocris,
3683 4243 3742 4297 ln

456 4318 743 4388 animabus
768 4324 949 4369 autem
976 4329 1044 4388 ex
1073 4313 1231 4388 nobis
1255 4321 1340 4367 est
1364 4328 1487 4368 esse
1514 4314 1751 4382 aliquem
1780 4317 1865 4388 vel
1896 4332 2125 4385 parvum
2152 4362 2168 4385 ,
2216 4320 2304 4375 vel
2336 4331 2621 4388 magnum,
2647 4313 2752 4369 aut
2762 4316 3069 4388 secundum
3098 4329 3286 4383 opera,
3312 4324 3409 4369 aut
3440 4313 3741 4388 secundum

456 4387 640 4451 ﬁdem,
669 4394 765 4438 aut
797 4384 1101 4456 secundum
1129 4384 1345 4452 aliquos
1383 4392 1565 4456 motus
1591 4402 1603 4436 :
1638 4392 1694 4438 et
1723 4382 1938 4440 arbitrii
1973 4382 2286 4453 nostri’est,
2318 4389 2365 4443 si
2395 4382 2660 4456 prolicere
2688 4386 3029 4456 volumusiin
3064 4382 3210 4440 statu
3266 4388 3487 4449 animae,
3518 4394 3573 4438 et
3625 4382 3742 4437 ﬁeri

457 4457 660 4525 magni,
698 4463 794 4507 aut
825 4469 936 4506 non
974 4453 1235 4521 proﬁcere
1265 4464 1320 4507 et
1351 4455 1562 4522 parvuli
1596 4470 1902 4509 remanere.
1943 4456 2034 4513 Sic
2059 4460 2227 4514 audio
2277 4467 2332 4513 et
2377 4453 2601 4512 Christo
2644 4454 2966 4524 suscipienti
3018 4465 3274 4509 naturam
3329 4455 3649 4517 humanam,
3690 4462 3745 4505 ct

456 4525 757 4579 secundant
786 4525 1054 4594 naturalia
1086 4526 1421 4594 incrementa
1461 4526 1730 4594 crescenti
1758 4527 1902 4594 quod
1933 4531 2194 4584 scribitur
2226 4546 2239 4582 :
2278 4549 2298 4580 ι
2327 4526 2490 4582 Jesus
2522 4535 2706 4594 autem
2736 4526 3018 4579 crescebat
3068 4525 3356 4594 sapientia.
3383 4535 3437 4579 et
3482 4532 3664 4588 aetate,
3688 4536 3748 4576 cz.

455 4595 651 4664 gratia,
681 4608 868 4647 coram
898 4592 1008 4646 Deo
1038 4604 1092 4647 et
1115 4593 1451 4649 hominibus.
1485 4613 1504 4645 ι
1547 4592 1700 4649 Unde
1724 4592 2127 4666 consequenter
2157 4598 2456 4669 Apostolus
2480 4600 2557 4651 ait
2585 4613 2599 4649 :
2635 4613 2655 4645 ι
2687 4593 2866 4650 Donec
2884 4592 3241 4651 occurramus
3268 4610 3460 4650 omnes
3485 4596 3539 4648 in
3562 4595 3740 4648 virum

526 4709 572 4742 “
609 4708 743 4763 Luc.
770 4723 837 4778 ιι,
856 4707 952 4778 52.
1029 4707 1074 4739 ¹⁸
1112 4705 1312 4778 Ephes.
1348 4723 1423 4773 tv,
1447 4709 1533 4763 1'5.

453 4780 545 4847 22,
573 4781 667 4836 25.
741 4780 786 4810 '°
822 4777 1012 4832 Matth.
1047 4777 1203 4843 xvtti,
1239 4778 1321 4831 ιι).

1613 4710 1657 4740 ¹⁶
1696 4707 1715 4763 l
1741 4710 1871 4766 Cor.
1900 4726 2021 4777 ml,

2164 4776 2169 4779 Δ
2223 4713 2265 4745 n
2302 4711 2439 4769 Luc.
2475 4729 2513 4779 ι,
2566 4709 2654 4775 15,
2686 4707 2775 4763 52.
2854 4707 2898 4739 ⁸³
2938 4706 3099 4762 lPet.
3134 4723 3194 4771 ιι,
3228 4706 3282 4759 2.
3362 4707 3407 4741 ¹⁹
3448 4705 3556 4764 lsa.
3588 4724 3739 4776 mx,

525 4899 638 4969 (64)
677 4897 1043 4973 Προκόπιςειιν·
1089 4896 1163 4965 τῇ
1207 4898 1434 4973 ἡλικίᾳ,
1480 4898 1775 4973 etc,_Male_
1799 4899 2032 4973 reddidit

2145 4901 2486 4973 guiﬁcaretur
2512 4910 2646 4955 aetas
2698 4899 2764 4953 ad
2813 4897 3027 4953 senium
3062 4908 3323 4963 vergens,
3357 4909 3482 4973 cu_m
3517 4902 3742 4973 notetur

454 4967 714 5023 Erasmus
762 4977 885 5038 post
927 4967 1237 5038 angatam,
1278 4967 1412 5021 an.
1449 4983 1514 5036 ιι,
1545 4969 1615 5021 5:).
1641 4988 1654 5023 :
1684 4988 1703 5020 ε
1735 4969 2031 5025 Crescebat

452 5049 609 5094 actate
622 5048 675 5093 et
697 5039 1015 5107 sapientia,»
1041 5055 1157 5107 pro,
1182 5059 1200 5089 ι
1226 5039 1725 5110 crescebatstalura
1742 5050 1795 5093 et
1812 5041 2030 5110 sapien-

454 5112 547 5182 tia,
580 5132 597 5161 ι
624 5112 883 5182 quamvis
907 5110 1131 5177 reliqum
1159 5109 1633 5182 interpretationes
1661 5109 1898 5179 antiquae
1918 5111 2036 5182 ήλι-

453 5181 578 5235 κίαν
600 5178 971 5248 exposucrint.
1004 5197 1022 5228 ι
1047 5189 1332 5233 staturam.
1362 5197 1379 5228 ι
1412 5178 1676 5233 Similiter
1697 5178 2033 5236 emendanda

457 5250 682 5335 Vulgata
732 5249 951 5335 Ephcsh
978 5265 1061 5332 ιν,
1094 5251 1193 5335 13η,
1215 5248 1517 5335 At.Matth.__
1550 5266 1624 5335 vi,
1654 5250 1757 5335 .27,
1795 5260 1853 5331 ct_
1896 5249 2031 5335 Luc.

453 5320 583 5385 κικξ
604 5322 657 5387 5,
708 5335 862 5376 suam
899 5320 986 5375 illa
1018 5320 1469 5389 signiﬁcationem
1505 5321 1693 5375 tribuit
1740 5322 1877 5385 voci,
1920 5322 2037 5391 ἠλι-
2086 5320 2099 5329 ’

450 5392 565 5455 xta,
599 5406 764 5462 quam
801 5391 1175 5462 superioribus
1206 5405 1423 5460 quoque
1447 5392 1601 5462 locis
1634 5392 1943 5462 obtinebat,
1971 5391 2027 5446 lu

450 5479 510 5516 ra
537 5461 858 5532 exponenda
901 5462 1040 5532 idem
1075 5476 1217 5532 saepe
1247 5461 1457 5528 peccari
1492 5462 1888 5531 deprehendas.
1922 5461 2029 5516 (ἴση

452 5529 852 5603 beant—Tabula
880 5531 977 5603 τήν
994 5531 1240 5603 παιδείαν
1269 5529 1584 5603 describens
1614 5547 1733 5585 eam
1764 5547 1887 5603 esse
1933 5536 2033 5584 lin-

452 5602 547 5669 git,
577 5601 720 5674 μέσῃ
741 5601 832 5674 καὶ
859 5600 1155 5673 κεκριμένη
1184 5602 1283 5672 ἤδη
1312 5600 1515 5674 ήλικίᾳ.
1539 5601 1835 5674 Perperam
1866 5601 2033 5654 inter-

453 5671 586 5743 pres
606 5671 837 5743 reddidit
872 5690 892 5723 ι
914 5671 1094 5738 astate,
1114 5671 1700 5743 i'qudquerstolidins
1733 5682 1815 5743 est
1843 5688 2032 5743 κεκρι-

457 5740 595 5809 μένη
621 5741 788 5795 etiam
813 5756 1163 5813 corrumpere
1183 5740 1406 5798 tentavit
1437 5742 1490 5794 in
1516 5742 1835 5813 κεκλιμένη,
1869 5751 1926 5797 ιιι
1951 5740 2033 5797 si-

2090 5002 2095 5019 ν
2137 4964 2346 5027 statura
2380 4972 2578 5035 media,
2610 4978 2772 5031 stata,
2804 4977 2861 5023 et
2892 4980 3101 5021 certum
3135 4973 3336 5035 statum
3374 4964 3592 5035 adepta.
3627 4965 3735 5020 He-

2141 5044 2382 5114 sychius,
2412 5033 2736 5163 κεκριμένη,
2766 5036 3095 5108 τεταγμένη.
3134 5033 3347 5097 Pollux,
3395 5033 3597 5105 ἄνεμον
3643 5053 3739 5089 κε-

2141 5113 2403 5163 κοιιιένον
2437 5127 2574 5163 aooe
2599 5112 2673 5163 lat
2706 5119 2931 5163 ventum
2978 5115 3319 5161 constantem
3348 5115 3398 5158 et
3427 5113 3665 5159 certum.
3692 5107 3735 5159 Α

2141 5107 2403 5183 κ’ριμένον
2437 5107 2673 5180 appellat
2704 5107 2950 5164 ventum
2978 5115 3319 5161 constantem
3348 5115 3398 5158 et
3427 5113 3665 5159 certum.
3692 5107 3735 5159 Α

2142 5184 2313 5235 κοίνω
2343 5181 2566 5235 factum.
2609 5200 2627 5231 ι
2662 5194 2829 5235 cerno
2857 5196 2870 5233 :
2901 5198 2920 5230 ι
2951 5186 3010 5230 ιιι
3040 5178 3110 5230 ab
3144 5176 3235 5229 illo
3268 5174 3620 5235 κεκριμένος,
3657 5177 3735 5232 sic

2142 5201 2175 5235 κ
2219 5190 2313 5237 tvm
2343 5190 2566 5245 factum,
2609 5200 2627 5231 ι
2662 5194 2829 5235 cerno
2857 5196 2870 5233 :
2901 5198 2920 5230 ι
2951 5190 3010 5230 ιιι
3040 5190 3110 5230 att
3144 5190 3235 5229 Illo
3268 5190 3620 5246 κεκριμενος,
3657 5192 3741 5232 Slc

2144 5200 2213 5305 ai:
2240 5254 2345 5305 hoc
2370 5270 2390 5304 ι
2414 5260 2615 5305 certus.
2634 5270 2651 5302 ι
2683 5250 2879 5305 Eadem
2907 5248 3195 5305 utriusque
3224 5245 3374 5301 vocis
3397 5246 3571 5305 origo,
3594 5246 3737 5300 idem

2144 5246 2213 5328 ab
2240 5254 2345 5328 hoc
2370 5270 2390 5304 ι
2414 5260 2651 5328 οεῐιιιε.ι
2679 5250 2879 5328 liadem
2907 5248 3195 5328 utriusque
3224 5246 3571 5328 voci_s_orign,
3594 5246 3737 5328 idem

2145 5323 2470 5401 intellectus.
2504 5320 2864 5401 Bnethinshin
2914 5316 3285 5401 descriptione
3333 5315 3710 5401 Philosophia

2141 5393 2263 5475 ejus
2292 5402 2559 5475 staturam
2579 5406 2715 5475 esse
2734 5390 2846 5475 ait;
2864 5406 2886 5441 ι
2912 5388 3260 5442 discretionis
3288 5388 3579 5456 ambiguae,
3613 5405 3633 5440 ι
3670 5402 3701 5438 ο

2141 5458 2537 5533 διακεκριμένη
2570 5460 2776 5533 ἡλικίᾳ.
2804 5458 3070 5513 HUETIUS.

2143 5601 2187 5609 __
2217 5533 2479 5609 (65).}(11
2502 5522 2613 5602 ἦοὰρ
2631 5532 2767 5609 περὶ
2786 5528 2971 5582 αὐτοῦ
3275 5526 3431 5609 ςζπεἶ
3463 5523 3543 5580 Ita
3571 5524 3735 5609 (ξοδδ,

2143 5595 2297 5678 Π.ἐι
2333 5595 2599 5678 ll._\{ei_us
2629 5595 2900 5669 interpres
2932 5616 2945 5652 :
2978 5617 2997 5647 ι
3032 5597 3104 5678 Et?
3130 5598 3247 5665 ipse
3279 5596 3546 5678 Domian
3568 5595 3738 5678 decus

2142 5677 2211 5727 de
2239 5689 2351 5742 quo
2374 5672 2593 5742 Gabriel
2622 5665 2953 5742 protestetur
2971 5686 2995 5742 ;_
3012 5687 3032 5719 ι
3058 5677 3115 5722 et
3136 5682 3327 5723 revera
3348 5669 3401 5721 id
3421 5681 3455 5722 a
3481 5665 3734 5722 Gabriele

2144 5740 2355 5800 dictum
2380 5751 2467 5798 est
2493 5741 2626 5795 Luc.
2662 5756 2702 5803 ι,
2738 5740 2828 5804 15,
2853 5740 2944 5794 32.
2981 5740 3059 5793 lo.
