4146 6434
421 353 437 405 ι
457 348 555 435 res

1330 342 1684 402 COMMENT.
1726 342 1793 398 IN
1832 340 2251 398 MATTIIA'SUM
2295 342 2533 401 TOMUS
2572 341 2712 398 XIII.

3557 349 3698 405 “66

413 464 737 521 πιστεύοντα
772 465 830 519 ἑν
869 467 935 539 τῇ
969 465 1077 519 τῶν
1104 466 1356 538 μεγάλων
1386 460 1489 538 ἤδη
1534 465 1792 537 τετάχθαι
1830 464 2006 537 χώρᾳ,

2114 465 2371 534 quoniam
2404 466 2620 536 parvuli
2648 481 2678 520 a
2705 462 2998 522 Servatore
3021 478 3213 525 nostro
3238 471 3553 539 monstrati,
3578 483 3700 527 tan-

412 555 693 631 εἰρηκέναι
726 558 862 631 πρὸς
895 560 955 613 τό
977 576 993 592 ο
1031 579 1050 611 ι
1101 561 1158 613 Ὀ
1180 558 1412 628 ἄγγελός
1435 557 1546 630 (66)
1569 575 1670 630 μου
1705 556 2010 629 προπορεύ-

415 667 567 704 σεται
618 650 806 721 ὑμῶν,
850 671 868 702 ι
905 652 999 705 τό·
1037 671 1057 704 t
1098 653 1161 706 Εἰ
1204 653 1277 724 μὴ
1319 652 1482 714 αὐτὸς
1520 649 1841 723 συμπορεύῃ
1894 650 2011 720 μετ’

415 743 570 814 ἐμοῦ,
603 745 676 817 μή
715 762 782 815 με
810 744 1092 816 ἀναγάγῃς
1131 744 1408 798 ἐντεῦθεν·
1448 764 1466 795 ι
1515 746 1672 816 εἴπερ
1708 744 1819 814 γὰρ
1850 746 1879 796 ὁ
1922 760 2011 813 μι-

414 836 545 908 κρὸς
581 836 680 908 μὲν
714 837 808 889 καὶ
839 837 1173 909 κληρονόμος
1200 834 1256 911 ᾖ,
1290 838 1484 908 νήπιος
1509 837 1564 890 δὲ
1593 837 1669 901 ὡς
1698 836 1864 907 μηδὲν
1893 835 2011 888 δια-

414 927 599 1000 φέρων
631 927 817 983 δούλου
845 970 859 993 ,
908 930 996 982 ὅτε
1035 929 1154 982 ἐστὶ
1182 930 1398 1000 νήπιος,
1435 928 1529 981 καὶ
1649 927 1845 998 μικρός
1895 927 2013 978 ἐστι

421 1039 441 1071 ι
479 1020 541 1073 τὸ
570 1022 667 1093 τῆς
695 1020 939 1085 δουλείας
969 1022 1049 1084 εἰς
1081 1019 1244 1091 φόϐον
1273 1019 1387 1091 ἔχει
1420 1018 1639 1089 πνεῦμα
1659 1035 1671 1048 ·
1713 1038 1730 1069 ι
1759 1018 1787 1069 ὁ
1812 1016 1868 1069 δὲ
1908 1033 2011 1088 μη-

414 1111 602 1183 δαμῶς
627 1096 705 1164 ἔτι
726 1112 986 1176 τοιοῦτος,
1003 1111 1186 1165 οὐκέτι
1217 1110 1315 1181 μὲν
1337 1110 1397 1163 τὸ
1424 1111 1521 1180 τῆς
1538 1109 1802 1172 δουλείας,
1826 1108 1927 1180 ἥδη
1954 1107 2011 1160 δὲ

414 1203 476 1257 τὸ
494 1204 595 1276 τῆς
613 1204 904 1269 υἱοθεσίας,
930 1204 1018 1257 ὅτε
1051 1222 1069 1255 ι
1097 1206 1131 1275 ἡ
1153 1202 1332 1255 τελεία
1364 1202 1549 1274 ἀγάπη
1582 1200 1687 1268 ἔξω
1718 1201 1900 1272 βάλλει
1922 1201 2011 1253 τὸν

418 1297 601 1367 φόϐον,
641 1318 659 1349 ι
694 1297 856 1368 δῆλον
881 1296 1036 1351 ἔσται
1071 1315 1174 1362 σοι,
1212 1298 1296 1351 ὅτι
1318 1296 1459 1351 κατὰ
1489 1295 1665 1350 ταῦτα
1693 1293 2013 1366 παρεμϐάλ-

415 1389 528 1443 λειν
559 1389 778 1457 λέγεται
804 1391 834 1442 ὁ
872 1387 1103 1457 άγγελος
1146 1390 1351 1461 Κυρίου
1391 1387 1579 1459 κύκλῳ
1604 1388 1712 1442 τῶν
1744 1388 2012 1459 φοϐουμέ-

415 1499 522 1535 νων
542 1481 727 1547 αὐτὸν,
759 1480 854 1535 καλ⁸
889 1480 1113 1554 ῥύεσθαι
1146 1481 1363 1546 αύτούς.
1405 1482 1754 1553 Ἐπιστήσεις
1784 1482 1841 1535 δὲ
1869 1480 2011 1534 κατὰ

415 1573 589 1629 ταῦτα
618 1574 729 1647 (67)
764 1574 860 1629 καὶ
883 1577 931 1629 εί
960 1574 1171 1649 μικρῶν
1201 1574 1301 1647 μέν
1320 1577 1459 1629 εἰσιν
1487 1574 1708 1643 ἄγγελοι
1736 1572 2009 1643 πνεύματι

415 1666 659 1731 δουλείας
688 1665 794 1720 τῶν
820 1667 901 1731 είς
926 1666 1089 1735 φόϐον
1120 1665 1427 1736 ἀγομένων,
1472 1666 1592 1718 ἐπεὶ
1626 1664 2007 1735 παρεμϐάλλει

416 1759 647 1829 ἄγγελος
677 1758 885 1831 Κυρίου
936 1758 1121 1831 κύκλῳ
1144 1759 1256 1811 τῶν
1300 1757 1652 1828 φοϐουμένων
1678 1757 1863 1823 αὑτὸν,
1915 1758 2009 1812 καὶ

2112 572 2279 623 quam
2303 573 2333 613 a
2360 558 2669 614 nutricibus
2692 559 3004 615 nutritiisve
3025 570 3311 632 reguntur,
3339 563 3464 619 inde
3492 563 3696 620 factum

2115 650 2373 704 existimo
2403 660 2463 705 ut
2493 650 2709 723 Moyses
2738 669 2798 707 se
2824 653 2933 722 jam
2966 654 3020 708 in
3048 655 3319 727 majorum
3351 657 3546 714 ordine
3575 674 3698 715 con-

2114 741 2365 795 stitutum
2395 743 2648 808 credens,
2679 746 2745 797 ad
2780 745 2829 799 id
2859 747 2900 778 ²¹
2927 764 2941 800 :
2985 764 3005 798 ‹
3035 746 3276 819 Angelus
3309 765 3465 806 meus
3495 767 3702 821 praeco-

2113 831 2205 886 det
2232 847 2351 897 vos,
2389 853 2407 885 ι
2449 834 2576 888 illud
2614 836 2852 890 dixerit:
2889 856 2907 888 ι
2943 835 2998 892 Si
3054 855 3163 894 non
3213 852 3268 896 tu
3319 842 3435 912 ipse
3478 861 3697 902 mecum

2113 923 2505 992 proficiscaris,
2547 940 2615 980 ne
2660 926 2863 982 educas
2915 945 3001 983 me
3042 929 3111 984 de
3159 930 3281 986 loco
3322 923 3474 1002 isto;
3511 955 3531 986 ι
3568 953 3694 992 nam

2114 1014 2214 1068 etsi
2249 1016 2509 1081 parvulus
2536 1016 2712 1071 haeres
2744 1033 2963 1088 quoque
2986 1029 3091 1085 est,
3124 1037 3263 1090 puer
3283 1038 3464 1080 autem
3506 1028 3642 1083 nihil
3668 1043 3698 1082 ιι

2114 1122 2273 1161 servo
2302 1107 2500 1176 diﬂ'ert,
2536 1110 2778 1180 quandiu
2810 1126 2947 1181 puer
2994 1122 3100 1179 est,
3153 1122 3203 1168 et
3241 1129 3516 1186 quatenus
3562 1138 3701 1191 puer

2113 1208 2215 1267 est,
2248 1218 2267 1250 ι
2298 1201 2552 1271 spiritum
2585 1202 2745 1258 habet
2765 1206 3044 1261 servitutis
3071 1206 3137 1262 ad
3167 1208 3417 1266 timorem
3443 1216 3488 1245 "
3517 1233 3574 1280 ;ι
3602 1216 3698 1286 qui

2113 1301 2294 1347 autem
2322 1295 2446 1349 talis
2468 1294 2581 1364 jam
2614 1296 2850 1365 amplius
2887 1313 2994 1351 non
3024 1307 3129 1366 est,
3160 1316 3269 1356 non
3298 1305 3537 1373 amplius
3578 1322 3698 1363 ser-

2112 1385 2303 1440 vitutis
2333 1386 2584 1456 Spiritum
2623 1387 2806 1454 habet,
2838 1390 2931 1443 sed
2959 1389 3073 1458 jam
3115 1391 3447 1462 adaptionis.
3478 1399 3702 1467 quando

2115 1480 2324 1535 scilicet
2358 1499 2376 1530 ι
2403 1479 2641 1549 perfecta
2671 1480 2914 1536 charitas
2939 1478 3088 1538 foras
3118 1483 3284 1540 mittit
3308 1487 3558 1542 timorem
3582 1489 3648 1555 ”,
3675 1508 3696 1545 ι

2112 1572 2467 1642 perspicuum
2495 1571 2593 1625 tibi
2626 1571 2731 1625 erit
2753 1571 2910 1640 juxta
2939 1573 3055 1628 haec
3078 1574 3185 1630 dici
3210 1579 3458 1647 angelum
3484 1579 3699 1638 Domini

2112 1664 2259 1719 circa
2292 1665 2553 1719 timentes
2598 1679 2723 1718 eum
2765 1665 3168 1732 castrametari,
3198 1682 3404 1739 eosque
3447 1673 3700 1732 liberare.

2114 1757 2291 1829 Super
2314 1759 2401 1814 his
2433 1774 2563 1813 vero
2589 1759 2776 1813 animo
2810 1760 3111 1829 perpendes
3142 1776 3325 1818 annon
3350 1769 3700 1833 parvulorum

420 1850 611 1922 ῥύεται
653 1849 881 1914 αὐτούς·
922 1850 1174 1921 μεγάλων
1219 1849 1277 1903 δὲ
1305 1852 1335 1904 ὁ
1375 1848 1484 1903 τῶν
1522 1849 1772 1918 ἀγγέλων
1812 1846 2011 1920 μείζων

2118 1851 2362 1919 quidem,
2395 1850 2599 1920 quibus
2627 1866 2657 1904 a
2686 1850 2878 1920 spiritu
2925 1853 3203 1908 servitutis
3236 1855 3402 1909 timor
3437 1858 3701 1928 injicitur,

417 1939 643 2013 Κύριος,
677 1943 824 2005 ὅστις
854 1941 1001 2009 λέγοι
1033 1939 1099 1994 ἀν
1128 1940 1256 2012 περὶ
1287 1941 1405 2005 ἑνὸς
1446 1940 1678 1994 ἑκάστου
1715 1940 1894 1995 αὐτῶν
1923 1940 2010 1994 τόν

421 2051 443 2084 ι
483 2032 618 2088 Μετ’
654 2031 818 2086 αὑτοῦ
858 2034 974 2104 εἰμι
1013 2033 1071 2085 ὲν
1102 2031 1313 2103 θλίψει,
1350 2052 1367 2084 ι
1399 2032 1495 2086 καὶ
1526 2033 1651 2086 ὅσον
1683 2033 1851 2103 ἐσμὲν
1890 2034 2015 2086 ἀτε-

416 2123 552 2187 λεῖς,
588 2123 682 2177 καὶ
719 2123 963 2195 δεόμενοι
995 2121 1090 2177 τοῦ
1121 2122 1445 2195 βοηθοῦντος
1486 2124 1619 2195 ἡμῖν
1652 2124 1788 2196 πρὸς
1818 2124 1878 2176 τὸ
1914 2126 2014 2195 ῥυ-

421 2212 613 2284 σθῆναι
650 2213 759 2266 ἀπὸ
792 2211 999 2276 κακῶν,
1045 2210 1278 2280 ἀγγέλου
1316 2209 1550 2281 δεόμεθα
1583 2213 1709 2283 περὶ
1745 2204 1805 2265 οὗ
1829 2211 2014 2281 ἔλεγεν

418 2303 449 2357 ὁ
485 2303 680 2358 Ἰακὼϐ
707 2303 795 2356 τό·
835 2322 853 2356 ι
910 2304 967 2357 '0
1001 2303 1231 2372 ἄγγελος
1251 2305 1279 2360 ὁ
1318 2304 1582 2376 ῥυόμενος
1601 2322 1668 2375 με
1699 2306 1762 2357 ἐκ
1797 2304 2013 2359 πάντων

419 2391 528 2446 τῶν
558 2392 778 2446 κακῶνο
819 2412 839 2445 ι
895 2392 1275 2459 τελειωθέντες
1321 2392 1412 2459 δὲ,
1452 2394 1547 2448 καὶ
1603 2394 1901 2458 διελθόντες
1952 2393 2013 2447 τὸ

421 2484 529 2539 ὑπὸ
557 2484 809 2556 τιθηνοὺς
839 2479 999 2549 εἶναι,
1026 2485 1122 2538 καὶ
1149 2486 1382 2556 τροφοὺς
1402 2486 1740 2557 οἰκονόμους,
1771 2488 1865 2542 καὶ
1892 2487 2014 2540 ἐπι-

421 2576 678 2647 τρόπους,
712 2576 996 2650 χωροῢμεν
1030 2578 1133 2649 ἤδη
1180 2577 1272 2630 ὑπ’
1307 2578 1457 2650 αὐτῷ
1501 2579 1903 2651 οἰκονομεῖσθαι
1932 2578 2012 2651 τῷ

425 2667 635 2742 Κυρίῳ.

494 2943 630 3003 Εἶτα
668 2947 831 3003 πάλιν
876 2948 1160 3020 ζητήσειεν
1187 2949 1253 3005 ἄν
1281 2968 1383 3015 τις,
1435 2952 1561 3006 πόσε
1590 2950 1700 3008 τῶν
1737 2949 2014 3022 δεικνυμέ-

428 3057 534 3095 νων
574 3041 681 3094 ὑπὸ
709 3040 802 3095 τοῦ
850 3042 1103 3113 Σωτῆρος
1146 3043 1359 3116 μικρῶν
1402 3047 1450 3098 oi
1494 3044 1778 3115 λεγόμενοι
1831 3044 2012 3098 αὐτῶν

427 3132 646 3203 ἄγγελοι
692 3133 1067 3206 προΐστανται,
1097 3134 1324 3208 πότερον
1351 3135 1632 3206 δεξάμενοι
1664 3136 1763 3207 τὴν
1805 3136 2013 3188 οἰκονο-

430 3220 558 3294 μίαν
591 3222 721 3295 περὶ
751 3224 948 3288 αὐτοὺς
970 3224 1208 3289 διοικεῖν,
1241 3227 1331 3295 ἀφ’
1353 3220 1414 3280 οὗ
1443 3227 1533 3280 διὰ
1557 3225 1787 3299 λουτροῦ
1818 3226 2013 3296 παλιγ-

426 3315 692 3383 γενεσίας,
722 3309 768 3383 ᾧ
799 3317 1134 3388 ἐγενήθησαν
1169 3334 1188 3368 ι
1225 3319 1302 3382 ὼς
1324 3318 1687 3390 ἀρτιγέννητα
1724 3319 1921 3391 βρέφη,
1950 3319 2012 3373 τὸ

426 3407 640 3477 λογικὸν
684 3409 778 3462 καὶ
810 3407 994 3463 ἄδολον
1022 3408 1164 3477 γάλα
1208 3409 1552 3472 ἐπιποθοῦσι,
1603 3429 1621 3462 ι
1672 3411 1768 3464 καὶ
1812 3410 2011 3482 μηκέτι

426 3500 777 3571 ὑποκείμενοι
825 3503 1039 3572 πονηρᾷ
1078 3518 1184 3554 τινι
1215 3501 1473 3572 δυνάμειο
1516 3504 1550 3573 ἢ
1594 3502 1704 3556 ἀπὸ
1744 3502 2013 3570 γενέσεως

428 3590 570 3646 κατά
598 3592 699 3665 τὴν
729 3591 824 3646 τοῦ
868 3591 1003 3646 Θεοῦ
1039 3592 1349 3663 πρόγνωσιν
1395 3595 1490 3647 καὶ
1539 3593 1631 3647 τὸν
1677 3592 2010 3664 προορισμὸν

2117 1940 2228 1995 sint
2275 1940 2476 2010 angeli,
2517 1942 2963 2011 quandoquidem
3011 1952 3436 2001 castrametatur
3475 1950 3702 2019 angelus

2117 2032 2333 2087 Domini
2362 2033 2509 2087 circa
2540 2031 2794 2089 timentes
2826 2050 2974 2101 cum,
3011 2050 3216 2106 eosque
3248 2038 3548 2108 liberat";
3579 2057 3700 2096 ma-

2111 2125 2295 2196 jorum
2325 2134 2530 2189 autem,
2560 2127 2676 2197 ipse
2701 2126 2879 2197 major
2915 2128 3124 2200 angelis
3170 2128 3456 2199 Dominus,
3489 2133 3581 2203 qui
3633 2134 3702 2190 de
3765 2194 3769 2197 ,

2118 2232 2452 2288 unoquoque
2481 2234 2669 2273 eorum
2702 2218 2851 2273 dicat
2873 2218 2919 2251 "
2946 2236 2960 2274 :
3001 2238 3020 2270 ι
3053 2219 3187 2275 Cum
3222 2220 3342 2292 ipso
3372 2237 3497 2278 sum
3522 2224 3578 2280 in
3607 2226 3705 2281 tri-

2116 2309 2433 2374 bulatione;
2470 2329 2488 2361 ι
2520 2309 2682 2380 607
2715 2318 2770 2364 et
2796 2310 3038 2379 quandiu
3075 2311 3376 2381 imperfecti
3406 2330 3621 2383 sumus,
3644 2328 3702 2374 et

2115 2402 2365 2471 adjutore
2393 2401 2552 2456 nobis
2584 2415 2726 2471 opus
2764 2410 2848 2457 est
2884 2411 2946 2454 ιιι
2990 2417 3019 2456 a
3055 2404 3214 2459 malis
3242 2405 3565 2475 liberemur,
3599 2427 3701 2467 en-

2115 2492 2237 2562 gelo
2266 2490 2610 2561 indigeamus
2633 2491 2700 2545 de
2724 2506 2836 2560 quo
2861 2491 3076 2546 dicebat
3099 2491 3269 2547 Jacob
3291 2494 3337 2526 ²⁶
3365 2514 3378 2549 :
3412 2514 3431 2546 ι
3460 2499 3700 2568 Angelus

2114 2581 2208 2651 qui
2236 2581 2379 2635 eruit
2411 2595 2498 2634 me
2524 2580 2591 2634 de
2619 2580 2833 2635 cunctis
2858 2580 3057 2647 malis;
3090 2600 3109 2657 ι
3145 2593 3200 2637 at
3240 2594 3530 2655 postquam
3574 2604 3700 2658 per-

2115 2670 2242 2727 fecti
2293 2671 2592 2738 evasimus,
2636 2678 2692 2725 et
2740 2670 3007 2738 nutritiis,
3052 2672 3378 2736 nutricibus,
3418 2681 3698 2738 actoribus

2112 2771 2169 2818 et
2201 2762 2479 2817 tutoribus
2514 2777 2615 2815 nos
2646 2760 3012 2816 subduximus
3038 2761 3107 2828 ³⁷,
3134 2762 3204 2817 ab
3233 2763 3356 2833 ipso
3389 2765 3503 2835 jam
3537 2766 3700 2824 Chri-

2115 2863 2198 2909 sto
2229 2852 2520 2925 gubernari
2553 2852 2851 2922 possimus.

2182 2944 2275 3000 27.
2317 2942 2559 2999 Rursum
2597 2940 2792 2996 deinde
2846 2942 3160 3011 quaesiverit
3196 2945 3398 3017 aliquis
3445 2949 3697 3018 quando~

2115 3052 2240 3091 nam
2278 3023 2631 3105 parvulorum
2668 3052 2698 3091 a
2728 3035 3023 3093 Servatore
3068 3049 3498 3096 monstratorum
3549 3026 3707 3099 cura).

2116 3127 2484 3199 praeﬁciantur
2514 3130 2606 3198 qui
2641 3130 2858 3185 illorum
2881 3132 3057 3204 angeli
3084 3132 3375 3200 dicuntur;
3407 3149 3476 3189 an
3507 3149 3695 3192 eorum

2120 3220 2362 3291 regimen
2418 3223 2833 3291 capessiveriut,
2868 3239 2935 3279 ex
2968 3239 3079 3296 quo
3108 3241 3205 3296 per
3234 3225 3508 3283 lavacrum
3543 3243 3699 3301 rege-

2121 3312 2445 3377 nerationis,
2479 3313 2639 3384 cujus
2667 3329 2770 3385 ope
2803 3334 2823 3368 (
2851 3317 2994 3372 sicut
3023 3319 3188 3373 modo
3215 3319 3379 3388 geniti
3411 3320 3647 3378 infantes
3671 3340 3693 3378 ι

2119 3404 2293 3459 effecti
2342 3415 2505 3470 sunt,
2551 3423 2571 3457 ι
2614 3407 2975 3474 rationabile,
3024 3410 3143 3465 sine
3171 3411 3298 3465 dolo
3327 3413 3411 3467 lac
3432 3415 3697 3485 concupi-

2119 3505 2281 3551 scunt
2303 3497 2371 3564 ’⁸,
2405 3517 2424 3549 ι
2454 3513 2555 3552 nec
2576 3499 2813 3569 amplius
2844 3500 3002 3556 malaa
3028 3501 3193 3556 alicui
3226 3505 3479 3571 potestati
3506 3505 3696 3576 subia-

2118 3595 2277 3655 cent;
2315 3604 2383 3641 an
2397 3588 2511 3658 jam
2543 3588 2670 3644 inde
2692 3590 2762 3645 ab
2791 3601 2937 3656 ortu,
2964 3592 3231 3648 ordinatis
3259 3592 3366 3650 illis
3384 3594 3541 3664 juxta
3566 3611 3701 3667 pra-

1633 3726 1866 3786 VETUS
1899 3725 2487 3784 INTERPRETATlO.

430 3846 752 3915 perfectum,
783 3849 836 3901 in
890 3863 1205 3904 mensuram
1256 3848 1434 3905 aetatis
1480 3848 1838 3918 plenitudinis
1886 3848 2114 3905 Christi.
2148 3867 2165 3899 ι
2203 3848 2507 3918 Occurrere
2558 3849 2704 3903 enim
2765 3849 2819 3901 in
2872 3848 3072 3909 virum,
3122 3857 3179 3903 et
3226 3848 3331 3904 hoc
3370 3849 3692 3918 perfectum,

431 3918 730 3971 secundum
762 3918 1077 3973 interiorem
1104 3920 1383 3975 hominem
1415 3917 1802 3987 intelligendus
1828 3928 1912 3973 est
1948 3920 2055 3983 ille,
2089 3919 2182 3988 qui
2216 3917 2615 3973 transcenderit
2660 3935 2783 3988 qua:
2811 3919 3019 3988 parvuli
3048 3927 3196 3985 sunt,
3225 3928 3280 3973 et
3307 3917 3580 3976 evacuans
3628 3939 3692 3977 ea

432 3989 736 4060 pervenerit
766 3992 821 4042 in
847 3988 1024 4043 virum
1056 3991 1382 4060 perfectum.
1416 3988 1530 4044 Hoc
1559 3991 1724 4044 modo
1756 3990 2105 4059 intelligenda
2139 3998 2221 4044 est
2251 4004 2374 4043 esse
2400 3989 2952 4060 mensuraspiril‘alis
2979 3990 3156 4043 atatis
3199 3990 3254 4042 in
3307 3991 3539 4059 singulis
3577 3994 3698 4046 ani-

431 4057 645 4128 mabus,
694 4074 790 4128 per
842 4074 1011 4128 quam
1057 4057 1278 4128 proiicit
1328 4060 1511 4114 anima
1551 4057 2013 4128 unaquaeqnefet
2058 4075 2122 4114 ex
2175 4075 2243 4113 eo
2292 4059 2439 4127 quod
2496 4057 3460 4128 magniﬁcatDeum,7magnilicatur
3492 4077 3521 4114 a
3559 4061 3689 4117 Deo.

434 4127 744 4182 Secundum
776 4127 921 4200 hanc
953 4127 1383 4200 magnitudinem
1413 4129 1678 4200 spiritalis
1710 4131 1904 4195 aetatis,
1939 4142 1993 4183 et
2026 4130 2353 4200 spiritalium
2391 4128 2880 4200 incrementorum,
2908 4138 2963 4183 et
3007 4127 3220 4199 Moyses
3263 4130 3468 4200 dicitur
3523 4130 3698 4188 fuisse

432 4213 664 4268 magnus
689 4208 744 4253 et
770 4197 1116 4270 Joannesfet
1141 4202 1257 4270 ipse
1287 4197 1551 4255 Dominus
1578 4199 1760 4266 Iesus,
1788 4201 1854 4255 de
1883 4215 1994 4270 quo
2021 4197 2241 4255 Gabriel
2271 4207 2603 4270 protestetur
2627 4218 2640 4253 :
2677 4217 2695 4250 ι
2726 4197 2792 4253 Ει
2810 4201 2915 4253 erit
2949 4197 3201 4270 magnus.
3235 4216 3256 4249 ι
3293 4197 3482 4253 Pusilli
3510 4208 3693 4256 autem

433 4277 563 4339 sunt
589 4270 883 4338 qui‘nnper
910 4272 965 4323 in
991 4269 1211 4325 Christo
1246 4279 1375 4325 sunt
1403 4272 1537 4337 nati,
1573 4279 1669 4325 aut
1699 4273 1836 4325 tales
1867 4269 2187 4339 permanent
2215 4271 2335 4323 sine
2370 4269 2636 4337 profectu,
2669 4270 2830 4339 quasi
2865 4285 3039 4338 nuper
3085 4269 3240 4339 nati.
3270 4271 3472 4339 quibus
3526 4273 3688 4325 ratio-

436 4337 615 4391 nabile
645 4339 730 4392 lac
760 4337 1130 4395 necessarium
1162 4352 1264 4404 est,
1296 4342 1390 4411 qui
1420 4343 1601 4396 adhuc
1625 4337 1880 4396 carnales
1906 4349 2034 4395 sunt
2060 4359 2072 4394 :
2105 4343 2248 4407 sicut
2278 4340 2355 4393 ait
2388 4337 2705 4409 Apostolus,
2734 4348 2788 4393 et
2816 4337 3025 4408 parvuli
3059 4348 3203 4411 sunt
3230 4337 3559 4406 in‘Christo,
3591 4355 3695 4395 nec

431 4421 626 4481 capere
653 4417 881 4479 possunt
913 4425 1096 4464 escam
1135 4409 1359 4465 virilem.
1393 4411 1582 4465 Pusilli
1608 4413 1754 4465 enim
1787 4412 2039 4481 quamvis
2082 4412 2195 4464 sint
2248 4411 2513 4481 hatredes,
2543 4419 2726 4463 tamen
2777 4411 2904 4478 quia
2927 4409 3132 4481 pusilli
3179 4416 3319 4481 sunt;
3353 4411 3509 4477 quasi
3561 4412 3696 4464 nihil

431 4477 746 4550 diuertentes
791 4496 838 4550 a7
875 4482 1066 4550 servis
1107 4482 1349 4548 quandiu
1396 4482 1581 4550 pusilli
1634 4477 1821 4545 sunt,“
1859 4499 1877 4531 ι
1909 4480 2468 4535 sel‘VIIllIta‘DIlabenlt
2491 4481 2742 4549 spiritum
2796 4477 2851 4532 in
2902 4477 3114 4532 timore.
3153 4497 3171 4528 ι
3219 4477 3322 4543 Qui
3371 4489 3552 4550 autem
3600 4496 3696 4550 per

435 4549 780 4621 dilectionem
814 4549 909 4604 Dei
948 4548 1266 4621 perfectam,
1296 4548 1506 4605 miserit
1540 4570 1559 4602 ι
1594 4551 1742 4606 foras
1773 4553 2047 4617 timorem,
2077 4570 2095 4601 ι
2123 4552 2238 4621 jam
2266 4564 2375 4602 non
2413 4548 2576 4605 habet
2607 4570 2624 4601 ι
2657 4550 2937 4603 servitutis
2966 4550 3217 4619 spiritum
3249 4565 3303 4601 in
3348 4549 3563 4614 timore,
3597 4548 3694 4604 sed

436 4619 686 4688 spiritum
719 4621 1027 4687 adoptionis
1061 4620 1296 4675 ﬁliorum
1329 4640 1347 4672 ι
1386 4622 1440 4674 in
1472 4621 1760 4676 dilectione
1793 4621 1910 4675 Dei.

504 4688 599 4744 27.
650 4691 783 4742 Item
824 4690 1069 4759 requires
1101 4693 1426 4759 pusillorum
1472 4691 1701 4746 istorum
1752 4691 1931 4761 angeli
1958 4690 2051 4759 qui
2083 4700 2327 4761 praesunt
2359 4692 2440 4746 eis
2464 4688 2687 4761 quando
2719 4688 2987 4758 incipiunt
3020 4704 3207 4761 curam
3248 4702 3441 4761 eorum
3475 4688 3694 4761 habere,

436 4767 618 4812 utrum
651 4774 714 4831 es
743 4774 852 4831 quo
880 4757 977 4831 per
1008 4757 1284 4815 lavacrum
1318 4761 1746 4830 regenerationis
1782 4757 1951 4831 geniti
1977 4757 2107 4815 sunt
2146 4762 2199 4814 in
2229 4757 2666 4829 Christo,_quasi
2701 4757 3438 4831 tuncnascentesinfantes,
3469 4770 3520 4811 et
3553 4760 3694 4814 ultra

439 4843 544 4901 non
595 4829 825 4901 subjecti
874 4830 1090 4883 cuidam
1135 4829 1461 4886 adversariae
1510 4829 1819 4901 petestati':
1865 4845 1934 4883 an
1974 4846 2041 4885 ex
2094 4841 2338 4899 tempore
2383 4831 2679 4901 nativitatis
2720 4843 2912 4901 eorum
2963 4829 3200 4901 carnalis
3228 4829 3529 4901 secundum
3556 4844 3687 4895 ριίιε-

437 4896 735 4970 scientiam
749 4899 863 4970 Dei,
894 4909 947 4953 et
977 4901 1487 4968 praeordinationem
1513 4896 1737 4970 'ipsius,
1790 4918 1811 4951 ι
1838 4916 1978 4968 (ιιιοε
2005 4896 2276 4969 praescivit
2322 4909 2377 4954 et
2420 4899 2825 4970 praedeStinavit
2863 4906 2923 4951 ut
2974 4898 3084 4952 sint
3111 4896 3422 4970 conformes
3455 4901 3641 4966 gloria:
3676 4918 3694 4970 ι

437 4967 659 5024 Christi.
695 4967 856 5023 Vides
885 4967 1143 5038 quoniam
1173 4971 1267 5039 qui
1296 4980 1452 5024 caute
1480 4967 1770 5039 utrumque
1798 4967 2135 5033 discusserit,
2170 4970 2314 5024 illius
2341 4967 2738 5030 est’aﬂirmare,
2773 4977 2954 5039 utrum
2984 4982 3174 5021 eorum
3203 4967 3276 5022 sit
3297 4982 3508 5039 verum,
3543 4976 3599 5039 et
3629 4969 3696 5021 ad

438 5039 810 5093 testimonium
857 5036 1096 5108 proferre
1136 5036 1476 5108 scripturam
1520 5042 1614 5094 uni
1652 5036 1719 5094 ex
1758 5040 1973 5094 duobus
2018 5042 2472 5094 consentientem.
2517 5039 2574 5092 In
2612 5049 2843 5107 utraque
2870 5038 3017 5091 enim
3060 5046 3210 5106 parte
3243 5036 3447 5108 multus
3478 5038 3697 5106 quidem

439 5121 620 5162 sermo
646 5108 763 5163 ﬁeri
798 5106 994 5178 potest,
1029 5121 1209 5163 tamen
1245 5106 1313 5163 ex
1342 5112 1513 5163 multo
1541 5126 1733 5180 parum
1765 5111 1969 5178 aliquid
2007 5109 2370 5177 proferamus.
2421 5108 2526 5175 Qui
2553 5111 2697 5163 enim
2734 5106 2943 5172 volunt,
2973 5122 3101 5180 mox
3134 5107 3308 5180 ut__qui
3344 5106 3506 5180 fuerit
3536 5116 3696 5180 nutus

438 5191 626 5232 eorum
659 5180 755 5248 qui
794 5176 1108 5250 praecogniti
1161 5188 1289 5234 sunt
1332 5196 1363 5233 a
1394 5176 1814 5249 Deo,'accipere
1857 5176 2109 5250 angelum
2160 5180 2508 5250 praepositum
2555 5181 2692 5242 sibi,
2726 5187 2951 5233 utentur
2976 5176 3222 5246 Apostoli
3257 5191 3389 5231 voce
3430 5176 3695 5231 dicentis:

511 5303 555 5334 ἰ
597 5301 766 5356 Exod.
802 5318 972 5365 χχχιι,
997 5302 1088 5366 δι,
1112 5310 1166 5357 et
1200 5317 1394 5364 χχχιιι,
1429 5302 1516 5366 IL,
1550 5302 1637 5356 15.
1714 5304 1759 5334 ’³
1801 5302 1960 5357 Rom.
1990 5319 2011 5355 ι

2134 5302 2220 5358 16.
2295 5301 2342 5334 "
2380 5298 2585 5357 IJoan.
2614 5316 2685 5368 tv,
2716 5299 2803 5355 18.
2881 5297 2928 5330 ’⁸
2953 5297 3095 5353 Psal.
3129 5311 3323 5365 χχχιιι,
3351 5296 3405 5350 8.
3478 5296 3524 5329 ⁸⁵
3549 5295 3694 5352 Psai.

444 5385 529 5439 xc,
554 5373 639 5426 15.
715 5373 761 5404 ³⁸
798 5371 932 5426 Gen.
964 5388 1153 5439 XLVIII,
1184 5372 1271 5429 16.
1348 5372 1390 5405 ³⁷
1432 5371 1552 5427 Gal.
1587 5388 1661 5437 tv,
1694 5371 1750 5425 2.
1826 5372 1874 5405 ³⁸
1912 5375 1929 5425 l
1960 5372 2103 5427 Petr.
2143 5389 2199 5438 ιι,
2232 5372 2288 5427 2.

519 5486 632 5561 (66)
670 5488 985 5556 Εἱρηκέναι
1029 5489 1179 5556 πρὸς
1215 5489 1315 5542 τό·
1364 5488 1724 5561 Ὁ-ἇγγελος,
1754 5499 1858 5561 etc.
1899 5488 2011 5543 Non

2130 5559 2139 5561 4
2198 5486 2311 5560 (67)
2355 5482 2747 5561 Emeritam
2767 5482 2836 5561 de
2864 5482 3015 5538 κατὰ
3037 5481 3382 5561 quamneu.
3424 5478 3696 5561 Uuiuscu-

443 5551 662 5614 ad‘hw'c
702 5551 864 5613 verba
916 5574 1038 5629 quae
1067 5551 1574 5629 'habenturExod.
1633 5551 1807 5629 sum,
1838 5560 1928 5624 34,
1965 5551 2046 5612 Μ’
2122 5551 2321 5629 jusque
2355 5558 2591 5629 hominis
2617 5554 2883 5629 custodiat
2916 5554 3166 5629 angelum
3416 5567 3483 5629 es
3528 5557 3698 5607 sacris

444 5629 717 5701 responsi
738 5629 884 5683 dedit
915 5618 1148 5701 Moyses,
1180 5629 1274 5701 sed
1321 5628 1387 5683 ad
1436 5629 1533 5701 ιιιέ
1563 5646 1577 5682 :
1604 5628 1776 5701 ᾼὺτὸς
1795 5618 2021 5701 ’προπο-
2122 5618 2324 5682 litteris
2349 5626 2585 5701 universi
2615 5623 2802 5701 P_atres
2832 5618 3191 5701 tradiderunt.
3222 5618 3587 5701 Nihilominus
3615 5631 3696 5701 ta-

453 5691 718 5768 ρεύσομαί
747 5714 865 5762 σου,
899 5697 993 5751 καὶ
1006 5691 1363 5752 ’καταπαύσω
1383 5714 1464 5752 σε’
1496 5697 1670 5753 Exod.
1712 5691 1904 5767 xixnt,
1931 5701 2011 5753 14.

2127 5714 2251 5753 men
2280 5696 2605 5768 sententiam
2641 5696 2781 5768 hanc
2806 5706 2905 5768 pro
2947 5694 3140 5768 insana
3174 5692 3464 5768 traducere
3486 5691 3706 5757 Magda-

448 5759 711 5826 ιιιιιιτιύε.
849 5759 860 5762 ’
1582 5846 1587 5849 _
1891 5759 1902 5767 ’
2128 5767 2495 5837 burgensihus
2509 5759 2984 5849 Centuriattiribus
3005 5760 3162 5833 nulla
3177 5759 3366 5841 religio
3391 5761 3515 5828 luit,
3529 5774 3701 5824 neque
