4146 6424
490 352 618 405 H7!

1950 349 2271 409 ORIGENIS

3612 367 3634 420 Ι
3648 368 3742 423 {7:2

483 466 701 538 quando
728 482 856 521 vero
883 467 950 521 ab
977 466 1095 536 ipso
1117 465 1227 535 jam
1258 464 1507 519 Domino.
1546 463 1751 520 Deinde
1783 473 1841 518 ut
1873 482 2047 535 parvu

2172 466 2250 537 τῷ
2282 467 2358 538 τῷ
2400 469 2605 541 Κυρίῳ.
2654 471 2807 525 Μετά
2832 472 3003 527 ταῦτα
3046 475 3123 538 είς
3157 474 3500 547 κατασκευὴν
3537 476 3630 532 τοῦ
3674 483 3749 545 ὼς

486 560 572 613 Ιιιε
628 559 698 612 ita
749 559 1107 627 intelligatur,
1174 555 1629 626 quemadmodum
1681 558 2059 627 exposuimus,

485 666 828 720 nequaquam
863 651 1019 703 nobis
1050 650 1304 702 mandato
1331 663 1469 717 opus
1501 664 1623 703 esse
1654 649 1920 713 dicemus,
1952 664 2062 718 quo

482 743 950 797 acontemnendis
1012 745 1313 814 majoribus
1354 745 1777 814 prohibeamur,
1828 755 1884 799 al.
1934 761 2060 815 erga

482 836 738 902 parvulos
761 850 827 889 eo
853 849 952 888 nos
977 834 1249 906 indigere;
1286 844 1571 906 propterea
1603 852 1711 890 non
1743 836 2063 905 simpliciter

479 923 683 977 dictum
715 939 834 978 esse
863 925 906 956 ³⁸
938 943 951 978 :
1006 944 1024 975 ι
1056 924 1133 979 Ne
1173 926 1540 981 contemnatis
1586 942 1756 980 unum
1799 942 1863 979 ex
1891 926 1995 987 his,
2036 945 2054 975 ι

480 1016 795 1071 monstratis
823 1017 1080 1071 omnibus
1108 1017 1425 1087 discipulis,
1460 1019 1553 1072 sed
1577 1058 1591 1082 ,
1636 1036 1655 1069 ι
1685 1034 1852 1071 unum
1883 1033 1947 1071 ex
1976 1017 2060 1072 his

476 1109 709 1179 pusillis.
743 1127 762 1161 ι
812 1109 1131 1164 monstratis
1174 1109 1242 1162 ab
1267 1124 1334 1163 eo
1366 1109 1459 1179 qui
1487 1110 1839 1178 exiguitatem
1866 1119 1918 1163 et
1944 1124 2060 1163 ma-

478 1201 818 1271 gnitudinem
855 1200 1024 1254 animi
1054 1200 1268 1271 aspicit.

546 1292 637 1346 29.
679 1292 836 1346 Alius
881 1308 1010 1346 vero
1058 1292 1256 1347 dixerit
1301 1293 1586 1362 parvulum
1640 1293 1779 1347 inter
1809 1292 1930 1347 illos
1962 1307 2059 1360 ap-

472 1383 661 1452 pellari
683 1426 697 1448 ,
746 1385 839 1453 qui
874 1385 1147 1454 perfectus
1174 1394 1291 1450 est,
1327 1400 1394 1439 eo
1424 1396 1582 1440 utens
1610 1386 1923 1440 testimonio
1955 1386 1999 1417 ⁸⁷
2039 1403 2053 1438 :

477 1492 496 1523 ι
530 1472 665 1527 Nam
713 1474 807 1543 qui
854 1475 1033 1528 minor
1077 1485 1161 1529 est
1209 1475 1352 1528 inter
1380 1492 1475 1530 vos
1504 1492 1728 1539 omnes,
1762 1477 1848 1531 hic
1880 1480 2057 1549 major

470 1572 589 1625 est,
628 1582 646 1614 ι
680 1573 734 1617 et
762 1564 855 1632 qui
880 1580 937 1618 se
965 1565 1259 1635 ahjecerit,
1290 1573 1343 1617 et
1374 1564 1427 1618 in
1454 1565 1634 1617 medio
1659 1567 1905 1621 omnium
1937 1584 2057 1623 cre-

469 1655 714 1709 dentium
747 1656 970 1711 em-ctus
995 1656 1158 1711 fuerit
1183 1657 1322 1710 sicut
1358 1657 1619 1726 parvulus
1642 1699 1656 1724 ,
1694 1659 1806 1714 sive
1834 1667 2055 1729 aposto—

470 1747 556 1802 lus
589 1748 698 1812 sit,
732 1751 845 1802 sive
870 1748 1184 1818 episcopus,
1220 1749 1455 1818 talisque
1484 1749 1574 1803 ﬁat
1596 1791 1610 1815 ,
1653 1770 1672 1802 ι
1715 1760 1973 1821 tanquam
2006 1752 2050 1806 si

2165 559 2520 629 ὲξειλήφαμεν
2568 562 2801 617 νοεῖσθαι
2839 564 2931 617 τὸν
2977 567 3170 636 μικρὸν
3206 566 3559 638 λεχθήσεσθαι
3613 569 3746 640 (77),

2164 652 2244 703 ὅτι
2272 652 2332 704 οὐ
2360 652 2589 723 δεόμεθα
2629 655 2726 724 μὲν
2767 656 2985 725 ἐντολῆς
3028 658 3128 726 τῆς
3170 661 3296 731 περὶ
3341 660 3435 713 τοῦ
3470 660 3545 733 μὴ
3588 679 3751 718 καταο

2164 747 2377 813 φρονεῖν
2417 746 2509 798 ἐπὶ
2550 745 2657 798 τῶν
2697 747 2970 816 μεγάλων,
3005 748 3279 821 χρῄζομεν
3323 751 3382 805 δὲ
3434 753 3605 826 αὐτῆς
3651 755 3747 808 ἐπὶ
3840 799 3844 802 .

2161 833 2269 885 τῶν
2314 836 2559 906 μικρῶν’
2606 835 2687 889 διὸ
2716 838 2813 906 οὐχ
2857 837 3044 901 ἁπλῶς
3089 839 3334 912 εἴρηται·
3388 862 3407 894 ι
3445 843 3537 916 Μὴ
3579 862 3747 899 κατα-

2162 929 2467 999 φρονήσητε
2504 929 2623 992 ἐνὸς
2663 930 2889 995 τούτων,
2931 951 2949 979 ι
2987 931 3351 1003 δεικνυμένων
3383 937 3594 990 ποίντωιν
3635 938 3744 993 τῶν

2163 1017 2442 1089 μαθητῶν,
2477 1018 2591 1071 ἀλλ’
2637 1038 2655 1070 ι
2696 1021 2813 1084 ἑνὸς
2845 1021 3049 1074 τούτων
3080 1023 3187 1075 τῶν
3219 1024 3452 1095 μικρῶν,
3484 1046 3502 1077 ι
3539 1027 3747 1082 δεικνυ-

2163 1110 2339 1179 μένων
2390 1110 2493 1163 ὐπὸ
2534 1110 2630 1163 τοῦ
2677 1111 2965 1182 βλέποντος
3013 1114 3316 1186 μικρότητα
3359 1119 3455 1170 καὶ
3509 1118 3743 1189 μεγαλό-

2158 1216 2297 1269 τητα
2329 1198 2438 1271 (78)
2468 1201 2666 1271 ψυχῆς.

2233 1291 2422 1354 Ἀλλος
2447 1292 2490 1344 δ’
2522 1292 2587 1346 ἂν
2623 1292 2770 1361 λέγοι
2805 1295 3000 1367 μικρὸν
3034 1297 3092 1350 ὲν
3133 1295 3341 1361 τούτοις
3371 1295 3622 1366 λέγεσθαι
3651 1297 3743 1352 τὸν

2156 1378 2386 1443 τέλειον,
2426 1380 2809 1452 συγχρώμενος
2831 1383 2911 1454 τῷ
2936 1401 2949 1414 ·
3004 1404 3023 1437 ι
3074 1386 3133 1438 Ὀ
3177 1386 3285 1458 γὰρ
3322 1387 3641 1461 μικρότερος
3681 1390 3741 1442 ὲν

2157 1476 2322 1524 πᾶσιν
2355 1473 2484 1543 ὑμῖν
2511 1473 2791 1544 ὑπάρχων,
2823 1471 2976 1540 οὗτός
3003 1480 3118 1531 ἐστι
3151 1477 3342 1548 μέγας,
3383 1498 3401 1530 ι
3433 1479 3529 1532 καὶ
3554 1481 3738 1551 φήσει,

2155 1566 2236 1618 ὃτι
2264 1568 2292 1618 6
2320 1565 2592 1618 ταπεινῶν
2617 1568 2828 1631 ἑαυτὸν,
2857 1569 2950 1623 καὶ
2970 1570 3254 1640 γινόμενος
3284 1572 3475 1641 νήπιος
3501 1572 3558 1624 ὲν
3590 1572 3742 1643 μέσῳ

2156 1657 2374 1711 πάντων
2409 1658 2791 1722 πιστευόντων,
2820 1659 2923 1713 κᾶν
2958 1662 3275 1725 ἀπόστολος,
3311 1661 3412 1715 κᾶν
3436 1662 3742 1727 ἐπίσκοπος

2153 1744 2210 1823 ᾗ,
2242 1750 2337 1804 καὶ
2364 1751 2644 1820 γινόμενος
2678 1770 2696 1801 ι
2730 1751 2972 1817 τοιοῦτος
3020 1754 3093 1817 ὡς
3131 1753 3197 1806 ἂν
3235 1754 3434 1826 τροφὸς
3467 1754 3644 1827 θάλπῃ
3669 1754 3742 1809 τὰ

468 1839 650 1893 nutrix
691 1838 867 1895 foveat
910 1841 1051 1895 lilios
1099 1856 1232 1896 suos
1259 1842 1340 1907 ⁸⁸,
1380 1861 1399 1893 ι
1452 1858 1576 1897 eum
1608 1860 1731 1899 esse
1762 1846 2047 1915 parvulum

2157 1843 2355 1912 ἑαυτῆς
2384 1843 2572 1907 τέκνα,
2613 1863 2630 1894 ι
2668 1837 2825 1907 οὗτός
2866 1847 3012 1898 ἐστιν
3054 1847 3082 1898 6
3128 1845 3476 1918 δεικνύμενος
3508 1847 3613 1900 ὑπὸ
3644 1846 3739 1902 τοῦ

464 1932 604 1987 dicet
630 1932 723 2001 qui
757 1949 786 1987 a
819 1931 948 1987 Jesu
994 1943 1333 1988 monstratus
1361 1943 1476 2001 est,
1514 1945 1568 1990 et
1609 1936 1755 1991 illius
1796 1938 2047 2007 angelum

461 2023 662 2080 faciem
697 2025 787 2081 Dei
816 2026 1015 2080 intueri
1048 2036 1476 2082 consentaneum
1505 2044 1646 2083 esse.
1688 2028 1877 2083 Dicere
1903 2032 2047 2085 enim

462 2132 559 2188 per
588 2118 850 2187 parvulos
880 2118 969 2174 hic
994 2117 1267 2188 perfectos
1299 2119 1577 2189 designari
1597 2119 1752 2190 juxta
1790 2121 1921 2176 illud
1949 2123 1993 2154 ”
2033 2142 2045 2176 :

467 2229 484 2259 ι
522 2207 657 2264 Nam
708 2210 801 2280 qui
840 2210 1018 2264 minor
1057 2220 1140 2266 est
1185 2211 1325 2265 inter
1368 2228 1465 2267 vos
1507 2227 1728 2279 omnes,
1763 2213 1849 2269 hic
1873 2214 2049 2285 major

459 2311 579 2365 est,
622 2321 640 2354 ι
693 2310 746 2356 et
792 2302 1249 2373 quemadmodum
1297 2302 1501 2358 Paulus
1542 2304 1681 2359 dixit
1712 2303 1756 2337 ⁸ο
1805 2322 1819 2358 :
1861 2325 1879 2358 ι
1917 2305 2047 2362 Mihi

460 2392 709 2446 omnium
739 2400 1057 2448 sanctorum
1092 2392 1321 2446 minimo
1370 2390 1497 2445 data
1526 2402 1609 2446 est
1635 2394 1806 2462 gratia
1836 2392 1979 2457 hac,
2022 2412 2040 2444 ι

456 2484 737 2540 videbitur
772 2486 858 2540 his
897 2486 1076 2540 verbis
1114 2485 1427 2541 consentire
1453 2485 1498 2515 “
1528 2502 1542 2540 :
1590 2504 1609 2536 ι
1643 2484 1746 2550 Qui
1775 2485 2047 2540 scandali-
2094 2538 2111 2549 ,

458 2577 665 2632 zaverit
696 2594 865 2632 unum
902 2579 970 2634 de
996 2578 1213 2648 pusillis
1238 2580 1378 2646 iseis,
1417 2598 1435 2630 ›
1470 2588 1634 2650 atque
1660 2578 1788 2633 item
1824 2578 1930 2633 illis
1955 2579 2000 2609 δ’
2028 2596 2041 2633 :

463 2689 482 2722 ι
520 2667 612 2724 Sic
657 2685 767 2725 non
811 2681 895 2725 est
935 2671 1189 2727 voluntas
1233 2679 1358 2725 ante
1404 2670 1618 2726 Patrem
1647 2686 1828 2725 meum
1862 2670 1955 2739 qui
1988 2670 2043 2724 in

455 2761 612 2817 caelis
641 2770 724 2819 est
745 2803 760 2827 ,
798 2772 859 2816 ut
889 2771 1079 2832 pereat
1121 2778 1267 2817 unus
1297 2763 1364 2817 de
1393 2762 1609 2832 pusillis
1649 2762 1799 2827 istis;
1839 2781 1857 2814 ι
1891 2777 2040 2825 nam,

456 2861 518 2909 ut
546 2869 576 2907 a
604 2851 758 2908 nobis
789 2854 996 2909 dictum
1031 2863 1148 2920 est,
1178 2854 1272 2923 qui
1311 2869 1457 2907 nunc
1482 2854 1741 2922 parvulus
1775 2864 1892 2916 est,
1942 2867 2045 2906 nec

454 2945 809 3001 oilensionem
843 2946 977 3015 pati,
1002 2961 1104 3002 nec
1131 2947 1308 3017 perire
1329 2953 1495 3014 queat
1523 2963 1537 3000 :
1579 2964 1597 2997 ι
1626 2944 1735 2998 Pax
1771 2944 2038 3013 siquidem

455 3035 627 3091 multa
659 3035 1012 3107 diligentibus
1043 3051 1239 3090 nomen
1266 3033 1379 3102 Dei,
1406 3050 1461 3089 et
1488 3049 1598 3088 non
1631 3042 1715 3088 est
1753 3033 1857 3088 illis
1882 3047 2041 3089 scan-

452 3123 637 3178 dalum
664 3122 710 3155 “
738 3142 753 3179 :
797 3143 817 3177 ι
851 3140 953 3179 nec
984 3134 1131 3180 certe
1161 3134 1348 3195 pereat
1373 3124 1467 3194 qui
1496 3123 1635 3178 inter
1661 3138 1854 3179 omnes
1876 3122 2038 3176 Chri-

452 3215 521 3272 sti
557 3214 856 3285 discipulos
907 3216 1153 3271 omnium
1203 3214 1464 3271 minimus
1511 3225 1629 3282 est,
1664 3223 1716 3270 et
1750 3224 2034 3286 pr0pterea

452 3323 683 3378 magnus
715 3307 960 3374 exsistit;
1001 3316 1055 3362 et
1096 3324 1221 3363 cum
1256 3323 1363 3362 non
1392 3315 1604 3376 pereat,
1639 3306 1692 3360 id
1723 3306 1917 3360 merito
1950 3305 2035 3358 di-

449 3409 537 3456 cat
566 3397 614 3431 “
642 3418 654 3454 :
696 3419 713 3449 ‹
750 3397 887 3466 Quis
914 3415 1017 3455 nos
1043 3400 1320 3470 separabit
1347 3399 1514 3470 610
1542 3415 1571 3453 a
1605 3398 1894 3464 charitate,
1928 3419 1946 3449 ι
1981 3408 2033 3452 et

448 3503 664 3550 caetera.
750 3493 852 3550 Sed
905 3495 999 3563 qui
1050 3505 1381 3564 postremam
1434 3496 1576 3550 hanc
1635 3495 2029 3565 expositionem

449 3587 588 3641 tueri
614 3587 790 3653 volet,
827 3588 1066 3641 animam
1105 3586 1240 3658 justi
1275 3587 1567 3642 mutationi
1604 3602 1826 3657 quoque
1855 3586 2030 3640 obno-

447 3680 592 3735 xiam
637 3694 758 3734 esse
779 3679 959 3747 dicet,
989 3678 1457 3750 quemadmodum
1501 3686 1733 3733 testatur
1781 3674 2033 3732 Ezechiel

444 3771 637 3830 dicens
666 3771 876 3842 justum
904 3788 935 3826 a
966 3770 1060 3827 Dei
1100 3771 1377 3828 mandatis
1401 3770 1683 3828 discedere
1708 3786 1871 3842 posse
1891 3812 1906 3838 ,
1959 3770 2032 3824 ita

2166 1933 2341 2004 Ἰησοῦ
2378 1934 2592 2006 μικρὸς,
2626 1936 2718 1988 καὶ
2745 1935 2891 1999 ἄξιόν
2918 1954 2981 2005 γε
3011 1936 3105 1990 τοῦ
3136 1938 3377 1992 τοιούτου
3413 1940 3640 2009 ἄγγελον
3661 1934 3742 1994 εἵ-

2152 2041 2240 2078 ναι
2280 2024 2545 2094 βλέποντα
2581 2024 2642 2078 τὸ
2688 2026 2979 2097 πρόσωπον
3025 2026 3120 2081 τοῦ
3170 2028 3325 2081 Θεοῦ.
3376 2029 3449 2082 Τὸ
3491 2029 3600 2102 γὰρ
3646 2047 3738 2101 μι-

2152 2116 2317 2187 κροὺς
2345 2115 2525 2184 λέγειν
2572 2116 2810 2170 ἐνταῦθα
2853 2118 2980 2181 τοὺς
3025 2118 3265 2183 τελείους
3308 2119 3450 2173 κατὰ
3474 2121 3572 2174 τό·
3606 2139 3626 2172 ι
3678 2120 3739 2176 Ὀ

2151 2208 2258 2280 γὰρ
2290 2198 2611 2281 μικρότερος
2643 2211 2699 2262 ὲν
2731 2211 2897 2265 πᾶσιν
2928 2212 3057 2280 ὑμῖν
3098 2212 3378 2283 ὑπάρχων.
3424 2204 3579 2277 οὗτός
3621 2216 3739 2268 ἐστι

2152 2302 2346 2371 μέγας,
2383 2322 2401 2353 ι
2436 2302 2530 2356 καὶ
2559 2303 2634 2366 ὡς
2660 2305 2688 2355 6
2718 2303 2930 2367 Παῦλος
2953 2300 3073 2358 εἶπε
3102 2305 3163 2360 τό
3184 2323 3197 2336 ·
3242 2325 3261 2357 ι
3312 2306 3466 2378 Ἐμοὶ
3493 2305 3573 2378 τῷ
3610 2305 3735 2361 ἔλα·-

2148 2394 2447 2465 χιστοτέρῳ
2478 2394 2697 2447 πάντων
2728 2395 2896 2463 ἁγίων
2926 2396 3081 2467 ἐδόθη
3124 2398 3157 2464 ἠ
3198 2397 3358 2468 χάρις
3385 2398 3546 2468 αὕτη,
3591 2418 3609 2450 ›
3648 2399 3732 2454 δό-

2150 2484 2229 2548 ξει
2261 2485 2359 2555 μὲν
2406 2486 2652 2557 συνᾴδειν
2686 2484 2765 2555 τῷ
2787 2503 2800 2515 ο
2837 2505 2855 2537 ι
2903 2489 2998 2550 Ὃς
3027 2486 3092 2552 ἂν
3131 2480 3461 2563 σκανδαλίσῃ
3492 2490 3585 2543 ἕνα
3624 2491 3736 2545 τῶν

2150 2575 2360 2648 μικρῶν
2393 2576 2617 2639 τούτων,
2656 2597 2673 2627 δ
2706 2578 2801 2631 καὶ
2824 2577 2930 2648 τῷ·
2967 2599 2984 2629 ι
3024 2579 3211 2644 Οῦτως
3236 2581 3336 2634 οὐκ
3371 2580 3483 2635 ἔστι
3521 2581 3735 2652 θέλημα

2146 2666 2456 2739 ἔμπροσθεν
2484 2669 2582 2722 τοῦ
2616 2671 2829 2741 Πατρός
2865 2687 2965 2740 μου
2994 2670 3103 2741 (79)
3133 2671 3228 2724 τοῦ
3258 2672 3316 2725 ὲν
3346 2674 3614 2744 οὐρανοῖς,
3647 2673 3736 2727 ἵνα

2144 2761 2399 2814 ἀπόλοιτο
2431 2756 2510 2824 εἷς
2536 2760 2645 2814 τῶν
2675 2760 2887 2833 μικρῶν
2917 2761 3120 2815 τούτων
3139 2779 3153 2793 ·
3201 2783 3219 2813 ι
3254 2764 3283 2816 ὁ
3328 2764 3457 2836 γὰρ,
3487 2764 3563 2828 ὠς
3599 2764 3737 2817 ἀπο-

2141 2853 2369 2919 δέδοται,
2401 2852 2495 2907 νῦν
2529 2855 2724 2926 μικρὸς
2766 2856 2827 2908 οὐ
2861 2855 3301 2926 σκανδαλισθείη,
3342 2855 3448 2909 οὐδ’
3482 2854 3736 2911 ἀπόλοιτο

2142 2945 2209 3000 ἄν
2232 2962 2248 2977 ο
2289 2964 2307 2997 ι
2340 2948 2547 3018 Εἰρήνη
2579 2948 2686 3017 γὰρ
2714 2947 2884 3018 πολλὴ
2914 2951 3025 3011 τοῖς
3055 2949 3309 3016 ἀγαπῶσι
3337 2948 3399 3001 τὸ
3438 2949 3608 3021 ὖνομα
3635 2945 3733 3005 τοῦ

2142 3038 2278 3091 Θεοῦ
2319 3038 2451 3110 (80),
2502 3040 2596 3092 καὶ
2643 3041 2744 3093 οὐκ
2785 3039 2931 3092 ἔστιν
2969 3040 3155 3103 αὐτοῖς
3201 3040 3533 3094 σκάνδαλον·
3569 3060 3588 3093 ι
3637 3041 3735 3094 καὶ

2144 3130 2244 3184 οὐκ
2278 3129 2344 3183 ἂν
2373 3129 2628 3183 ἀπόλοιτο
2662 3132 2690 3183 6
2725 3130 2941 3183 πάντων
2982 3131 3302 3202 μικρότερος
3348 3134 3409 3184 ὲν
3456 3134 3589 3185 πᾶσι
3618 3133 3729 3194 τοῖς

2147 3218 2418 3291 μαθηταῖς
2445 3218 2684 3290 Χριστοῦ
2717 3221 2998 3290 ὑπάρχων,
3031 3223 3123 3274 καὶ
3148 3221 3235 3275 διὰ
3264 3222 3421 3275 τοῦτο
3448 3224 3732 3295 γινόμενος

2145 3312 2337 3384 μέγας·
2364 3314 2457 3367 καὶ
2496 3315 2619 3366 ἐπεὶ
2645 3314 2745 3366 οὐκ
2772 3313 2837 3367 ἃν
2867 3314 3140 3380 ἀπόλοιτο,
3173 3313 3321 3382 λέγοι
3350 3314 3415 3369 ἂν
3444 3315 3505 3368 τό
3525 3334 3538 3346 ·
3585 3335 3603 3367 ι
3635 3312 3730 3378 Τίς

2139 3404 2286 3473 ἡμᾶς
2311 3402 2523 3475 χωρίσῃ
2549 3404 2657 3456 ἀπὸ
2689 3404 2787 3475 τῆς
2820 3405 3063 3476 ἀγάπης,
3103 3424 3121 3456 ι
3170 3406 3360 3459 καὶτὰ
3397 3407 3539 3477 ἑξῆς.
3589 3407 3723 3460 Ἀλλ’

2136 3499 2166 3550 6
2195 3495 2519 3566 βουλόμενος
2545 3496 2645 3566 τὴν
2685 3495 3000 3549 τελευταίαν
3030 3495 3233 3567 ταύτην
3278 3502 3499 3568 κρατεῖν
3531 3498 3726 3569 διήγη-

2142 3605 2228 3641 σιν
2274 3589 2456 3659 φήσει,
2503 3589 2586 3641 ὅτι
2635 3588 2984 3658 μεταπτωτός
3011 3590 3126 3641 ἐστι
3177 3589 3271 3643 καὶ
3311 3592 3344 3661 ἡ
3385 3588 3477 3642 τοῦ
3521 3588 3729 3643 δικαίου

2139 3680 2307 3752 ψυχὴ,
2339 3680 2416 3745 ὡς
2447 3683 2715 3753 μαρτυρεῖ
2744 3680 2837 3735 καὶ
2861 3682 2889 3734 6
2923 3679 3183 3753 Ἰεζεκιὴλ
3205 3681 3381 3750 λέγων
3403 3683 3496 3737 τὸν
3521 3683 3729 3737 δίκαιον

2142 3771 2473 3841 ἀφίστασθαι
2515 3771 2775 3826 δύνασθαι
2799 3770 2909 3826 τῶν
2937 3770 3166 3824 ὲντολῶν
3204 3770 3300 3825 τοῦ
3345 3772 3504 3837 Θεοῦ,
3531 3773 3607 3838 ὼς
3649 3772 3727 3843 μὴ

1650 3906 1885 3964 VETUS
1920 3905 2513 3964 INTERPRETATIO.

451 4042 674 4104 {Annum-
705 4025 772 4104 de
794 4027 1012 4104 pusillis
1046 4027 1203 4104 istis,
1238 4047 1256 4080 ι
1305 4044 1466 4104 quos_
1491 4031 1868 4104 cognoscebat
1900 4046 2024 4104 esse
2067 4031 2300 4104 pusillos
2338 4031 2433 4104 qui
2469 4031 2653 4104 videre
2694 4038 2905 4104 poterat
2948 4030 3318 4104 modicitatern
3369 4040 3425 4086 et
3451 4032 3728 4104 magnitu-

443 4098 627 4223 dinsm
647 4097 1020 4222 tiotlisvisihilium
1053 4097 1385 4153 animarum.
1425 4099 1578 4154 Talia
1611 4111 1664 4155 et
1690 4102 1943 4171 superius
1971 4097 2211 4157 diximus
2248 4118 2260 4153 :
2295 4121 2314 4153 ι
2350 4097 2409 4157 Si
2435 4102 2562 4172 quis
2590 4097 3043 4157 scandalizaverit
3073 4117 3240 4155 unum
3270 4102 3337 4155 de
3362 4097 3578 4172 pusillis
3606 4103 3730 4159 istis

443 4183 534 4222 cre
573 4184 641 4222 en
671 4184 683 4220 ι
728 4185 794 4223 us
828 4185 881 4222 in
911 4184 1018 4223 me.
1056 4188 1075 4219 ι

442 4168 794 4223 credentibus
828 4169 881 4222 in
911 4184 1018 4223 me.
1056 4188 1075 4219 ι

514 4238 607 4294 29.
638 4238 801 4313 A_Iius_
827 4248 1008 4313 autem
1042 4237 1272 4313 forsitan
1311 4239 1443 4313 dicit
1472 4240 1728 4313 pusillum
1755 4241 1842 4297 hic
1870 4243 1976 4298 dici
2007 4243 2330 4313 perfectura,
2364 4241 2664 4313 secundum
2697 4242 2850 4313 illud
2877 4241 3025 4313 quod
3053 4243 3185 4299 alibi
3219 4242 3333 4296 ait:
3359 4261 3380 4294 ι
3408 4242 3511 4309 Qui
3541 4250 3724 4299 autem

441 4308 632 4382 minor
664 4307 852 4382 fuerit,
876 4310 929 4364 in
968 4310 1223 4382 omnibus
1257 4311 1410 4365 vobis
1431 4351 1446 4373 ,
1476 4307 1573 4365 hic
1605 4312 1711 4365 erit
1742 4312 1937 4382 major.
1972 4333 1989 4365 ι
2009 4307 2141 4379 ’ραι
2181 4307 2328 4369 enim
2365 4312 2736 4366 humiliaverit
2776 4328 2857 4376 se,
2887 4307 3129 4367 imitator
3150 4307 3600 4369 exsistens'illius
3631 4312 3727 4382 qui

444 4379 1154 4453 semetipsumjliumiliavit
1178 4398 1279 4453 pro
1304 4383 1479 4436 salute
1506 4383 1764 4453 humana
1784 4379 1843 4436 in
1870 4386 2050 4438 medio
2075 4384 2435 4445 credentium,
2470 4384 2586 4453 sive
2616 4381 2707 4453 ille
2740 4383 3025 4452 apostolus
3056 4384 3240 4446 fuerit,
3269 4386 3384 4453 sive
3411 4379 3727 4453 episcopus,

442 4452 561 4519 ipse
582 4458 669 4523 est
694 4450 932 4519 pusillus
965 4466 1130 4523 quem
1152 4452 1409 4507 Christus
1433 4452 1691 4523 ostendit.
1723 4450 1909 4508 Talem
1936 4471 1995 4508 se
2021 4456 2278 4523 pusillum
2305 4453 2469 4506 etiam
2498 4451 2701 4505 Paulus
2731 4450 2971 4507 ostendit
3004 4454 3194 4509 dicens
3230 4469 3243 4505 :
3284 4473 3302 4504 ι
3338 4450 3467 4507 Mihi
3498 4450 3727 4508 minimo

440 4519 693 4593 omnium
737 4529 1056 4593 sanctorum
1102 4520 1228 4576 data
1265 4530 1351 4577 est
1395 4523 1569 4593 gratia
1610 4522 1744 4577 haec.
1788 4542 1807 4575 ι
1868 4525 1974 4578 Sed
2019 4519 2334 4593 hujusmodi
2382 4523 2713 4592 expositioni
2763 4524 2895 4578 illud
2947 4526 3092 4593 quod
3140 4524 3343 4578 dicitur
3382 4539 3395 4575 :
3451 4543 3470 4575 ι
3510 4525 3565 4578 Si
3601 4525 3728 4593 quis

438 4589 899 4663 scandalizaverit
942 4606 1113 4663 unum
1159 4594 1227 4646 de
1272 4593 1487 4663 pusillis
1536 4592 1679 4656 istis,
1708 4613 1726 4643 ι
1768 4602 1824 4648 et
1868 4589 2106 4659 caztera,
2132 4610 2240 4649 non
2268 4589 2485 4663 videtur
2527 4595 2843 4655 convenire,
2875 4589 2981 4648 vcl'
3008 4595 3143 4649 illud
3178 4597 3326 4663 quod
3372 4594 3575 4649 dicitur
3604 4589 3723 4649 sic:

447 4682 464 4711 ι
495 4659 613 4735 ﬁeri
645 4671 729 4715 est
754 4662 1010 4735 voluntas
1038 4660 1216 4717 Patris
1251 4659 1353 4718 mei
1388 4664 1480 4733 qui
1524 4663 1576 4735 in
1612 4665 1769 4719 caelis
1802 4677 1906 4731 est,
1944 4675 2002 4718 ut
2042 4674 2231 4734 pereat
2269 4680 2412 4719 unus
2436 4662 2507 4735 de
2538 4664 2752 4735 pusillis
2792 4664 2948 4722 istis.
2984 4684 3002 4716 ι
3050 4659 3310 4734 quoniam
3340 4666 3464 4735 talis
3495 4666 3727 4735 pusillus

439 4731 534 4800 qui
569 4746 704 4804 vere
735 4731 1007 4804 perfectus
1036 4743 1139 4797 est,
1166 4748 1279 4804 non
1323 4731 1754 4797 scandalizatur,
1798 4751 1898 4790 nec
1933 4731 2111 4804 perit:
2146 4755 2163 4787 ι
2198 4736 2310 4789 Pax
2359 4734 2505 4788 enim
2545 4731 2726 4788 multa
2772 4731 3123 4803 diligentibus
3167 4736 3337 4804 legem
3370 4731 3511 4798 Deif
3537 4746 3589 4789 et
3618 4751 3727 4789 non

437 4801 675 4876 est_illi_s
716 4802 1061 4876 scandalum.
1094 4823 1112 4854 ι
1162 4802 1232 4876 Et
1267 4805 1525 4876 quoniam
1554 4821 1685 4876 _nou
1728 4807 1866 4874 perit
1902 4801 2532 4876 pusillusihujusmodi,
2584 4805 2766 4859 dicere
2811 4801 3028 4874 potest:
3078 4825 3097 4853 ι
3124 4801 3257 4873 Quis
3303 4820 3404 4859 nos
3451 4805 3730 4874 separabit

438 4888 470 4927 a
503 4872 772 4946 charitate
798 4872 915 4946 Dei.
949 4891 1071 4946 quae
1103 4874 1276 4946 estin
1301 4875 1522 4929 Christo
1548 4872 1675 4929 Jesn
1698 4872 1766 4928 2⁷»
1812 4886 1866 4930 et
1897 4872 2113 4931 extera.
2149 4872 2378 4946 Sed'qui
2418 4876 2557 4930 hanc
2597 4872 2997 4945 expositionem
3039 4872 3320 4931 existimat
3351 4872 3560 4941 veram,
3594 4877 3730 4930 dicit

435 4942 699 5066 lqﬂuoniam
742 4953 797 4999 et
827 4942 1238 5013 justi’ltominis
1284 4947 1467 4998 anima
1497 4946 1762 5001 vertibilis
1792 4956 1896 5010 est,
1924 4959 1977 5001 et
2018 4942 2422 5002 scandalizatur
2463 4942 2779 5016 aliquando,
2812 4947 2914 5001 etsi
2958 4963 3063 5001 non
3108 4946 3287 5009 facile,
3322 4946 3464 5000 sicut
3497 4956 3729 5001 testatur

486 5013 688 5066 zechiel
734 5013 923 5066 dicens
961 5014 1126 5066 etiam
1175 5014 1379 5066 iustum
1425 5030 1456 5066 a
1503 5016 1777 5066 mandatis
1807 5016 1900 5066 Dei
1946 5033 2105 5066 nosse
2146 5019 2436 5066 recedere.
2480 5017 2554 5066 ita
2595 5026 2653 5066 ut
2700 5033 2807 5066 non
2857 5018 3156 5066 imnutetnr
3204 5018 3262 5066 ei‘
3302 5015 3511 5066 iustitia
3557 5018 3725 5066 nrior.

486 5013 688 5067 zechiel
734 5013 923 5087 dicens
961 5014 1126 5087 etiam
1168 5014 1379 5087 justum
1425 5030 1457 5087 a
1494 5016 1777 5087 mandatis
1807 5016 1901 5071 Dei
1945 5033 2105 5086 posse
2146 5019 2437 5082 recedere,
2480 5013 2571 5071 ita
2595 5026 2653 5070 ut
2700 5033 2807 5071 non
2856 5018 3156 5087 imputetur
3204 5018 3262 5072 ei‘
3302 5015 3511 5085 iustitia
3557 5018 3725 5085 prior.

437 5081 730 5153 Propterea
780 5085 955 5140 dicit:
986 5107 1005 5136 ι
1034 5085 1093 5140 Si
1121 5081 1247 5155 quis
1284 5086 1739 5142 scandalizaverit
1782 5081 1958 5141 unum
2000 5088 2068 5143 de
2109 5088 2321 5158 pusillis
2360 5081 2518 5148 istis;
2555 5107 2572 5138 ι
2630 5096 2684 5142 οι
2730 5087 2860 5158 quia
2906 5081 3064 5142 (non
3117 5095 3202 5143 est
3246 5081 3505 5143 voluntas
3546 5081 3728 5141 Patris

509 5225 557 5258 ⁸⁸
595 5225 787 5280 Matth.
827 5243 979 5290 xmt,
1010 5229 1095 5281 ill.
1174 5228 1215 5258 ³⁷
1257 5224 1385 5297 Luc.
1422 5240 1498 5285 1x.
1528 5225 1619 5279 48.
1719 5227 1762 5258 ³⁸
1801 5225 2037 5281 lThess.

2160 5227 2212 5282 7.
2299 5228 2345 5259 ³³
2386 5226 2518 5281 Luc.
2555 5244 2630 5292 Ix,
2657 5227 2744 5283 48.
2794 5229 2878 5259 "°
2946 5227 3143 5297 Ephes.
3180 5245 3259 5295 tu,
3297 5228 3349 5284 8.
3449 5229 3488 5261 δι
3532 5228 3723 5283 Matth.

440 5312 607 5362 xvm,
640 5303 692 5352 ὅ.
770 5300 816 5328 δ’
856 5299 987 5353 ibid.
1026 5298 1110 5350 14.
1188 5297 1233 5327 ’⁵³
1271 5296 1417 5352 Psal.
1449 5297 1792 5362 cxvttt,165.
1872 5298 1918 5329 δι
1960 5298 2047 5353 ῐὶυι

2150 5315 2269 5364 νιιι,
2303 5298 2394 5354 55.

2134 5448 2392 5519 Origenes
2425 5463 2627 5519 supra.
2662 5446 2774 5503 Cur
2804 5457 2985 5502 autem
3040 5448 3092 5502 in
3144 5448 3445 5505 referendis
3486 5464 3518 5503 e
3569 5447 3726 5504 Scri-

511 5436 624 5515 (τῖι
673 5441 1106 5515 Λεχθήιζεσθαι.
1148 5443 1291 5515 Lege
1319 5442 1665 5515 λεχθήσεται.

664 5516 846 5595 facile);
884 5513 1106 5595 Regius,
1140 5512 1553 5595 μεγαλειότητα.

507 5581 625 5659 (⁸19),
642 5586 1042 5659 -Ἔμπροαθςν
1065 5581 1169 5659 τοῦ
1194 5587 1426 5659 Πατρός
1447 5581 1589 5659 μου.
1635 5588 1810 5659 Vulgo
1834 5589 2030 5659 legitur

440 5654 948 5729 apuslmMatthaeutn,
980 5656 1191 5729 [[ατρὸς
1226 5656 1404 5729 ὑμῶν.
1443 5657 1707 5729 Ηυετιυε.

511 5722 621 5801 (βο)
666 5725 807 5801 Τοῖςῌ
836 5722 1115 5801 ἀγαπῶᾳὶ
1152 5728 1236 5801 τὸ-
1264 5722 1451 5801 ὄνομα
1492 5727 1598 5782 τοῦ
1641 5730 1810 5785 Θεοῦ.
1858 5731 2030 5795 Vulgo

438 5793 634 5862 legitur
672 5812 685 5847 :
727 5798 837 5857 τοῖς
884 5793 1142 5865 ἀγαπῶσι
1192 5796 1281 5849 τὸν
1318 5793 1478 5866 νόμον
1523 5815 1647 5852 σου·
1696 5814 1749 5855 et
1799 5802 1871 5855 ita
1917 5793 2031 5872 ipse

2137 5518 2294 5588 ptura
2335 5518 2468 5572 locis
2504 5530 2610 5573 tam
2643 5534 2784 5586 szrpe
2815 5519 2882 5571 ab
2911 5520 3205 5587 exemplari
3239 5520 3456 5574 recedat
3482 5520 3566 5573 ha:
3592 5536 3726 5573 cau-

2140 5607 2214 5644 sae
2239 5599 2402 5644 sunt:
2440 5591 2585 5658 quod
2614 5590 2937 5643 inconsultis
2978 5589 3132 5644 libris
3173 5589 3520 5645 festinatione
3552 5591 3726 5659 impe-

2138 5661 2310 5723 ditus,
2347 5671 2403 5714 et
2430 5661 2673 5714 conﬁsus
2710 5662 2988 5715 memoria:
3017 5674 3081 5715 ea
3115 5663 3401 5727 recitaret;
3438 5671 3552 5716 tum
3576 5663 3723 5730 quod

2139 5732 2255 5801 ipsa
2303 5731 2638 5802 exemplaria
2674 5732 2841 5786 variis
2890 5730 3118 5786 subinde
3164 5732 3344 5787 modis
3400 5732 3719 5802 interpolata

2138 5800 2191 5856 et
2226 5814 2430 5858 mutata
2464 5812 2591 5856 sunt.
2624 5800 2699 5855 in.
