4146 6490
489 397 624 453 H73

1412 394 1765 449 COMMENT.
1807 390 1872 444 IN
1910 382 2324 443 MA'l'TlUEUM
2360 382 2599 440 TOMUS
2638 379 2778 437 Xlll.

3598 378 3737 435 H75

482 518 798 592 λογισθῆναι
857 520 1004 591 αὑτῷ
1056 520 1155 590 τὴν
1207 517 1478 590 προτέραν
1524 513 1868 583 δικαιοσύνην
1902 527 1914 540 ³
1974 508 2045 561 διὲ

2167 513 2226 559 ut
2254 504 2401 574 prior
2427 506 2547 575 ejus
2576 503 2788 573 iustitia
2821 501 2870 556 ei
2900 501 3125 556 minime
3172 502 3466 572 imputetur
3496 500 3538 533 "
3571 519 3585 555 :
3614 517 3737 570 ργα-

483 612 643 666 τοῦτο
671 611 887 681 λέγεται
906 630 920 643 ο
959 632 977 663 ι
1018 614 1112 675 Ὃς
1143 611 1209 664 ἂν
1235 608 1562 680 σκανδαλίσῃ
1593 608 1688 660 ἓνα
1715 606 1824 659 τῶν
1855 603 2063 676 μικρῶν

483 703 707 767 τούτων,
742 724 758 754 ι
809 704 903 757 κα)⁵
942 703 1040 756 τό·
1101 723 1119 754 ι
1160 702 1274 756 Οὑκ
1317 701 1432 755 ἔστι
1473 699 1683 770 θέλημα
1720 698 1814 751 τοῦ
1850 696 2063 767 Πατρός

488 812 590 864 μου
625 793 717 847 τοῦ
747 795 803 848 ἐν
846 797 959 857 τοῖς
990 794 1257 865 οὐρανοῖς,
1293 793 1379 845 ἵνα
1410 790 1676 857 ἀπόληται
1709 787 1788 853 εἷς
1823 789 1928 842 τῶν
1972 806 2061 859 μι-

484 884 634 958 κρῶν
663 887 886 939 τούτων.
936 905 954 936 ι
1002 883 1084 937 Τὰ
1121 884 1178 936 δὲ
1220 884 1347 954 περὶ
1386 882 1495 935 τῶν
1538 882 1732 935 έκατὸν
1776 880 2061 951 προϐάτων

483 976 628 1048 ἔχεις
653 978 732 1040 είς
768 976 867 1039 τὰς
894 974 1034 1028 κατὰ
1062 975 1276 1028 Λουκᾶν
1298 973 1513 1043 ὁμιλίας
1538 971 1667 1041 (8|).

559 1176 578 1206 ‹
627 1154 752 1208 Ἐὰν
803 1156 1027 1229 ἁμάρτῃ
1079 1158 1107 1208 ὁ
1153 1154 1378 1222 ἀδελφός
1416 1170 1531 1215 σου,
1590 1151 1787 1220 ὕπαγε,
1842 1151 2059 1219 ἔλεγξον

480 1246 641 1299 αὑτὸν
681 1246 880 1317 μεταξύ
918 1265 1010 1300 σου
1055 1247 1149 1300 καὶ
1190 1244 1353 1300 αὑτοῦ
1400 1244 1582 1314 μόνου.
1624 1263 1643 1295 ι
1686 1243 1744 1296 Ὀ
1789 1244 1886 1314 μέν
1934 1245 2059 1296 ἐπε-

484 1338 803 1408 ρεισάμενος
846 1340 912 1409 τῇ
955 1337 1119 1404 λέξει,
1162 1334 1604 1408 ὑπερϐάλλουσαν
1651 1334 2059 1405 φιλανθρωπίαν

478 1428 573 1482 τοῦ
619 1426 794 1500 Ἰησοῦ
841 1429 1128 1501 παριστὰς,
1158 1429 1342 1499 φήσει,
1375 1427 1477 1489 ὅτι,
1516 1425 1625 1479 τῶν
1659 1423 1837 1497 ῥητῶν
1869 1425 2056 1494 διαφο-

480 1518 580 1591 ρὰν
613 1520 1022 1592 ἁμαρτημάτων
1051 1520 1150 1590 οὑχ
1180 1517 1607 1581 ὑποϐαλλόντων,
1629 1516 1886 1587 περισσὸν
1908 1517 2058 1586 ποιή-

480 1624 631 1662 σουσι
662 1610 758 1662 καὶ¹
796 1609 947 1681 παρὰ
976 1611 1076 1681 τὴν
1104 1609 1444 1680 χρηστότητα
1470 1607 1563 1662 τοῦ
1603 1606 1778 1680 Ἰησοῦ
1811 1609 1859 1661 οἱ
1890 1625 2056 1679 προσ-

475 1699 836 1765 ὑπακούοντες
867 1700 1091 1754 ἐπὶτῶν
1124 1700 1418 1754 ἐλαττόνων
1449 1700 1863 1771 ἁμαρτημάτων
1882 1698 2055 1752 ταῦτα

475 1790 658 1863 χώραν
688 1791 828 1862 ἔχειν
856 1792 1136 1861 λέγεσθαι·
1168 1792 1325 1855 ἄλλος
1342 1791 1399 1844 δέ
1422 1807 1507 1854 τις
1548 1791 1641 1844 καὶ
1664 1793 1729 1862 τῇ
1756 1790 1898 1855 λέξει
1922 1791 2052 1842 ἐπε-

2166 607 2347 665 pterea
2396 596 2592 650 dicitur
2614 594 2660 626 “
2708 610 2723 647 :
2780 612 2798 644 ι
2835 591 2937 660 Qui
2987 592 3441 649 seandalizaverit
3467 608 3645 646 unum
3670 593 3737 645 de

2165 685 2375 754 pusillis
2406 685 2560 750 istis,
2601 704 2617 735 ι
2655 692 2710 738 et
2734 685 2775 716 ⁸⁷
2808 702 2820 737 :
2862 704 2880 733 ι
2915 681 3033 737 Non
3068 693 3153 739 est
3185 683 3437 739 voluntas
3475 691 3601 737 ante
3633 680 3735 734 Pa-

2165 785 2298 828 trem
2335 791 2409 826 nn
2424 791 2515 828 um
2546 774 2638 843 qui
2673 777 2725 827 in
2754 768 2907 828 caelis
2928 781 3033 839 est,
3068 783 3128 827 ut
3151 781 3335 842 pereat
3363 787 3506 826 unus
3533 771 3605 827 de
3634 787 3733 839 pu-

2163 865 2298 919 sillis
2353 865 2491 919 istis.
2536 883 2553 915 ι
2613 864 2745 930 Quae
2789 874 2967 917 autem
3020 864 3084 918 ad
3130 874 3345 918 centum
3391 877 3519 917 oves
3565 860 3733 932 perti-

2164 963 2321 1017 nent,
2354 969 2417 1006 ea
2469 953 2637 1006 habes
2681 952 2734 1005 in
2789 938 3030 1005 h’omiliis
3070 966 3206 1019 quas
3261 950 3313 1003 in
3355 948 3557 1003 Lucam
3601 962 3732 1002 eous-

2162 1045 2502 1115 scripsimus.

2230 1157 2318 1212 30.
2365 1177 2385 1209 ι
2419 1157 2475 1212 SI
2523 1156 2833 1227 peccaverit
2879 1156 3047 1210 l‘ratcr
3075 1165 3229 1221 tuus,
3279 1154 3411 1208 vade
3440 1162 3492 1207 et
3518 1152 3732 1220 corripe

2161 1250 2337 1319 ipsum
2387 1251 2526 1304 inter
2574 1258 2625 1305 te
2665 1256 2718 1303 et
2769 1250 2945 1318 ipsum
2982 1248 3158 1302 solum
3188 1247 3253 1301 ⁵⁸.
3287 1266 3305 1298 ι
3363 1245 3466 1312 Qui
3495 1244 3728 1299 orationi

2160 1338 2286 1394 huic
2329 1339 2573 1393 animum
2603 1337 2947 1408 applicuerit,
2986 1345 3042 1389 ut
3073 1335 3396 1389 immensam
3428 1332 3556 1388 Jesu
3600 1346 3739 1401 erga

2158 1430 2404 1485 homines
2447 1429 2879 1484 benevolentiam
2921 1428 3222 1499 significet,
3273 1438 3733 1496 supervacaneam

2157 1534 2347 1574 eorum
2382 1536 2602 1590 operam
2635 1535 2756 1574 esse
2800 1519 2975 1586 dicet,
3010 1531 3063 1574 et
3094 1519 3320 1573 bonitati
3351 1516 3480 1572 Jesu
3508 1523 3729 1570 contra-

2158 1611 2325 1676 riam,
2361 1611 2454 1682 qui
2494 1611 2581 1666 his
2627 1611 2807 1666 locum
2858 1612 2914 1665 in
2965 1611 3262 1665 levioribus
3290 1610 3464 1665 solum
3496 1605 3731 1678 peccatis

2158 1703 2323 1758 tribui
2363 1704 2570 1769 volunt,
2621 1718 2745 1758 cum
2792 1713 3140 1774 peccatorum
3175 1701 3533 1757 differentiam
3564 1702 3746 1754 verba

2157 1793 2260 1850 ista
2301 1809 2409 1849 non
2439 1796 2763 1864 exprimant.
2806 1795 2963 1850 Alius
2993 1809 3123 1849 vero
3153 1803 3205 1848 et
3241 1794 3388 1847 hunc
3429 1793 3609 1846 locum
3643 1799 3730 1846 at-

478 1884 803 1956 ρειδόμενος,
852 1887 944 1939 καὶ
1007 1887 1081 1957 μὴ
1138 1884 1336 1950 ἔξωθεν
1360 1889 1366 1895 ”
1394 1882 1832 1956 προσυπακούειν
1885 1882 2045 1935 θέλων

2157 1894 2300 1940 lente
2318 1887 2741 1955 perpendens,et
2767 1900 2874 1940 non
2899 1893 3052 1940 extra
3080 1899 3196 1938 rem
3228 1885 3343 1939 haec
3367 1881 3613 1952 intelligi,
3643 1894 3728 1936 ne-

471 1973 665 2038 ταῦτα,
718 1977 855 2047 μήτε
908 1977 1029 2047 περὶ
1081 1976 1283 2039 παντὸς
1329 1976 1723 2047 ἁμαρτήματος
1775 1973 2050 2043 λέγεσθαι,

472 2068 655 2137 φήσει,
690 2068 772 2120 ὅτι
803 2067 873 2120 τὰ
898 2067 1109 2139 μεγάλα
1147 2069 1329 2120 ἐκεῖνα
1359 2067 1714 2138 ἁμαρτάνων,
1746 2066 1867 2119 οὑδέ
1894 2066 2050 2119 ἁδελ-

470 2158 571 2226 φός
599 2159 737 2221 ἐστι,
772 2159 886 2212 ἀλλ’
921 2161 969 2213 εἰ
1003 2159 1109 2232 ἄρα
1135 2159 1361 2228 ἀδελφὸς
1386 2157 1804 2230 ὀνομαζόμενος,
1834 2157 1910 2221 ὥς
1948 2175 2052 2229 φη-

471 2264 556 2301 σιν
590 2251 619 2302 6
651 2249 1003 2314 Ἀπόστολος·
1060 2270 1079 2302 ι
1130 2251 1254 2304 Ἐἁν
1307 2250 1363 2303 δέ
1400 2268 1484 2314 τις
1521 2236 2052 2320 άδελφδςόνομαζό-

472 2356 650 2409 μενος,
697 2341 730 2412 ἢ
763 2342 979 2413 πόρνος,
1034 2342 1068 2413 ἢ
1110 2341 1459 2412 πλεονέκτης,
1493 2342 1526 2413 ἢ
1562 2340 1971 2414 εἰδωλολάτρης,
2025 2360 2043 2392 ι

468 2433 561 2486 καὶ
610 2432 680 2486 τά
727 2434 897 2504 ἑξῆς,
952 2453 972 2486 ι
1029 2434 1108 2506 τῷ
1160 2434 1386 2506 τοιούτῳ
1446 2435 1581 2506 μηδέ
1630 2433 1930 2487 συνεσθίειν
1958 2450 1972 2465 ο
2024 2453 2042 2486 ι

466 2522 641 2587 οὐδεὶς
679 2523 788 2595 γὰρ
820 2525 1211 2597 εἰδωλολάτρης
1242 2525 1353 2594 (82)
1398 2526 1646 2597 ἁδελφὸς,
1680 2525 1800 2578 οὑδὲ
1828 2526 2044 2597 πόρνος,

464 2613 584 2667 οὑδέ
613 2615 939 2687 πλεονέκτης
962 2634 975 2647 ·
1008 2620 1057 2670 εἰ
1086 2618 1195 2688 γὰρ
1227 2617 1337 2687 ἔχει
1361 2635 1412 2671 τι
1441 2619 1645 2670 τούτων
1666 2617 1836 2670 δοκῶν
1862 2618 2047 2688 φορεῖν

462 2703 522 2755 τὸ
572 2704 809 2775 Χριστοῦ
856 2705 1027 2777 ὄνομα
1060 2708 1287 2777 ἀδελφὸς
1328 2706 1747 2779 ὀνομαζόμενος,
1790 2708 1907 2762 ἀλλ’
1945 2709 2046 2763 οὐκ

461 2792 688 2864 ἀδελφὸς
729 2796 950 2862 ἐνδίκως
995 2797 1062 2853 ἂν
1104 2799 1331 2868 λέγοιτο.
1382 2800 1591 2871 Ὠσπερ
1635 2796 1728 2854 οὖν
1776 2802 2046 2872 φαντασίᾳ

459 2882 554 2935 τοῦ
590 2887 670 2949 εἰς
717 2886 1023 2960 ὑπερϐολὴν
1060 2890 1296 2961 Χριστοῦ
1334 2890 1621 2964 ἐπιτριϐῆς
1652 2891 1765 2960 (85)
1790 2891 2045 2963 ἀφορμὰς

462 2976 719 3045 παρεῖχεν
747 2977 776 3028 6
805 2977 897 3030 ἐπὶ
942 2978 1143 3042 παντὸς
1184 2980 1581 3051 ἁμαρτήματος
1619 2981 1796 3050 λέγων
1837 2982 1906 3035 τὰ
1933 2999 2044 3035 τοι.

457 3063 596 3118 αῦτα
623 3066 896 3138 εἰρῆσθαι,
930 3069 1032 3122 κᾶν
1065 3070 1224 3139 φόνος
1313 3071 1374 3124 τὸ
1408 3072 1787 3145 άμάρτημα,ἢ
1818 3091 2039 3145 φαρμα-

456 3152 570 3216 κία,
610 3153 642 3225 ἢ
685 3155 1064 3230 παιδοφθορία,
1090 3159 1123 3230 ἡ
1154 3176 1207 3212 τι
1233 3160 1343 3213 τῶν
1372 3161 1739 3232 τηλικούτων·
1776 3162 1947 3227 οὕτως
1975 3163 2041 3217 ἐκ

452 3242 549 3297 τοῦ
579 3246 822 3301 ἐναντίου
860 3249 888 3301 6
927 3247 1020 3301 τὸν
1062 3248 1287 3319 ἀδελφὸν
1319 3250 1758 3322 διαστειλάμενος
1789 3251 1897 3306 ἀπὸ
1938 3251 2033 3304 τοῦ

453 3336 851 3409 ὀνομαζομένου
888 3339 1140 3410 ἀδελφοῦ,
1186 3341 1392 3408 διδάξαι
1432 3342 1496 3396 ἂν
1521 3344 1614 3397 ἐπὶ
1643 3343 1886 3397 ἐλάττοσι
1926 3342 2035 3397 τῶν

452 3426 810 3498 ἀνθρωπίνων
851 3431 1267 3502 ἁμαρτημάτων
1311 3433 1385 3504 μὴ
1430 3434 1834 3506 ἐπιστρέψαντα
1897 3432 2034 3506 μετὰ

451 3519 541 3574 τὸν
580 3519 820 3591 ἔλεγχον,
855 3523 932 3585 ὡς
962 3523 1172 3577 ἐθνικὸν
1196 3525 1292 3579 καὶ
1325 3525 1563 3597 τελώνην
1590 3527 1904 3599 λογισθῆναι
1938 3528 2034 3582 ἐπὶ

451 3612 807 3685 ἁμαρτήμασι
834 3617 948 3677 τοῖς
979 3615 1054 3686 μὴ
1081 3633 1099 3666 ι
1140 3616 1277 3688 πρὸς
1315 3616 1563 3682 θάνατον,
1599 3637 1617 3668 ι
1650 3618 1683 3690 ἢ
1716 3617 1792 3681 ὡς
1820 3618 2033 3688 ὠνόμα-

451 3720 543 3759 σεν
590 3706 649 3757 ἐν
699 3704 980 3773 Ἅριθμοῖς
1028 3708 1056 3760 ό
1101 3707 1283 3778 νόμος,
1327 3712 1439 3772 τοῖς
1484 3710 1559 3780 μὴ
1601 3708 1993 3781 θανατηφόροις
2017 3728 2032 3743 ο

445 3798 586 3870 ὅπερ
612 3795 852 3871 meum:
879 3798 1158 3873 ὠμότερον
1183 3800 1468 3871 τυγχάνειν
1486 3818 1500 3828 ’
1532 3802 1593 3856 οὑ
1628 3801 1737 3874 γὰρ
1758 3798 1913 3874 οἶμαι
1941 3822 2032 3858 τα-

445 3888 582 3959 χέως
624 3887 1018 3961 εὑρεθήσεσθαί
1060 3908 1183 3946 τινα
1218 3891 1311 3945 τὸν
1352 3892 1428 3963 μὴ
1467 3892 1589 3964 τρὶς
1629 3893 1722 3945 ἐπὶ
1758 3892 1837 3964 τῷ
1883 3894 2033 3967 αὐτῷ

443 3979 571 4032 εῐδει
599 3980 699 4051 τῆς
732 3980 1005 4053 ἁμαρτίας
1029 3981 1374 4053 ἐλεγχθέντα,
1402 3982 1522 4054 φέρ’
1548 3983 1743 4046 εἰπεῖν,
1767 3982 2026 4057 λοιδορίᾳ,

444 4069 564 4124 καθ’
594 4071 661 4140 ἢν
703 4072 751 4125 οἱ
792 4071 1157 4145 λοιδοροῦντες
1201 4073 1544 4146 δυσφημοῦσι
1583 4075 1710 4138 τοὺς
1758 4074 1948 4140 πέλας,
1980 4076 2034 4128 οῖ

440 4179 501 4215 τε
553 4160 905 4235 θυμούμενοι,
960 4164 995 4237 ἢ
1049 4165 1369 4239 πολυποσίᾳ,
1424 4165 1458 4238 ἢ
1504 4166 1649 4238 λόγῳ
1697 4166 1885 4236 ψευδεῖ
1935 4169 2028 4222 καὶ

2154 1994 2260 2048 que
2287 1980 2354 2034 de
2376 1979 2620 2049 quolibet
2663 1985 2885 2048 peccato
2930 1975 3038 2032 dici
3078 1975 3303 2040 volens,
3354 1973 3449 2044 qui
3489 1970 3726 2041 ingentia

2152 2070 2242 2125 illa
2265 2069 2465 2141 ﬂagitia
2494 2071 2754 2133 admittit,
2807 2084 2931 2125 eum
2978 2084 3046 2123 ne
3087 2067 3310 2122 fratrem
3358 2063 3574 2135 quidem
3602 2076 3727 2118 esse

2151 2161 2329 2227 dicet,
2376 2161 2596 2217 etiamsi
2634 2160 2801 2215 frater
2828 2160 3063 2215 fortasse
3096 2157 3426 2229 appelletur,
3458 2155 3725 2225 quemad-

2152 2255 2374 2309 modum
2407 2254 2483 2309 ait
2514 2252 2811 2324 Apostolus
2837 2254 2880 2286 δ’
2914 2271 2926 2306 :
2969 2270 2986 2303 ι
3019 2250 3076 2305 Si
3104 2250 3152 2305 is
3176 2250 3268 2320 qui
3292 2246 3458 2304 frater
3486 2245 3728 2301 nomina-

2149 2354 2239 2400 tur
2269 2345 2409 2400 inter
2433 2360 2531 2400 vos
2555 2385 2571 2409 ,
2600 2354 2683 2400 est
2712 2344 3030 2407 fornicator,
3065 2350 3157 2396 aut
3186 2356 3381 2395 avarus
3402 2381 3417 2406 ,
3443 2346 3537 2395 aut
3566 2337 3741 2396 idolis.

2148 2437 2414 2502 serviens,
2452 2453 2471 2487 ι
2504 2447 2558 2489 et
2584 2450 2707 2504 qua:
2740 2445 3078 2504 sequuntur,
3121 2453 3139 2483 ι
3174 2447 3297 2486 cum
3329 2429 3597 2500 ejusmodi
3623 2445 3727 2486 nee

2147 2527 2329 2581 cibum
2347 2540 2469 2581 esse
2494 2525 2853 2591 sumendum;
2881 2544 2899 2576 ι
2922 2538 3082 2579 nemo
3098 2523 3241 2579 enim
3273 2518 3433 2577 idolis
3458 2521 3724 2585 serviens,

2146 2616 2232 2672 vel
2268 2615 2583 2683 fornicator,
2612 2615 2697 2671 vel
2727 2631 2927 2670 avarus
2952 2614 3119 2669 frater
3140 2624 3252 2679 est;
3279 2628 3402 2666 nam
3435 2613 3482 2667 si
3514 2611 3719 2681 aliquid

2145 2727 2212 2766 ex
2244 2710 2332 2766 his
2361 2711 2414 2764 in
2449 2725 2509 2765 se
2538 2709 2738 2764 habeat
2765 2708 2858 2778 qui
2895 2708 3199 2778 appellatur
3243 2704 3449 2772 frater,
3482 2713 3535 2760 et
3561 2703 3715 2759 Chri-

2147 2802 2214 2857 sti
2253 2815 2452 2856 nomen
2487 2799 2631 2855 fcrre
2659 2800 2908 2864 videtur,
2947 2798 3112 2853 frater
3158 2804 3336 2852 tamen
3363 2795 3488 2867 jure
3527 2794 3721 2850 merito

2148 2906 2495 2962 nequaquam
2529 2891 2632 2947 dici
2679 2891 2871 2961 possit.
2910 2886 3381 2957 Quemadmodum
3420 2885 3585 2957 igitur
3622 2885 3718 2955 qui

2144 2983 2273 3037 talia
2305 2983 2372 3038 de
2398 2981 2549 3037 omni
2592 2990 2816 3052 peccato
2861 2980 3008 3036 dicta
3041 2994 3164 3034 esse
3208 2977 3556 3049 pronuntiat,
3603 2975 3718 3032 sive

2144 3083 2424 3145 peccatum
2471 3075 2632 3145 611
2683 3073 2811 3128 illud
2860 3073 3033 3128 caules
3080 3071 3183 3134 sit,
3218 3070 3333 3126 sive
3372 3069 3716 3135 veneficium,

2143 3166 2258 3221 sive
2283 3180 2573 3235 puerorum
2600 3175 2847 3233 stuprum
2875 3203 2888 3225 .
2929 3164 3043 3218 sive
3074 3161 3277 3230 aliquid
3303 3161 3480 3215 simile
3503 3202 3518 3225 ,
3550 3173 3714 3216 occa-

2141 3257 2349 3314 sionem
2384 3257 2614 3327 prtebuit
2650 3273 2750 3312 cur
2781 3271 3051 3312 summam
3090 3250 3295 3307 Christi
3324 3252 3635 3322 patientiam
3661 3259 3721 3307 et

2142 3348 2688 3417 procrastinationem
2743 3348 2927 3402 animo
2979 3344 3595 3417 comprehenderemus;
3639 3342 3729 3397 ita'

2139 3441 2447 3496 eeontrario
2478 3440 2573 3511 qui
2618 3439 2839 3494 fratrem
2869 3439 2938 3493 ab
2961 3453 3027 3492 eo
3056 3438 3148 3507 qui
3200 3436 3367 3490 frater
3409 3434 3726 3505 appellatur.

2138 3531 2407 3595 distinxit,
2437 3546 2563 3587 eum
2593 3531 2688 3602 qui
2726 3524 2948 3601 propter
2991 3529 3217 3583 minima
3260 3526 3460 3598 quibus
3487 3524 3733 3580 obnoxii.

2139 3631 2268 3677 sunt
2296 3622 2566 3688 homines,
2596 3631 2720 3692 post
2748 3619 3227 3690 reprehensionem
3252 3632 3359 3671 non
3388 3615 3553 3671 fuerit
3580 3630 3727 3671 conm

2139 3730 2351 3779 versus,
2406 3713 2716 3769 habendum
2750 3727 2872 3768 esse
2916 3713 3077 3767 docet
3115 3726 3214 3781 pro
3257 3708 3478 3766 ethnico
3518 3717 3573 3767 et
3609 3724 3713 3779 pu-

2140 3806 2354 3862 blicano
2373 3845 2391 3873 ,
2435 3813 2656 3875 propter
2683 3812 2905 3874 peccata
2939 3816 3061 3873 quae
3087 3816 3197 3856 non
3227 3818 3247 3853 ι
3281 3800 3346 3855 ad
3376 3807 3607 3854 mortem
3628 3838 3643 3863 ,
3683 3819 3708 3853 ι

2138 3897 2245 3963 vel,
2297 3904 2357 3950 ut
2384 3909 2449 3950 ea
2478 3895 2534 3949 in
2563 3893 2816 3949 Numeris
2846 3893 2932 3949 lex
2978 3892 3240 3963 appellat,
3289 3890 3567 3946 mortifera
3597 3904 3711 3945 non

2137 3995 2296 4054 sunt;
2326 3985 2473 4056 quod
2508 3986 2694 4055 utique
2724 3985 2889 4040 nimis
2916 3984 3136 4040 crudele
3163 3983 3406 4050 videtur;
3435 3997 3534 4038 nec
3559 3981 3705 4037 enim

2138 4077 2295 4135 facile
2340 4091 2674 4148 quemquam
2709 4076 2936 4146 reperiri
2962 4090 3125 4146 posse
3151 4074 3418 4140 arbitror,
3469 4073 3563 4144 qui
3596 4086 3706 4128 non

2136 4178 2217 4224 ter
2248 4168 2319 4223 ob
2345 4167 2487 4222 idem
2511 4182 2667 4222 noxae
2698 4182 2870 4237 genus
2900 4166 3073 4247 fuerit
3093 4166 3436 4236 obiurgatus,
3476 4164 3713 4220 maledi-

1644 4283 1876 4341 VETUS
1910 4285 2495 4342 INTERPRETATIO.

437 4372 561 4459 mei
585 4382 647 4459 ιιι
682 4383 871 4444 pereat
911 4389 1055 4459 unus
1094 4375 1163 4431 de
1202 4376 1416 4459 pusillis
1452 4377 1601 4459 istis.
1623 4396 1656 4459 ,ξ
1712 4378 1904 4459 Qualis
1935 4388 2114 4436 autem
2152 4379 2525 4459 expositio-sit
2551 4380 2751 4443 verior,
2779 4390 2850 4459 et_
2867 4390 2924 4435 tu
2955 4380 3101 4459 sicut
3134 4376 3701 4459 potuerisjudicahis.

439 4440 770 4527 ΡοιιιθιιιιίιοΔ
793 4445 1108 4527 parabolam
1149 4440 1397 4516 sequitur
1436 4448 1505 4527 de
1540 4440 2024 4527 ovibtts'_centum,
2056 4461 2110 4527 et
2151 4440 2258 4505 una
2296 4466 2360 4506 ex
2407 4451 2488 4527 eis
2531 4460 2711 4527 errata
2737 4440 2942 4519 pariter
2980 4459 3045 4527 _et
3075 4440 3317 4527 inventa.
3363 4440 3518 4503 Hanc
3552 4448 3697 4527 sicut

441 4515 1134 4599 potuim‘usnractav‘i'mus,
1178 4515 1893 4599 eipon-etiteslgvangelium
1939 4515 2083 4590 quod
2111 4520 2539 4599 est-secundum
2568 4515 2794 4599 Lucam,
2826 4521 3087 4599 quoniam
3127 4529 3191 4599 et_
3222 4521 3312 4599 ille
3351 4531 3564 4599 memor
3601 4515 3707 4599 fuit

437 4583 706 4661 parabolae
731 4583 915 4661 hyjus.
951 4582 1030 4639 Ne
1057 4599 1189 4656 ergo
1217 4582 1460 4661 repetere
1489 4582 1793 4654 videam'ur,
1830 4589 1920 4644 hic
1949 4582 2427 4661 praetermittentes
2456 4582 2882 4661 transmittimu's
2909 4591 2976 4645 ad
3003 4590 3404 4660 expositionem
3426 4586 3707 4659 Evangelii

433 4652 731 4735 secundum
767 4652 993 4735 lineam,
1023 4652 1243 4735 omnem
1279 4652 1576 4735 volentem_
1614 4652 1966 4735 cognoscere"
1987 4662 2117 4727 quid
2138 4661 2486 4735 senserimus
2525 4659 2580 4713 in
2609 4660 2713 4714 ista
2745 4661 3029 4735 parabola.

502 4721 593 4776 30.
642 4741 663 4775 ι
688 4721 746 4775 in
777 4723 871 4799 illo
905 4733 1168 4799 tempore,
1194 4727 1334 4799 dixit
1354 4725 1514 4799 Iesus
1538 4721 1711 4782 Petri;
1732 4745 1744 4781 :
1783 4726 1840 4799 Si
1873 4721 2179 4799 peccaverit
2219 4730 2274 4785 in
2308 4738 2360 4785 te
2402 4728 2570 4784 frater
2600 4721 2763 4794 tuus;
2783 4732 2921 4785 vade
2962 4739 3018 4786 et
3050 4729 3265 4799 corripe
3292 4743 3419 4784 eum
3470 4727 3613 4799 inter
3648 4735 3705 4782 te

431 4804 486 4845 et
515 4793 925 4869 ipsum_solum.
959 4791 1105 4869 Si'_te
1130 4795 1384 4869 audierit,
1419 4797 1751 4869 lucraﬁtus‘es
1794 4791 2017 4854 fratrem
2064 4810 2244 4856 tuum.
2297 4799 2356 4854 Si
2389 4809 2572 4854 autem
2629 4791 2742 4854 non
2766 4800 3030 4869 audierit,
3061 4798 3188 4855 adhi

3305 4808 3483 4854 tecum
3521 4797 3702 4852 adhuc

433 4860 602 4946 gnum
623 4860 713 4944 _vel
744 4864 903 4946 duos,
928 4873 994 4946 ‘ut
1028 4863 1210 4946 irLere
1237 4866 1471 4946 duorum
1498 4868 1582 4921 vel
1618 4866 1785 4946 trium
1820 4869 2041 4946 testium
2084 4878 2193 4946 stet
2238 4885 2413 4946 omne
2440 4870 2688 4924 verbum.
2734 4868 2906 4946 Quod
2952 4860 3154 4946 si'nop
3179 4867 3425 4946 _audierit
3458 4882 3584 4946 eos1
3611 4866 3703 4920 dic

430 4928 707 5015 Ecclesiae.
741 4931 811 5015 ‘Si
850 4942 1032 4988 autem
1065 4932 1363 5015 Eeclesiam
1405 4952 1513 4991 non
1557 4936 1810 5003 audierit,
1843 4939 1914 5015 sit
1947 4940 2060 5015 tibi
2082 4941 2227 5015 sicgt
2265 4939 2521 5015 ethnicus
2574 4950 2628 5015 et
2656 4928 3001 5015 publicanus.
3035 4958 3055 4991 ι
3089 4937 3389 5015 Videamus
3439 4951 3510 4992 ne
3557 4934 3701 5015 forte

428 5002 698 5084 sententia
741 5002 857 5058 haec
905 5018 1012 5075 non
1053 5003 1122 5058 de
1158 5018 1490 5076 quocunque
1530 5015 1757 5084 peccato
1796 5002 1974 5076 posita
2017 5011 2109 5065 sit.
2154 5011 2313 5076 Quod
2347 5002 2771 5084 si_aliquis'qui
2806 5012 3126 5084 nominatur
3172 5007 3359 5073 frater,
3390 5006 3711 5084 peccaverit

426 5071 847 5157 aliqnidleorum
880 5071 1231 5157 peccatqruin
1261 5071 1634 5157 quaa'su-nt'ad
1662 5071 1921 5157 mortem,
1978 5071 2586 5157 utputa'rnaseulorum
2623 5071 2947 5136 concubitor
2972 5088 3057 5135 est
3090 5078 3286 5157 factus,
3343 5071 3439 5132 aut
3460 5076 3721 5157 adultae,

426 5149 520 5194 aut
554 5140 855 5207 homicida,
877 5140 972 5197 aut
1001 5144 1205 5211 mollis,
1241 5140 1489 5215 nunquid
1520 5155 1576 5201 et
1607 5146 1774 5202 istum
1810 5140 1972 5203 talem
2004 5140 2148 5205 sicut
2175 5149 2411 5221 aliquem
2444 5152 2659 5207 modica
2691 5158 3008 5220 peccantem
3040 5140 3279 5205 rationis
3294 5157 3380 5203 est
3411 5156 3473 5202 ut
3503 5140 3719 5217 arguat.

497 5269 547 5304 ”
582 5278 779 5335 Ezech.
813 5296 1009 5336 χχχιιι.
1106 5284 1154 5315 ⁸⁸
1189 5281 1380 5338 Matth.
1421 5298 1575 5353 xvm,
1602 5284 1655 5340 6.

495 5416 606 5487 (81)
645 5418 844 5494 ’ξΕχεις
869 5422 957 5486 εις
977 5422 1083 5488 τὰς
1110 5423 1261 5494 κατὰ
1286 5423 1527 5494 Λουκᾶως
1553 5426 1812 5493 ὁμιλίας.
1852 5426 2001 5494 Qua-

1755 5287 1800 5320 "
1839 5288 1974 5344 ibid.
2003 5286 2090 5344 l4.
2169 5290 2219 5322 “’
2253 5289 2385 5345 ibid.
2413 5289 2499 5343 l5.
2576 5289 2620 5323 δ’
2659 5286 2832 5345 lCor.
2865 5305 2916 5354 ν,
2941 5290 3029 5344 li.

2185 5429 2299 5499 (85)
2346 5429 2454 5483 Τοῦ
2474 5431 2564 5500 εἰς
2581 5430 2926 5499 ὑπερϐολὴν
2945 5432 3203 5500 Χριστοῦ
3220 5427 3544 5499 ἐπιτρισῆς.
3584 5429 3693 5486 [Jo—

425 5487 986 5576 tittgtlltllltlfiSlﬁuE
1000 5487 1084 5576 'in.
1122 5493 1372 5576 iianuas
1418 5494 1474 5575 in
1501 5487 1707 5576 Lucam
1738 5487 2004 5554 habemus

2148 5487 2321 5564 θ’τοῦ,
2357 5502 2473 5569 lege
2519 5487 3200 5576 τῆς.’1ξπιτριῦῆς’θιιιθιιι
3242 5502 3293 5576 si
3324 5487 3514 5555 modo'
3538 5500 3699 5557 locus

426 5557 665 5642 hominis
690 5558 941 5628 vestigia.
969 5559 1121 5618 Unde
1161 5557 1376 5634 aliquas
1419 5564 1759 5621 intercidisse
1790 5577 2002 5623 certum
2108 5587 2278 5642 sanus
2302 5557 2748 5642 estiusnrpatum
2775 5557 2904 5642 puto
2928 5557 3028 5639 pro
3050 5570 3699 5642 6_tarpt6ﬁ;,quanquam

424 5636 525 5679 est.
560 5625 827 5681 Hunnus.

2111 5641 2261 5711 nullo
2286 5647 2530 5711 auctore.
2563 5637 2668 5711 Qui
2696 5637 2944 5694 meliora
2963 5637 3225 5709 proferet,
3255 5637 3508 5711 magnam
3539 5637 3700 5695 ante

498 5696 611 5765 (82)
649 5695 833 5753 Codex
885 5694 1118 5767 Regius,
1163 5701 1265 5756 οὐκ
1313 5701 1459 5759 ἐστιν
1509 5703 1681 5770 οὐδεὶς
1715 5706 2004 5761 εἰδωλολάς

2150 5709 2266 5765 tibit
2294 5709 2541 5780 gratiam.
2574 5694 2653 5764 Ῐο.

425 5782 579 5836 τρης.
