4146 6454
440 346 573 401 H75

1922 341 2253 398 ORIGENIS

3547 344 3690 400 H76

437 463 531 530 cti,
580 460 733 517 verbi
759 460 956 531 gratia,
989 468 1100 529 quo
1126 456 1403 521 maledici,
1439 456 1521 511 vel
1552 456 1648 527 qui
1677 457 1759 512 ira
1806 470 2009 511 excan-

2120 453 2293 525 ἀργῷ,
2326 454 2363 525 η
2389 471 2495 507 τινι
2519 453 2628 507 τῶν
2660 455 2718 507 ὲν
2742 456 2858 518 τοῖς
2900 454 3134 518 πολλοῖς.
3163 455 3425 527 Ζητήσεις
3453 450 3545 511 οὖν
3586 459 3694 531 pd)-

438 553 702 615 descunt,
748 551 1181 620 propinquorum
1212 548 1419 602 nomini
1450 548 1773 613 detrahunt;
1818 546 1898 600 vel
1932 546 2012 597 vi-

442 646 724 708 nulentiae;
757 642 838 696 vel
866 641 1134 696 orationis
1178 640 1460 695 mendacis
1486 647 1540 693 et
1564 639 1789 703 otiosae,
1816 639 1899 692 vel
1929 639 2011 692 al-

440 738 612 793 terius
635 734 941 804 cuiuspiam
976 734 1148 803 culpa:
1181 749 1245 787 ex
1286 733 1355 788 iis
1380 748 1501 802 qua:
1525 732 1714 787 multis
1744 730 2013 785 inhazrere

440 825 635 880 solent.
693 823 914 889 Quieres
962 823 1127 892 igitur
1158 837 1338 875 annon
1370 822 1553 891 aliqua
1581 822 1726 875 circa
1753 821 1899 874 hunc
1927 821 2011 874 lo-

436 931 560 969 cum
604 928 700 968 eos
741 922 1023 983 praetereat
1065 913 1407 977 observatio,
1443 912 1537 983 qui
1568 913 1633 967 ad
1665 910 1822 967 Verbi
1856 910 2012 965 beni-

436 1006 697 1077 gnitatem
744 1005 1084 1060 attendentes
1119 1005 1172 1057 in
1204 1003 1580 1059 condonandis
1624 1003 1879 1058 maximis
1918 1002 2014 1056 fla-

435 1099 763 1169 gitiosorum
808 1097 1133 1154 criminibus
1164 1095 1352 1151 faciles
1385 1110 1445 1151 se
1479 1095 1629 1162 dant,
1679 1105 1733 1149 et
1762 1110 1857 1149 eos
1884 1094 2012 1148 item

434 1192 530 1261 qui
558 1192 612 1246 in
641 1191 884 1247 minimis
912 1205 1011 1260 pro
1038 1188 1258 1244 ethuico
1289 1197 1343 1243 et
1382 1188 1670 1258 publicano
1702 1185 2011 1240 habendum

419 1298 557 1355 esse
579 1284 800 1348 docent,
852 1293 906 1338 et
937 1284 1004 1338 ab
1032 1282 1272 1338 Ecclesia
1318 1291 1604 1351 segregant
1631 1279 1794 1333 trium
1828 1277 1907 1333 vel
1933 1278 2011 1332 le-

436 1372 584 1428 vium
622 1390 888 1428 noxarum
923 1387 1074 1427 reum
1111 1390 1124 1426 :
1159 1370 1304 1440 quod
1339 1380 1516 1424 autem
1563 1378 1827 1437 utrosque
1854 1365 2011 1436 fugit,

437 1467 544 1522 tale
593 1467 727 1521 mihi
774 1465 987 1520 videtur
1033 1481 1180 1530 esse;
1231 1473 1518 1534 postquam
1566 1462 1726 1515 verba
1774 1461 1886 1513 haec
1913 1458 2010 1513 "z

442 1578 462 1610 ι
494 1556 764 1613 Lucratus
788 1558 896 1612 eris
920 1556 1138 1611 fratrem
1165 1565 1341 1619 tuum,
1370 1574 1388 1605 ›
1414 1553 1480 1608 ad
1507 1569 1631 1607 eum
1662 1550 2013 1606 solummodo

437 1649 533 1720 qui
563 1649 960 1719 obtemperavit
986 1648 1255 1718 pertinere
1287 1644 1583 1699 declaravit
1614 1641 1874 1708 Verbum,
1903 1657 2013 1696 non

421 1744 583 1800 ‘idem
618 1758 717 1814 pro
749 1757 815 1797 eo
844 1742 1080 1811 amplius
1124 1739 1338 1809 repetiit
1389 1738 1482 1809 qui
1532 1738 1615 1792 bis
1646 1747 1793 1791 terve
1822 1751 2014 1807 pecca—

2115 560 2245 597 ποτε
2278 544 2526 598 λανθάνει
2566 563 2652 609 τις
2694 545 2835 600 κατὰ
2878 547 2969 600 τὸν
2998 547 3160 599 τόπον
3188 548 3417 618 τήρησις
3450 549 3540 601 καὶ
3569 551 3698 616 τοὺς

2115 637 2388 708 φαντασίᾳ
2413 638 2511 708 τῆς
2540 637 2633 691 τοῦ
2663 638 2835 707 Λόγου
2875 638 3241 710 χρηστότητος
3270 638 3363 691 καὶ
3395 639 3532 710 πρὸς
3572 641 3700 706 τοὺς

2117 729 2188 781 τὰ
2223 729 2454 799 μέγιστα
2506 731 2895 800 ἡμαρτηκότας
2941 728 3002 782 τὸ
3041 731 3484 800 συγγνωμονικόν
3527 730 3701 785 διδόν-

2112 836 2236 883 τας,
2278 818 2372 872 καὶ
2406 819 2533 883 τοὺς
2574 820 2665 872 ἐπὶ
2693 823 2806 883 τοῖς
2841 819 3141 890 ἐλαχίστοις
3176 819 3526 882 διδάσκοντας
3554 820 3702 890 λογί-

2114 909 2302 975 ζεσθαι
2350 910 2425 973 ὡς
2453 911 2663 965 ὲθνικὺν
2697 911 2790 964 καὶ
2836 908 3096 981 τελώνην,
3145 911 3238 964 τὸν
3288 912 3429 982 μετά
3469 914 3592 985 τρὶς
3631 914 3701 970 τά

2116 1000 2421 1074 βραχύτερα
2446 1002 2803 1074 ἡμαρτηκότα
2828 1001 3107 1072 ἀλλότριον
3141 1002 3428 1068 ποιοῦντας
3450 1005 3549 1075 τῆς
3581 1006 3705 1060 Ἐκ-

2114 1095 2344 1165 κλησίας
2366 1113 2380 1126 ·
2416 1096 2478 1149 τὸ
2502 1096 2557 1149 δὲ
2580 1096 2840 1149 λανθάνον
2873 1096 3167 1165 ἑκατέρους
3194 1097 3433 1151 τοιοῦτόν
3458 1116 3550 1169 μοι
3574 1100 3704 1169 φαί-

2114 1204 2263 1241 νεται
2284 1204 2297 1216 ·
2326 1186 2419 1240 τό’
2454 1207 2472 1239 ι
2525 1187 2849 1260 Ἐκέρδησας
2894 1186 2986 1240 τὸν
3020 1179 3248 1256 ἀδελφόν
3276 1206 3392 1254 σου,
3428 1209 3446 1241 ι
3484 1189 3577 1242 ἐπὶ
3608 1190 3705 1244 τοῦ

2118 1279 2279 1349 μόνου
2307 1278 2637 1343 ἀκούσαντος
2670 1279 2837 1346 τάξας
2865 1283 2894 1335 ό
2926 1281 3117 1350 Λόγος,
3151 1281 3333 1335 οὐκέτι
3354 1281 3486 1334 αὐτὸ
3512 1282 3707 1352 ἔθηκεν

2115 1370 2207 1424 ἐπὶ
2238 1369 2330 1423 τοῦ
2361 1370 2611 1443 δεύτερον
2639 1372 2671 1444 ἢ
2703 1372 2885 1443 τρίτον
2916 1375 3265 1438 πταίσαντος,
3297 1374 3390 1427 κα)⁵
3423 1373 3707 1445 ἐλεγχθέν-

2115 1479 2225 1524 τος,
2265 1461 2378 1515 ἀλλ’
2417 1461 2659 1534 ὡσπερεὶ
2697 1464 2968 1537 μετέωρον
3008 1466 3161 1520 εἴασε
3200 1464 3262 1519 τὸ
3288 1466 3552 1534 ἀνάλογον
3588 1465 3704 1537 τῷ’

2121 1572 2141 1603 ι
2181 1551 2513 1623 Ἐκέρδησας
2543 1553 2633 1606 τὸν
2667 1553 2896 1623 ἀδελφόν
2941 1571 3055 1620 σου,
3090 1575 3107 1606 ι
3147 1554 3548 1625 λεχθησόμενον
3579 1557 3707 1627 περὶ

2114 1643 2208 1696 τοῦ
2247 1644 2496 1716 δεύτερον
2531 1645 2563 1716 ἢ
2605 1647 2787 1721 τρίτον
2821 1646 3186 1718 ἐλεγχθέντος.
3238 1649 3311 1700 Ού
3344 1649 3561 1712 πάντως
3610 1645 3705 1703 οῦν

2117 1738 2457 1810 κερδαίνεται
2486 1737 2604 1790 οὐδὲ
2641 1737 2857 1802 πάντως
2882 1738 3184 1803 ἀπολεῖται,
3218 1740 3251 1811 ἢ
3300 1740 3515 1811 πληγὰς
3543 1741 3709 1813 λήψε-

437 1837 596 1898 vcrit,
618 1812 685 1888 vet
717 1834 811 1904 qui
837 1832 1157 1903 obiurgatus
1186 1829 1366 1896 fuerit,
1418 1829 1512 1884 sed
1541 1829 1687 1899 quod
1716 1828 1801 1882 his
1835 1828 2014 1881 verbis

2120 1847 2233 1884 ται,
2271 1832 2379 1885 Καὶ
2415 1832 2651 1903 πρόσχες
2680 1833 2954 1903 ἐπιμελῶς
2985 1833 3064 1904 τῷ
3097 1832 3297 1905 πρώτῳ
3331 1834 3426 1903 μὲν
3455 1812 3703 1903 λέγοντι·

437 1924 730 1995 respondet
759 1942 773 1979 :
812 1943 830 1974 ι
864 1922 1135 1978 Lucratus
1178 1922 1289 1977 eris
1318 1920 1542 1975 fratrem
1583 1930 1734 1975 tuum
1756 1961 1771 1986 ,
1804 1939 1821 1971 ι
1859 1918 2016 1990 quasi

436 2033 763 2088 suspensum
801 2015 1040 2087 reliquit,
1095 2014 1353 2084 quodque
1395 2013 1463 2074 de
1501 2028 1579 2067 eo'
1610 2013 1703 2082 qui
1756 2012 1841 2067 bis
1873 2021 2019 2065 terve

437 2109 605 2165 fuerit
634 2107 977 2179 objurgatus,
1002 2105 1293 2161 dicendum
1321 2114 1457 2159 erat.
1495 2102 1613 2159 Non
1639 2105 1864 2158 omnino
1887 2116 2017 2172 ergo

440 2197 675 2264 lucrifit,
724 2212 899 2267 neque
934 2195 1159 2250 omnino
1203 2195 1420 2266 peribit,
1463 2194 1702 2265 plagisve
1733 2194 2010 2263 plectetur.

439 2291 747 2359 Quinetiam
777 2289 1014 2359 priorem
1045 2288 1222 2342 locum
1250 2286 1537 2358 diligenter
1568 2288 1877 2349 considera.
1923 2287 2014 2358 qui

439 2384 569 2440 talis
606 2391 689 2436 est
737 2399 751 2436 :
801 2398 820 2431 ι
868 2378 925 2434 Si
976 2389 1028 2434 te
1075 2379 1343 2443 audierit,
1392 2378 1638 2434 lucratus
1688 2395 1749 2434 es
1793 2377 2015 2434 fratrem

441 2481 631 2538 tuum;
664 2491 683 2523 ι
733 2479 788 2525 et
836 2472 1064 2525 alterum
1104 2469 1396 2538 Scriptura:
1429 2470 1607 2525 locum
1642 2472 1736 2541 qui
1787 2473 1867 2526 sic
1918 2472 2017 2526 ha—

437 2562 531 2620 bet
562 2563 604 2594 ⁸¹
644 2578 658 2615 :
713 2579 732 2612 ι
778 2558 835 2613 Si
865 2568 1045 2613 autem
1080 2566 1132 2612 te
1162 2573 1270 2612 non
1306 2559 1562 2627 audierit,
1606 2560 1802 2614 adhibe
1837 2569 2014 2616 tecum

438 2654 622 2711 adhuc
650 2668 820 2706 unum
863 2653 945 2706 vel
973 2651 1083 2706 duo
1105 2689 1121 2714 ,
1156 2658 1215 2704 ut
1256 2650 1310 2704 in
1342 2666 1437 2705 ore
1466 2650 1700 2705 duorum
1738 2651 1819 2706 vel
1851 2653 2013 2707 trium

439 2746 659 2802 testium
699 2752 805 2800 stet
848 2759 1009 2799 omne
1036 2744 1296 2808 verbum;
1332 2761 1352 2794 ι
1391 2742 1522 2814 quid
1550 2758 1680 2814 ergo
1706 2744 1791 2799 bis
1829 2744 2018 2815 objur-

438 2847 564 2908 gato
608 2837 891 2901 continget
934 2845 1222 2906 postquam
1266 2836 1320 2889 in
1359 2849 1454 2890 ore
1482 2834 1716 2889 duorum
1741 2836 1826 2891 vel
1852 2838 2016 2892 trium

440 2930 660 2985 testium
704 2927 914 2984 steterit
961 2942 1124 2983 omne
1162 2928 1424 2995 verbum,
1474 2928 1637 2983 nobis
1665 2927 2015 3000 cogitandum

440 3021 733 3091 relinquit;
798 3027 854 3075 et
898 3036 1120 3074 rursum
1149 3020 1195 3051 "
1229 3037 1244 3075 :
1285 3039 1304 3071 ι
1338 3020 1495 3085 Quod
1543 3021 1590 3076 si
1639 3035 1749 3074 non
1783 3021 2017 3077 audierit

438 3122 605 3169 testes
630 3128 747 3176 eos,
788 3131 807 3165 ι
841 3113 1089 3169 videlicet
1123 3123 1249 3168 ante
1281 3114 1557 3169 adhibitos
1578 3154 1594 3180 ,
1631 3132 1651 3165 ι
1682 3116 1788 3182 dic,
1817 3115 2012 3185 inquit,

442 3203 699 3261 Ecclesiae
727 3225 740 3261 :
774 3225 794 3258 ι
833 3220 935 3261 nec
963 3205 1163 3277 adjecit
1188 3207 1320 3277 quid
1353 3208 1426 3262 illi
1474 3207 1600 3273 fiet,
1640 3208 1684 3261 si
1721 3209 2014 3263 Ecclesiam

441 3312 550 3352 non
601 3296 857 3361 audierit,
893 3298 986 3353 sed
1039 3299 1225 3354 docuit
1274 3315 1374 3370 pro
1403 3300 1622 3355 ethuico
1666 3300 1812 3355 hunc
1861 3301 2016 3355 dein-

440 3407 572 3462 ceps
593 3398 647 3446 et
673 3390 963 3461 publicano
985 3391 1054 3446 ab
1075 3408 1141 3446 eo
1165 3392 1473 3446 habendum
1504 3407 1625 3447 esse
1646 3392 1738 3462 qui
1767 3402 1847 3446 ter
1865 3392 2018 3449 illum

440 3484 704 3554 arguerit,
733 3500 834 3542 nec
858 3483 1021 3538 fuerit
1035 3484 1276 3551 auditus,
1295 3483 1518 3555 sisla
1532 3482 1789 3539 Ecclesiae
1808 3500 2014 3540 morem

444 3592 553 3632 non
582 3577 811 3646 gesserit
840 3592 855 3634 :
897 3590 1007 3630 non
1048 3576 1273 3631 omnino
1295 3591 1426 3648 ergo
1453 3575 1672 3643 lucriﬂt,
1693 3592 1869 3646 neque
1899 3575 2024 3630 fun-

441 3669 594 3724 ditus
614 3669 833 3740 peribit.
871 3667 941 3722 At
971 3668 1104 3739 quid
1140 3667 1357 3723 tandem
1389 3684 1658 3738 passurus
1681 3669 1752 3723 sit
1781 3671 1873 3738 qui
1913 3669 2024 3738 pri-

448 3773 594 3813 mum
644 3759 955 3815 audientem
1005 3773 1065 3813 se
1112 3772 1219 3813 non
1271 3757 1522 3827 praebuit,
1553 3758 1751 3828 cuique
1793 3759 2022 3814 testibus

445 3864 585 3918 opus
636 3849 760 3914 fuit,
812 3849 896 3903 vel
938 3849 1032 3920 qui
1064 3849 1323 3918 neglectis
1355 3850 1421 3904 iis
1446 3850 1512 3903 ad
1539 3848 1836 3904 Ecclesiam
1868 3849 2020 3904 dela-

448 3949 539 3999 tus
565 3940 687 4005 fuit,
725 3941 868 3999 Deus
900 3942 1140 4008 noverit;
1177 3959 1278 3997 nos
1304 3951 1485 3998 autem
1514 3957 1622 3997 non
1652 3942 2019 4009 declaramus,

2125 1941 2142 1973 ι
2184 1924 2309 1977 Ἐάν
2359 1942 2450 1976 σου
2489 1924 2719 1995 ἀκούσῃ,
2757 1925 3057 1996 ἐκέρδησας
3099 1927 3191 1979 τὸν
3234 1926 3460 1995 ἀδελφόν
3505 1943 3632 1978 σουο
3682 1946 3707 1978 ι

2118 2014 2196 2085 τῷ
2223 2015 2278 2067 δὲ
2305 2014 2543 2086 δευτέρῳ
2565 2016 2705 2068 κατὰ
2728 2016 2825 2086 τὴν
2849 2016 2992 2081 λέξιν
3020 2018 3171 2089 τόπῳ
3204 2018 3473 2088 φάσκοντι
3490 2034 3505 2048 ·
3543 2038 3560 2070 ι
3584 2018 3707 2071 Ἐὰν

2117 2109 2172 2162 δὲ
2212 2107 2286 2179 μὴ
2316 2106 2545 2180 ἀκούσῃ,
2575 2107 2860 2174 παράλαϐε
2889 2107 3026 2179 μετά
3059 2108 3285 2161 σεαυτοῦ
3313 2109 3408 2161 ἕνα
3433 2109 3464 2181 ἦ
3488 2108 3601 2171 δύο,
3623 2110 3710 2164 ῖνα

2120 2201 2215 2255 ἐπὶ
2243 2200 2507 2269 στόματος
2539 2198 2632 2251 δύο
2661 2198 2694 2269 ἣ
2726 2199 2892 2270 τριῶν
2924 2200 3215 2272 μαρτύρων
3248 2200 3576 2272 σταθήσεται
3601 2204 3709 2258 πᾶν

2120 2292 2273 2364 ῥῆμα
2304 2291 2436 2362 (84).
2483 2311 2501 2343 ι
2540 2291 2606 2344 Τί
2628 2287 2722 2344 οὖν
2750 2290 2891 2362 μετά
2923 2293 2984 2346 τὸ
3011 2292 3274 2362 σταθῆναι
3306 2295 3413 2347 πᾶν
3445 2294 3595 2365 ῤ’ήμα
3618 2296 3711 2348 ἐπὶ

2117 2381 2210 2435 δύο
2241 2382 2274 2452 ἢ
2316 2381 2483 2452 τριῶν
2532 2382 2826 2454 μαρτύρων
2856 2382 3007 2436 ἔσται
3040 2381 3117 2453 τῷ
3154 2382 3403 2454 δεύτερον
3454 2383 3711 2455 νουθετη-

2119 2473 2285 2537 θέντι,
2328 2476 2461 2544 ἡμῖν
2494 2476 2695 2528 ἐννοεῖν
2729 2474 3086 2528 καταλέλοιπε
3110 2492 3124 2506 ο
3161 2475 3254 2528 καὶ
3287 2476 3481 2529 πάλιν·
3522 2496 3541 2528 r
3587 2477 3712 2530 Ἐὰν

2119 2563 2445 2637 παρακούσῃ
2481 2563 2682 2627 αὐτῶν,
2725 2585 2742 2615 ι
2781 2564 2940 2635 δῆλον
2974 2565 3020 2619 δ’
3059 2567 3142 2619 ὅτι
3180 2567 3289 2619 τῶν
3326 2568 3712 2640 παραληφθέν-

2117 2675 2225 2731 των
2268 2655 2592 2730 μαρτύρων,
2635 2677 2652 2709 ι
2695 2653 2865 2721 εἶπον,
2900 2658 3053 2729 φησὶ,
3094 2663 3161 2731 τῇ
3198 2659 3527 2732 Ἐκκλησία·
3565 2680 3588 2712 ι
3618 2661 3714 2715 καὶ

2117 2749 2218 2805 οὐκ
2262 2745 2385 2803 εἷπε
2436 2749 2488 2801 τί
2552 2749 2819 2812 πείσεται,
2878 2749 2974 2803 ὲάν
3036 2750 3111 2820 μὴ
3173 2750 3382 2824 ἀκούσῃ
3434 2751 3536 2822 τῆς
3589 2753 3715 2806 Ἐκ-

2118 2841 2378 2913 κλησίας,
2439 2840 2552 2895 ἀλλ’
2591 2841 2859 2906 ἐδίδαξεν,
2925 2843 3007 2896 ὅτι
3071 2842 3166 2897 ἐὰν
3222 2844 3321 2913 τῆς
3383 2844 3714 2915 Ἐκκλησίας

2118 2933 2466 3007 παρακούσῃ,
2511 2933 2592 2986 δεῖ
2625 2934 2791 2988 αὑτὸν
2834 2931 2973 2988 εἶναι
3016 2933 3093 3005 τῷ
3140 2935 3260 3006 τρὶς
3303 2936 3712 3005 νουθετήσαντι,

2119 3026 2215 3079 καὶ
2251 3026 2325 3097 μὴ
2353 3027 2672 3080 ἀκουσθέντι
2696 3027 2834 3100 πρὸς
2861 3028 2920 3080 τὸ
2943 3027 3129 3081 λοιπὸν
3152 3027 3227 3092 ὡς
3256 3028 3347 3081 τὸν
3375 3027 3589 3082 ὲθνικὸν
3622 3028 3715 3082 καὶ

2048 3150 2090 3207 C
2122 3115 2394 3188 τελώνην’
2429 3117 2490 3170 οὐ
2536 3118 2753 3181 πάντως
2795 3114 2887 3172 οῦν
2932 3119 3294 3190 κερδαίνεται,
3336 3119 3457 3173 οὐδὲ
3497 3120 3715 3182 πάντως

2124 3207 2402 3262 ἀπολεῖται
2424 3224 2438 3239 ⁸
2491 3208 2604 3261 ἀλλ’
2647 3210 2675 3262 ὅ
2716 3228 2766 3263 τι
2813 3210 2941 3263 ποτὲ
2993 3210 3241 3264 πείσεται
3282 3212 3311 3264 ό
3347 3212 3407 3264 τὸ
3451 3212 3713 3283 πρότερον

2128 3300 2228 3370 μὲν
2257 3300 2330 3371 μὴ
2365 3301 2625 3363 ἀκούσας,
2664 3300 2957 3373 μαρτύρων
2984 3301 3041 3354 δὲ
3065 3300 3298 3371 δεηθεὶς,
3329 3301 3362 3371 ἢ
3395 3302 3487 3355 καὶ
3509 3301 3717 3356 τούτων

2128 3391 2502 3464 παρακούσας,
2541 3394 2633 3445 ἐπὶ
2660 3394 2756 3466 τὴν
2799 3393 3126 3464 Ἐκκλησίαν
3158 3393 3214 3447 δὲ
3258 3393 3465 3465 ἀχθεὶς,
3500 3397 3528 3448 ὁ
3568 3394 3703 3460 Θεὸς

2127 3485 2193 3539 ἂν
2223 3486 2388 3555 εἰδείη
2417 3504 2430 3516 ’
2471 3488 2636 3556 ἡμεῖς
2681 3486 2790 3557 γὰρ
2832 3488 2935 3540 οὐκ
2982 3486 3397 3558 ἀποφαινόμεθα
3441 3486 3584 3541 κατὰ
3614 3489 3712 3541 τό·

2132 3596 2150 3627 ι
2199 3577 2288 3647 Μὴ
2333 3578 2566 3649 κρίνετε,
2597 3578 2684 3631 ἵνα
2726 3579 2801 3649 μὴ
2848 3578 3093 3649 κριθῆτε,
3128 3578 3232 3640 ἕως
3269 3578 3334 3631 ἂν
3375 3577 3503 3652 ἔλθῃ
3530 3578 3643 3649 (85)
3686 3580 3715 3632 ὁ

2127 3668 2353 3739 Κύριος,
2379 3667 2439 3731 ὃς
2480 3670 2574 3722 καὶ
2607 3669 2832 3738 φωτίσει
2873 3669 2941 3722 τά
2973 3666 3193 3740 κρυπτά
3217 3667 3312 3720 τοῦ
3344 3668 3587 3731 σκότους,
3620 3666 3719 3722 καὶ

2125 3758 2429 3830 φανερώσει
2469 3759 2566 3824 τὰς
2613 3759 2810 3830 βουλὰς
2848 3760 2954 3815 τῶν
2988 3759 3244 3831 καρδιῶν.
3299 3779 3317 3811 ι
3360 3761 3506 3832 Πρὸς
3551 3761 3609 3813 δὲ
3653 3760 3717 3813 τὸ

2125 3852 2315 3906 δοκοῦν
2349 3853 2583 3924 σκληρὸν
2614 3852 2750 3924 πρὸς
2777 3854 2903 3917 τοὺς
2930 3853 2999 3906 τὰ
3042 3853 3300 3907 ἐλάττονα
3327 3850 3716 3925 ἡμαρτηκότας

2130 3945 2273 3999 εῐποι
2306 3962 2389 4008 τις
2419 3945 2505 4010 ἂν,
2530 3946 2611 3999 ὅτι
2639 3945 2739 3998 οὐκ
2760 3943 2957 4011 ἔξεστι,
2991 3944 3073 4009 δὶς
3110 3944 3240 4015 ἑξῆς
3276 3944 3351 4016 μὴ
3381 3943 3713 4011 ἀκούσαντα,

1656 4078 1884 4136 VETUS
1926 4079 2510 4138 INTERPRETATIO.

443 4204 595 4260 solus
638 4200 704 4256 ad
731 4199 905 4256 solum
936 4217 951 4254 :
984 4210 1039 4256 et
1078 4199 1345 4269 siquidem
1390 4198 1627 4271 audierit
1665 4198 1918 4271 quitai-Za
1950 4199 2039 4255 illa
2071 4200 2339 4271 peccavit.
2369 4200 2553 4255 statim
2607 4215 2733 4255 eum
2780 4200 2962 4271 dicere
3006 4198 3351 4255 lucrifactum
3382 4218 3396 4271 ς
3429 4208 3485 4271 e_t
3527 4199 3572 4255 si
3604 4217 3714 4257 non

444 4273 697 4333 audierit.
735 4287 841 4326 non
879 4274 1032 4341 prius
1069 4267 1193 4342 eum
1223 4270 1434 4342 perpelli
1477 4270 1543 4323 de
1573 4267 1835 4342 Ecclesia,
1870 4270 1975 4324 nisi
2017 4267 2339 4342 priusquam
2381 4281 2435 4325 et
2475 4286 2660 4325 coram
2699 4270 2931 4326 testibus
2964 4278 3300 4342 argutuspet
3343 4268 3710 4342 abiEcclesia,

447 4343 746 4412 perstiterit
787 4343 842 4396 in
874 4338 999 4397 actu
1032 4341 1195 4412 priori
1218 4341 1263 4412 ἳΔ
1286 4338 1402 4412 Non
1438 4348 1618 4394 autem
1667 4338 2301 4412 ignoramus,'q'uoniam
2335 4356 2572 4404 sequens
2596 4342 2754 4412 Aalius
2777 4344 2963 4412 verba,
2990 4338 3050 4394 et
3074 4340 3444 4412 aspiciensad
3479 4342 3715 4412 immen-

446 4408 563 4468 sam
609 4408 1039 4468 misericordiam
1069 4410 1267 4480 Christi
1314 4410 1494 4466 dicere
1534 4408 1727 4474 potest,
1763 4411 2025 4479 quoniam
2061 4408 2189 4466 cum
2232 4413 2395 4466 verba
2436 4412 2554 4480 ipsa
2585 4409 2789 4465 Christi
2841 4411 3040 4464 nullam
3098 4408 3459 4464 differentiam
3512 4410 3715 4467 faciant

447 4492 816 4549 peccatorum,
845 4481 1176 4550 superfluum
1219 4479 1449 4543 faciunt,
1488 4489 1542 4533 et
1580 4491 1769 4534 contra
1795 4481 1997 4535 Clu-isti
2044 4479 2501 4547 misericordiam,
2539 4482 2634 4550 qui
2669 4482 2784 4535 haec
2823 4482 2891 4535 ad
2921 4480 3145 4534 minima
3189 4488 3400 4535 tantum
3438 4483 3715 4549 pertinere

448 4553 815 4621 distinguunt.
857 4549 962 4605 Sed
993 4566 1118 4605 eum
1147 4551 1237 4618 qui
1273 4551 1449 4604 taliter
1480 4551 1663 4613 sentit,
1701 4566 1808 4603 non
1840 4551 2074 4606 arbitror
2103 4552 2169 4606 ad
2200 4552 2485 4605 utilitatem
2533 4549 2880 4605 Communem
2933 4551 3034 4605 ista
3062 4552 3282 4621 sentire.
3335 4549 3486 4605 Alius
3530 4562 3711 4605 autem

451 4623 568 4691 ipsa
606 4620 770 4676 verba
814 4630 974 4675 caute
1016 4621 1371 4691 considerans
1396 4658 1412 4684 ,
1446 4630 1499 4674 et
1534 4622 1665 4674 nihil
1706 4620 2049 4677 extrinsecus
2099 4622 2394 4676 subaudire
2444 4622 2651 4691 volens,
2704 4637 2809 4675 non
2854 4621 2921 4674 de
2962 4620 3109 4691 omni
3146 4629 3366 4691 peccato
3413 4621 3527 4675 haec
3566 4622 3714 4676 dicta

446 4689 707 4756 defendit,
757 4692 1016 4760 quoniam
1059 4690 1153 4757 qui
1183 4690 1404 4760 grandia
1440 4691 1527 4745 illa
1580 4701 1765 4759 peccat
1789 4732 1805 4752 ,
1854 4707 1953 4745 nec
1979 4700 2061 4746 est
2095 4692 2278 4754 frater,
2314 4691 2417 4745 nisi
2449 4690 2586 4744 forte
2625 4692 2937 4745 nominetur
2982 4690 3174 4760 frater.)
3221 4689 3529 4744 Diﬂ‘erentia
3565 4692 3713 4745 eiiim

447 4770 534 4817 est
571 4764 712 4817 inter
749 4759 973 4817 fratrem
1012 4770 1066 4815 et
1096 4759 1219 4814 eum
1248 4761 1341 4829 qui
1373 4761 1688 4815 nominatur
1729 4762 1916 4816 frater.
1968 4761 2033 4816 Et
2057 4762 2313 4831 quoniam
2346 4763 2551 4816 distant
2581 4776 2609 4813 a
2646 4776 2725 4819 se.
2757 4770 3038 4831 propterea
3069 4759 3206 4813 dicit
3241 4761 3572 4828 Apostolus:
3609 4779 3625 4810 ι
3656 4759 3715 4814 Si

448 4835 571 4902 quis
599 4834 767 4887 frater
794 4833 1104 4886 nominetur
1138 4832 1191 4885 in
1221 4832 1394 4893 vobis,
1428 4833 1497 4902 sit
1525 4841 1721 4902 autem
1742 4830 2090 4896 fornicarius,
2129 4843 2223 4885 aut
2260 4848 2480 4895 avarus,
2516 4841 2612 4902 aut
2640 4831 2906 4902 idolorum
2940 4830 3169 4893 cultor,»
3196 4838 3250 4883 et
3284 4839 3507 4902 caetera;
3538 4850 3556 4880 ι
3586 4846 3712 4902 cuiu

448 4899 648 4959 talibus
697 4919 796 4957 nec
838 4903 1021 4957 cibum
1078 4917 1311 4956 sumere.
1346 4920 1363 4951 ι
1427 4900 1599 4955 Nemo
1640 4901 1785 4954 enim
1837 4903 2105 4956 idolorum
2156 4908 2354 4964 cultor,
2412 4910 2508 4955 aut
2561 4900 2877 4963 fornicator,
2915 4910 3008 4954 aut
3046 4915 3246 4955 avarus
3296 4900 3462 4952 frater
3489 4910 3595 4954 est.
3649 4899 3714 4953 Et

447 4974 698 5042 quamvis
732 4989 932 5027 nmnen
976 4971 1180 5042 bajulet
1206 4971 1432 5034 Christi,
1463 4981 1661 5042 tamen
1689 4970 1875 5042 frater
1911 4972 2245 5034 nominetur,
2289 4988 2395 5024 non
2442 4981 2625 5025 autem
2665 4981 2719 5042 et
2763 4971 2978 5042 proprie
3024 4968 3208 5042 frater_
3242 4978 3345 5022 est.
3401 4968 3558 5022 Sicut
3582 4985 3713 5037 ergo

447 5039 809 5098 aestimatione
836 5039 1128 5097 eminentis
1160 5040 1547 5097 misericordia:
1570 5040 1772 5095 Christi
1803 5043 2199 5111 negligentibus
2225 5042 2482 5110 peccandi
2511 5040 2852 5111 occasionem
2881 5039 3119 5111 dat,_qui
3145 5039 3213 5094 ad
3243 5055 3406 5111 omne
3429 5050 3714 5108 peccatum

448 5116 777 5183 generaliter
816 5114 933 5169 haec
976 5115 1247 5183 pertinere
1283 5112 1505 5183 exponit
1541 5109 1935 5183 :Asic_ecfontra
1959 5109 2074 5180 'qui
2110 5109 2268 5164 docet
2318 5112 2377 5183 in;
2404 5110 2658 5183 minimis
2692 5121 2747 5164 et
2792 5109 3045 5183 humanis
3087 5109 3324 5183 peccatis
3373 5118 3711 5183 peccantem,

450 5179 570 5254 post
610 5184 942 5254 agnitionem
977 5179 1231 5247 testium,
1259 5182 1340 5254 vel
1360 5179 1645 5254 Ecclesiae,
1675 5180 1792 5254 fieri
1821 5179 2074 5254 oportere
2109 5183 2248 5254 sicut
2289 5181 2643 5254 publicanum
2659 5181 3060 5254 Aet_ethn_icum_
3095 5179 3146 5232 in
3186 5181 3421 5254 peccatis
3448 5194 3714 5254 quianon

451 5248 581 5309 sunt
626 5248 671 5305 «⁷
688 5255 754 5309 ad
785 5263 1045 5318 mortem,
1097 5274 1114 5305 ι
1162 5262 1257 5308 aut
1297 5252 1444 5306 sicut
1483 5252 1567 5305 lex
1621 5248 1874 5320 appellat"
1912 5252 1964 5305 in
2006 5248 2303 5317 Muneris,
2338 5266 2446 5304 nou
2487 5249 2804 5316 mortiferis,
2860 5248 3063 5319 aliquid
3112 5250 3453 5304 crudelitatis
3501 5249 3717 5305 videtur

527 5408 574 5438 ⁵ο
614 5404 808 5460 Matth.
840 5402 1121 5467 “111,15.
1201 5401 1244 5432 "
1288 5400 1422 5454 ibid.
1455 5401 1540 5454 16.
1619 5400 1664 5431 ⁸¹
1705 5400 1946 5454 ibid.i7.

524 5570 636 5641 (84)
673 5569 1040 5641 Σταθήσεται
1089 5568 1213 5623 πᾶν
1248 5567 1437 5638 ῥῆμα.
1480 5568 1656 5640 Σταθῇ
1706 5568 1813 5620 πᾶν
1862 5568 2032 5638 ῥῆμα.

453 5642 641 5696 Matth.
674 5656 832 5708 XVIII,
867 5642 955 5697 16.

521 5711 634 5777 (85)
671 5713 793 5764 "Ira
829 5710 910 5778 μὴ
952 5709 1210 5781 κριθῆτε.
1253 5710 1364 5776 ἕως
1407 5709 1483 5764 ἂν
1524 5708 1832 5781 E10n,__etc.
1854 5705 2035 5781 AVrctus

454 5781 759 5849 interpres:
797 5801 814 5833 ι
843 5779 1014 5836 Nolite
1050 5782 1317 5849 judicare,
1353 5789 1411 5836 ut
1459 5794 1565 5835 non
1606 5779 1961 5849 judicemini;
2000 5797 2016 5829 ι

2143 5567 2268 5620 item
2300 5584 2312 5619 :
2344 5584 2360 5615 ι
2394 5563 2570 5621 Nolite
2617 5572 2743 5619 ante
2796 5572 3008 5631 tempus
3063 5560 3191 5631 quid
3240 5562 3504 5631 iudicare,
3539 5560 3716 5617 donec

2143 5638 2321 5690 veniat
2370 5635 2654 5691 Dominus.
2688 5655 2707 5686 ι
2748 5634 3057 5702 Legendum
3107 5632 3377 5688 fortasse:
3409 5632 3567 5689 Κατά
3613 5633 3711 5684 τόν

2144 5707 2232 5779 Μὴ
2261 5705 2610 5786 κρίνετεηῖνα
2644 5705 2717 5786 pi)
2749 5704 2990 5786 κριθῆτε,
3022 5703 3126 5786 καὶ
3146 5703 3206 5785 τό
3231 5721 3244 5733 ·
3277 5705 3561 5786 Ὥστε-,μὴ
3608 5702 3716 5772 πρὸ

2876 5721 2913 5804 Τί

2144 5707 2232 5779 Μὴ
2261 5705 2610 5790 κρίνετεηῖνα
2644 5705 2717 5775 μὴ
2749 5704 2990 5804 κριθῆτε,
3022 5704 3116 5756 καὶ
3146 5704 3206 5785 τό
3231 5721 3244 5733 ·
3277 5705 3438 5757 Ὥστε
3487 5705 3561 5775 μὴ
3608 5704 3712 5772 πρὸ

2135 5795 2322 5849 καιροῦ
2357 5794 2407 5829 τι
2429 5792 2663 5847 κρινετε,
2685 5776 2791 5839 ἕως
2816 5778 2877 5832 ἂν
2893 5772 3020 5845 ιΑθῃ
3044 5776 3071 5827 ὁ
3091 5775 3426 5843 Κυριοςωιις.
3447 5773 3712 5829 Hunnus.
