4146 6420
408 365 546 421 ΗΠ

1326 363 1684 419 COMMENT.
1725 362 1791 416 IN
1834 362 2257 422 MATTIUEUM
2289 364 2531 422 TOMUS
2566 363 2705 421 XIII.

3539 371 3676 426 H78

406 482 469 535 τὸ
496 480 680 552 τρίτον
702 478 956 544 ἀκοῦσαι,
981 477 1058 543 ὡς
1075 478 1165 534 διὰ
1183 478 1342 533 τοῦτο
1366 480 1562 552 μηκέτι
1595 476 1734 535 εἶναι
1756 480 1832 545 ὡς
1858 480 1995 533 ἐθνι-

2100 483 2246 554 iuxta
2275 485 2330 539 id
2363 505 2376 541 :
2414 506 2432 537 ι
2457 483 2635 540 Nolite
2662 484 2932 555 judicare,
2964 494 3020 540 et
3043 500 3151 541 non
3192 484 3576 557 judicabimini
3607 489 3675 553 ⁸⁸,

407 573 504 626 κδν
531 572 626 626 καὶ⁵
658 571 912 643 τελώνην,
938 574 971 642 ἢ
1018 571 1215 644 μηκέτι
1244 571 1503 642 δεηθῆναι
1541 571 1635 625 τοῦ
1684 574 1777 626 ἐπὶ
1816 574 1997 646 πάσης

405 667 507 736 τῆς
539 665 865 736 Ἐκκλησίας
902 664 1166 734 ἐλέγχουο
1203 663 1308 734 χρὴ
1356 663 1465 734 γὰρ
1508 664 1821 735 μεμνῆσθαι
1865 664 1993 718 τοῦ·

412 774 431 809 ι
470 756 657 820 Οὕτως
683 758 785 811 οὐκ
811 758 924 810 ἔστι
950 755 1161 826 θέλημα
1188 755 1501 826 ἔμπροσθεν
1529 756 1622 809 τοῦ
1656 757 1868 827 Πατρός
1896 773 1997 827 μου

407 847 502 901 τοῦ
535 850 595 901 ὲν
626 852 738 912 τοῖς
782 848 1048 921 οὐρανοῖς,
1085 848 1171 901 ἵνα
1216 849 1481 918 ἀπόληται
1525 843 1605 912 εἷς
1645 849 1752 902 τῶν
1788 850 1999 922 μικρῶν

407 939 643 994 τούτων’
687 961 704 993 ι
744 942 837 995 καὶ
882 939 991 1011 γὰρ
1031 940 1189 1011 εἴπερ
1243 960 1261 992 ι
1302 941 1381 993 δεῖ
1422 942 1546 1003 τοὺς
1596 942 1803 1005 πάντας
1850 943 1998 1013 ἡμᾶς

409 1034 754 1106 παραστῆναι
801 1031 1109 1103 ἔμπροσθεν
1150 1031 1246 1085 τοῦ
1306 1033 1546 1103 βήματος
1590 1031 1685 1085 τοῦ
1737 1033 1996 1106 Χριστοῦ,

409 1128 496 1182 ῐνα
525 1125 816 1198 κομίσηται
859 1126 1089 1190 ἕκαστος
1120 1124 1188 1177 τὰ
1224 1124 1313 1179 διὰ
1351 1122 1447 1177 τοῦ
1491 1122 1745 1194 σώματος
1786 1123 1924 1195 πρὸς
1963 1122 1999 1178 ἃ

407 1218 662 1291 ἔπραξεν,
693 1218 803 1272 εῐτε
844 1217 1047 1285 ἀγαθὸν
1080 1217 1189 1270 εῖτε
1237 1215 1459 1286 φαῦλον,
1500 1236 1517 1267 ι
1569 1215 1675 1288 χρὴ
1705 1215 1804 1285 ὅση
1838 1215 2000 1269 δύνα-

412 1327 503 1381 μις
530 1309 601 1363 τὰ
630 1311 759 1380 παρ’
792 1310 957 1363 αὑτὸν
983 1311 1177 1372 ποιεῖν,
1216 1309 1306 1363 ἴνα
1338 1309 1414 1381 μὴ
1453 1309 1582 1380 περὶ
1612 1308 1871 1362 πλειόνων
1903 1325 1999 1362 κο-

412 1402 634 1474 μίσηται
665 1402 882 1472 φαύλων
913 1401 1002 1455 διὰ
1025 1401 1119 1454 τοῦ
1149 1399 1402 1471 σώματος
1434 1398 1861 1471 πεπραγμένων,
1897 1398 1999 1452 κᾶν

411 1494 575 1566 μέλλῃ
608 1496 737 1567 περὶ
762 1494 980 1547 πάντων
1014 1486 1090 1546 ὧν
1128 1493 1351 1563 ἐποίησε
1382 1493 1640 1563 χειρόνων
1673 1489 1999 1561 ἀπολαμϐά-

409 1605 519 1641 νειν
542 1604 557 1619 ·
590 1586 965 1659 φιλοτιμητέον
989 1586 1047 1639 δὲ
1070 1586 1199 1658 περὶ
1220 1584 1480 1638 πλειόνων
1507 1583 1763 1637 εὐποιιῶν
1805 1582 1999 1654 μισθὸν

407 1682 758 1754 κομίσασθαι,
792 1680 915 1734 ἐπεὶ
962 1698 981 1731 ι
1090 1679 1273 1750 μέτρῳ
1310 1678 1637 1750 μετροῦμεν,
1672 1677 2001 1748 ἀντιμετρη-

410 1775 633 1847 θήσεται
677 1775 828 1845 ἡμῖν,
875 1791 894 1825 ι
931 1771 1056 1826 καί·
1099 1790 1116 1822 ι
1163 1770 1322 1823 Κατὰ
1372 1769 1441 1823 τὰ
1481 1769 1617 1841 ἔργα
1647 1767 1756 1823 τῶν
1799 1767 1999 1840 χειρῶν

410 1843 567 1938 ἡμῶν
599 1843 939 1937 συμϐήσεται
963 1865 1113 1935 ἡμῖν,
1148 1881 1166 1913 ι
1196 1864 1291 1916 καὶ
1311 1862 1413 1915 οὐκ
1444 1861 1842 1934 ἀπειροπλόισια
1873 1860 1991 1932 μὲν,
2029 1843 2070 1896 Β

410 1960 527 2030 ἤτοι
557 1958 613 2012 δὲ
645 1957 901 2012 διπλάσια
928 1956 962 2027 ἣ
1000 1955 1347 2009 έπταπλάσια
1373 1953 1633 2026 λήψονται
1663 1956 1711 2007 οἱ
1739 1955 1994 2026 ἡμαρτη-

411 2050 568 2113 κότες
592 2052 656 2103 ὲκ
679 2048 861 2121 χειρὸς
888 2048 1094 2120 Κυρίου
1121 2047 1192 2100 τὰ
1218 2048 1434 2119 ἀμαρτή
1445 2063 1609 2117 ματα,
1637 2047 1765 2101 ὅταν
1796 2046 1871 2117 μὴ
1901 2046 1996 2099 κα)⁵

410 2141 553 2195 κατὰ
595 2142 666 2195 τὰ
724 2141 864 2213 ἔργα
909 2140 1019 2193 τῶν
1071 2138 1271 2212 χειρῶν
1316 2154 1422 2194 τινι
1475 2137 1814 2201 ἀποδίδοται,
1859 2135 1996 2189 ἀλλὰ

409 2231 632 2286 πλείονα
662 2225 738 2286 ὧν
782 2232 1118 2304 πεποίηκενο
1169 2228 1188 2282 ι
1231 2227 1589 2300 Ἰερουσαλὴμ
1636 2247 1655 2280 ι
1702 2227 1831 2300 γὰρ,
1862 2227 1937 2290 ὡς
1969 2228 1998 2280 ὁ

416 2319 650 2387 Ἥσαῖας
677 2321 935 2387 ἐδίδαξεν,
972 2340 991 2373 ι
1032 2320 1249 2386 ἐδέξατο
1281 2323 1344 2374 ὲκ
1376 2320 1559 2393 χειρὸς
1592 2318 1799 2392 Κυρίου
1832 2318 1998 2372 διπλᾶ

406 2414 478 2473 τὰ
510 2415 882 2486 ἁμαρτήματα
910 2413 1115 2484 αὺτῆςο
1148 2433 1166 2464 ι
1193 2414 1239 2466 oi
1276 2413 1333 2467 δὲ
1364 2414 1603 2482 γείτονες
1633 2412 1726 2467 τοῦ
1760 2411 1995 2484 Ἰσραὴλ,

408 2507 603 2572 οἵτινές
663 2508 780 2560 ποτ’
815 2507 881 2562 ἂν
909 2501 1063 2572 ὦσιν,
1094 2506 1440 2560 έπταπλάσια
1468 2506 1729 2576 λήψονται
1762 2506 1906 2561 κατὰ
1937 2504 1999 2558 τὸ

410 2600 471 2652 ὲν
502 2598 755 2670 Ψαλμοῖς
784 2597 958 2663 οὕτως
990 2600 1315 2670 εἰρημένον
1368 2617 1386 2649 ι
1424 2599 1645 2663 Ἀπόδος
1680 2602 1792 2665 τοῖς
1824 2597 1999 2668 γείτο-

410 2708 495 2746 σιν
531 2691 687 2763 ήμῶν
727 2692 1135 2746 ἑπταπλασίονα
1176 2692 1258 2756 είς
1298 2691 1389 2745 τὸν
1424 2692 1623 2746 κόλπον
1664 2692 1865 2756 αὐτῶν,
1905 2691 1999 2746 τὸν

407 2783 707 2856 ὀνειδισμὸν
733 2783 934 2848 αὐτῶν,
964 2783 1022 2837 ὃν
1049 2782 1333 2837 ὼνείδισάν
1370 2801 1451 2847 σε,
1474 2782 1702 2856 Κύριε.»
1724 2785 1834 2837 Καὶ
1850 2783 1998 2839 ἄλλοι

410 2878 476 2932 ἂν
510 2877 780 2949 εὑρεθεῖεν
804 2876 996 2947 τρόποι
1022 2876 1122 2946 τῆς
1158 2875 1586 2941 ἀνταποδόσεως,
1618 2874 1713 2939 οὓς
1746 2875 1840 2929 ἐὰν
1871 2875 2001 2929 νοῶ-

414 2988 532 3041 μεν,
580 2967 877 3040 εἰσόμεθα,
914 2968 997 3021 ὅτι
1030 2965 1297 3020 λυσιτελεῖ
1333 2966 1451 3038 μεθ’
1497 2964 1763 3020 ὁποσαοῦν
1816 2967 1999 3039 ἁμαρ-

408 3065 628 3135 τήματα
667 3063 966 3134 μετανοεῖν,
1010 3061 1097 3113 ἵνα
1143 3060 1282 3131 πρὸς
1326 3058 1403 3131 τῷ
1452 3058 1526 3130 μὴ
1571 3059 1699 3131 περὶ
1739 3058 1998 3113 πλειόνων

410 3155 732 3221 κολάζεσθαι
782 3156 930 3227 ἡμᾶς
975 3154 1070 3208 καὶ
1114 3155 1242 3226 περὶ
1280 3152 1500 3222 ἀγαθῶν
1549 3152 1704 3215 ἐλπίς
1735 3169 1820 3217 τις
1865 3154 2000 3223 ἡμῖν

411 3247 636 3318 ὕστερόν
658 3263 787 3300 ποτε
817 3245 927 3300 τῶν
959 3248 1366 3317 πεπραγμένων
1398 3244 1719 3315 ἀπολειφθῇ,
1752 3244 1856 3298 κᾶν
1889 3245 1996 3316 πρὸ

411 3336 589 3391 αὐτῶν
627 3336 796 3408 μυρία
835 3336 937 3389 ὅσα
968 3334 1306 3407 ἐπταισμένα
1336 3335 1443 3388 τινὶ
1559 3335 1759 3389 ἄτοπον
1791 3334 1900 3406 γὰρ
1926 3334 1995 3387 τὰ

414 3430 512 3501 μὲν
538 3429 758 3502 χείρονα
796 3426 1109 3499 λογισθῆναί
1140 3443 1267 3490 τινι,
1302 3425 1373 3480 τὰ
1400 3427 1456 3481 δὲ
1493 3426 1631 3498 μετὰ
1671 3426 1741 3481 τὰ
1780 3426 2000 3499 χείρονα

410 3523 699 3594 κρείττονα
742 3521 907 3593 μηδὲν
950 3518 1197 3590 ὠφελεῖν,
1237 3518 1381 3591 ἅπερ
1414 3521 1509 3573 καὶ
1559 3519 1667 3573 ἀπὸ
1707 3517 1801 3572 τοῦ
1843 3518 2002 3583 Ἰεζε-

410 3613 537 3687 κιὴλ
574 3618 689 3678 τοῖς
734 3612 1009 3684 ἐπιμελῶς
1051 3609 1281 3682 τηροῦσι
1312 3610 1382 3665 τὰ
1415 3611 1543 3682 περὶ
1590 3610 1701 3665 τῶν
1744 3610 2002 3665 τοιούτων

415 3706 557 3781 ῥητὰ
588 3705 698 3759 ἐστι
728 3705 938 3777 μαθεῖν.

2025 3186 2068 3245 C
2108 3155 2159 3209 id
2194 3155 2341 3226 quod
2374 3156 2427 3208 in
2461 3154 2699 3210 Psalmis
2742 3154 2815 3209 ita
2845 3155 3049 3209 dictum
3085 3163 3169 3209 est
3199 3155 3244 3187 ⁶⁰
3298 3173 3311 3209 :

2099 577 2456 646 quoadusque
2479 581 2657 631 veniat
2677 577 2959 642 Dominus,
2989 578 3080 648 qui
3110 588 3164 631 et
3191 579 3521 634 illuminabit
3547 582 3677 638 abs-

2098 671 2313 723 condita
2365 671 2711 724 tenebrarum
2734 713 2749 736 ,
2795 680 2847 726 et
2889 671 3263 726 manifestabit
3297 674 3528 728 consilia
3553 689 3680 728 cor-

2098 765 2247 818 dium
2280 764 2346 819 “.
2382 784 2401 816 ι
2456 765 2533 817 Ad
2587 766 2639 819 id
2693 776 2871 820 autem
2919 766 3061 835 quod
3106 767 3371 821 adversus
3412 768 3676 823 leviorum

2100 872 2367 911 noxarum
2402 873 2525 912 reos
2572 857 2764 912 durius
2810 859 3217 926 pronuntiatum
3250 859 3501 925 videtur,
3536 859 3679 914 dicet

2099 948 2297 1017 aliquis
2342 963 2465 1003 eum
2517 950 2609 1017 qui
2662 949 2742 1003 bis
2788 950 2979 1004 ordine
3020 966 3228 1005 morem
3272 966 3380 1004 non
3426 953 3680 1021 gesserit,

2101 1042 2258 1095 tertio
2308 1042 2380 1095 ita
2439 1042 2817 1110 obtemperare
2862 1057 2968 1095 non
3029 1058 3226 1112 posse,
3285 1053 3346 1097 ut
3390 1054 3681 1113 prepterea

2099 1132 2350 1187 ethnicus
2385 1133 2620 1202 amplius
2645 1174 2658 1193 .
2700 1133 3090 1201 publicanusve
3120 1150 3225 1187 non
3255 1136 3366 1200 sit,
3411 1151 3513 1190 nec
3542 1151 3681 1205 opus

2098 1220 2147 1275 ei
2186 1221 2255 1275 sit
2290 1231 2345 1274 ut
2370 1238 2557 1276 coram
2607 1231 2716 1276 tota
2746 1221 2988 1276 Ecclesia
3026 1236 3305 1290 arguatur.
3373 1223 3505 1280 illud
3534 1228 3678 1281 enim

2098 1314 2154 1367 in
2186 1316 2507 1370 memoriam
2560 1317 2925 1371 revocandum
2971 1325 3098 1371 est:
3141 1335 3160 1367 ι
3194 1315 3285 1371 Sic
3319 1333 3424 1371 non
3468 1330 3544 1373 est
3585 1335 3682 1373 vo-

2098 1405 2279 1460 luntas
2325 1415 2449 1460 ante
2474 1406 2686 1461 Patrem
2723 1424 2902 1462 meum
2932 1408 3025 1476 qni
3058 1409 3112 1461 in
3142 1408 3297 1463 etelis
3326 1419 3431 1471 est.
3461 1419 3518 1463 ut
3550 1422 3666 1479 per-

2097 1506 2186 1552 eat
2250 1514 2394 1552 unus
2441 1499 2508 1553 de
2541 1500 2753 1569 pusillis
2800 1500 2918 1555 istis
2949 1500 3217 1565 “unam
3254 1500 3538 1554 sitomnes
3583 1516 3684 1557 nos

2098 1599 2278 1645 astare
2330 1599 2543 1661 oportet
2590 1601 2716 1646 ante
2773 1592 3012 1646 tribunal
3064 1590 3306 1657 Christi,
3366 1600 3427 1646 ut
3479 1590 3679 1646 referat

2100 1683 2483 1753 unusquisque
2530 1684 2750 1753 propria
2796 1684 3078 1753 corporis,
3120 1692 3285 1752 prout
3322 1683 3530 1752 gessit,
3567 1683 3684 1738 sive

2098 1772 2303 1827 bonum
2327 1814 2342 1839 ,
2391 1773 2505 1828 sive
2532 1774 2736 1828 malum
2762 1775 2809 1806 ⁸⁸
2830 1814 2844 1836 ,
2884 1793 2903 1826 ι
2937 1772 3316 1841 unusquisque
3344 1773 3475 1826 eniti
3502 1773 3683 1840 debet,

2099 1881 2168 1920 ne
2195 1866 2433 1935 plurium
2482 1852 2641 1918 male.
2669 1875 2945 1936 gestarum
2987 1880 3082 1933 per
3107 1878 3308 1933 corpus
3344 1879 3523 1918 rerum
3562 1879 3682 1933 pa;-

2098 1974 2225 2013 nam
2257 1958 2475 2024 referat,
2525 1960 2740 2015 etiamsi
2775 1975 2872 2028 pro
2907 1957 3066 2011 noxis
3092 1958 3251 2025 plane
3287 1955 3543 2010 omnibus
3570 1971 3599 2008 a
3624 1969 3687 2011 se

2098 2051 2353 2106 admissis
2379 2051 2697 2121 plectendos
2719 2051 2823 2117 sit;
2853 2049 2945 2105 sed
2979 2058 3038 2103 ut
3067 2051 3305 2119 plurium
3333 2057 3478 2101 recte
3514 2044 3686 2101 facto-

2098 2159 2221 2198 rum
2250 2144 2554 2198 mercedem
2591 2142 2810 2208 referat,
2835 2141 2982 2196 omni
3013 2156 3115 2209 ope
3146 2140 3221 2194 illi
3247 2138 3682 2194 contendendum

2099 2244 2205 2303 est,
2240 2236 2504 2304 quoniam
2540 2255 2559 2287 ‹
2594 2251 2703 2305 qua
2731 2251 2989 2290 mensura
3024 2235 3301 2298 metimur,
3355 2246 3419 2285 ea
3451 2230 3685 2285 metien-

2101 2337 2190 2383 tur
2217 2329 2376 2384 nobis
2410 2329 2502 2383 alii
2532 2328 2691 2391 ",oet
2724 2346 2737 2382 :
2773 2346 2792 2379 ι
2826 2327 3146 2382 Distributio
3181 2341 3441 2380 manuum
3472 2333 3685 2380 nostra-

2099 2437 2221 2475 rum
2251 2423 2341 2476 fiet
2384 2423 2542 2478 nobis
2575 2422 2643 2485 ⁸⁸,
2680 2439 2698 2471 ι
2734 2436 2833 2475 nec
2876 2419 3153 2482 infinitas,
3187 2418 3280 2473 sed
3328 2417 3557 2487 duplas,
3592 2431 3683 2470 se-

2103 2514 2387 2582 ptuplasve
2440 2512 2675 2569 Domino
2704 2529 2803 2583 pro
2847 2512 3060 2567 delictis
3101 2526 3293 2580 poenas
3326 2509 3533 2563 dabunt
3559 2522 3688 2576 pec-

2101 2612 2349 2670 catores,
2380 2603 2825 2674 quandoquidem
2857 2618 2966 2657 non
3004 2601 3301 2670 unicuique
3327 2599 3483 2669 juxta
3520 2614 3683 2667 opera

2102 2711 2365 2750 manuum
2418 2696 2538 2765 ejus
2565 2696 2907 2760 retribttitur,
2955 2694 3047 2751 sed
3074 2695 3230 2764 plura
3259 2706 3422 2761 quam
3456 2705 3577 2758 qua:
3606 2687 3672 2742 fe-

2102 2787 2212 2853 cit;
2249 2804 2269 2837 ι
2295 2785 2601 2841 Jerusalem
2638 2805 2655 2838 ι
2691 2788 2861 2851 enim,
2882 2787 3024 2841 sicut
3058 2802 3123 2840 ex
3156 2783 3291 2837 Isaia
3321 2781 3586 2835 discimus
3614 2780 3683 2849 ⁸⁹,

2108 2898 2128 2932 ι
2166 2880 2407 2951 suscepit
2438 2880 2504 2934 de
2535 2895 2699 2933 manu
2732 2878 2949 2933 Domini
2996 2877 3235 2947 duplicia
3286 2892 3384 2946 pro
3430 2876 3684 2932 omnibus

2100 2972 2342 3043 peccatis
2388 2972 2533 3037 suis;
2570 2992 2589 3025 ι
2624 2980 2679 3026 at
2708 2970 2800 3038 qui
2833 2969 2994 3025 vicini
3039 2978 3168 3025 sunt
3197 2968 3362 3023 Israel
3384 3008 3397 3031 ,
3451 2968 3685 3039 quicun—

2102 3079 2208 3134 que
2257 3062 2476 3118 tandem
2529 3063 2607 3117 illi
2656 3062 2787 3126 sint,
2840 3062 3145 3132 sepluplum
3197 3063 3458 3131 recipient
3487 3104 3498 3126 ,
3529 3061 3684 3132 juxta

3368 3174 3387 3207 ‹
3426 3154 3491 3210 Ει
3522 3156 3685 3221 redde

2101 3247 2298 3302 vicinis
2354 3249 2559 3303 nostris
2609 3248 2917 3317 septuplum
2949 3248 3001 3301 in
3043 3249 3167 3303 sinu
3218 3264 3409 3303 eorum
3436 3289 3448 3311 ,
3482 3250 3687 3319 impro-

2101 3338 2313 3408 perium
2364 3339 2648 3409 ipsorum,
2687 3338 2833 3408 quod
2883 3339 3355 3408 exprobraverunt
3400 3341 3528 3403 tibi,
3581 3340 3686 3395 Do-

2102 3428 2269 3483 mine.
2328 3446 2347 3481 ι
2398 3430 2477 3484 Ac
2534 3430 2654 3484 alia:
2693 3428 2914 3499 quidem
2980 3430 3323 3498 pensationis
3366 3429 3558 3484 formae
3600 3446 3685 3484 re-

2104 3521 2271 3591 periri
2325 3529 2562 3592 queant,
2616 3532 2756 3591 quas
2800 3520 2845 3576 si
2890 3520 3076 3574 animo
3127 3530 3451 3586 teneamus,
3495 3520 3682 3574 utilem

2102 3628 2225 3668 esse
2255 3623 2375 3683 post
2404 3623 2831 3683 quantacunque
2860 3623 3083 3684 peccata
3132 3612 3511 3681 paenitentiam
3540 3612 3682 3666 scie-

2106 3720 2250 3771 mus;
2278 3704 2440 3774 613
2473 3713 2535 3758 ut
2561 3712 2922 3773 praeterquam
2959 3702 3104 3773 quod
3133 3702 3490 3772 plurimorum
3544 3699 3685 3754 faci»

414 3817 607 3854 norum
645 3817 836 3870 pinnas
888 3816 996 3855 non
1027 3801 1264 3864 luemus,
1322 3797 1503 3869 aliqua
1532 3799 1695 3853 etiam
1751 3798 1911 3855 nobis
1957 3814 2082 3869 spes
2120 3815 2220 3869 pro
2255 3799 2393 3854 bene
2426 3800 2620 3854 deinde
2666 3801 2833 3871 gestis
2868 3799 3124 3869 supersit,
3174 3796 3385 3853 etiamsi
3431 3805 3686 3852 sexcenta

409 3896 566 3967 prius
587 3896 786 3968 ﬂagitia
827 3898 1065 3953 admissa
1096 3896 1223 3951 sint.
1254 3896 1298 3948 A
1322 3895 1531 3950 ratione
1546 3896 1690 3950 enim
1726 3895 1962 3950 alienum
1990 3903 2075 3951 est
2100 3895 2243 3950 mala
2270 3895 2573 3951 rationibus
2598 3896 2830 3966 alicujus
2854 3895 3064 3960 inferri,
3097 3911 3197 3950 nec
3216 3894 3513 3965 quidquam
3540 3901 3688 3947 recte

1612 4010 1844 4068 VETUS
1882 4009 2472 4068 INTERPRETATIO.

414 4137 691 4191 inducere.
736 4134 848 4190 Nec
880 4137 1024 4191 enim
1060 4135 1316 4191 existimo
1355 4136 1465 4191 cito
1503 4135 1739 4204 aliquem
1772 4135 2004 4190 inveniri
2048 4136 2101 4189 in
2131 4134 2395 4197 Ecclesia,
2428 4136 2521 4205 qui
2555 4151 2662 4190 non
2687 4137 2799 4205 jam
2833 4146 2917 4191 ter
2942 4136 2994 4190 in
3020 4137 3209 4191 eadem
3259 4134 3417 4205 culpa
3461 4141 3687 4205 argutus

417 4209 509 4288 sit,
541 4214 731 4288 utputa
762 4206 829 4288 _in
860 4206 1223 4288 detractione,
1291 4221 1399 4288 qua
1435 4203 1685 4288 _invicem
1724 4206 1972 4288 homines
1999 4206 2295 4288 detrahunt
2321 4203 2757 4288 prox—immanis,
2802 4215 2896 4288 aut
2946 4205 3244 4288 inflatione,
3282 4203 3683 4288 aut-inepu‘lao

414 4274 1016 4348 tione,—autqin_verbo
1058 4274 1327 4348 mendacii
1367 4276 1452 4331 vel
1486 4275 1686 4348 otioso,
1720 4285 1815 4329 aut
1858 4278 1931 4348 in;
1949 4276 2054 4348 tali
2078 4277 2262 4348 aliqua
2299 4274 2456 4346 culpa
2504 4277 2628 4348 levi,
2660 4291 2794 4348 quas
2828 4277 2990 4348 etiam
3040 4277 3095 4330 in
3125 4275 3269 4348 illis
3295 4274 3687 4348 qui‘videntur

415 4347 681 4418 prolicere
722 4346 784 4418 in
813 4344 1086 4418 Ecclesia,
1121 4345 1435 4418 frequenter
1485 4345 1856 4418 inveniuntur.
1894 4344 2371 4418 Consideraiergo
2395 4344 2467 4401 ne
2495 4346 2634 4401 forte
2663 4344 2717 4403 et
2744 4347 2865 4401 illos
2897 4347 2991 4416 qui
3020 4344 3381 4418 aestimatione
3406 4344 3688 4418 immensa:

417 4417 810 4487 misericordiae
833 4414 1063 4481 Christi,
1096 4414 1261 4487 etiam
1312 4417 1376 4471 ad
1415 4425 1637 4487 peccata
1686 4415 1896 4486 majora
1929 4417 2042 4471 haec
2087 4414 2358 4484 pertinere
2395 4418 2837 4487 interpretantur,
2891 4414 3128 4486 praeterit
3190 4416 3498 4470 intellectus
3545 4414 3682 4468 loci.

414 4496 476 4567 et_
500 4486 636 4567 istos
665 4486 904 4567 qui‘baec
934 4488 999 4541 ad
1033 4486 1260 4541 minima
1302 4486 1523 4567 peccata
1560 4495 1825 4567 asserunt
1855 4488 2148 4567 pertinere,
2184 4495 2238 4567 et
2265 4498 2549 4567 propterea
2585 4498 2925 4567 peccatorem
2951 4488 3305 4567 mninimorum
3338 4492 3684 4567 peccatorum

422 4555 530 4611 nisi
573 4557 657 4612 bis
683 4552 907 4626 _veliter
953 4568 1178 4626 argutus
1228 4552 1600 4611 emendaverit
1634 4571 1713 4622 se,
1749 4552 1932 4612 statim
1973 4552 2142 4612 sicuti
2167 4552 2446 4612 ethnicum
2501 4565 2555 4611 et
2588 4559 2936 4626 publicanum
2982 4557 3096 4611 fieri
3128 4552 3487 4611 arbitrantur.
3537 4552 3683 4621 Quid

416 4626 590 4698 ergo?
632 4628 688 4681 Is
716 4625 810 4695 qui
858 4625 1198 4698 tet-Vargutus
1236 4627 1394 4696 quasi
1438 4627 1688 4682 ethnicus
1732 4636 1784 4681 et
1809 4627 2133 4696 publicanus
2168 4627 2342 4683 factus
2378 4627 2541 4683 fuerit
2582 4625 2851 4698 arguenti.
2880 4636 3064 4681 utrum
3096 4627 3324 4681 omnino
3353 4633 3556 4698 pereat,
3591 4631 3689 4698 aut

416 4692 620 4779 aliiquid
657 4692 916 4779 patiatur,
941 4692 1086 4779 Deus
1118 4692 1588 4779 sci.t,:nos_autem
1621 4692 1977 4779 pronuntiare
2010 4712 2117 4779 non
2146 4713 2456 4779 possumus.
2486 4692 2785 4779 secundum
2818 4699 2964 4767 quod
3008 4692 3425 4779 scrip-tumes“
3459 4714 3478 4747 ι
3510 4692 3687 4779 Nolite

412 4764 681 4834 judicare,
710 4774 771 4821 ut
796 4781 903 4838 non
944 4766 1287 4838 judicemiui.
1321 4786 1340 4818 ι
1387 4766 1517 4821 Item
1537 4764 1815 4838 7:_rNolite
1858 4776 1986 4823 ante
2041 4764 2253 4838 tempus
2282 4768 2410 4838 qttid
2436 4768 2701 4837 judicare,
2734 4764 2907 4822 donec
2939 4764 3407 4838 veniat—Dominus
3436 4765 3527 4838 qui
3553 4764 3684 4838 illu-

419 4838 648 4891 minabit
676 4836 888 4909 occulta
917 4834 1291 4909 tenebrarum,
1318 4845 1372 4891 et
1403 4836 1773 4909 manifestabit
1798 4838 2025 4892 consilia
2058 4834 2329 4901 cor'dium',
2353 4857 2371 4889 ι
2409 4834 2643 4909 primum
2676 4839 2918 4909 quidem,
2953 4839 3210 4909 quoniam
3245 4837 3371 4892 licet
3400 4834 3565 4909 eiqui
3604 4841 3686 4887 ter

417 4917 645 4978 argutus
677 4923 787 4961 non
815 4907 1115 4978 obaudivit,
1148 4907 1204 4960 in
1231 4916 1427 4976 quarto
1451 4906 1662 4978 audire,
1697 4915 1757 4961 ut
1781 4909 1894 4977 jam
1931 4923 2036 4962 non
2069 4909 2138 4963 sit
2166 4910 2311 4963 sicut
2337 4903 2588 4962 ethnicus
2614 4920 2669 4962 et
2695 4903 3042 4978 publicanus.
3078 4907 3344 4978 Memores
3383 4903 3529 4958 enim
3560 4916 3685 4978 esse

417 4924 645 5031 argutus
677 4924 787 4961 non
815 4924 1115 4972 ouauatvn,
1148 4924 1204 4960 ιιι
1231 4924 1427 4976 quarto
1451 4924 1662 4971 auatre,
1697 4924 1757 4961 ut
1781 4924 1894 4977 jam
1931 4924 2036 4962 non
2069 4924 2138 4963 stt
2166 4924 2311 4963 SIClIl
2337 4924 2588 4962 etnmcus
2614 4924 2669 4962 et
2696 4924 3042 4978 punncanus.
3078 4924 3344 4961 memores
3383 4924 3529 4958 enun
3560 4924 3684 4957 esse

416 4977 484 5030 de
523 4993 681 5032 emus
713 4978 833 5046 ejus
861 4977 1007 5047 quod
1033 4977 1240 5031 dictum
1270 4989 1354 5031 est
1380 4995 1393 5029 :
1440 4995 1460 5027 ι
1491 4975 1583 5047 Sic
1610 4993 1717 5031 non
1752 4986 1834 5032 est
1871 4978 2128 5033 voluntas
2159 4978 2333 5032 Patris
2371 4980 2497 5043 mei,
2525 4987 2585 5032 ut
2612 4995 2755 5033 unus
2783 4994 2849 5032 ex
2894 4977 3136 5031 minimis
3186 4977 3305 5030 istis
3334 4985 3553 5047 pereat;
3603 4972 3684 5027 sic

417 5048 562 5119 enim
601 5045 821 5119 oportet
847 5045 950 5103 nos
974 5061 1167 5119 omnes
1200 5046 1517 5119 praesentari
1549 5056 1675 5119 ante
1712 5047 1950 5119 tribunal
1970 5047 2199 5119 Christi,
2232 5060 2290 5102 ut
2317 5057 2556 5117 reportet
2582 5049 2959 5118 unusquisque
2990 5048 3208 5116 propria
3238 5045 3482 5115 corporis
3522 5053 3685 5112 prout

418 5117 607 5199 gessit,
639 5115 766 5199 sive
808 5118 1038 5199 bonum,
1082 5117 1200 5199 sive
1242 5115 1468 5199 malum.
1499 5115 1768 5199 inDeinde
1804 5118 1933 5199 quia
1973 5118 2238 5199 scriptum
2288 5115 2405 5172 est':
2436 5138 2453 5169 ι
2490 5115 2799 5199 Secundino
2847 5115 3012 5199 opera
3060 5132 3320 5199 mauuum
3374 5124 3680 5199 vestrarum

417 5182 695 5255 continget
735 5188 919 5247 vobis:
973 5206 992 5239 ι
1024 5182 1030 5184 “
1059 5197 1114 5240 et
1163 5201 1268 5241 non
1317 5186 1711 5255 multipliciter,
1764 5182 1858 5259 aut
1903 5182 2223 5259 dupliciter,
2271 5198 2367 5242 aut
2411 5190 2782 5259 septupliciter
2834 5182 3096 5259 recipient
3141 5188 3208 5259 de
3267 5200 3430 5259 manu
3469 5182 3684 5259 Dom-ini

424 5252 759 5323 peccatores.
836 5259 1155 5338 Aliquando.
1212 5267 1392 5338 autem
1450 5252 1578 5338 non.
1611 5252 2141 5338 secundum‘ppera
2212 5252 2487 5338 ntanuunt'
2529 5252 2779 5338 hominis
2836 5252 3083 5338 redditur
3113 5257 3229 5338 _ei,
3297 5256 3392 5309 sed
3449 5252 3685 5338 amplius

421 5338 584 5396 quam
654 5337 903 5396 peccavit
959 5345 973 5381 :

462 5338 584 5377 nam
654 5328 903 5396 peccavit
944 5318 973 5381 ἰ
1043 5345 1062 5377 ι
1127 5324 1429 5382 Jerusalem
1457 5327 1637 5381 renim
1665 5366 1680 5390 ,
1757 5328 1899 5382 sicut
1961 5318 2148 5383 docuit
2223 5326 2424 5388 lsaias,
2460 5344 2478 5375 ι
2510 5328 2747 5396 duplicia
2811 5327 3016 5395 recepit
3093 5327 3161 5381 de
3216 5318 3399 5378 manu
3464 5318 3684 5401 Domitii

460 5394 495 5447 b
527 5410 627 5447 sua
660 5407 902 5447 peccata.
936 5416 954 5447 ι
1015 5394 1191 5447 Vicini
1233 5405 1415 5447 autem
1455 5398 1640 5447 Israel.
1680 5400 1994 5447 auicunnne
2045 5407 2173 5447 sunt
2212 5398 2310 5447 illi.
2349 5398 2655 5447 seotunlum
2692 5395 2979 5447 recipiunt.
3019 5396 3316 5447 secundum
3344 5393 3487 5447 quod
3517 5398 3593 5445 att
3628 5403 3684 5442 III

419 5408 495 5448 οι)
527 5410 627 5449 sua

660 5388 902 5468 peccata.
936 5416 954 5447 ι
1015 5394 1191 5468 Vicini
1233 5405 1415 5468 autem
1455 5398 1640 5458 israel,
1668 5388 1994 5468 quicunque
2045 5407 2173 5453 sunt
2212 5398 2310 5461 illi,
2349 5388 2979 5468 septuplumrecipiuni,
3019 5393 3487 5468 secundumquod
3517 5388 3593 5445 ait
3620 5388 3684 5468 _i_n

428 5464 677 5539 Pssimo;
725 5486 742 5516 ι
772 5464 954 5539 Redde
989 5467 1184 5539 vicinis
1241 5466 1445 5521 nostris
1487 5464 2131 5539 septuplunrin'finibus
2192 5464 2456 5522 eorum.)
2507 5464 2573 5539 Et
2611 5467 2702 5539 a_l_ii
2751 5465 3104 5539 inveniuntur
3147 5464 3470 5539 redditionis
3510 5474 3594 5539 me

422 5550 562 5607 quos
584 5536 631 5591 si
658 5536 1048 5607 intelligamus,
1081 5537 1320 5591 sciemus
1349 5534 1608 5606 quoniam
1637 5534 1854 5606 expedit
1880 5539 2122 5607 recipere
2150 5539 2204 5592 in
2235 5540 2337 5592 hoc
2372 5538 2595 5592 mundo.
2633 5534 2939 5607 Novissime
2971 5548 3152 5590 autem
3184 5534 3312 5602 quia
3344 5546 3453 5585 non
3482 5534 3687 5607 pariter

423 5600 585 5672 dixit,
623 5605 767 5661 sicut
812 5600 1066 5660 r-iltnicus
1102 5617 1157 5660 et
1186 5600 1532 5676 publicanus,
1578 5608 1672 5661 sed
1710 5600 1787 5662 ita
1833 5609 1904 5663 sit
1947 5600 2064 5663 tibi.
2116 5607 2220 5675 Qui
2256 5622 2387 5679 ergo
2436 5609 2488 5661 in
2526 5615 2744 5677 peccato
2793 5605 2896 5659 levi
2929 5600 3216 5672 correptus
3245 5611 3348 5666 ter,
3380 5600 3683 5656 secundum

494 5717 541 5749 ⁸⁸
580 5716 772 5791 Matth.
802 5732 894 5779 vn,
925 5717 974 5791 ί.
1051 5718 1099 5791 ⁸ᾲὲ
1134 5717 1303 5791 l_Cor.
1335 5735 1409 5784 tv,
1442 5720 1495 5776 ὅ.
1571 5720 1618 5752 ⁸⁸
1660 5720 1842 5777 Matth.
1874 5739 2030 5791 xvnt,
2066 5725 2151 5779 Η.
2229 5725 2276 5755 ⁸⁸
2314 5721 2354 5777 ll
2384 5722 2513 5777 Cor.
2548 5737 2599 5786 ν,
2640 5721 2722 5775 10.
2798 5720 2842 5751 ⁸⁷
2884 5717 3074 5773 Matth.
3105 5732 3203 5782 vu,
3232 5716 3287 5770 Ω.
3366 5714 3411 5747 ⁸⁸
3452 5712 3555 5768 lsa.
3594 5726 3678 5785 ιιι,

428 5788 513 5843 ιι.
592 5787 639 5821 ⁸⁸
684 5786 787 5844 Isa.
821 5789 985 5852 x1.,‘£.
1063 5789 1107 5819 ⁶⁰
1147 5787 1291 5843 Psal.
1322 5806 1553 5854 Lxxvm,
1591 5792 1677 5861 12.

2553 5476 2573 5521 t
2611 5467 2702 5543 alii
2751 5457 3104 5543 inveniuntur
3147 5457 3470 5543 redditionis
3510 5457 3683 5543 modi,
3756 5517 3781 5543 κ
