4146 6418
419 363 548 420 1181

1338 367 1695 423 COMMENT.
1740 369 1808 424 IN
1848 371 2265 429 ΜΑΤΤΙΙᾹΞΗΜ
2313 376 2550 435 TOMUS
2594 378 2733 435 XlV.

3551 389 3686 444 “83

411 482 621 546 κλεῖδας
650 484 748 553 οὐχ
795 485 912 548 ἐνὸς
949 486 1202 554 οὐρανοῦ,
1245 487 1384 540 ἀλλὰ
1430 488 1712 555 πλειόνων,
1757 493 1850 545 καὶ
1883 493 1989 557 ἴνα,
2023 544 2028 555 ,

2096 512 2301 568 eosque
2319 503 2412 570 qui
2436 511 2518 555 ter
2545 502 2740 558 fratres
2756 503 3203 574 objurgaverunt,
3228 521 3549 563 communes
3565 526 3686 565 esse

407 573 507 626 ὅσα
528 573 624 628 ἐὰν
651 574 789 647 δήσῃ
815 576 908 628 ἐπὶ
943 577 1042 646 τῆς
1069 576 1195 646 γῆς,
1298 578 1555 649 δεδεμένα
1582 582 1682 635 οὐκ
1710 583 1769 636 ὲν
1797 584 1876 637 ἑνὶ
1903 585 1998 637 οὐ-

411 664 578 736 ρανῷ,
610 666 725 719 ἀλλ’
758 669 816 721 ὲν
847 669 1010 721 πᾶσιν
1031 668 1236 735 αὐτοῖς,
1267 671 1403 742 πρὸς
1434 674 1561 735 τοὺς
1593 674 1822 740 πολλοὺς
1844 675 1993 730 δέον-

405 773 506 821 τας
536 758 628 810 ἐπὶ
654 758 755 828 τῆς
784 760 905 830 γῆς,
941 761 1035 813 καὶ
1058 760 1283 825 λύοντας
1305 763 1398 816 ἐπὶ
1426 765 1523 833 τῆς
1546 766 1668 835 γῆς,
1699 764 1838 819 ὥστε
1864 767 1995 820 ταῦ-

401 864 470 900 τα
492 847 758 910 δεδέσθαι.
791 851 884 903 καὶ
914 850 1170 905 λελύσθαι
1212 854 1314 906 οὐκ
1358 855 1417 908 ὲν
1456 855 1726 926 οὐρανοῖς,
1770 858 1847 920 ὡς
1902 858 1995 910 ἐπὶ

403 938 634 1011 Πέτρου,
676 941 791 994 ἀλλ’
832 943 887 997 ἐν
932 943 1143 1015 οὐρανῷ
1185 946 1285 998 ἑνί*
1334 947 1396 1000 οὐ
1432 947 1542 1019 γὰρ
1570 948 1901 1002 διαϐαίνουσι
1927 952 1990 1020 τῇ

408 1025 656 1102 δυνάμει,
680 1032 757 1095 ὡς
782 1033 1008 1106 Πέτρος,
1038 1035 1125 1089 ἶνα
1146 1036 1380 1107 δήσωσιν
1405 1037 1437 1108 ἢ
1470 1038 1703 1093 λύσωσιν
1735 1042 1793 1093 ὲν
1826 1044 1991 1095 πᾶσιν

401 1124 669 1194 οὐρανοῖς.
725 1126 874 1197 Ὂσφ
916 1123 1010 1182 οὖν
1050 1126 1276 1197 βελτίων
1314 1130 1344 1181 ὁ
1387 1130 1685 1201 δεσμεύων,
1735 1134 1988 1187 τοσοῦτον

404 1215 816 1287 μακαριώτερος
858 1219 888 1271 ὁ
923 1216 1241 1286 λελυμένος,
1291 1222 1368 1285 ὡς
1414 1223 1508 1276 καὶ¹
1559 1225 1837 1296 πανταχοῦ
1878 1225 1989 1279 τῶν

2100 591 2370 647 videntur.
2405 592 2514 650 Nec
2547 597 2693 650 enim
2719 596 2911 665 exigua
2934 597 3236 653 differentia
3261 606 3345 654 est
3371 601 3552 655 claves
3575 617 3683 658 non

2105 686 2269 738 unius
2300 686 2422 740 cwli
2454 686 2697 750 Petrum,
2733 690 2826 743 sed
2874 690 3234 760 plurimorum
3273 693 3579 762 accepisse;
3630 703 3685 750 et

2102 791 2444 846 (Illaecunque
2494 794 2657 848 super
2709 790 2908 834 terram
2946 781 3283 851 alligaverit,
3320 799 3429 837 non
3470 784 3523 836 in
3572 800 3683 839 uno

2102 868 2263 934 malo,
2291 870 2385 923 sed
2415 870 2470 924 in
2499 871 2755 926 omnibus
2787 872 2949 941 ligata
2973 888 3112 937 esse,
3140 889 3251 942 prae
3286 875 3534 944 pluribus
3560 876 3682 930 aliis

2096 962 2190 1031 qui
2221 977 2386 1032 super
2414 971 2615 1017 terram
2642 973 2695 1017 et
2725 965 2949 1034 alligant
2980 976 3033 1020 et
3068 968 3317 1031 solvunt,
3353 968 3426 1021 ita
3467 976 3526 1021 ut
3565 968 3682 1024 hanc

2093 1054 2312 1123 alligata
2341 1062 2394 1108 et
2425 1054 2605 1109 soluta
2635 1057 2744 1110 sint
2772 1072 2878 1110 non
2909 1058 2963 1110 in
2991 1058 3164 1119 caelis,
3190 1058 3331 1113 sicut
3359 1057 3520 1113 Petro
3544 1074 3679 1114 con-

2093 1163 2309 1202 cessum
2339 1155 2443 1212 est;
2475 1148 2567 1202 sed
2596 1148 2650 1201 in
2692 1163 2805 1202 uno
2843 1149 2985 1203 coelo
3029 1166 3042 1203 :
3084 1164 3184 1203 nec
3215 1150 3360 1203 enim
3403 1164 3469 1203 eo
3515 1165 3682 1219 pene-

2096 1240 2274 1294 trandi
2308 1238 2568 1295 facultate
2595 1241 2820 1310 pollent,
2853 1241 3315 1309 quemadmodum
3357 1240 3579 1306 Petrus,
3615 1247 3682 1296 ut.

400 1305 646 1379 οὐρανῶν
669 1303 809 1364 εἶναι
840 1310 1007 1365 αὐτοῦ
1032 1312 1094 1365 τὸ
1122 1313 1398 1368 λελύσθαι.

2094 1331 2317 1401 alligent
2344 1332 2425 1384 vel
2458 1332 2673 1386 solvant
2703 1332 2757 1384 in
2785 1332 3043 1386 omnibus
3073 1332 3249 1386 caelis.
3277 1330 3397 1397 Quo
3416 1341 3674 1400 praestan-

2094 1422 2200 1475 tior
2228 1438 2359 1493 ergo
2392 1421 2556 1477 fuerit
2585 1423 2677 1492 qui
2710 1423 2914 1493 alligat,
2950 1437 3016 1476 eo
3039 1421 3248 1477 felicior
3276 1421 3370 1491 qui
3401 1421 3564 1475 fuerit
3585 1436 3679 1475 so-

2095 1514 2264 1579 lutus,
2300 1529 2424 1568 cum
2463 1514 2518 1567 in
2547 1514 2804 1568 omnibus
2841 1513 3002 1583 plane
3031 1515 3186 1569 ctelis
3220 1514 3433 1569 solutus
3454 1515 3547 1568 sit.

1597 1622 1830 1679 VETUS
1870 1623 2461 1681 INTERPRETATIO.

404 1713 627 1782 terram,
666 1703 776 1759 sint
800 1705 977 1782 soluta
1007 1719 1117 1782 non
1144 1704 1322 1782 so_l_u_m
1356 1704 1411 1759 in
1442 1719 1554 1782 uno
1583 1705 1749 1768 coelo,
1789 1705 1883 1782 sed
1914 1705 1970 1759 in
1999 1706 2253 1782 omnibus
2293 1708 2464 1782 caelis.
2493 1706 2578 1782 _Ad
2615 1722 2708 1782 e_os
2739 1715 2921 1762 autem
2955 1711 3049 1782 qui
3080 1711 3235 1765 multi
3266 1719 3395 1765 sunt
3422 1712 3677 1782 ligatores

403 1783 460 1828 et
487 1775 757 1851 solutores
797 1774 853 1828 in
898 1786 1045 1851 terra
1071 1774 1148 1830 sic
1179 1776 1330 1851 dicit.
1353 1784 1424 1851 ut
1449 1776 1661 1829 solvant
1686 1776 2013 1851 etualligent,
2038 1792 2148 1851 non
2183 1777 2239 1831 in
2276 1777 2427 1851 egelis
2463 1777 2603 1851 sicut
2631 1778 2843 1851 Petrus,
2875 1774 3053 1851 sed—in
3086 1797 3197 1835 uno
3223 1783 3381 1845 caalo,
3413 1774 3538 1851 quia
3563 1799 3675 1838 non

404 1846 615 1922 suntin
646 1854 793 1900 tanta
820 1845 1156 1922 perfectione
1186 1846 1328 1901 sicut
1352 1846 1565 1922 Petrus,
1594 1856 1655 1900 ut
1683 1845 1904 1922 alligent
1932 1848 2015 1901 vel
2043 1848 2264 1922 solvant
2300 1848 2353 1901 in
2395 1847 2649 1902 omnibus
2686 1845 3479 1922 cmlis._Quantoergomelior
3511 1853 3677 1906 fuerit

402 1914 495 1991 qui
525 1915 671 1991 ligat,
708 1914 871 1991 tanto
886 1915 987 1991 qui
1004 1915 1252 1991 alligatur
1280 1917 1514 1991 amplius
1543 1914 1799 1991 quamuin'
1812 1932 1922 1991 uno
1956 1917 2096 1971 coelo
2120 1917 2366 1991 alligatur
2394 1935 2406 1971 :
2443 1927 2499 1972 et
2521 1927 2725 1987 quanto
2752 1919 2943 1973 melior
2984 1920 3148 1975 fuerit
3190 1914 3281 1991 qui
3313 1922 3490 1987 solvit,
3526 1931 3678 1977 tanto

404 1985 614 2040 beatior
648 1985 751 2040 erit
782 1986 875 2055 qui
907 1985 1156 2051 solvitur,
1189 1985 1446 2056 quoniam
1476 1987 1533 2041 in
1564 1985 1821 2042 omnibus
1843 1987 2055 2041 solutus
2084 1996 2168 2042 est
2197 1985 2369 2043 ctelis.

1739 2297 2122 2385 ΤΟΜΟΣ
2170 2290 2335 2386 ΙΔ’.

1194 2649 1601 2743 TOMUS
1675 2653 2224 2761 QUARTUS
2298 2654 2864 2745 DECIMUS.

475 3013 495 3047 ι
535 2995 702 3050 Πάλιν
726 2995 871 3065 λέγω
909 2999 1060 3069 ὑμῖν,
1093 2997 1196 3061 ὅτι,
1233 2997 1328 3050 ἐὰν
1372 2997 1464 3051 δύο
1497 2998 1650 3070 ὑμῶν
1692 3001 1988 3072 συμφωνή-
2023 3009 2028 3061 l

2163 2999 2217 3053 1.
2252 3015 2270 3049 ι
2307 2995 2505 3051 lterum
2539 2993 2663 3047 dico
2693 2992 2848 3047 vobis
2875 2992 3002 3062 quia
3035 2991 3079 3046 si
3120 2992 3231 3046 duo
3260 3007 3323 3046 ex
3356 2992 3512 3049 vobis
3537 3008 3671 3049 con-

402 3105 567 3143 σωσιν
589 3087 683 3141 ἐπὶ
723 3088 823 3159 τῆς
852 3087 975 3159 γῆς,
1025 3088 1150 3159 περὶ
1188 3089 1387 3153 παντὸς
1421 3094 1746 3161 πράγματος
1787 3085 1848 3145 οὗ
1892 3089 1987 3144 ἐὰν

2092 3089 2365 3145 senserint
2387 3101 2550 3156 super
2570 3094 2794 3150 terram,
2819 3086 2885 3138 de
2910 3086 3057 3138 omni
3092 3100 3149 3139 re
3172 3100 3556 3155 quamcunque
3577 3101 3672 3156 pe-

398 3181 748 3253 αῑτήσωνται,
790 3179 1149 3252 γενηθήσεται
1190 3180 1392 3245 αὐτοῖς.
1453 3201 1471 3234 ι
1528 3182 1749 3255 Κυρίως
1783 3182 1844 3237 τὸ
1886 3184 1986 3253 τῆς

2090 3182 2295 3243 tierint,
2322 3180 2413 3235 fiet
2433 3178 2540 3233 illis
2569 3178 2634 3233 °’.
2674 3196 2694 3231 ι
2726 3176 3074 3249 Symphoniae
3101 3177 3425 3232 vocabulum
3447 3179 3673 3235 musicis

400 3272 720 3343 συμφωνίας
741 3272 911 3342 ὄνομα
954 3273 1214 3326 τάσσεται
1251 3272 1344 3325 ἐπὶ
1383 3271 1494 3325 τῶν
1536 3273 1675 3327 κατὰ
1722 3276 1985 3346 μουσικὴν

399 3364 458 3418 ὲν
489 3366 691 3433 φωναῖς
720 3362 1014 3435 ἁρμονιῶν.
1050 3364 1161 3418 Καί
1197 3364 1303 3416 εἰσί
1342 3379 1407 3432 γε
1444 3365 1598 3436 παρὰ
1646 3367 1759 3429 τοῖς
1800 3384 1985 3438 μουσι-

397 3457 513 3519 κοῖς
541 3454 769 3525 φθόγγοι
793 3454 1053 3523 φθόγγοις
1076 3452 1383 3525 σύμφωνοι,
1408 3455 1502 3508 καὶ
1530 3454 1680 3508 ἄλλοι
1697 3456 1978 3525 διάφωνον

395 3542 505 3601 οἶδε
534 3549 590 3601 δὲ
620 3549 712 3602 καὶ
751 3549 783 3619 ἡ
820 3547 1149 3619 εὐαγγελικὴ
1182 3548 1374 3619 Γραφὴ
1417 3546 1526 3619 (89)
1568 3547 1628 3600 τὸ
1674 3547 1845 3617 ὄνομα
1888 3550 1982 3601 ἐπὶ

394 3638 504 3695 τῶν
546 3641 689 3695 κατὰ
747 3642 1010 3712 μουσικὴν
1056 3643 1387 3712 τεταγμένον
1429 3642 1488 3694 ὲν
1533 3641 1630 3713 τῷ·
1671 3660 1690 3694 ι
1741 3644 1980 3696 Ἤκουσε

395 3732 713 3803 συμφωνίας
741 3733 836 3787 καὶ
884 3733 1078 3805 χορῶν·
1107 3752 1128 3785 ι
1164 3733 1371 3804 ἔπρεπε
1414 3733 1523 3803 γὰρ
1564 3734 1655 3787 ἐπὶ
1681 3735 1748 3805 τῇ
1778 3736 1843 3787 ἐκ
1881 3752 1979 3806 με-

391 3826 608 3890 τανοίας
630 3825 918 3897 συμφωνία
945 3825 1083 3895 πρὸς
1108 3825 1197 3878 τὸν
1214 3826 1428 3897 πατέρα
1448 3824 1542 3877 τοῦ
1568 3826 1676 3879 ἀπὸ
1703 3826 1979 3891 ἀπωλείας

392 3916 708 3989 εὑρεθέντος
750 3916 867 3970 υἱοῦ
907 3916 1240 3988 ἀκουσθῆναι
1286 3915 1606 3987 συμφωνίαν
1644 3918 1737 3971 ἐπὶ
1779 3920 1846 3989 τῇ
1890 3918 1978 3970 εὐ-

391 4007 637 4083 φροσύνῃ
679 4009 778 4081 τῆς
815 4008 1011 4073 οἰκίας.
1055 4009 1130 4062 Τὸ
1172 4008 1229 4062 δὲ
1268 4008 1370 4078 τῆς
1404 4007 1722 4078 συμφωνίας
1748 4008 1919 4081 ονομα
1949 4012 1977 4063 ὁ

391 4101 595 4173 φαῦλος
624 4102 726 4157 οὐκ
754 4099 862 4156 οἶδε
905 4102 1115 4165 Λάϐαν,
1159 4104 1217 4156 ὲν
1269 4094 1350 4165 οἷς
1394 4118 1526 4173 φησι
1570 4101 1706 4172 πρὸς
1737 4102 1827 4156 τὸν
1869 4103 1975 4156 Ἰα-

389 4189 526 4247 κώσο
554 4213 574 4245 ι
605 4195 715 4249 Καὶ
740 4195 788 4247 εί
809 4193 1138 4265 ἁνήγγειλάς
1169 4211 1282 4263 μοι,
1301 4192 1659 4257 ὲξαπέστειλα
1685 4193 1752 4247 ἄν
1770 4210 1829 4247 σε
1854 4197 1975 4265 μετ’

2088 3274 2360 3344 praecipue
2391 3286 2585 3325 vocum
2616 3270 2972 3325 concentibus
2997 3269 3274 3324 tribuitur.
3302 3267 3369 3323 Et
3398 3270 3672 3340 suntqui-

2084 3367 2211 3421 dem
2241 3367 2296 3419 in
2334 3362 2558 3419 musicis
2590 3362 2709 3417 soni
2736 3361 2887 3416 souis
2910 3361 3001 3414 alii
3030 3359 3283 3423 consoni,
3316 3360 3409 3414 alii
3436 3360 3668 3425 dissoni;

2085 3473 2285 3511 nomen
2312 3465 2495 3510 autem
2528 3453 2656 3507 illud
2692 3452 2852 3507 rebus
2885 3452 3111 3506 musicis
3150 3451 3474 3506 attributum
3508 3451 3670 3507 callet

2083 3550 2394 3617 evangelica
2429 3548 2709 3615 Scriptura
2738 3547 2842 3601 hoc
2862 3546 2980 3600 loco
2996 3544 3044 3577 “
3067 3562 3081 3600 :
3105 3565 3124 3596 ι
3162 3543 3386 3600 Audivit
3411 3545 3674 3617 sympho-

2084 3640 2255 3706 niam,
2288 3649 2342 3694 et
2389 3641 2652 3702 chorum;
2686 3658 2705 3689 ι
2742 3654 2869 3692 nam
2918 3646 3137 3707 propter
3165 3645 3340 3691 ortam
3397 3652 3465 3692 ex
3489 3639 3669 3707 paeni-

2080 3732 2248 3785 tentia
2266 3732 2645 3803 symphoniam
2672 3732 2761 3786 lilii
2788 3747 2911 3786 cum
2934 3740 3110 3800 patre,
3133 3730 3225 3799 qui
3245 3737 3533 3801 postquam
3551 3746 3668 3800 per-

2081 3826 2217 3879 ierat
2261 3825 2511 3878 invuntus
2527 3832 2609 3877 est
2642 3823 2710 3890 ⁸⁵,
2753 3824 2819 3879 ad
2854 3822 3233 3879 oblectandam
3273 3825 3494 3879 domum
3519 3840 3672 3894 sym—

2079 3916 2339 3985 phoniam
2375 3914 2553 3969 audiri
2581 3915 2824 3970 decebat.
2860 3913 3067 3970 Nomen
3103 3925 3287 3970 autem
3329 3917 3666 3988 symphonia:

2079 4009 2250 4078 impio
2274 4007 2458 4062 Laban
2490 4008 2792 4077 ignorabile
2819 4007 2941 4074 fuit,
2973 4008 3065 4063 ubi
3096 4009 3212 4078 ipse
3240 4009 3530 4079 alloquens
3569 4008 3664 4065 Ja-

2077 4101 2181 4155 cob
2196 4100 2336 4155 ait“
2369 4118 2383 4154 :
2414 4118 2432 4151 ι
2472 4098 2530 4154 Si
2561 4100 2873 4155 nuntiasses
2902 4099 3058 4167 mihi,
3087 4110 3411 4170 prosecutus
3434 4100 3660 4158 fuissem

2075 4193 2238 4263 615
2268 4203 2319 4247 te
2353 4208 2477 4247 cum
2507 4190 2725 4262 gaudio,
2769 4200 2824 4246 et
2858 4192 3118 4258 canticis,
3158 4203 3212 4249 et
3257 4194 3558 4266 tympanis,
3609 4202 3659 4247 et

389 4283 747 4358 εὐφροσύνης,
892 4284 1030 4356 μετὰ
1062 4285 1357 4357 μουσικῶν,
1405 4286 1498 4339 καὶ
1525 4284 1847 4356 τυμπάνων,
1879 4286 1974 4338 καὶ
2001 4344 2028 4364 l

2088 4284 2324 4338 citharis.
2368 4301 2383 4333 ι
2417 4281 2694 4364 ΕῙιιεδηοάἰ
2723 4289 2905 4338 autem
2948 4284 3285 4355 symphoniae
3336 4284 3515 4339 simile
3554 4292 3660 4351 est,

390 4344 978 4449 κιθάρας-δ’ἶΑδελφδν
1009 4344 1075 4430 δὲ.
1116 4377 1215 4448 τῆς
1265 4344 1517 4449 τοιαύτης
1568 4344 1885 4448 συμφωνίας
1911 4376 1973 4430 τὸ
2000 4344 2028 4399 ί

2088 4375 2220 4444 quod
2238 4344 2479 4429 secundo
2508 4344 2717 4440 R'egum
2736 4380 2936 4434 exstat,
2965 4344 3185 4444 qua-udo
3211 4374 3462 4430 videlicet
3484 4395 3499 4423 ι
3546 4344 3660 4430 ira;

387 4467 447 4520 ὲν
490 4469 557 4538 τῇ
606 4466 651 4537 β’
675 4466 785 4522 τῶν
836 4464 1173 4521 Βασιλειῶν
1219 4467 1621 4539 γεγραμμένον,
1661 4466 1824 4537 ἡνίκα
1856 4484 1875 4517 ι
1922 4466 1973 4518 οἱ

2088 4482 2184 4522 .res
2206 4484 2223 4516 ι
2263 4464 2571 4519 Aminadab
2588 4481 2608 4513 ι
2634 4464 2786 4519 ibant
2808 4473 2943 4519 ante
2959 4482 3181 4531 arcam;
3216 4466 3382 4522 David
3405 4477 3587 4523 autem
3607 4475 3660 4523 et

386 4559 603 4630 ἀδελφοὶ
639 4581 658 4613 ι
691 4559 785 4615 τοῦ
831 4559 1131 4632 ’Δμιναδὰὸ
1162 4560 1272 4632 (90)
1323 4579 1341 4612 ι
1368 4601 1374 4608 .
1410 4559 1735 4633 ὲπορεύοντο
1764 4559 1973 4631 ἐμπρο-

2095 4559 2246 4628 psius
2296 4557 2448 4627 pueri
2503 4556 2801 4611 laudabant
2841 4573 3029 4613 coram
3071 4559 3304 4615 Domino
3343 4561 3396 4614 iu
3443 4560 3661 4629 organis

1588 4669 1820 4724 VETUS
1859 4668 2452 4725 lNTEliPliETA'IlO.

456 4765 509 4836 li.
555 4783 578 4815 ‹
609 4765 998 4836 lterumamen
1019 4764 1151 4836 dico
1176 4766 1352 4829 vobis,
1377 4766 1506 4835 quia
1541 4764 1586 4819 si
1619 4764 1727 4836 duo
1756 4774 1994 4836 vestrum
2022 4764 2405 4836 consenserint
2436 4779 2609 4836 super
2633 4773 2857 4836 terram,
2886 4766 2954 4819 de
2982 4766 3129 4836 omni
3162 4780 3242 4836 re,
3274 4780 3660 4836 quamcunque

455 4835 658 4898 tierint,
690 4837 781 4889 fiet
810 4834 919 4888 illis
962 4850 990 4888 a
1019 4833 1178 4889 Patre
1205 4850 1328 4889 meo
1349 4832 1441 4905 qui
1479 4836 1532 4888 in
1563 4835 1720 4889 ccelis
1744 4843 1847 4887 est.
1888 4832 1990 4888 Ubi
2017 4835 2162 4889 enim
2194 4835 2302 4889 duo
2324 4836 2408 4888 vel
2445 4832 2556 4889 tres
2588 4834 2793 4888 fuerint
2821 4835 3133 4905 congregati
3156 4835 3229 4905 in
3261 4832 3483 4889 nomine
3512 4832 3657 4903 meo,

408 4905 457 4962 bi
492 4921 612 4960 sum
649 4906 702 4958 in
732 4906 913 4959 medio
946 4920 1159 4959 eorum.
1192 4925 1209 4956 ι
1254 4906 1311 4958 1η
1349 4904 1544 4975 primis
1577 4905 1862 4975 videamus
1902 4905 2196 4973 sapienter.
2233 4906 2278 4959 si
2312 4912 2489 4974 potest
2538 4906 2641 4959 iste
2671 4919 2975 4959 consensus
2998 4920 3119 4959 esse
3148 4904 3202 4975 in
3241 4905 3446 4975 multis,
3486 4906 3565 4958 vel
3602 4907 3655 4958 in

384 4982 498 5029 toto
528 4983 820 5039 conventu,
860 4983 920 5027 ut
953 4975 1006 5028 in
1054 4975 1232 5029 medio
1263 4973 1453 5029 eorum
1488 4975 1560 5029 sit
1586 4974 1843 5029 Christus
1869 4990 1883 5026 :
1909 4976 2037 5043 quia
2084 4992 2103 5026 ι
2134 4973 2363 5041 angusta
2407 4984 2463 5029 et
2505 4975 2762 5029 tribulata
2792 4975 2878 5027 via
2912 4982 2997 5029 est
3024 4989 3143 5043 quae
3173 4973 3324 5027 ducit
3362 4976 3427 5027 ad
3467 4975 3657 5039 vitam,

381 5054 436 5100 et
466 5046 623 5113 pauci
669 5056 797 5100 sunt
838 5045 932 5114 qui
978 5046 1259 5099 inveniunt
1300 5061 1443 5100 eam.
1478 5065 1497 5097 ι
1556 5044 1806 5099 Forsitan
1826 5054 2023 5114 autem
2081 5046 2320 5114 hocAtali
2370 5060 2641 5100 consensu
2690 5060 2790 5098 nec
2823 5045 2980 5113 pauci
3013 5043 3366 5098 consentiunt
3412 5044 3513 5098 sibi
3562 5062 3658 5114 per

380 5114 586 5179 omnia,
614 5115 709 5170 sed
738 5112 1022 5184 dno—forte
1052 5116 1134 5169 vel
1164 5124 1293 5179 tres,
1325 5117 1468 5170 sicut
1491 5115 1706 5178 Petrus,
1733 5123 1788 5169 et
1815 5112 2072 5178 Iacobus,
2105 5126 2158 5169 et
2181 5112 2443 5180 Joannes,
2475 5116 2676 5183 quibus
2704 5112 2862 5182 quasi
2910 5113 3383 5169 consentientibus
3413 5115 3516 5169 sibi
3562 5112 3657 5184 per

382 5184 569 5239 omnia
606 5185 843 5240 ostendit
875 5183 1110 5239 Verbum
1145 5184 1242 5239 Dei
1269 5185 1497 5255 gloriam
1540 5200 1719 5246 suam.
1749 5200 1816 5238 ex
1854 5201 1920 5239 eo
1947 5186 2094 5253 quod
2136 5201 2242 5237 non
2278 5186 2509 5239 habebat
2550 5184 2812 5255 speciemA
2833 5199 3010 5253 neque
3040 5184 3318 5245 decorem,
3346 5183 3568 5238 vertens
3594 5199 3655 5238 se

381 5255 449 5324 ad
478 5255 712 5324 gloriam
739 5270 917 5316 suam,
951 5265 1009 5310 ut
1038 5252 1360 5310 vestimenta
1403 5271 1503 5310 sua
1540 5256 1851 5324 ostenderet
1877 5252 2328 5324 eisspleodentia
2360 5257 2503 5310 sicut
2533 5252 2740 5324 lumen.
2774 5252 3183 5324 Consenserunt
3228 5262 3413 5307 autem
3440 5263 3495 5307 et
3518 5255 3651 5324 duo,

381 5321 588 5381 Paulus
612 5332 667 5379 et
692 5323 995 5381 Sosthenes
1008 5325 1310 5381 scribentes
1326 5324 1627 5380 Corinthiis
1645 5323 1936 5395 Epistolam
1958 5321 2212 5396 primam.
2238 5325 2368 5380 Item
2382 5324 2586 5379 Paulus
2606 5333 2661 5378 et
2682 5321 3004 5379 Timotheus
3035 5323 3310 5377 mittentes
3331 5323 3649 5377 secundam.

459 5464 507 5497 ⁸³
544 5462 734 5520 Matth.
768 5480 921 5529 “ut,
954 5466 1041 5521 l9.
1110 5466 1157 5499 ’δ
1195 5464 1327 5519 Luc.
1361 5480 1450 5529 xv,
1486 5464 1577 5516 25.
1653 5465 1700 5495 “
1739 5464 1869 5518 ihid.
1909 5464 2001 5519 52.
2080 5466 2126 5497 ⁸⁸
2164 5466 2297 5520 Gen.
2332 5479 2483 5525 aut,
2517 5463 2607 5517 27.

452 5579 567 5655 (89)
606 5578 843 5655 Γρρφῆ-
867 5581 1061 5655 ,(ἶράει
1096 5580 1318 5655 3.98M»
1350 5583 1541 5655 ije-
1574 5650 1584 5655 -
1666 5650 1695 5655 __
1832 5651 1843 5655 -

2088 5598 2295 5638 nvncem
2323 5588 2742 5655 permutantur.
2763 5577 2964 5655 _Editio
2995 5576 3210 5655 90mph
3243 5573 3285 5629 ll
3310 5572 3449 5655 ,βεδε
3483 5588 3557 5639 vl,
3587 5573 3644 5655 ρ.

454 5644 883 5727 (90)-ῇόὥροὶ
928 5644 1253 5727 Ἀμιναδᾷα
1300 5644 1405 5707 etc.
1449 5644 1626 5727 Editio
1657 5650 1955 5727 Complutq

2088 5644 2428 5727 iraetermittit
2463 5650 2626 5727 τοηὲν
2652 5648 2821 5727 tax-.33.,
2856 5648 3008 5727 quod
3057 5644 3277 5727 eahibet
3307 5644 3556 5727 Sixtina;
3591 5645 3645 5697 in

395 5720 699 5785 ’A6tva6a6,
731 5714 799 5792 et
820 5722 901 5792 ita
924 5714 1266 5792 scribendum
1297 5733 1435 5784 crat,
1483 5723 1575 5778 sed
1602 5721 1748 5790 quod
1783 5714 1814 5790 β
1841 5720 1956 5774 alii-
2065 5714 2227 5792 quem
2263 5723 2441 5776 locum
2473 5714 2743 5792 videndus
2770 5714 3050 5792 Nobilius._
3071 5714 3350 5792 Universae
3376 5715 3641 5772 editiones

383 5806 507 5847 nem
535 5792 666 5848 olim
699 5790 775 5862 τῷ
809 5809 847 5861 μ
877 5790 1105 5861 ﬁguram
1141 5791 1428 5858 obtineret,
1485 5785 1794 5863 propterea
1816 5806 1959 5860 saepe

2088 5785 2265 5848 iubent
2305 5791 2649 5862 ἐπορεύοντο,
2681 5806 2789 5844 ιιοιι
2816 5787 3200 5860 ἐμπορεύοντο.
3239 5785 3503 5842 Hunnus.
