4146 6440
495 374 631 425 ιιιιες

1986 369 2312 427 ORIGENIS

3633 367 3772 422 ΗΜ

489 502 606 548 arte
635 490 840 561 paratis
872 492 927 547 in
971 491 1170 545 virtute
1221 498 1276 546 et
1302 488 1347 521 "
1408 489 1464 543 in
1521 490 1781 556 canticis;
1818 507 1841 543 ι
1882 505 2085 560 organa

2192 488 2317 541 σθεν
2350 488 2450 556 τῆς
2507 484 2764 550 κιϐωτοῦ,
2801 487 2895 539 καὶ
2925 483 3087 538 Δαυτδ
3124 482 3219 538 καὶ
3267 484 3317 538 oi
3346 485 3450 538 υἱοὶ
3490 485 3775 550 παίζοντες

488 583 634 637 enim
669 591 854 651 parata
889 582 942 636 in
973 582 1173 636 virtute
1203 589 1256 636 et
1281 581 1511 635 canticis
1534 581 1915 651 symphoniam
1952 582 2005 634 in
2031 598 2090 636 se

493 688 761 727 musncam
813 673 1199 738 continebant;
1251 688 1373 742 quae
1413 672 1507 726 tali
1548 672 1750 726 virtute
1790 672 1989 742 pollet,
2033 682 2089 726 ut

490 765 705 819 duobus
734 765 1081 819 solummodo
1123 780 1235 818 rem
1263 765 1566 833 quamlibet
1611 781 1638 818 a
1687 763 1848 820 Patre
1888 766 1979 834 qui
2034 765 2086 818 in

492 855 645 909 caelis
680 865 784 920 est,
820 872 945 909 cum
975 855 1301 926 svmphOuia
1330 865 1384 911 et
1424 866 1695 912 concentu
1734 858 1800 911 ad
1847 857 2085 911 divinam

491 956 546 1000 et
574 947 914 1014 spiritualem
944 949 1211 1002 musicam
1250 950 1522 1016 precando
1552 948 1944 1018 ﬂagitantibus,
1990 964 2089 1017 po-

493 1041 693 1094 stulata
735 1041 816 1094 his
863 1039 1027 1093 Pater
1079 1049 1287 1094 annuat
1331 1042 1425 1110 qui
1476 1042 1872 1095 consentiendo
1923 1057 2085 1110 supra

493 1147 696 1185 terram
727 1147 791 1186 ea
830 1132 1247 1201 postulaverint,
1279 1148 1401 1202 quae
1428 1142 1711 1203 rogassent
1751 1133 1787 1187 ii
1831 1134 1924 1203 qui
1962 1142 2088 1187 aute

489 1222 688 1276 dictam
720 1223 1105 1294 symphoniam
1134 1224 1299 1278 simul
1324 1224 1646 1289 edidissent;
1680 1225 1826 1293 quod
1879 1241 2082 1280 novum

490 1312 641 1368 dictu
674 1323 761 1368 est
790 1321 845 1368 et
890 1315 1159 1386 mirabile.
1210 1314 1302 1370 Sic
1341 1331 1443 1386 ego
1497 1332 1714 1384 quoque
1758 1317 1916 1370 verba
1972 1318 2087 1373 hzec

490 1407 738 1476 Apestoli
783 1408 1112 1476 interpretor
1160 1427 1174 1461 :
1228 1428 1245 1460 ι
1295 1407 1471 1465 Nolite
1520 1410 1771 1464 fraudare
1827 1411 2083 1476 invicem,

494 1499 596 1553 nisi
626 1498 763 1554 forte
795 1515 859 1554 ex
896 1515 1166 1556 consensu
1203 1500 1268 1554 ad
1307 1510 1540 1571 tempus,
1598 1513 1655 1558 ut
1704 1504 1914 1557 vacetis
1960 1520 2087 1559 ora-

491 1592 629 1645 tioni
669 1593 734 1645 '3.
774 1611 793 1644 ι
827 1592 1096 1658 Quoniam
1129 1593 1273 1647 enim
1306 1595 1606 1649 harmoniae
1644 1596 1971 1650 vocabulum
2019 1598 2085 1653 iis

492 1685 586 1752 qui
610 1685 908 1740 secundum
941 1685 1110 1739 Deum
1140 1687 1415 1741 connubio
1430 1687 1736 1758 junguntur
1770 1690 1821 1743 in
1847 1691 2084 1760 quodam

493 1772 910 1830 Proverbiorum
941 1776 1063 1830 loco
1100 1776 1382 1844 tribuitur,
1414 1779 1509 1848 qui
1542 1780 1621 1834 sic
1650 1780 1812 1835 habet
1852 1799 1865 1834 :
1899 1800 1918 1833 ι
1974 1781 2083 1836 Do-

2194 577 2423 631 ὲνώπιον
2447 576 2654 649 Κυρίου
2705 579 2763 630 ὲν
2813 576 3066 649 ὀργάνοις
3126 576 3498 648 ήρμοσμένοις
3530 579 3588 629 ὲν
3634 578 3776 647 ίσχύῖ

2193 672 2284 724 καὶ
2313 670 2530 741 ᾠδαῖς-ι
2564 671 2633 722 τὰ
2665 669 2778 740 γὰρ
2811 667 3130 740 ἡρμοσμένα
3175 666 3381 739 ὄργανα
3416 668 3471 720 ἐν
3508 667 3653 740 ἰσχύϊ
3684 672 3780 724 καὶ

2191 760 2355 832 ᾠδαῖς
2393 756 2538 831 εἶχεν
2569 762 2625 812 έν
2655 761 2837 823 αὐτοῖς
2867 760 2965 830 τὴν
2992 759 3257 830 μουσικὴν
3292 759 3636 830 συμφωνίαν,
3656 760 3777 831 ἦτις

2190 851 2441 905 τοσοῦτον
2475 852 2717 915 δύναται,
2745 851 2819 914 ὡς
2848 849 2942 903 δύο
2990 849 3165 920 μόνων
3198 849 3334 921 μετὰ
3362 851 3460 921 τῆς
3511 850 3650 923 πρὸς
3680 850 3778 923 τήν

2190 940 2341 997 θείαν
2378 942 2641 1014 μουσικὴν
2670 944 2766 995 καὶ
2814 936 3190 1012 πνευματικὴν
3221 941 3539 1011 συμφωνίας
3564 942 3777 1013 αἴτησιν

2192 1034 2582 1103 προσαγόντων
2638 1032 2717 1104 τῷ
2768 1034 2828 1085 ὲν
2857 1035 2971 1095 τοῖς
3003 1032 3248 1105 οὐρανοῖς
3291 1032 3467 1102 Πατρὶ
3517 1033 3646 1104 περὶ
3687 1033 3767 1086 οὐ⁹

2187 1125 2450 1190 τινοσοῦν,
2464 1125 2553 1180 τὸν
2566 1125 2789 1196 Πατέρα
2805 1123 3001 1178 διδόναι
3016 1124 3087 1178 τὰ
3104 1124 3227 1195 αἰτή
3236 1141 3378 1195 ματα
3390 1127 3503 1189 τοῖς
3527 1124 3665 1196 μετὰ
3681 1123 3777 1179 τοῦ

2190 1221 2498 1289 συμφωνεῖν
2527 1220 2620 1272 ἐπὶ
2647 1220 2771 1290 γῆς,
2788 1220 2925 1290 ὅπερ
2950 1217 3067 1271 ἐστὶ
3081 1216 3532 1289 παραδοξότατον,
3550 1219 3777 1290 αἰτήσα-

2190 1326 2297 1374 σιν,
2337 1309 2479 1381 ἆπερ
2506 1311 2790 1379 αίτήσαιεν
2817 1309 2883 1363 ἂν
2908 1311 2957 1364 οἱ
2997 1309 3094 1380 τὴν
3119 1307 3414 1380 εἰρημένην
3459 1310 3778 1381 συμφωνίαν

2190 1405 2450 1476 συμφωνή
2462 1402 2862 1467 σαντες.οῦτως
2879 1400 2989 1471 ἐγὼ
3005 1401 3188 1457 ἀκούω
3204 1401 3404 1455 καὶτοῦ
3423 1402 3778 1457 ἀποστολικοῦ

2193 1496 2387 1568 ρητοῖν
2431 1516 2449 1547 ι
2484 1497 2576 1568 Μὴ
2611 1498 2963 1568 ἀποστερεῖτε
2996 1496 3276 1569 ἀλλήλους,
3318 1498 3367 1549 εί
3424 1496 3498 1567 μή
3524 1513 3579 1549 τι
3604 1495 3669 1550 ἂν
3717 1496 3778 1551 ὲν

2191 1588 2483 1661 συμφώνου
2515 1589 2651 1662 πρὸς
2669 1590 2880 1660 καιρὸν,
2902 1589 2988 1642 ἵνα
3022 1588 3319 1659 σχολάσητε
3342 1590 3409 1658 τῇ
3440 1590 3772 1661 προσευχῇ.»

2199 1682 2352 1735 Ἐπεὶ
2392 1681 2498 1752 γὰρ
2558 1682 2618 1735 τὸ
2667 1681 2768 1752 τῆς
2803 1681 3069 1753 ἁρμονίας
3116 1680 3285 1751 ὄνομα
3343 1680 3434 1733 ἐπὶ
3474 1678 3583 1732 τῶν
3640 1681 3780 1735 κατὰ

2186 1775 2318 1828 Θεὸν
2362 1775 2683 1845 γαμούντων
2732 1776 2988 1828 τέτακται
3030 1775 3095 1830 ἂν
3128 1776 3206 1845 τῷ
3239 1775 3412 1840 οὕτως
3452 1776 3518 1828 ἐκ
3572 1779 3775 1844 Παροι-

491 1883 638 1920 mum
670 1879 722 1921 et
751 1869 1114 1924 subsmntiam
1141 1871 1385 1925 divident
1414 1880 1594 1940 patres
1623 1873 1769 1939 ﬁliis,
1803 1889 1831 1927 a
1853 1874 2083 1929 Domino

2191 1865 2340 1936 μιῶν
2392 1866 2713 1937 τεταγμένῳ
2770 1867 2937 1938 ρητᾷν
3004 1886 3021 1917 ι
3071 1863 3231 1921 Οἷκον
3286 1870 3380 1921 καὶ
3415 1867 3647 1941 ὕπαρξιν
3686 1887 3780 1941 με-

491 1970 676 2013 autem
710 1960 828 2015 viro
863 1976 1002 2015 uxor
1030 1961 1384 2032 conjungitur
1429 1963 1496 2030 ⁸⁸,
1554 1983 1572 2014 ι
1613 1979 1960 2035 consequens
2001 1974 2085 2022 est

493 2053 800 2109 harmoniae
831 2070 954 2124 quae
987 2070 1016 2108 a
1049 2053 1159 2109 Deo
1189 2065 1274 2110 est
1306 2064 1359 2111 et
1389 2057 1613 2112 nomine
1640 2058 1983 2127 symphoniae
2023 2075 2087 2114 ac

490 2160 817 2209 consensus,
852 2154 905 2199 et
936 2145 1052 2214 ipsa
1080 2161 1139 2200 re
1168 2148 1233 2200 ad
1275 2147 1582 2202 orationem
1626 2146 1766 2215 frui;
1810 2150 1955 2218 quod
2005 2151 2085 2203 vel

493 2236 617 2290 inde
644 2237 815 2306 liquet
846 2255 861 2291 :
896 2256 914 2289 ι
954 2236 1069 2293 Nisi
1104 2237 1246 2293 forte
1278 2254 1345 2295 ex
1379 2254 1654 2296 consensu
1693 2241 1763 2296 "°.
1815 2260 1834 2292 ι
1886 2240 2086 2296 Deinde

492 2326 743 2394 pluribus
765 2327 1052 2381 declarans
1076 2326 1316 2382 Verbum
1348 2328 1488 2382 idem
1513 2343 1637 2383 esse
1669 2347 1689 2379 ι
1720 2327 1832 2382 duo
1858 2343 2088 2383 consen-

495 2418 594 2472 tire
629 2434 792 2487 super
820 2428 1044 2483 terram,
1086 2439 1104 2470 ι
1141 2434 1204 2475 ac
1229 2420 1449 2474 Christo
1473 2421 1806 2484 consentire,
1859 2420 2089 2489 subjun-

492 2510 569 2579 git
602 2528 616 2565 :
656 2529 674 2561 ι
713 2508 816 2566 Ubi
852 2512 998 2565 enim
1032 2512 1286 2567 suntduo
1312 2512 1397 2565 vel
1423 2522 1532 2569 tres
1558 2515 1874 2582 congregati
1906 2514 1958 2567 in
1988 2529 2090 2566 no-

495 2605 641 2659 mine
679 2621 801 2659 meo
832 2605 897 2659 ⁷¹.
937 2623 956 2655 ι
996 2603 1116 2659 Duo
1140 2604 1305 2676 igitur
1334 2605 1418 2659 vel
1452 2615 1563 2661 tres
1592 2607 1647 2660 in
1685 2607 1907 2662 nomine
1935 2605 2091 2661 Chri-

492 2694 561 2748 sti
595 2695 934 2763 congregati,
960 2695 995 2749 ii
1029 2705 1159 2751 sunt
1180 2697 1274 2767 qui
1299 2713 1465 2767 super
1493 2706 1696 2753 terram
1730 2715 1836 2754 non
1868 2700 1979 2755 duo
1999 2714 2090 2753 so-

493 2787 627 2854 lum,
662 2789 755 2843 scd
783 2796 838 2842 et
865 2796 975 2844 tres
1005 2805 1401 2859 nonnunquam
1430 2792 1800 2847 consentiunt.
1826 2792 2092 2847 Animad-

493 2887 667 2933 vertet
693 2888 874 2934 autem
911 2879 1004 2950 qui
1039 2880 1264 2949 poterit,
1299 2896 1367 2935 an
1393 2882 1717 2953 symphonia
1741 2883 1857 2938 haec
1884 2893 1937 2938 et
1958 2899 2093 2938 con-

492 2986 712 3043 sensus,
742 2988 806 3027 ac
839 2972 964 3027 talis
993 2972 1369 3043 congregatio,
1402 2973 1562 3043 cujus
1596 2974 1652 3029 in
1678 2975 1859 3030 medio
1901 2991 2090 3031 versa-

496 3074 585 3119 tur
607 3063 882 3131 Christus,
924 3064 978 3118 in
1034 3064 1283 3133 pluribus
1323 3067 1550 3135 reperiri
1598 3069 1795 3136 possit,
1828 3067 2086 3137 quando-

493 3156 713 3226 quidem
752 3175 771 3208 ι
804 3164 1034 3228 angusta
1065 3167 1220 3227 porta
1255 3166 1309 3211 et
1341 3167 1490 3214 arcta
1527 3160 1616 3216 via
1650 3170 1734 3215 est
1766 3176 1890 3231 qua;
1935 3160 2090 3215 ducit

2196 1958 2438 2030 ριοῦνται
2469 1958 2705 2030 πατέρες
2766 1960 2946 2022 παισὶ,
2991 1958 3142 2031 παρὰ
3184 1959 3239 2013 δὲ
3297 1959 3432 2013 Θεοῦ
3482 1960 3781 2031 ἁρμόζεται

2191 2047 2329 2115 γυνὴ
2362 2046 2572 2118 ἀνδρὶ,›
2609 2047 2900 2100 ἀκόλουθόν
2926 2049 3041 2100 ὲστι
3065 2051 3129 2119 τῇ
3160 2047 3269 2102 ἀπὸ
3298 2049 3433 2103 Θεοῦ
3459 2052 3697 2123 ἁρμονίᾳ
3720 2051 3781 2105 τὸ

2188 2137 2359 2209 ὄνομα
2393 2139 2486 2192 καὶ
2514 2138 2574 2190 τὺ
2600 2138 2760 2210 ἔργον
2786 2139 3078 2194 ἀπολαύειν
3108 2141 3206 2211 τῆς
3240 2143 3556 2212 συμφωνίας
3585 2145 3664 2207 είς
3694 2144 3782 2197 εύ-

2189 2230 2317 2302 χὴν,
2347 2231 2484 2303 ὅπερ
2515 2230 2771 2302 δηλοῦται
2800 2233 2859 2285 ὲν
2886 2231 2985 2303 τῷ·
3049 2251 3069 2283 ι
3102 2232 3165 2285 Εἰ
3202 2234 3334 2304 μήτι
3370 2231 3434 2286 ἂν
3465 2235 3528 2287 ὲκ
3559 2233 3783 2306 συμφώ-

2191 2340 2308 2375 νου.
2326 2342 2343 2373 ι
2377 2320 2490 2376 Εἶτ’
2519 2306 2800 2393 ἓπιδιηγού
2810 2340 2968 2395 μενος
2995 2325 3022 2377 6
3042 2323 3213 2393 Λόγος
3227 2325 3286 2378 τὸ
3312 2344 3330 2377 ι
3365 2330 3675 2397 συμφωνεῖν
3691 2330 3785 2381 ἐπὶ

2190 2418 2289 2489 τῆς
2324 2417 2427 2488 γῆς
2457 2417 2604 2480 δύο,›
2639 2418 2722 2471 ὅτι
2746 2418 2943 2473 ταύτόν
2992 2418 3108 2471 ἐστι
3137 2418 3295 2472 τοῦτο
3349 2420 3425 2492 τῷ
3476 2424 3784 2491 συμφωνεῖν

2189 2506 2268 2579 τῷ
2292 2507 2537 2580 Χριστῷ,
2573 2509 2824 2578 ἐπιφέρει
2873 2506 2955 2562 τό’
3021 2528 3038 2558 ι
3066 2502 3139 2563 Οῦ
3169 2509 3276 2580 γάρ
3309 2511 3415 2564 εἱσι
3446 2510 3540 2564 δύο
3568 2511 3600 2581 ἢ
3632 2515 3785 2584 τρεῖς

2192 2599 2525 2671 συνηγμένοι
2558 2602 2638 2664 είς
2655 2600 2716 2653 τὸ
2740 2600 2872 2671 ἐμὸν
2900 2600 3127 2668 ὄνομα.»
3171 2600 3380 2655 Οὐκοῦν
3430 2604 3478 2655 οἱ
3512 2605 3785 2675 συνηγμέ-

2190 2710 2271 2746 νοι
2300 2695 2380 2757 είς
2410 2694 2472 2746 τὸ
2496 2690 2591 2746 τοῦ
2625 2690 2863 2764 Χριστοῦ
2902 2691 3073 2764 ὄνομα
3096 2690 3246 2763 δύοῆ
3279 2695 3447 2765 τρεῖς,
3477 2694 3528 2747 οἱ
3553 2712 3783 2765 συμφω-

2191 2785 2412 2850 νοῦντές
2435 2788 2572 2839 εἰσιν
2599 2784 2693 2838 ἐπὶ
2750 2784 2854 2854 γῆς
2905 2784 2965 2837 ού
3004 2783 3163 2856 μόνον
3197 2783 3260 2854 β’,
3288 2783 3403 2838 ἀλλ’
3433 2784 3544 2838 ἔσθ’
3579 2786 3667 2839 ὅτε
3690 2788 3785 2840 καὶ

2190 2880 2362 2950 τρεῖς.
2407 2878 2727 2948 Ἐπιστήσει
2786 2876 2842 2929 δὲ
2894 2879 2922 2930 6
2967 2875 3264 2946 δυνάμενος
3321 2876 3368 2928 εί
3419 2878 3452 2947 ή
3496 2882 3786 2950 συμφωνία

2189 2969 2350 3043 αὕτη,
2380 2971 2475 3024 καὶ
2501 2973 2533 3039 ἡ
2556 2968 2780 3041 τοιαύτη
2803 2962 3125 3038 συναγωγὴ,
3146 2963 3212 3039 ἧς
3241 2970 3268 3022 6
3294 2969 3526 3040 Χριστὸς
3548 2973 3606 3022 ὲν
3633 2971 3782 3042 μέσιγ

2191 3063 2329 3129 ἐστὶ,
2360 3062 2586 3117 δύναται
2616 3062 2904 3135 εὑρεθῆναι
2961 3062 3017 3115 ὲν
3068 3060 3338 3126 πλείοσιν,
3395 3064 3520 3117 ἐπεὶ
3550 3082 3568 3114 ι
3619 3065 3780 3138 στενὴ

2195 3160 2291 3214 καὶ
2318 3159 2655 3232 τεθλιμμένη
2688 3160 2913 3232 ήὸδὸςή
2940 3160 3233 3230 ἀπάγουσα
3265 3164 3345 3226 εἰς
3377 3161 3474 3233 τὴν
3502 3161 3666 3234 ζωὴν,
3686 3165 3785 3216 καὶ

494 3249 561 3303 ad
596 3248 787 3317 vitam,
817 3258 871 3304 et
908 3250 1068 3319 pauci
1117 3259 1246 3305 sunt
1300 3251 1393 3320 qui
1439 3251 1726 3308 inveniunt
1772 3268 1892 3306 eam
1945 3254 2015 3307 τ’.
2062 3272 2083 3304 ι

2192 3251 2362 3321 ὀλίγοι
2392 3229 2530 3306 εἰσιν
2555 3255 2603 3307 οί
2645 3229 3002 3327 -εῦρίσκοντες
3029 3253 3255 3325 αὐτήν.»
3293 3229 3447 3325 Τάχα
3475 3253 3532 3307 δὲ
3562 3229 3657 3308 καὶ
3681 3255 3783 3326 τὴν

496 3343 751 3398 Fortasse
780 3359 909 3398 vero
942 3359 1010 3398 ne
1032 3345 1192 3413 pauci
1216 3345 1460 3414 quidem,
1488 3344 1581 3401 sed
1599 3346 1708 3401 duo
1728 3345 1810 3400 vel
1827 3352 1940 3400 tres
1961 3360 2087 3400 con-

495 3435 761 3501 sentiunt,
788 3436 1244 3506 quemadmodum
1308 3435 1539 3501 Petrus,
1600 3446 1654 3492 et
1697 3435 1979 3503 Jacobus,
2032 3447 2086 3492 et

493 3524 750 3588 Joannes,
784 3527 985 3596 quibus
1024 3529 1490 3585 consentientibus
1520 3529 1749 3599 gloriam
1787 3544 1944 3584 suam
1983 3544 2085 3600 pa-

493 3618 680 3676 tefecit
711 3619 946 3675 Verbum
984 3619 1103 3677 Dei.
1136 3621 1547 3678 Consenserunt
1567 3631 1748 3678 autem
1777 3623 1907 3687 duo,
1938 3623 2084 3677 Pau-

493 3711 581 3768 lus
609 3721 664 3767 et
698 3712 1020 3779 Sosthenes,
1053 3728 1179 3769 cum
1215 3713 1452 3783 priorem
1506 3714 1574 3769 ad
1615 3713 1929 3770 Corinthios
1948 3712 2081 3784 Epi-

492 3806 691 3860 stolam
727 3806 1176 3875 conscripserunt
1198 3806 1268 3872 ⁷³;
1302 3814 1416 3860 tum
1448 3805 1643 3861 deinde
1675 3806 1964 3875 Pauluset
1996 3807 2090 3861 Ti-

498 3897 793 3964 motheus,
843 3912 967 3952 eum
1014 3898 1241 3952 alteram
1293 3898 1363 3954 ad
1414 3899 1637 3953 eosdem
1693 3899 1968 3955 miserunt
2006 3900 2088 3967 ἐς

495 3989 794 4058 quinetiam
856 3999 1259 4047 consenserunt
1301 4000 1448 4061 tres,
1487 3992 1707 4063 quando
1747 3991 1951 4048 Paulus
1968 4024 1991 4057 ,-
2040 4004 2096 4050 et

2194 3345 2514 3417 συμφωνίαν
2548 3345 2669 3398 οὐδὲ
2691 3344 2884 3413 ὀλίγοι,
2921 3344 3058 3399 ἀλλά
3087 3344 3180 3399 δύο
3207 3345 3240 3417 ἢ
3282 3349 3430 3417 τρεῖς
3468 3347 3783 3417 συμφωνοῦ-

2193 3454 2300 3502 σιν,
2330 3437 2407 3501 ὼς
2426 3437 2653 3508 Πέτρος,
2687 3437 2781 3491 καὶ
2830 3435 3083 3500 Ἰάκωὸος
3103 3438 3198 3492 καὶ
3238 3437 3508 3510 Ἰωάννης,
3540 3431 3623 3502 οἷς
3649 3455 3785 3508 συμ-

2193 3528 2465 3600 φωνοῦσιν
2493 3528 2691 3595 ἔδειξεν
2713 3527 2877 3581 αὐτοῦ
2900 3528 2998 3600 τὴν
3048 3528 3205 3596 δόξαν
3232 3530 3261 3583 6
3289 3530 3459 3599 Λόγος
3485 3530 3576 3584 τοῦ
3617 3529 3777 3584 Θεοῦ.

2193 3620 2586 3692 Συνεφώνησαν
2614 3621 2671 3674 δὲ
2697 3619 2791 3674 δύο
2822 3620 2941 3692 μὲν,
2969 3620 3180 3685 Παῦλος
3206 3621 3301 3675 καὶ
3322 3621 3624 3693 Σωσθένης,
3643 3622 3781 3695 γράο

2194 3729 2387 3782 φοντες
2444 3712 2544 3784 τὴν
2603 3713 2876 3785 προτέραν
2924 3713 3232 3784 Κορινθίοις
3273 3716 3607 3789 Ἑπιστολήν·
3640 3716 3780 3788 μετά

2194 3804 2354 3860 τοῦτο
2380 3806 2437 3860 δὲ
2465 3806 2678 3870 Παῦλος
2742 3806 2837 3859 καὶ
2891 3806 3177 3878 Τιμόθεος,
3230 3807 3637 3873 ἐπιστέλλοντες
3682 3808 3780 3879 τήν

2197 3898 2457 3971 δευτέραν
2485 3901 2599 3961 τοῖς
2626 3898 2829 3962 αὐτοῖς·
2869 3899 2964 3951 καὶ
2997 3902 3147 3969 τρεῖς
3175 3898 3232 3952 δὲ
3259 3898 3666 3972 συνεφώνησαν,
3687 3901 3779 3955 ὅτε

2202 3991 2434 4057 Παῦλος,
2467 3993 2563 4045 καὶ
2591 3990 2898 4056 Σιλουανὸς,
2934 3992 3030 4046 καὶ
3063 3990 3325 4064 Τιμόθεος
3372 3992 3658 4049 ἐπαίδευον
3709 3992 3785 4047 δι’

1707 4131 1943 4190 VETUS
1985 4131 2570 4190 INTERPRETATIO.

499 4253 1143 4329 l_'1ttres_consenserunt,
1176 4264 1236 4310 ut
1268 4267 1413 4329 esset
1437 4256 1693 4329 Christus
1738 4256 1791 4310 in
1835 4258 2016 4329 medio
2055 4272 2271 4321 eorum,
2300 4256 2535 4329 Paulus,
2572 4265 2623 4312 et
2653 4257 2958 4329 Sylvanus,
3013 4266 3068 4312 et
3111 4256 3430 4312 Timotheus
3473 4255 3783 4329 scribentes

495 4323 1096 4397 Tliessalonicensibus.
1126 4323 1255 4382 ltem
1275 4326 1328 4381 in
1360 4325 1542 4381 Veteri
1562 4326 1908 4382 Testamento
1931 4327 2239 4384 invenimus
2256 4328 2659 4383 consentientes
2678 4323 2789 4382 tres
2819 4343 2983 4397 super
3002 4339 3221 4393 terram,
3256 4335 3315 4381 ut
3340 4336 3486 4382 esset
3512 4328 3564 4380 in
3590 4328 3777 4384 medio

494 4411 684 4449 eorum
713 4394 952 4468 Verbum
977 4396 1097 4468 Dei,
1134 4398 1277 4453 sicut
1319 4397 1559 4453 eatendit
1590 4396 1987 4468 suprascriptio
2022 4399 2215 4468 psalmi
2243 4397 2647 4468 quadragesimi
2682 4398 2843 4466 primi
2890 4394 3186 4468 continens
3221 4398 3297 4451 ita
3326 4416 3343 4468 ;
3378 4416 3399 4468 ι
3426 4398 3483 4450 ln
3519 4398 3681 4451 tinem
3718 4399 3773 4454 in

495 4480 766 4519 consensu
815 4467 941 4538 tiliis
963 4467 1122 4538 Core.
1155 4487 1173 4519 ι
1231 4467 1378 4538 Cum,
1398 4476 1585 4523 essent
1630 4477 1741 4522 tres
1785 4466 1881 4521 tilii
1911 4466 2054 4523 Core
2081 4466 2315 4538 quorum
2350 4469 2574 4521 nomina
2624 4468 2936 4538 invenimus
2986 4469 3040 4522 in
3075 4467 3284 4530 Exodo,
3309 4466 3453 4531 Asir,
3480 4468 3572 4535 qui
3608 4468 3781 4523 inter-

498 4545 742 4604 pretatur
783 4536 1037 4609 eruditio,
1084 4537 1308 4609 secundi
1341 4537 1598 4601 Helcana,
1658 4540 1804 4606 quod
1846 4536 2168 4609 intelligitur
2203 4538 2295 4592 Dei
2339 4548 2609 4609 creatura,
2650 4539 2799 4609 tertii
2842 4537 3141 4609 Abiasaph,
3194 4538 3340 4609 quod
3385 4538 3780 4609 interpretatur

496 4605 832 4673 congregatio
874 4606 1085 4673 patris:
1127 4606 1425 4678 prophetiie
1457 4624 1586 4678 ergo
1618 4605 1727 4661 nOn
1758 4618 1886 4663 sunt
1911 4605 2120 4675 divisae,
2156 4609 2250 4664 sed
2281 4608 2440 4678 quasi
2474 4624 2539 4663 ex
2582 4623 2693 4661 uno
2721 4608 2940 4677 spiritu,
2975 4605 3131 4678 quasi
3165 4605 3227 4664 ωε
3272 4622 3376 4661 una
3413 4605 3595 4662 anima
3626 4617 3680 4662 et
3707 4624 3779 4664 ex

498 4690 607 4730 una
651 4687 1109 4747 vocetconsensu
1161 4676 1409 4747 videlicet
1443 4676 1705 4744 operante
1747 4679 1801 4731 in
1848 4681 1949 4744 eis,
1981 4688 2111 4734 sunt
2146 4676 2311 4734 dictae
2349 4687 2404 4733 et
2447 4679 2683 4747 scripta},
2718 4676 2772 4732 et
2810 4676 3156 4733 locuti'sunt
3194 4689 3305 4733 tres
3328 4679 3488 4746 quasi
3522 4694 3662 4733 unus
3692 4679 3780 4733 di-

495 4754 723 4801 centes:
758 4765 777 4798 ι
808 4745 964 4799 Sicut
1009 4762 1205 4800 cervus
1261 4746 1538 4817 desiderat
1586 4749 1658 4801 ad
1712 4748 1892 4804 fontes
1923 4765 2212 4817 aquarum,
2256 4750 2327 4803 ita
2367 4745 2641 4803 desiderat
2690 4749 2873 4802 anima
2906 4764 3025 4802 mea
3057 4749 3124 4803 ad
3170 4761 3219 4804 te
3246 4745 3408 4801 Deus.
3437 4766 3454 4799 ι
3512 4746 3780 4803 Dixerunt

497 4827 678 4888 autem
710 4831 763 4871 et
797 4817 1078 4888 pluraliter
1124 4817 1178 4888 in
1212 4816 1632 4888 quadragesimo
1667 4819 1865 4874 tertio:
1896 4838 1915 4870 ι
1946 4816 2113 4882 Deus,
2147 4821 2375 4874 auribus
2407 4819 2612 4877 nostris
2636 4819 2967 4888 audivimus.
3000 4838 3019 4870 ι
3071 4819 3195 4874 ldco
3228 4829 3283 4873 et
3308 4818 3603 4886 Apostolus
3633 4834 3778 4888 prae-

496 4887 628 4957 cipit
653 4887 840 4941 dicens
866 4904 879 4938 :
913 4905 931 4938 (
963 4885 1034 4941 Ut
1056 4887 1178 4942 sitis
1210 4885 1444 4957 perfecti
1490 4886 1551 4957 in
1583 4889 1772 4944 eodem
1819 4905 2007 4956 sensu,
2042 4900 2097 4946 et
2130 4891 2184 4944 in
2210 4891 2400 4945 eadem
2438 4889 2731 4944 sententia.
2763 4909 2782 4941 ο
2831 4887 2897 4943 Ει
2953 4888 3005 4942 in
3033 4887 3261 4945 Actibus
3289 4885 3780 4944 de’consentienti-

499 4955 603 5011 luis
632 4956 798 5028 dicit:
832 4977 852 5009 ι
882 4956 1011 5011 Erat
1043 4965 1224 5012 autem
1262 4955 1598 5028 credentium
1637 4974 1733 5013 cur
1773 4976 1967 5025 unum,
1995 4955 2052 5016 et
2088 4961 2270 5015 anima
2314 4976 2457 5022 una;
2499 4978 2516 5010 ι
2562 4959 2823 5028 quoniam
2869 4958 2997 5014 facti
3032 4958 3248 5015 fuerant
3280 4974 3470 5023 unum,
3510 4958 3556 5013 si
3593 4967 3776 5014 tamen

500 5027 762 5096 possibile
791 5040 894 5101 est,
930 5029 1070 5084 sicut
1112 5028 1374 5092 diximus,
1414 5027 1465 5101 in
1491 5028 1690 5101 multis
1722 5031 1953 5084 inveniri
1986 5032 2081 5101 per
2110 5031 2292 5086 omnia
2326 5044 2496 5101 unum
2545 5027 2962 5101 sentientes,‘ut
2996 5046 3104 5101 nec
3144 5030 3357 5085 modica
3396 5030 3467 5101 sit
3503 5029 3779 5101 dissensio

499 5095 642 5151 inter
667 5112 786 5170 eos.
819 5095 937 5151 Non
973 5108 1164 5170 autem
1204 5096 1620 5170 consentiebant
1650 5098 1919 5170 Corinthii
1965 5095 2206 5157 dicentes
2233 5117 2246 5153 :
2278 5120 2297 5152 ι
2328 5099 2441 5169 Ego
2473 5098 2692 5167 quidem
2720 5115 2840 5154 sum
2876 5099 3052 5170 Pauli,
3090 5115 3191 5169 ego
3222 5109 3402 5154 autem
3429 5099 3779 5170 Apollo,qego

500 5183 630 5222 vero
656 5167 874 5235 Cephal,
909 5179 963 5222 et
992 5185 1095 5239 ego
1128 5169 1368 5235 Christi;
1402 5187 1420 5219 ι
1470 5167 1564 5222 sed
1593 5169 1754 5224 etiam
1791 5171 1842 5223 in
1881 5170 1987 5226 illis
2028 5172 2290 5235 schisma,
2317 5167 2427 5239 quo
2454 5170 2633 5224 soluto
2661 5167 3281 5239 congregabantur'cum
3309 5169 3502 5237 spiritu
3537 5168 3691 5225 Pauli
3715 5167 3776 5224 et

500 5240 709 5292 virtute
736 5239 950 5308 Domini
984 5236 1135 5303 Jesu,
1170 5249 1229 5293 ut
1265 5240 1377 5308 jam
1426 5254 1534 5292 non
1570 5247 1755 5294 essent
1800 5240 1941 5296 alius
1979 5243 2147 5296 alium
2194 5257 2252 5296 se
2281 5236 2587 5295 mordentes
2619 5250 2673 5293 et
2695 5236 3060 5308 cofnedentes,
3093 5248 3152 5294 ut
3181 5236 3638 5294 consumerentur
3674 5239 3776 5294 ab-

502 5309 753 5381 invicem.
796 5307 1086 5381 Consumit
1127 5307 1276 5364 enim
1320 5311 1623 5374 dissensus,
1669 5311 1813 5365 sicut
1838 5320 2134 5381 congregat
2166 5326 2490 5371 consensus,
2523 5317 2578 5363 et
2619 5319 2835 5379 separat
2858 5307 3046 5364 Jesum
3092 5311 3184 5381 qui
3225 5311 3277 5364 in
3316 5311 3515 5363 niedio.
3544 5324 3781 5381 consen-

501 5380 749 5434 tientium
784 5379 887 5433 sibi
929 5379 1276 5451 solummodo
1320 5381 1611 5435 invenitur.
1662 5382 1727 5436 Et
1758 5379 1979 5451 proprie
2024 5379 2242 5451 quidem
2283 5383 2335 5435 in
2370 5381 2584 5435 duobus
2635 5381 2754 5435 istis
2782 5382 3073 5451 generibus
3100 5379 3515 5451 titcousensus;
3558 5380 3613 5434 in
3646 5380 3776 5443 ﬁde,

499 5453 642 5505 sicut
670 5452 748 5522 ait
770 5451 1062 5520 Apostolus
1092 5468 1104 5503 :
1135 5469 1152 5500 ι
1189 5449 1256 5504 Ut
1279 5452 1400 5505 sitis
1430 5453 1650 5520 perfecti
1680 5453 1734 5507 in
1761 5449 1955 5507 eodem
1994 5449 2157 5508 sensu
2181 5490 2197 5514 ,
2230 5470 2247 5504 ι
2292 5452 2343 5506 id
2373 5460 2466 5522 est,
2481 5451 2782 5504 secundum
2815 5450 3005 5504 eadem
3034 5450 3287 5522 dogmata
3306 5491 3322 5515 ,
3374 5468 3395 5502 ι
3421 5450 3553 5505 etin
3582 5451 3775 5522 eadem

500 5521 765 5575 sententia
789 5519 856 5587 ,ι
906 5523 955 5575 id
985 5529 1070 5575 est
1100 5530 1155 5573 ut
1187 5519 1441 5575 similiter
1472 5532 1881 5579 conversentur.
1933 5523 2059 5577 Ideo
2091 5523 2226 5578 dicit
2256 5539 2268 5572 :
2300 5541 2318 5572 ι
2350 5521 2406 5575 Si
2439 5520 2548 5574 duo
2583 5529 2828 5574 vestrum
2876 5519 3233 5576 convenerint
3266 5536 3431 5590 super
3468 5531 3670 5574 terram
3706 5519 3779 5574 de

499 5591 649 5644 omni
681 5609 757 5657 re,
792 5593 1055 5662 quidquid
1096 5593 1346 5662 petierint
1386 5594 1474 5646 tiet
1507 5593 1607 5648 eis.
1642 5613 1660 5646 ι
1705 5592 2053 5648 Manifestum
2096 5601 2180 5648 est
2210 5601 2389 5647 autem
2422 5592 2683 5662 quoniam
2715 5590 2808 5643 ubi
2839 5604 2946 5643 non
2977 5590 3050 5646 sit
3079 5592 3147 5646 de
3178 5592 3329 5646 omni
3365 5607 3424 5645 re
3468 5604 3775 5646 consensus

559 5726 601 5758 "
642 5729 682 5801 l_l
712 5733 939 5799 BNL“,
971 5733 1026 5796 4,
1057 5732 1111 5788 5.
1179 5732 1223 5766 ⁸⁸
1265 5733 1280 5785 Ι
1311 5731 1441 5787 Cor.
1475 5749 1570 5796 vn,
1608 5733 1660 5788 5.
1739 5733 1958 5789 “Prov.
1994 5750 2108 5801 xix,
2136 5734 2224 5789 14.
2300 5732 2347 5764 τ’
2386 5731 2402 5785 l
2432 5732 2559 5787 Cor.
2600 5745 2694 5793 vn,
2728 5729 2781 5784 5.
2858 5731 2901 5763 τι
2926 5729 3115 5789 Matth.
3148 5749 3303 5798 xvut,
3344 5732 3435 5788 20.
3511 5734 3556 5765 ⁷³
3581 5732 3773 5788 Matth.

511 5796 603 5847 vn.
653 5798 734 5863 η,
792 5796 838 5832 θ’
863 5801 881 5854 l
907 5803 1033 5857 Cor.
1071 5816 1108 5868 t,
1146 5804 1166 5857 Ι
1270 5804 1317 5833 ’⁸
1354 5803 1395 5857 ll
1428 5804 1600 5871 Com,
1630 5805 1680 5857 Ι.

3068 5834 3075 5843 ι
