4146 6430
464 342 602 396 “S7

1923 317 2247 377 ORIGENiS

3596 305 3738 361 U88

461 456 706 530 psalterii
744 453 1074 512 chordarum
1111 447 1256 504 nulla
1290 444 1519 500 invicem
1554 441 1920 512 discrepantia
1943 447 2046 494 est.

2156 432 2340 504 λήλας.
2391 430 2465 484 Ού
2516 427 2857 498 συνεφώνουν
2910 424 2969 480 δὲ
2995 423 3088 479 ἐπὶ
3113 424 3215 495 τῆς
3246 422 3348 494 γῆς
3377 422 3428 477 οί
3470 422 3738 492 λέγοντες·

462 551 533 602 Αι
564 562 671 601 non
703 543 1116 600 consentiebant
1162 553 1323 607 super
1371 549 1573 591 terram
1617 536 1710 606 qui
1758 533 2050 588 dicebant:

469 656 491 689 ι
522 637 634 707 Ego
685 637 905 706 quidem
946 649 1066 688 sum
1101 632 1276 689 Pauli.
1314 645 1414 700 ego
1466 637 1648 682 autem
1699 626 1913 695 Apollo,
1954 638 2055 694 ego

465 743 596 781 vero
625 726 842 795 Cephat,
876 739 978 794 ego
1012 732 1194 778 autem
1220 720 1424 775 Christi
1449 718 1517 784 ⁸⁸,
1556 736 1574 768 ι
1603 715 1696 771 sed
1725 716 1870 769 inter
1906 714 2054 783 ipsos

459 813 626 883 617
658 822 811 865 erant
854 812 1169 871 schismata,
1207 809 1408 877 quibus
1442 805 1743 874 dissipatis,
1786 818 1893 856 una
1929 817 2053 856 cum

463 903 616 957 Pauli
656 904 846 972 spirittt
876 903 944 963 ⁸³,
972 904 1173 955 virtute
1208 899 1422 953 Domini
1449 897 1579 953 Jcsu
1604 898 1832 960 Christi,
1855 910 2055 951 conso-

466 997 775 1057 ciabantur,
803 1012 868 1049 ne
890 1012 949 1049 se
984 994 1218 1064 amplius
1258 994 1573 1046 morderent
1594 1000 1649 1044 et
1684 991 2053 1054 comederent,

470 1090 546 1144 ita
579 1098 638 1143 ut
664 1088 909 1142 vicissim
944 1086 1085 1140 alius
1126 1085 1194 1139 ab
1238 1085 1348 1138 alio
1399 1091 1891 1147 consumerentur;
1925 1096 2056 1136 con-

464 1180 639 1236 sumit
689 1179 834 1233 enim
896 1186 951 1232 et
1001 1177 1184 1231 atterit
1231 1175 1544 1238 discordia,
1595 1172 2054 1241 quemadmodum

464 1270 706 1327 corradit
735 1278 791 1324 et
822 1268 1134 1323 accumulat
1165 1267 1480 1331 concordia,
1513 1274 1566 1320 et
1597 1264 1717 1318 Filii
1754 1264 1847 1317 Dei
1879 1279 2052 1335 capax

464 1371 569 1429 est,
595 1361 690 1430 qui
732 1360 786 1413 in
828 1360 1007 1414 medio
1048 1358 1505 1414 consentientium
1540 1357 1805 1411 duntaxat
1850 1357 2053 1428 reperi-

467 1462 575 1507 tur.
605 1453 684 1507 Ac
714 1462 845 1507 sunt
872 1452 982 1506 duo
1031 1451 1303 1522 generalia
1342 1451 1395 1504 in
1438 1450 1638 1519 quibus
1677 1450 1894 1519 proprie
1925 1466 2058 1504 con-

467 1542 653 1596 cordia
691 1541 1306 1606 exsistit:consensus,
1359 1556 1483 1595 cum
1532 1541 1733 1594 caedem
1786 1541 2056 1595 habentur

467 1632 654 1685 animo
679 1631 997 1696 sententiae;
1035 1640 1086 1685 et
1116 1632 1363 1701 ejusdem
1395 1631 1696 1685 voluntatis
1737 1632 2051 1696 consensio,

2160 545 2181 577 ι
2231 523 2370 592 Ἐγὼ
2395 523 2494 594 μέν
2520 525 2635 593 εἰμι
2670 520 2910 584 Παύλου,
2938 517 3049 587 ἐγὼ
3104 516 3161 570 δὲ
3203 514 3468 577 Ἀπολλὼ,
3515 514 3627 584 ἐγὼ
3683 515 3743 569 δὲ

2156 618 2341 689 Κηφᾶ,
2370 614 2479 685 ἐγὼ
2500 614 2558 668 δὲ
2585 612 2845 686 Χριστοῦ,
2862 631 2879 663 ι
2902 611 3038 666 ἀλλὰ
3057 607 3126 681 ἦν
3155 612 3212 663 ὲν
3234 609 3416 672 αὐτοῖς
3445 608 3741 679 σχίσματα,

2154 703 2229 763 ὧν
2254 708 2670 779 καταλυομένων
2694 707 2987 776 συνήγοντο
3007 703 3143 775 μετά
3164 701 3256 756 τοῦ
3285 702 3342 754 ὲν
3366 699 3565 771 Παύλῳ
3588 698 3746 752 πνεύ-

2157 818 2326 871 ματος
2354 800 2451 853 σὺν
2479 802 2545 870 τῇ
2579 798 2806 867 δυνάμει
2854 795 2949 849 τοῦ
2994 794 3199 865 Κυρίου
3259 790 3434 863 Ἰησοῦ
3478 789 3739 863 Χριστοῦ,

2155 892 2244 945 ἵνα
2270 896 2463 962 μηκέτι
2494 889 2761 960 ἀλλήλους
2810 887 3048 941 δάκνωσι
3091 885 3186 939 καὶ
3232 883 3614 950 κατεσθίωσιν,
3666 882 3743 946 ὡς

2156 982 2261 1035 ὑπὸ
2289 981 2533 1052 ἀλλήλων
2558 980 2757 1043 αὐτοὺς
2798 976 3208 1033 ἀναλίσκεσθαιο
3245 974 3532 1029 ἀναλίσκει
3561 973 3674 1046 γὰρ
3706 977 3741 1045 ἡ

2153 1074 2437 1145 διαφωνία,
2467 1072 2658 1143 ὥσπερ
2708 1072 2933 1141 συνάγει
2997 1073 3032 1140 ἡ
3086 1068 3395 1141 συμφωνία,
3446 1066 3541 1121 καὶ
3573 1070 3744 1139 χωρεῖ

2153 1168 2245 1221 τὸν
2277 1168 2518 1239 ἐν’μέσῳ
2548 1166 2658 1219 τῶν
2683 1163 3116 1237 συμφωνούντων
3150 1163 3431 1232 γινόμενον
3465 1160 3595 1214 Υίὺν
3643 1159 3737 1213 τοῦ

2156 1259 2315 1313 Θεοῦ.
2340 1260 2451 1315 Καὶ
2479 1258 2685 1333 κυρίως
2707 1274 2772 1326 γε
2800 1259 2857 1310 ὲν
2883 1256 2977 1310 δύο
3006 1258 3244 1324 γενικοῖς
3275 1253 3485 1321 γίνεται
3523 1254 3558 1324 ὴ
3608 1267 3743 1322 συμ-

2157 1353 2354 1422 φωνία,
2384 1351 2483 1423 τῷ,
2517 1351 2593 1416 ὡς
2620 1350 2906 1421 ὠνόμασεν
2927 1350 2956 1402 6
3009 1346 3347 1409 ’Λπόστολος,
3380 1343 3739 1417 καταρτισμῷ

2154 1443 2249 1497 τοῦ
2280 1442 2447 1497 αύτοῦ
2468 1444 2607 1508 νοὸς,
2632 1441 2774 1498 κατὰ
2816 1440 2875 1494 τὺ
2926 1439 3069 1494 αύτά
3091 1439 3336 1510 δόγματα
3389 1437 3533 1509 ἔχειν
3558 1453 3742 1506 νενοη-

2159 1536 2316 1608 μένα,
2345 1535 2526 1589 καὶτὸ
2568 1535 2667 1607 τῆς
2720 1535 2889 1604 αὐτῆς
2938 1531 3184 1603 γνώμης,
3234 1529 3378 1586 κατά
3428 1529 3490 1582 τὸ
3535 1529 3742 1599 ὁμοίως

2158 1627 2328 1698 βιοῦν.
2354 1628 2417 1680 Εἰ
2447 1626 2526 1688 δὲ,
2560 1645 2577 1677 ι
2607 1626 2701 1679 ἐὰν
2734 1623 2829 1678 δύο
2854 1625 3012 1695 ἡμῶν
3040 1625 3482 1695 συμφωνήσωσιν
3512 1621 3606 1675 ἐπὶ
3637 1620 3739 1692 τῆς

464 1737 590 1777 cum
625 1736 720 1791 par
749 1732 833 1777 est
862 1722 1155 1791 utrobique
1196 1730 1251 1776 et
1298 1723 1491 1777 similis
1523 1722 1645 1777 vita:
1684 1732 1858 1777 tenor.
1892 1721 2050 1789 Quod

2157 1718 2260 1788 γῆς
2288 1717 2417 1789 περὶ
2438 1716 2640 1781 παντὸς
2665 1715 2991 1787 πράγματος
3030 1707 3093 1767 οὗ
3133 1714 3230 1767 ὲάν
3278 1714 3630 1785 αἰτήσωνται,
3658 1712 3736 1781 γί-

465 1815 514 1870 si
545 1833 565 1866 ι
605 1788 819 1868 duobus
843 1828 910 1867 ex
938 1788 1098 1869 nobis
1130 1814 1604 1869 consentientibus
1627 1829 1793 1882 super
1825 1788 2048 1874 terram,

2156 1827 2304 1864 νεται
2361 1788 2543 1873 αὐτοῖς
2580 1812 2733 1879 παρὰ
2769 1807 2863 1861 τοῦ
2895 1808 2953 1862 ἐν
2997 1808 3246 1879 οὐρανοῖς
3293 1806 3561 1878 Haeme,»
3614 1805 3742 1874 περὶ

463 1906 531 1959 de
560 1905 709 1960 omni
745 1919 824 1968 re,
851 1919 1181 1974 quacunque
1221 1904 1500 1974 petierint,
1545 1905 1635 1959 ﬁet
1683 1905 1789 1960 illis
1825 1921 1856 1958 a
1892 1906 2052 1960 Patre

464 1995 591 2052 Jesu
638 1995 735 2066 qui
770 1997 824 2049 in
860 1996 1018 2053 caelis
1050 2004 1136 2051 est
1172 1995 1251 2061 ἰς
1297 2014 1317 2047 ι
1363 1997 1799 2065 quotiescunque
1833 2012 1862 2049 a
1891 1995 2053 2051 Patre

465 2088 643 2157 quiin
672 2088 829 2144 caelis
866 2096 951 2142 est
995 2089 1268 2156 postulata
1301 2089 1553 2159 quaelibet
1598 2104 1708 2143 non
1749 2088 2050 2159 impetran-

468 2190 578 2245 tur,
603 2179 741 2235 duos
773 2180 882 2234 illic
915 2194 1080 2249 super
1103 2187 1303 2234 terram
1332 2194 1441 2233 non
1467 2180 1816 2235 consensisse
1840 2181 2052 2249 perspi-

468 2285 631 2323 cuum
666 2280 769 2335 est,
800 2279 854 2323 et
885 2285 985 2324 cur
1024 2269 1169 2323 votis
1216 2285 1282 2325 ac
1321 2271 1575 2339 precibus
1619 2286 1728 2324 non
1774 2271 2047 2340 potiamur

469 2361 602 2415 illud
632 2362 687 2414 in
727 2376 893 2415 causa
937 2376 1079 2425 esse,
1113 2361 1259 2429 quod
1306 2377 1483 2432 neque
1523 2362 1906 2431 opinionibus,
1956 2378 2053 2417 ne—

468 2468 576 2523 que
622 2453 745 2506 vita:
791 2453 1041 2506 instituto
1094 2452 1258 2506 simul
1308 2454 1735 2508 consentiamus.
1782 2453 2051 2509 Praeterea

469 2558 595 2599 vero
652 2543 697 2596 si
754 2558 954 2611 corpus
1000 2559 1194 2597 sumus
1248 2541 1473 2605 Christi,
1525 2552 1581 2596 et
1623 2542 1854 2611 «posuit
1906 2541 2054 2596 Deus

470 2636 711 2690 membra
747 2635 1179 2704 unumquodque
1207 2648 1398 2688 eorum
1431 2635 1486 2688 in
1511 2649 1762 2705 corpore,
1789 2652 1807 2685 ι
1832 2641 1893 2689 ιιι
1913 2652 1931 2686 ι
1954 2649 2055 2703 pro

469 2725 699 2780 invicem
730 2725 962 2780 sollicita
1006 2724 1115 2780 sint
1144 2724 1390 2780 membra
1417 2724 1486 2788 ⁸⁸,
1521 2744 1538 2777 ι
1580 2735 1634 2779 et
1679 2725 1782 2779 sibi
1820 2714 2049 2780 invicem

468 2817 833 2880 consentiant,
870 2834 888 2866 ι
920 2829 973 2870 et
1003 2815 1049 2871 si
1092 2816 1222 2883 quid
1256 2817 1459 2883 patitur
1506 2831 1675 2869 unum
1720 2816 2050 2881 membrum,

468 2907 870 2977 compatiantur
899 2905 1084 2960 omnia
1115 2905 1397 2967 membra;
1436 2906 1551 2960 sive
1579 2906 1845 2976 gloriatur
1880 2923 2051 2961 unum

471 3001 797 3063 membrum,
828 2998 1209 3070 congaudeant
1245 2998 1313 3065 ⁸⁸,
1348 3017 1367 3049 ι
1411 2998 1715 3053 exercenda
1765 3000 1924 3054 nobis
1970 3007 2057 3054 est

2157 1902 2358 1966 παντὸς
2406 1902 2732 1972 πράγματος
2769 1894 2830 1953 οὗ
2887 1899 2984 1953 ὲάν
3036 1899 3387 1970 αἰτήσωνται,
3453 1897 3570 1949 ἐκεῖ
3620 1894 3741 1949 οὐδὲ

2152 1993 2246 2047 δύο
2278 1991 2664 2062 συνεφώνησαν
2692 1991 2787 2045 ἐπὶ
2813 1991 2913 2062 τῆς
2940 1990 3066 2061 γῆς’
3109 1991 3203 2044 καὶ
3232 1989 3391 2043 τοῦτο
3410 1989 3582 2042 αἴτιον
3606 1989 3741 2058 ἡμῖν

2153 2086 2270 2139 ἐστι
2301 2084 2397 2139 τοῦ
2430 2085 2505 2156 μὴ
2533 2082 2899 2137 ὲπακούεσθαι
2964 2081 3313 2153 εὐχομένους,
3365 2081 3427 2134 τὸ
3488 2079 3562 2152 μὴ
3599 2096 3738 2151 συμο

2153 2179 2348 2247 φωνεῖν
2384 2176 2533 2247 ἡμᾶς
2570 2175 2823 2247 ἀλλήλοις
2870 2176 2963 2229 ὲπὶ
3013 2175 3113 2246 τῆς
3165 2174 3269 2244 γῆς
3324 2176 3461 2245 μήτε
3509 2172 3741 2243 δόγμασι

2160 2270 2298 2341 μήτε
2338 2268 2441 2339 βίῳ
2462 2284 2476 2298 ο
2510 2268 2590 2320 ἔτι
2618 2267 2675 2320 δὲ
2728 2268 2823 2321 καὶ
2849 2267 3009 2339 εἴπερ
3037 2266 3199 2337 σῶμα
3254 2267 3420 2335 ἐσμεν
3479 2263 3741 2337 Χριστοῦ,

2154 2361 2250 2415 καὶ
2282 2379 2300 2411 ι
2333 2359 2486 2413 ἔθετο
2517 2361 2547 2413 6
2583 2359 2716 2423 Θεὸς
2767 2358 2835 2411 τὰ
2886 2358 3024 2430 μέλη
3069 2358 3300 2411 ἕκαστον
3348 2356 3527 2417 αὐτῶν
3572 2359 3634 2413 δν
3663 2356 3743 2427 τῷ

2158 2450 2428 2521 odium,»
2450 2452 2536 2503 ἵνα
2570 2468 2588 2500 ι
2607 2449 2668 2503 τὸ
2692 2450 2823 2503 αὐτὸ
2855 2448 3192 2522 μεριμνῶσιν
3232 2449 3372 2521 ὑπὲρ
3403 2447 3646 2519 ἀλλήλων
3672 2448 3744 2502 τὰ

2160 2541 2352 2613 μέλη,ι
2390 2541 2485 2595 καὶ
2518 2541 2881 2613 συμφωνῶσιν
2914 2541 3186 2613 ἀλλήλοις,
3248 2561 3267 2592 ι
3304 2542 3398 2595 καὶ⁵
3444 2540 3743 2612 πάσχοντος

2157 2633 2273 2697 ἑνὸς
2310 2634 2411 2704 μὲν
2444 2632 2636 2705 μέλους
2673 2633 2971 2706 συμπάσχῃ
3032 2633 3232 2696 πάντα,
3294 2632 3653 2705 δοξαζομένου
3682 2632 3741 2686 δὲ

2161 2726 2487 2799 domum,»
2519 2725 2807 2797 ὀφείλομεν
2828 2727 3016 2779 ἀσκεῖν
3042 2725 3144 2797 τὴν
3180 2725 3289 2778 ἀπὸ
3319 2726 3418 2796 τῆς
3444 2725 3595 2789 Θείας
3616 2743 3743 2797 μου·

2160 2818 2318 2888 σικῆς
2373 2818 2714 2888 συμφωνίαν,
2760 2817 2866 2883 ἵνα,
2924 2816 3306 2888 συναγομένων
3354 2817 3512 2888 ἡμῶν
3556 2818 3635 2880 είς
3678 2817 3740 2870 τὸ

2160 2911 2334 2981 ὄνομα
2380 2909 2474 2963 τοῦ
2503 2908 2763 2982 Χριστοῦ,
2793 2909 3029 2981 Χριστὸς
3137 2911 3196 2962 ὲν
3225 2909 3375 2981 μέσῳ
3401 2908 3555 2980 ἡμῶν
3590 2910 3620 2962 6
3644 2907 3741 2962 τοῦ

2159 3001 2295 3055 Θεοῦ
2329 3001 2519 3071 Λόγος,
2556 3002 2649 3055 καὶ
2693 3003 2727 3073 ἠ
2763 3000 2859 3056 τοῦ
2901 2999 3037 3055 Θεοῦ
3085 3001 3264 3072 σοφία,
3302 3001 3398 3055 καὶ
3438 3004 3471 3071 ἠ
3512 3000 3741 3072 δύναμις

469 3091 790 3163 symphonia
818 3107 939 3160 quae
983 3106 1014 3144 a
1049 3090 1227 3144 divina
1259 3091 1467 3145 musica
1500 3091 1695 3157 oritur,
1727 3101 1787 3146 ut
1820 3106 1945 3146 cum
1993 3091 2049 3145 in
2078 3086 2121 3142 C
2155 3089 2341 3148 αὐτοῦ.

469 3185 689 3238 nomine
743 3183 948 3238 Christi
1002 3183 1269 3238 fuerimus
1320 3186 1652 3256 congregati,
1695 3186 1750 3241 in
1797 3186 1981 3242 medio
2020 3195 2268 3242 nostrum
2311 3187 2383 3243 sit
2412 3187 2687 3254 Christus,
2719 3188 2814 3258 qui
2871 3186 2967 3244 Dei
3002 3186 3237 3244 Verbum
3294 3197 3398 3253 est,
3438 3200 3493 3244 et
3525 3188 3618 3244 Dei
3653 3205 3743 3246 sa-

468 3278 692 3350 pientia,
728 3278 1011 3347 ipsiusque
1038 3279 1234 3333 virtus.

538 3369 593 3423 2.
635 3369 811 3439 Atque
853 3371 969 3424 ha-c
1030 3368 1252 3438 quidem
1300 3368 1368 3423 de
1415 3370 1503 3426 his
1550 3368 1765 3427 duobus
1808 3374 2054 3430 tribusve

468 3460 728 3525 diximus,
759 3475 897 3529 quos
926 3459 995 3513 ad
1029 3459 1479 3516 consentiendum
1515 3462 1745 3518 invicem
1799 3465 2053 3520 hortatur

472 3551 733 3616 Verbum,
766 3560 927 3621 prout
955 3552 1009 3604 in
1038 3568 1260 3607 sensum
1292 3553 1437 3607 trahi
1495 3564 1726 3623 possunt
1761 3556 1950 3610 tritum
1988 3571 2054 3611 ac

467 3645 843 3717 pervulgatum
877 3644 1093 3715 magis:
1124 3658 1270 3698 nunc
1310 3653 1492 3700 autem
1541 3645 1701 3700 aliam
1734 3646 2055 3717 explicatio-

470 3752 594 3792 nem
625 3736 1029 3807 aggrediamur,
1061 3752 1224 3805 quam
1254 3745 1380 3791 ante
1406 3753 1508 3792 nos
1547 3737 1820 3807 quispiam
1868 3745 2056 3807 protu-

469 3830 552 3886 lit.
601 3829 669 3883 ad
714 3828 1016 3884 castitatem
1064 3838 1120 3883 et
1165 3829 1491 3893 munditiem
1529 3829 1806 3883 connubio
1832 3829 2057 3899 junctos

470 3923 805 3988 adhortans;
859 3920 1000 3975 duos
1046 3920 1192 3975 enim
1258 3919 1396 3984 hos,
1449 3935 1589 3989 quos
1639 3935 1803 3990 super
1854 3929 2054 3974 terram

470 4014 783 4069 consentire
813 4014 928 4067 vult
962 4010 1224 4077 Verbum,
1265 4014 1443 4065 virum
1469 4019 1524 4065 et
1564 4011 1847 4066 mulierem
1900 4011 2057 4065 intel-

471 4106 563 4175 ligi
591 4105 786 4160 debere
811 4106 991 4169 docet,
1023 4120 1089 4159 ex
1130 4120 1403 4160 consensu
1450 4119 1570 4159 sese
1610 4119 1874 4174 corporeo
1918 4119 2054 4158 con-

470 4213 661 4269 gressu
697 4197 1032 4262 fraudautcs,
1065 4208 1125 4253 ut
1160 4207 1353 4255 vacent
1392 4197 1651 4260 orationi,
1696 4196 1917 4266 quando
1946 4196 2054 4251 sci-

470 4290 597 4347 licet
627 4304 846 4346 orantes
878 4309 897 4342 ι
930 4291 996 4346 de
1021 4291 1171 4345 omni
1206 4306 1263 4345 re
1289 4304 1676 4360 quamcunque
1718 4289 1993 4358 petierint,
2026 4307 2045 4339 ι

471 4383 874 4452 impetrabunt;
903 4399 1028 4438 cum
1061 4392 1198 4437 nutu
1229 4382 1409 4437 Patris
1442 4380 1573 4437 Jesu
1611 4380 1819 4436 Christi
1856 4380 1951 4449 qui
1996 4380 2050 4433 in

470 4477 625 4530 costis
653 4483 759 4541 est,
788 4485 1005 4544 propter
1034 4477 1203 4546 618
1247 4476 1407 4529 talem
1437 4489 1765 4529 consensum
1798 4483 2049 4527 votorum

473 4573 754 4634 compotes
780 4566 928 4619 tient.
967 4564 1188 4619 Videtur
1217 4573 1397 4621 autem
1445 4565 1602 4619 nobis
1636 4564 1751 4618 haec
1781 4562 2053 4632 expositio

2231 3368 2419 3423 Ταῦτα
2451 3368 2552 3441 μὲν
2583 3364 2697 3433 οῦν,
2734 3369 2810 3434 ὡς
2840 3369 2949 3423 τῶν
2994 3370 3089 3424 δύο
3118 3373 3212 3425 καὶ
3238 3370 3424 3444 τριῶν,
3469 3369 3563 3433 οὓς
3614 3387 3744 3442 προς

2159 3461 2408 3516 καλεῖται
2440 3464 2752 3532 συμφωνεῖν
2784 3465 2813 3517 6
2835 3463 3027 3531 Λόγος,
3078 3464 3384 3534 κοινότερον
3415 3461 3737 3532 νοουμένων·

2160 3554 2262 3626 ἤδη
2291 3554 2349 3608 δὲ
2369 3554 2463 3608 καὶ⁸
2488 3554 2653 3624 ἄλλης
2677 3555 2985 3626 διηγήσεως
3030 3554 3323 3627 ἁψώμεθα,
3355 3556 3423 3626 ἠν
3478 3553 3631 3622 ἐλεγέ
3659 3571 3744 3617 τις

2160 3644 2270 3699 τῶν
2294 3645 2401 3719 πρὸ
2422 3645 2601 3717 ἡμῶν,
2638 3647 2960 3719 προτρέπων
2993 3648 3086 3701 ἐπὶ
3119 3647 3338 3715 ἁγνείαν
3371 3649 3465 3701 καὶ
3502 3646 3742 3717 καθαρό-

2159 3754 2299 3810 τητα
2322 3739 2450 3803 τοὺς
2482 3738 2891 3810 γεγαμηκότας·
2924 3738 3019 3793 δύο
3042 3739 3152 3814 γὰρ
3179 3739 3271 3804 οὓς
3298 3738 3582 3810 βούλεται,
3641 3755 3743 3809 φη-

2162 3831 2245 3884 σὶν
2275 3833 2304 3885 6
2326 3832 2519 3900 Λόγος,
2556 3834 2863 3903 συμφωνεῖν
2887 3831 2980 3884 ἐπὶ
3025 3833 3123 3903 τῆς
3161 3833 3285 3902 γῆς,
3316 3831 3483 3903 ἄνδρα
3518 3832 3615 3886 καὶ
3641 3848 3741 3900 γυο

2161 3925 2323 3977 ναῖκα
2347 3922 2587 3994 νοητέον,
2612 3924 2677 3975 ὲκ
2721 3922 3041 3992 συμφωνίας
3099 3921 3538 3994 ἀποστεροῦντας
3580 3921 3738 3995 ἀλλή-

2161 4013 2286 4078 λους
2310 4014 2628 4085 σωματικῆς
2653 4012 2891 4084 ὁμιλίας,
2911 4014 2997 4066 ἵνα
3021 4012 3323 4085 σχολᾶσωσι
3349 4016 3415 4085 τῇ
3441 4017 3738 4086 προσευχῇ,

2158 4106 2267 4169 ὅτε,
2318 4105 2743 4176 προσευχόμενοι
2819 4125 2837 4157 ι
2882 4106 3011 4176 περὶ
3058 4105 3260 4170 παντὸς
3310 4106 3635 4178 πράγματος
3678 4098 3740 4160 οὗ

2159 4199 2253 4252 ὲάν
2287 4199 2666 4269 αἰτήσωνται,›
2716 4198 3001 4270 λήψονται,
3052 4200 3374 4270 γιγνομένου
3421 4199 3605 4262 αὐτοῖς
3646 4198 3739 4253 τοῦ

2159 4289 2268 4342 ἀπὸ
2299 4289 2554 4359 τοιαύτης
2580 4290 2899 4360 συμφωνίας
2930 4290 3052 4362 αίτή
3062 4307 3230 4360 ματος
3274 4289 3425 4362 παρά
3452 4290 3546 4343 τοῦ
3570 4293 3628 4344 ὲν
3652 4291 3729 4344 ού·

2162 4382 2343 4450 ρανοῖς
2372 4379 2587 4453 Πατρὺς
2627 4379 2805 4449 Ἰησοῦ
2853 4380 3113 4450 Χριστοῦ.
3150 4382 3260 4433 Καὶ
3315 4380 3493 4435 ἔοικεν
3548 4382 3681 4452 ἡμῖν
3706 4384 3741 4451 ἡ

2086 4436 2128 4489 D
2158 4436 2407 4541 διήγησις
2426 4436 2654 4541 αῦτηνού
2692 4436 2957 4524 ’διάλυσιν
3012 4476 3187 4525 ποιεῖν
3245 4473 3445 4544 γάμου,
3502 4436 3617 4527 ἀλλ’
3646 4436 3742 4528 sui

2161 4561 2479 4631 συμφωνίαν
2507 4564 2841 4634 προτροπήν’
2876 4562 2951 4626 ὡς
2982 4565 3030 4615 εί
3060 4566 3088 4616 ὁ
3138 4564 3323 4637 ἕτερος
3355 4567 3453 4636 μὲν
3500 4566 3742 4636 βούλοιτο

475 4671 584 4710 non
615 4656 855 4726 conjugii
900 4655 1342 4721 dissolutionem,
1386 4657 1480 4712 sed
1519 4658 1587 4711 ad
1632 4663 1884 4710 mutuum
1919 4668 2053 4706 con-

475 4763 697 4804 sensum
726 4748 1163 4803 exhortationem
1195 4749 1508 4816 continere;
1545 4747 1685 4803 adeo
1720 4757 1778 4800 ut
1822 4744 1870 4798 si
1916 4743 2054 4797 alter

2159 4653 2505 4724 καθαρεύειν,
2562 4654 2592 4705 6
2647 4655 2706 4708 δὲ
2757 4653 2941 4727 ἕτερος
2994 4656 3069 4727 μὴ
3106 4656 3269 4722 θέλοι,
3312 4659 3408 4710 καὶ
3463 4658 3551 4712 διά
3583 4659 3741 4713 τοῦτο

2161 4745 2587 4813 συγκαταϐαίνοι
2610 4745 2688 4818 τῷ
2712 4744 2745 4816 ἢ
2783 4745 2857 4818 μὴ
2885 4747 3090 4802 θέλοντι
3116 4748 3149 4820 ἢ
3177 4751 3251 4820 μὴ
3277 4749 3559 4823 δυναμένῳ
3586 4754 3615 4806 6
3644 4754 3741 4805 καὶ

1681 4928 1915 4986 VETUS
1953 4925 2537 4987 lNTERPRETATlO.

474 5098 691 5161 omnia,
735 5098 993 5154 debemus
1042 5101 1098 5155 in
1139 5102 1297 5158 nobis
1338 5101 1611 5155 musicum
1662 5100 1828 5154 istum
1881 5113 2100 5153 servare
2165 5105 2511 5152 concentum.
2559 5098 2713 5154 Sicut
2753 5101 2898 5156 enim
2936 5101 2988 5154 in
3016 5100 3246 5155 musicis
3271 5101 3377 5157 nisi
3414 5101 3579 5157 fuerit
3605 5118 3741 5159 con-

474 5170 744 5225 venientia
776 5185 992 5230 vocum.
1023 5187 1133 5225 non
1160 5173 1391 5227 delectat
1410 5171 1752 5233 audientem;
1793 5170 1873 5224 sic
1903 5178 1958 5223 et
1981 5168 2227 5222 Ecclesia
2254 5167 2358 5220 nisi
2391 5182 2719 5224 consensum
2754 5172 3023 5231 habuerit,
3051 5186 3158 5224 non
3190 5170 3487 5227 delectatur
3508 5174 3650 5228 Deus
3683 5173 3735 5226 in

473 5257 557 5302 ea.
592 5256 694 5295 nec
727 5241 879 5295 audit
902 5257 1063 5296 voces
1099 5256 1310 5296 eorum.
1339 5241 1760 5296 Consentiamus
1797 5254 1946 5308 ergo,
1978 5248 2037 5292 ut
2070 5237 2413 5308 congregatis
2460 5240 2618 5295 nobis
2652 5241 2707 5293 in
2739 5243 2961 5295 nomine
2991 5238 3142 5306 Jesu,
3181 5242 3255 5296 sit
3281 5239 3444 5298 Iesus
3476 5244 3531 5297 in
3559 5243 3740 5299 medio

475 5321 746 5375 nostrum,
777 5309 1015 5365 Verbum
1051 5312 1260 5366 scilicet
1285 5310 1378 5365 Dei
1405 5321 1459 5365 et
1493 5311 1756 5380 sapientia
1791 5318 1843 5362 et
1865 5307 2041 5362 virtus
2074 5307 2268 5376 ipsius.

541 5380 595 5434 2.
640 5382 735 5436 Est
762 5388 815 5436 et
852 5382 956 5434 alia
985 5382 1255 5450 expositio
1282 5378 1573 5435 verborum
1624 5382 1877 5441 istorum,
1913 5393 2078 5448 quam
2123 5378 2379 5450 exposuit
2428 5378 2629 5447 aliquis
2666 5389 2795 5435 ante
2845 5395 2945 5434 nos
2986 5381 3289 5449 exhortans
3319 5382 3389 5437 ad
3430 5383 3738 5438 castitatem

475 5452 755 5521 conjuges.
792 5449 849 5504 Si
885 5451 1016 5513 duo,
1045 5448 1241 5520 inquit,
1277 5461 1518 5505 vestrum
1554 5452 1931 5511 convenerint,
1962 5450 2013 5501 id
2050 5457 2154 5521 est,
2179 5448 2272 5521 _vir
2321 5459 2376 5501 et
2425 5464 2563 5521 uxor
2613 5466 2680 5504 ex
2729 5448 3005 5521 consensu
3059 5452 3384 5521 semetipsos
3433 5453 3736 5508 abiuvicem

477 5518 791 5593 separantes
824 5537 852 5575 a
886 5518 1152 5589 corporali
1186 5522 1704 5593 conjunctione,qu
1722 5530 1915 5573 vacent
1958 5518 2228 5593 orationi;
2256 5526 2410 5593 _tunc
2458 5520 2604 5573 enim
2655 5530 2876 5593 orantes
2905 5520 2972 5593 de
3019 5523 3169 5575 omni
3218 5518 3297 5587 re,
3354 5538 3740 5593 quamcunque

478 5590 749 5658 petierint,
780 5587 1207 5660 consequentur,
1244 5587 1537 5662 praestante
1565 5592 1645 5645 eis
1674 5590 1786 5644 Deo
1816 5604 1914 5658 per
1941 5588 2104 5642 talem
2132 5587 2404 5644 castitatis
2430 5604 2780 5645 consensum.
2815 5588 2882 5643 Et
2910 5591 3015 5645 iste
3046 5605 3349 5649 consensus
3373 5587 3493 5648 'non
3527 5587 3740 5647 videtur

558 5740 602 5771 ⁸⁸
638 5753 656 5805 l
687 5753 816 5809 Cor.
854 5771 890 5813 t.
926 5757 1010 5810 12.
1088 5756 1132 5787 ⁸³
1159 5755 1278 5824 Gal.
1304 5774 1356 5823 ν,
1397 5758 1481 5814 15.
1560 5756 1606 5789 “
1627 5754 1817 5809 Matth.
1849 5768 2004 5821 xvm,
2037 5753 2125 5809 l9.
2202 5753 2439 5810 "lCor.
2472 5769 2571 5819 xu,
2599 5754 2687 5810 18.
2763 5754 2811 5788 ⁸⁸
2845 5754 2977 5811 ibid.
3008 5753 3206 5823 25.9.6.
