  <div class='ocr_page' id='page_1' title='image "/cluster/home/n/w/nwhite01/storage/ocr_20150623/13:no.3/coo.31924054872910/602.png"; bbox 0 0 4146 6422; ppageno 0'>
   <div class='ocr_carea' id='block_1_1' title="bbox 428 346 557 399">
    <p class='ocr_par' dir='ltr' id='par_1_1' title="bbox 428 346 557 399">
     <span class='ocr_line' id='line_1_1' title="bbox 428 346 557 399; baseline -0.008 0"><span class='ocrx_word' id='word_1_1' title='bbox 428 346 557 399; x_wconf 64' lang='lat' dir='ltr'><strong>lib“)</strong></span> 
     </span>
    </p>
   </div>
   <div class='ocr_carea' id='block_1_2' title="bbox 1353 331 2729 394">
    <p class='ocr_par' dir='ltr' id='par_1_2' title="bbox 1353 331 2729 394">
     <span class='ocr_line' id='line_1_2' title="bbox 1353 331 2729 394; baseline -0.002 -1"><span class='ocrx_word' id='word_1_2' title='bbox 1353 337 1709 394; x_wconf 74' lang='lat' dir='ltr'><strong>COMMENT.</strong></span> <span class='ocrx_word' id='word_1_3' title='bbox 1752 335 1819 388; x_wconf 74' lang='grc' dir='ltr'><strong>ΙΝ</strong></span> <span class='ocrx_word' id='word_1_4' title='bbox 1858 331 2280 389; x_wconf 66' lang='grc' dir='ltr'><strong>ΜΛΤΤΗΕΗΜ</strong></span> <span class='ocrx_word' id='word_1_5' title='bbox 2316 333 2557 389; x_wconf 83' lang='lat' dir='ltr'><strong>TOMUS</strong></span> <span class='ocrx_word' id='word_1_6' title='bbox 2591 333 2729 391; x_wconf 79' lang='lat' dir='ltr'><strong>XIV.</strong></span> 
     </span>
    </p>
   </div>
   <div class='ocr_carea' id='block_1_3' title="bbox 3559 340 3694 394">
    <p class='ocr_par' dir='ltr' id='par_1_3' title="bbox 3559 340 3694 394">
     <span class='ocr_line' id='line_1_3' title="bbox 3559 340 3694 394; baseline 0.007 -1"><span class='ocrx_word' id='word_1_7' title='bbox 3559 340 3694 394; x_wconf 80' lang='lat' dir='ltr'><strong>H90</strong></span> 
     </span>
    </p>
   </div>
   <div class='ocr_carea' id='block_1_4' title="bbox 421 450 2008 532">
    <p class='ocr_par' dir='ltr' id='par_1_4' title="bbox 421 453 1995 532">
     <span class='ocr_line' id='line_1_4' title="bbox 421 453 1995 532; baseline -0.007 -17"><span class='ocrx_word' id='word_1_8' title='bbox 421 460 742 532; x_wconf 79' lang='grc' dir='ltr'>βουλόμενος</span> <span class='ocrx_word' id='word_1_9' title='bbox 775 459 869 513; x_wconf 73' lang='grc' dir='ltr'>καὶ</span> <span class='ocrx_word' id='word_1_10' title='bbox 890 459 1186 529; x_wconf 83' lang='grc' dir='ltr'>δυνάμενος</span> <span class='ocrx_word' id='word_1_11' title='bbox 1220 458 1281 510; x_wconf 82' lang='grc' dir='ltr'><strong>τὸ</strong></span> <span class='ocrx_word' id='word_1_12' title='bbox 1310 460 1576 528; x_wconf 84' lang='grc' dir='ltr'>κρεῖττον,</span> <span class='ocrx_word' id='word_1_13' title='bbox 1599 456 1699 508; x_wconf 78' lang='grc' dir='ltr'><strong>οὐκ</strong></span> <span class='ocrx_word' id='word_1_14' title='bbox 1729 454 1793 508; x_wconf 86' lang='grc' dir='ltr'>ἂν</span> <span class='ocrx_word' id='word_1_15' title='bbox 1823 453 1995 524; x_wconf 79' lang='grc' dir='ltr'><strong>ἔχοιεν</strong></span> 
     </span>
    </p>
   </div>
   <div class='ocr_carea' id='block_1_5' title="bbox 2107 450 3691 532">
    <p class='ocr_par' dir='ltr' id='par_1_5' title="bbox 2107 450 3691 522">
     <span class='ocr_line' id='line_1_5' title="bbox 2107 450 3691 522; baseline 0.005 -21"><span class='ocrx_word' id='word_1_16' title='bbox 2107 450 2318 519; x_wconf 78' lang='lat' dir='ltr'><strong>quidem</strong></span> <span class='ocrx_word' id='word_1_17' title='bbox 2345 460 2495 505; x_wconf 91' lang='lat' dir='ltr'><strong>caste</strong></span> <span class='ocrx_word' id='word_1_18' title='bbox 2522 465 2682 522; x_wconf 77' lang='lat' dir='ltr'><strong>agere</strong></span> <span class='ocrx_word' id='word_1_19' title='bbox 2706 452 2854 513; x_wconf 82' lang='lat' dir='ltr'><strong>velit,</strong></span> <span class='ocrx_word' id='word_1_20' title='bbox 2877 451 3011 506; x_wconf 99' lang='lat' dir='ltr'><strong>nolit</strong></span> <span class='ocrx_word' id='word_1_21' title='bbox 3032 466 3162 507; x_wconf 86' lang='lat' dir='ltr'><strong>vero</strong></span> <span class='ocrx_word' id='word_1_22' title='bbox 3189 452 3347 520; x_wconf 82' lang='lat' dir='ltr'><strong>alter,</strong></span> <span class='ocrx_word' id='word_1_23' title='bbox 3369 461 3422 507; x_wconf 91' lang='lat' dir='ltr'><strong>et</strong></span> <span class='ocrx_word' id='word_1_24' title='bbox 3446 465 3691 522; x_wconf 85' lang='lat' dir='ltr'><strong>propter-</strong></span> 
     </span>
    </p>
   </div>
   <div class='ocr_carea' id='block_1_6' title="bbox 419 543 2003 625">
    <p class='ocr_par' dir='ltr' id='par_1_6' title="bbox 419 543 2003 625">
     <span class='ocr_line' id='line_1_6' title="bbox 419 543 2003 625; baseline -0.006 -19"><span class='ocrx_word' id='word_1_25' title='bbox 419 552 725 625; x_wconf 78' lang='grc' dir='ltr'>ἀμφότεροι</span> <span class='ocrx_word' id='word_1_26' title='bbox 751 551 813 604; x_wconf 69' lang='grc' dir='ltr'>τὸ</span> <span class='ocrx_word' id='word_1_27' title='bbox 845 551 974 622; x_wconf 76' lang='grc' dir='ltr'>περὶ</span> <span class='ocrx_word' id='word_1_28' title='bbox 1025 550 1224 612; x_wconf 86' lang='grc' dir='ltr'>παντὸς</span> <span class='ocrx_word' id='word_1_29' title='bbox 1254 549 1599 619; x_wconf 84' lang='grc' dir='ltr'>πράγματος,</span> <span class='ocrx_word' id='word_1_30' title='bbox 1629 543 1689 602; x_wconf 73' lang='grc' dir='ltr'><strong>οὗ</strong></span> <span class='ocrx_word' id='word_1_31' title='bbox 1718 546 1813 599; x_wconf 86' lang='grc' dir='ltr'><strong>ἐὰν</strong></span> <span class='ocrx_word' id='word_1_32' title='bbox 1845 546 2003 616; x_wconf 81' lang='grc' dir='ltr'>αἰτή·</span> 
     </span>
    </p>
   </div>
   <div class='ocr_carea' id='block_1_7' title="bbox 423 638 2003 712">
    <p class='ocr_par' dir='ltr' id='par_1_7' title="bbox 423 638 2003 712">
     <span class='ocr_line' id='line_1_7' title="bbox 423 638 2003 712; baseline -0.006 -15"><span class='ocrx_word' id='word_1_33' title='bbox 423 660 645 708; x_wconf 87' lang='grc' dir='ltr'>σωνται,</span> <span class='ocrx_word' id='word_1_34' title='bbox 675 642 921 712; x_wconf 81' lang='grc' dir='ltr'>γίνεσθαι</span> <span class='ocrx_word' id='word_1_35' title='bbox 949 642 1131 704; x_wconf 83' lang='grc' dir='ltr'>αὐτοῖς</span> <span class='ocrx_word' id='word_1_36' title='bbox 1186 640 1338 711; x_wconf 83' lang='grc' dir='ltr'><strong>παρά</strong></span> <span class='ocrx_word' id='word_1_37' title='bbox 1390 638 1484 693; x_wconf 84' lang='grc' dir='ltr'><strong>τοῦ</strong></span> <span class='ocrx_word' id='word_1_38' title='bbox 1533 641 1590 691; x_wconf 81' lang='grc' dir='ltr'><strong>ἐν</strong></span> <span class='ocrx_word' id='word_1_39' title='bbox 1617 640 1728 701; x_wconf 83' lang='grc' dir='ltr'>τοῖς</span> <span class='ocrx_word' id='word_1_40' title='bbox 1755 638 2003 709; x_wconf 84' lang='grc' dir='ltr'>οὐρανοῖς</span> 
     </span>
    </p>
   </div>
   <div class='ocr_carea' id='block_1_8' title="bbox 421 727 1134 801">
    <p class='ocr_par' dir='ltr' id='par_1_8' title="bbox 421 727 1134 801">
     <span class='ocr_line' id='line_1_8' title="bbox 421 727 1134 801; baseline -0.004 -17"><span class='ocrx_word' id='word_1_41' title='bbox 421 728 636 801; x_wconf 85' lang='grc' dir='ltr'>Πατρδς</span> <span class='ocrx_word' id='word_1_42' title='bbox 680 727 853 800; x_wconf 82' lang='grc' dir='ltr'>Ἰησοῦ</span> <span class='ocrx_word' id='word_1_43' title='bbox 876 727 1134 799; x_wconf 80' lang='grc' dir='ltr'>Χριστοῦ.</span> 
     </span>
    </p>
   </div>
   <div class='ocr_carea' id='block_1_9' title="bbox 493 965 2005 1044">
    <p class='ocr_par' dir='ltr' id='par_1_9' title="bbox 493 965 2005 1044">
     <span class='ocr_line' id='line_1_9' title="bbox 493 965 2005 1044; baseline -0.003 -17"><span class='ocrx_word' id='word_1_44' title='bbox 493 965 622 1027; x_wconf 78' lang='grc' dir='ltr'>οἶδα</span> <span class='ocrx_word' id='word_1_45' title='bbox 647 972 704 1026; x_wconf 87' lang='grc' dir='ltr'>δὲ</span> <span class='ocrx_word' id='word_1_46' title='bbox 737 971 833 1027; x_wconf 77' lang='grc' dir='ltr'>καὶ</span> <span class='ocrx_word' id='word_1_47' title='bbox 865 970 1032 1044; x_wconf 83' lang='grc' dir='ltr'>ἀλλην</span> <span class='ocrx_word' id='word_1_48' title='bbox 1059 971 1311 1042; x_wconf 77' lang='grc' dir='ltr'>διήγησιν</span> <span class='ocrx_word' id='word_1_49' title='bbox 1353 969 1462 1043; x_wconf 82' lang='lat'><strong>(95)</strong></span> <span class='ocrx_word' id='word_1_50' title='bbox 1519 970 1657 1042; x_wconf 90' lang='grc' dir='ltr'><strong>μετά</strong></span> <span class='ocrx_word' id='word_1_51' title='bbox 1686 970 1813 1033; x_wconf 77' lang='grc' dir='ltr'>τοὺς</span> <span class='ocrx_word' id='word_1_52' title='bbox 1838 986 2005 1038; x_wconf 81' lang='grc' dir='ltr'>γεγα-</span> 
     </span>
    </p>
   </div>
   <div class='ocr_carea' id='block_1_10' title="bbox 428 1062 2004 1137">
    <p class='ocr_par' dir='ltr' id='par_1_10' title="bbox 428 1062 2004 1137">
     <span class='ocr_line' id='line_1_10' title="bbox 428 1062 2004 1137; baseline -0.001 -20"><span class='ocrx_word' id='word_1_53' title='bbox 428 1065 669 1137; x_wconf 82' lang='grc' dir='ltr'>μηκότας</span> <span class='ocrx_word' id='word_1_54' title='bbox 700 1065 828 1134; x_wconf 82' lang='grc' dir='ltr'>περὶ</span> <span class='ocrx_word' id='word_1_55' title='bbox 855 1064 955 1135; x_wconf 86' lang='grc' dir='ltr'>τῆς</span> <span class='ocrx_word' id='word_1_56' title='bbox 1001 1062 1110 1115; x_wconf 85' lang='grc' dir='ltr'><strong>τῶν</strong></span> <span class='ocrx_word' id='word_1_57' title='bbox 1155 1062 1248 1116; x_wconf 90' lang='grc' dir='ltr'><strong>δύο</strong></span> <span class='ocrx_word' id='word_1_58' title='bbox 1281 1062 1601 1132; x_wconf 86' lang='grc' dir='ltr'>συμφωνίας</span> <span class='ocrx_word' id='word_1_59' title='bbox 1632 1063 1909 1130; x_wconf 70' lang='grc' dir='ltr'>τοιαύτηνι</span> <span class='ocrx_word' id='word_1_60' title='bbox 1946 1062 2004 1115; x_wconf 84' lang='grc' dir='ltr'><strong>ἐν</strong></span> 
     </span>
    </p>
   </div>
   <div class='ocr_carea' id='block_1_11' title="bbox 427 1152 2002 1229">
    <p class='ocr_par' dir='ltr' id='par_1_11' title="bbox 427 1152 2002 1229">
     <span class='ocr_line' id='line_1_11' title="bbox 427 1152 2002 1229; baseline -0.002 -21"><span class='ocrx_word' id='word_1_61' title='bbox 427 1155 657 1229; x_wconf 79' lang='grc' dir='ltr'>μὲντοῖς</span> <span class='ocrx_word' id='word_1_62' title='bbox 690 1155 917 1226; x_wconf 74' lang='grc' dir='ltr'>φαύλοις</span> <span class='ocrx_word' id='word_1_63' title='bbox 977 1152 1251 1224; x_wconf 81' lang='grc' dir='ltr'><strong>βασιλεύει</strong></span> <span class='ocrx_word' id='word_1_64' title='bbox 1302 1155 1336 1225; x_wconf 81' lang='grc' dir='ltr'>ἡ</span> <span class='ocrx_word' id='word_1_65' title='bbox 1367 1153 1609 1227; x_wconf 87' lang='grc' dir='ltr'>ἁμαρτία</span> <span class='ocrx_word' id='word_1_66' title='bbox 1660 1153 1759 1223; x_wconf 82' lang='grc' dir='ltr'>τῆς</span> <span class='ocrx_word' id='word_1_67' title='bbox 1805 1152 2002 1224; x_wconf 71' lang='grc' dir='ltr'>ψυχῆς,</span> 
     </span>
    </p>
   </div>
   <div class='ocr_carea' id='block_1_12' title="bbox 427 1243 2005 1319">
    <p class='ocr_par' dir='ltr' id='par_1_12' title="bbox 427 1243 2005 1319">
     <span class='ocr_line' id='line_1_12' title="bbox 427 1243 2005 1319; baseline -0.001 -21"><span class='ocrx_word' id='word_1_68' title='bbox 427 1245 687 1319; x_wconf 73' lang='grc' dir='ltr'><strong>ἱδρυμένη</strong></span> <span class='ocrx_word' id='word_1_69' title='bbox 720 1246 795 1310; x_wconf 86' lang='grc' dir='ltr'>ὼς</span> <span class='ocrx_word' id='word_1_70' title='bbox 815 1247 873 1298; x_wconf 82' lang='grc' dir='ltr'><strong>ἐν</strong></span> <span class='ocrx_word' id='word_1_71' title='bbox 898 1245 1083 1316; x_wconf 78' lang='grc' dir='ltr'>οἰκείῳ</span> <span class='ocrx_word' id='word_1_72' title='bbox 1118 1245 1291 1317; x_wconf 80' lang='grc' dir='ltr'>θρόνῳ</span> <span class='ocrx_word' id='word_1_73' title='bbox 1335 1244 1413 1317; x_wconf 80' lang='grc' dir='ltr'>τῷ</span> <span class='ocrx_word' id='word_1_74' title='bbox 1449 1244 1628 1316; x_wconf 88' lang='grc' dir='ltr'>θνητῷ</span> <span class='ocrx_word' id='word_1_75' title='bbox 1674 1244 1848 1315; x_wconf 83' lang='grc' dir='ltr'>τούτῳ</span> <span class='ocrx_word' id='word_1_76' title='bbox 1902 1243 2005 1297; x_wconf 82' lang='grc' dir='ltr'><strong>σώ-</strong></span> 
     </span>
    </p>
   </div>
   <div class='ocr_carea' id='block_1_13' title="bbox 426 1335 2005 1407">
    <p class='ocr_par' dir='ltr' id='par_1_13' title="bbox 426 1335 2005 1407">
     <span class='ocr_line' id='line_1_13' title="bbox 426 1335 2005 1407; baseline 0.001 -19"><span class='ocrx_word' id='word_1_77' title='bbox 426 1352 581 1407; x_wconf 84' lang='grc' dir='ltr'>ματι,</span> <span class='ocrx_word' id='word_1_78' title='bbox 634 1337 714 1398; x_wconf 77' lang='grc' dir='ltr'>εἰς</span> <span class='ocrx_word' id='word_1_79' title='bbox 758 1336 820 1387; x_wconf 81' lang='grc' dir='ltr'>τὸ</span> <span class='ocrx_word' id='word_1_80' title='bbox 870 1335 1162 1388; x_wconf 84' lang='grc' dir='ltr'>ὑπακούειν</span> <span class='ocrx_word' id='word_1_81' title='bbox 1186 1336 1286 1407; x_wconf 85' lang='grc' dir='ltr'>τὴν</span> <span class='ocrx_word' id='word_1_82' title='bbox 1309 1335 1488 1407; x_wconf 79' lang='grc' dir='ltr'>ψυχὴν</span> <span class='ocrx_word' id='word_1_83' title='bbox 1513 1338 1633 1399; x_wconf 83' lang='grc' dir='ltr'>ταῖς</span> <span class='ocrx_word' id='word_1_84' title='bbox 1687 1335 2005 1406; x_wconf 79' lang='grc' dir='ltr'>ἐπιθυμίαις</span> 
     </span>
    </p>
   </div>
   <div class='ocr_carea' id='block_1_14' title="bbox 424 1425 2005 1500">
    <p class='ocr_par' dir='ltr' id='par_1_14' title="bbox 424 1425 2005 1500">
     <span class='ocr_line' id='line_1_14' title="bbox 424 1425 2005 1500; baseline -0.002 -19"><span class='ocrx_word' id='word_1_85' title='bbox 424 1425 609 1481; x_wconf 80' lang='grc' dir='ltr'>αὐτοῦ·</span> <span class='ocrx_word' id='word_1_86' title='bbox 645 1429 701 1480; x_wconf 87' lang='grc' dir='ltr'><strong>ἐν</strong></span> <span class='ocrx_word' id='word_1_87' title='bbox 730 1427 788 1480; x_wconf 86' lang='grc' dir='ltr'><strong>δὲ</strong></span> <span class='ocrx_word' id='word_1_88' title='bbox 814 1430 925 1490; x_wconf 83' lang='grc' dir='ltr'>τοῖς</span> <span class='ocrx_word' id='word_1_89' title='bbox 972 1427 1248 1500; x_wconf 84' lang='grc' dir='ltr'>ἐγείρασιν</span> <span class='ocrx_word' id='word_1_90' title='bbox 1282 1427 1357 1490; x_wconf 86' lang='grc' dir='ltr'>ὡς</span> <span class='ocrx_word' id='word_1_91' title='bbox 1394 1427 1502 1480; x_wconf 78' lang='grc' dir='ltr'><strong>ἀπὸ</strong></span> <span class='ocrx_word' id='word_1_92' title='bbox 1549 1426 1737 1500; x_wconf 83' lang='grc' dir='ltr'>θρόνου</span> <span class='ocrx_word' id='word_1_93' title='bbox 1778 1427 1870 1480; x_wconf 89' lang='grc' dir='ltr'><strong>τοῦ</strong></span> <span class='ocrx_word' id='word_1_94' title='bbox 1900 1425 2005 1478; x_wconf 84' lang='grc' dir='ltr'><strong>σώ-</strong></span> 
     </span>
    </p>
   </div>
   <div class='ocr_carea' id='block_1_15' title="bbox 429 1517 2005 1588">
    <p class='ocr_par' dir='ltr' id='par_1_15' title="bbox 429 1517 2005 1588">
     <span class='ocr_line' id='line_1_15' title="bbox 429 1517 2005 1588; baseline -0.001 -18"><span class='ocrx_word' id='word_1_95' title='bbox 429 1534 596 1588; x_wconf 87' lang='grc' dir='ltr'>ματος</span> <span class='ocrx_word' id='word_1_96' title='bbox 616 1517 715 1587; x_wconf 83' lang='grc' dir='ltr'>τὴν</span> <span class='ocrx_word' id='word_1_97' title='bbox 745 1517 1252 1588; x_wconf 72' lang='grc' dir='ltr'>προϐασιλεύσασαν</span> <span class='ocrx_word' id='word_1_98' title='bbox 1275 1517 1574 1588; x_wconf 82' lang='grc' dir='ltr'>ἁμαρτίαν,</span> <span class='ocrx_word' id='word_1_99' title='bbox 1618 1518 1710 1570; x_wconf 66' lang='grc' dir='ltr'><strong>κα)⁸</strong></span> <span class='ocrx_word' id='word_1_100' title='bbox 1742 1517 2005 1585; x_wconf 76' lang='grc' dir='ltr'>ἀγωνιζο-</span> 
     </span>
    </p>
   </div>
   <div class='ocr_carea' id='block_1_16' title="bbox 429 1605 2056 1678">
    <p class='ocr_par' dir='ltr' id='par_1_16' title="bbox 429 1605 2056 1678">
     <span class='ocr_line' id='line_1_16' title="bbox 429 1605 2056 1678; baseline -0.001 -18"><span class='ocrx_word' id='word_1_101' title='bbox 429 1608 613 1678; x_wconf 79' lang='grc' dir='ltr'>μένοις</span> <span class='ocrx_word' id='word_1_102' title='bbox 641 1606 778 1678; x_wconf 78' lang='grc' dir='ltr'>πρὸς</span> <span class='ocrx_word' id='word_1_103' title='bbox 804 1607 997 1678; x_wconf 80' lang='grc' dir='ltr'>αὐτὴν,</span> <span class='ocrx_word' id='word_1_104' title='bbox 1029 1626 1047 1658; x_wconf 76' lang='grc' dir='ltr'><strong>ι</strong></span> <span class='ocrx_word' id='word_1_105' title='bbox 1076 1609 1109 1678; x_wconf 83' lang='grc' dir='ltr'>ἡ</span> <span class='ocrx_word' id='word_1_106' title='bbox 1145 1608 1241 1677; x_wconf 85' lang='grc' dir='ltr'><strong>μὲν</strong></span> <span class='ocrx_word' id='word_1_107' title='bbox 1266 1605 1402 1678; x_wconf 80' lang='grc' dir='ltr'>σὰρξ</span> <span class='ocrx_word' id='word_1_108' title='bbox 1446 1607 1705 1676; x_wconf 80' lang='grc' dir='ltr'>ἐπιθυμεῖ</span> <span class='ocrx_word' id='word_1_109' title='bbox 1730 1606 1871 1660; x_wconf 82' lang='grc' dir='ltr'>κατὰ</span> <span class='ocrx_word' id='word_1_110' title='bbox 1908 1605 2000 1659; x_wconf 82' lang='grc' dir='ltr'><strong>τοῦ</strong></span> <span class='ocrx_word' id='word_1_111' title='bbox 2050 1612 2056 1621; x_wconf 91' lang='grc'><strong><em>“</em></strong></span> 
     </span>
    </p>
   </div>
   <div class='ocr_carea' id='block_1_17' title="bbox 427 1692 2001 1768">
    <p class='ocr_par' dir='ltr' id='par_1_17' title="bbox 427 1692 2001 1768">
     <span class='ocr_line' id='line_1_17' title="bbox 427 1692 2001 1768; baseline -0.004 -17"><span class='ocrx_word' id='word_1_112' title='bbox 427 1696 756 1768; x_wconf 88' lang='grc' dir='ltr'>πνεύματος,</span> <span class='ocrx_word' id='word_1_113' title='bbox 790 1696 850 1750; x_wconf 85' lang='grc' dir='ltr'><strong>τὸ</strong></span> <span class='ocrx_word' id='word_1_114' title='bbox 878 1696 934 1749; x_wconf 85' lang='grc' dir='ltr'><strong>δὲ</strong></span> <span class='ocrx_word' id='word_1_115' title='bbox 966 1692 1184 1767; x_wconf 83' lang='grc' dir='ltr'>πνεῦμα</span> <span class='ocrx_word' id='word_1_116' title='bbox 1216 1696 1356 1749; x_wconf 90' lang='grc' dir='ltr'><strong>κατά</strong></span> <span class='ocrx_word' id='word_1_117' title='bbox 1390 1696 1488 1765; x_wconf 83' lang='grc' dir='ltr'>τῆς</span> <span class='ocrx_word' id='word_1_118' title='bbox 1544 1695 1796 1765; x_wconf 72' lang='grc' dir='ltr'>σαρκόςυι</span> <span class='ocrx_word' id='word_1_119' title='bbox 1834 1696 1892 1749; x_wconf 82' lang='grc' dir='ltr'><strong>ἐν</strong></span> <span class='ocrx_word' id='word_1_120' title='bbox 1944 1694 2001 1748; x_wconf 84' lang='grc' dir='ltr'>δὲ</span> 
     </span>
    </p>
   </div>
   <div class='ocr_carea' id='block_1_18' title="bbox 424 1784 2077 1862">
    <p class='ocr_par' dir='ltr' id='par_1_18' title="bbox 424 1784 2077 1862">
     <span class='ocr_line' id='line_1_18' title="bbox 424 1784 2077 1862; baseline -0.003 -19"><span class='ocrx_word' id='word_1_121' title='bbox 424 1793 537 1854; x_wconf 89' lang='grc' dir='ltr'>τοῖς</span> <span class='ocrx_word' id='word_1_122' title='bbox 566 1791 667 1862; x_wconf 74' lang='grc' dir='ltr'>ἤδη</span> <span class='ocrx_word' id='word_1_123' title='bbox 691 1788 1025 1843; x_wconf 83' lang='grc' dir='ltr'>τελειωθεῖσι</span> <span class='ocrx_word' id='word_1_124' title='bbox 1078 1788 1388 1859; x_wconf 84' lang='grc' dir='ltr'>κεκράτηκε</span> <span class='ocrx_word' id='word_1_125' title='bbox 1427 1786 1488 1839; x_wconf 84' lang='grc' dir='ltr'><strong>τὸ</strong></span> <span class='ocrx_word' id='word_1_126' title='bbox 1519 1786 1756 1856; x_wconf 89' lang='grc' dir='ltr'>πνεῦμα,</span> <span class='ocrx_word' id='word_1_127' title='bbox 1782 1787 1874 1839; x_wconf 72' lang='grc' dir='ltr'><strong>καὶ</strong></span> <span class='ocrx_word' id='word_1_128' title='bbox 1906 1784 2005 1848; x_wconf 85' lang='grc' dir='ltr'><strong>τάς</strong></span> <span class='ocrx_word' id='word_1_129' title='bbox 2035 1798 2077 1855; x_wconf 69' lang='grc' dir='ltr'><strong>ις</strong></span> 
     </span>
    </p>
   </div>
   <div class='ocr_carea' id='block_1_19' title="bbox 425 1877 2004 1955">
    <p class='ocr_par' dir='ltr' id='par_1_19' title="bbox 425 1877 2004 1955">
     <span class='ocr_line' id='line_1_19' title="bbox 425 1877 2004 1955; baseline -0.003 -20"><span class='ocrx_word' id='word_1_130' title='bbox 425 1882 654 1955; x_wconf 80' lang='grc' dir='ltr'>πράξεις</span> <span class='ocrx_word' id='word_1_131' title='bbox 687 1881 993 1936; x_wconf 73' lang='grc' dir='ltr'>ἐθανάτωσε</span> <span class='ocrx_word' id='word_1_132' title='bbox 1019 1880 1112 1933; x_wconf 88' lang='grc' dir='ltr'><strong>τοῦ</strong></span> <span class='ocrx_word' id='word_1_133' title='bbox 1143 1878 1412 1949; x_wconf 85' lang='grc' dir='ltr'>σώματος,</span> <span class='ocrx_word' id='word_1_134' title='bbox 1437 1880 1531 1932; x_wconf 71' lang='grc' dir='ltr'><strong>καὶ</strong></span> <span class='ocrx_word' id='word_1_135' title='bbox 1561 1877 1880 1949; x_wconf 81' lang='grc' dir='ltr'>μεταδίδωσι</span> <span class='ocrx_word' id='word_1_136' title='bbox 1906 1877 2004 1947; x_wconf 76' lang='grc' dir='ltr'>τῆς</span> 
     </span>
    </p>
   </div>
   <div class='ocr_carea' id='block_1_20' title="bbox 426 1968 2000 2043">
    <p class='ocr_par' dir='ltr' id='par_1_20' title="bbox 426 1968 2000 2043">
     <span class='ocr_line' id='line_1_20' title="bbox 426 1968 2000 2043; baseline -0.003 -18"><span class='ocrx_word' id='word_1_137' title='bbox 426 1972 623 2025; x_wconf 85' lang='grc' dir='ltr'>ἐαυτοῦ</span> <span class='ocrx_word' id='word_1_138' title='bbox 653 1971 802 2043; x_wconf 79' lang='grc' dir='ltr'>ζωῆς</span> <span class='ocrx_word' id='word_1_139' title='bbox 835 1971 913 2042; x_wconf 81' lang='grc' dir='ltr'>τῷ</span> <span class='ocrx_word' id='word_1_140' title='bbox 964 1969 1196 2039; x_wconf 83' lang='grc' dir='ltr'>σώματι,</span> <span class='ocrx_word' id='word_1_141' title='bbox 1255 1970 1330 2033; x_wconf 83' lang='grc' dir='ltr'>ὡς</span> <span class='ocrx_word' id='word_1_142' title='bbox 1364 1969 1465 2040; x_wconf 74' lang='grc' dir='ltr'>ἤδη</span> <span class='ocrx_word' id='word_1_143' title='bbox 1514 1968 1760 2038; x_wconf 87' lang='grc' dir='ltr'>γίνεσθαι</span> <span class='ocrx_word' id='word_1_144' title='bbox 1803 1970 1898 2022; x_wconf 78' lang='grc' dir='ltr'><strong>καὶ</strong></span> <span class='ocrx_word' id='word_1_145' title='bbox 1922 1968 2000 2021; x_wconf 67' lang='grc' dir='ltr'>του</span> 
     </span>
    </p>
   </div>
   <div class='ocr_carea' id='block_1_21' title="bbox 431 2059 2007 2135">
    <p class='ocr_par' dir='ltr' id='par_1_21' title="bbox 431 2059 2007 2135">
     <span class='ocr_line' id='line_1_21' title="bbox 431 2059 2007 2135; baseline -0.004 -17"><span class='ocrx_word' id='word_1_146' title='bbox 431 2083 453 2117; x_wconf 75' lang='grc' dir='ltr'><strong>ί</strong></span> <span class='ocrx_word' id='word_1_147' title='bbox 489 2066 824 2135; x_wconf 86' lang='grc' dir='ltr'>Ζωοποιήσει</span> <span class='ocrx_word' id='word_1_148' title='bbox 870 2064 966 2116; x_wconf 82' lang='grc' dir='ltr'><strong>καὶ</strong></span> <span class='ocrx_word' id='word_1_149' title='bbox 999 2062 1069 2115; x_wconf 92' lang='grc' dir='ltr'><strong>τά</strong></span> <span class='ocrx_word' id='word_1_150' title='bbox 1120 2060 1290 2132; x_wconf 84' lang='grc' dir='ltr'>θνητὰ</span> <span class='ocrx_word' id='word_1_151' title='bbox 1345 2061 1500 2132; x_wconf 84' lang='grc' dir='ltr'>ἡμῶν</span> <span class='ocrx_word' id='word_1_152' title='bbox 1561 2059 1787 2131; x_wconf 85' lang='grc' dir='ltr'>σώματα</span> <span class='ocrx_word' id='word_1_153' title='bbox 1835 2059 1923 2113; x_wconf 86' lang='grc' dir='ltr'>διὰ</span> <span class='ocrx_word' id='word_1_154' title='bbox 1946 2060 2007 2112; x_wconf 84' lang='grc' dir='ltr'>τὸ</span> 
     </span>
    </p>
   </div>
   <div class='ocr_carea' id='block_1_22' title="bbox 425 2151 2007 2224">
    <p class='ocr_par' dir='ltr' id='par_1_22' title="bbox 425 2151 2007 2224">
     <span class='ocr_line' id='line_1_22' title="bbox 425 2151 2007 2224; baseline -0.003 -15"><span class='ocrx_word' id='word_1_155' title='bbox 425 2155 669 2210; x_wconf 79' lang='grc' dir='ltr'>ἐνοικοῦν</span> <span class='ocrx_word' id='word_1_156' title='bbox 699 2153 861 2209; x_wconf 81' lang='grc' dir='ltr'>αὑτοῦ</span> <span class='ocrx_word' id='word_1_157' title='bbox 899 2154 1112 2224; x_wconf 86' lang='grc' dir='ltr'>πνεῦμα</span> <span class='ocrx_word' id='word_1_158' title='bbox 1144 2155 1200 2206; x_wconf 87' lang='grc' dir='ltr'><strong>ἐν</strong></span> <span class='ocrx_word' id='word_1_159' title='bbox 1245 2155 1400 2223; x_wconf 74' lang='grc' dir='ltr'>ἡμῖν,</span> <span class='ocrx_word' id='word_1_160' title='bbox 1437 2170 1454 2202; x_wconf 87' lang='grc'><strong>›</strong></span> <span class='ocrx_word' id='word_1_161' title='bbox 1490 2151 1585 2204; x_wconf 76' lang='grc' dir='ltr'><strong>καὶ</strong></span> <span class='ocrx_word' id='word_1_162' title='bbox 1630 2153 1840 2219; x_wconf 83' lang='grc' dir='ltr'>γίνεται</span> <span class='ocrx_word' id='word_1_163' title='bbox 1871 2169 2007 2223; x_wconf 81' lang='grc' dir='ltr'>συμ-</span> 
     </span>
    </p>
   </div>
   <div class='ocr_carea' id='block_1_23' title="bbox 426 2241 2003 2318">
    <p class='ocr_par' dir='ltr' id='par_1_23' title="bbox 426 2241 2003 2318">
     <span class='ocr_line' id='line_1_23' title="bbox 426 2241 2003 2318; baseline -0.008 -16"><span class='ocrx_word' id='word_1_164' title='bbox 426 2247 603 2318; x_wconf 84' lang='grc' dir='ltr'>φωνία</span> <span class='ocrx_word' id='word_1_165' title='bbox 632 2246 737 2299; x_wconf 62' lang='grc' dir='ltr'>ὧν</span> <span class='ocrx_word' id='word_1_166' title='bbox 760 2245 871 2308; x_wconf 83' lang='grc' dir='ltr'>δύο,</span> <span class='ocrx_word' id='word_1_167' title='bbox 896 2243 1147 2313; x_wconf 86' lang='grc' dir='ltr'>σώματος</span> <span class='ocrx_word' id='word_1_168' title='bbox 1177 2243 1271 2295; x_wconf 59' lang='grc' dir='ltr'><strong>καὶ⁹</strong></span> <span class='ocrx_word' id='word_1_169' title='bbox 1302 2241 1607 2313; x_wconf 85' lang='grc' dir='ltr'>πνεύματος</span> <span class='ocrx_word' id='word_1_170' title='bbox 1634 2242 1727 2295; x_wconf 78' lang='grc' dir='ltr'><strong>ἐπὶ</strong></span> <span class='ocrx_word' id='word_1_171' title='bbox 1756 2242 1857 2310; x_wconf 77' lang='grc' dir='ltr'>τῆς</span> <span class='ocrx_word' id='word_1_172' title='bbox 1877 2242 2003 2312; x_wconf 80' lang='grc' dir='ltr'>γῆς,</span> 
     </span>
    </p>
   </div>
   <div class='ocr_carea' id='block_1_24' title="bbox 424 2333 2007 2411">
    <p class='ocr_par' dir='ltr' id='par_1_24' title="bbox 424 2333 2007 2411">
     <span class='ocr_line' id='line_1_24' title="bbox 424 2333 2007 2411; baseline -0.004 -19"><span class='ocrx_word' id='word_1_173' title='bbox 424 2334 642 2411; x_wconf 82' lang='grc' dir='ltr'>ἧστινος</span> <span class='ocrx_word' id='word_1_174' title='bbox 670 2334 1130 2410; x_wconf 88' lang='grc' dir='ltr'>κατορθωθείσης,</span> <span class='ocrx_word' id='word_1_175' title='bbox 1169 2334 1458 2406; x_wconf 81' lang='grc' dir='ltr'>σύμφωνος</span> <span class='ocrx_word' id='word_1_176' title='bbox 1486 2334 1580 2387; x_wconf 76' lang='grc' dir='ltr'><strong>καὶ</strong></span> <span class='ocrx_word' id='word_1_177' title='bbox 1614 2335 1652 2403; x_wconf 81' lang='grc' dir='ltr'><strong>’ἡ</strong></span> <span class='ocrx_word' id='word_1_178' title='bbox 1702 2333 1834 2405; x_wconf 85' lang='grc' dir='ltr'>εὐχὴ</span> <span class='ocrx_word' id='word_1_179' title='bbox 1877 2336 2007 2387; x_wconf 87' lang='grc' dir='ltr'>ἁνα-</span> 
     </span>
    </p>
   </div>
   <div class='ocr_carea' id='block_1_25' title="bbox 426 2425 2007 2502">
    <p class='ocr_par' dir='ltr' id='par_1_25' title="bbox 426 2425 2007 2502">
     <span class='ocr_line' id='line_1_25' title="bbox 426 2425 2007 2502; baseline -0.004 -18"><span class='ocrx_word' id='word_1_180' title='bbox 426 2430 701 2502; x_wconf 80' lang='grc' dir='ltr'>πέμπεται</span> <span class='ocrx_word' id='word_1_181' title='bbox 739 2447 756 2479; x_wconf 79' lang='grc' dir='ltr'><strong>ι</strong></span> <span class='ocrx_word' id='word_1_182' title='bbox 791 2427 884 2480; x_wconf 86' lang='grc' dir='ltr'><strong>τοῦ</strong></span> <span class='ocrx_word' id='word_1_183' title='bbox 920 2426 1117 2498; x_wconf 80' lang='grc' dir='ltr'>καρδίᾳ</span> <span class='ocrx_word' id='word_1_184' title='bbox 1166 2426 1267 2497; x_wconf 85' lang='grc' dir='ltr'>μὲν</span> <span class='ocrx_word' id='word_1_185' title='bbox 1308 2425 1654 2490; x_wconf 85' lang='grc' dir='ltr'>πιστεύοντος</span> <span class='ocrx_word' id='word_1_186' title='bbox 1693 2428 1772 2489; x_wconf 83' lang='grc' dir='ltr'><strong>είς</strong></span> <span class='ocrx_word' id='word_1_187' title='bbox 1804 2427 2007 2479; x_wconf 86' lang='grc' dir='ltr'>δικαιο-</span> 
     </span>
    </p>
   </div>
   <div class='ocr_carea' id='block_1_26' title="bbox 432 2515 2005 2592">
    <p class='ocr_par' dir='ltr' id='par_1_26' title="bbox 432 2515 2005 2592">
     <span class='ocr_line' id='line_1_26' title="bbox 432 2515 2005 2592; baseline -0.003 -18"><span class='ocrx_word' id='word_1_188' title='bbox 432 2521 619 2592; x_wconf 90' lang='grc' dir='ltr'>σύνην,</span> <span class='ocrx_word' id='word_1_189' title='bbox 645 2519 871 2590; x_wconf 89' lang='grc' dir='ltr'>στόματι</span> <span class='ocrx_word' id='word_1_190' title='bbox 903 2518 959 2571; x_wconf 87' lang='grc' dir='ltr'><strong>δέ</strong></span> <span class='ocrx_word' id='word_1_191' title='bbox 984 2516 1374 2588; x_wconf 79' lang='grc' dir='ltr'>ὁμολογοῦντος</span> <span class='ocrx_word' id='word_1_192' title='bbox 1403 2520 1483 2581; x_wconf 86' lang='grc' dir='ltr'>εἰς</span> <span class='ocrx_word' id='word_1_193' title='bbox 1510 2518 1835 2589; x_wconf 80' lang='grc' dir='ltr'>σωτηρίαν,›</span> <span class='ocrx_word' id='word_1_194' title='bbox 1865 2515 2005 2569; x_wconf 85' lang='grc' dir='ltr'>ὥστε</span> 
     </span>
    </p>
   </div>
   <div class='ocr_carea' id='block_1_27' title="bbox 434 2605 2005 2685">
    <p class='ocr_par' dir='ltr' id='par_1_27' title="bbox 434 2605 2005 2685">
     <span class='ocr_line' id='line_1_27' title="bbox 434 2605 2005 2685; baseline -0.001 -19"><span class='ocrx_word' id='word_1_195' title='bbox 434 2613 630 2685; x_wconf 82' lang='grc' dir='ltr'>μηκέτι</span> <span class='ocrx_word' id='word_1_196' title='bbox 658 2612 758 2684; x_wconf 83' lang='grc' dir='ltr'>τὴν</span> <span class='ocrx_word' id='word_1_197' title='bbox 789 2610 1017 2682; x_wconf 80' lang='grc' dir='ltr'>καρδίαν</span> <span class='ocrx_word' id='word_1_198' title='bbox 1053 2605 1403 2681; x_wconf 76' lang='grc' dir='ltr'>πὸῤῥωεῖναι</span> <span class='ocrx_word' id='word_1_199' title='bbox 1432 2610 1528 2664; x_wconf 86' lang='grc' dir='ltr'><strong>τοῦ</strong></span> <span class='ocrx_word' id='word_1_200' title='bbox 1562 2610 1721 2675; x_wconf 84' lang='grc' dir='ltr'>Θεοῦ,</span> <span class='ocrx_word' id='word_1_201' title='bbox 1747 2611 1841 2665; x_wconf 76' lang='grc' dir='ltr'><strong>καὶ</strong></span> <span class='ocrx_word' id='word_1_202' title='bbox 1868 2610 2005 2682; x_wconf 86' lang='grc' dir='ltr'><strong>μετά</strong></span> 
     </span>
    </p>
   </div>
   <div class='ocr_carea' id='block_1_28' title="bbox 426 2701 2008 2777">
    <p class='ocr_par' dir='ltr' id='par_1_28' title="bbox 426 2701 2008 2777">
     <span class='ocr_line' id='line_1_28' title="bbox 426 2701 2008 2777; baseline -0.003 -18"><span class='ocrx_word' id='word_1_203' title='bbox 426 2705 632 2777; x_wconf 81' lang='grc' dir='ltr'>ταύτης</span> <span class='ocrx_word' id='word_1_204' title='bbox 664 2703 902 2773; x_wconf 78' lang='grc' dir='ltr'>ἐγγίζειν</span> <span class='ocrx_word' id='word_1_205' title='bbox 934 2701 1095 2755; x_wconf 84' lang='grc' dir='ltr'>αὑτοῦ</span> <span class='ocrx_word' id='word_1_206' title='bbox 1130 2702 1225 2754; x_wconf 77' lang='grc' dir='ltr'><strong>καὶ</strong></span> <span class='ocrx_word' id='word_1_207' title='bbox 1248 2705 1361 2765; x_wconf 86' lang='grc' dir='ltr'>τοῖς</span> <span class='ocrx_word' id='word_1_208' title='bbox 1378 2702 1602 2772; x_wconf 77' lang='grc' dir='ltr'>χείλεσι,</span> <span class='ocrx_word' id='word_1_209' title='bbox 1638 2703 1730 2756; x_wconf 72' lang='grc' dir='ltr'><strong>καὶ</strong></span> <span class='ocrx_word' id='word_1_210' title='bbox 1774 2701 1853 2773; x_wconf 87' lang='grc' dir='ltr'>τῷ</span> <span class='ocrx_word' id='word_1_211' title='bbox 1886 2701 2008 2754; x_wconf 86' lang='grc' dir='ltr'>στό-</span> 
     </span>
    </p>
   </div>
   <div class='ocr_carea' id='block_1_29' title="bbox 432 2791 2006 2865">
    <p class='ocr_par' dir='ltr' id='par_1_29' title="bbox 432 2791 2006 2865">
     <span class='ocr_line' id='line_1_29' title="bbox 432 2791 2006 2865; baseline -0.001 -17"><span class='ocrx_word' id='word_1_212' title='bbox 432 2812 561 2865; x_wconf 86' lang='grc' dir='ltr'>ματι</span> <span class='ocrx_word' id='word_1_213' title='bbox 588 2793 681 2848; x_wconf 81' lang='grc' dir='ltr'>τὸν</span> <span class='ocrx_word' id='word_1_214' title='bbox 706 2793 914 2846; x_wconf 88' lang='grc' dir='ltr'>δίκαιον</span> <span class='ocrx_word' id='word_1_215' title='bbox 942 2791 1021 2862; x_wconf 82' lang='grc' dir='ltr'>τῷ</span> <span class='ocrx_word' id='word_1_216' title='bbox 1053 2791 1191 2862; x_wconf 83' lang='grc' dir='ltr'><strong>Θεῷ.</strong></span> <span class='ocrx_word' id='word_1_217' title='bbox 1217 2792 1339 2845; x_wconf 87' lang='grc' dir='ltr'><strong>Ἔτι</strong></span> <span class='ocrx_word' id='word_1_218' title='bbox 1362 2791 1417 2844; x_wconf 82' lang='grc' dir='ltr'>δὲ</span> <span class='ocrx_word' id='word_1_219' title='bbox 1450 2791 1858 2864; x_wconf 83' lang='grc' dir='ltr'>μακαριώτερον</span> <span class='ocrx_word' id='word_1_220' title='bbox 1887 2794 1935 2846; x_wconf 79' lang='grc' dir='ltr'><strong>εί</strong></span> <span class='ocrx_word' id='word_1_221' title='bbox 1955 2793 2006 2846; x_wconf 82' lang='grc' dir='ltr'>οἱ</span> 
     </span>
    </p>
   </div>
   <div class='ocr_carea' id='block_1_30' title="bbox 429 2881 2008 2958">
    <p class='ocr_par' dir='ltr' id='par_1_30' title="bbox 429 2881 2008 2958">
     <span class='ocr_line' id='line_1_30' title="bbox 429 2881 2008 2958; baseline 0 -22"><span class='ocrx_word' id='word_1_222' title='bbox 429 2885 577 2953; x_wconf 82' lang='grc' dir='ltr'>τρεῖς</span> <span class='ocrx_word' id='word_1_223' title='bbox 611 2883 925 2952; x_wconf 84' lang='grc' dir='ltr'>συναχθεῖεν</span> <span class='ocrx_word' id='word_1_224' title='bbox 956 2882 1048 2934; x_wconf 76' lang='grc' dir='ltr'>ἐπὶ</span> <span class='ocrx_word' id='word_1_225' title='bbox 1072 2882 1134 2935; x_wconf 87' lang='grc' dir='ltr'><strong>τὸ</strong></span> <span class='ocrx_word' id='word_1_226' title='bbox 1162 2881 1295 2934; x_wconf 84' lang='grc' dir='ltr'>αὐτὸ</span> <span class='ocrx_word' id='word_1_227' title='bbox 1345 2883 1425 2946; x_wconf 85' lang='grc' dir='ltr'><strong>είς</strong></span> <span class='ocrx_word' id='word_1_228' title='bbox 1462 2882 1523 2935; x_wconf 84' lang='grc' dir='ltr'><strong>τὸ</strong></span> <span class='ocrx_word' id='word_1_229' title='bbox 1553 2882 1727 2954; x_wconf 73' lang='grc' dir='ltr'>ὄνομα</span> <span class='ocrx_word' id='word_1_230' title='bbox 1769 2882 1864 2936; x_wconf 90' lang='grc' dir='ltr'><strong>τοῦ</strong></span> <span class='ocrx_word' id='word_1_231' title='bbox 1904 2884 2008 2958; x_wconf 83' lang='grc' dir='ltr'><strong>Ἰη-</strong></span> 
     </span>
    </p>
   </div>
   <div class='ocr_carea' id='block_1_31' title="bbox 432 2974 2006 3047">
    <p class='ocr_par' dir='ltr' id='par_1_31' title="bbox 432 2974 2006 3047">
     <span class='ocr_line' id='line_1_31' title="bbox 432 2974 2006 3047; baseline 0.001 -20"><span class='ocrx_word' id='word_1_232' title='bbox 432 2974 548 3043; x_wconf 86' lang='grc' dir='ltr'>σοῦ,</span> <span class='ocrx_word' id='word_1_233' title='bbox 579 2976 666 3029; x_wconf 82' lang='grc' dir='ltr'><strong>ἵνα</strong></span> <span class='ocrx_word' id='word_1_234' title='bbox 693 2974 953 3047; x_wconf 85' lang='grc' dir='ltr'>πληρωθῇ</span> <span class='ocrx_word' id='word_1_235' title='bbox 986 2975 1065 3028; x_wconf 69' lang='grc' dir='ltr'><strong>τόσ</strong></span> <span class='ocrx_word' id='word_1_236' title='bbox 1098 2994 1115 3023; x_wconf 76' lang='grc' dir='ltr'><strong>ι</strong></span> <span class='ocrx_word' id='word_1_237' title='bbox 1167 2974 1224 3027; x_wconf 85' lang='lat'><strong>&#39;0</strong></span> <span class='ocrx_word' id='word_1_238' title='bbox 1246 2974 1377 3037; x_wconf 82' lang='grc' dir='ltr'>Θεὸς</span> <span class='ocrx_word' id='word_1_239' title='bbox 1409 2974 1631 3043; x_wconf 86' lang='grc' dir='ltr'>ἁγιάσαι</span> <span class='ocrx_word' id='word_1_240' title='bbox 1662 2976 1805 3046; x_wconf 85' lang='grc' dir='ltr'>ὑμᾶς</span> <span class='ocrx_word' id='word_1_241' title='bbox 1825 2974 2006 3029; x_wconf 78' lang='grc' dir='ltr'>ὁλοτε-</span> 
     </span>
    </p>
   </div>
   <div class='ocr_carea' id='block_1_32' title="bbox 429 3066 2005 3140">
    <p class='ocr_par' dir='ltr' id='par_1_32' title="bbox 429 3066 2005 3140">
     <span class='ocr_line' id='line_1_32' title="bbox 429 3066 2005 3140; baseline -0.003 -16"><span class='ocrx_word' id='word_1_242' title='bbox 429 3073 562 3134; x_wconf 82' lang='grc' dir='ltr'>λεϊς,</span> <span class='ocrx_word' id='word_1_243' title='bbox 578 3069 673 3123; x_wconf 75' lang='grc' dir='ltr'><strong>καὶ</strong></span> <span class='ocrx_word' id='word_1_244' title='bbox 698 3067 989 3139; x_wconf 86' lang='grc' dir='ltr'>ὀλόκληρον</span> <span class='ocrx_word' id='word_1_245' title='bbox 1018 3067 1171 3139; x_wconf 83' lang='grc' dir='ltr'>ὑμῶν</span> <span class='ocrx_word' id='word_1_246' title='bbox 1200 3067 1260 3120; x_wconf 80' lang='grc' dir='ltr'>τὸ</span> <span class='ocrx_word' id='word_1_247' title='bbox 1290 3066 1527 3139; x_wconf 88' lang='grc' dir='ltr'>πνεῦμα,</span> <span class='ocrx_word' id='word_1_248' title='bbox 1553 3069 1647 3122; x_wconf 75' lang='grc' dir='ltr'>καὶ</span> <span class='ocrx_word' id='word_1_249' title='bbox 1668 3071 1700 3140; x_wconf 84' lang='grc' dir='ltr'><strong>ἡ</strong></span> <span class='ocrx_word' id='word_1_250' title='bbox 1722 3068 1888 3140; x_wconf 72' lang='grc' dir='ltr'>ψυχὴ,</span> <span class='ocrx_word' id='word_1_251' title='bbox 1912 3068 2005 3122; x_wconf 75' lang='grc' dir='ltr'><strong>καὶ</strong></span> 
     </span>
    </p>
   </div>
   <div class='ocr_carea' id='block_1_33' title="bbox 428 3160 2004 3233">
    <p class='ocr_par' dir='ltr' id='par_1_33' title="bbox 428 3160 2004 3233">
     <span class='ocr_line' id='line_1_33' title="bbox 428 3160 2004 3233; baseline 0.001 -21"><span class='ocrx_word' id='word_1_252' title='bbox 428 3165 489 3213; x_wconf 74' lang='grc' dir='ltr'><strong>τὸ</strong></span> <span class='ocrx_word' id='word_1_253' title='bbox 528 3161 689 3233; x_wconf 86' lang='grc' dir='ltr'>σῶμα</span> <span class='ocrx_word' id='word_1_254' title='bbox 741 3160 1046 3231; x_wconf 79' lang='grc' dir='ltr'>ἀμέμπτως</span> <span class='ocrx_word' id='word_1_255' title='bbox 1089 3160 1148 3212; x_wconf 87' lang='grc' dir='ltr'>ὲν</span> <span class='ocrx_word' id='word_1_256' title='bbox 1193 3161 1258 3230; x_wconf 84' lang='grc' dir='ltr'>τῇ</span> <span class='ocrx_word' id='word_1_257' title='bbox 1313 3160 1584 3231; x_wconf 79' lang='grc' dir='ltr'>παρουσίᾳ</span> <span class='ocrx_word' id='word_1_258' title='bbox 1638 3160 1730 3213; x_wconf 84' lang='grc' dir='ltr'><strong>τοῦ</strong></span> <span class='ocrx_word' id='word_1_259' title='bbox 1798 3161 2004 3233; x_wconf 87' lang='grc' dir='ltr'>Κυρίου</span> 
     </span>
    </p>
   </div>
   <div class='ocr_carea' id='block_1_34' title="bbox 431 3249 2005 3324">
    <p class='ocr_par' dir='ltr' id='par_1_34' title="bbox 431 3249 2005 3324">
     <span class='ocr_line' id='line_1_34' title="bbox 431 3249 2005 3324; baseline -0.002 -18"><span class='ocrx_word' id='word_1_260' title='bbox 431 3252 587 3324; x_wconf 71' lang='grc' dir='ltr'>ἡμῶν</span> <span class='ocrx_word' id='word_1_261' title='bbox 633 3250 809 3321; x_wconf 85' lang='grc' dir='ltr'>Ἰησοῦ</span> <span class='ocrx_word' id='word_1_262' title='bbox 836 3249 1073 3322; x_wconf 85' lang='grc' dir='ltr'>Χριστοῦ</span> <span class='ocrx_word' id='word_1_263' title='bbox 1096 3249 1386 3323; x_wconf 87' lang='grc' dir='ltr'>τηρηθείη.</span> <span class='ocrx_word' id='word_1_264' title='bbox 1404 3270 1420 3300; x_wconf 72' lang='grc' dir='ltr'><strong>ι</strong></span> <span class='ocrx_word' id='word_1_265' title='bbox 1460 3251 1689 3322; x_wconf 83' lang='grc' dir='ltr'>Ζητήσει</span> <span class='ocrx_word' id='word_1_266' title='bbox 1717 3251 1772 3305; x_wconf 90' lang='grc' dir='ltr'><strong>δέ</strong></span> <span class='ocrx_word' id='word_1_267' title='bbox 1801 3269 1883 3315; x_wconf 87' lang='grc' dir='ltr'><strong>τις</strong></span> <span class='ocrx_word' id='word_1_268' title='bbox 1908 3250 2005 3323; x_wconf 79' lang='grc' dir='ltr'><strong>τὴν</strong></span> 
     </span>
    </p>
   </div>
   <div class='ocr_carea' id='block_1_35' title="bbox 434 3340 2004 3415">
    <p class='ocr_par' dir='ltr' id='par_1_35' title="bbox 434 3340 2004 3415">
     <span class='ocr_line' id='line_1_35' title="bbox 434 3340 2004 3415; baseline 0.002 -21"><span class='ocrx_word' id='word_1_269' title='bbox 434 3343 730 3415; x_wconf 70' lang='grc' dir='ltr'>εἰρημένην</span> <span class='ocrx_word' id='word_1_270' title='bbox 771 3341 1091 3413; x_wconf 83' lang='grc' dir='ltr'>συμφωνίαν</span> <span class='ocrx_word' id='word_1_271' title='bbox 1150 3341 1459 3412; x_wconf 85' lang='grc' dir='ltr'>πνεύματος</span> <span class='ocrx_word' id='word_1_272' title='bbox 1503 3343 1596 3395; x_wconf 76' lang='grc' dir='ltr'><strong>καὶ</strong></span> <span class='ocrx_word' id='word_1_273' title='bbox 1649 3340 1898 3413; x_wconf 82' lang='grc' dir='ltr'>σώματος</span> <span class='ocrx_word' id='word_1_274' title='bbox 1956 3344 2004 3397; x_wconf 87' lang='grc' dir='ltr'><strong>εί</strong></span> 
     </span>
    </p>
   </div>
   <div class='ocr_carea' id='block_1_36' title="bbox 426 3428 2000 3503">
    <p class='ocr_par' dir='ltr' id='par_1_36' title="bbox 426 3428 2000 3503">
     <span class='ocr_line' id='line_1_36' title="bbox 426 3428 2000 3503; baseline 0.001 -19"><span class='ocrx_word' id='word_1_275' title='bbox 426 3431 649 3485; x_wconf 85' lang='grc' dir='ltr'>δυνατὸν</span> <span class='ocrx_word' id='word_1_276' title='bbox 671 3429 841 3483; x_wconf 88' lang='grc' dir='ltr'>ταῦτα</span> <span class='ocrx_word' id='word_1_277' title='bbox 874 3429 971 3501; x_wconf 84' lang='grc' dir='ltr'><strong>μὲν</strong></span> <span class='ocrx_word' id='word_1_278' title='bbox 1010 3431 1342 3500; x_wconf 83' lang='grc' dir='ltr'>συμφωνεῖν,</span> <span class='ocrx_word' id='word_1_279' title='bbox 1394 3428 1468 3500; x_wconf 80' lang='grc' dir='ltr'>μὴ</span> <span class='ocrx_word' id='word_1_280' title='bbox 1500 3429 1596 3483; x_wconf 77' lang='grc' dir='ltr'><strong>καὶ</strong></span> <span class='ocrx_word' id='word_1_281' title='bbox 1626 3430 1687 3482; x_wconf 87' lang='grc' dir='ltr'>τὸ</span> <span class='ocrx_word' id='word_1_282' title='bbox 1716 3432 1894 3503; x_wconf 89' lang='grc' dir='ltr'>τρίτον</span> <span class='ocrx_word' id='word_1_283' title='bbox 1922 3433 2000 3500; x_wconf 84' lang='grc' dir='ltr'><strong>δέ,</strong></span> 
     </span>
    </p>
   </div>
   <div class='ocr_carea' id='block_1_37' title="bbox 427 3520 2006 3594">
    <p class='ocr_par' dir='ltr' id='par_1_37' title="bbox 427 3520 2006 3594">
     <span class='ocr_line' id='line_1_37' title="bbox 427 3520 2006 3594; baseline 0.001 -18"><span class='ocrx_word' id='word_1_284' title='bbox 427 3521 570 3593; x_wconf 78' lang='grc' dir='ltr'>λέγω</span> <span class='ocrx_word' id='word_1_285' title='bbox 605 3522 661 3575; x_wconf 86' lang='grc' dir='ltr'>δὲ</span> <span class='ocrx_word' id='word_1_286' title='bbox 682 3520 779 3592; x_wconf 87' lang='grc' dir='ltr'>τὴν</span> <span class='ocrx_word' id='word_1_287' title='bbox 802 3521 997 3592; x_wconf 79' lang='grc' dir='ltr'>ψυχὴν,</span> <span class='ocrx_word' id='word_1_288' title='bbox 1027 3522 1239 3592; x_wconf 81' lang='grc' dir='ltr'>μήποτε</span> <span class='ocrx_word' id='word_1_289' title='bbox 1277 3520 1377 3574; x_wconf 83' lang='grc' dir='ltr'><strong>οὐκ</strong></span> <span class='ocrx_word' id='word_1_290' title='bbox 1410 3520 1673 3593; x_wconf 82' lang='grc' dir='ltr'>ἀκολουθῇ</span> <span class='ocrx_word' id='word_1_291' title='bbox 1704 3525 1771 3594; x_wconf 82' lang='grc' dir='ltr'>τῇ</span> <span class='ocrx_word' id='word_1_292' title='bbox 1803 3523 2006 3577; x_wconf 89' lang='grc' dir='ltr'>τούτων</span> 
     </span>
    </p>
   </div>
   <div class='ocr_carea' id='block_1_38' title="bbox 433 3611 2007 3687">
    <p class='ocr_par' dir='ltr' id='par_1_38' title="bbox 433 3611 2007 3687">
     <span class='ocr_line' id='line_1_38' title="bbox 433 3611 2007 3687; baseline 0.001 -19"><span class='ocrx_word' id='word_1_293' title='bbox 433 3613 722 3686; x_wconf 77' lang='grc' dir='ltr'>συμφωνίᾳ</span> <span class='ocrx_word' id='word_1_294' title='bbox 742 3614 835 3666; x_wconf 59' lang='grc' dir='ltr'><strong>ἐπὶ⁹</strong></span> <span class='ocrx_word' id='word_1_295' title='bbox 868 3612 971 3682; x_wconf 79' lang='grc' dir='ltr'>τῆς</span> <span class='ocrx_word' id='word_1_296' title='bbox 994 3612 1118 3683; x_wconf 81' lang='grc' dir='ltr'>γῆς,</span> <span class='ocrx_word' id='word_1_297' title='bbox 1155 3611 1292 3683; x_wconf 85' lang='grc' dir='ltr'><strong>μετά</strong></span> <span class='ocrx_word' id='word_1_298' title='bbox 1319 3611 1380 3664; x_wconf 83' lang='grc' dir='ltr'><strong>τὸ</strong></span> <span class='ocrx_word' id='word_1_299' title='bbox 1423 3614 1552 3676; x_wconf 82' lang='grc' dir='ltr'>τοὺς</span> <span class='ocrx_word' id='word_1_300' title='bbox 1609 3613 1702 3666; x_wconf 90' lang='grc' dir='ltr'><strong>δύο</strong></span> <span class='ocrx_word' id='word_1_301' title='bbox 1744 3615 2007 3687; x_wconf 81' lang='grc' dir='ltr'>συνῆχθαι</span> 
     </span>
    </p>
   </div>
   <div class='ocr_carea' id='block_1_39' title="bbox 430 3702 2008 3778">
    <p class='ocr_par' dir='ltr' id='par_1_39' title="bbox 430 3702 2008 3778">
     <span class='ocr_line' id='line_1_39' title="bbox 430 3702 2008 3778; baseline 0.002 -20"><span class='ocrx_word' id='word_1_302' title='bbox 430 3706 512 3768; x_wconf 79' lang='grc' dir='ltr'>εἰς</span> <span class='ocrx_word' id='word_1_303' title='bbox 531 3705 593 3758; x_wconf 82' lang='grc' dir='ltr'><strong>τὸ</strong></span> <span class='ocrx_word' id='word_1_304' title='bbox 621 3704 791 3776; x_wconf 75' lang='grc' dir='ltr'>ὄνομα</span> <span class='ocrx_word' id='word_1_305' title='bbox 819 3703 915 3757; x_wconf 90' lang='grc' dir='ltr'><strong>τοῦ</strong></span> <span class='ocrx_word' id='word_1_306' title='bbox 938 3702 1198 3777; x_wconf 87' lang='grc' dir='ltr'>Χριστοῦ,</span> <span class='ocrx_word' id='word_1_307' title='bbox 1225 3703 1286 3756; x_wconf 88' lang='grc' dir='ltr'><strong>τὸ</strong></span> <span class='ocrx_word' id='word_1_308' title='bbox 1308 3702 1550 3767; x_wconf 76' lang='grc' dir='ltr'>καὶτοὺς</span> <span class='ocrx_word' id='word_1_309' title='bbox 1576 3708 1726 3776; x_wconf 86' lang='grc' dir='ltr'>τρεῖς</span> <span class='ocrx_word' id='word_1_310' title='bbox 1758 3707 1858 3778; x_wconf 73' lang='grc' dir='ltr'><strong>ἤδη</strong></span> <span class='ocrx_word' id='word_1_311' title='bbox 1888 3725 2008 3762; x_wconf 85' lang='grc' dir='ltr'>συν-</span> 
     </span>
    </p>
   </div>
   <div class='ocr_carea' id='block_1_40' title="bbox 429 3788 2007 3870">
    <p class='ocr_par' dir='ltr' id='par_1_40' title="bbox 429 3788 2007 3870">
     <span class='ocr_line' id='line_1_40' title="bbox 429 3788 2007 3870; baseline 0.003 -20"><span class='ocrx_word' id='word_1_312' title='bbox 429 3796 659 3864; x_wconf 84' lang='grc' dir='ltr'>άγεσθαι</span> <span class='ocrx_word' id='word_1_313' title='bbox 684 3798 763 3860; x_wconf 75' lang='grc' dir='ltr'><strong>εἰς</strong></span> <span class='ocrx_word' id='word_1_314' title='bbox 787 3796 849 3849; x_wconf 81' lang='grc' dir='ltr'>τὸ</span> <span class='ocrx_word' id='word_1_315' title='bbox 880 3796 1052 3866; x_wconf 77' lang='grc' dir='ltr'>ὄνομα</span> <span class='ocrx_word' id='word_1_316' title='bbox 1089 3793 1279 3860; x_wconf 84' lang='grc' dir='ltr'>αὑτοῦ,</span> <span class='ocrx_word' id='word_1_317' title='bbox 1331 3788 1406 3848; x_wconf 86' lang='grc' dir='ltr'>ὧν</span> <span class='ocrx_word' id='word_1_318' title='bbox 1455 3798 1512 3848; x_wconf 86' lang='grc' dir='ltr'><strong>ἐν</strong></span> <span class='ocrx_word' id='word_1_319' title='bbox 1547 3797 1697 3868; x_wconf 84' lang='grc' dir='ltr'>μέσῳ</span> <span class='ocrx_word' id='word_1_320' title='bbox 1728 3798 1944 3870; x_wconf 79' lang='grc' dir='ltr'>ἔρχεται</span> <span class='ocrx_word' id='word_1_321' title='bbox 1978 3803 2007 3854; x_wconf 83' lang='grc' dir='ltr'><strong>ὁ</strong></span> 
     </span>
    </p>
   </div>
   <div class='ocr_carea' id='block_1_41' title="bbox 432 3882 2007 3959">
    <p class='ocr_par' dir='ltr' id='par_1_41' title="bbox 432 3882 2007 3959">
     <span class='ocr_line' id='line_1_41' title="bbox 432 3882 2007 3959; baseline 0.001 -17"><span class='ocrx_word' id='word_1_322' title='bbox 432 3887 558 3952; x_wconf 65' lang='lat' dir='ltr'><strong>mg</strong></span> <span class='ocrx_word' id='word_1_323' title='bbox 582 3885 678 3942; x_wconf 81' lang='grc' dir='ltr'><strong>τοῦ</strong></span> <span class='ocrx_word' id='word_1_324' title='bbox 716 3882 874 3951; x_wconf 77' lang='grc' dir='ltr'>Θεοῦ,</span> <span class='ocrx_word' id='word_1_325' title='bbox 904 3887 980 3951; x_wconf 83' lang='grc' dir='ltr'>ὡς</span> <span class='ocrx_word' id='word_1_326' title='bbox 1000 3886 1215 3941; x_wconf 89' lang='grc' dir='ltr'>πάντων</span> <span class='ocrx_word' id='word_1_327' title='bbox 1242 3885 1391 3957; x_wconf 79' lang='grc' dir='ltr'>αὐτῷ</span> <span class='ocrx_word' id='word_1_328' title='bbox 1421 3887 1812 3958; x_wconf 83' lang='grc' dir='ltr'>ἀνακειμένων,</span> <span class='ocrx_word' id='word_1_329' title='bbox 1863 3889 2007 3959; x_wconf 81' lang='grc' dir='ltr'>λέγω</span> 
     </span>
    </p>
   </div>
   <div class='ocr_carea' id='block_1_42' title="bbox 428 3976 2005 4051">
    <p class='ocr_par' dir='ltr' id='par_1_42' title="bbox 428 3976 2005 4051">
     <span class='ocr_line' id='line_1_42' title="bbox 428 3976 2005 4051; baseline 0.004 -22"><span class='ocrx_word' id='word_1_330' title='bbox 428 3978 488 4031; x_wconf 72' lang='grc' dir='ltr'>δὲ</span> <span class='ocrx_word' id='word_1_331' title='bbox 507 3979 613 4033; x_wconf 85' lang='grc' dir='ltr'><strong>τῶν</strong></span> <span class='ocrx_word' id='word_1_332' title='bbox 661 3979 826 4051; x_wconf 83' lang='grc' dir='ltr'>τριῶν</span> <span class='ocrx_word' id='word_1_333' title='bbox 859 3979 955 4031; x_wconf 60' lang='grc' dir='ltr'><strong>καὶ⁹</strong></span> <span class='ocrx_word' id='word_1_334' title='bbox 996 3977 1223 4049; x_wconf 85' lang='grc' dir='ltr'>μηδενὸς</span> <span class='ocrx_word' id='word_1_335' title='bbox 1253 3976 1404 4041; x_wconf 75' lang='grc' dir='ltr'>ὄντος</span> <span class='ocrx_word' id='word_1_336' title='bbox 1459 3977 1606 4048; x_wconf 83' lang='grc' dir='ltr'>αὐτῷ</span> <span class='ocrx_word' id='word_1_337' title='bbox 1658 3980 1923 4044; x_wconf 85' lang='grc' dir='ltr'>ἐναντίου,</span> <span class='ocrx_word' id='word_1_338' title='bbox 1945 3984 2005 4036; x_wconf 84' lang='grc' dir='ltr'><strong>οὐ</strong></span> 
     </span>
    </p>
   </div>
   <div class='ocr_carea' id='block_1_43' title="bbox 434 4068 2007 4140">
    <p class='ocr_par' dir='ltr' id='par_1_43' title="bbox 434 4068 2007 4140">
     <span class='ocr_line' id='line_1_43' title="bbox 434 4068 2007 4140; baseline 0.003 -18"><span class='ocrx_word' id='word_1_339' title='bbox 434 4070 593 4140; x_wconf 79' lang='grc' dir='ltr'>μόνον</span> <span class='ocrx_word' id='word_1_340' title='bbox 622 4068 719 4123; x_wconf 89' lang='grc' dir='ltr'><strong>τοῦ</strong></span> <span class='ocrx_word' id='word_1_341' title='bbox 757 4068 1070 4140; x_wconf 87' lang='grc' dir='ltr'>πνεύματος</span> <span class='ocrx_word' id='word_1_342' title='bbox 1126 4068 1227 4121; x_wconf 84' lang='grc' dir='ltr'><strong>οὐκ</strong></span> <span class='ocrx_word' id='word_1_343' title='bbox 1275 4068 1708 4140; x_wconf 80' lang='grc' dir='ltr'>ἐναντιουμένου,</span> <span class='ocrx_word' id='word_1_344' title='bbox 1746 4071 1862 4123; x_wconf 79' lang='grc' dir='ltr'>ἀλλ’</span> <span class='ocrx_word' id='word_1_345' title='bbox 1888 4073 2007 4125; x_wconf 81' lang='grc' dir='ltr'><strong>οὐδέ</strong></span> 
     </span>
    </p>
   </div>
   <div class='ocr_carea' id='block_1_44' title="bbox 428 4158 1421 4231">
    <p class='ocr_par' dir='ltr' id='par_1_44' title="bbox 428 4158 1421 4231">
     <span class='ocr_line' id='line_1_44' title="bbox 428 4158 1421 4231; baseline 0.001 -20"><span class='ocrx_word' id='word_1_346' title='bbox 428 4160 532 4231; x_wconf 81' lang='grc' dir='ltr'>τῆς</span> <span class='ocrx_word' id='word_1_347' title='bbox 563 4160 762 4231; x_wconf 77' lang='grc' dir='ltr'>ψυχῆς,</span> <span class='ocrx_word' id='word_1_348' title='bbox 788 4160 865 4213; x_wconf 74' lang='grc' dir='ltr'>ἔτι</span> <span class='ocrx_word' id='word_1_349' title='bbox 886 4158 1005 4213; x_wconf 78' lang='grc' dir='ltr'>οὐδὲ</span> <span class='ocrx_word' id='word_1_350' title='bbox 1030 4159 1124 4213; x_wconf 87' lang='grc' dir='ltr'><strong>τοῦ</strong></span> <span class='ocrx_word' id='word_1_351' title='bbox 1153 4158 1421 4230; x_wconf 86' lang='grc' dir='ltr'>σώματος.</span> 
     </span>
    </p>
   </div>
   <div class='ocr_carea' id='block_1_45' title="bbox 500 4249 2008 4324">
    <p class='ocr_par' dir='ltr' id='par_1_45' title="bbox 500 4249 2008 4324">
     <span class='ocr_line' id='line_1_45' title="bbox 500 4249 2008 4324; baseline 0.002 -20"><span class='ocrx_word' id='word_1_352' title='bbox 500 4251 706 4323; x_wconf 84' lang='grc' dir='ltr'>Χαρίεν</span> <span class='ocrx_word' id='word_1_353' title='bbox 744 4250 801 4304; x_wconf 87' lang='grc' dir='ltr'>δὲ</span> <span class='ocrx_word' id='word_1_354' title='bbox 834 4251 929 4304; x_wconf 73' lang='grc' dir='ltr'>καὶ</span> <span class='ocrx_word' id='word_1_355' title='bbox 976 4249 1037 4303; x_wconf 77' lang='grc' dir='ltr'><strong>τὸ</strong></span> <span class='ocrx_word' id='word_1_356' title='bbox 1074 4251 1174 4323; x_wconf 83' lang='grc' dir='ltr'>τῆς</span> <span class='ocrx_word' id='word_1_357' title='bbox 1220 4250 1539 4320; x_wconf 86' lang='grc' dir='ltr'>συμφωνίας</span> <span class='ocrx_word' id='word_1_358' title='bbox 1601 4249 1712 4321; x_wconf 87' lang='grc'><strong>(96)</strong></span> <span class='ocrx_word' id='word_1_359' title='bbox 1772 4252 2008 4324; x_wconf 81' lang='grc' dir='ltr'>ἀσκῆσαι</span> 
     </span>
    </p>
   </div>
   <div class='ocr_carea' id='block_1_46' title="bbox 428 4340 2008 4416">
    <p class='ocr_par' dir='ltr' id='par_1_46' title="bbox 428 4340 2008 4416">
     <span class='ocr_line' id='line_1_46' title="bbox 428 4340 2008 4416; baseline -0.001 -17"><span class='ocrx_word' id='word_1_360' title='bbox 428 4345 621 4415; x_wconf 74' lang='grc' dir='ltr'>νοῆσαι</span> <span class='ocrx_word' id='word_1_361' title='bbox 653 4345 749 4399; x_wconf 72' lang='grc' dir='ltr'>καὶ</span> <span class='ocrx_word' id='word_1_362' title='bbox 776 4343 1126 4416; x_wconf 79' lang='grc' dir='ltr'>παραστῆσαι</span> <span class='ocrx_word' id='word_1_363' title='bbox 1169 4341 1279 4395; x_wconf 84' lang='grc' dir='ltr'>τῶν</span> <span class='ocrx_word' id='word_1_364' title='bbox 1329 4340 1422 4394; x_wconf 87' lang='grc' dir='ltr'><strong>δύο</strong></span> <span class='ocrx_word' id='word_1_365' title='bbox 1472 4340 1774 4412; x_wconf 82' lang='grc' dir='ltr'>διαθηκῶν,</span> <span class='ocrx_word' id='word_1_366' title='bbox 1820 4344 1919 4413; x_wconf 87' lang='grc' dir='ltr'>τῆς</span> <span class='ocrx_word' id='word_1_367' title='bbox 1952 4345 2008 4399; x_wconf 83' lang='grc' dir='ltr'>δὲ</span> 
     </span>
    </p>
   </div>
   <div class='ocr_carea' id='block_1_47' title="bbox 2104 542 3692 614">
    <p class='ocr_par' dir='ltr' id='par_1_47' title="bbox 2104 542 3692 614">
     <span class='ocr_line' id='line_1_47' title="bbox 2104 542 3692 614; baseline 0.003 -20"><span class='ocrx_word' id='word_1_368' title='bbox 2104 556 2167 594; x_wconf 88' lang='lat' dir='ltr'><strong>ea</strong></span> <span class='ocrx_word' id='word_1_369' title='bbox 2214 542 2306 611; x_wconf 85' lang='lat' dir='ltr'><strong>qui</strong></span> <span class='ocrx_word' id='word_1_370' title='bbox 2342 543 2484 610; x_wconf 88' lang='lat' dir='ltr'><strong>quod</strong></span> <span class='ocrx_word' id='word_1_371' title='bbox 2526 544 2722 598; x_wconf 90' lang='lat' dir='ltr'><strong>melius</strong></span> <span class='ocrx_word' id='word_1_372' title='bbox 2766 551 2850 599; x_wconf 89' lang='lat' dir='ltr'><strong>est</strong></span> <span class='ocrx_word' id='word_1_373' title='bbox 2886 552 2942 598; x_wconf 88' lang='lat' dir='ltr'><strong>et</strong></span> <span class='ocrx_word' id='word_1_374' title='bbox 2995 544 3230 598; x_wconf 76' lang='lat' dir='ltr'><strong>voluerit</strong></span> <span class='ocrx_word' id='word_1_375' title='bbox 3259 553 3313 599; x_wconf 89' lang='lat' dir='ltr'><strong>et</strong></span> <span class='ocrx_word' id='word_1_376' title='bbox 3350 546 3608 614; x_wconf 86' lang='lat' dir='ltr'><strong>potuerit,</strong></span> <span class='ocrx_word' id='word_1_377' title='bbox 3637 547 3692 599; x_wconf 91' lang='lat' dir='ltr'><strong>in</strong></span> 
     </span>
    </p>
   </div>
   <div class='ocr_carea' id='block_1_48' title="bbox 2106 632 3694 704">
    <p class='ocr_par' dir='ltr' id='par_1_48' title="bbox 2106 632 3694 704">
     <span class='ocr_line' id='line_1_48' title="bbox 2106 632 3694 704; baseline 0.002 -18"><span class='ocrx_word' id='word_1_378' title='bbox 2106 632 2254 688; x_wconf 89' lang='lat' dir='ltr'><strong>illius</strong></span> <span class='ocrx_word' id='word_1_379' title='bbox 2285 635 2618 689; x_wconf 77' lang='lat' dir='ltr'><strong>voluntatem</strong></span> <span class='ocrx_word' id='word_1_380' title='bbox 2649 634 2983 689; x_wconf 85' lang='lat' dir='ltr'><strong>concesserit</strong></span> <span class='ocrx_word' id='word_1_381' title='bbox 3014 635 3107 704; x_wconf 86' lang='lat' dir='ltr'><strong>qui</strong></span> <span class='ocrx_word' id='word_1_382' title='bbox 3140 635 3281 689; x_wconf 89' lang='lat' dir='ltr'><strong>idem</strong></span> <span class='ocrx_word' id='word_1_383' title='bbox 3327 636 3411 689; x_wconf 91' lang='lat' dir='ltr'><strong>vel</strong></span> <span class='ocrx_word' id='word_1_384' title='bbox 3456 636 3694 690; x_wconf 81' lang='lat' dir='ltr'><strong>noluerit</strong></span> 
     </span>
    </p>
   </div>
   <div class='ocr_carea' id='block_1_49' title="bbox 2103 726 3692 796">
    <p class='ocr_par' dir='ltr' id='par_1_49' title="bbox 2103 726 3692 796">
     <span class='ocr_line' id='line_1_49' title="bbox 2103 726 3692 796; baseline 0.002 -18"><span class='ocrx_word' id='word_1_385' title='bbox 2103 726 2186 779; x_wconf 88' lang='lat' dir='ltr'><strong>vel</strong></span> <span class='ocrx_word' id='word_1_386' title='bbox 2231 740 2339 779; x_wconf 91' lang='lat' dir='ltr'><strong>non</strong></span> <span class='ocrx_word' id='word_1_387' title='bbox 2387 726 2646 794; x_wconf 87' lang='lat' dir='ltr'><strong>potuerit,</strong></span> <span class='ocrx_word' id='word_1_388' title='bbox 2697 727 2747 780; x_wconf 92' lang='lat' dir='ltr'><strong>id</strong></span> <span class='ocrx_word' id='word_1_389' title='bbox 2788 741 2895 779; x_wconf 91' lang='lat' dir='ltr'><strong>non</strong></span> <span class='ocrx_word' id='word_1_390' title='bbox 2940 736 3309 796; x_wconf 83' lang='lat' dir='ltr'><strong>consequetur</strong></span> <span class='ocrx_word' id='word_1_391' title='bbox 3348 735 3598 796; x_wconf 88' lang='lat' dir='ltr'><strong>uterque,</strong></span> <span class='ocrx_word' id='word_1_392' title='bbox 3633 736 3692 781; x_wconf 89' lang='lat' dir='ltr'><strong>ut</strong></span> 
     </span>
    </p>
   </div>
   <div class='ocr_carea' id='block_1_50' title="bbox 2102 817 3689 886">
    <p class='ocr_par' dir='ltr' id='par_1_50' title="bbox 2102 817 3689 886">
     <span class='ocr_line' id='line_1_50' title="bbox 2102 817 3689 886; baseline 0.002 -17"><span class='ocrx_word' id='word_1_393' title='bbox 2102 831 2486 884; x_wconf 85' lang='lat' dir='ltr'><strong>quamcunque</strong></span> <span class='ocrx_word' id='word_1_394' title='bbox 2507 833 2619 871; x_wconf 86' lang='lat' dir='ltr'><strong>rem</strong></span> <span class='ocrx_word' id='word_1_395' title='bbox 2648 817 3063 886; x_wconf 79' lang='lat' dir='ltr'><strong>postulaverint,</strong></span> <span class='ocrx_word' id='word_1_396' title='bbox 3095 833 3156 872; x_wconf 90' lang='lat' dir='ltr'><strong>ea</strong></span> <span class='ocrx_word' id='word_1_397' title='bbox 3184 818 3293 873; x_wconf 91' lang='lat' dir='ltr'><strong>illis</strong></span> <span class='ocrx_word' id='word_1_398' title='bbox 3313 835 3343 872; x_wconf 89' lang='lat' dir='ltr'><strong>a</strong></span> <span class='ocrx_word' id='word_1_399' title='bbox 3366 818 3529 874; x_wconf 84' lang='lat' dir='ltr'><strong>Patre</strong></span> <span class='ocrx_word' id='word_1_400' title='bbox 3559 818 3689 873; x_wconf 77' lang='lat' dir='ltr'><strong>Jesu</strong></span> 
     </span>
    </p>
   </div>
   <div class='ocr_carea' id='block_1_51' title="bbox 2100 905 3172 978">
    <p class='ocr_par' dir='ltr' id='par_1_51' title="bbox 2100 905 3172 978">
     <span class='ocr_line' id='line_1_51' title="bbox 2100 905 3172 978; baseline 0 -16"><span class='ocrx_word' id='word_1_401' title='bbox 2100 905 2307 962; x_wconf 86' lang='lat' dir='ltr'><strong>Christi</strong></span> <span class='ocrx_word' id='word_1_402' title='bbox 2333 907 2426 976; x_wconf 92' lang='lat' dir='ltr'><strong>qui</strong></span> <span class='ocrx_word' id='word_1_403' title='bbox 2464 908 2519 960; x_wconf 91' lang='lat' dir='ltr'><strong>in</strong></span> <span class='ocrx_word' id='word_1_404' title='bbox 2555 909 2712 963; x_wconf 72' lang='lat' dir='ltr'><strong>caelis</strong></span> <span class='ocrx_word' id='word_1_405' title='bbox 2740 917 2843 972; x_wconf 87' lang='lat' dir='ltr'><strong>est,</strong></span> <span class='ocrx_word' id='word_1_406' title='bbox 2872 909 3172 978; x_wconf 79' lang='lat' dir='ltr'><strong>contingat.</strong></span> 
     </span>
    </p>
   </div>
   <div class='ocr_carea' id='block_1_52' title="bbox 2171 997 3690 1068">
    <p class='ocr_par' dir='ltr' id='par_1_52' title="bbox 2171 997 3690 1068">
     <span class='ocr_line' id='line_1_52' title="bbox 2171 997 3690 1068; baseline 0.003 -17"><span class='ocrx_word' id='word_1_407' title='bbox 2171 997 2225 1051; x_wconf 83' lang='grc'><strong>5.</strong></span> <span class='ocrx_word' id='word_1_408' title='bbox 2251 998 2426 1051; x_wconf 84' lang='lat' dir='ltr'><strong>Aliam</strong></span> <span class='ocrx_word' id='word_1_409' title='bbox 2451 998 2614 1052; x_wconf 90' lang='lat' dir='ltr'><strong>etiam</strong></span> <span class='ocrx_word' id='word_1_410' title='bbox 2644 999 3042 1068; x_wconf 75' lang='lat' dir='ltr'><strong>expositionem</strong></span> <span class='ocrx_word' id='word_1_411' title='bbox 3069 1000 3136 1053; x_wconf 88' lang='lat' dir='ltr'><strong>de</strong></span> <span class='ocrx_word' id='word_1_412' title='bbox 3156 1000 3387 1055; x_wconf 91' lang='lat' dir='ltr'><strong>duorum</strong></span> <span class='ocrx_word' id='word_1_413' title='bbox 3416 1015 3690 1057; x_wconf 82' lang='lat' dir='ltr'><strong>consensu</strong></span> 
     </span>
    </p>
   </div>
   <div class='ocr_carea' id='block_1_53' title="bbox 2102 1090 3692 1162">
    <p class='ocr_par' dir='ltr' id='par_1_53' title="bbox 2102 1090 3692 1162">
     <span class='ocr_line' id='line_1_53' title="bbox 2102 1090 3692 1162; baseline 0.002 -18"><span class='ocrx_word' id='word_1_414' title='bbox 2102 1090 2296 1156; x_wconf 83' lang='lat' dir='ltr'><strong>calleo,</strong></span> <span class='ocrx_word' id='word_1_415' title='bbox 2345 1098 2470 1157; x_wconf 89' lang='lat' dir='ltr'><strong>post</strong></span> <span class='ocrx_word' id='word_1_416' title='bbox 2511 1107 2575 1146; x_wconf 89' lang='lat' dir='ltr'><strong>ea</strong></span> <span class='ocrx_word' id='word_1_417' title='bbox 2619 1107 2741 1160; x_wconf 62' lang='lat' dir='ltr'><strong>quae</strong></span> <span class='ocrx_word' id='word_1_418' title='bbox 2782 1092 2849 1146; x_wconf 91' lang='lat' dir='ltr'><strong>de</strong></span> <span class='ocrx_word' id='word_1_419' title='bbox 2894 1093 3201 1162; x_wconf 81' lang='lat' dir='ltr'><strong>conjugatis</strong></span> <span class='ocrx_word' id='word_1_420' title='bbox 3242 1094 3516 1159; x_wconf 78' lang='lat' dir='ltr'><strong>diximus;</strong></span> <span class='ocrx_word' id='word_1_421' title='bbox 3566 1093 3692 1147; x_wconf 87' lang='lat' dir='ltr'><strong>talis</strong></span> 
     </span>
    </p>
   </div>
   <div class='ocr_carea' id='block_1_54' title="bbox 2109 1182 3691 1253">
    <p class='ocr_par' dir='ltr' id='par_1_54' title="bbox 2109 1182 3691 1253">
     <span class='ocr_line' id='line_1_54' title="bbox 2109 1182 3691 1253; baseline 0.002 -20"><span class='ocrx_word' id='word_1_422' title='bbox 2109 1189 2289 1234; x_wconf 88' lang='lat' dir='ltr'><strong>autem</strong></span> <span class='ocrx_word' id='word_1_423' title='bbox 2312 1182 2399 1234; x_wconf 87' lang='lat' dir='ltr'><strong>illa</strong></span> <span class='ocrx_word' id='word_1_424' title='bbox 2430 1190 2514 1236; x_wconf 89' lang='lat' dir='ltr'><strong>est</strong></span> <span class='ocrx_word' id='word_1_425' title='bbox 2540 1200 2553 1236; x_wconf 89' lang='lat'><strong>:</strong></span> <span class='ocrx_word' id='word_1_426' title='bbox 2576 1183 2630 1235; x_wconf 91' lang='lat' dir='ltr'><strong>in</strong></span> <span class='ocrx_word' id='word_1_427' title='bbox 2658 1183 2923 1253; x_wconf 83' lang='lat' dir='ltr'><strong>improbis</strong></span> <span class='ocrx_word' id='word_1_428' title='bbox 2943 1185 3233 1253; x_wconf 90' lang='lat' dir='ltr'><strong>imperium</strong></span> <span class='ocrx_word' id='word_1_429' title='bbox 3266 1183 3475 1238; x_wconf 86' lang='lat' dir='ltr'><strong>obtinet</strong></span> <span class='ocrx_word' id='word_1_430' title='bbox 3497 1197 3691 1249; x_wconf 87' lang='lat' dir='ltr'><strong>pecca-</strong></span> 
     </span>
    </p>
   </div>
   <div class='ocr_carea' id='block_1_55' title="bbox 2108 1271 3689 1341">
    <p class='ocr_par' dir='ltr' id='par_1_55' title="bbox 2108 1271 3689 1341">
     <span class='ocr_line' id='line_1_55' title="bbox 2108 1271 3689 1341; baseline 0.001 -18"><span class='ocrx_word' id='word_1_431' title='bbox 2108 1279 2222 1324; x_wconf 86' lang='lat' dir='ltr'><strong>tum</strong></span> <span class='ocrx_word' id='word_1_432' title='bbox 2254 1272 2308 1325; x_wconf 91' lang='lat' dir='ltr'><strong>in</strong></span> <span class='ocrx_word' id='word_1_433' title='bbox 2339 1272 2604 1337; x_wconf 89' lang='lat' dir='ltr'><strong>animum,</strong></span> <span class='ocrx_word' id='word_1_434' title='bbox 2640 1272 2797 1341; x_wconf 90' lang='lat' dir='ltr'><strong>quasi</strong></span> <span class='ocrx_word' id='word_1_435' title='bbox 2832 1272 2883 1325; x_wconf 94' lang='lat' dir='ltr'><strong>in</strong></span> <span class='ocrx_word' id='word_1_436' title='bbox 2918 1288 3019 1326; x_wconf 91' lang='lat' dir='ltr'><strong>suo</strong></span> <span class='ocrx_word' id='word_1_437' title='bbox 3049 1273 3264 1337; x_wconf 86' lang='lat' dir='ltr'><strong>throno,</strong></span> <span class='ocrx_word' id='word_1_438' title='bbox 3293 1273 3374 1328; x_wconf 87' lang='lat' dir='ltr'><strong>sic</strong></span> <span class='ocrx_word' id='word_1_439' title='bbox 3400 1278 3451 1327; x_wconf 79' lang='lat' dir='ltr'><strong>in</strong></span> <span class='ocrx_word' id='word_1_440' title='bbox 3479 1271 3689 1327; x_wconf 83' lang='lat' dir='ltr'><strong>mortali</strong></span> 
     </span>
    </p>
   </div>
   <div class='ocr_carea' id='block_1_56' title="bbox 2107 1364 3693 1433">
    <p class='ocr_par' dir='ltr' id='par_1_56' title="bbox 2107 1364 3693 1433">
     <span class='ocr_line' id='line_1_56' title="bbox 2107 1364 3693 1433; baseline 0 -16"><span class='ocrx_word' id='word_1_441' title='bbox 2107 1365 2272 1418; x_wconf 88' lang='lat' dir='ltr'><strong>hocce.</strong></span> <span class='ocrx_word' id='word_1_442' title='bbox 2318 1378 2545 1432; x_wconf 87' lang='lat' dir='ltr'><strong>corpore</strong></span> <span class='ocrx_word' id='word_1_443' title='bbox 2586 1365 2974 1427; x_wconf 73' lang='lat' dir='ltr'><strong>constitutum,</strong></span> <span class='ocrx_word' id='word_1_444' title='bbox 3030 1374 3089 1417; x_wconf 90' lang='lat' dir='ltr'><strong>ut</strong></span> <span class='ocrx_word' id='word_1_445' title='bbox 3139 1364 3258 1433; x_wconf 89' lang='lat' dir='ltr'><strong>ejus</strong></span> <span class='ocrx_word' id='word_1_446' title='bbox 3304 1364 3693 1432; x_wconf 80' lang='lat' dir='ltr'><strong>cupiditatibus</strong></span> 
     </span>
    </p>
   </div>
   <div class='ocr_carea' id='block_1_57' title="bbox 2103 1453 3692 1525">
    <p class='ocr_par' dir='ltr' id='par_1_57' title="bbox 2103 1453 3692 1525">
     <span class='ocr_line' id='line_1_57' title="bbox 2103 1453 3692 1525; baseline 0.001 -18"><span class='ocrx_word' id='word_1_447' title='bbox 2103 1454 2285 1508; x_wconf 88' lang='lat' dir='ltr'><strong>anima</strong></span> <span class='ocrx_word' id='word_1_448' title='bbox 2336 1454 2673 1520; x_wconf 84' lang='lat' dir='ltr'><strong>obtemperet</strong></span> <span class='ocrx_word' id='word_1_449' title='bbox 2709 1453 2796 1507; x_wconf 76' lang='grc' dir='ltr'><strong>⁸⁷ε</strong></span> <span class='ocrx_word' id='word_1_450' title='bbox 2840 1462 2896 1506; x_wconf 93' lang='lat' dir='ltr'><strong>at</strong></span> <span class='ocrx_word' id='word_1_451' title='bbox 2944 1454 2997 1507; x_wconf 92' lang='lat' dir='ltr'><strong>in</strong></span> <span class='ocrx_word' id='word_1_452' title='bbox 3044 1454 3113 1509; x_wconf 90' lang='lat' dir='ltr'><strong>iis</strong></span> <span class='ocrx_word' id='word_1_453' title='bbox 3162 1456 3254 1524; x_wconf 92' lang='lat' dir='ltr'><strong>qui</strong></span> <span class='ocrx_word' id='word_1_454' title='bbox 3307 1464 3567 1525; x_wconf 87' lang='lat' dir='ltr'><strong>tanquam</strong></span> <span class='ocrx_word' id='word_1_455' title='bbox 3622 1454 3692 1509; x_wconf 81' lang='lat' dir='ltr'><strong>de</strong></span> 
     </span>
    </p>
   </div>
   <div class='ocr_carea' id='block_1_58' title="bbox 2105 1544 3693 1615">
    <p class='ocr_par' dir='ltr' id='par_1_58' title="bbox 2105 1544 3693 1615">
     <span class='ocr_line' id='line_1_58' title="bbox 2105 1544 3693 1615; baseline 0.001 -17"><span class='ocrx_word' id='word_1_456' title='bbox 2105 1544 2301 1598; x_wconf 87' lang='lat' dir='ltr'><strong>throno</strong></span> <span class='ocrx_word' id='word_1_457' title='bbox 2363 1545 2611 1613; x_wconf 91' lang='lat' dir='ltr'><strong>corporis</strong></span> <span class='ocrx_word' id='word_1_458' title='bbox 2669 1552 2990 1613; x_wconf 71' lang='lat' dir='ltr'><strong>peccatum,</strong></span> <span class='ocrx_word' id='word_1_459' title='bbox 3053 1546 3199 1610; x_wconf 91' lang='lat' dir='ltr'><strong>quod</strong></span> <span class='ocrx_word' id='word_1_460' title='bbox 3252 1561 3480 1615; x_wconf 81' lang='lat' dir='ltr'><strong>regnum</strong></span> <span class='ocrx_word' id='word_1_461' title='bbox 3538 1546 3693 1615; x_wconf 89' lang='lat' dir='ltr'><strong>prius</strong></span> 
     </span>
    </p>
   </div>
   <div class='ocr_carea' id='block_1_59' title="bbox 2103 1632 3694 1694">
    <p class='ocr_par' dir='ltr' id='par_1_59' title="bbox 2103 1632 3694 1694">
     <span class='ocr_line' id='line_1_59' title="bbox 2103 1632 3694 1694; baseline 0.001 -8"><span class='ocrx_word' id='word_1_462' title='bbox 2103 1642 2453 1694; x_wconf 79' lang='lat' dir='ltr'><strong>exercuerat,</strong></span> <span class='ocrx_word' id='word_1_463' title='bbox 2502 1632 2882 1692; x_wconf 83' lang='lat' dir='ltr'><strong>detruserunt,</strong></span> <span class='ocrx_word' id='word_1_464' title='bbox 2917 1640 2973 1686; x_wconf 90' lang='lat' dir='ltr'><strong>et</strong></span> <span class='ocrx_word' id='word_1_465' title='bbox 3010 1633 3271 1688; x_wconf 85' lang='lat' dir='ltr'><strong>adversus</strong></span> <span class='ocrx_word' id='word_1_466' title='bbox 3322 1633 3451 1688; x_wconf 86' lang='lat' dir='ltr'><strong>illud</strong></span> <span class='ocrx_word' id='word_1_467' title='bbox 3503 1636 3694 1689; x_wconf 87' lang='lat' dir='ltr'><strong>decer-</strong></span> 
     </span>
    </p>
   </div>
   <div class='ocr_carea' id='block_1_60' title="bbox 2106 1722 3694 1792">
    <p class='ocr_par' dir='ltr' id='par_1_60' title="bbox 2106 1722 3694 1792">
     <span class='ocr_line' id='line_1_60' title="bbox 2106 1722 3694 1792; baseline 0.001 -15"><span class='ocrx_word' id='word_1_468' title='bbox 2106 1731 2241 1786; x_wconf 85' lang='lat' dir='ltr'><strong>tant,</strong></span> <span class='ocrx_word' id='word_1_469' title='bbox 2281 1741 2300 1774; x_wconf 84' lang='grc'><strong><em>‹</em></strong></span> <span class='ocrx_word' id='word_1_470' title='bbox 2329 1738 2458 1777; x_wconf 89' lang='lat' dir='ltr'><strong>caro</strong></span> <span class='ocrx_word' id='word_1_471' title='bbox 2486 1722 2826 1790; x_wconf 89' lang='lat' dir='ltr'><strong>concupiscit</strong></span> <span class='ocrx_word' id='word_1_472' title='bbox 2853 1722 3116 1776; x_wconf 86' lang='lat' dir='ltr'><strong>adversus</strong></span> <span class='ocrx_word' id='word_1_473' title='bbox 3144 1724 3424 1792; x_wconf 87' lang='lat' dir='ltr'><strong>spiritum,</strong></span> <span class='ocrx_word' id='word_1_474' title='bbox 3465 1724 3694 1791; x_wconf 83' lang='lat' dir='ltr'><strong>spiritus</strong></span> 
     </span>
    </p>
   </div>
   <div class='ocr_carea' id='block_1_61' title="bbox 2107 1813 3690 1884">
    <p class='ocr_par' dir='ltr' id='par_1_61' title="bbox 2107 1813 3690 1884">
     <span class='ocr_line' id='line_1_61' title="bbox 2107 1813 3690 1884; baseline -0.001 -17"><span class='ocrx_word' id='word_1_475' title='bbox 2107 1822 2287 1868; x_wconf 89' lang='lat' dir='ltr'><strong>autem</strong></span> <span class='ocrx_word' id='word_1_476' title='bbox 2319 1814 2580 1868; x_wconf 89' lang='lat' dir='ltr'><strong>adversus</strong></span> <span class='ocrx_word' id='word_1_477' title='bbox 2632 1828 2855 1867; x_wconf 89' lang='lat' dir='ltr'><strong>carnem</strong></span> <span class='ocrx_word' id='word_1_478' title='bbox 2895 1813 2971 1880; x_wconf 80' lang='grc'><strong>⁸⁸;</strong></span> <span class='ocrx_word' id='word_1_479' title='bbox 3007 1831 3025 1864; x_wconf 75' lang='grc' dir='ltr'><strong>ι</strong></span> <span class='ocrx_word' id='word_1_480' title='bbox 3057 1813 3110 1866; x_wconf 92' lang='lat' dir='ltr'><strong>in</strong></span> <span class='ocrx_word' id='word_1_481' title='bbox 3154 1813 3224 1867; x_wconf 92' lang='lat' dir='ltr'><strong>iis</strong></span> <span class='ocrx_word' id='word_1_482' title='bbox 3263 1829 3395 1868; x_wconf 88' lang='lat' dir='ltr'><strong>vero</strong></span> <span class='ocrx_word' id='word_1_483' title='bbox 3440 1814 3532 1882; x_wconf 87' lang='lat' dir='ltr'><strong>qui</strong></span> <span class='ocrx_word' id='word_1_484' title='bbox 3565 1829 3690 1884; x_wconf 76' lang='lat' dir='ltr'><strong>per-</strong></span> 
     </span>
    </p>
   </div>
   <div class='ocr_carea' id='block_1_62' title="bbox 2105 1905 3693 1974">
    <p class='ocr_par' dir='ltr' id='par_1_62' title="bbox 2105 1905 3693 1974">
     <span class='ocr_line' id='line_1_62' title="bbox 2105 1905 3693 1974; baseline 0.001 -15"><span class='ocrx_word' id='word_1_485' title='bbox 2105 1905 2393 1960; x_wconf 78' lang='lat' dir='ltr'><strong>fectionem</strong></span> <span class='ocrx_word' id='word_1_486' title='bbox 2421 1905 2533 1974; x_wconf 88' lang='lat' dir='ltr'><strong>jam</strong></span> <span class='ocrx_word' id='word_1_487' title='bbox 2571 1906 2848 1960; x_wconf 83' lang='lat' dir='ltr'><strong>consecuti</strong></span> <span class='ocrx_word' id='word_1_488' title='bbox 2886 1913 3036 1968; x_wconf 91' lang='lat' dir='ltr'><strong>sunt,</strong></span> <span class='ocrx_word' id='word_1_489' title='bbox 3081 1905 3308 1973; x_wconf 87' lang='lat' dir='ltr'><strong>spiritus</strong></span> <span class='ocrx_word' id='word_1_490' title='bbox 3345 1905 3522 1959; x_wconf 90' lang='lat' dir='ltr'><strong>victor</strong></span> <span class='ocrx_word' id='word_1_491' title='bbox 3563 1920 3693 1961; x_wconf 78' lang='lat' dir='ltr'><strong>eva-</strong></span> 
     </span>
    </p>
   </div>
   <div class='ocr_carea' id='block_1_63' title="bbox 2105 1994 3690 2063">
    <p class='ocr_par' dir='ltr' id='par_1_63' title="bbox 2105 1994 3690 2063">
     <span class='ocr_line' id='line_1_63' title="bbox 2105 1994 3690 2063; baseline 0.001 -16"><span class='ocrx_word' id='word_1_492' title='bbox 2105 1995 2196 2059; x_wconf 87' lang='lat' dir='ltr'><strong>sit,</strong></span> <span class='ocrx_word' id='word_1_493' title='bbox 2227 2002 2281 2048; x_wconf 89' lang='lat' dir='ltr'><strong>et</strong></span> <span class='ocrx_word' id='word_1_494' title='bbox 2310 1994 2554 2063; x_wconf 90' lang='lat' dir='ltr'><strong>corporis</strong></span> <span class='ocrx_word' id='word_1_495' title='bbox 2585 2002 2742 2048; x_wconf 91' lang='lat' dir='ltr'><strong>actus</strong></span> <span class='ocrx_word' id='word_1_496' title='bbox 2770 1995 2930 2047; x_wconf 89' lang='lat' dir='ltr'><strong>morti</strong></span> <span class='ocrx_word' id='word_1_497' title='bbox 2962 1995 3132 2060; x_wconf 88' lang='lat' dir='ltr'><strong>dedit,</strong></span> <span class='ocrx_word' id='word_1_498' title='bbox 3165 2003 3218 2049; x_wconf 88' lang='lat' dir='ltr'><strong>et</strong></span> <span class='ocrx_word' id='word_1_499' title='bbox 3247 1994 3370 2048; x_wconf 66' lang='lat' dir='ltr'><strong>vitae</strong></span> <span class='ocrx_word' id='word_1_500' title='bbox 3415 2010 3529 2050; x_wconf 67' lang='lat' dir='ltr'><strong>suae</strong></span> <span class='ocrx_word' id='word_1_501' title='bbox 3561 2010 3690 2049; x_wconf 72' lang='grc' dir='ltr'>σοι·-</span> 
     </span>
    </p>
   </div>
   <div class='ocr_carea' id='block_1_64' title="bbox 2107 2083 3693 2156">
    <p class='ocr_par' dir='ltr' id='par_1_64' title="bbox 2107 2083 3693 2156">
     <span class='ocr_line' id='line_1_64' title="bbox 2107 2083 3693 2156; baseline 0.001 -19"><span class='ocrx_word' id='word_1_502' title='bbox 2107 2102 2208 2156; x_wconf 89' lang='lat' dir='ltr'><strong>pus</strong></span> <span class='ocrx_word' id='word_1_503' title='bbox 2241 2085 2370 2141; x_wconf 84' lang='lat' dir='ltr'><strong>facit</strong></span> <span class='ocrx_word' id='word_1_504' title='bbox 2399 2086 2692 2155; x_wconf 86' lang='lat' dir='ltr'><strong>particeps,</strong></span> <span class='ocrx_word' id='word_1_505' title='bbox 2729 2085 2800 2139; x_wconf 89' lang='lat' dir='ltr'><strong>ita</strong></span> <span class='ocrx_word' id='word_1_506' title='bbox 2838 2094 2897 2138; x_wconf 93' lang='lat' dir='ltr'><strong>ut</strong></span> <span class='ocrx_word' id='word_1_507' title='bbox 2930 2094 3060 2141; x_wconf 91' lang='lat' dir='ltr'><strong>tunc</strong></span> <span class='ocrx_word' id='word_1_508' title='bbox 3093 2086 3221 2139; x_wconf 90' lang='lat' dir='ltr'><strong>illud</strong></span> <span class='ocrx_word' id='word_1_509' title='bbox 3254 2087 3511 2140; x_wconf 88' lang='lat' dir='ltr'><strong>eveniat:</strong></span> <span class='ocrx_word' id='word_1_510' title='bbox 3544 2104 3563 2137; x_wconf 78' lang='grc' dir='ltr'><strong>ι</strong></span> <span class='ocrx_word' id='word_1_511' title='bbox 3598 2083 3693 2139; x_wconf 82' lang='lat' dir='ltr'><strong>Vi-</strong></span> 
     </span>
    </p>
   </div>
   <div class='ocr_carea' id='block_1_65' title="bbox 2105 2174 3691 2243">
    <p class='ocr_par' dir='ltr' id='par_1_65' title="bbox 2105 2174 3691 2243">
     <span class='ocr_line' id='line_1_65' title="bbox 2105 2174 3691 2243; baseline 0 -15"><span class='ocrx_word' id='word_1_512' title='bbox 2105 2175 2347 2230; x_wconf 83' lang='lat' dir='ltr'><strong>vilieabit</strong></span> <span class='ocrx_word' id='word_1_513' title='bbox 2373 2183 2426 2229; x_wconf 89' lang='lat' dir='ltr'><strong>et</strong></span> <span class='ocrx_word' id='word_1_514' title='bbox 2460 2176 2710 2228; x_wconf 86' lang='lat' dir='ltr'><strong>mortalia</strong></span> <span class='ocrx_word' id='word_1_515' title='bbox 2739 2189 2970 2243; x_wconf 88' lang='lat' dir='ltr'><strong>corpora</strong></span> <span class='ocrx_word' id='word_1_516' title='bbox 3006 2183 3230 2239; x_wconf 90' lang='lat' dir='ltr'><strong>nostra,</strong></span> <span class='ocrx_word' id='word_1_517' title='bbox 3275 2181 3494 2242; x_wconf 87' lang='lat' dir='ltr'><strong>propter</strong></span> <span class='ocrx_word' id='word_1_518' title='bbox 3528 2174 3691 2229; x_wconf 83' lang='lat' dir='ltr'><strong>inha—</strong></span> 
     </span>
    </p>
   </div>
   <div class='ocr_carea' id='block_1_66' title="bbox 2107 2264 3691 2335">
    <p class='ocr_par' dir='ltr' id='par_1_66' title="bbox 2107 2264 3691 2335">
     <span class='ocr_line' id='line_1_66' title="bbox 2107 2264 3691 2335; baseline 0.001 -15"><span class='ocrx_word' id='word_1_519' title='bbox 2107 2266 2364 2320; x_wconf 86' lang='lat' dir='ltr'><strong>bitantem</strong></span> <span class='ocrx_word' id='word_1_520' title='bbox 2386 2266 2636 2335; x_wconf 86' lang='lat' dir='ltr'><strong>spiritum</strong></span> <span class='ocrx_word' id='word_1_521' title='bbox 2655 2266 2774 2334; x_wconf 90' lang='lat' dir='ltr'><strong>ejus</strong></span> <span class='ocrx_word' id='word_1_522' title='bbox 2805 2266 2857 2318; x_wconf 91' lang='lat' dir='ltr'><strong>in</strong></span> <span class='ocrx_word' id='word_1_523' title='bbox 2894 2264 3048 2319; x_wconf 91' lang='lat' dir='ltr'><strong>nobis</strong></span> <span class='ocrx_word' id='word_1_524' title='bbox 3073 2265 3138 2327; x_wconf 81' lang='grc'><strong>⁸⁹,</strong></span> <span class='ocrx_word' id='word_1_525' title='bbox 3173 2286 3189 2316; x_wconf 76' lang='grc' dir='ltr'><strong>ι</strong></span> <span class='ocrx_word' id='word_1_526' title='bbox 3225 2266 3528 2319; x_wconf 88' lang='lat' dir='ltr'><strong>etduorum</strong></span> <span class='ocrx_word' id='word_1_527' title='bbox 3561 2282 3691 2320; x_wconf 86' lang='lat' dir='ltr'><strong>con-</strong></span> 
     </span>
    </p>
   </div>
   <div class='ocr_carea' id='block_1_67' title="bbox 2106 2356 3692 2427">
    <p class='ocr_par' dir='ltr' id='par_1_67' title="bbox 2106 2356 3692 2427">
     <span class='ocr_line' id='line_1_67' title="bbox 2106 2356 3692 2427; baseline 0.001 -17"><span class='ocrx_word' id='word_1_528' title='bbox 2106 2373 2300 2412; x_wconf 83' lang='lat' dir='ltr'><strong>sensus</strong></span> <span class='ocrx_word' id='word_1_529' title='bbox 2345 2373 2508 2427; x_wconf 89' lang='lat' dir='ltr'><strong>super</strong></span> <span class='ocrx_word' id='word_1_530' title='bbox 2566 2365 2763 2410; x_wconf 84' lang='lat' dir='ltr'><strong>terram</strong></span> <span class='ocrx_word' id='word_1_531' title='bbox 2812 2356 3060 2423; x_wconf 81' lang='lat' dir='ltr'><strong>eﬂicitur,</strong></span> <span class='ocrx_word' id='word_1_532' title='bbox 3112 2357 3360 2427; x_wconf 88' lang='lat' dir='ltr'><strong>corporis</strong></span> <span class='ocrx_word' id='word_1_533' title='bbox 3406 2372 3600 2427; x_wconf 88' lang='lat' dir='ltr'><strong>nempe</strong></span> <span class='ocrx_word' id='word_1_534' title='bbox 3637 2367 3692 2412; x_wconf 89' lang='lat' dir='ltr'><strong>et</strong></span> 
     </span>
    </p>
   </div>
   <div class='ocr_carea' id='block_1_68' title="bbox 2106 2443 3689 2520">
    <p class='ocr_par' dir='ltr' id='par_1_68' title="bbox 2106 2443 3689 2520">
     <span class='ocr_line' id='line_1_68' title="bbox 2106 2443 3689 2520; baseline 0.003 -20"><span class='ocrx_word' id='word_1_535' title='bbox 2106 2446 2352 2512; x_wconf 88' lang='lat' dir='ltr'><strong>spiritus,</strong></span> <span class='ocrx_word' id='word_1_536' title='bbox 2392 2446 2477 2500; x_wconf 84' lang='lat' dir='ltr'><strong>cui</strong></span> <span class='ocrx_word' id='word_1_537' title='bbox 2506 2446 2622 2515; x_wconf 87' lang='lat' dir='ltr'><strong>jam</strong></span> <span class='ocrx_word' id='word_1_538' title='bbox 2660 2443 2901 2514; x_wconf 85' lang='lat' dir='ltr'><strong>perfecto</strong></span> <span class='ocrx_word' id='word_1_539' title='bbox 2926 2461 3166 2500; x_wconf 90' lang='lat' dir='ltr'><strong>consona</strong></span> <span class='ocrx_word' id='word_1_540' title='bbox 3204 2448 3472 2502; x_wconf 90' lang='lat' dir='ltr'><strong>emittitur</strong></span> <span class='ocrx_word' id='word_1_541' title='bbox 3496 2465 3689 2520; x_wconf 88' lang='lat' dir='ltr'><strong>preca-</strong></span> 
     </span>
    </p>
   </div>
   <div class='ocr_carea' id='block_1_69' title="bbox 2107 2536 3689 2605">
    <p class='ocr_par' dir='ltr' id='par_1_69' title="bbox 2107 2536 3689 2605">
     <span class='ocr_line' id='line_1_69' title="bbox 2107 2536 3689 2605; baseline 0.004 -16"><span class='ocrx_word' id='word_1_542' title='bbox 2107 2537 2182 2590; x_wconf 93' lang='lat' dir='ltr'><strong>tio</strong></span> <span class='ocrx_word' id='word_1_543' title='bbox 2212 2554 2232 2588; x_wconf 76' lang='grc' dir='ltr'><strong>ι</strong></span> <span class='ocrx_word' id='word_1_544' title='bbox 2269 2536 2430 2590; x_wconf 88' lang='lat' dir='ltr'><strong>corde</strong></span> <span class='ocrx_word' id='word_1_545' title='bbox 2460 2536 2677 2604; x_wconf 91' lang='lat' dir='ltr'><strong>quidem</strong></span> <span class='ocrx_word' id='word_1_546' title='bbox 2723 2536 2994 2590; x_wconf 86' lang='lat' dir='ltr'><strong>credentis</strong></span> <span class='ocrx_word' id='word_1_547' title='bbox 3027 2538 3093 2590; x_wconf 90' lang='lat' dir='ltr'><strong>ad</strong></span> <span class='ocrx_word' id='word_1_548' title='bbox 3132 2537 3424 2605; x_wconf 89' lang='lat' dir='ltr'><strong>justitiam,</strong></span> <span class='ocrx_word' id='word_1_549' title='bbox 3461 2554 3689 2595; x_wconf 57' lang='lat' dir='ltr'><strong>ore&#39;au-</strong></span> 
     </span>
    </p>
   </div>
   <div class='ocr_carea' id='block_1_70' title="bbox 2107 2626 3692 2701">
    <p class='ocr_par' dir='ltr' id='par_1_70' title="bbox 2107 2626 3692 2701">
     <span class='ocr_line' id='line_1_70' title="bbox 2107 2626 3692 2701; baseline 0.004 -22"><span class='ocrx_word' id='word_1_550' title='bbox 2107 2634 2212 2680; x_wconf 89' lang='lat' dir='ltr'><strong>tem</strong></span> <span class='ocrx_word' id='word_1_551' title='bbox 2246 2627 2552 2681; x_wconf 79' lang='lat' dir='ltr'><strong>confitentis</strong></span> <span class='ocrx_word' id='word_1_552' title='bbox 2582 2626 2648 2680; x_wconf 91' lang='lat' dir='ltr'><strong>ad</strong></span> <span class='ocrx_word' id='word_1_553' title='bbox 2680 2627 2911 2680; x_wconf 90' lang='lat' dir='ltr'><strong>salutem</strong></span> <span class='ocrx_word' id='word_1_554' title='bbox 2939 2627 3010 2694; x_wconf 70' lang='grc'><strong>⁸⁸,</strong></span> <span class='ocrx_word' id='word_1_555' title='bbox 3045 2648 3063 2679; x_wconf 72' lang='grc' dir='ltr'><strong>ι</strong></span> <span class='ocrx_word' id='word_1_556' title='bbox 3102 2628 3173 2682; x_wconf 90' lang='lat' dir='ltr'><strong>ita</strong></span> <span class='ocrx_word' id='word_1_557' title='bbox 3205 2638 3264 2683; x_wconf 93' lang='lat' dir='ltr'><strong>ut</strong></span> <span class='ocrx_word' id='word_1_558' title='bbox 3302 2646 3412 2684; x_wconf 88' lang='lat' dir='ltr'><strong>non</strong></span> <span class='ocrx_word' id='word_1_559' title='bbox 3458 2631 3692 2701; x_wconf 84' lang='lat' dir='ltr'><strong>amplius</strong></span> 
     </span>
    </p>
   </div>
   <div class='ocr_carea' id='block_1_71' title="bbox 2106 2716 3693 2783">
    <p class='ocr_par' dir='ltr' id='par_1_71' title="bbox 2106 2716 3693 2783">
     <span class='ocr_line' id='line_1_71' title="bbox 2106 2716 3693 2783; baseline 0.003 -11"><span class='ocrx_word' id='word_1_560' title='bbox 2106 2733 2136 2772; x_wconf 94' lang='lat' dir='ltr'><strong>a</strong></span> <span class='ocrx_word' id='word_1_561' title='bbox 2168 2716 2279 2771; x_wconf 79' lang='grc' dir='ltr'><strong>Ι)υο</strong></span> <span class='ocrx_word' id='word_1_562' title='bbox 2305 2718 2468 2771; x_wconf 88' lang='lat' dir='ltr'><strong>distet</strong></span> <span class='ocrx_word' id='word_1_563' title='bbox 2506 2732 2619 2783; x_wconf 92' lang='lat' dir='ltr'><strong>cor,</strong></span> <span class='ocrx_word' id='word_1_564' title='bbox 2663 2726 2717 2772; x_wconf 90' lang='lat' dir='ltr'><strong>et</strong></span> <span class='ocrx_word' id='word_1_565' title='bbox 2756 2718 2823 2772; x_wconf 89' lang='lat' dir='ltr'><strong>ad</strong></span> <span class='ocrx_word' id='word_1_566' title='bbox 2872 2720 3041 2773; x_wconf 87' lang='lat' dir='ltr'><strong>Deum</strong></span> <span class='ocrx_word' id='word_1_567' title='bbox 3092 2735 3201 2774; x_wconf 87' lang='lat' dir='ltr'><strong>una</strong></span> <span class='ocrx_word' id='word_1_568' title='bbox 3250 2735 3373 2774; x_wconf 91' lang='lat' dir='ltr'><strong>eum</strong></span> <span class='ocrx_word' id='word_1_569' title='bbox 3425 2736 3492 2775; x_wconf 90' lang='lat' dir='ltr'><strong>eo</strong></span> <span class='ocrx_word' id='word_1_570' title='bbox 3532 2722 3693 2778; x_wconf 91' lang='lat' dir='ltr'><strong>labiis</strong></span> 
     </span>
    </p>
   </div>
   <div class='ocr_carea' id='block_1_72' title="bbox 2113 2806 3696 2881">
    <p class='ocr_par' dir='ltr' id='par_1_72' title="bbox 2113 2806 3696 2881">
     <span class='ocr_line' id='line_1_72' title="bbox 2113 2806 3696 2881; baseline 0.004 -20"><span class='ocrx_word' id='word_1_571' title='bbox 2113 2809 2231 2863; x_wconf 91' lang='lat' dir='ltr'><strong>suis</strong></span> <span class='ocrx_word' id='word_1_572' title='bbox 2261 2816 2315 2862; x_wconf 89' lang='lat' dir='ltr'><strong>et</strong></span> <span class='ocrx_word' id='word_1_573' title='bbox 2342 2823 2438 2861; x_wconf 91' lang='lat' dir='ltr'><strong>ore</strong></span> <span class='ocrx_word' id='word_1_574' title='bbox 2464 2806 2644 2876; x_wconf 88' lang='lat' dir='ltr'><strong>justus</strong></span> <span class='ocrx_word' id='word_1_575' title='bbox 2674 2808 2899 2877; x_wconf 92' lang='lat' dir='ltr'><strong>propius</strong></span> <span class='ocrx_word' id='word_1_576' title='bbox 2926 2810 3168 2863; x_wconf 86' lang='lat' dir='ltr'><strong>accedat.</strong></span> <span class='ocrx_word' id='word_1_577' title='bbox 3206 2808 3517 2875; x_wconf 86' lang='lat' dir='ltr'><strong>Quinetiam</strong></span> <span class='ocrx_word' id='word_1_578' title='bbox 3546 2819 3696 2881; x_wconf 74' lang='lat' dir='ltr'><strong>opta-</strong></span> 
     </span>
    </p>
   </div>
   <div class='ocr_carea' id='block_1_73' title="bbox 2106 2896 3688 2967">
    <p class='ocr_par' dir='ltr' id='par_1_73' title="bbox 2106 2896 3688 2967">
     <span class='ocr_line' id='line_1_73' title="bbox 2106 2896 3688 2967; baseline 0 -16"><span class='ocrx_word' id='word_1_579' title='bbox 2106 2900 2215 2953; x_wconf 89' lang='lat' dir='ltr'><strong>tius</strong></span> <span class='ocrx_word' id='word_1_580' title='bbox 2250 2906 2333 2952; x_wconf 85' lang='lat' dir='ltr'><strong>est</strong></span> <span class='ocrx_word' id='word_1_581' title='bbox 2368 2906 2421 2951; x_wconf 86' lang='lat' dir='ltr'><strong>et</strong></span> <span class='ocrx_word' id='word_1_582' title='bbox 2451 2898 2787 2951; x_wconf 81' lang='lat' dir='ltr'><strong>fortunatum</strong></span> <span class='ocrx_word' id='word_1_583' title='bbox 2820 2898 3015 2967; x_wconf 78' lang='lat' dir='ltr'><strong>magis,</strong></span> <span class='ocrx_word' id='word_1_584' title='bbox 3062 2908 3170 2952; x_wconf 91' lang='lat' dir='ltr'><strong>tres</strong></span> <span class='ocrx_word' id='word_1_585' title='bbox 3217 2899 3270 2951; x_wconf 91' lang='lat' dir='ltr'><strong>in</strong></span> <span class='ocrx_word' id='word_1_586' title='bbox 3309 2899 3530 2953; x_wconf 89' lang='lat' dir='ltr'><strong>nomine</strong></span> <span class='ocrx_word' id='word_1_587' title='bbox 3561 2896 3688 2954; x_wconf 87' lang='lat' dir='ltr'><strong>Jesu</strong></span> 
     </span>
    </p>
   </div>
   <div class='ocr_carea' id='block_1_74' title="bbox 2107 2988 3693 3059">
    <p class='ocr_par' dir='ltr' id='par_1_74' title="bbox 2107 2988 3693 3059">
     <span class='ocr_line' id='line_1_74' title="bbox 2107 2988 3693 3059; baseline -0.001 -14"><span class='ocrx_word' id='word_1_588' title='bbox 2107 2989 2270 3045; x_wconf 88' lang='lat' dir='ltr'><strong>simul</strong></span> <span class='ocrx_word' id='word_1_589' title='bbox 2320 3004 2442 3044; x_wconf 86' lang='lat' dir='ltr'><strong>esse</strong></span> <span class='ocrx_word' id='word_1_590' title='bbox 2497 2996 2875 3059; x_wconf 78' lang='lat' dir='ltr'><strong>congregatos,</strong></span> <span class='ocrx_word' id='word_1_591' title='bbox 2925 2998 2986 3042; x_wconf 91' lang='lat' dir='ltr'><strong>ut</strong></span> <span class='ocrx_word' id='word_1_592' title='bbox 3030 2990 3245 3043; x_wconf 86' lang='lat' dir='ltr'><strong>eveniat</strong></span> <span class='ocrx_word' id='word_1_593' title='bbox 3286 2988 3458 3043; x_wconf 88' lang='lat' dir='ltr'><strong>illud:</strong></span> <span class='ocrx_word' id='word_1_594' title='bbox 3496 3008 3515 3041; x_wconf 75' lang='grc' dir='ltr'>ι</span> <span class='ocrx_word' id='word_1_595' title='bbox 3548 2988 3693 3045; x_wconf 90' lang='lat' dir='ltr'><strong>Deus</strong></span> 
     </span>
    </p>
   </div>
   <div class='ocr_carea' id='block_1_75' title="bbox 2109 3079 3694 3151">
    <p class='ocr_par' dir='ltr' id='par_1_75' title="bbox 2109 3079 3694 3151">
     <span class='ocr_line' id='line_1_75' title="bbox 2109 3079 3694 3151; baseline 0.003 -18"><span class='ocrx_word' id='word_1_596' title='bbox 2109 3079 2410 3134; x_wconf 79' lang='lat' dir='ltr'><strong>sanctiﬁcet</strong></span> <span class='ocrx_word' id='word_1_597' title='bbox 2466 3094 2565 3132; x_wconf 88' lang='lat' dir='ltr'><strong>vos</strong></span> <span class='ocrx_word' id='word_1_598' title='bbox 2623 3095 2721 3148; x_wconf 89' lang='lat' dir='ltr'><strong>per</strong></span> <span class='ocrx_word' id='word_1_599' title='bbox 2781 3079 3003 3143; x_wconf 91' lang='lat' dir='ltr'><strong>omnia,</strong></span> <span class='ocrx_word' id='word_1_600' title='bbox 3070 3089 3129 3135; x_wconf 91' lang='lat' dir='ltr'><strong>nt</strong></span> <span class='ocrx_word' id='word_1_601' title='bbox 3194 3080 3406 3150; x_wconf 79' lang='lat' dir='ltr'><strong>integer</strong></span> <span class='ocrx_word' id='word_1_602' title='bbox 3469 3081 3694 3151; x_wconf 89' lang='lat' dir='ltr'><strong>spiritus</strong></span> 
     </span>
    </p>
   </div>
   <div class='ocr_carea' id='block_1_76' title="bbox 2108 3170 3696 3242">
    <p class='ocr_par' dir='ltr' id='par_1_76' title="bbox 2108 3170 3696 3242">
     <span class='ocr_line' id='line_1_76' title="bbox 2108 3170 3696 3242; baseline 0.002 -17"><span class='ocrx_word' id='word_1_603' title='bbox 2108 3181 2309 3235; x_wconf 78' lang='lat' dir='ltr'><strong>veSIer,</strong></span> <span class='ocrx_word' id='word_1_604' title='bbox 2341 3178 2395 3224; x_wconf 87' lang='lat' dir='ltr'><strong>et</strong></span> <span class='ocrx_word' id='word_1_605' title='bbox 2427 3170 2646 3235; x_wconf 89' lang='lat' dir='ltr'><strong>anima,</strong></span> <span class='ocrx_word' id='word_1_606' title='bbox 2681 3181 2732 3224; x_wconf 90' lang='lat' dir='ltr'><strong>et</strong></span> <span class='ocrx_word' id='word_1_607' title='bbox 2787 3184 2986 3239; x_wconf 90' lang='lat' dir='ltr'><strong>corpus</strong></span> <span class='ocrx_word' id='word_1_608' title='bbox 3025 3172 3142 3226; x_wconf 90' lang='lat' dir='ltr'><strong>sine</strong></span> <span class='ocrx_word' id='word_1_609' title='bbox 3192 3174 3449 3242; x_wconf 87' lang='lat' dir='ltr'><strong>querela,</strong></span> <span class='ocrx_word' id='word_1_610' title='bbox 3497 3174 3551 3227; x_wconf 94' lang='lat' dir='ltr'><strong>in</strong></span> <span class='ocrx_word' id='word_1_611' title='bbox 3599 3174 3696 3228; x_wconf 87' lang='lat' dir='ltr'><strong>ad-</strong></span> 
     </span>
    </p>
   </div>
   <div class='ocr_carea' id='block_1_77' title="bbox 2111 3263 3689 3321">
    <p class='ocr_par' dir='ltr' id='par_1_77' title="bbox 2111 3263 3689 3321">
     <span class='ocr_line' id='line_1_77' title="bbox 2111 3263 3689 3321; baseline 0 -4"><span class='ocrx_word' id='word_1_612' title='bbox 2111 3274 2270 3319; x_wconf 90' lang='lat' dir='ltr'><strong>ventu</strong></span> <span class='ocrx_word' id='word_1_613' title='bbox 2323 3263 2534 3317; x_wconf 86' lang='lat' dir='ltr'><strong>Domini</strong></span> <span class='ocrx_word' id='word_1_614' title='bbox 2591 3265 2762 3317; x_wconf 82' lang='lat' dir='ltr'><strong>nostri</strong></span> <span class='ocrx_word' id='word_1_615' title='bbox 2814 3263 2943 3320; x_wconf 88' lang='lat' dir='ltr'><strong>Jesu</strong></span> <span class='ocrx_word' id='word_1_616' title='bbox 2998 3264 3202 3319; x_wconf 81' lang='lat' dir='ltr'><strong>Christi</strong></span> <span class='ocrx_word' id='word_1_617' title='bbox 3253 3273 3504 3320; x_wconf 84' lang='lat' dir='ltr'><strong>servetur</strong></span> <span class='ocrx_word' id='word_1_618' title='bbox 3545 3266 3614 3321; x_wconf 80' lang='lat'><strong>&quot;.</strong></span> <span class='ocrx_word' id='word_1_619' title='bbox 3669 3284 3689 3317; x_wconf 85' lang='grc'><strong>›</strong></span> 
     </span>
    </p>
   </div>
   <div class='ocr_carea' id='block_1_78' title="bbox 2110 3354 3696 3442">
    <p class='ocr_par' dir='ltr' id='par_1_78' title="bbox 2110 3354 3696 3442">
     <span class='ocr_line' id='line_1_78' title="bbox 2110 3354 3696 3442; baseline 0.003 -35"><span class='ocrx_word' id='word_1_620' title='bbox 2110 3355 2324 3423; x_wconf 59' lang='grc' dir='ltr'>ριικινει</span> <span class='ocrx_word' id='word_1_621' title='bbox 2343 3370 2471 3409; x_wconf 85' lang='lat' dir='ltr'><strong>vero</strong></span> <span class='ocrx_word' id='word_1_622' title='bbox 2493 3354 2689 3442; x_wconf 70' lang='lat' dir='ltr'><strong>aliquis</strong></span> <span class='ocrx_word' id='word_1_623' title='bbox 2719 3371 2787 3409; x_wconf 89' lang='lat' dir='ltr'><strong>an</strong></span> <span class='ocrx_word' id='word_1_624' title='bbox 2809 3355 2924 3409; x_wconf 79' lang='lat' dir='ltr'><strong>fieri</strong></span> <span class='ocrx_word' id='word_1_625' title='bbox 2948 3357 3117 3425; x_wconf 87' lang='lat' dir='ltr'><strong>possit</strong></span> <span class='ocrx_word' id='word_1_626' title='bbox 3141 3365 3200 3411; x_wconf 93' lang='lat' dir='ltr'><strong>ut</strong></span> <span class='ocrx_word' id='word_1_627' title='bbox 3229 3357 3453 3426; x_wconf 88' lang='lat' dir='ltr'><strong>spiritus</strong></span> <span class='ocrx_word' id='word_1_628' title='bbox 3483 3365 3536 3412; x_wconf 88' lang='lat' dir='ltr'><strong>et</strong></span> <span class='ocrx_word' id='word_1_629' title='bbox 3572 3372 3696 3413; x_wconf 86' lang='lat' dir='ltr'><strong>cor-</strong></span> 
     </span>
    </p>
   </div>
   <div class='ocr_carea' id='block_1_79' title="bbox 2111 3447 3695 3517">
    <p class='ocr_par' dir='ltr' id='par_1_79' title="bbox 2111 3447 3695 3517">
     <span class='ocr_line' id='line_1_79' title="bbox 2111 3447 3695 3517; baseline 0.001 -14"><span class='ocrx_word' id='word_1_630' title='bbox 2111 3464 2212 3517; x_wconf 92' lang='lat' dir='ltr'><strong>pus</strong></span> <span class='ocrx_word' id='word_1_631' title='bbox 2243 3447 2406 3501; x_wconf 89' lang='lat' dir='ltr'><strong>simul</strong></span> <span class='ocrx_word' id='word_1_632' title='bbox 2450 3462 2514 3500; x_wconf 89' lang='lat' dir='ltr'><strong>ea</strong></span> <span class='ocrx_word' id='word_1_633' title='bbox 2554 3463 2662 3516; x_wconf 89' lang='lat' dir='ltr'><strong>qua</strong></span> <span class='ocrx_word' id='word_1_634' title='bbox 2695 3447 2934 3502; x_wconf 82' lang='lat' dir='ltr'><strong>diximus</strong></span> <span class='ocrx_word' id='word_1_635' title='bbox 2964 3448 3172 3503; x_wconf 89' lang='lat' dir='ltr'><strong>ratione</strong></span> <span class='ocrx_word' id='word_1_636' title='bbox 3200 3450 3695 3514; x_wconf 86' lang='lat' dir='ltr'><strong>consentiant,non</strong></span> 
     </span>
    </p>
   </div>
   <div class='ocr_carea' id='block_1_80' title="bbox 2107 3538 3691 3608">
    <p class='ocr_par' dir='ltr' id='par_1_80' title="bbox 2107 3538 3691 3608">
     <span class='ocr_line' id='line_1_80' title="bbox 2107 3538 3691 3608; baseline -0.002 -12"><span class='ocrx_word' id='word_1_637' title='bbox 2107 3542 2268 3596; x_wconf 89' lang='lat' dir='ltr'><strong>etiam</strong></span> <span class='ocrx_word' id='word_1_638' title='bbox 2292 3539 2532 3603; x_wconf 89' lang='lat' dir='ltr'><strong>tertium,</strong></span> <span class='ocrx_word' id='word_1_639' title='bbox 2569 3538 2808 3592; x_wconf 90' lang='lat' dir='ltr'><strong>animam</strong></span> <span class='ocrx_word' id='word_1_640' title='bbox 2845 3539 3004 3605; x_wconf 81' lang='lat' dir='ltr'><strong>dico;</strong></span> <span class='ocrx_word' id='word_1_641' title='bbox 3041 3553 3109 3593; x_wconf 90' lang='lat' dir='ltr'><strong>an</strong></span> <span class='ocrx_word' id='word_1_642' title='bbox 3146 3547 3438 3608; x_wconf 86' lang='lat' dir='ltr'><strong>postquam</strong></span> <span class='ocrx_word' id='word_1_643' title='bbox 3481 3539 3591 3593; x_wconf 90' lang='lat' dir='ltr'><strong>duo</strong></span> <span class='ocrx_word' id='word_1_644' title='bbox 3636 3539 3691 3593; x_wconf 91' lang='lat' dir='ltr'><strong>in</strong></span> 
     </span>
    </p>
   </div>
   <div class='ocr_carea' id='block_1_81' title="bbox 2110 3627 3691 3699">
    <p class='ocr_par' dir='ltr' id='par_1_81' title="bbox 2110 3627 3691 3699">
     <span class='ocr_line' id='line_1_81' title="bbox 2110 3627 3691 3699; baseline -0.001 -16"><span class='ocrx_word' id='word_1_645' title='bbox 2110 3630 2330 3685; x_wconf 79' lang='lat' dir='ltr'><strong>nomine</strong></span> <span class='ocrx_word' id='word_1_646' title='bbox 2357 3627 2485 3684; x_wconf 79' lang='lat' dir='ltr'><strong>Jesu</strong></span> <span class='ocrx_word' id='word_1_647' title='bbox 2509 3629 2820 3699; x_wconf 80' lang='lat' dir='ltr'><strong>congregati</strong></span> <span class='ocrx_word' id='word_1_648' title='bbox 2856 3638 3001 3695; x_wconf 88' lang='lat' dir='ltr'><strong>sunt,</strong></span> <span class='ocrx_word' id='word_1_649' title='bbox 3036 3630 3253 3683; x_wconf 80' lang='lat' dir='ltr'><strong>illorum</strong></span> <span class='ocrx_word' id='word_1_650' title='bbox 3294 3643 3460 3698; x_wconf 89' lang='lat' dir='ltr'><strong>super</strong></span> <span class='ocrx_word' id='word_1_651' title='bbox 3489 3638 3691 3683; x_wconf 86' lang='lat' dir='ltr'><strong>terram</strong></span> 
     </span>
    </p>
   </div>
   <div class='ocr_carea' id='block_1_82' title="bbox 2110 3721 3695 3789">
    <p class='ocr_par' dir='ltr' id='par_1_82' title="bbox 2110 3721 3695 3789">
     <span class='ocr_line' id='line_1_82' title="bbox 2110 3721 3695 3789; baseline -0.001 -14"><span class='ocrx_word' id='word_1_652' title='bbox 2110 3721 2402 3775; x_wconf 89' lang='lat' dir='ltr'><strong>consensui</strong></span> <span class='ocrx_word' id='word_1_653' title='bbox 2434 3735 2777 3789; x_wconf 83' lang='lat' dir='ltr'><strong>consequens</strong></span> <span class='ocrx_word' id='word_1_654' title='bbox 2811 3737 2918 3775; x_wconf 91' lang='lat' dir='ltr'><strong>non</strong></span> <span class='ocrx_word' id='word_1_655' title='bbox 2954 3722 3021 3778; x_wconf 88' lang='lat' dir='ltr'><strong>sit</strong></span> <span class='ocrx_word' id='word_1_656' title='bbox 3052 3731 3162 3776; x_wconf 89' lang='lat' dir='ltr'><strong>tres</strong></span> <span class='ocrx_word' id='word_1_657' title='bbox 3191 3722 3352 3775; x_wconf 90' lang='lat' dir='ltr'><strong>etiam</strong></span> <span class='ocrx_word' id='word_1_658' title='bbox 3388 3723 3442 3774; x_wconf 93' lang='lat' dir='ltr'><strong>in</strong></span> <span class='ocrx_word' id='word_1_659' title='bbox 3472 3721 3695 3776; x_wconf 85' lang='lat' dir='ltr'><strong>nomine</strong></span> 
     </span>
    </p>
   </div>
   <div class='ocr_carea' id='block_1_83' title="bbox 2110 3810 3695 3881">
    <p class='ocr_par' dir='ltr' id='par_1_83' title="bbox 2110 3810 3695 3881">
     <span class='ocr_line' id='line_1_83' title="bbox 2110 3810 3695 3881; baseline -0.001 -15"><span class='ocrx_word' id='word_1_660' title='bbox 2110 3813 2255 3867; x_wconf 88' lang='lat' dir='ltr'><strong>illius</strong></span> <span class='ocrx_word' id='word_1_661' title='bbox 2286 3811 2624 3881; x_wconf 79' lang='lat' dir='ltr'><strong>congregari,</strong></span> <span class='ocrx_word' id='word_1_662' title='bbox 2657 3826 2891 3881; x_wconf 89' lang='lat' dir='ltr'><strong>quorum</strong></span> <span class='ocrx_word' id='word_1_663' title='bbox 2940 3815 2992 3866; x_wconf 92' lang='lat' dir='ltr'><strong>in</strong></span> <span class='ocrx_word' id='word_1_664' title='bbox 3046 3812 3282 3866; x_wconf 86' lang='lat' dir='ltr'><strong>medium</strong></span> <span class='ocrx_word' id='word_1_665' title='bbox 3326 3812 3477 3867; x_wconf 89' lang='lat' dir='ltr'><strong>venit</strong></span> <span class='ocrx_word' id='word_1_666' title='bbox 3520 3810 3695 3865; x_wconf 88' lang='lat' dir='ltr'><strong>Filius</strong></span> 
     </span>
    </p>
   </div>
   <div class='ocr_carea' id='block_1_84' title="bbox 2107 3899 3692 3973">
    <p class='ocr_par' dir='ltr' id='par_1_84' title="bbox 2107 3899 3692 3973">
     <span class='ocr_line' id='line_1_84' title="bbox 2107 3899 3692 3973; baseline 0.002 -20"><span class='ocrx_word' id='word_1_667' title='bbox 2107 3901 2273 3973; x_wconf 77' lang='lat'><strong>619</strong></span> <span class='ocrx_word' id='word_1_668' title='bbox 2312 3899 2427 3964; x_wconf 90' lang='lat' dir='ltr'><strong>Dei,</strong></span> <span class='ocrx_word' id='word_1_669' title='bbox 2454 3916 2577 3954; x_wconf 86' lang='lat' dir='ltr'><strong>cum</strong></span> <span class='ocrx_word' id='word_1_670' title='bbox 2608 3902 2793 3954; x_wconf 89' lang='lat' dir='ltr'><strong>omnia</strong></span> <span class='ocrx_word' id='word_1_671' title='bbox 2828 3901 2904 3955; x_wconf 87' lang='lat' dir='ltr'><strong>illi</strong></span> <span class='ocrx_word' id='word_1_672' title='bbox 2935 3911 3255 3957; x_wconf 85' lang='lat' dir='ltr'><strong>consecrata</strong></span> <span class='ocrx_word' id='word_1_673' title='bbox 3287 3902 3417 3968; x_wconf 90' lang='lat' dir='ltr'><strong>sint,</strong></span> <span class='ocrx_word' id='word_1_674' title='bbox 3450 3901 3552 3955; x_wconf 83' lang='lat' dir='ltr'><strong>tria</strong></span> <span class='ocrx_word' id='word_1_675' title='bbox 3578 3902 3692 3956; x_wconf 70' lang='lat' dir='ltr'><strong>haec</strong></span> 
     </span>
    </p>
   </div>
   <div class='ocr_carea' id='block_1_85' title="bbox 2109 3992 3691 4064">
    <p class='ocr_par' dir='ltr' id='par_1_85' title="bbox 2109 3992 3691 4064">
     <span class='ocr_line' id='line_1_85' title="bbox 2109 3992 3691 4064; baseline 0.001 -17"><span class='ocrx_word' id='word_1_676' title='bbox 2109 3994 2253 4056; x_wconf 89' lang='lat' dir='ltr'><strong>dico,</strong></span> <span class='ocrx_word' id='word_1_677' title='bbox 2271 4006 2369 4046; x_wconf 88' lang='lat' dir='ltr'><strong>nec</strong></span> <span class='ocrx_word' id='word_1_678' title='bbox 2386 3992 2707 4045; x_wconf 89' lang='lat' dir='ltr'><strong>adversante</strong></span> <span class='ocrx_word' id='word_1_679' title='bbox 2730 3992 2806 4045; x_wconf 91' lang='lat' dir='ltr'><strong>illi</strong></span> <span class='ocrx_word' id='word_1_680' title='bbox 2823 4008 3123 4062; x_wconf 90' lang='lat' dir='ltr'><strong>quoquam,</strong></span> <span class='ocrx_word' id='word_1_681' title='bbox 3148 4010 3254 4047; x_wconf 90' lang='lat' dir='ltr'><strong>non</strong></span> <span class='ocrx_word' id='word_1_682' title='bbox 3281 3995 3457 4049; x_wconf 90' lang='lat' dir='ltr'><strong>solum</strong></span> <span class='ocrx_word' id='word_1_683' title='bbox 3474 3995 3691 4064; x_wconf 83' lang='lat' dir='ltr'><strong>spiritu,</strong></span> 
     </span>
    </p>
   </div>
   <div class='ocr_carea' id='block_1_86' title="bbox 2111 4080 3400 4153">
    <p class='ocr_par' dir='ltr' id='par_1_86' title="bbox 2111 4080 3400 4153">
     <span class='ocr_line' id='line_1_86' title="bbox 2111 4080 3400 4153; baseline -0.001 -15"><span class='ocrx_word' id='word_1_684' title='bbox 2111 4083 2203 4138; x_wconf 87' lang='lat' dir='ltr'><strong>sed</strong></span> <span class='ocrx_word' id='word_1_685' title='bbox 2236 4094 2337 4135; x_wconf 90' lang='lat' dir='ltr'><strong>nec</strong></span> <span class='ocrx_word' id='word_1_686' title='bbox 2365 4080 2569 4146; x_wconf 89' lang='lat' dir='ltr'><strong>anima,</strong></span> <span class='ocrx_word' id='word_1_687' title='bbox 2605 4080 2830 4151; x_wconf 88' lang='lat' dir='ltr'><strong>insuper</strong></span> <span class='ocrx_word' id='word_1_688' title='bbox 2855 4097 2986 4137; x_wconf 91' lang='lat' dir='ltr'><strong>vero</strong></span> <span class='ocrx_word' id='word_1_689' title='bbox 3015 4097 3117 4138; x_wconf 88' lang='lat' dir='ltr'><strong>nec</strong></span> <span class='ocrx_word' id='word_1_690' title='bbox 3150 4098 3400 4153; x_wconf 89' lang='lat' dir='ltr'><strong>corpore.</strong></span> 
     </span>
    </p>
   </div>
   <div class='ocr_carea' id='block_1_87' title="bbox 2185 4251 3692 4323">
    <p class='ocr_par' dir='ltr' id='par_1_87' title="bbox 2185 4251 3692 4323">
     <span class='ocr_line' id='line_1_87' title="bbox 2185 4251 3692 4323; baseline 0 -13"><span class='ocrx_word' id='word_1_691' title='bbox 2185 4257 2238 4310; x_wconf 70' lang='grc'><strong>4.</strong></span> <span class='ocrx_word' id='word_1_692' title='bbox 2271 4254 2381 4311; x_wconf 85' lang='lat' dir='ltr'><strong>Nec</strong></span> <span class='ocrx_word' id='word_1_693' title='bbox 2431 4269 2562 4308; x_wconf 88' lang='lat' dir='ltr'><strong>vero</strong></span> <span class='ocrx_word' id='word_1_694' title='bbox 2605 4253 2873 4307; x_wconf 87' lang='lat' dir='ltr'><strong>absonum</strong></span> <span class='ocrx_word' id='word_1_695' title='bbox 2924 4251 3087 4307; x_wconf 82' lang='lat' dir='ltr'><strong>fuerit</strong></span> <span class='ocrx_word' id='word_1_696' title='bbox 3134 4261 3188 4308; x_wconf 89' lang='lat' dir='ltr'><strong>et</strong></span> <span class='ocrx_word' id='word_1_697' title='bbox 3237 4253 3614 4323; x_wconf 85' lang='lat' dir='ltr'><strong>injucundum,</strong></span> <span class='ocrx_word' id='word_1_698' title='bbox 3644 4255 3692 4310; x_wconf 88' lang='lat' dir='ltr'><strong>si</strong></span> 
     </span>
    </p>
   </div>
   <div class='ocr_carea' id='block_1_88' title="bbox 2116 4343 3690 4415">
    <p class='ocr_par' dir='ltr' id='par_1_88' title="bbox 2116 4343 3690 4415">
     <span class='ocr_line' id='line_1_88' title="bbox 2116 4343 3690 4415; baseline 0 -16"><span class='ocrx_word' id='word_1_699' title='bbox 2116 4347 2404 4414; x_wconf 87' lang='lat' dir='ltr'><strong>utriusque</strong></span> <span class='ocrx_word' id='word_1_700' title='bbox 2467 4343 2798 4408; x_wconf 89' lang='lat' dir='ltr'><strong>testamenti,</strong></span> <span class='ocrx_word' id='word_1_701' title='bbox 2856 4353 2970 4397; x_wconf 89' lang='lat' dir='ltr'><strong>tum</strong></span> <span class='ocrx_word' id='word_1_702' title='bbox 3024 4344 3169 4399; x_wconf 89' lang='lat' dir='ltr'><strong>illius</strong></span> <span class='ocrx_word' id='word_1_703' title='bbox 3212 4346 3306 4415; x_wconf 88' lang='lat' dir='ltr'><strong>qui</strong></span> <span class='ocrx_word' id='word_1_704' title='bbox 3366 4360 3690 4415; x_wconf 84' lang='lat' dir='ltr'><strong>corporeum</strong></span> 
     </span>
    </p>
   </div>
   <div class='ocr_carea' id='block_1_89' title="bbox 1644 4429 2493 4493">
    <p class='ocr_par' dir='ltr' id='par_1_89' title="bbox 1644 4429 2493 4493">
     <span class='ocr_line' id='line_1_89' title="bbox 1644 4429 2493 4493; baseline 0.002 -5"><span class='ocrx_word' id='word_1_705' title='bbox 1644 4429 1874 4490; x_wconf 81' lang='lat' dir='ltr'><strong>VETUS</strong></span> <span class='ocrx_word' id='word_1_706' title='bbox 1914 4436 2493 4493; x_wconf 81' lang='lat' dir='ltr'><strong>INTERPRETATIO.</strong></span> 
     </span>
    </p>
   </div>
   <div class='ocr_carea' id='block_1_90' title="bbox 428 4526 3701 4607">
    <p class='ocr_par' dir='ltr' id='par_1_90' title="bbox 428 4526 3701 4607">
     <span class='ocr_line' id='line_1_90' title="bbox 428 4526 3701 4607; baseline 0.001 -26"><span class='ocrx_word' id='word_1_707' title='bbox 428 4526 745 4607; x_wconf 70' lang='lat' dir='ltr'><strong>coniugium</strong></span> <span class='ocrx_word' id='word_1_708' title='bbox 782 4528 1012 4589; x_wconf 83' lang='lat' dir='ltr'><strong>solvere,</strong></span> <span class='ocrx_word' id='word_1_709' title='bbox 1045 4526 1138 4581; x_wconf 87' lang='lat' dir='ltr'><strong>sed</strong></span> <span class='ocrx_word' id='word_1_710' title='bbox 1156 4526 1425 4607; x_wconf 35' lang='lat' dir='ltr'><strong>lvirtutem</strong></span> <span class='ocrx_word' id='word_1_711' title='bbox 1458 4526 1808 4607; x_wconf 68' lang='lat' dir='ltr'><strong>continentia:</strong></span> <span class='ocrx_word' id='word_1_712' title='bbox 1837 4541 2109 4607; x_wconf 69' lang='lat' dir='ltr'><strong>exercere.</strong></span> <span class='ocrx_word' id='word_1_713' title='bbox 2146 4528 2203 4581; x_wconf 92' lang='lat' dir='ltr'><strong>Si</strong></span> <span class='ocrx_word' id='word_1_714' title='bbox 2246 4536 2424 4581; x_wconf 90' lang='lat' dir='ltr'><strong>autem</strong></span> <span class='ocrx_word' id='word_1_715' title='bbox 2481 4529 2618 4607; x_wconf 72' lang='lat' dir='ltr'><strong>alter</strong></span> <span class='ocrx_word' id='word_1_716' title='bbox 2668 4526 2921 4607; x_wconf 68' lang='lat' dir='ltr'><strong>voluerit</strong></span> <span class='ocrx_word' id='word_1_717' title='bbox 2949 4535 3098 4607; x_wconf 74' lang='lat' dir='ltr'><strong>caste</strong></span> <span class='ocrx_word' id='word_1_718' title='bbox 3140 4542 3326 4607; x_wconf 73' lang='lat' dir='ltr'><strong>agere,</strong></span> <span class='ocrx_word' id='word_1_719' title='bbox 3378 4530 3516 4583; x_wconf 87' lang='lat' dir='ltr'><strong>alter</strong></span> <span class='ocrx_word' id='word_1_720' title='bbox 3561 4543 3701 4607; x_wconf 69' lang='lat' dir='ltr'><strong>vero</strong></span> 
     </span>
    </p>
   </div>
   <div class='ocr_carea' id='block_1_91' title="bbox 431 4595 3696 4674">
    <p class='ocr_par' dir='ltr' id='par_1_91' title="bbox 431 4595 3696 4674">
     <span class='ocr_line' id='line_1_91' title="bbox 431 4595 3696 4674; baseline 0 -20"><span class='ocrx_word' id='word_1_721' title='bbox 431 4595 668 4674; x_wconf 70' lang='lat' dir='ltr'><strong>noluerit</strong></span> <span class='ocrx_word' id='word_1_722' title='bbox 697 4607 791 4674; x_wconf 78' lang='lat' dir='ltr'><strong>aut</strong></span> <span class='ocrx_word' id='word_1_723' title='bbox 822 4614 928 4674; x_wconf 78' lang='lat' dir='ltr'><strong>non</strong></span> <span class='ocrx_word' id='word_1_724' title='bbox 960 4597 1215 4674; x_wconf 70' lang='lat' dir='ltr'><strong>potuerit,</strong></span> <span class='ocrx_word' id='word_1_725' title='bbox 1273 4606 1325 4650; x_wconf 94' lang='lat' dir='ltr'><strong>et</strong></span> <span class='ocrx_word' id='word_1_726' title='bbox 1354 4605 1639 4674; x_wconf 75' lang='lat' dir='ltr'><strong>propterea</strong></span> <span class='ocrx_word' id='word_1_727' title='bbox 1673 4595 1761 4648; x_wconf 90' lang='lat' dir='ltr'><strong>ille</strong></span> <span class='ocrx_word' id='word_1_728' title='bbox 1790 4596 1978 4650; x_wconf 86' lang='lat' dir='ltr'><strong>volens</strong></span> <span class='ocrx_word' id='word_1_729' title='bbox 2010 4608 2064 4652; x_wconf 90' lang='lat' dir='ltr'><strong>et</strong></span> <span class='ocrx_word' id='word_1_730' title='bbox 2109 4608 2304 4674; x_wconf 82' lang='lat' dir='ltr'><strong>potens</strong></span> <span class='ocrx_word' id='word_1_731' title='bbox 2341 4597 2929 4674; x_wconf 41' lang='lat' dir='ltr'><strong>non&#39;comlcscenderit</strong></span> <span class='ocrx_word' id='word_1_732' title='bbox 2968 4595 3264 4652; x_wconf 42' lang='lat' dir='ltr'><strong>nolenti—et</strong></span> <span class='ocrx_word' id='word_1_733' title='bbox 3308 4614 3416 4653; x_wconf 92' lang='lat' dir='ltr'><strong>non</strong></span> <span class='ocrx_word' id='word_1_734' title='bbox 3462 4602 3696 4674; x_wconf 85' lang='lat' dir='ltr'><strong>potenti,</strong></span> 
     </span>
    </p>
   </div>
   <div class='ocr_carea' id='block_1_92' title="bbox 430 4665 2732 4737">
    <p class='ocr_par' dir='ltr' id='par_1_92' title="bbox 430 4665 2732 4737">
     <span class='ocr_line' id='line_1_92' title="bbox 430 4665 2732 4737; baseline -0.003 -13"><span class='ocrx_word' id='word_1_735' title='bbox 430 4683 543 4724; x_wconf 76' lang='lat' dir='ltr'><strong>non</strong></span> <span class='ocrx_word' id='word_1_736' title='bbox 570 4668 676 4737; x_wconf 82' lang='lat' dir='ltr'><strong>erit</strong></span> <span class='ocrx_word' id='word_1_737' title='bbox 705 4669 759 4720; x_wconf 90' lang='lat' dir='ltr'><strong>in</strong></span> <span class='ocrx_word' id='word_1_738' title='bbox 790 4668 879 4737; x_wconf 89' lang='lat' dir='ltr'><strong>eis</strong></span> <span class='ocrx_word' id='word_1_739' title='bbox 902 4665 1044 4735; x_wconf 87' lang='lat' dir='ltr'><strong>quod</strong></span> <span class='ocrx_word' id='word_1_740' title='bbox 1078 4667 1298 4737; x_wconf 71' lang='lat' dir='ltr'><strong>dicitur.</strong></span> <span class='ocrx_word' id='word_1_741' title='bbox 1336 4683 1353 4715; x_wconf 81' lang='grc' dir='ltr'><strong>ι</strong></span> <span class='ocrx_word' id='word_1_742' title='bbox 1387 4667 1453 4720; x_wconf 91' lang='lat' dir='ltr'><strong>de</strong></span> <span class='ocrx_word' id='word_1_743' title='bbox 1475 4665 1639 4737; x_wconf 89' lang='lat' dir='ltr'><strong>_omni</strong></span> <span class='ocrx_word' id='word_1_744' title='bbox 1660 4681 1727 4737; x_wconf 81' lang='lat' dir='ltr'><strong>re</strong></span> <span class='ocrx_word' id='word_1_745' title='bbox 1755 4665 2141 4737; x_wconf 77' lang='lat' dir='ltr'><strong>quamcunque</strong></span> <span class='ocrx_word' id='word_1_746' title='bbox 2172 4666 2430 4737; x_wconf 88' lang='lat' dir='ltr'><strong>petierint</strong></span> <span class='ocrx_word' id='word_1_747' title='bbox 2459 4665 2547 4718; x_wconf 80' lang='lat' dir='ltr'><strong>[let</strong></span> <span class='ocrx_word' id='word_1_748' title='bbox 2573 4665 2673 4718; x_wconf 90' lang='lat' dir='ltr'><strong>eis.</strong></span> <span class='ocrx_word' id='word_1_749' title='bbox 2712 4685 2732 4717; x_wconf 71' lang='grc' dir='ltr'><strong>ι</strong></span> 
     </span>
    </p>
   </div>
   <div class='ocr_carea' id='block_1_93' title="bbox 503 4734 3695 4804">
    <p class='ocr_par' dir='ltr' id='par_1_93' title="bbox 503 4734 3695 4804">
     <span class='ocr_line' id='line_1_93' title="bbox 503 4734 3695 4804; baseline 0 -13"><span class='ocrx_word' id='word_1_750' title='bbox 503 4737 558 4793; x_wconf 81' lang='lat'><strong>5.</strong></span> <span class='ocrx_word' id='word_1_751' title='bbox 601 4735 729 4792; x_wconf 89' lang='lat' dir='ltr'><strong>Scio</strong></span> <span class='ocrx_word' id='word_1_752' title='bbox 754 4747 807 4791; x_wconf 89' lang='lat' dir='ltr'><strong>et</strong></span> <span class='ocrx_word' id='word_1_753' title='bbox 837 4734 997 4790; x_wconf 83' lang='lat' dir='ltr'><strong>aliam</strong></span> <span class='ocrx_word' id='word_1_754' title='bbox 1030 4736 1446 4804; x_wconf 82' lang='lat' dir='ltr'><strong>expositionem.</strong></span> <span class='ocrx_word' id='word_1_755' title='bbox 1475 4734 1532 4788; x_wconf 88' lang='lat' dir='ltr'><strong>In</strong></span> <span class='ocrx_word' id='word_1_756' title='bbox 1568 4735 1727 4789; x_wconf 90' lang='lat' dir='ltr'><strong>malis</strong></span> <span class='ocrx_word' id='word_1_757' title='bbox 1754 4735 1897 4788; x_wconf 90' lang='lat' dir='ltr'><strong>enim</strong></span> <span class='ocrx_word' id='word_1_758' title='bbox 1932 4734 2248 4791; x_wconf 66' lang='lat' dir='ltr'><strong>hominibus</strong></span> <span class='ocrx_word' id='word_1_759' title='bbox 2284 4746 2563 4804; x_wconf 90' lang='lat' dir='ltr'><strong>peccatum</strong></span> <span class='ocrx_word' id='word_1_760' title='bbox 2616 4736 2796 4789; x_wconf 90' lang='lat' dir='ltr'><strong>carnis</strong></span> <span class='ocrx_word' id='word_1_761' title='bbox 2841 4736 3040 4791; x_wconf 72' lang='lat' dir='ltr'><strong>animae</strong></span> <span class='ocrx_word' id='word_1_762' title='bbox 3088 4735 3408 4791; x_wconf 89' lang='lat' dir='ltr'><strong>dominatur</strong></span> <span class='ocrx_word' id='word_1_763' title='bbox 3452 4737 3518 4790; x_wconf 87' lang='lat' dir='ltr'><strong>ad</strong></span> <span class='ocrx_word' id='word_1_764' title='bbox 3564 4738 3695 4792; x_wconf 84' lang='lat' dir='ltr'><strong>ohe-</strong></span> 
     </span>
    </p>
   </div>
   <div class='ocr_carea' id='block_1_94' title="bbox 429 4804 3694 4876">
    <p class='ocr_par' dir='ltr' id='par_1_94' title="bbox 429 4804 3694 4876">
     <span class='ocr_line' id='line_1_94' title="bbox 429 4804 3694 4876; baseline 0 -16"><span class='ocrx_word' id='word_1_765' title='bbox 429 4805 687 4861; x_wconf 89' lang='lat' dir='ltr'><strong>diendum</strong></span> <span class='ocrx_word' id='word_1_766' title='bbox 717 4807 766 4861; x_wconf 93' lang='lat' dir='ltr'><strong>ei</strong></span> <span class='ocrx_word' id='word_1_767' title='bbox 799 4806 852 4860; x_wconf 91' lang='lat' dir='ltr'><strong>in</strong></span> <span class='ocrx_word' id='word_1_768' title='bbox 886 4805 1170 4876; x_wconf 84' lang='lat' dir='ltr'><strong>desideriis</strong></span> <span class='ocrx_word' id='word_1_769' title='bbox 1198 4805 1337 4874; x_wconf 87' lang='lat' dir='ltr'><strong>ejus.</strong></span> <span class='ocrx_word' id='word_1_770' title='bbox 1367 4806 1425 4857; x_wconf 86' lang='lat' dir='ltr'><strong>In</strong></span> <span class='ocrx_word' id='word_1_771' title='bbox 1461 4804 1757 4876; x_wconf 89' lang='lat' dir='ltr'><strong>his_autem</strong></span> <span class='ocrx_word' id='word_1_772' title='bbox 1787 4805 1879 4876; x_wconf 84' lang='lat' dir='ltr'><strong>qui</strong></span> <span class='ocrx_word' id='word_1_773' title='bbox 1910 4809 2238 4875; x_wconf 80' lang='lat' dir='ltr'><strong>expulerunt</strong></span> <span class='ocrx_word' id='word_1_774' title='bbox 2265 4805 2422 4874; x_wconf 84' lang='lat' dir='ltr'><strong>quasi</strong></span> <span class='ocrx_word' id='word_1_775' title='bbox 2450 4806 2516 4859; x_wconf 89' lang='lat' dir='ltr'><strong>de</strong></span> <span class='ocrx_word' id='word_1_776' title='bbox 2546 4805 2743 4857; x_wconf 89' lang='lat' dir='ltr'><strong>throno</strong></span> <span class='ocrx_word' id='word_1_777' title='bbox 2773 4808 3023 4874; x_wconf 89' lang='lat' dir='ltr'><strong>corporis</strong></span> <span class='ocrx_word' id='word_1_778' title='bbox 3067 4807 3153 4859; x_wconf 92' lang='lat' dir='ltr'><strong>sui</strong></span> <span class='ocrx_word' id='word_1_779' title='bbox 3207 4814 3511 4876; x_wconf 85' lang='lat' dir='ltr'><strong>peceatum,</strong></span> <span class='ocrx_word' id='word_1_780' title='bbox 3545 4808 3694 4873; x_wconf 88' lang='lat' dir='ltr'><strong>quod</strong></span> 
     </span>
    </p>
   </div>
   <div class='ocr_carea' id='block_1_95' title="bbox 432 4874 3693 4946">
    <p class='ocr_par' dir='ltr' id='par_1_95' title="bbox 432 4874 3693 4946">
     <span class='ocr_line' id='line_1_95' title="bbox 432 4874 3693 4946; baseline -0.001 -15"><span class='ocrx_word' id='word_1_781' title='bbox 432 4885 754 4946; x_wconf 78' lang='lat' dir='ltr'><strong>regnaverat</strong></span> <span class='ocrx_word' id='word_1_782' title='bbox 783 4876 934 4945; x_wconf 90' lang='lat' dir='ltr'><strong>prius</strong></span> <span class='ocrx_word' id='word_1_783' title='bbox 966 4877 1017 4929; x_wconf 93' lang='lat' dir='ltr'><strong>in</strong></span> <span class='ocrx_word' id='word_1_784' title='bbox 1048 4875 1150 4937; x_wconf 83' lang='lat' dir='ltr'><strong>eis.</strong></span> <span class='ocrx_word' id='word_1_785' title='bbox 1183 4887 1235 4930; x_wconf 90' lang='lat' dir='ltr'><strong>et</strong></span> <span class='ocrx_word' id='word_1_786' title='bbox 1263 4882 1471 4946; x_wconf 80' lang='lat' dir='ltr'><strong>certant</strong></span> <span class='ocrx_word' id='word_1_787' title='bbox 1506 4874 1765 4929; x_wconf 83' lang='lat' dir='ltr'><strong>adversus</strong></span> <span class='ocrx_word' id='word_1_788' title='bbox 1795 4874 1996 4946; x_wconf 73' lang='lat' dir='ltr'><strong>ipsum,</strong></span> <span class='ocrx_word' id='word_1_789' title='bbox 2027 4895 2044 4928; x_wconf 80' lang='grc' dir='ltr'><strong>ί</strong></span> <span class='ocrx_word' id='word_1_790' title='bbox 2079 4877 2220 4931; x_wconf 83' lang='lat' dir='ltr'><strong>Caro</strong></span> <span class='ocrx_word' id='word_1_791' title='bbox 2245 4876 2462 4946; x_wconf 86' lang='lat' dir='ltr'><strong>quidem</strong></span> <span class='ocrx_word' id='word_1_792' title='bbox 2498 4876 2837 4943; x_wconf 87' lang='lat' dir='ltr'><strong>concupiscit</strong></span> <span class='ocrx_word' id='word_1_793' title='bbox 2865 4876 3128 4930; x_wconf 88' lang='lat' dir='ltr'><strong>adversus</strong></span> <span class='ocrx_word' id='word_1_794' title='bbox 3158 4874 3435 4946; x_wconf 83' lang='lat' dir='ltr'><strong>spiritum,</strong></span> <span class='ocrx_word' id='word_1_795' title='bbox 3463 4876 3693 4942; x_wconf 86' lang='lat' dir='ltr'><strong>spiritus</strong></span> 
     </span>
    </p>
   </div>
   <div class='ocr_carea' id='block_1_96' title="bbox 431 4942 3697 5013">
    <p class='ocr_par' dir='ltr' id='par_1_96' title="bbox 431 4942 3697 5013">
     <span class='ocr_line' id='line_1_96' title="bbox 431 4942 3697 5013; baseline -0 -14"><span class='ocrx_word' id='word_1_796' title='bbox 431 4942 613 5000; x_wconf 68' lang='lat' dir='ltr'><strong>autem</strong></span> <span class='ocrx_word' id='word_1_797' title='bbox 645 4942 909 5000; x_wconf 76' lang='lat' dir='ltr'><strong>adversus</strong></span> <span class='ocrx_word' id='word_1_798' title='bbox 942 4961 1185 4999; x_wconf 84' lang='lat' dir='ltr'><strong>carnem.</strong></span> <span class='ocrx_word' id='word_1_799' title='bbox 1222 4964 1240 4997; x_wconf 74' lang='grc' dir='ltr'><strong>ι</strong></span> <span class='ocrx_word' id='word_1_800' title='bbox 1278 4944 1334 4997; x_wconf 92' lang='lat' dir='ltr'><strong>ln</strong></span> <span class='ocrx_word' id='word_1_801' title='bbox 1362 4945 1495 4998; x_wconf 90' lang='lat' dir='ltr'><strong>viris</strong></span> <span class='ocrx_word' id='word_1_802' title='bbox 1529 4953 1706 4997; x_wconf 88' lang='lat' dir='ltr'><strong>autem</strong></span> <span class='ocrx_word' id='word_1_803' title='bbox 1744 4942 1998 5012; x_wconf 78' lang='lat' dir='ltr'><strong>perfectis</strong></span> <span class='ocrx_word' id='word_1_804' title='bbox 2028 4942 2276 5001; x_wconf 71' lang='lat' dir='ltr'><strong>obtinuit</strong></span> <span class='ocrx_word' id='word_1_805' title='bbox 2296 4944 2544 5013; x_wconf 86' lang='lat' dir='ltr'><strong>spiritus,</strong></span> <span class='ocrx_word' id='word_1_806' title='bbox 2573 4952 2626 4997; x_wconf 92' lang='lat' dir='ltr'><strong>et</strong></span> <span class='ocrx_word' id='word_1_807' title='bbox 2655 4942 2819 5013; x_wconf 81' lang='lat' dir='ltr'><strong>Opera</strong></span> <span class='ocrx_word' id='word_1_808' title='bbox 2847 4946 3030 4999; x_wconf 88' lang='lat' dir='ltr'><strong>carnis</strong></span> <span class='ocrx_word' id='word_1_809' title='bbox 3058 4942 3428 5010; x_wconf 77' lang='lat' dir='ltr'><strong>mortiﬁcavit,</strong></span> <span class='ocrx_word' id='word_1_810' title='bbox 3460 4954 3515 5000; x_wconf 91' lang='lat' dir='ltr'><strong>et</strong></span> <span class='ocrx_word' id='word_1_811' title='bbox 3541 4960 3697 4998; x_wconf 83' lang='lat' dir='ltr'><strong>com-</strong></span> 
     </span>
    </p>
   </div>
   <div class='ocr_carea' id='block_1_97' title="bbox 431 5014 3695 5086">
    <p class='ocr_par' dir='ltr' id='par_1_97' title="bbox 431 5014 3695 5086">
     <span class='ocr_line' id='line_1_97' title="bbox 431 5014 3695 5086; baseline 0 -17"><span class='ocrx_word' id='word_1_812' title='bbox 431 5017 708 5086; x_wconf 80' lang='lat' dir='ltr'><strong>mendavit</strong></span> <span class='ocrx_word' id='word_1_813' title='bbox 736 5019 904 5070; x_wconf 80' lang='lat' dir='ltr'><strong>vitam</strong></span> <span class='ocrx_word' id='word_1_814' title='bbox 936 5032 1090 5070; x_wconf 89' lang='lat' dir='ltr'><strong>suam</strong></span> <span class='ocrx_word' id='word_1_815' title='bbox 1125 5014 1298 5078; x_wconf 90' lang='lat' dir='ltr'><strong>carni,</strong></span> <span class='ocrx_word' id='word_1_816' title='bbox 1323 5021 1390 5086; x_wconf 90' lang='lat' dir='ltr'><strong>_ut</strong></span> <span class='ocrx_word' id='word_1_817' title='bbox 1420 5014 1651 5067; x_wconf 82' lang='lat' dir='ltr'><strong>virilicet</strong></span> <span class='ocrx_word' id='word_1_818' title='bbox 1679 5032 1699 5086; x_wconf 59' lang='grc' dir='ltr'><strong>ι</strong></span> <span class='ocrx_word' id='word_1_819' title='bbox 1735 5015 1984 5069; x_wconf 86' lang='lat' dir='ltr'><strong>mortalia</strong></span> <span class='ocrx_word' id='word_1_820' title='bbox 2012 5033 2243 5086; x_wconf 86' lang='lat' dir='ltr'><strong>corpora</strong></span> <span class='ocrx_word' id='word_1_821' title='bbox 2272 5034 2290 5067; x_wconf 76' lang='grc' dir='ltr'><strong>ι</strong></span> <span class='ocrx_word' id='word_1_822' title='bbox 2324 5030 2422 5070; x_wconf 90' lang='lat' dir='ltr'><strong>sua</strong></span> <span class='ocrx_word' id='word_1_823' title='bbox 2453 5033 2471 5065; x_wconf 74' lang='grc' dir='ltr'><strong>ι</strong></span> <span class='ocrx_word' id='word_1_824' title='bbox 2502 5024 2722 5083; x_wconf 89' lang='lat' dir='ltr'><strong>propter</strong></span> <span class='ocrx_word' id='word_1_825' title='bbox 2752 5015 3147 5086; x_wconf 14' lang='lat' dir='ltr'><strong>inrhabilantcm</strong></span> <span class='ocrx_word' id='word_1_826' title='bbox 3176 5015 3427 5083; x_wconf 91' lang='lat' dir='ltr'><strong>spiritum</strong></span> <span class='ocrx_word' id='word_1_827' title='bbox 3459 5032 3478 5066; x_wconf 75' lang='grc' dir='ltr'><strong>ι</strong></span> <span class='ocrx_word' id='word_1_828' title='bbox 3509 5015 3562 5086; x_wconf 82' lang='lat' dir='ltr'><strong>in</strong></span> <span class='ocrx_word' id='word_1_829' title='bbox 3590 5015 3695 5086; x_wconf 85' lang='lat' dir='ltr'><strong>eis,</strong></span> 
     </span>
    </p>
   </div>
   <div class='ocr_carea' id='block_1_98' title="bbox 431 5083 3697 5155">
    <p class='ocr_par' dir='ltr' id='par_1_98' title="bbox 431 5083 3697 5155">
     <span class='ocr_line' id='line_1_98' title="bbox 431 5083 3697 5155; baseline 0 -17"><span class='ocrx_word' id='word_1_830' title='bbox 431 5093 486 5139; x_wconf 89' lang='lat' dir='ltr'><strong>et</strong></span> <span class='ocrx_word' id='word_1_831' title='bbox 516 5085 574 5139; x_wconf 83' lang='lat' dir='ltr'><strong>iit</strong></span> <span class='ocrx_word' id='word_1_832' title='bbox 603 5101 905 5141; x_wconf 90' lang='lat' dir='ltr'><strong>consensus</strong></span> <span class='ocrx_word' id='word_1_833' title='bbox 937 5088 1167 5139; x_wconf 84' lang='lat' dir='ltr'><strong>duorum</strong></span> <span class='ocrx_word' id='word_1_834' title='bbox 1206 5083 1514 5155; x_wconf 76' lang='lat' dir='ltr'><strong>spirituset</strong></span> <span class='ocrx_word' id='word_1_835' title='bbox 1540 5084 1723 5138; x_wconf 89' lang='lat' dir='ltr'><strong>carnis</strong></span> <span class='ocrx_word' id='word_1_836' title='bbox 1755 5100 1917 5153; x_wconf 82' lang='lat' dir='ltr'><strong>super</strong></span> <span class='ocrx_word' id='word_1_837' title='bbox 1949 5083 2184 5150; x_wconf 82' lang='lat' dir='ltr'><strong>terram;</strong></span> <span class='ocrx_word' id='word_1_838' title='bbox 2227 5102 2335 5155; x_wconf 91' lang='lat' dir='ltr'><strong>quo</strong></span> <span class='ocrx_word' id='word_1_839' title='bbox 2378 5100 2650 5139; x_wconf 87' lang='lat' dir='ltr'><strong>consensu</strong></span> <span class='ocrx_word' id='word_1_840' title='bbox 2694 5085 2929 5153; x_wconf 83' lang='lat' dir='ltr'><strong>expleto,</strong></span> <span class='ocrx_word' id='word_1_841' title='bbox 2982 5092 3037 5137; x_wconf 88' lang='lat' dir='ltr'><strong>et</strong></span> <span class='ocrx_word' id='word_1_842' title='bbox 3084 5088 3261 5138; x_wconf 87' lang='lat' dir='ltr'><strong>oratio</strong></span> <span class='ocrx_word' id='word_1_843' title='bbox 3307 5085 3697 5155; x_wconf 81' lang='lat' dir='ltr'><strong>transmittitur</strong></span> 
     </span>
    </p>
   </div>
   <div class='ocr_carea' id='block_1_99' title="bbox 431 5153 3695 5225">
    <p class='ocr_par' dir='ltr' id='par_1_99' title="bbox 431 5153 3695 5225">
     <span class='ocr_line' id='line_1_99' title="bbox 431 5153 3695 5225; baseline 0 -18"><span class='ocrx_word' id='word_1_844' title='bbox 431 5156 596 5209; x_wconf 83' lang='lat' dir='ltr'><strong>corde</strong></span> <span class='ocrx_word' id='word_1_845' title='bbox 622 5157 841 5225; x_wconf 90' lang='lat' dir='ltr'><strong>quidem</strong></span> <span class='ocrx_word' id='word_1_846' title='bbox 881 5176 899 5207; x_wconf 75' lang='grc' dir='ltr'><strong>ι</strong></span> <span class='ocrx_word' id='word_1_847' title='bbox 937 5155 1178 5225; x_wconf 85' lang='lat' dir='ltr'><strong>credenti</strong></span> <span class='ocrx_word' id='word_1_848' title='bbox 1219 5153 1286 5225; x_wconf 83' lang='lat' dir='ltr'><strong>ad</strong></span> <span class='ocrx_word' id='word_1_849' title='bbox 1322 5153 1626 5225; x_wconf 49' lang='lat' dir='ltr'><strong>justitiam,</strong></span> <span class='ocrx_word' id='word_1_850' title='bbox 1667 5169 1761 5225; x_wconf 86' lang='lat' dir='ltr'><strong>ore</strong></span> <span class='ocrx_word' id='word_1_851' title='bbox 1806 5164 1989 5210; x_wconf 89' lang='lat' dir='ltr'><strong>autem</strong></span> <span class='ocrx_word' id='word_1_852' title='bbox 2031 5153 2315 5211; x_wconf 85' lang='lat' dir='ltr'><strong>conﬁtenti</strong></span> <span class='ocrx_word' id='word_1_853' title='bbox 2366 5156 2431 5208; x_wconf 87' lang='lat' dir='ltr'><strong>ad</strong></span> <span class='ocrx_word' id='word_1_854' title='bbox 2484 5155 2739 5225; x_wconf 84' lang='lat' dir='ltr'><strong>salutem,</strong></span> <span class='ocrx_word' id='word_1_855' title='bbox 2773 5172 2792 5205; x_wconf 74' lang='grc' dir='ltr'><strong>ι</strong></span> <span class='ocrx_word' id='word_1_856' title='bbox 2827 5164 2882 5207; x_wconf 80' lang='grc' dir='ltr'><strong>ιιι</strong></span> <span class='ocrx_word' id='word_1_857' title='bbox 2913 5169 3008 5225; x_wconf 88' lang='lat' dir='ltr'><strong>cor</strong></span> <span class='ocrx_word' id='word_1_858' title='bbox 3034 5170 3139 5225; x_wconf 78' lang='lat' dir='ltr'><strong>non</strong></span> <span class='ocrx_word' id='word_1_859' title='bbox 3179 5154 3249 5208; x_wconf 89' lang='lat' dir='ltr'><strong>sit</strong></span> <span class='ocrx_word' id='word_1_860' title='bbox 3292 5155 3452 5225; x_wconf 77' lang='lat' dir='ltr'><strong>longe</strong></span> <span class='ocrx_word' id='word_1_861' title='bbox 3494 5170 3525 5208; x_wconf 88' lang='lat' dir='ltr'><strong>a</strong></span> <span class='ocrx_word' id='word_1_862' title='bbox 3558 5153 3695 5218; x_wconf 80' lang='lat' dir='ltr'><strong>Deo.</strong></span> 
     </span>
    </p>
   </div>
   <div class='ocr_carea' id='block_1_100' title="bbox 430 5220 3692 5294">
    <p class='ocr_par' dir='ltr' id='par_1_100' title="bbox 430 5220 3692 5294">
     <span class='ocr_line' id='line_1_100' title="bbox 430 5220 3692 5294; baseline -0 -19"><span class='ocrx_word' id='word_1_863' title='bbox 430 5225 523 5277; x_wconf 81' lang='lat' dir='ltr'><strong>sed</strong></span> <span class='ocrx_word' id='word_1_864' title='bbox 557 5220 682 5279; x_wconf 82' lang='lat' dir='ltr'><strong>cum</strong></span> <span class='ocrx_word' id='word_1_865' title='bbox 721 5241 809 5287; x_wconf 91' lang='lat' dir='ltr'><strong>eo,</strong></span> <span class='ocrx_word' id='word_1_866' title='bbox 845 5236 901 5279; x_wconf 92' lang='lat' dir='ltr'><strong>ut</strong></span> <span class='ocrx_word' id='word_1_867' title='bbox 930 5220 1042 5294; x_wconf 82' lang='lat' dir='ltr'><strong>jam</strong></span> <span class='ocrx_word' id='word_1_868' title='bbox 1081 5241 1185 5278; x_wconf 89' lang='lat' dir='ltr'><strong>non</strong></span> <span class='ocrx_word' id='word_1_869' title='bbox 1218 5224 1375 5278; x_wconf 89' lang='lat' dir='ltr'><strong>labiis</strong></span> <span class='ocrx_word' id='word_1_870' title='bbox 1403 5222 1686 5292; x_wconf 88' lang='lat' dir='ltr'><strong>appropiet</strong></span> <span class='ocrx_word' id='word_1_871' title='bbox 1713 5223 1760 5276; x_wconf 90' lang='lat' dir='ltr'><strong>ei</strong></span> <span class='ocrx_word' id='word_1_872' title='bbox 1783 5240 1818 5294; x_wconf 81' lang='lat'>;_</span> <span class='ocrx_word' id='word_1_873' title='bbox 1834 5232 1887 5277; x_wconf 88' lang='lat' dir='ltr'><strong>et</strong></span> <span class='ocrx_word' id='word_1_874' title='bbox 1920 5225 2000 5279; x_wconf 91' lang='lat' dir='ltr'><strong>sic</strong></span> <span class='ocrx_word' id='word_1_875' title='bbox 2032 5228 2170 5281; x_wconf 83' lang='lat' dir='ltr'><strong>ﬁunt</strong></span> <span class='ocrx_word' id='word_1_876' title='bbox 2218 5228 2328 5280; x_wconf 87' lang='lat' dir='ltr'><strong>duo</strong></span> <span class='ocrx_word' id='word_1_877' title='bbox 2374 5225 2687 5293; x_wconf 72' lang='lat' dir='ltr'><strong>congregati</strong></span> <span class='ocrx_word' id='word_1_878' title='bbox 2730 5224 2783 5277; x_wconf 91' lang='lat' dir='ltr'><strong>in</strong></span> <span class='ocrx_word' id='word_1_879' title='bbox 2824 5224 3046 5278; x_wconf 89' lang='lat' dir='ltr'><strong>nomine</strong></span> <span class='ocrx_word' id='word_1_880' title='bbox 3073 5222 3225 5277; x_wconf 86' lang='lat' dir='ltr'><strong>Jesu.</strong></span> <span class='ocrx_word' id='word_1_881' title='bbox 3274 5220 3464 5294; x_wconf 71' lang='lat' dir='ltr'><strong>Adhuc</strong></span> <span class='ocrx_word' id='word_1_882' title='bbox 3511 5233 3692 5277; x_wconf 84' lang='lat' dir='ltr'><strong>autem</strong></span> 
     </span>
    </p>
   </div>
   <div class='ocr_carea' id='block_1_101' title="bbox 430 5291 3695 5366">
    <p class='ocr_par' dir='ltr' id='par_1_101' title="bbox 430 5291 3695 5366">
     <span class='ocr_line' id='line_1_101' title="bbox 430 5291 3695 5366; baseline -0.001 -20"><span class='ocrx_word' id='word_1_883' title='bbox 430 5294 642 5366; x_wconf 85' lang='lat' dir='ltr'><strong>beatius</strong></span> <span class='ocrx_word' id='word_1_884' title='bbox 667 5305 770 5360; x_wconf 88' lang='lat' dir='ltr'><strong>est,</strong></span> <span class='ocrx_word' id='word_1_885' title='bbox 803 5296 849 5349; x_wconf 88' lang='lat' dir='ltr'><strong>si</strong></span> <span class='ocrx_word' id='word_1_886' title='bbox 884 5291 994 5366; x_wconf 71' lang='lat' dir='ltr'><strong>tres</strong></span> <span class='ocrx_word' id='word_1_887' title='bbox 1040 5295 1492 5366; x_wconf 6' lang='lat' dir='ltr'><strong>convenerintqin</strong></span> <span class='ocrx_word' id='word_1_888' title='bbox 1528 5291 1941 5366; x_wconf 69' lang='lat' dir='ltr'><strong>nomineJesu,</strong></span> <span class='ocrx_word' id='word_1_889' title='bbox 1991 5306 2051 5349; x_wconf 89' lang='lat' dir='ltr'><strong>ut</strong></span> <span class='ocrx_word' id='word_1_890' title='bbox 2099 5296 2389 5366; x_wconf 89' lang='lat' dir='ltr'><strong>impleatur</strong></span> <span class='ocrx_word' id='word_1_891' title='bbox 2433 5291 2790 5366; x_wconf 83' lang='lat' dir='ltr'><strong>apostolicum</strong></span> <span class='ocrx_word' id='word_1_892' title='bbox 2842 5294 2970 5347; x_wconf 90' lang='lat' dir='ltr'><strong>illud</strong></span> <span class='ocrx_word' id='word_1_893' title='bbox 3023 5305 3246 5366; x_wconf 77' lang='lat' dir='ltr'><strong>votum:</strong></span> <span class='ocrx_word' id='word_1_894' title='bbox 3285 5311 3303 5343; x_wconf 77' lang='grc' dir='ltr'><strong>ι</strong></span> <span class='ocrx_word' id='word_1_895' title='bbox 3343 5292 3484 5366; x_wconf 83' lang='lat' dir='ltr'><strong>Deus</strong></span> <span class='ocrx_word' id='word_1_896' title='bbox 3513 5301 3695 5366; x_wconf 81' lang='lat' dir='ltr'><strong>autem</strong></span> 
     </span>
    </p>
   </div>
   <div class='ocr_carea' id='block_1_102' title="bbox 430 5362 3696 5433">
    <p class='ocr_par' dir='ltr' id='par_1_102' title="bbox 430 5362 3696 5433">
     <span class='ocr_line' id='line_1_102' title="bbox 430 5362 3696 5433; baseline -0.002 -16"><span class='ocrx_word' id='word_1_897' title='bbox 430 5364 735 5433; x_wconf 69' lang='lat' dir='ltr'><strong>sanctjticet</strong></span> <span class='ocrx_word' id='word_1_898' title='bbox 762 5379 859 5419; x_wconf 86' lang='lat' dir='ltr'><strong>vos</strong></span> <span class='ocrx_word' id='word_1_899' title='bbox 886 5365 951 5419; x_wconf 86' lang='lat' dir='ltr'><strong>ad</strong></span> <span class='ocrx_word' id='word_1_900' title='bbox 978 5362 1297 5433; x_wconf 78' lang='lat' dir='ltr'><strong>perfectum,</strong></span> <span class='ocrx_word' id='word_1_901' title='bbox 1329 5370 1383 5433; x_wconf 85' lang='lat' dir='ltr'><strong>et</strong></span> <span class='ocrx_word' id='word_1_902' title='bbox 1410 5364 1614 5433; x_wconf 74' lang='lat' dir='ltr'><strong>integer</strong></span> <span class='ocrx_word' id='word_1_903' title='bbox 1648 5363 1874 5431; x_wconf 90' lang='lat' dir='ltr'><strong>spiritus</strong></span> <span class='ocrx_word' id='word_1_904' title='bbox 1907 5376 2085 5421; x_wconf 84' lang='lat' dir='ltr'><strong>vester</strong></span> <span class='ocrx_word' id='word_1_905' title='bbox 2114 5362 2372 5420; x_wconf 59' lang='lat' dir='ltr'><strong>et&#39;anima</strong></span> <span class='ocrx_word' id='word_1_906' title='bbox 2401 5373 2454 5418; x_wconf 89' lang='lat' dir='ltr'><strong>et</strong></span> <span class='ocrx_word' id='word_1_907' title='bbox 2476 5362 2693 5433; x_wconf 87' lang='lat' dir='ltr'><strong>corpus</strong></span> <span class='ocrx_word' id='word_1_908' title='bbox 2713 5362 2832 5415; x_wconf 91' lang='lat' dir='ltr'><strong>sine</strong></span> <span class='ocrx_word' id='word_1_909' title='bbox 2863 5365 3078 5417; x_wconf 89' lang='lat' dir='ltr'><strong>macula</strong></span> <span class='ocrx_word' id='word_1_910' title='bbox 3111 5373 3356 5418; x_wconf 86' lang='lat' dir='ltr'><strong>servetur</strong></span> <span class='ocrx_word' id='word_1_911' title='bbox 3390 5363 3444 5414; x_wconf 93' lang='lat' dir='ltr'><strong>in</strong></span> <span class='ocrx_word' id='word_1_912' title='bbox 3487 5363 3696 5415; x_wconf 69' lang='lat' dir='ltr'><strong>adven~</strong></span> 
     </span>
    </p>
   </div>
   <div class='ocr_carea' id='block_1_103' title="bbox 432 5431 2983 5490">
    <p class='ocr_par' dir='ltr' id='par_1_103' title="bbox 432 5431 2983 5490">
     <span class='ocr_line' id='line_1_103' title="bbox 432 5431 2983 5490; baseline -0 -3"><span class='ocrx_word' id='word_1_913' title='bbox 432 5440 547 5487; x_wconf 86' lang='lat' dir='ltr'><strong>tum</strong></span> <span class='ocrx_word' id='word_1_914' title='bbox 580 5431 795 5486; x_wconf 89' lang='lat' dir='ltr'><strong>Domini</strong></span> <span class='ocrx_word' id='word_1_915' title='bbox 829 5431 998 5489; x_wconf 81' lang='lat' dir='ltr'><strong>nostri</strong></span> <span class='ocrx_word' id='word_1_916' title='bbox 1029 5434 1157 5489; x_wconf 82' lang='lat' dir='ltr'><strong>Jesu</strong></span> <span class='ocrx_word' id='word_1_917' title='bbox 1184 5432 1410 5489; x_wconf 74' lang='lat' dir='ltr'><strong>tlhristi.</strong></span> <span class='ocrx_word' id='word_1_918' title='bbox 1447 5451 1466 5483; x_wconf 68' lang='grc' dir='ltr'><strong>ι</strong></span> <span class='ocrx_word' id='word_1_919' title='bbox 1499 5431 1683 5487; x_wconf 80' lang='lat' dir='ltr'><strong>Potest</strong></span> <span class='ocrx_word' id='word_1_920' title='bbox 1707 5443 1886 5486; x_wconf 88' lang='lat' dir='ltr'><strong>autem</strong></span> <span class='ocrx_word' id='word_1_921' title='bbox 1919 5433 2038 5488; x_wconf 85' lang='lat' dir='ltr'><strong>ﬁeri</strong></span> <span class='ocrx_word' id='word_1_922' title='bbox 2075 5444 2130 5490; x_wconf 89' lang='lat' dir='ltr'><strong>ut</strong></span> <span class='ocrx_word' id='word_1_923' title='bbox 2163 5438 2272 5489; x_wconf 92' lang='lat' dir='ltr'><strong>duo</strong></span> <span class='ocrx_word' id='word_1_924' title='bbox 2299 5432 2629 5490; x_wconf 81' lang='lat' dir='ltr'><strong>conveniant</strong></span> <span class='ocrx_word' id='word_1_925' title='bbox 2655 5432 2772 5484; x_wconf 90' lang='lat' dir='ltr'><strong>sine</strong></span> <span class='ocrx_word' id='word_1_926' title='bbox 2798 5437 2983 5486; x_wconf 84' lang='lat' dir='ltr'><strong>tertio.</strong></span> 
     </span>
    </p>
   </div>
   <div class='ocr_carea' id='block_1_104' title="bbox 504 5499 3694 5572">
    <p class='ocr_par' dir='ltr' id='par_1_104' title="bbox 504 5499 3694 5572">
     <span class='ocr_line' id='line_1_104' title="bbox 504 5499 3694 5572; baseline -0.002 -17"><span class='ocrx_word' id='word_1_927' title='bbox 504 5499 559 5555; x_wconf 74' lang='grc' dir='ltr'>ι.</span> <span class='ocrx_word' id='word_1_928' title='bbox 590 5500 904 5558; x_wconf 81' lang='lat' dir='ltr'><strong>Jucundum</strong></span> <span class='ocrx_word' id='word_1_929' title='bbox 931 5514 1015 5560; x_wconf 87' lang='lat' dir='ltr'><strong>est</strong></span> <span class='ocrx_word' id='word_1_930' title='bbox 1038 5514 1216 5560; x_wconf 89' lang='lat' dir='ltr'><strong>autem</strong></span> <span class='ocrx_word' id='word_1_931' title='bbox 1252 5505 1418 5559; x_wconf 88' lang='lat' dir='ltr'><strong>istum</strong></span> <span class='ocrx_word' id='word_1_932' title='bbox 1447 5517 1775 5558; x_wconf 85' lang='lat' dir='ltr'><strong>consensum</strong></span> <span class='ocrx_word' id='word_1_933' title='bbox 1808 5503 2108 5572; x_wconf 74' lang='lat' dir='ltr'><strong>intelligere</strong></span> <span class='ocrx_word' id='word_1_934' title='bbox 2138 5507 2301 5561; x_wconf 85' lang='lat' dir='ltr'><strong>etiam</strong></span> <span class='ocrx_word' id='word_1_935' title='bbox 2333 5505 2479 5557; x_wconf 87' lang='lat' dir='ltr'><strong>circa</strong></span> <span class='ocrx_word' id='word_1_936' title='bbox 2505 5503 2883 5555; x_wconf 86' lang='lat' dir='ltr'><strong>convenientia</strong></span> <span class='ocrx_word' id='word_1_937' title='bbox 2926 5506 3159 5555; x_wconf 87' lang='lat' dir='ltr'><strong>duorum</strong></span> <span class='ocrx_word' id='word_1_938' title='bbox 3220 5507 3694 5563; x_wconf 86' lang='lat' dir='ltr'><strong>testamentorum,</strong></span> 
     </span>
    </p>
   </div>
   <div class='ocr_carea' id='block_1_105' title="bbox 499 5593 2008 5668">
    <p class='ocr_par' dir='ltr' id='par_1_105' title="bbox 499 5597 1971 5668">
     <span class='ocr_line' id='line_1_105' title="bbox 499 5597 1971 5668; baseline 0.001 -14"><span class='ocrx_word' id='word_1_939' title='bbox 499 5599 543 5632; x_wconf 80' lang='grc'><strong>⁸⁷</strong></span> <span class='ocrx_word' id='word_1_940' title='bbox 570 5598 733 5657; x_wconf 79' lang='lat' dir='ltr'><strong>Rom.</strong></span> <span class='ocrx_word' id='word_1_941' title='bbox 754 5616 829 5668; x_wconf 81' lang='lat' dir='ltr'><strong>v1,</strong></span> <span class='ocrx_word' id='word_1_942' title='bbox 859 5601 946 5656; x_wconf 72' lang='lat'><strong>12.</strong></span> <span class='ocrx_word' id='word_1_943' title='bbox 1019 5601 1066 5634; x_wconf 82' lang='grc'><strong>⁸⁸</strong></span> <span class='ocrx_word' id='word_1_944' title='bbox 1092 5600 1212 5658; x_wconf 88' lang='lat' dir='ltr'><strong>Gal.</strong></span> <span class='ocrx_word' id='word_1_945' title='bbox 1243 5617 1297 5667; x_wconf 91' lang='lat' dir='ltr'><strong>v,</strong></span> <span class='ocrx_word' id='word_1_946' title='bbox 1321 5601 1410 5655; x_wconf 80' lang='lat' dir='ltr'><strong>l7.</strong></span> <span class='ocrx_word' id='word_1_947' title='bbox 1487 5599 1532 5631; x_wconf 81' lang='grc'><strong>⁸⁸</strong></span> <span class='ocrx_word' id='word_1_948' title='bbox 1557 5597 1716 5652; x_wconf 82' lang='lat' dir='ltr'><strong>Rom.</strong></span> <span class='ocrx_word' id='word_1_949' title='bbox 1740 5614 1853 5664; x_wconf 88' lang='lat' dir='ltr'><strong>vm,</strong></span> <span class='ocrx_word' id='word_1_950' title='bbox 1882 5599 1971 5655; x_wconf 75' lang='grc'><strong>11.</strong></span> 
     </span>
    </p>
   </div>
   <div class='ocr_carea' id='block_1_106' title="bbox 2107 5593 3118 5668">
    <p class='ocr_par' dir='ltr' id='par_1_106' title="bbox 2117 5593 3118 5665">
     <span class='ocr_line' id='line_1_106' title="bbox 2117 5593 3118 5665; baseline -0.004 -11"><span class='ocrx_word' id='word_1_951' title='bbox 2117 5600 2272 5656; x_wconf 83' lang='lat' dir='ltr'><strong>Rom.</strong></span> <span class='ocrx_word' id='word_1_952' title='bbox 2306 5615 2364 5665; x_wconf 69' lang='grc' dir='ltr'>ι,</span> <span class='ocrx_word' id='word_1_953' title='bbox 2400 5596 2483 5651; x_wconf 88' lang='lat' dir='ltr'><strong>l0.</strong></span> <span class='ocrx_word' id='word_1_954' title='bbox 2600 5596 2643 5627; x_wconf 76' lang='lat'><strong>&quot;</strong></span> <span class='ocrx_word' id='word_1_955' title='bbox 2672 5594 2691 5648; x_wconf 96' lang='lat' dir='ltr'><strong>l</strong></span> <span class='ocrx_word' id='word_1_956' title='bbox 2716 5593 2910 5651; x_wconf 86' lang='lat' dir='ltr'><strong>Thess.</strong></span> <span class='ocrx_word' id='word_1_957' title='bbox 2938 5613 2990 5656; x_wconf 74' lang='grc' dir='ltr'>ν.</span> <span class='ocrx_word' id='word_1_958' title='bbox 3026 5595 3118 5650; x_wconf 68' lang='grc'><strong>25.</strong></span> 
     </span>
    </p>
   </div>
   <div class='ocr_carea' id='block_1_107' title="bbox 502 5684 2008 5765">
    <p class='ocr_par' dir='ltr' id='par_1_107' title="bbox 502 5690 2002 5765">
     <span class='ocr_line' id='line_1_107' title="bbox 502 5690 2002 5765; baseline 0.001 -17"><span class='ocrx_word' id='word_1_959' title='bbox 502 5691 615 5765; x_wconf 82' lang='lat'><strong>(95)</strong></span> <span class='ocrx_word' id='word_1_960' title='bbox 658 5694 800 5749; x_wconf 82' lang='grc' dir='ltr'>Οἶδα</span> <span class='ocrx_word' id='word_1_961' title='bbox 820 5694 889 5765; x_wconf 74' lang='grc' dir='ltr'>δὲ</span> <span class='ocrx_word' id='word_1_962' title='bbox 914 5695 1009 5749; x_wconf 76' lang='grc' dir='ltr'>καὶ</span> <span class='ocrx_word' id='word_1_963' title='bbox 1034 5696 1234 5764; x_wconf 68' lang='grc' dir='ltr'><em>ἄλλην</em></span> <span class='ocrx_word' id='word_1_964' title='bbox 1253 5694 1558 5765; x_wconf 76' lang='grc' dir='ltr'>διήγησιν,</span> <span class='ocrx_word' id='word_1_965' title='bbox 1583 5701 1689 5748; x_wconf 87' lang='lat' dir='ltr'><strong>etc.</strong></span> <span class='ocrx_word' id='word_1_966' title='bbox 1717 5690 1849 5748; x_wconf 86' lang='lat' dir='ltr'><strong>Vide</strong></span> <span class='ocrx_word' id='word_1_967' title='bbox 1874 5691 2002 5749; x_wconf 85' lang='lat' dir='ltr'><strong>Hie-</strong></span> 
     </span>
    </p>
   </div>
   <div class='ocr_carea' id='block_1_108' title="bbox 2107 5684 3695 5765">
    <p class='ocr_par' dir='ltr' id='par_1_108' title="bbox 2196 5684 3695 5765">
     <span class='ocr_line' id='line_1_108' title="bbox 2196 5684 3695 5765; baseline -0.004 -16"><span class='ocrx_word' id='word_1_968' title='bbox 2196 5694 2307 5765; x_wconf 85' lang='lat'><strong>(96)</strong></span> <span class='ocrx_word' id='word_1_969' title='bbox 2347 5691 2561 5758; x_wconf 73' lang='grc' dir='ltr'>Χαρίεν</span> <span class='ocrx_word' id='word_1_970' title='bbox 2584 5689 2652 5744; x_wconf 79' lang='grc' dir='ltr'>δὲ</span> <span class='ocrx_word' id='word_1_971' title='bbox 2679 5690 2779 5744; x_wconf 78' lang='grc' dir='ltr'>καὶ</span> <span class='ocrx_word' id='word_1_972' title='bbox 2808 5689 2874 5744; x_wconf 83' lang='grc' dir='ltr'>τὸ</span> <span class='ocrx_word' id='word_1_973' title='bbox 2903 5689 3012 5759; x_wconf 83' lang='grc' dir='ltr'>τῆς</span> <span class='ocrx_word' id='word_1_974' title='bbox 3032 5688 3404 5759; x_wconf 75' lang='grc' dir='ltr'>συμφωνίας,</span> <span class='ocrx_word' id='word_1_975' title='bbox 3427 5698 3532 5743; x_wconf 89' lang='lat' dir='ltr'><strong>etc.</strong></span> <span class='ocrx_word' id='word_1_976' title='bbox 3560 5684 3695 5743; x_wconf 79' lang='lat' dir='ltr'><strong>Vide</strong></span> 
     </span>
    </p>
   </div>
   <div class='ocr_carea' id='block_1_109' title="bbox 429 5764 2611 5837">
    <p class='ocr_par' dir='ltr' id='par_1_109' title="bbox 429 5764 2611 5837">
     <span class='ocr_line' id='line_1_109' title="bbox 429 5764 2611 5837; baseline -0.001 -19"><span class='ocrx_word' id='word_1_977' title='bbox 429 5764 720 5835; x_wconf 85' lang='lat' dir='ltr'><strong>ronymum</strong></span> <span class='ocrx_word' id='word_1_978' title='bbox 750 5775 800 5821; x_wconf 89' lang='lat' dir='ltr'><strong>et</strong></span> <span class='ocrx_word' id='word_1_979' title='bbox 835 5764 1320 5837; x_wconf 85' lang='lat' dir='ltr'><strong>Theophylactum.</strong></span> <span class='ocrx_word' id='word_1_980' title='bbox 1366 5764 1371 5765; x_wconf 54' lang='grc'><strong>“</strong></span> <span class='ocrx_word' id='word_1_981' title='bbox 1876 5821 1909 5837; x_wconf 36' lang='lat'><strong>_.</strong></span> <span class='ocrx_word' id='word_1_982' title='bbox 2120 5764 2611 5834; x_wconf 78' lang='lat' dir='ltr'><strong>TheOphylactum.</strong></span> 
     </span>
    </p>
   </div>
  </div>
