4146 6440
438 369 586 427 ἨὯΒ

442 583 814 656 quorumlibet
840 582 935 654 qui
962 595 1073 637 non
1101 582 1157 636 in
1205 581 1310 637 hoc
1356 581 1537 637 solum
1583 582 1805 650 saeculo,
1851 584 1945 639 sed
1976 591 2032 640 et

443 678 501 733 in
530 675 716 732 futuro
740 676 913 730 sancti
941 673 1286 745 appellantur
1334 683 1392 729 et
1446 674 1616 729 hocce
1665 689 1834 746 regno
1879 675 2029 745 digni

442 778 592 826 sunt.
624 764 805 839 Ipsum
832 765 1063 837 proinde
1089 765 1354 821 caelorum
1390 780 1642 838 regnum,
1678 766 1903 837 quando
1928 766 2051 820 fut
2074 780 2094 792 "

446 861 550 916 «in
615 859 975 917 similitudine
1034 859 1218 914 carnis
1271 859 1503 930 peccati,
1556 867 1618 914 ut
1681 859 1749 914 de
1803 869 2030 930 peccato

438 954 727 1010 damnaret
751 960 1037 1023 peccatum
1064 951 1108 1020 δ,
1143 970 1163 1005 ι
1195 951 1414 1023 quando
1446 952 1686 1023 seipsnm
1732 969 1752 1004 ι
1783 953 1876 1022 qui
1918 967 2026 1007 non

441 1056 669 1103 noverat
698 1053 1008 1117 peccatum,
1040 1059 1141 1116 pro
1165 1044 1324 1100 nobis
1350 1054 1634 1114 peccatum
1658 1042 1786 1099 fecit
1805 1044 1849 1112 ',
1883 1060 1902 1096 ι
1928 1058 2029 1116 pro

436 1142 598 1198 nobis
627 1154 830 1212 corpus
863 1138 1072 1212 peccati
1109 1138 1449 1210 gerentibus,
1493 1156 1514 1190 ι
1543 1137 1908 1194 assitnilatum
1944 1146 2028 1193 est

434 1233 647 1291 homini
698 1233 837 1305 regi,
868 1251 888 1286 ι
931 1240 1094 1303 prout
1127 1231 1176 1287 is
1201 1246 1329 1286 cum
1358 1229 1573 1286 ratione
1600 1229 1666 1285 ad
1700 1228 1887 1286 Jesum
1936 1230 2024 1285 in-

427 1329 718 1402 telligitur,
753 1328 809 1383 in
842 1340 1014 1382 unum
1043 1340 1169 1383 cum
1199 1325 1292 1381 illo
1324 1321 1701 1395 coniunctum,
1732 1323 1844 1391 cui,
1878 1323 1925 1379 si
1948 1323 2022 1379 ita

425 1423 582 1496 loqui
617 1422 700 1479 fas
726 1426 834 1489 est,
867 1421 1045 1494 major
1078 1418 1220 1475 inest
1246 1416 1500 1482 facultas,
1535 1424 1598 1472 ut
1641 1416 1699 1472 in
1747 1431 1919 1471 unum
1971 1424 2025 1474 et

428 1514 576 1573 idem
599 1515 986 1587 coniungatur,
1017 1531 1036 1566 ι
1057 1510 1427 1584 primogenita
1447 1508 1627 1565 omnis
1644 1516 1913 1566 creatura:
1930 1509 1973 1575 ⁸,
1996 1528 2015 1562 ι

433 1625 600 1681 quam
632 1624 651 1662 ι
681 1607 774 1680 qui
801 1607 1084 1663 adhaerens
1110 1602 1243 1671 Deo,
1267 1616 1412 1658 unus
1435 1601 1661 1671 spiritus
1684 1608 1770 1658 est
1792 1602 1813 1635 τ
1846 1620 1866 1655 ι
1894 1617 2020 1657 cum

433 1702 545 1758 illo.
606 1699 984 1758 Assimilatum
1043 1702 1226 1752 autem
1291 1694 1397 1751 hoc
1457 1694 1723 1751 ccelorum
1789 1709 2019 1766 regnum

428 1793 641 1849 homini
669 1791 782 1863 regi
804 1791 963 1863 juxta
1012 1790 1280 1845 rationem
1332 1788 1401 1843 ad
1457 1787 1804 1845 Servatur-em
1853 1788 2018 1845 intel-

1888 370 2233 431 'OBIGENIS

443 501 663 545 omnem
694 496 1021 560 potestatem
1052 488 1166 546 sive
1199 487 1522 559 angelicam,
1548 486 1667 545 sive
1690 488 2018 559 reliquorum

2138 490 2387 563 μέλλοντι
2424 493 2605 564 άγίων
2640 495 2733 550 καὶ
2779 490 2947 564 ἀξίων
2982 500 3081 573 τῆς
3126 504 3385 579 τοιαύτης
3427 507 3727 581 βασιλείας.
3836 524 3845 531 ’

3591 393 3733 457 ιεοο

2134 582 2285 655 Αὕτη
2332 585 2515 641 τοίνυν
2546 588 2581 659 ἡ
2628 587 2879 659 βασιλεία
2922 593 3035 648 τῶν
3064 597 3336 668 οὐρανῶν,
3392 602 3557 672 ἡνίκα
3609 624 3629 659 ι
3671 608 3732 661 ἑν

2132 674 2440 771 ὁμοιώματι
2471 680 2676 752 σαρκὸς
2701 683 2980 757 ἁμαρτίας
3005 690 3241 757 ἐγένετο,
3266 692 3357 745 ἵνα
3381 696 3513 767 περὶ
3546 698 3728 771 ἀμαρ-

2129 769 2251 834 τίας
2284 771 2589 846 κατακρίνῃ
2623 775 2724 846 τὴν
2749 777 3046 851 ἁμαρτίαν,
3080 782 3246 853 ἡνίκα
3281 785 3360 857 μὴ
3399 787 3599 855 γνόντα
3631 769 3728 845 αὖα

2129 860 2223 915 τὸν
2259 863 2557 937 ἁμαρτίαν,
2601 867 2858 940 ἐποίησεν
2884 871 3026 945 ὑπὲρ
3056 874 3213 945 ἡμῶν
3248 877 3532 951 ἁμαρτίαν
3575 901 3593 934 ι
3615 883 3725 939 τῶν

2128 952 2230 1050 τῆς
2289 955 2571 1050 ἀμαρτίας
2629 958 2791 1030 ἡμῶν
2850 963 3164 1036 φορούντων
3199 968 3380 1040 σῶμα,
3413 973 3715 1050 «ὡμοιώθη

2129 1045 2405 1120 ἀνθρώπῳ
2434 1048 2649 1120 βασιλεῖ
2681 1071 2701 1103 ι
2735 1052 2817 1124 τῷ
2849 1054 2992 1109 κατά
3024 1056 3117 1111 τὸν
3161 1061 3368 1131 Ἰησοῦν
3414 1045 3717 1139 νοουμένῳ,

2128 1140 2390 1196 ἐνωθείσα
2423 1143 2573 1216 αὐτῷ
2618 1144 2824 1211 πλεῖον,
2864 1149 2914 1201 εί
2946 1148 3030 1203 δεῖ
3057 1148 3204 1205 οὕτω
3248 1152 3596 1227 τολμήσαντα
3637 1161 3717 1213 εί-

2127 1235 2270 1299 πεῐν,
2303 1234 2482 1306 ἔχοντι
2514 1236 2652 1308 πρὸς
2678 1238 2742 1291 τὸ
2765 1238 3030 1311 ἡνῶσθαι,
3063 1243 3161 1296 καὶ
3183 1244 3360 1315 πάντη
3380 1247 3437 1299 ἓν
3461 1249 3717 1317 γενέσθαι

2132 1340 2151 1374 ι
2170 1323 2249 1395 τῷ
2268 1327 2602 1399 πρωτοτόκῳ
2623 1329 2803 1401 πάσης
2820 1330 3071 1397 κτίσεως,
3104 1354 3121 1384 ι
3143 1333 3176 1405 ἢ
3201 1352 3219 1385 ι
3241 1335 3270 1387 ό
3286 1335 3456 1389 κολλὼ
3465 1354 3623 1408 μενος
3635 1339 3717 1411 τῷ

2125 1415 2319 1488 Κυρίῳ
2353 1417 2411 1471 ἓν
2446 1419 2665 1491 πνεῦμα
2702 1440 2719 1474 ι
2772 1422 2910 1494 πρὸς
2939 1424 3105 1479 αὑτὸν
3146 1425 3377 1495 γίνεται.
3411 1430 3560 1502 Ai'm;
3593 1431 3650 1486 δὲ
3676 1435 3713 1505 ἡ

2123 1508 2455 1581 ὁμοιωθεῖσα
2489 1507 2746 1584 βασιλεία
2768 1513 2876 1569 τῶν
2902 1516 3149 1589 οὐρανῶν
3186 1518 3266 1591 τῷ
3296 1522 3438 1576 κατά
3469 1522 3564 1576 τὸν
3604 1524 3717 1576 Σω-

2122 1604 2265 1677 τῆρα
2293 1606 2566 1679 νοουμένῳ
2596 1606 2870 1680 ἀνθρώπῳ
2893 1608 3122 1680 βασιλεῖ,
3153 1613 3247 1666 καὶ
3274 1614 3535 1668 ὲνωοεῖσα
3563 1615 3716 1690 αὐτῷ

2124 1692 2512 1767 προληπτικῶς
2556 1695 2794 1767 λέγεται,
2851 1698 2934 1752 ὅτι
2978 1698 3218 1771 ’ἠθέλησε
3266 1704 3498 1775 συνᾶραι
3553 1704 3714 1775 λόγον

2126 1785 2266 1856 μετά
2299 1785 2408 1838 τῶν
2448 1785 2649 1841 δούλων
2690 1785 2879 1840 αὐτοῦ·
2930 1785 3112 1858 μέλλει
3139 1788 3199 1842 δὲ
3246 1791 3525 1863 συναίρειν
3554 1792 3712 1862 λόγον

432 1889 590 1952 lecto,
624 1894 677 1941 et
703 1860 759 1941 in
796 1860 967 1939 unum
1000 1892 1127 1938 cum
1159 1880 1252 1937 illo
1284 1877 1607 1948 conﬂatum,
1629 1880 1870 1937 rationes
1889 1896 2016 1936 cum

2125 1878 2243 1947 μετ’
2276 1875 2476 1942 αὐτῶν,
2517 1877 2606 1932 ἵνα
2636 1881 2775 1951 φανῇ
2809 1880 2958 1944 ὅπως
2996 1881 3225 1944 ἕκαστος
3275 1885 3389 1946 τοῖς
3420 1886 3517 1939 τοῦ
3563 1888 3707 1939 οἱκο-

421 1978 604 2035 servis
648 1976 768 2034 suis
818 1973 1072 2032 conferre
1123 1972 1367 2029 voluisse
1422 1987 1521 2044 per
1571 1972 2018 2045 anticipationem

420 2072 630 2127 dicitur
660 2089 673 2125 :
705 2069 949 2124 rationes
991 2067 1139 2123 enim
1170 2065 1239 2122 ab
1267 2067 1373 2122 illis
1400 2065 1534 2121 olim
1560 2067 1891 2137 repetiturus
1913 2075 2016 2135 est,

426 2173 490 2217 ut
528 2160 877 2232 perspicuum
916 2157 1012 2213 fiat
1040 2157 1316 2228 quomodo
1339 2156 1583 2227 probatis
1604 2155 2019 2227 patrisfamilias

423 2250 703 2323 argenteis
757 2258 811 2304 et
866 2244 1286 2303 rationabilibus
1339 2246 1583 2302 nummis
1636 2247 2019 2318 unusquisque

418 2359 567 2400 usus
596 2343 686 2399 sit.
715 2340 777 2397 Et
810 2338 1119 2409 exemplum
1147 2338 1367 2410 quidem
1400 2338 1454 2393 in
1478 2338 1739 2410 parabola
1764 2341 1835 2395 ab
1870 2339 2018 2397 beris

422 2437 674 2493 rationes
707 2450 833 2491 cum
871 2434 1045 2490 servis
1073 2432 1190 2489 suis
1223 2429 1636 2488 conferentibus
1669 2442 2015 2503 assumptum

419 2535 531 2585 est.
565 2525 893 2584 Accuratius
927 2531 1109 2579 autem
1139 2523 1416 2594 parabolze
1448 2522 1538 2577 hic
1564 2523 1863 2593 propositae
1889 2538 2018 2579 sen-

418 2637 549 2678 sum
594 2609 982 2690 assequemur,
1011 2614 1058 2671 si
1093 2622 1329 2671 mentem
1361 2614 1429 2669 ad
1464 2629 1528 2669 ea
1578 2615 2016 2672 converterimus

425 2726 550 2785 qua:
591 2729 620 2766 ιι
663 2711 838 2768 servis
900 2717 1160 2780 aguntur,
1199 2721 1229 2763 a
1279 2707 1481 2778 quibus
1543 2704 1732 2761 herilis
1781 2706 2013 2777 pecunia

426 2807 741 2878 dispensata
768 2814 871 2870 est,
904 2811 958 2860 et
988 2818 1020 2859 a
1065 2800 1267 2874 quibus
1317 2801 1493 2872 ipsius
1543 2799 1684 2856 ratio
1735 2798 2012 2872 exigitur;

425 2896 809 2967 unusquisque
840 2894 986 2951 enim
1011 2893 1230 2949 illorum
1258 2891 1467 2947 variam
1499 2891 1567 2947 de
1596 2891 1845 2962 pecuniis
1871 2890 2014 2946 heri-

419 2992 573 3047 ‘slibus
606 3004 882 3047 summam
919 2985 1164 3057 capiens,
1195 3000 1316 3041 eam
1347 2982 1630 3055 impendit,
1667 2983 1750 3038 vel
1781 2983 2011 3050 utiliter,

426 3085 504 3142 ita
526 3093 588 3140 ut
613 3090 969 3154 augmentum
1018 3080 1236 3152 capiant
1266 3078 1478 3134 nummi
1514 3077 1736 3141 heriles,
1770 3078 1852 3133 vel
1892 3091 2012 3132 eam

2120 1970 2382 2024 δεσπότου
2410 1970 2658 2044 δοκίμοις
2688 1971 2975 2044 ἀργυρίοις
3017 1975 3111 2028 καὶ
3143 1974 3444 2046 νομίσμασι
3473 1975 3708 2045 λογικοῖς

2121 2063 2412 2134 ἐχρήσατο.
2444 2064 2556 2117 Καὶ
2586 2062 2791 2136 ἐλήφθη
2825 2080 2890 2132 γε
2924 2065 2984 2118 ἐν
3013 2067 3081 2137 τῇ
3115 2067 3400 2138 παραϐολῇ
3438 2066 3500 2121 τὸ
3531 2069 3707 2140 παράο

2119 2153 2318 2225 δειγμα
2351 2153 2458 2208 ἀπὸ
2489 2154 2600 2208 τῶν
2650 2154 3018 2226 συναιρόντων
3056 2155 3333 2210 δεσποτῶν
3363 2156 3528 2227 λόγον
3571 2157 3713 2230 μετὰ

2119 2244 2228 2298 τῶν
2260 2246 2404 2300 ίδίων
2436 2246 2658 2303 δούλων.
2703 2244 3117 2321 Ἀκριϐέστερον
3142 2248 3204 2302 δὲ
3222 2251 3496 2321 νοὴσομεν
3520 2251 3582 2304 τὸ
3608 2251 3710 2322 τῆς

2120 2338 2438 2412 παραϐολῆς
2470 2341 2529 2394 ὲν
2556 2338 2769 2404 τούτοις
2799 2341 3129 2412 δηλούμενον
3171 2328 3484 2415 ἐρείσαντες
3524 2343 3707 2396 αὐτῶν

2118 2427 2219 2499 τὴν
2252 2426 2493 2482 διάνοιαν
2519 2431 2632 2491 τοῖς
2657 2418 2962 2500 γινομένοις
2994 2428 3149 2502 παρά
3175 2433 3287 2493 τοῖς
3317 2432 3707 2501 οἰκονομήσασι

2116 2515 2415 2570 δεσποτικὰ
2447 2517 2707 2589 χρήματα
2735 2516 3001 2581 οἰκέταις,
3032 2517 3127 2571 καὶ
3159 2517 3317 2587 λόγον
3364 2518 3493 2589 περὶ
3524 2517 3707 2571 αὐτῶν

2116 2607 2562 2678 ἀπαιτουμένοις·
2589 2606 2824 2671 ἕκαστος
2851 2607 2963 2679 γὰρ
2987 2607 3235 2673 ἐκείνων,
3252 2608 3360 2661 ἀπὸ
3379 2607 3488 2663 τῶν
3514 2608 3707 2661 δεσπο-

2115 2702 2288 2758 τικῶν
2318 2700 2589 2773 διαφόρως
2633 2696 2924 2773 λαμϐάνων
2963 2702 3284 2773 χρημάτων,
3315 2700 3581 2773 κέχρηται
3608 2700 3706 2752 αὒ-

2115 2796 2231 2859 τοῖς
2269 2794 2389 2867 ἦτοι
2414 2794 2495 2858 είς
2520 2792 2659 2860 δέον,
2697 2791 2840 2847 ὥστε
2870 2792 3122 2858 αὐξάνειν
3152 2791 3222 2847 τὰ
3249 2792 3543 2847 δεσποτικὰ
3570 2794 3705 2865 χρή-

2120 2904 2287 2959 ματα,
2317 2887 2351 2959 ἢ
2385 2885 2614 2950 ἀσώτως
2644 2885 2951 2941 ἀναλίσκων
2981 2889 3059 2950 εἰς
3078 2885 3115 2940 ἀ
3139 2887 3213 2959 μὴ
3243 2886 3342 2953 δεῖ,
3370 2887 3464 2940 καὶ
3495 2885 3702 2956 ἐκχέων

2116 2979 2359 3052 ἀκρίτως
2383 2978 2554 3050 χωρὶς
2585 2976 2871 3041 εὐλαϐείας
2894 2977 2962 3031 τὰ
2988 2979 3459 3049 ἐγκεχειρισμένα.
3497 2975 3619 3029 Εἰσὶ
3642 2975 3701 3029 δὲ

2115 3071 2166 3125 οἳ
2207 3069 2335 3124 τάδε
2372 3070 2470 3140 μὲν
2510 3068 2608 3122 καὶ
2638 3067 2711 3122 τὰ
2734 3068 2926 3123 τοσάδε
2962 3068 3143 3133 καλῶς
3172 3070 3531 3140 ᾠκονόμησαν
3566 3071 3703 3139 χρή-

418 3176 482 3232 in
509 3192 598 3233 res
624 3174 851 3231 minime
880 3173 1218 3231 necessarias
1250 3168 1475 3242 profuse
1511 3167 1772 3235 absumit,
1805 3169 2014 3241 absque

2121 3181 2289 3237 ματα,
2330 3162 2496 3233 ἕτερα
2539 3161 2597 3215 δὲ
2637 3159 3040 3225 ἀπολωλέκασι,
3084 3161 3178 3215 καὶ
3220 3163 3381 3233 ἡνίκα
3423 3162 3488 3216 ἂν
3517 3162 3703 3217 δίδωσι

419 3270 641 3326 delectu
677 3279 732 3325 et
761 3267 1068 3325 inconsulte
1098 3265 1413 3338 prodigens,
1448 3279 1571 3335 qua:
1610 3262 1713 3319 sibi
1745 3264 2014 3334 permissa

2119 3256 2209 3310 τὸν
2236 3254 2396 3323 λόγον
2426 3252 2773 3324 συναίροντος
2813 3251 2978 3306 αὐτὸν
3017 3250 3111 3305 τοῦ
3145 3252 3406 3306 δεσπότου
3440 3252 3557 3324 μετ’
3600 3251 3702 3307 αὖ.

417 3374 580 3421 sunt.
615 3361 757 3419 Sunt
781 3377 909 3417 vero
931 3360 1024 3432 qui
1049 3360 1147 3415 has
1174 3367 1227 3414 et
1252 3367 1329 3413 tot
1351 3356 1615 3428 pecunias
1637 3366 1783 3412 recte
1800 3356 2018 3428 dispen-

427 3457 638 3525 sarint,
692 3454 828 3510 alias
876 3469 1006 3509 vero
1058 3451 1432 3523 dilapidarint,
1462 3459 1519 3506 et
1571 3465 1696 3508 cum
1745 3450 2014 3507 rationem

425 3564 551 3604 cum
583 3547 665 3604 eis
697 3545 910 3602 confert
943 3544 1129 3609 herus,
1167 3552 1430 3615 quantam
1464 3545 1847 3617 unusquisque
1870 3544 2015 3599 fece-

418 3643 498 3698 rit
540 3641 848 3713 iacturam,
894 3637 1191 3710 colligitur,
1237 3652 1451 3694 necnon
1503 3647 1771 3709 quantum
1824 3650 2015 3708 perce-

417 3734 565 3807 sperit
617 3730 1086 3796 emolumentum,
1141 3725 1311 3801 624
1356 3735 1745 3799 computatur,
1798 3738 1853 3783 et
1911 3741 2012 3798 pro

414 3822 1161 3885 rationeadministrationis
1192 3822 1385 3892 ipsius,
1408 3821 1493 3875 vel
1517 3822 1726 3876 honore
1752 3819 2007 3887 afﬁcitur,

415 3920 510 3978 vel
533 3918 819 3984 muitatur,
840 3915 923 3970 vel
946 3915 1091 3971 illius
1107 3914 1298 3969 ditioni
1323 3912 1571 3984 quaedam
1597 3911 2009 3984 permittuntur,

424 4011 675 4083 quaedam
707 4007 1089 4065 detrahuntur.
1124 4006 1237 4077 Age
1274 4021 1405 4077 ergo
1452 4021 1518 4060 ex
1575 4004 1642 4059 iis
1694 4021 1819 4077 qua:
1864 4004 2010 4062 dicta

425 4115 554 4160 sunt
586 4103 883 4159 rationales
916 4103 1036 4159 illos
1068 4100 1315 4171 primunt
1362 4114 1619 4154 nummos
1657 4105 1712 4154 et
1748 4099 2011 4170 probatos

417 4194 838 4267 patrisfamilias
864 4201 1157 4267 argenteos
1186 4190 1591 4255 examinemus,
1619 4205 1761 4261 quos
1803 4190 2012 4262 majore

409 4287 582 4355 alter,
609 4287 744 4342 alter
770 4300 902 4341 vero
926 4284 1140 4340 minore
1179 4297 1410 4339 nume.o
1459 4283 1702 4353 accipit;
1741 4298 1867 4339 nam
1909 4297 2009 4354 pro

414 4377 862 4449 uniuscuiusque
884 4383 1176 4448 potestate,
1222 4375 1350 4432 huic
1378 4375 1623 4448 quinque
1655 4376 1858 4432 talenta
1909 4375 2009 4431 tri-

416 4474 687 4535 buuntur,
722 4479 910 4542 utpote
941 4469 1034 4541 qni
1066 4470 1403 4526 tantumdem
1429 4469 1750 4541 dispensare
1796 4478 2004 4542 queat;

2114 3349 2244 3417 τῶν,
2287 3350 2579 3419 συνάγεται
2616 3350 2714 3421 μὲν
2744 3348 2910 3404 πόσον
2943 3348 3227 3421 ἐζημιώθη
3273 3348 3524 3411 ἕκαστος,
3577 3349 3702 3419 ἀριο

2118 3438 2339 3510 θμεῖται
2381 3440 2439 3493 δὲ
2473 3440 2568 3493 καὶ
2601 3441 2768 3493 πόσον
2801 3438 2996 3511 κέρδος
3039 3440 3378 3511 προσήγαγε,
3438 3440 3533 3492 καὶ
3577 3438 3701 3492 κατ’

2114 3531 2273 3600 ἀξίαν
2304 3532 2400 3588 τοῦ
2432 3531 2547 3598 πῶς
2581 3532 2901 3605 ᾡκονόμησε
2940 3533 3056 3604 ἦτοι
3099 3535 3348 3603 τιμᾶται,
3383 3535 3416 3604 ἦ
3452 3533 3692 3607 ἐκπράσ-

2116 3641 2289 3692 σεται,
2321 3625 2354 3697 ἢ
2385 3625 2480 3679 ἐπὶ
2507 3624 2666 3678 τινῶν
2695 3624 2795 3696 μὲν
2815 3625 3198 3695 συγχωρεϊται,
3230 3624 3324 3676 ἐπὶ
3343 3624 3508 3676 τινῶν
3537 3624 3699 3693 ἀφαί-

2118 3733 2288 3791 ρεται.
2311 3716 2452 3790 Φέρε
2472 3716 2651 3771 τοίνυν
2670 3716 2778 3770 ἀπὸ
2798 3715 2907 3769 τῶν
2928 3715 3233 3788 εἰρημένων
3263 3713 3477 3789 πρῶτον

2112 3808 2182 3863 τά
2211 3808 2410 3878 λογικά
2450 3809 2763 3881 νομίσματα
2793 3808 2889 3862 καὶ
2921 3808 3120 3881 δόκιμα
3152 3807 3249 3863 τοῦ
3294 3809 3556 3862 δεσπότου
3600 3809 3696 3880 ἀρ-

2113 3904 2302 3975 γύρια,
2336 3901 2482 3975 ἅπερ
2512 3904 2542 3956 ὁ
2586 3901 2686 3974 μέν
2714 3918 2798 3965 τις
2828 3902 3071 3966 πλείονα,
3120 3902 3305 3974 ἔτερος
3348 3900 3396 3953 δ’
3438 3901 3701 3955 ἐλάττονα

2112 3994 2399 4068 λαμϐάπυ
2436 3994 2575 4049 κατά
2603 3994 2711 4067 γὰρ
2734 3994 2834 4062 τὴν
2861 3995 3096 4049 ἑκάστου
3124 3994 3374 4064 δύναμιν,
3409 3986 3455 4062 ᾧ
3488 3993 3589 4064 μὲν
3619 3992 3700 4045 δία-

2110 4086 2291 4142 δονται
2325 4086 2487 4141 πέντε
2512 4086 2773 4151 τάλαντα,
2805 4089 2880 4152 ὼς
2908 4087 3193 4158 δυναμένῳ
3229 4086 3449 4139 διοικεῖν
3482 4085 3552 4139 τὰ
3576 4101 3686 4140 τοοκ

2111 4179 2287 4235 αὖτα’
2330 4179 2479 4252 ἄλλῳ
2522 4181 2579 4235 δὲ
2622 4181 2736 4244 δύο,
2783 4180 2862 4244 ὡς
2908 4180 2984 4252 μὴ
3038 4180 3305 4252 χωροῦντι
3348 4177 3418 4232 τὰ
3460 4178 3556 4232 τοῦ
3591 4181 3701 4254 πρὸ

2111 4272 2298 4329 αὐτοῦ’
2335 4272 2480 4345 ἄλλῳ
2511 4272 2568 4327 δὲ
2607 4272 2687 4338 ἓν,
2714 4272 2791 4337 ὡς
2830 4274 2925 4327 καὶ
2951 4271 3046 4325 τοῦ
3076 4271 3267 4344 ἑτέρου
3301 4272 3696 4346 ὑποδεεστέρων

2110 4365 2341 4437 πότερον
2372 4358 2534 4420 αὗται
2585 4365 2743 4435 μόναι
2773 4366 2829 4419 αί
2872 4363 3129 4436 διαφοραί
3161 4364 3322 4429 είσιν,
3350 4364 3384 4435 ἥ
3409 4356 3572 4419 αὗται
3600 4365 3701 4436 μὲν

2113 4457 2245 4531 περί
2282 4474 2445 4512 τινων
2491 4459 2550 4512 ἐν
2594 4460 2706 4522 τοῖς
2734 4455 2861 4529 ἑξῆς
2902 4457 2996 4511 τοῦ
3035 4456 3370 4527 Εὐαγγελεου
3426 4456 3698 4526 λέγονται,

418 4565 584 4622 alteri
622 4564 752 4628 duo,
782 4572 968 4634 utpote
996 4563 1089 4633 qui
1110 4563 1343 4619 totidem
1374 4576 1546 4633 capax
1582 4577 1693 4618 non
1740 4563 1841 4630 sit,
1874 4572 2012 4634 quot

2119 4547 2226 4601 είσὶ
2252 4546 2313 4600 δὲ
2348 4547 2443 4601 καὶ
2481 4546 2641 4600 ἄλλαι
2684 4546 2837 4620 παρά
2865 4546 3091 4613 ταύτας,
3128 4549 3221 4602 καὶ
3254 4549 3339 4600 ἐπ’
3373 4546 3562 4611 ἄλλαις
3591 4564 3700 4601 πα-

420 4658 516 4730 qui
570 4671 696 4713 cum
751 4657 1069 4727 praecessit;
1118 4655 1209 4712 alii
1259 4669 1390 4712 vero
1436 4670 1630 4722 unum,
1677 4663 1865 4726 utpote
1909 4654 2005 4727 qui

2120 4637 2375 4712 ραὸολαϊς
2403 4638 2747 4712 εὑρίσκονταί
2791 4657 2956 4704 τινες,
2989 4642 3056 4712 τῇ
3094 4639 3193 4712 μὲν
3225 4638 3498 4708 ὀφειλέται
3526 4637 3639 4705 δύο,
3668 4642 3700 4694 ὁ

414 4750 594 4807 altero
625 4750 790 4813 etiam
824 4747 1050 4805 inferior
1076 4749 1190 4807 sit8
1219 4766 1233 4804 :
1268 4763 1338 4803 an
1376 4763 1507 4804 vero
1558 4747 1689 4805 solae
1739 4750 1823 4805 Ine
1876 4758 2005 4807 sunt

2119 4732 2217 4804 μὲν
2250 4731 2645 4795 πεντακοσίων,
2686 4733 2716 4785 ὁ
2755 4730 2812 4786 δὲ
2853 4734 3195 4805 πεντήκοντα
3236 4731 3530 4805 δηναρίων,
3579 4731 3700 4804 ἢτοι

411 4840 738 4898 differentia:
763 4858 778 4908 ;
810 4854 879 4894 an
909 4838 1015 4894 illm
1038 4837 1261 4911 quidem
1287 4839 1430 4893 inter
1455 4837 1674 4910 aliquos
1705 4838 1759 4893 in
1789 4839 2003 4910 reliquo

2119 4822 2287 4879 ταῦτα
2311 4823 2693 4889 πιστευθέντες
2713 4825 2807 4880 καὶ
2820 4825 3007 4891 κακῶς
3030 4825 3505 4896 οἰκονομήσαντες,
3543 4823 3698 4877 ἐλάτ-

415 4933 834 5009 Evangeliorum
877 4939 1135 4988 contextu
1175 4929 1514 4986 intercedere
1566 4929 1873 5000 dicuntur;
1907 4931 2001 4987 sed

2119 4942 2239 4991 τους
2264 4929 2330 4998 τῇ
2368 4926 2597 4999 δυνάμει
2642 4927 2739 4983 τοῦ
2772 4928 2835 4982 τὺ
2873 4928 3135 4984 τάλαντον
3177 4927 3630 4999 πεπιστευμένου,
3662 4927 3697 5000 ἦ

416 5038 615 5101 praeter
643 5043 739 5083 eas
764 5026 891 5082 aliae
921 5033 1081 5090 sunt,
1121 5033 1185 5079 et
1236 5026 1288 5117 in
1338 5023 1466 5079 aliis
1520 5024 1797 5095 parabolis
1849 5040 2004 5096 repe-

2119 5033 2195 5087 ὅτι
2240 5031 2341 5105 μὲν
2386 5031 2672 5104 εἰλήφασιν
2718 5025 2884 5098 οὗτοι,
2930 5030 2992 5084 οὐ
3048 5028 3470 5102 μεμαθήκαμεν,
3510 5033 3593 5089 ὅτι
3640 5031 3702 5089 δὲ

1631 5188 1864 5249 VETUS
1898 5186 2490 5249 INTERPRETATIO.

415 5339 599 5397 cmnia
621 5338 828 5395 faciens
854 5351 982 5413 eum
1010 5335 1122 5413 sibi
1148 5351 1343 5413 unum,
1373 5346 1428 5392 et
1453 5339 1788 5413 secundum
1813 5341 1919 5413 hoc
1951 5341 2273 5413 mysterium
2313 5340 2554 5413 suscepti
2591 5339 2832 5413 nominis
2864 5337 3044 5395 factus
3086 5340 3177 5413 est
3222 5334 3383 5394 Jesus
3416 5335 3697 5413 Christus,

415 5413 677 5490 quoniam
714 5426 733 5462 ι
768 5408 868 5490 qni
900 5407 1187 5490 coniungit
1218 5424 1277 5463 se
1312 5408 1545 5490 Domino
1569 5411 1683 5490 ,A'llt
1710 5411 1938 5490 spiritus
1962 5407 2106 5467 unus
2129 5427 2256 5490 cum
2288 5426 2394 5490 eo,
2417 5430 2436 5461 ι
2471 5407 2586 5466 Hoc
2606 5410 2791 5490 itaque
2812 5424 3038 5477 regnum
3069 5409 3333 5490 caelorum
3361 5408 3509 5490 quod
3545 5408 3699 5490 ‘a'ssi-

417 5476 667 5543 milatum
698 5476 1023 5552 est'homipi
1052 5476 1187 5552 regi,
1212 5494 1307 5547 per
1332 5476 1781 5548 anticipationem
1815 5482 2038 5546 dicitur,
2068 5482 2197 5552 quia
2234 5480 2405 5552 voluit
2452 5495 2656 5550 ponere
2684 5476 2952 5552 rationem
2984 5494 3109 5552 cum
3157 5479 3331 5552 servis
3358 5476 3512 5552 suist
3545 5476 3699 5552 Non-

415 5553 544 5632 dum
565 5552 713 5632 enim
734 5547 1372 5632 ponit.“_Positurus.cst
1403 5547 1609 5632 autum,
1647 5559 1704 5632 ut
1738 5560 1992 5632 appareat
2026 5547 2300 5632 quompdo
2325 5547 2704 5632 unusquisque
2737 5549 2946 5632 domini
2990 5550 3075 5604 sui
3109 5550 3355 5632 etnregis
3397 5548 3698 5620 probabili-

417 5623 518 5677 Lus
533 5630 589 5678 et
618 5618 1051 5691 intelligibilibus
1086 5619 1333 5691 pecuniis
1359 5635 1495 5676 usus
1525 5629 1627 5691 est.
1655 5618 2059 5690 Quas'quidam'
2084 5622 2305 5691 quidem
2337 5618 2594 5690 amplius,
2620 5618 2762 5675 alius
2796 5628 2978 5674 autem
3008 5621 3210 5691 accipit
3248 5618 3462 5691 minus,
3494 5632 3697 5675 secun-

417 5691 547 5746 dum
577 5693 724 5749 enim
761 5688 1017 5747 virtutem
1044 5690 1483 5761 uniuscujusque
1528 5689 1622 5745 alii
1651 5688 1873 5762 Quidem
1902 5688 2378 5764 dantur'quinque
2401 5688 2601 5746 talenta
2635 5691 2793 5761 quasi
2830 5698 3041 5746 tantum
3097 5688 3383 5749 sufﬁcienti
3434 5697 3692 5760 tractare,

489 5830 510 5860 ⁵
539 5829 699 5885 Rom.
728 5846 846 5895 vin,
882 5830 934 5886 5.
1013 5832 1034 5864 ⁸
1062 5830 1081 5885 ι
1108 5830 1235 5886 Cor.
1270 5847 1324 5900 ν,
1359 5830 1450 5885 21.
1529 5829 1550 5860 ⁸
1573 5827 1692 5884 Col.
1726 5822 1887 5897 ι,15.’
1961 5825 2018 5883 ⁷1

2119 5841 2183 5883 η’.
2216 5843 2290 5895 γι,
2325 5825 2410 5880 l7.
2489 5825 2510 5857 "
2540 5822 2728 5880 Matth.
2761 5839 2891 5894 xxv,
2926 5824 3013 5882 l5.
3718 5846 3739 5917 ἱ
