4146 6440
467 387 605 446 F205

1421 378 1773 435 COMMENT.
1812 379 1877 434 IN
1918 376 2332 434 MATTllIEUM
2365 375 2598 433 TOMUS
2637 374 2777 430 XIV.

3568 376 3706 435 £208

461 506 657 577 λακὴν,
690 504 796 567 ἓως
843 502 935 556 τὸν
983 499 1207 569 ἔσχατον
1248 496 1442 550 λεπτὸν
1473 492 1684 561 ἀποδῷο
1726 495 1864 550 ἐπὰν
1906 494 1965 549 δὲ

2136 496 2328 562 nistro,
2368 496 2541 552 donec
2581 493 2836 550 ultimum
2888 486 3177 549 minutum
3207 491 3503 549 reddiderit
3528 494 3614 549 ηε
3652 504 3705 547 at

463 598 589 662 δοὺς
613 596 875 669 ἐργασίαν
897 589 1237 663 ἀπηλλάχθαι
1263 587 1495 651 ἐκείνου,
1520 589 1614 641 καὶ
1651 588 1840 660 μηδενὶ
1870 587 2032 657 μηδὲν

465 689 713 760 ὀφείλων,
747 687 838 740 καὶ
876 684 977 755 ήδη
1020 682 1119 752 τὴν
1154 682 1291 751 μνᾶν
1330 679 1787 742 δεκαπλασιάσας,
1829 678 1863 748 ἢ
1903 693 2033 730 πεν-

465 779 858 840 ταπλασιάσας,
894 775 927 846 ἢ
953 774 1021 828 τὰ
1046 771 1206 824 πέντε
1236 770 1472 823 τάλαντα
1492 768 1868 832 διπλασιάσας,
1902 768 1936 838 ἦ
1965 768 2034 822 τὰ

466 870 558 925 δύο
606 869 842 937 τέσσαρα
892 866 1140 935 ποιήσας,
1181 861 1319 933 τύχῃ
1360 861 1460 932 τῆς
1504 860 1732 930 δεούσης
1775 859 2029 929 ἀμοιϐῆς,

466 958 840 1029 εἰσερχόμενος
868 956 946 1017 είς
970 955 1069 1025 τὴν
1101 952 1278 1023 χαρὰν
1309 950 1400 1004 τοῦ
1427 950 1633 1021 Κυρίου
1656 949 1841 1013 αὐτοῦ,
1871 949 1903 1021 ἢ
1940 951 2033 1003 ἐπὶ

466 1050 596 1101 πᾶσι
615 1049 727 1108 τοῖς
742 1046 1071 1116 ὑπάρχουσιν
1096 1042 1261 1096 αὐτοῦ
1288 1041 1704 1111 καθιστάμενος,
1737 1040 1771 1111 ἢ
1796 1041 2029 1094 ἀκοὺωψ

460 1150 488 1191 ἰ
515 1136 652 1190 Ἵσθι
673 1137 918 1204 ἐξουσίαν
946 1135 1085 1206 ἔχων
1116 1135 1297 1188 ἐπάνω
1311 1131 1442 1187 δέκα
1461 1133 1725 1196 πόλεωνρ
1761 1132 1795 1202 ἦ
1814 1147 1827 1161 ·
1858 1130 2030 1184 «Ἵσθι

462 1229 707 1295 ἐξουσίαν
735 1227 874 1298 ἔχων
902 1227 1086 1280 ἐπάνω
1115 1226 1276 1279 πέντε
1295 1223 1520 1277 πόλεων.
1547 1242 1566 1276 ι
1588 1222 1771 1276 Ταῦτα
1786 1222 1844 1276 δὲ
1874 1223 2031 1293 ἡμεῖς

463 1320 583 1390 μὲν,
618 1319 695 1383 ὡς
728 1319 920 1391 χρόνου
967 1316 1162 1371 πολλοῦ
1196 1316 1446 1387 δεόμενα,
1488 1316 1575 1369 ἵνα
1613 1314 1852 1387 συναρθῇ
1901 1316 2031 1386 ἡμῖν

461 1411 590 1481 περὶ
620 1410 729 1465 τῶν
760 1410 895 1464 ὅλων
924 1410 1131 1482 χρόνων
1160 1408 1261 1478 τῆς
1298 1406 1532 1461 ἐνταῦθα
1566 1405 1714 1477 ζωῆς
1743 1406 1919 1475 λόγος,
1945 1423 2032 1460 νο-

464 1501 692 1574 μίζομεν
728 1502 1000 1573 λέγεσθαι,
1041 1500 1168 1555 ὥστ’
1201 1499 1604 1564 ἂνίὺπολαϐεἴν,
1638 1498 1730 1552 τοῦ
1765 1497 2030 1570 βασιλέως

463 1593 806 1664 συναίροντος
829 1595 909 1648 ἑνὶ
940 1593 1157 1665 ἑκάστῳ
1185 1593 1453 1649 τοσούτων
1471 1593 1672 1648 δούλων
1702 1593 1877 1662 λόγον,
1901 1609 2027 1647 τοσ-

457 1685 614 1737 ούτου
639 1684 828 1756 χρόνου
870 1684 1073 1739 δεῖσθαι
1114 1686 1182 1739 τὰ
1212 1684 1512 1757 πράγματα
1543 1684 1647 1748 ἕως
1672 1684 1763 1737 ἐπὶ
1789 1684 1851 1737 τὸ
1877 1683 2029 1747 τέλος

458 1775 586 1848 ἔλθῃ
617 1776 686 1828 τὰ
714 1775 824 1829 ἀπὸ
854 1777 951 1849 τῆς
983 1776 1158 1847 ἀρχῆς
1188 1774 1282 1828 τοῦ
1304 1776 1526 1846 ,κόσμου
1563 1774 1669 1838 ἕως
1700 1775 1799 1846 τῆς
1833 1790 2025 1828 συντε-

334 1936 342 1942 ,
455 1867 607 1930 λείας
638 1866 732 1920 τοῦ
764 1866 979 1930 αἰῶνος,
1011 1867 1109 1937 οὐχ
1147 1866 1285 1930 ἑνὸς,
1314 1866 1450 1920 ἀλλὰ
1480 1866 1575 1919 καὶ
1609 1866 1869 1920 πλειόνων
1896 1866 2026 1921 αἰώ-

456 1973 584 2012 νων.
619 1958 692 2011 Τὸ
721 1958 779 2011 δὲ
806 1957 1001 2030 ἀληθὲς
1031 1959 1129 2029 οὐχ
1154 1957 1324 2022 οὕτως
1356 1956 1488 2028 ἔχει’
1528 1956 1738 2031 ἀθρόως
1767 1957 1877 2030 γὰρ
1902 1957 2026 2029 βου-

457 2046 641 2119 ληθεὶς
668 2050 696 2103 ὁ
724 2048 856 2113 Θεὸς
883 2048 1242 2120 άναρῤιπίσαι
1273 2050 1331 2102 ὲν
1354 2051 1477 2113 ταῖς
1512 2048 1731 2104 πάντων
1763 2051 2024 2121 μνήμαις,

456 2142 599 2211 ὑπὲρ
628 2140 723 2193 τοῦ
747 2140 977 2194 ἕκαστον
1013 2139 1119 2193 τῶν
1152 2139 1296 2193 ἰδίων
1330 2139 1748 2211 συναισθηθῆναι
1780 2142 2027 2210 κρεῖττον

455 2232 489 2302 ἢ
551 2233 732 2303 χεῖρον
776 2230 1198 2302 πεπραγμένων,
1246 2228 1426 2284 πάντα
1471 2230 1540 2284 τὰ
1595 2231 1724 2302 παρ’
1768 2231 1891 2285 ὅλον
1935 2230 2027 2286 τὸν

455 2322 646 2394 χρόνον
705 2323 1044 2393 γεγενημένα
1094 2321 1330 2393 ἑκάστῳ,
1402 2323 1623 2394 ποιήσαι
1677 2321 1744 2376 ἂν
1800 2322 2027 2396 δυνάμει

456 2414 668 2484 ἀφάτῳ·
694 2413 756 2467 οὐ
783 2412 913 2485 γὰρ,
942 2411 1133 2483 ὥσπερ
1157 2412 1338 2483 ἡμεῖς,
1376 2410 1688 2482 βουλόμενοι
1720 2411 2026 2483 ὑπόμνησιν

456 2523 617 2561 τινων
661 2506 904 2577 ποθῆσαι,
946 2504 1179 2576 δεόμεθα
1218 2503 1411 2574 χρόνου
1456 2501 1711 2577 διαρκοῦς
1741 2503 1878 2575 πρὸς
1928 2503 2028 2575 τὴν

454 2596 683 2662 διέξοδον
711 2596 820 2651 τῶν
857 2596 947 2666 ὑφ’
981 2595 1136 2668 ἡμῶν
1165 2593 1495 2666 λεγομένων,
1527 2594 1622 2648 καὶ
1652 2594 1923 2666 φερόντων
1948 2595 2029 2659 είς

455 2689 762 2761 ἀνάμνησιν
800 2681 875 2743 ὧν
918 2687 1221 2759 βουλόμεθα
1247 2687 1581 2758 ἀναμνῆσαι,
1612 2685 1787 2750 οὕτως
1817 2688 1845 2740 ὁ
1893 2685 2027 2750 Θεὸς

459 2780 738 2852 βουληθεὶς
762 2781 908 2851 ἡμᾶς
934 2778 1243 2851 ὑπομνῆσαι
1265 2778 1375 2832 τῶν
1400 2780 1459 2832 ὲν
1486 2777 1565 2848 τῷ
1597 2777 1697 2849 βίῳ
1721 2777 1892 2848 τούτῳ
1925 2795 2028 2832 πε-

455 2872 807 2944 πραγμένων,
855 2870 961 2934 ἵνα,
1018 2868 1466 2940 συναισθηθέντες
1511 2865 1586 2923 ὧν
1627 2870 2024 2941 πεποιήκαμεν,

456 2962 850 3035 καταλάϐωμεν
877 2962 946 3015 δι’
969 2960 1005 3016 ὃ.
1031 2960 1368 3032 κολαζόμεθα
1390 2961 1423 3031 ἢ
1456 2959 1765 3032 τιμώμεθα,
1804 2964 2026 3033 ποιήσαι

455 3055 542 3109 ἄν.
576 3054 640 3107 El
662 3053 721 3109 δὲ
752 3070 838 3117 τις
867 3052 945 3124 τῷ
976 3053 1130 3123 τάχει
1161 3053 1260 3123 τῆς
1297 3051 1390 3105 τοῦ
1418 3051 1554 3106 Θεοῦ
1583 3052 1710 3125 περὶ
1735 3052 1905 3106 ταῦτα
1933 3053 2026 3106 δυ-

456 3133 672 3216 νάμεως
705 3147 942 3208 ἀπιστεῖ,
963 3138 1117 3208 οὗτος
1139 3143 1348 3196 οὐδέπω
1366 3142 1587 3214 νενόηκε
1611 3144 1702 3197 τὸν
1728 3144 2028 3216 ποιήσαντα
2052 3171 2093 3229 C

454 3235 524 3290 τὰ
551 3236 649 3290 ὅλα
679 3235 833 3301 Θεὸν,
862 3236 921 3288 οὺ
951 3234 1209 3305 δεηθέντα
1238 3234 1445 3304 χρόνων
1472 3235 1552 3297 είς
1582 3234 1644 3288 τὸ
1672 3234 1897 3304 ποιῆσαι
1923 3250 2026 3306 τη-

453 3327 715 3399 λικαύτην
747 3324 976 3397 οὐρανοῦ
1001 3325 1096 3379 καὶ
1118 3324 1222 3395 γῆς
1254 3323 1346 3377 καὶ
1375 3323 1484 3379 τῶν
1508 3325 1566 3377 ἐν
1603 3325 1788 3390 αὐτοῖς
1821 3324 2021 3380 κτίσιν·

455 3418 557 3472 κᾶν
579 3422 689 3490 γὰρ
711 3417 839 3488 δοκῇ
870 3419 931 3471 ὲν
955 3415 1017 3481 ἐξ
1048 3416 1277 3488 ἡμέραις
1294 3414 1470 3470 ταῦτα
1502 3415 1877 3487 πεποιηκέναι,
1904 3432 2029 3470 συν-

454 3511 621 3574 laeto;
651 3509 809 3581 χρεία
856 3508 992 3580 πρὸς
1021 3507 1083 3561 τὸ
1119 3507 1307 3579 νοῆσαι
1354 3505 1472 3570 πῶς
1500 3506 1717 3575 λέγεται
1746 3506 1830 3573 τὸ,
1861 3506 1933 3561 ἐν
1956 3506 2028 3572 ἐξ

455 3605 721 3673 ἡμέραις,
749 3602 835 3657 διὰ
873 3602 1056 3656 τοῦτο·
1091 3621 1109 3654 ι
1137 3602 1284 3674 Δῦτη
1310 3603 1343 3673 ή
1366 3601 1544 3672 βίϐλος
1564 3602 1830 3670 γενέσεως
1860 3602 2024 3675 οὐρα-

453 3694 546 3750 νοῦ
575 3695 670 3749 καὶ
689 3695 813 3764 γῆς,
850 3712 868 3745 ι
901 3694 993 3747 καὶ
1021 3692 1090 3746 τὰ
1124 3692 1271 3764 ἑξῆς.
1290 3693 1595 3764 Τολμητέον
1624 3688 1740 3757 οῦν,
1801 3694 1895 3748 καὶ
1936 3693 2023 3747 λε-

456 3787 632 3851 κτέον,
667 3788 796 3840 ὅτιὸ
826 3785 927 3855 τῆς
958 3783 1414 3856 προσδοκωμένης
1458 3784 1692 3856 κρίσεως
1731 3784 1921 3855 καιρὸς
1958 3785 2021 3838 οὐ

451 3878 625 3933 δεῖται
654 3876 881 3948 χρόνων,
906 3875 1021 3930 ἀλλ’
1045 3875 1121 3940 ὡς
1156 3876 1191 3946 ἡ
1219 3874 1510 3939 ἀνάστασις
1541 3874 1758 3944 λέγεται
1778 3874 2023 3944 γίνεσθαι

459 3988 480 4021 ι
522 3972 579 4024 ὲν
602 3968 809 4038 ἀτόμῳ,
844 3968 901 4019 ὲν
933 3968 1064 4038 ῥιπῇ
1091 3965 1405 4039 ὀφθαλμῶν,
1441 3986 1460 4019 ι
1497 3966 1688 4032 οὕτως,
1722 3962 1896 4038 οἶμαι,
1932 3968 2026 4023 καὶ

454 4061 489 4132 ὴ
523 4061 723 4131 κρίσις.
1376 4085 1379 4088 -

2134 596 2420 657 postquam
2449 602 2669 659 operam
2697 586 2926 652 dederit,
2957 590 3035 640 ut
3054 584 3124 640 ab
3172 599 3249 640 eo
3289 585 3572 650 liberetur,
3604 599 3705 641 nec

2132 678 2430 747 quidquam
2482 679 2580 733 ulli
2628 678 2841 745 debeat,
2871 677 3097 748 jamque
3145 677 3348 731 minam
3396 677 3706 747 decuplica-

2133 769 2306 833 verit,
2359 770 2445 824 vel
2501 769 3026 840 quincupliearerit,
3081 768 3165 823 vel
3212 768 3455 839 quinque
3505 770 3702 825 talenta

2133 861 2512 931 duplicaverit,
2552 862 2634 917 vel
2664 878 2696 918 e
2724 863 2941 919 duobus
2967 873 3206 932 quatuor
3232 864 3499 930 effecerit,
3540 866 3703 919 meri-

2135 960 2243 1005 tam
2275 954 2579 1009 mercedem
2606 953 2854 1024 recipiat,
2893 955 3104 1010 intrans
3130 955 3183 1009 in
3215 956 3471 1025 gaudium
3494 956 3700 1017 doniiui

2133 1041 2216 1096 sui
2237 1043 2303 1103 ⁸ο.
2333 1043 2418 1096 vel
2443 1057 2610 1113 super
2636 1043 2894 1098 omnibus
2933 1044 3092 1100 bouis
3122 1046 3242 1115 ejus
3281 1048 3612 1104 constitutus
3631 1047 3700 1113 ",

2132 1135 2215 1189 vel
2244 1135 2375 1189 illud
2401 1135 2671 1191 audiens:
2708 1153 2728 1186 ι
2754 1132 2886 1191 Esto
2911 1144 3236 1205 potestatem
3290 1139 3495 1195 habens
3538 1154 3702 1210 super

2132 1226 2320 1281 decem
2367 1227 2652 1294 civitates;
2687 1246 2706 1280 ι
2736 1229 2862 1283 vel:
2898 1246 2916 1280 ι
2947 1227 3077 1283 Esto
3110 1237 3436 1299 potestatem
3494 1230 3701 1284 habens

2132 1331 2295 1383 super
2324 1318 2564 1388 quinque
2602 1319 2847 1375 civitates
2871 1321 2936 1374 ".
2971 1337 2990 1370 ι
3036 1317 3161 1374 Haec
3207 1328 3386 1374 autem
3435 1320 3507 1374 ita
3555 1320 3699 1374 dicta

2131 1406 2483 1475 arbitramur,
2509 1410 2666 1480 quasi
2718 1410 2949 1464 multum
3000 1410 3276 1480 postulent
3329 1410 3608 1480 temporis,
3641 1420 3703 1465 ut

2132 1500 2298 1555 totius
2320 1503 2446 1557 vitae
2473 1502 2565 1557 hic
2592 1510 2854 1558 anteacta:
2887 1504 3150 1573 temporis
3183 1504 3449 1560 rationem
3507 1503 3700 1559 redda-

2130 1606 2275 1658 mus,
2308 1593 2444 1650 adeo
2465 1603 2525 1649 ut
2552 1610 2678 1666 rege
2702 1595 2969 1650 rationem
3001 1595 3070 1649 ab
3102 1611 3434 1666 unoquoque
3467 1604 3548 1650 tot
3582 1609 3700 1650 ser-

2131 1700 2318 1741 vorum
2362 1695 2657 1756 repetente,
2703 1701 2792 1743 res
2835 1697 3044 1744 tantum
3086 1689 3397 1744 desiderare
3437 1687 3698 1758 temperis

2128 1777 2523 1841 existimemus,
2553 1777 2729 1834 donec
2754 1795 2877 1849 quae
2905 1795 2934 1834 a
2966 1779 3153 1834 mundi
3199 1786 3393 1834 exortu
3447 1779 3515 1834 ad
3558 1793 3697 1834 eon-

2129 1869 2548 1924 summationem
2589 1885 2693 1924 non
2749 1872 2913 1926 unius
2961 1869 3168 1935 steculi,
3197 1871 3289 1926 sed
3337 1870 3695 1938 plurimorum

2129 1969 2276 2032 gesta
2314 1968 2463 2027 sunt,
2504 1960 2570 2014 ad
2617 1960 2782 2016 finem
2830 1961 3218 2031 perducantur.
3260 1961 3329 2015 At
3383 1975 3472 2016 res
3522 1959 3593 2013 ita
3639 1974 3699 2014 se

2128 2065 2237 2106 non
2267 2051 2427 2106 habet
2463 2068 2479 2119 ;
2514 2050 2704 2106 volens
2754 2052 2901 2106 enim
2942 2049 3088 2107 Deus
3131 2063 3473 2121 quascunque
3527 2049 3699 2104 totius

2129 2141 2388 2211 temporis
2413 2141 2645 2197 decursu
2670 2151 2789 2197 acta
2824 2151 2973 2209 sunt,
3009 2141 3063 2196 in
3094 2140 3341 2197 omnium
3372 2141 3695 2197 memoriam

2127 2229 2415 2286 confestim
2442 2244 2720 2295 revocare,
2750 2242 2810 2285 ut
2837 2246 3019 2286 rerum
3055 2246 3085 2285 a
3130 2247 3191 2287 se
3239 2231 3376 2287 bene
3427 2231 3513 2287 vel
3554 2231 3698 2287 male

2127 2331 2400 2392 gestarum
2432 2322 2809 2392 unusquisque
2841 2323 3099 2380 conscius
3126 2324 3217 2392 sit,
3248 2324 3301 2379 id
3331 2325 3531 2380 virtute
3557 2323 3698 2379 inef-

2127 2413 2278 2469 fabili
2308 2413 2524 2471 clliciet.
2570 2412 2681 2469 Nec
2723 2413 2893 2479 enim,
2916 2415 3381 2485 quemadmodum
3419 2416 3467 2472 si
3509 2431 3695 2472 rerum

2126 2509 2432 2577 aliquarum
2460 2509 2781 2564 memoriam
2811 2507 2970 2564 nobis
2997 2506 3256 2564 refricare
3277 2508 3554 2574 volumus,
3579 2507 3697 2563 suf-

2126 2595 2314 2654 ficiens
2343 2599 2719 2656 desideramus
2744 2609 2976 2671 tempus,
3007 2613 3119 2670 quo
3150 2612 3273 2670 quae
3296 2613 3328 2653 a
3357 2598 3518 2654 nobis
3551 2595 3694 2653 dicta

2127 2698 2275 2755 sunt,
2304 2698 2359 2745 et
2386 2692 2452 2745 ad
2499 2706 2688 2747 eorum
2739 2691 3173 2749 recordationem
3223 2698 3457 2761 quorum
3502 2691 3696 2746 memi-

2127 2782 2276 2838 uisse
2319 2784 2570 2840 volumus
2616 2801 2716 2841 nos
2770 2787 3072 2852 deducunt,
3107 2798 3516 2855 percurramus,
3553 2782 3693 2837 idem

2127 2869 2256 2927 facit
2288 2870 2430 2929 Deus
2461 2890 2585 2931 cum
2614 2877 2772 2932 nobis
2798 2877 2852 2931 in
2890 2876 3206 2932 memoriam
3243 2874 3408 2948 627
3440 2888 3697 2929 revocare

2126 2964 2241 3019 vult
2287 2980 2409 3035 qua:
2454 2965 2510 3020 in
2556 2967 2659 3023 hac
2704 2968 2812 3023 vita
2848 2969 3141 3039 gessimus,
3173 2976 3235 3022 ut
3271 2981 3460 3022 eorum
3505 2962 3694 3036 (μιωό

2126 3052 2286 3108 nobis
2316 3064 2434 3109 acta
2464 3063 2605 3110 sunt
2620 3057 2848 3124 conscii,
2882 3071 2980 3112 cur
3002 3071 3186 3127 pmna,
3211 3056 3298 3111 vel
3327 3056 3533 3111 honore
3577 3053 3695 3109 am-

2128 3142 2305 3198 cimur
2334 3156 2674 3215 perspectum
2705 3147 3020 3204 habeamus.
3055 3147 3214 3214 Quod
3258 3146 3304 3202 si
3339 3147 3464 3218 quis
3498 3146 3698 3202 divinat

2128 3232 2346 3288 virtutis
2373 3233 2426 3287 in
2453 3234 2518 3289 iis
2542 3236 2765 3307 agendis
2809 3237 3068 3292 celeritati
3103 3237 3264 3293 tidem
3298 3252 3406 3292 non
3435 3235 3618 3300 habet,
3649 3236 3698 3291 is

2127 3321 2295 3378 Deum
2328 3340 2359 3379 a
2389 3341 2499 3395 quo
2534 3328 2719 3382 omnia
2761 3329 2976 3385 condita
3022 3338 3172 3394 sunt,
3219 3328 3460 3385 nondum
3507 3327 3699 3383 animo

2125 3419 2559 3488 comprehendit,
2593 3420 2683 3476 cui
2717 3430 2959 3490 tempore
2987 3436 3126 3492 opus
3155 3436 3263 3477 non
3305 3419 3432 3486 fuit,
3472 3428 3533 3475 ut
3573 3429 3723 3476 tan-'

2127 3517 2236 3564 tam
2262 3509 2388 3563 coeli
2416 3518 2469 3564 et
2502 3520 2662 3566 terra:
2694 3512 2892 3566 molem
2942 3510 3274 3579 fabricaret;
3310 3527 3436 3567 nam
3479 3511 3697 3568 etiamsi

2129 3601 2272 3658 intra
2304 3617 2396 3658 sex
2427 3602 2544 3658 dies
2579 3602 2692 3658 haec
2716 3618 2931 3659 creasse
2965 3603 3230 3666 videatur,
3261 3603 3534 3659 intellectu
3558 3617 3698 3672 opus

2127 3702 2233 3760 est,
2263 3705 2324 3749 ut
2351 3707 2547 3762 capere
2574 3693 2869 3763 possimus,
2902 3709 3142 3765 quonam
3186 3709 3350 3751 sensu
3394 3693 3446 3748 id
3490 3693 3697 3750 dictum

2126 3792 2230 3850 est,
2259 3784 2405 3838 intra
2439 3800 2533 3839 sea;
2561 3785 2673 3840 dies
2697 3802 2716 3849 ;
2751 3795 2969 3856 propter
2997 3786 3128 3842 illud
3155 3805 3168 3842 :
3202 3805 3221 3838 ι
3252 3785 3352 3841 llic
3373 3785 3511 3842 liber
3535 3796 3699 3857 getae;

2128 3875 2358 3932 rationis
2377 3876 2501 3931 coeli
2521 3885 2577 3931 et
2601 3886 2757 3933 terra:
2774 3878 2841 3943 ”,
2867 3896 2886 3930 ι
2916 3886 2969 3932 et
2988 3893 3110 3949 quae
3133 3885 3455 3948 sequuntur.
3478 3877 3648 3932 Aude;
3668 3903 3701 3921 ο

2130 3968 2260 4023 dum
2292 3977 2376 4024 est
2400 3968 2565 4040 igitur
2602 3977 2657 4025 et
2691 3970 2982 4025 dicendum
3033 3970 3206 4025 futuri
3244 3970 3439 4042 judicii
3481 3978 3697 4040 tempus

2132 4061 2366 4130 spatium
2420 4077 2528 4117 non
2577 4061 3035 4130 desideraturum,
3093 4062 3187 4119 sed
3236 4061 3690 4133 quemadmodum

455 4152 783 4209 resurrectio
838 4171 856 4203 ι
902 4152 954 4207 in
1004 4160 1205 4223 puncto
1259 4153 1556 4222 temporis,
1610 4152 1663 4207 in
1727 4153 2013 4209 oculorum
2051 4154 2348 4212 nictatione
2367 4155 2413 4188 “
2443 4176 2462 4210 ι
2503 4156 2682 4212 futura
2731 4157 2951 4222 dicitur,
2991 4159 3097 4214 tale
3140 4158 3382 4214 futurum
3428 4156 3696 4228 judicium

451 4248 726 4306 existimo.

524 4340 679 4397 Μετὰ
708 4338 878 4394 ταῦτα
908 4338 1123 4393 λεκτέον
1155 4340 1234 4403 είς
1277 4337 1358 4392 τό-
1396 4358 1413 4390 ι
1468 4338 1796 4411 Ἀρξαμένου
1837 4340 1896 4394 δὲ
1928 4341 2025 4395 αὖ-

2203 4336 2289 4393 10.
2327 4336 2529 4392 Deinde
2554 4350 2682 4390 vero
2714 4348 2875 4404 Super
2903 4334 2985 4389 his
3009 4335 3382 4390 disserendum
3411 4345 3492 4390 est
3529 4350 3542 4364 ·
3582 4352 3599 4386 ι
3631 4333 3706 4390 Et

1652 4475 1881 4533 VETUS
1918 4473 2493 4532 INTERPRETATIO.

457 4597 745 4660 rationem,
772 4608 844 4665 ne
877 4590 1011 4648 forte
1037 4606 1128 4665 res
1154 4593 1269 4663 ipsa
1296 4591 1665 4665 necessarium
1696 4594 1893 4649 habeat
1922 4593 2143 4665 longum
2176 4606 2411 4665 tempus,
2447 4592 2805 4665 quoadusque
2836 4592 2901 4646 ad
2927 4592 3089 4645 tinem

3196 4593 3443 4646 rveniant
3485 4593 3693 4662 omnia,

454 4684 574 4739 quae
600 4667 670 4720 ab
685 4664 855 4739 initio
868 4663 1069 4739 _mt_mdi
1100 4662 1273 4739 usque
1298 4663 1922 4739 ad_<_:o_nsumm_atiopem
1957 4662 2140 4739 saeculi
2175 4662 2496 4739 nou’unius,
2527 4663 2618 4716 sed
2655 4662 2951 4716 multorum
2981 4662 3307 4739 saeculorum
3368 4670 3497 4739 sunt
3540 4676 3692 4732 gesta

455 4731 525 4792 ab
553 4735 827 4791 omnibus.
866 4731 972 4788 Sed
998 4747 1104 4785 non
1134 4731 1219 4788 est
1251 4734 1343 4787 ita.
1377 4731 1574 4788 Volens
1602 4734 1749 4787 enim
1784 4732 1928 4788 Deus
1955 4733 2219 4788 ventilare
2244 4732 2491 4787 omnium
2526 4742 2755 4795 mentes,
2790 4741 2849 4785 ut
2890 4735 3269 4801 unusquisque
3317 4732 3518 4787 sentiat
3550 4731 3692 4800 pru-

457 4808 603 4877 prios
626 4806 985 4877 actusﬁhonos
1015 4803 1097 4856 vel
1125 4803 1316 4877 malos,
1348 4802 1460 4877 cito
1500 4804 1683 4877 omnia
1721 4803 1790 4877 ab
1838 4804 2094 4877 omnibus
2133 4803 2279 4877 omni
2326 4811 2569 4877 tempore
2599 4801 3025 4877 gesta_singulis_
3067 4803 3400 4877 quibusque
3429 4801 3592 4877 faciet
3637 4802 3690 4856 in

457 4869 636 4931 incute
669 4871 1017 4929 ineﬂ'abiliter
1043 4872 1276 4941 quadam
1310 4873 1527 4927 virtute.
1561 4869 1673 4926 Nec
1698 4871 1844 4926 enim
1875 4873 2017 4927 sicut
2051 4887 2150 4927 nos
2181 4873 2421 4926 volentes
2440 4869 2502 4925 in
2540 4869 2720 4925 mente
2752 4869 2931 4941 facere
2954 4871 3116 4924 alicui
3137 4887 3198 4926 ea
3230 4869 3353 4941 quae
3378 4870 3524 4941 fecit,
3549 4884 3691 4938 opus

456 4947 719 5000 habemus
747 4954 989 5011 tempore
1010 4939 1293 4997 sufficienti
1317 4942 1381 4995 ad
1401 4942 1925 4997 consummationem
1955 4957 2142 4996 eorum
2167 4957 2288 5009 qua:
2306 4942 2561 4995 dicuntur
2580 4956 2609 4994 a
2643 4941 2818 5002 nobis,
2839 4949 2894 4994 et
2916 4940 2968 4993 in
2996 4939 3313 4994 meritoriam
3340 4939 3687 5009 rediguntur:

456 5016 536 5070 sic
561 5023 616 5069 et
649 5013 790 5068 Deus
821 5027 961 5080 opus
993 5012 1156 5066 habet
1185 5021 1397 5078 tempus
1422 5012 1609 5066 volens
1635 5011 1792 5066 nobis
1822 5012 1875 5065 in
1904 5021 2083 5066 mente
2113 5012 2292 5065 facere
2316 5012 2503 5064 ontnia
2529 5025 2651 5079 quae
2671 5011 3017 5080 gessitnusjn
3044 5011 3176 5075 vita,
3208 5019 3269 5063 ut
3296 5025 3434 5077 cogn

3437 5016 3690 5064 nocentes

458 5086 708 5138 universa
733 5078 1136 5152 quaa'ferimus,
1172 5081 1537 5152 intelligamus
1566 5090 1787 5150 propter
1817 5096 1939 5148 quae
1973 5091 2068 5136 aut
2097 5081 2375 5152 punimur,
2407 5089 2500 5134 aut
2541 5078 2895 5152 honoramur.
2939 5078 3164 5152 _Si‘quis
3210 5090 3390 5152 autem
3421 5079 3689 5152 celeritati

455 5153 654 5208 divinae
687 5147 904 5206 virtutis
932 5151 1077 5205 circa
1110 5152 1225 5204 haec
1255 5147 1436 5204 omnia
1473 5147 1903 5204 consummantia
1942 5166 2048 5204 non
2089 5147 2281 5213 credit,
2313 5151 2402 5203 hic
2437 5151 2675 5202 nondum
2715 5149 2980 5202 intellexit
3012 5147 3177 5202 Deum
3207 5151 3303 5219 qui
3321 5150 3507 5203 omnia
3534 5147 3682 5209 fecit,

453 5232 509 5276 et
539 5238 645 5276 non
679 5222 906 5291 indiguit
941 5220 1118 5291 spatio
1148 5220 1406 5291 temporis
1435 5219 1668 5291 alicujus
1698 5221 1766 5291 ad
1792 5219 2097 5291 faciendam
2143 5221 2286 5280 caeli,
2328 5228 2587 5291 etiterrtr,
2617 5228 2669 5272 et
2695 5219 3107 5291 _omnium_qu:n
3145 5219 3310 5291 ineis
3342 5228 3489 5283 sunt,
3534 5231 3686 5291 creao

454 5300 655 5367 turam.
684 5286 822 5344 Nam
850 5291 955 5345 etsi
972 5286 1198 5367 'vid-etunr
1227 5286 1280 5342 in
1306 5304 1398 5343 sex
1428 5286 1621 5367 diebus
1646 5288 1840 5343 fecisse
1861 5290 2043 5343 omnia
2069 5289 2232 5367 Deus,
2252 5290 2497 5367 maxime
2522 5291 2648 5358 quia
2677 5288 2856 5367 dicit}.
2882 5305 2899 5336 ι
2933 5286 3033 5367 me
3059 5288 3298 5342 estliber
3320 5286 3684 5367 generationis

457 5360 578 5413 caeli
607 5370 661 5413 et
689 5369 867 5424 terra},
894 5375 1000 5428 qua
1029 5359 1116 5413 die
1150 5358 1291 5413 facta
1319 5366 1448 5412 sunt
1473 5360 1670 5413 caelum
1697 5366 1753 5412 et
1781 5369 1922 5412 terra
1954 5376 1968 5423 ;
1999 5377 2018 5409 ι
2052 5357 2364 5412 audendum
2399 5369 2482 5413 est
2514 5357 2773 5428 latuen‘ct
2805 5357 3133 5428 dicendum,
3172 5357 3429 5426 quoniam
3471 5365 3684 5428 tempus

460 5427 624 5498 futuri
654 5429 843 5496 judicii
880 5425 987 5482 non
1017 5444 1155 5497 opus
1188 5429 1407 5483 habebit
1440 5431 1619 5498 spatio
1652 5428 1932 5498 temporis,
1965 5430 2060 5484 sed
2091 5429 2235 5483 sicut
2285 5427 2610 5482 resurrectio
2672 5425 2874 5479 dicitur
2923 5425 3105 5480 futura
3144 5446 3162 5475 ι
3194 5425 3256 5479 m
3295 5435 3593 5490 momento,
3627 5427 3681 5478 iu

460 5496 765 5567 ictuioculi,
796 5517 829 5567 »ί
849 5498 930 5550 sie
959 5496 1088 5567 puto
1112 5507 1171 5552 et
1192 5498 1458 5566 judicium
1473 5496 1624 5550 fore.

528 5566 617 5622 l0.
659 5565 721 5619 Ρ(
742 5557 793 5622 st
821 5566 933 5620 ha-c
959 5557 1242 5622 Videamus
1269 5569 1398 5637 quid
1429 5577 1512 5621 est
1543 5566 1685 5636 quod
1710 5565 1788 5621 ait
1823 5584 1837 5621 :
1872 5585 1890 5618 ι
1930 5564 2224 5635 incipiente
2263 5581 2328 5619 eo
2375 5579 2578 5634 ponere
2631 5563 2895 5617 rationem
2923 5604 2937 5627 ,
2981 5562 3195 5617 oblatus
3242 5568 3326 5616 est
3372 5559 3420 5613 ei
3475 5557 3686 5615 debitor

525 5700 565 5731 "
590 5696 726 5753 an.
756 5712 852 5761 xu,
885 5696 973 5762 58,
999 5695 1087 5751 59.

468 5757 480 5764 ,
525 5700 565 5731 ¹⁹
590 5696 726 5753 Luc.
756 5712 852 5761 xu,
885 5696 973 5762 58,
999 5695 1087 5751 59.
1171 5697 1234 5761 ἑο
1263 5696 1451 5752 Matth.
1501 5711 1628 5762 xxv,
1662 5695 1751 5753 2t.

455 5773 501 5805 “
532 5769 553 5823 ι
576 5768 703 5824 Cur.
739 5767 830 5833 x‘v,
857 5764 949 5824 52.

1849 5696 1891 5730 "
1919 5694 2106 5753 Matth.
2157 5710 2303 5762 xxw,
2339 5694 2427 5750 47.

2522 5695 2565 5725 ’³
2593 5692 2726 5749 Luc.
2792 5709 2902 5756 xm,
2943 5693 3027 5757 l7,
3095 5688 3193 5749 l9."
3279 5691 3490 5749 "Gen.
3545 5699 3689 5763 11,4.
