4146 6456
501 371 639 429 θεοῦ
1442 362 1800 421 COMMENT.
1841 364 1906 419 IN
1950 362 2365 420 MA'lTHA-ZUM
2408 364 2647 421 τοιιυε
2689 360 2826 418 XIV.
3642 356 3789 413 me

495 492 711 556 λάντοις
725 489 926 564 χρυσοῦ
940 489 1196 553 τοσοῖσδε,
1215 486 1311 543 καὶ
1329 486 1570 559 ἀργύρου
1594 488 1853 551 τοσθῖσδδν
1873 488 1968 540 καὶ
1988 489 2085 558 τῆς

2193 489 2452 544 talentum
2507 487 2751 559 pendens
2776 527 2792 552 ,
2845 484 2926 540 vel
2976 482 3186 553 argenti
3213 521 3228 546 ,
3280 481 3363 536 rel
3405 479 3791 551 cujuscunque

496 584 690 654 λοιπῆς
712 581 1116 655 ὀνομαζομένης
1134 582 1252 635 ἐκεῖ
1278 580 1432 651 ὕλης,
1448 578 1509 644 ἐξ
1522 573 1592 650 ἦς
1612 580 2044 634 κατεσκεύασται
2060 580 2085 632 ό

2196 582 2412 635 tandem
2457 581 2701 635 materne
2731 588 2914 634 mente
2942 583 3219 646 conceptae
3246 574 3325 641 ³⁸;
3367 587 3600 644 quarunt
3635 570 3790 627 simi-

497 674 592 728 τοῦ
618 672 754 727 Θεοῦ
780 671 934 737 νεώς.

2188 671 2445 727 litudines
2492 673 2547 726 in
2590 670 2770 726 Verbis
2823 670 3031 724 dierum
3072 667 3399 737 conscriptae
3434 673 3606 731 sunt,
3654 678 3807 719 cum.

501 765 688 821 multis
732 762 951 820 talentis
998 760 1204 817 dilatus
1256 759 1453 816 luisset
1496 759 1668 815 David
1711 759 1755 792 “
1782 801 1798 827 ,
1846 775 2083 831 quorum
2136 763 2302 817 etiam
2349 777 2613 818 numerus
2657 777 2951 833 expressus
2996 769 3110 827 est,
3159 767 3237 814 tot
3300 758 3520 813 talentis
3576 756 3785 824 aureis,

502 869 577 916 tot
604 856 894 929 argenteis,
924 863 978 910 et
1002 853 1212 924 reliqua
1239 853 1470 909 materia
1491 866 1614 923 quae
1634 851 1710 907 ibi
1744 863 2083 920 recensetur,
2119 870 2151 910 e
2181 871 2288 927 qua
2325 856 2587 926 templum
2626 855 2718 909 Dei
2745 864 3121 911 constructum
3151 862 3254 910 est.

569 951 716 1021 Πλὴν
750 949 826 1022 μὴ
868 950 1008 1020 ἔχων
1038 947 1333 1003 ἀποδοῦναι
1368 946 1439 1001 τὰ
1463 946 1723 1010 τάλαντα,
1759 945 2085 1000 ἀπολωλέκει

2274 950 2362 1004 ll.
2405 947 2606 1004 Verum
2651 963 2777 1004 cum
2810 947 2859 1002 ei
2891 962 2999 1003 non
3030 948 3122 1011 sit,
3168 946 3313 1002 unde
3340 945 3543 1002 talenta
3583 943 3785 1000 rescri-

500 1041 609 1114 γάρ
634 1040 827 1106 ταῦτα,
872 1040 985 1112 ἔχει
1022 1042 1260 1111 γυναῖκα
1293 1040 1391 1093 καὶ
1433 1039 1623 1105 τέκνα,
1664 1039 1760 1093 καὶ
1791 1038 1927 1095 ἄλλα
1964 1038 2085 1112 περὶ

2198 1042 2312 1107 hat,
2355 1058 2417 1098 ea
2451 1042 2596 1097 enim
2647 1039 2941 1106 amiserat,
2977 1054 3206 1093 uxorem
3259 1046 3437 1104 certe,
3470 1038 3791 1105 liberosque

499 1127 575 1189 ὧν
599 1136 928 1205 γέγραπται*
971 1152 991 1185 ι
1030 1133 1216 1188 Πάντα
1243 1134 1343 1188 ὅσα
1369 1134 1504 1206 ἔχει·
1545 1153 1565 1185 ι
1613 1133 1708 1187 καὶ
1743 1128 1812 1205 ἦν
1844 1132 2085 1197 δυνατὸν,

2201 1133 2403 1197 habet,
2457 1134 2675 1204 aliaque
2706 1134 2772 1187 de
2820 1130 3020 1202 quibus
3064 1128 3326 1199 scriptum
3362 1136 3485 1183 cst:
3530 1147 3551 1180 ι
3587 1124 3785 1182 Omnia

499 1225 942 1297 πιπρασκόμενον
966 1223 1126 1279 αὐτὸν
1158 1227 1296 1296 μετά
1322 1225 1433 1280 τῶν
1463 1225 1630 1291 ίδίων,
1654 1224 1964 1298 εὐπορῆσαι
1996 1223 2085 1279 τοῦ

2197 1241 2321 1297 qua:
2350 1226 2511 1281 habet
2535 1226 2602 1291 ";
2643 1243 2662 1276 ι
2692 1239 2760 1279 ac
2781 1221 2895 1278 ﬁeri
2938 1227 3153 1292 poterat
3179 1228 3237 1274 ut
3263 1234 3328 1275 eo
3357 1235 3491 1274 cum
3524 1220 3639 1275 suis
3664 1234 3774 1273 om-

498 1314 850 1386 ὠνησαμένου
884 1315 1069 1380 αὐτὸν,
1101 1315 1197 1371 καὶ
1235 1314 1626 1389 πληρώσαντος
1664 1315 1754 1371 διὰ
1795 1315 1896 1387 τῆς
1926 1310 2085 1387 τιμῆς

2192 1313 2356 1369 nibus
2379 1313 2728 1378 venundato,
2773 1320 3075 1380 emptorem
3109 1310 3549 1377 nancisceretur,
3583 1310 3784 1380 quippe

498 1406 662 1460 αὑτοῦ
698 1407 794 1461 καὶ
823 1407 933 1462 τῶν
960 1407 1127 1462 αὐτοῦ
1158 1410 1271 1462 πᾶν
1303 1408 1367 1462 τὸ
1400 1407 1647 1480 ὄφλημαο
1675 1407 1772 1462 καὶ
1801 1403 1913 1462 οἷόν
1933 1425 1995 1461 τε
2024 1402 2085 1479 ἦν

2193 1412 2248 1460 ει
2268 1404 2376 1470 sui,
2424 1419 2719 1475 rerumque
2753 1402 2820 1459 ad
2865 1420 2925 1460 se
2970 1402 3361 1474 pertinentium
3398 1402 3574 1474 pretio
3612 1402 3780 1458 debiti

498 1498 661 1552 αὑτὸν
693 1499 890 1571 μηκέτι
918 1498 1020 1572 μὲν
1039 1496 1177 1554 εἶναι
1203 1499 1388 1554 δοῦλον
1400 1500 1496 1554 τοῦ
1530 1499 1813 1572 βασιλέως,
1844 1498 2085 1569 γενέσθαι

2196 1508 2469 1551 summam
2504 1496 2777 1567 expleret;
2824 1506 2880 1553 et
2922 1498 3041 1553 ﬁeri
3092 1505 3338 1569 poterat,
3373 1504 3434 1551 ut
3476 1511 3586 1551 non
3638 1494 3784 1566 regis

498 1590 556 1643 δὲ
585 1588 683 1643 τοῦ
716 1588 1094 1661 ὠνησαμένου·
1124 1590 1219 1645 καὶ
1241 1589 1615 1655 ὲπιδικάξεταί
1646 1606 1709 1659 γε
1742 1588 1836 1645 τοῦ
1864 1589 1939 1661 μὴ
1964 1605 2085 1663 πρα

2197 1587 2466 1658 amplius,
2517 1589 2609 1642 sed
2656 1589 2921 1657 emptoris
2971 1588 3055 1643 sui
3103 1603 3298 1643 servus
3323 1596 3497 1655 esset;
3540 1596 3702 1657 atque
3731 1586 3781 1639 id

498 1681 612 1745 θεὶς
642 1682 760 1752 ἅμα
790 1685 904 1747 τοῖς
938 1681 1089 1747 ίδίοις
1112 1682 1295 1754 μένειν
1322 1681 1380 1735 ὲν
1412 1684 1479 1754 τῇ
1501 1679 1598 1734 τοῦ
1635 1680 1901 1752 βασιλέως
1919 1680 2085 1753 οίκίᾳπ

2193 1678 2484 1749 impetrat,
2526 1690 2591 1735 ut
2633 1695 2758 1736 eum
2807 1681 2924 1736 suis
2952 1680 3206 1736 omnibus
3242 1694 3353 1734 non
3387 1679 3696 1734 divenditus
3729 1678 3782 1731 in

463 1770 576 1827 ’διὸ
609 1790 628 1824 ι
665 1769 847 1826 πεσὼν
892 1774 1192 1843 προσκυνεῖ
1240 1770 1411 1843 αὐτῷ,
1484 1792 1505 1824 ι
1562 1771 1695 1826 Θεὸν
1730 1772 2092 1838 ἐπιστάμενος

496 1862 588 1917 τὸν
627 1863 875 1934 βασιλέα,
930 1864 1024 1916 καὶ
1051 1863 1223 1932 λέγει’
1260 1882 1280 1915 ι
1318 1862 1767 1937 Μακροθύμησον
1803 1864 1891 1918 ἐπ’
1941 1862 2089 1936 ἐμοὶ,

495 1956 590 2009 καὶ
616 1956 791 2009 πάντα
822 1954 1093 2008 ἀποδώσω
1116 1972 1220 2008 σοι⁸
1252 1976 1271 2008 ι
1310 1953 1381 2028 ἦν
1406 1956 1631 2028 γάρ,ὡς
1662 1959 1829 2022 είκος,
1863 1956 2094 2029 δραστή-

495 2064 636 2119 ριος,
669 2045 835 2119 ὁρῶν,
873 2048 958 2101 ὅτι
1001 2046 1223 2103 δύναται
1263 2050 1328 2102 ἐκ
1359 2049 1629 2122 δευτέρων
1668 2049 1924 2122 πράξεων
1953 2051 2089 2104 ἀνα-

495 2138 786 2211 πληρῶσαι
826 2139 935 2193 πᾶν
977 2138 1040 2191 τὺ
1081 2138 1263 2203 ἐνδεὲς
1296 2140 1405 2194 ἀπὸ
1446 2140 1549 2211 τῆς
1580 2140 1852 2214 προτέρας
1887 2139 2091 2212 ζημίας

489 2229 602 2282 τῶν
642 2228 854 2283 πολλῶν
875 2230 1180 2284 ταλάντωνο
1211 2230 1306 2284 καὶ
1327 2234 1356 2284 ὁ
1382 2231 1589 2300 ἀγαθός
1622 2249 1687 2301 γε
1717 2229 1973 2302 βασιλεὺς
1997 2224 2090 2286 οὗ-

489 2337 581 2385 τος
610 2320 1017 2393 ἐσπλαγχνίσθη
1045 2322 1140 2377 καὶ
1175 2323 1268 2377 ἐπὶ
1307 2322 1398 2377 τὸν
1436 2323 1720 2395 ὀφειλέτην
1745 2324 1852 2379 τῶν
1878 2324 2088 2379 πολλῶν

489 2414 789 2481 ταλάντων,
839 2414 935 2471 καὶ
974 2414 1101 2469 τότε
1151 2415 1250 2488 μὲν
1302 2415 1578 2469 ἀπέλυσεν
1629 2417 1792 2471 αὐτὸν
1824 2417 2008 2473 πλεῖόν
2035 2434 2089 2472 τι

489 2506 862 2578 χαρισάμενος
895 2505 1045 2578 αὐτῷ
1087 2502 1160 2579 ἧς
1191 2505 1399 2579 ἠξιώθη
1434 2506 1733 2574 ἀξιώσεως·
1764 2511 1794 2563 ό
1830 2510 1933 2580 μὲν
1976 2509 2087 2583 γὰρ

488 2594 772 2668 ὀφειλέτης
803 2596 1169 2669 ἐπηγγείλατο
1202 2596 1692 2669 μακροθυμήσαντι
1734 2598 1813 2671 τῷ
1847 2598 2087 2673 δεσπότῃ

489 2687 780 2744 ἀποδοῦναι
835 2686 1050 2743 ἅπαντα
1079 2687 1147 2743 τά
1190 2688 1552 2761 ὀφειλήματα·
1602 2691 1632 2743 ὁ
1684 2690 1743 2743 δὲ
1782 2682 2086 2763 σπλαγχνιὲ-

491 2779 638 2846 σθεὶς
675 2781 763 2837 ἐπ’
791 2781 939 2854 αὐτῷ
967 2782 1156 2855 κύριος
1192 2782 1292 2836 οὐκ
1328 2784 1421 2837 ὲπὶ
1449 2782 1528 2854 τῷ
1560 2784 1855 2841 ἀπολαϐεῖν
1895 2786 1959 2840 ἐκ
1991 2785 2084 2841 τοῦ

493 2874 886 2947 μακροθυμεῖν,
928 2875 1051 2929 τότε
1102 2876 1313 2947 ἀφῆκεν
1364 2876 1527 2931 αὐτὸν
1575 2877 1758 2949 μόνον,
1801 2878 1940 2933 ἀλλά
1988 2881 2085 2935 καὶ

489 2966 770 3033 παντελῶς
810 2967 1069 3031 ἀπέλυσε,
1106 2970 1200 3022 καὶ
1237 2971 1418 3023 πᾶσαν
1457 2969 1556 3042 τὴν
1598 2969 1819 3042 ὀφειλὴν
1872 2971 2084 3042 ἀφῆκεν

488 3055 655 3128 αὐτῷ.
696 3058 756 3111 '0
778 3056 835 3111 δὲ
868 3058 1101 3131 πονηρὸς
1131 3058 1316 3123 δοῦλος
1358 3052 1514 3125 οὗτος
1558 3061 1654 3117 καὶ
1698 3061 2081 3134 μακροθυμίαν

488 3149 596 3207 ἀπὸ
620 3148 715 3204 τοῦ
741 3149 1003 3206 δεσπότου
1034 3152 1267 3223 αἰτήσας
1300 3153 1395 3206 ἐπὶ
1415 3156 1529 3220 τοῖς
1554 3155 1767 3219 πολλοῖς
1795 3155 2083 3220 ταλάντοις

491 3243 737 3315 ἀνηλεῶς
760 3244 1086 3317 πεποίηκεν.
1117 3266 1135 3297 ι
1168 3246 1360 3319 Εὑρὼν
1382 3246 1492 3319 γάρ
1519 3247 1615 3301 ἕνα
1647 3247 1756 3301 τῶν
1781 3247 2084 3305 συνδούλων

487 3338 675 3404 αὐτοῦ,
704 3338 765 3403 ὃς
804 3338 1034 3410 ὠφειλεν
1074 3341 1223 3413 αὐτῷ
1268 3342 1462 3397 ἑκατὸν
1499 3343 1750 3416 δηνάρια,
1800 3347 2083 3418 κρατήσας

489 3431 651 3489 αὐτὸν
673 3429 862 3501 ἕπνιγε
885 3431 1079 3503 λέγων·
1099 3434 1321 3499 Ἀπόδος
1336 3435 1719 3507 εῐτιόφείλεις.
1735 3456 1753 3488 ι
1775 3436 1902 3501 Πῶς
1913 3435 1969 3491 δὲ
1981 3438 2082 3510 οὐχ

488 3520 791 3595 ὑπερϐολὴν
830 3521 1096 3592 πονηρίας
1130 3525 1461 3592 ἐπεδείξατο,
1505 3525 1572 3581 δι’
1607 3525 1800 3581 ἑκατὸν
1850 3525 2081 3599 δηνάρια

487 3610 767 3683 κρατήσας
792 3611 885 3666 τὸν
908 3612 1213 3679 σύνδουλοι),
1242 3616 1339 3669 καὶ
1372 3616 1601 3686 πνίγων,
1631 3618 1727 3672 καὶ
1760 3619 2081 3691 ἀποστερῶν

485 3703 646 3760 αὐτὸν
671 3703 963 3776 ἐλευθέρας
992 3708 1289 3779 ἀναπνοῆς,
1322 3710 1482 3776 αὐτὸς
1529 3711 1640 3784 (18)
1674 3711 1769 3765 ἐπὶ
1805 3715 1920 3776 τοῖς
1953 3713 2083 3768 πολ-

485 3796 597 3860 λοῖς
618 3795 904 3861 ταλάντοις
937 3797 1075 3869 μήτε
1107 3799 1424 3870 κρατηθεὶς,
1475 3802 1616 3874 μήτε
1665 3803 1897 3871 πνιγεὶς,
1946 3801 2084 3857 ἀλλά

486 3889 750 3961 πρότερον
778 3888 876 3959 μὲν
912 3887 1223 3955 κελευσθεὶς
1257 3890 1532 3962 πραθῆναι
1564 3891 1680 3964 ἅμα
1708 3895 1952 3963 γυναικὶ,
1985 3895 2082 3951 καὶ⁹

484 3979 713 4044 τέκνοις,
749 3981 845 4034 καὶ
885 3983 1000 4046 τοῖς
1036 3980 1251 4049 ἑαυτοῦ,
1278 3982 1504 4056 ὕστερον
1535 3985 1594 4038 δὲ
1637 3986 1777 4058 μετὰ
1820 3987 1882 4041 τὸ
1915 4005 2083 4060 προσ-

486 4072 741 4142 κυνῆσαι,
766 4071 1255 4143 σπλαγχνισθέντος
1279 4075 1365 4129 ἐπ’
1388 4075 1540 4147 αὐτῷ
1566 4075 1660 4131 τοῦ
1693 4078 1903 4151 κυρίου,
1939 4081 2077 4133 ἀπο-

484 4161 685 4230 λυθεὶς,
730 4162 826 4216 καὶ
869 4164 1000 4235 περὶ
1045 4164 1227 4238 πάσης
1262 4167 1485 4237 ἀφεθεὶς
1531 4168 1630 4241 τῆς
1676 4169 1933 4241 ὁτρειλῆςς
1982 4173 2078 4226 καὶ

485 4257 644 4330 ἔργον
689 4275 756 4327 γε
803 4260 979 4312 εἰπεῖν
1032 4259 1172 4313 κατὰ
1212 4261 1273 4315 τὸ
1321 4260 1569 4334 βούλημα
1610 4261 1706 4317 τοῦ
1763 4264 1960 4333 Ἰησοῦ,
1994 4264 2080 4331 τίς

484 4352 632 4407 ἐστιν
664 4353 693 4423 ό
731 4349 977 4424 εὑρεθεὶς
1003 4350 1287 4416 σύνδουλος
1314 4349 1394 4417 εἷς
1424 4354 1675 4423 ὀφείλων,
1703 4355 1764 4409 οὗ
1796 4355 1874 4427 τῷ
1901 4357 2079 4429 κυρίῳ
2112 4382 2156 4436 D

485 4443 699 4507 ἑαυτοῦ,
726 4443 864 4498 ἀλλά
909 4443 987 4516 τῷ
1045 4443 1217 4499 πολλά
1267 4445 1539 4517 ὀφείλοντι
1579 4448 1841 4512 τάλαντα,
1883 4450 2080 4505 ἐπιατὸν

481 4534 731 4607 δηνάρια.
764 4536 859 4590 καὶ
883 4535 1028 4600 τίνες
1051 4538 1100 4590 οί
1132 4537 1333 4602 ίδόντες
1365 4538 1457 4593 τὸν
1483 4538 1582 4610 μὲν
1597 4540 1875 4610 πνίγοντα,
1905 4541 1995 4596 τὸν
2020 4541 2078 4595 δὲ

483 4627 805 4699 πνιγόμενον
845 4627 1140 4693 σύνδουλοι,
1183 4630 1277 4683 καὶ
1311 4613 1651 4703 λυπηθέντες
1706 4630 1937 4704 σφόδρα,
1979 4633 2077 4687 καὶ

484 4717 669 4789 σαφῶς
702 4720 1156 4792 παραστήσαντες
1197 4721 1280 4793 τῷ
1323 4723 1499 4796 κυρίῳ
1537 4724 1744 4778 ἑαυτῶν
1779 4723 1959 4780 πάντα
2007 4724 2085 4783 τάν

482 4808 768 4883 γενόμενα.
808 4811 898 4877 Ὠς
926 4812 1025 4885 μὲν
1058 4806 1152 4867 οὖν
1196 4813 1454 4887 ἀληθείας
1491 4814 1603 4887 ἔχει
1642 4817 1711 4870 τά
1744 4816 2073 4890 πράγματα,

481 4903 852 4976 ἀποφαίνομαι
889 4902 1098 4974 μηδένα
1128 4905 1520 4978 διηγήσασθαι,
1545 4908 1594 4962 εί
1629 4908 1706 4981 μὴ
1752 4908 1928 4981 Ἰησοῦ
1979 4907 2075 4963 τοῦ

479 4998 591 5066 τοῖς
617 4996 771 5061 ἰδίοις
807 4995 1080 5068 μαθηταῖς
1102 4998 1224 5052 κατ’
1262 4998 1400 5053 ἰδίαν
1443 4997 1709 5066 λύσαντος
1735 5001 1935 5067 πάντα,
1958 5003 2074 5057 ὲπι-

2194 1771 2340 1843 rrgis
2362 1769 2527 1826 domo
2549 1771 2775 1838 haereat,
2821 1780 3107 1843 propterea
3136 1789 3160 1824 ι
3198 1771 3488 1842 procidens
3522 1769 3786 1826 adorabat

2194 1875 2318 1917 eum
2346 1900 2362 1926 ,
2407 1878 2429 1915 ο
2465 1860 2636 1917 Deum
2682 1877 2880 1931 nempe
2913 1876 3093 1934 regem
3141 1876 3263 1917 esse
3300 1862 3503 1925 sciens,
3548 1868 3602 1915 et
3645 1862 3722 1914 ait
3766 1877 3782 1914 :

2200 1966 2221 2002 ι
2260 1951 2584 2008 Patientiam
2613 1952 2755 2008 habe
2792 1952 2849 2007 in
2878 1966 2988 2016 me,
3024 1959 3080 2007 et
3109 1950 3293 2006 omnia
3320 1949 3544 2027 reddam
3583 1949 3716 2018 tibi,
3759 1968 3780 2002 ι

2194 2062 2320 2104 eum
2349 2047 2496 2103 enim
2542 2044 2714 2102 fuisse
2753 2045 3086 2101 industrium
3111 2040 3372 2099 credibile
3412 2048 3518 2107 est,
3554 2055 3786 2111 seseque

2193 2137 2481 2211 penuriam
2530 2152 2696 2209 quam
2746 2151 2811 2192 ex
2871 2133 3043 2207 priori
3101 2134 3402 2190 multorum
3453 2133 3782 2189 talentorum

2189 2232 2404 2303 jactura
2436 2229 2736 2295 tolerabat,
2770 2229 3029 2287 secundis
3060 2231 3211 2287 curis
3240 2244 3305 2286 ac
3337 2227 3571 2300 negotiis
3603 2241 3784 2282 resar-

2192 2323 2304 2381 cire
2351 2336 2518 2379 nosse
2551 2319 2884 2391 iutelligebat
2925 2339 2943 2377 :
2986 2329 3119 2379 tunc
3168 2335 3301 2378 vero
3346 2319 3527 2376 bonus
3560 2317 3651 2375 ille
3690 2332 3783 2373 rex

2193 2414 2359 2485 hujus
2388 2416 2685 2471 multorum
2719 2414 3051 2469 talentorum
3089 2412 3354 2469 debitoris
3391 2410 3650 2467 misertus
3677 2418 3782 2477 est,

2190 2523 2428 2580 eumque
2451 2509 2703 2580 pluribus
2744 2506 3024 2564 concessis
3052 2521 3216 2576 quam
3243 2520 3364 2575 qua:
3394 2503 3781 2575 postulaverat,

2190 2601 2435 2671 dimisit;
2465 2603 2743 2673 pollicitus
2772 2600 2972 2672 quippe
3003 2596 3184 2654 fuerat
3206 2597 3421 2654 debitor
3450 2596 3635 2651 omnia
3666 2611 3787 2652 sese

2191 2698 2371 2755 debita
2415 2698 2547 2754 hero
2577 2697 2940 2762 redditurum,
2968 2694 3239 2767 patienter
3264 2692 3427 2749 modo
3459 2689 3785 2762 expediendi

2188 2792 2433 2848 nominis
2459 2790 2603 2847 diem
2632 2798 3012 2861 expectasset;
3046 2797 3106 2844 at
3140 2802 3266 2845 eum
3300 2787 3594 2842 miseratus
3616 2784 3785 2839 herus

2190 2900 2300 2941 non
2352 2884 2425 2940 ita
2473 2883 2682 2939 dimisit
2727 2880 3111 2945 solummodo,
3156 2879 3312 2949 quasi
3357 2879 3485 2932 olim
3518 2876 3783 2940 debitum,

2189 2988 2314 3049 post
2342 2977 2568 3033 dilatum
2602 2976 2767 3046 hujus
2798 2973 3148 3046 expungendi
3174 2972 3343 3045 629
3370 2980 3606 3042 tempus,
3640 2978 3788 3026 esset

2188 3081 2530 3141 recepturus,
2568 3070 2663 3126 sed
2694 3070 2842 3125 omni
2870 3069 3030 3139 plane
3057 3066 3241 3122 debito
3277 3066 3515 3121 solutum
3551 3063 3781 3119 dimisit.

2191 3160 2396 3216 Servus
2438 3169 2619 3216 autem
2652 3160 2743 3215 ille
2794 3173 3031 3229 nequam
3076 3156 3171 3228 qui
3212 3157 3404 3212 herum
3453 3172 3553 3227 pro
3599 3154 3785 3211 multis

2188 3254 2409 3310 talentis
2436 3268 2649 3309 moram
2676 3269 2742 3309 ac
2762 3252 3317 3324 procrastinationem
3364 3257 3670 3321 rogaverat,
3704 3248 3787 3302 in-

2189 3346 2503 3402 humaniter
2548 3360 2607 3401 se
2650 3345 2853 3417 gessit,
2888 3359 3009 3399 cum
3037 3343 3181 3397 enim
3215 3361 3235 3395 ι
3266 3341 3564 3397 invenisset
3610 3354 3783 3395 unum

2188 3438 2256 3495 de
2282 3441 2560 3496 conservis
2594 3441 2732 3507 suis,
2784 3438 2876 3509 qui
2906 3437 3137 3494 debebat
3160 3437 3213 3493 ei
3246 3443 3468 3492 centum
3501 3439 3558 3489 (1(
3572 3434 3776 3500 uarios,

2189 3536 2382 3584 tenens
2436 3528 2742 3585 suﬂoeabat
2784 3542 2910 3584 eum
2962 3525 3151 3582 dicens
3209 3543 3222 3582 τ
3268 3525 3453 3583 Redde
3496 3523 3643 3596 quod
3688 3523 3784 3579 de-

2188 3620 2283 3675 bes
2313 3618 2380 3673 ⁸³.
2428 3640 2446 3673 ι
2489 3620 2687 3676 Annon
2722 3621 2768 3676 is
2799 3635 3030 3677 summa:
3061 3616 3428 3689 improbitatis
3469 3614 3779 3685 exemplum

2188 3709 2335 3767 dedit
2381 3720 2606 3782 propter
2654 3722 2874 3769 centum
2924 3706 3184 3768 denarios
3222 3722 3549 3766 conservum
3587 3721 3808 3777 apprev.

2188 3803 2421 3859 hensum
2462 3804 2759 3872 suﬂ‘ocane,
2788 3812 2844 3860 et
2874 3804 3101 3860 liberam
3149 3801 3565 3872 reSpirationcm
3612 3799 3781 3853 inter-

2188 3893 2435 3959 cludens,
2482 3896 2574 3966 qui
2610 3904 2832 3967 propter
2875 3896 3043 3951 multa
3083 3895 3286 3950 talenta
3327 3908 3503 3962 neque
3534 3891 3648 3962 ipse
3684 3906 3781 3961 ap-

2187 3985 2513 4057 prehensus,
2566 4004 2743 4058 neque
2767 3987 3070 4044 sulloeatus
3104 3986 3228 4052 fuit,
3271 3985 3364 4041 sed
3400 3984 3635 4056 primum
3669 3998 3777 4040 una

2188 4093 2313 4133 eum
2348 4080 2600 4150 coniage,
2648 4080 2853 4145 liberis,
2888 4089 2941 4134 et
2977 4079 3334 4134 facultatibus
3369 4077 3527 4133 vendi
3563 4076 3776 4146 jussus,

2187 4169 2383 4225 deinde
2408 4185 2539 4226 vero
2570 4180 2858 4243 postquam
2887 4171 3171 4237 adoravit,
3209 4170 3465 4225 miserate
3491 4185 3615 4225 eum
3645 4171 3777 4225 hero

2188 4262 2475 4319 absolutus
2503 4273 2623 4331 est,
2666 4275 2721 4320 et
2755 4274 2868 4320 totu
2915 4264 3137 4321 nomine
3188 4264 3470 4319 liberatus.
3511 4262 3775 4330 Quisnam

2187 4368 2316 4409 vero
2351 4357 2424 4411 sit
2469 4356 2723 4412 inventus
2756 4357 2845 4412 ille
2888 4371 3210 4421 conservus,
3254 4364 3473 4411 centum
3521 4354 3776 4410 denarios

2186 4463 2292 4501 nun
2319 4448 2451 4504 hero
2479 4463 2582 4505 suo
2613 4449 2838 4515 debetis,
2866 4451 2959 4506 sed
2990 4450 3091 4520 ipsi
3121 4450 3416 4505 multorum
3445 4450 3771 4504 talentorum

2183 4538 2444 4607 debitori;
2491 4540 2714 4612 quinam
2745 4550 2798 4596 et
2826 4541 2861 4595 ii
2890 4540 3172 4607 conservi,
3208 4541 3300 4611 qui
3335 4549 3390 4595 et
3428 4540 3573 4595 hunc
3602 4537 3776 4595 sull‘o-

2183 4640 2421 4696 cantem,
2466 4642 2522 4687 et
2550 4633 2706 4689 illum
2750 4634 3078 4691 sullocatum
3111 4634 3384 4696 viderunt,
3418 4642 3472 4688 et
3498 4632 3654 4689 valde
3691 4632 3777 4687 in-

2181 4723 2507 4789 dulueruut,
2561 4740 2775 4797 suoque
2808 4728 2940 4784 hero
2964 4740 3310 4800 quacunque
3337 4726 3639 4796 agebantur
3672 4738 3776 4793 pa-

2182 4816 2289 4872 lam
2321 4812 2589 4886 l‘ecerunt,
2620 4819 2776 4889 juxta
2805 4819 2933 4877 Jesu
2970 4831 3205 4877 mentem
3233 4833 3504 4888 exponere
3535 4817 3774 4887 spissum

2181 4918 2266 4965 est
2305 4926 2372 4966 ac
2403 4926 2697 4982 operosum
2738 4915 3039 4987 negotium.
3077 4913 3153 4970 Ut
3179 4930 3310 4985 ergo
3355 4926 3540 4968 revera
3578 4927 3639 4967 se
3684 4927 3774 4968 res

2184 5001 2387 5056 habent
2424 5017 2532 5058 non
2566 5005 2842 5077 explicare
2876 5008 2929 5063 id
2961 5022 3126 5079 posse
3163 5018 3492 5076 quemquam
3529 4998 3797 5075 pronun;

1681 5116 1915 5176 VETUS
1956 5116 2544 5179 INTERPRETATIO.

483 5209 749 5269 habentur
783 5232 796 5271 :
831 5216 974 5273 sicut
1003 5225 1057 5274 et
1094 5215 1260 5272 David
1291 5215 1497 5271 ditatus
1520 5216 1740 5273 talentis
1764 5217 1975 5277 multis,
2004 5232 2240 5286 quorum
2272 5226 2330 5273 et
2374 5233 2637 5276 numerus
2657 5228 2743 5274 est
2760 5228 3015 5277 ostensus
3045 5221 3098 5276 in
3131 5220 3349 5277 talentis
3376 5217 3557 5273 aureis
3579 5214 3766 5282 tantis,

480 5289 533 5333 et
560 5287 786 5361 argenti
805 5289 992 5354 tantis,
1013 5296 1070 5345 et
1095 5288 1429 5361 reliquorum
1457 5287 1799 5361 metallorum
1823 5302 1948 5361 quae
1976 5287 2086 5361 illic
2114 5288 2488 5361 nominantur,
2523 5304 2593 5345 ex
2619 5291 2821 5361 quibus
2858 5291 3184 5347 fabricatum
3215 5300 3300 5347 est
3323 5288 3604 5361 templum.

551 5351 655 5431 11.:
674 5372 710 5431 _¢_
747 5351 1108 5431 Eteuin'nqn
1134 5351 1360 5413 haberet
1386 5358 1535 5431 unde
1561 5351 2169 5431 red«leret,_'jussit_eum
2198 5359 2388 5431 vetuli,
2412 5351 2713 5415 et'uxorém
2745 5362 2888 5431 ejus,
2915 5375 2970 5417 et
2996 5362 3139 5418 ﬁlios
3161 5362 3299 5431 ejus,
3328 5369 3385 5413 et
3410 5351 3591 5431 (itania
3624 5356 3767 5426 ejus,

480 5427 535 5500 ot
562 5421 712 5478 reddi
742 5427 1193 5498 debitumaOpus
1204 5432 1428 5500 estergo
1439 5427 1620 5484 dicere
1631 5421 1934 5500 secundum
1960 5428 2296 5500 voluntatem
2331 5427 2556 5500 Christi,
2591 5431 2716 5500 quis
2742 5421 2828 5487 est
2850 5421 3067 5487 debitor
3096 5421 3420 5486 talentorum
3448 5421 3766 5500 multorum,

478 5497 533 5577 οξ
560 5506 850 5577 queeuxor
879 5500 1022 5577 ejus,
1056 5497 1109 5554 ei
1137 5500 1230 5577 q_u_i
1264 5499 1360 5553 lilii
1384 5513 1534 5577 ejus,
1566 5506 1622 5552 et
1649 5499 1832 5577 omnia
1860 5499 2004 5569 ejus,
2028 5506 2083 5554 et
2110 5499 2237 5577 quis
2258 5508 2344 5577 est
2370 5499 2585 5577 debitor
2610 5497 2707 5570 qui
2737 5501 3105 5577 ipsi_debitori
3137 5500 3390 5577 debebat,
3421 5505 3475 5552 et
3503 5498 3597 5566 qui
3621 5511 3764 5577 _eou-

479 5567 624 5617 servi
653 5567 896 5622 videntes
913 5567 1074 5623 hunc
1095 5567 1316 5639 quidem
1343 5569 1691 5635 edocentem,
1718 5569 1873 5625 illum
1892 5567 2087 5631 autem
2123 5567 2366 5626 eﬂ’ocari.
2399 5569 2465 5626 Et
2491 5567 2744 5626 sicut'est
2761 5567 3016 5643 quidem,
3049 5586 3177 5627 vere
3203 5570 3471 5627 conﬁteor
3488 5567 3765 5625 nemiuem

550 5701 595 5731 ³⁸
628 5697 800 5755 Exod.
834 5717 960 5769 xxv,
991 5701 1084 5768 59,
1107 5710 1163 5758 et
1190 5720 1399 5774 xxxv",
1427 5703 1520 5759 24.
1597 5704 1640 5736 ³¹
1674 5702 1692 5757 1
1724 5701 1850 5775 Par.
1870 5720 2012 5777 sum,
2046 5703 2133 5766 Η.
2214 5706 2261 5740 ³³
2292 5703 2484 5765 Matth.
2513 5721 2671 5776 xvut,
2697 5704 2790 5763 25.
2871 5705 2919 5739 ⁸³
2948 5703 3080 5762 ibid.
3103 5702 3196 5762 28.

546 5819 659 5895 υδ)
698 5820 879 5882 Cod“
914 5819 1120 5895 “059's
1152 5824 1339 5895 αὐτὸς,
1394 5824 1461 5883 ed
1506 5780 1789 5894 ἱλίῖυοῐίἱ,
1820 5825 2020 5894 αὐτοῖς.
