4146 6448
393 398 531 453 ιειέ)

1884 392 2212 455 ORIGEMS

3509 396 3675 461 1210

386 535 504 575 rem
534 520 695 575 babet
724 530 778 576 et
809 517 1048 588 liberos,
1092 528 1151 575 ut
1179 518 1438 577 traditum
1483 528 1568 576 est
1592 536 1622 576 a
1656 520 1815 576 nobis
1835 560 1850 586 ,
1883 536 1977 574 ra-

2085 523 2178 575 xa‘t
2207 519 2554 596 ὑποστρέψας
2581 541 2594 556 ·
2630 522 2724 579 καὶ
2756 525 2984 591 ἕκαστος
3011 518 3191 580 αὐτῶν
3217 523 3351 597 ἔχει,
3380 524 3457 589 ὡς
3489 524 3677 599 ἄρχων

387 614 593 671 tionem
623 614 827 680 reddet,
863 629 987 669 cum
1019 630 1187 686 regno
1223 622 1448 686 accepto
1480 630 1735 670 reversus
1762 629 1855 669 rex
1890 630 1981 668 ra-

387 704 591 759 tionem
622 704 950 774 repetiturus
982 703 1215 758 venerit.
1290 703 1356 759 Et
1385 704 1658 760 debitores
1684 708 1849 759 etiam
1883 704 1983 759 lia--

388 794 479 850 bet
521 793 897 865 unusquisque
963 795 1221 860 illorum,
1291 797 1440 852 velut
1492 796 1698 869 Syenes
1750 795 1983 867 alicujus

389 887 644 960 princeps
669 927 682 951 ,
708 897 804 941 aut
830 882 1145 957 Mempbeos
1171 927 1185 953 ,
1211 884 1410 959 Tyrive
1429 930 1444 955 ,
1475 888 1560 942 vel
1592 886 1813 942 Sidonis
1838 928 1853 955 ,
1888 895 1983 941 aut

390 980 543 1033 urbis
603 977 836 1049 alicujus
895 978 1234 1050 bnjusmodi.
1303 980 1356 1035 Is
1403 994 1534 1051 ergo
1584 980 1886 1047 dimissus,
1930 988 1985 1034 et

390 1071 540 1125 omni
598 1070 779 1127 debito
828 1070 1154 1136 absolutus,
1208 1086 1239 1125 a
1285 1086 1412 1143 rege
1456 1069 1666 1139 exiens,
1710 1091 1729 1123 ι
1781 1071 1987 1126 invenit

394 1180 565 1219 unttzu
607 1163 674 1219 de
707 1164 989 1219 conservis
1020 1163 1136 1218 suis
1166 1161 1271 1230 ",i
1298 1170 1353 1219 et
1381 1176 1609 1230 caetera;
1645 1173 1700 1219 et
1729 1173 1983 1235 propter-

402 1271 464 1309 ea
488 1297 502 1321 ,
533 1256 761 1326 opinor,
807 1271 931 1311 cum
977 1256 1212 1326 angebat
1249 1256 1394 1326 quod
1420 1272 1450 1311 a
1488 1271 1614 1326 rege
1643 1257 1847 1323 exiret,
1885 1270 1987 1311 nec

395 1344 644 1401 anxisset
683 1348 831 1402 enim
860 1360 1190 1401 conservum
1218 1360 1403 1411 suum,
1442 1345 1547 1401 nisi
1586 1344 1711 1399 inde
1740 1345 1982 1400 cxiisset.

394 1433 604 1491 Deinde
626 1452 755 1492 vero
776 1435 1074 1507 Scriptura:
1096 1445 1344 1493 exactam
1367 1436 1703 1509 diligentiam
1728 1438 1982 1506 observa,

387 1544 610 1601 quoque
637 1531 800 1586 modo
832 1547 954 1586 cum
983 1529 1325 1602 procidisset,
1358 1531 1643 1596 adoraret;
1682 1529 1770 1584 hic
1802 1541 1985 1585 autem

389 1634 513 1674 cum
550 1617 893 1689 procidisset,
945 1636 1053 1674 non
1105 1619 1437 1683 adoraverit,
1484 1620 1579 1675 sed
1620 1618 1787 1692 634
1826 1621 1988 1675 obse-

388 1712 651 1777 craverit;
705 1710 983 1781 quomodo
1010 1718 1193 1765 autem
1223 1726 1318 1765 rex
1347 1711 1643 1766 miseratus
1689 1712 1987 1768 absolverit

386 1817 545 1870 eum,
600 1810 651 1856 et
699 1817 864 1856 omne
906 1801 1145 1857 alienum
1200 1817 1277 1858 tes
1317 1802 1367 1857 ei
1422 1802 1745 1858 remiserit:
1791 1819 1986 1859 servus

385 1905 568 1949 autem
595 1909 694 1949 nec
719 1908 1043 1950 conservum
1073 1909 1234 1950 suum
1267 1894 1521 1950 miserari
1550 1895 1814 1963 voluerit;
1856 1905 1911 1952 et
1938 1898 1984 1953 is

385 1985 605 2056 quidem
654 1986 816 2041 vendi
846 2001 1008 2052 eum,
1061 1986 1294 2058 ejusque
1325 1985 1466 2041 bona
1516 1985 1784 2056 jusserit,
1823 1997 1981 2043 ante-

386 2098 552 2153 quam
597 2080 929 2149 dimisisset;
986 2081 1077 2137 ille
1127 2089 1310 2136 autem
1360 2080 1452 2136 cui
1493 2080 1668 2150 gratia
1702 2078 1846 2137 facta
1877 2089 1980 2149 est,

388 2190 513 2229 eum
546 2174 602 2228 in
629 2189 905 2230 carcerem
933 2172 1244 2245 impegerit.
1298 2170 1363 2227 Et
1392 2180 1521 2227 nota
1551 2188 1983 2231 conservos-non

391 2266 757 2322 calumniatus
801 2280 957 2331 esse,
996 2280 1097 2321 nec
1124 2264 1332 2320 dixisse
1352 2303 1370 2330 ,
1400 2264 1496 2319 sed
1526 2264 1813 2335 aperuisse
1837 2305 1854 2334 ,
1883 2281 1983 2321 nec

388 2367 613 2428 propter
639 2356 927 2427 pecuniam
974 2356 1133 2412 initio
1162 2355 1371 2410 dixisse
1398 2373 1413 2410 :
1456 2371 1475 2407 ι
1504 2352 1789 2424 Nequam;
1821 2374 1839 2407 ι
1890 2355 1984 2412 sed

389 2450 441 2502 id
473 2449 540 2503 ad
574 2450 738 2502 tinem
769 2458 991 2518 propter
1034 2460 1366 2503 conservum
1418 2460 1758 2502 reservasse.
1820 2444 1984 2517 Regis

388 2549 570 2597 autem
609 2540 1042 2595 moderationem
1093 2540 1499 2605 animadverte;
1534 2555 1642 2593 non
1678 2539 1814 2594 dixit
1844 2539 1934 2594 ille
1966 2557 1979 2593 :

395 2653 414 2686 ι
452 2634 701 2688 Adorasti
730 2648 851 2698 me;
885 2651 902 2684 ι
939 2632 1034 2688 sed
1067 2650 1080 2687 :
1118 2651 1136 2683 ι
1184 2631 1404 2702 Rogasti
1438 2646 1524 2686 me
1551 2631 1618 2698 ⁸⁸,
1653 2650 1672 2681 ι
1715 2647 1813 2686 nec
1854 2647 1980 2685 eum

388 2725 646 2795 atiiplius,
683 2724 965 2794 ipsiusque
999 2722 1289 2778 facultates
1323 2721 1628 2777 venundari
1651 2721 1853 2794 ξιιεπὶη
1889 2725 1982 2779 sed

389 2820 534 2891 quod
565 2819 720 2889 pejus
745 2829 860 2883 est,
892 2826 1114 2888 propter
1164 2818 1338 2888 ipsius
1365 2818 1664 2888 nequitiam
1706 2836 1723 2868 ι
1763 2816 1984 2872 tradidit

387 2925 513 2965 eum
569 2908 874 2963 tortoribus
899 2909 966 2960 ⁸³.
1006 2927 1025 2959 ι
1079 2906 1316 2973 Quinam
1351 2916 1534 2961 autem
1575 2907 1627 2961 bi
1663 2909 1794 2972 sint,
1848 2923 1985 2976 prac-

387 3011 637 3070 terquam
690 3000 729 3054 ii
770 2999 973 3070 quibus
1024 2999 1420 3069 suppliciorum
1476 3014 1610 3053 cura
1658 2998 1982 3053 demandata

387 3097 509 3152 est?
577 3093 755 3149 Simul
783 3097 946 3149 etiam
983 3107 1206 3166 propter
1238 3094 1526 3149 haereticos
1553 3109 1673 3147 eam
1712 3110 1985 3163 usurpan—

2082 616 2227 681 τινὸς
2270 617 2561 690 Σοήνης,ῆ
2609 617 2975 690 Μέμφεως,ἦ
3025 618 3227 690 Τύρου,
3265 618 3299 691 ἢ
3347 617 3597 682 Σιδῶνος,
3638 621 3675 693 ἦ

2082 726 2224 772 τινος
2247 708 2647 780 παραπλησίου.
2678 710 2772 763 καὶ
2796 710 2923 775 τοὺς
2950 709 3253 780 ὀφειλέτας.
3278 703 3449 774 Οὗτος
3473 711 3677 765 ἀπολυέ-

2084 794 2216 860 θεὶς,
2251 796 2344 850 καὶ
2385 796 2761 870 συγχωρηθεὶς
2800 799 2983 851 πᾶσαν
3021 799 3121 869 τὴν
3162 798 3407 872 ὀφειλὴν,
3441 798 3676 865 ἐξελθὼν

2083 886 2191 941 ἀπὸ
2216 887 2310 942 τοῦ
2342 888 2627 960 βασιλέως,
2678 909 2698 942 ι
2740 881 2899 962 εὗρεν
2943 889 3039 944 ἕνα
3080 890 3189 945 τῶν
3230 890 3534 946 συνδούλων
3580 891 3679 946 αύ-

2081 979 2198 1046 τοῦ,
2241 1001 2258 1034 ι
2303 982 2398 1035 καὶ
2442 982 2511 1037 τὰ
2543 981 2702 1052 ἑξῆςο
2750 981 2845 1035 καὶ
2885 980 2973 1035 διὰ
3015 980 3194 1047 τοῦτο,
3222 978 3397 1055 οἶμαι,
3431 982 3674 1053 ἔπνιγεν,

2083 1067 2312 1140 ἐπείπερ
2343 1064 2411 1140 ἦν
2462 1068 2692 1136 ἐξελθὼν
2725 1068 2835 1122 ἀπὸ
2875 1069 2971 1123 τοῦ
3003 1069 3267 1140 βασιλέως
3291 1089 3306 1102 ·
3337 1073 3441 1126 οὐκ
3472 1071 3538 1126 ἂν
3565 1074 3676 1147 γὰρ

2087 1159 2163 1231 μὴ
2192 1159 2424 1225 ἐξελθὼν
2454 1160 2642 1231 ἔπνιγε
2666 1161 2758 1216 τὸν
2782 1161 3066 1216 σύνδουλον
3105 1161 3293 1216 αὐτοῦ.
3324 1162 3459 1217 Εἶτα
3488 1181 3674 1237 παρα-

2082 1248 2240 1319 τήρει
2270 1246 2369 1321 τὴν
2397 1248 2683 1323 ἀκρζϐειαν
2714 1249 2818 1321 τῆς
2849 1250 3095 1322 Γραφῆς,
3133 1252 3283 1316 ὅπως
3313 1254 3343 1306 6
3368 1253 3466 1324 μὲν
3489 1255 3673 1311 πεσὼν

2086 1340 2415 1411 προσεκύνει
2439 1358 2453 1373 ο
2485 1344 2514 1395 6
2542 1342 2601 1396 δὲ
2639 1342 2822 1397 πεσὼν
2862 1344 2924 1397 ού
2963 1345 3314 1416 προσεκύνει,
3358 1346 3494 1402 ἀλλὰ
3529 1366 3674 1423 παρ-

2085 1432 2271 1486 εκάλει
2294 1451 2309 1464 ·
2345 1434 2442 1488 καὶ
2470 1436 2498 1489 6
2534 1434 2633 1505 μὲν
2666 1434 2918 1506 βασιλεὺς
2945 1437 3368 1509 σπλαγχνισθεὶς
3397 1440 3670 1497 ἀπέλυσεν

2085 1523 2267 1588 αὐτὸν,
2290 1523 2385 1578 καὶ
2416 1526 2596 1578 πᾶσαν
2621 1525 2719 1597 τὴν
2744 1526 2966 1599 ὀφειλὴν
2990 1528 3204 1599 ἀφῆκεν
3227 1530 3398 1602 αὐτῷ’
3419 1534 3449 1586 6
3468 1531 3524 1587 δὲ
3553 1532 3676 1588 δοῦ-

2084 1616 2174 1682 λος
2201 1618 2322 1672 οὐδὲ
2356 1617 2576 1689 ἐλεῆσαι
2603 1619 2837 1691 ἠθέλησε
2866 1621 2957 1676 τὸν
3001 1621 3285 1678 σύνδουλον
3329 1623 3496 1678 αὐτοῦ
3520 1641 3536 1656 ο
3571 1625 3678 1680 κά-

2085 1712 2263 1774 κεῖνος
2304 1709 2405 1781 μὲν
2440 1709 2547 1784 πρὸ
2585 1711 2689 1782 τῆς
2720 1712 2982 1783 ἀφέσεως
3010 1714 3294 1769 ἐκέλευσεν
3337 1716 3501 1770 αὐτὸν
3534 1732 3679 1789 πρα-

2087 1801 2265 1873 θῆναι,
2290 1803 2386 1857 κα¹ι
2411 1802 2479 1856 τὰ
2512 1802 2680 1858 αὑτοῦ
2705 1820 2720 1834 ·
2747 1805 2777 1857 6
2806 1803 2864 1858 δὲ
2891 1804 3265 1877 συγχωρηθεὶς
3293 1805 3486 1860 ἔϐαλεν
3510 1806 3679 1864 αὑτὸν

2086 1899 2163 1960 εἰς
2192 1897 2292 1969 τὴν
2338 1897 2605 1967 φυλακήν.
2649 1896 2763 1952 Καὶ
2792 1897 3052 1969 πρόσχες,
3099 1899 3183 1952 ὅτι
3216 1899 3266 1952 oi
3301 1900 3574 1956 σύνδουλοι
3613 1903 3677 1956 οὐ

2084 1989 2352 2056 διέϐαλον,
2387 1990 2421 2062 ἦ
2459 1993 2763 2063 εἰρήκασιν,
2791 1989 2931 2044 ἀλλά
2958 1991 3321 2063 διεσάφησαν,
3362 1994 3458 2047 καὶ
3485 1995 3568 2048 ὅτι
3594 1994 3678 2059 τὸ,

2091 2099 2111 2133 ι
2154 2080 2356 2153 πονηρὲ
2389 2101 2407 2132 ι
2441 2080 2542 2134 οὐκ
2568 2074 2690 2133 εἷπε
2721 2080 2842 2134 κατ’
2865 2079 3041 2152 ἀρχὰς
3067 2082 3196 2153 περὶ⁹
3222 2081 3332 2136 τῶν
3356 2082 3678 2155 χρημάτων,

2085 2173 2200 2229 ἀλλ’
2234 2176 2503 2246 ἐτήρησεν
2536 2171 2765 2244 ὕστερον
2817 2171 3071 2245 περὶτοῦ
3119 2173 3425 2229 συνδούλου.
3469 2175 3577 2229 Ἴδε
3620 2174 3681 2229 δὲ

2083 2267 2180 2323 καὶ
2211 2265 2272 2319 τὸ
2300 2265 2521 2338 μέτριον
2551 2264 2646 2319 τοῦ
2683 2263 2978 2337 βασιλέωςο
3015 2267 3117 2320 οὐκ
3146 2262 3269 2319 εἷπε
3291 2282 3307 2297 ο
3342 2285 3361 2318 ι
3401 2265 3681 2339 Προσεκύ-

2083 2360 2257 2433 νησάς
2301 2374 2412 2430 μοι,
2447 2378 2467 2411 :
2504 2356 2672 2412 ἀλλάο
2714 2376 2733 2409 ι
2775 2357 3167 2430 Παρεκάλεσάς
3197 2374 3284 2430 με,
3313 2377 3332 2409 ι
3365 2359 3460 2412 καὶ
3488 2358 3677 2414 οὐκέτι

2084 2450 2249 2505 αὐτὸν
2279 2450 2577 2522 πραθῆναι,
2607 2449 2702 2505 καὶ
2727 2448 2798 2503 τὰ
2819 2448 3007 2515 αὐτοῦ,
3039 2448 3176 2502 ἀλλά
3207 2468 3225 2501 ι
3252 2449 3539 2521 παρέδωκε
3561 2449 3678 2514 τοῖς

2087 2543 2436 2616 βασανισταῖς
2469 2561 2487 2593 ι
2531 2541 2594 2596 τὸ
2620 2543 2800 2614 χεῖρον
2836 2540 2925 2595 διὰ
2972 2539 3071 2612 τὴν
3113 2540 3399 2613 πονηρίαν.
3433 2540 3592 2605 Τίνες
3631 2540 3679 2594 δ⁴

2084 2632 2151 2687 ἂν
2199 2628 2306 2687 εἷεν
2351 2627 2495 2688 οὗτοι
2533 2633 2567 2704 ἢ
2615 2633 2666 2686 οι
2707 2633 2802 2685 ἐπὶ
2843 2630 2955 2685 τῶν
3003 2630 3282 2684 κολάσεων
3324 2630 3678 2703 τεταγμένος

2088 2724 2239 2796 Ἀμα
2267 2724 2324 2777 δὲ
2353 2725 2592 2796 πρόσχες
2622 2723 2713 2778 διὰ
2738 2722 2867 2788 τοὺς
2891 2721 3001 2777 ἀπὺ
3033 2721 3143 2776 τῶν
3165 2721 3435 2795 αἱρέσεων
3455 2721 3680 2793 χρωμὲ-

2086 2835 2209 2882 νους
2246 2817 2362 2889 (25)
2392 2820 2458 2891 τῇ
2494 2815 2801 2890 παραϐολῇ,
2832 2818 2936 2882 ὅτι,
2968 2816 3128 2889 εἴπερ
3170 2813 3539 2888 κατηγοροῦσι
3582 2813 3681 2870 τοῦ

2084 2907 2441 2981 δημιουργοῦ,
2490 2909 2568 2973 ὡς
2608 2908 2852 2981 ὀργίλου,
2897 2907 2986 2962 διά
3030 2907 3101 2962 τά
3131 2908 3470 2979 ὲμςοαίνοντα
3509 2906 3681 2980 ὀργὴν

2086 2999 2222 3054 Θεοῦ
2254 3002 2476 3073 ῥήματα
2500 3000 2671 3074 ἐχρῆν
2704 3000 2904 3063 αὐτοὺς
2938 2999 3035 3054 καὶ
3066 2998 3161 3053 τοῦ
3193 2998 3461 3069 βασιλέως
3491 2996 3681 3055 τούτου

2086 3095 2434 3164 κατηγορεῖν,
2466 3092 2700 3164 ἐπείπερ
2724 3090 3002 3164 ὀργισθεὶς
3033 3090 3321 3162 παρέδωκε
3349 3090 3443 3143 τὸν
3468 3090 3682 3161 ὀφειλάς-

389 3200 469 3244 tes
505 3187 845 3258 parabolatn,
900 3198 1028 3242 nota
1080 3187 1338 3242 debuisse
1388 3188 1511 3241 illos
1561 3188 1710 3241 hunc
1767 3201 1983 3255 quoque

2085 3204 2186 3256 την
2212 3189 2327 3250 τοῖς
2351 3184 2723 3255 βασανισταῖς.
2752 3184 2877 3238 Ἔτι
2910 3183 2966 3238 δὲ
2991 3183 3211 3237 λεκτέον
3250 3185 3366 3247 τοῖς
3399 3182 3475 3254 μὴ
3509 3182 3686 3254 βουλο-

390 3295 570 3350 rrgt-m
602 3278 921 3345 criminari,
959 3278 1105 3348 quod
1142 3278 1317 3333 iratus
1342 3277 1644 3331 debitorem
1682 3277 1980 3332 tortoribus

2091 3279 2273 3350 μένοις
2304 3277 2695 3351 παραδίδοσθαί
2725 3294 2847 3332 τινα
2877 3277 2987 3331 ἀπὸ
3025 3276 3122 3330 τοῦ
3165 3275 3342 3347 Ἰησοῦ
3371 3278 3482 3340 τοῖς
3522 3276 3687 3346 βασι·-

390 3375 694 3438 tradidcrit,
725 3374 771 3428 si
803 3373 1052 3443 opificem
1084 3382 1344 3443 tanquam
1381 3372 1731 3439 iracundum,
1760 3378 1981 3442 propter

2087 3371 2317 3434 νισταῖς,
2345 3369 2449 3436 ὅτι,
2485 3366 2832 3439 Διηγήσασθε
2874 3368 3027 3439 ἡμῖν,
3069 3360 3115 3420 ὧ
3145 3360 3312 3433 οὗτοι,
3346 3367 3432 3429 τις
3458 3368 3489 3420 6
3527 3366 3686 3436 βασι-

389 3470 551 3523 verba
578 3485 700 3539 qua:
725 3469 860 3523 iram
887 3469 983 3524 Dei
1017 3468 1349 3540 significant,
1382 3468 1812 3538 reprehendunt.
1846 3463 1983 3520 Prm-

2088 3458 2216 3523 λεὺς
2243 3459 2272 3511 6
2316 3457 2647 3529 παραδιδοὺς
2678 3456 2770 3510 τὺν
2807 3457 3041 3529 πονηρὸν
3082 3456 3270 3511 δοῦλον
3309 3459 3423 3520 τοῖς
3455 3455 3681 3527 βασανι-

389 3571 536 3619 terea
577 3578 707 3616 vero
761 3561 828 3616 iis
872 3561 1164 3616 dicendum
1196 3570 1280 3615 est
1314 3559 1408 3630 qui
1459 3575 1566 3614 non
1595 3574 1925 3629 quemquam
1953 3573 1983 3612 a

2093 3553 2266 3615 σταῖς.
2298 3550 2723 3622 Ηροσεχέτωσαν
2755 3551 2811 3605 δὲ
2844 3544 2938 3605 καὶ
2972 3550 3050 3637 τῷ
3072 3568 3085 3582 ·
3127 3571 3145 3603 ι
3181 3550 3371 3615 οὕτως
3403 3546 3497 3605 οὖν
3526 3553 3686 3623 ποιή-

391 3651 519 3710 .Iesu
551 3654 850 3708 tor:oribus
879 3653 1019 3708 tradi
1043 3653 1234 3707 volunt
1260 3669 1274 3707 :
1309 3649 1457 3707 lleus
1490 3666 1613 3714 vos,
1633 3651 1858 3719 quinam
1887 3663 1983 3702 rex

2093 3661 2176 3698 σει
2211 3643 2306 3697 καὶ
2331 3644 2459 3715 ὑμῖν
2492 3645 2521 3696 6
2552 3644 2743 3715 Πατήρ
2779 3659 2881 3714 μου
2912 3644 2941 3697 6
2979 3642 3230 3714 οὐράνιος
3252 3659 3267 3675 ’
3302 3661 3322 3695 ι
3354 3645 3470 3707 τοῖς
3494 3642 3682 3708 αὐτοῖς

395 3746 485 3804 ille
527 3747 595 3803 sit
629 3746 723 3818 qui
756 3761 977 3801 servum
1025 3760 1265 3815 nequam
1301 3743 1602 3799 tortoribus
1634 3742 1832 3806 tradit,
1860 3756 1987 3811 ape-

396 3841 515 3895 rite.
546 3838 688 3905 Quin
712 3849 767 3893 et
787 3837 853 3892 ad
879 3837 1011 3892 illud
1032 3836 1319 3891 attendant
1344 3853 1358 3890 :
1394 3855 1411 3887 ι
1446 3833 1537 3891 Sic
1560 3844 1614 3889 et
1642 3832 1803 3888 Pater
1829 3846 1986 3887 meus

389 3931 632 3988 cwlestis
679 3927 842 3985 faciet
881 3929 1038 3983 vobis
1070 3929 1154 3996 5°;
1195 3946 1214 3979 ι
1253 3927 1339 3983 vel
1364 3926 1452 3982 bis
1501 3926 1665 3980 etiam
1698 3940 1761 3979 ea
1791 3923 1984 3978 dicaa-

392 4033 479 4076 tur
510 4021 691 4093 potius
717 4037 839 4092 qum
874 4021 927 4075 in
958 4020 1145 4076 decem
1176 4019 1453 4074 minarum
1487 4015 1743 4089 parabola
1778 4016 1984 4069 baben-

388 4122 507 4182 tur,
552 4123 607 4171 et
633 4130 662 4169 a
701 4113 792 4169 Dei
823 4113 953 4169 boni
1000 4111 1142 4167 Filio
1177 4111 1535 4183 pronuntiata
1581 4116 1709 4164 sunt
1752 4127 1765 4163 :
1825 4127 1842 4159 ι
1879 4105 1985 4162 Vc—

386 4217 696 4264 rumtamen
746 4205 1001 4261 inimicos
1051 4198 1207 4260 meos
1244 4203 1367 4258 illos
1400 4202 1494 4273 qui
1522 4201 1816 4257 noluerunt
1842 4199 1921 4265 ⁸¹,
1957 4215 1977 4244 ι

2090 3735 2146 3790 δὲ
2190 3735 2269 3789 ἔτι
2316 3734 2516 3807 μᾶλλον
2558 3734 2776 3806 λεχθείη
2809 3734 2876 3789 ἂν
2912 3734 2981 3789 τά
3019 3737 3078 3789 ὲν
3123 3737 3191 3807 τῇ
3222 3734 3331 3788 tribu
3357 3734 3489 3788 δέκα
3533 3734 3684 3806 μνῶν

2092 3826 2399 3900 παραϐολῇ,
2451 3825 2532 3880 ὅτι
2580 3827 2610 3879 6
2659 3824 2866 3895 ἀγαθοῦ
2907 3824 3043 3879 Θεοῦ
3088 3825 3215 3890 Υἱὸς
3265 3821 3418 3879 εἶπε·
3471 3842 3492 3877 ι
3537 3824 3686 3897 Πλὴν

2089 3922 2217 3985 τοὺς
2269 3918 2498 3990 ἐχθρούς
2555 3936 2656 3990 μου
2708 3916 2950 3982 ἐκείνους
3012 3919 3141 3983 τοὺς
3213 3918 3290 3990 μὴ
3349 3916 3684 3989 θελήσαντάς

2094 4029 2184 4083 με,
2234 4031 2253 4063 ι
2292 4013 2384 4065 καὶ
2416 4010 2483 4065 τὰ
2515 4010 2661 4081 ἑξῆς.
2698 4011 2772 4065 Τδ
2805 4009 3183 4081 συμπέρασμα
3218 4009 3400 4081 μέντοι
3438 4008 3539 4081 τῆς
3580 4026 3685 4063 πα-

2093 4104 2329 4177 ραϐολῆς
2357 4104 2587 4166 καὶτοῖς
2620 4102 3012 4174 ἁπλουστέροις
3042 4100 3274 4173 ἁρμόζει
3293 4118 3308 4131 ο
3341 4101 3545 4166 πάντες
3575 4101 3683 4172 γάρ

2091 4197 2210 4267 ἅμα
2262 4193 2624 4266 διδασκόμεθα
2675 4193 2959 4249 πείσεσθαι
3008 4194 3057 4247 ei
3104 4193 3302 4262 ἄφεσιν
3353 4192 3685 4265 ἁμαρτημά-

385 4309 442 4357 et
463 4310 683 4357 caetera.
736 4296 898 4354 Certe
933 4297 1208 4368 parabolas
1242 4293 1529 4351 conclusio
1557 4290 1983 4365 simplicioribus

2090 4306 2197 4345 των
2237 4287 2540 4361 εἰληφότες,
2571 4287 2666 4341 καὶ
2697 4286 2771 4360 μὴ
2815 4285 3230 4357 συγχωροῦντες
3260 4288 3373 4351 τοῖς
3409 4285 3683 4356 ἀδελφοῖς,

1592 4448 1828 4530 verus
1866 4471 2456 4529 lNTERPRETATlO.

383 4634 639 4691 debebat.
693 4633 835 4690 Sunt
868 4643 1049 4689 autem
1087 4642 1140 4687 et
1165 4631 1417 4687 conservi
1445 4628 1676 4702 quidam,
1709 4628 1830 4702 ejus
1862 4625 1955 4702 qui
1986 4623 2382 4702 indulgentiam
2401 4630 2484 4678 est
2507 4631 2838 4702 consecutus
2868 4623 3200 4702 talentorum
3227 4621 3561 4702 mulierum;
3589 4619 3682 4702 qui

384 4708 631 4761 videntes
657 4722 777 4776 quae
809 4705 947 4760 facta
988 4713 1118 4759 sunt
1148 4719 1180 4757 a
1207 4717 1368 4776 servo
1415 4693 2175 4776 immisericorde,'_habentes
2207 4696 2460 4776 videlicet
2496 4693 2939 4776 misericordiam
2990 4694 3224 4776 similem
3270 4693 3436 4776 regis,
3476 4693 3684 4773 contri—

386 4778 511 4832 stati
545 4762 687 4833 sunt.
701 4777 856 4832 valde
883 4792 1047 4845 super
1072 4789 1196 4829 cum
1228 4773 1319 4842 qui
1352 4782 1572 4845 centum
1611 4762 2147 4845 debebatdenarios,
2184 4774 2237 4819 et
2269 4767 2635 4845 incarcerem
2668 4763 2846 4818 fuerat
2868 4764 3079 4845 missus
3103 4772 3194 4845 (et
3215 4762 3459 4845 volentes
3485 4763 3682 4845 juvare

384 4832 615 4904 missum
653 4849 705 4903 in
736 4832 1034 4909 carcerein,
1062 4832 1458 4916 enarravcrunt
1484 4842 1707 4897 domino
1729 4856 1852 4909 qua:
1885 4838 2097 4916 fuerant
2120 4832 2262 4916 acta.
2298 4834 2674 4916 Et_vide_qu_ia
2715 4849 2827 4916 non
2865 4845 2950 4916 est
2974 4832 3682 4916 scriptum,detraxerunt,

384 4922 468 4973 vel
496 4922 773 4981 dixerunt,
802 4919 898 4974 sed
933 4906 1348 4971 enarraverunt.
1386 4913 1450 4967 Et
1486 4922 1617 4967 tunc
1643 4906 1848 4981 vocans
1876 4924 2001 4981 eum
2038 4908 2298 4981 dominus
2339 4907 2484 4981 ejus,
2510 4906 2651 4981 dixit
2679 4906 2906 4981 eiquod
2952 4919 3060 4959 non
3086 4906 3302 4981 dixerat
3331 4906 3687 4981 priushsicut

387 4971 772 5059 nuntiaest
795 4971 1105 5043 misericors
1132 5000 1254 5059 rex,
1282 4999 1391 5039 non
1418 4982 1644 5059 dixitjn
1674 4979 2004 5059 primis'sibi
2037 4979 2085 5031 ei
2119 4978 2303 5059 oblato
2331 4971 2488 5059 quasi
2515 4976 2746 5032 debitori
2779 4971 3111 5059 ialentorum
3146 4971 3447 5057 multorum
3473 4971 3685 5059 ί

386 5045 620 5129 nequa'm
661 5069 715 5115 et
747 5060 887 5113 male
923 5077 938 5112 :
976 5059 1080 5112 hoc
1112 5045 1258 5129 enim
1309 5053 1626 5129 reservavit,
1663 5045 1988 5129 ut_no_n_r_ie
2016 5048 2286 5129 pecuniis,
2316 5045 2413 5129 scd
2447 5047 2514 5102 de
2532 5061 2810 5129 conservo
2845 5047 2899 5100 in
2929 5061 3206 5129 carcerem
3245 5046 3432 5129 misso
3459 5045 3684 5129 diceret.

385 5111 546 5184 ride
566 5111 759 5184 autem
779 5111 832 5184 et
863 5111 1252 5198 improperavit
1278 5125 1329 5180 ei
1344 5124 1421 5198 de
1454 5111 1797 5198 indulgentia
1821 5111 2132 5198 debitorum
2160 5111 2359 5172 donata
2379 5127 2610 5198 propter
2630 5117 2974 5198 petitionem.
3002 5114 3138 5170 Vide
3162 5122 3354 5198 autem
3385 5124 3440 5170 et
3461 5111 3689 5198 immit-

385 5183 550 5255 tatcm
585 5183 751 5272 regis,
778 5183 1055 5272 quoni'mn'
1082 5195 1482 5272 aliudquidem
1503 5183 1650 5272 “fe-cit
1675 5191 1892 5272 debitor
1918 5190 2249 5272 talentorum
2282 5183 2601 5272 multorum,
2632 5183 2784 5244 ξιιυά
2813 5196 2995 5272 autem
3026 5185 3276 5272 nominat
3302 5202 3423 5272 rex.
3458 5183 3685 5272 Debitor

382 5252 548 5326 enim
575 5252 998 5340 adid-ciemus
1032 5252 1295 5340 adoravit.
1317 5281 1458 5340 eum
1483 5265 1700 5340 dicens,
1743 5262 2002 5340 dominus
2042 5268 2223 5340 autem
2263 5259 2385 5328 ejus
2426 5267 2479 5313 et
2516 5252 2610 5340 rex
2641 5271 2847 5340 vocans
2892 5271 3176 5340 eum‘non.
3202 5256 3360 5340 _dixit
3397 5272 3410 5308 :
3458 5252 3687 5340 ton-nc

381 5343 624 5397 debitum
671 5326 856 5396 dimisi
901 5340 997 5394 tibi
1032 5359 1049 5391 ι
1096 5338 1368 5408 quoniam
1396 5334 1788 5408 adomsti_me,
1819 5332 1943 5399 sed,
1993 5326 2305 5408 «quoniam
2339 5330 2541 5402 rogasti
2574 5344 2682 5408 me.
2728 5327 2799 5408 Et
2826 5327 3004 5382 iratus
3038 5326 3265 5408 tradidit
3290 5328 3685 5408 conuerteri-

380 5396 720 5480 bus,donec
757 5411 1009 5467 redderet
1046 5396 1211 5464 omne
1248 5406 1516 5463 debitum.
1552 5423 1571 5457 ι
1615 5402 1683 5459 Ει
1711 5396 1824 5473 jam
1862 5396 1969 5458 non
2009 5396 2177 5471 jussit
2214 5415 2341 5456 eum
2379 5396 2718 5469 vctiundari,
2750 5407 2807 5455 et
2835 5411 3064 5454 uxorem
3108 5396 3252 5469 ejus,
3279 5408 3334 5454 et
3365 5396 3509 5455 filios
3538 5396 3681 5467 ejus,

451 5596 495 5630 δ’
531 5595 722 5651 Matth.
752 5608 911 5660 xviii,
948 5594 1038 5649 28.
1118 5594 1163 5626 ⁸⁸
1186 5592 1318 5649 ibid.
1354 5592 1446 5648 52.
1521 5592 1567 5627 δ’
1602 5591 1737 5649 ibid.
1766 5590 1858 5647 54.
1935 5590 1983 5624 ⁵⁰

2085 5590 2161 5646 id.
2190 5590 2282 5647 35.
2358 5591 2403 5623 ³¹
2439 5588 2576 5647 Luc.
2610 5604 2728 5657 xix,
2756 5579 2850 5642 27.

453 5757 567 5830 (-25)
610 5755 754 5823 Τοὺς
797 5756 915 5811 ἀπὸ
956 5756 1075 5813 τῶν
1111 5759 1404 5829 αἱρέσεων
1448 5757 1976 5830 γρωμέτοουςηοιρ.

2088 5772 2205 5815 cem
2238 5759 2523 5830 fingentes.
2556 5752 2827 5809 “partes.

388 5824 622 5882 Marcion
648 5836 729 5881 ias
753 5867 766 5893 ,
804 5830 1050 5898 aliusque
1084 5824 1334 5899 opiﬁcem
1376 5824 1698 5886 iracundior)
1738 5839 1791 5883 ct
1836 5829 1981 5882 fero-
