4146 6424
398 397 550 457 ΊΏί

1338 392 1697 451 οοιιινιΕΝΤ.
1741 389 1807 446 ΙΝ
1844 384 2260 444 MATTHIEUM
2303 384 2545 442 TOMUS
2588 384 2724 439 XIV.

3564 385 3587 438 l
3601 384 3704 441 L32

413 523 483 579 τὰ
511 523 619 580 τοῦ
667 518 1132 594 συγχωρηθέντος,
1180 515 1274 570 καὶ
1316 517 1392 589 μὴ
1448 516 1902 588 συγχωρήσαντος
1933 513 2012 585 τῷ

2119 513 2282 566 etiam
2334 511 2618 581 congruit;
2660 509 2977 580 quicunque
3024 508 3170 563 enim
3219 516 3568 579 peccaturum
3616 524 3705 564 re-

417 613 509 667 δοῦ
522 618 618 690 λῳ.

2016 650 2027 657 .
2117 605 2434 661 missionem
2474 604 2815 674 recepimus,
2853 617 2953 658 nec
2994 617 3115 657 eam
3144 600 3408 658 fratribus
3452 600 3706 659 concedi-

426 711 775 776 mus,eadem
807 722 908 763 nos
930 717 1290 777 perpessuros
1322 703 1438 761 fore
1455 703 1739 766 docemur,
1764 717 1829 756 ac
1854 701 2006 756 illum
2043 699 2135 770 qui
2172 700 2403 770 gratiam
2435 699 2540 753 sibi
2564 697 2765 754 factam
2794 712 2954 754 servo
2983 698 3223 769 negavit.

504 822 524 857 ι
564 797 676 858 Καὶ
698 801 914 872 ἐγένετο
944 800 1033 852 ὅτε
1065 796 1377 852 ἐτέλεσεν“’ό
1421 797 1628 870 Ἰησοῦς
1657 797 1785 860 τοὺς
1816 794 2007 863 λόγους

427 896 670 959 τούτους.
714 914 733 946 ι
782 894 840 947 '0
878 892 1107 945 ἕκαστον
1140 888 1248 943 τῶν
1283 889 1660 961 προκειμένων
1694 886 1903 959 προσλη
1914 886 2010 956 μά-

429 999 537 1038 των
564 980 790 1044 ἐντελῶς
813 976 1045 1045 διεξιὼν,
1068 976 1144 1042 ὡς
1171 976 1335 1049 μηδὲν
1360 977 1543 1033 αὐτῶν
1571 978 1746 1041 ἐνδεὲς
1781 978 2008 1031 καταλι-

431 1077 572 1137 πεῖν,
599 1067 752 1135 οὗτος
769 1071 916 1124 τελεῖ
935 1070 1061 1134 τοὺς
1092 1068 1289 1123 ἑαυτοῦ
1316 1068 1527 1138 λόγους.
1557 1068 2009 1142 Θαρσαλεὼτερον

429 1165 475 1219 δ’
499 1167 564 1220 ἄν
591 1182 677 1227 τις
698 1166 1055 1234 ἁποφανείται
1089 1163 1219 1235 περὶ
1254 1162 1443 1216 τούτου
1481 1165 1763 1235 προσέχων
1818 1166 2007 1234 ἐπιμε-

426 1257 678 1329 λέστερον
712 1256 861 1328 πάσῃ
893 1255 1198 1325 ἀναγνώσει
1230 1256 1479 1320 Παλαιᾶς
1505 1257 1597 1310 καὶ
1642 1258 1854 1328 Καινῆς
1879 1258 2010 1309 Δια-

427 1349 623 1420 θήκης·
659 1347 753 1402 ἐὰν
778 1349 891 1420 γὰρ
914 1348 1007 1401 ἐπὶ
1046 1347 1271 1419 μηδενὸς
1293 1343 1326 1422 ᾖ
1357 1348 1689 1420 τεταγμένον
1714 1348 1797 1414 τὸ,
1827 1368 1847 1400 ι
1870 1348 2013 1402 Ἑτέ-

427 1436 550 1491 λεσε
581 1438 709 1501 τοὺς
740 1436 928 1506 λόγους
952 1436 1228 1501 τούτους,ι
1273 1437 1625 1509 ἢΜωῦσέως,
1657 1440 1690 1511 ἦ
1721 1456 1868 1504 τινος
1901 1440 2012 1494 τῶν

428 1528 747 1601 προφητῶν,
781 1528 957 1599 ἀλλ’ἢ
990 1528 1153 1598 μόνου
1183 1526 1274 1581 τοῦ
1321 1528 1518 1601 Ἰησοῦ,
1572 1530 1693 1583 τότε
1736 1530 2011 1603 τολμήσας

428 1619 497 1673 ἄν
520 1634 605 1682 τις
627 1619 791 1682 εἴποι,
814 1619 895 1672 ὅτι
925 1617 1120 1688 μόνους
1171 1618 1283 1689 (26)
1305 1618 1518 1671 ἐτέλεσε
1572 1621 1702 1683 τοὺς
1760 1614 1950 1689 λόγους
1981 1622 2009 1675 ὁ

2185 793 2271 847 14.
2321 810 2340 843 ι
2379 790 2447 846 Et
2495 791 2697 846 factum
2746 798 2835 845 est
2877 805 3003 846 cum
3050 802 3498 847 consummasset
3541 788 3707 847 Iesus

2113 898 2400 939 sermones
2452 883 2590 939 istos
2614 883 2681 938 ⁸³.
2719 901 2738 935 ι
2788 881 2894 949 Qui
2943 899 3390 955 unamquamque
3443 890 3705 957 qua-stio‘

2114 990 2238 1030 nem
2290 977 2631 1046 propositam
2678 974 2840 1047 plane
2886 977 3161 1042 edisserit,
3211 979 3283 1032 ita
3313 989 3372 1033 ut
3400 979 3536 1035 nihil
3566 981 3704 1035 inta-

2115 1075 2263 1122 ctum
2292 1067 2796 1138 inexplicatumque
2826 1069 3121 1139 relinquat,
3155 1069 3203 1125 is
3228 1069 3392 1141 635
3424 1087 3706 1126 sermones

2118 1175 2249 1215 suos
2274 1168 2646 1218 consummat.
2689 1158 2766 1215 Ea
2800 1169 2982 1217 autem
3019 1162 3086 1217 de
3120 1177 3179 1217 re
3200 1164 3563 1220 conﬁdentius
3590 1180 3706 1235 pro-

2119 1253 2491 1316 nuntiaverit,
2543 1254 2638 1325 qui
2699 1256 2755 1311 in
2808 1254 3017 1311 Veteris
3072 1264 3128 1311 et
3178 1255 3317 1311 Novi
3370 1256 3705 1314 Testamenti

2121 1344 2414 1400 lectionem
2441 1346 2759 1418 diligentius
2793 1348 3104 1417 incumbet;
3142 1364 3269 1404 nam
3307 1349 3355 1405 si
3395 1350 3569 1417 nulli,
3613 1366 3710 1407 ne-

2118 1451 2226 1507 que
2252 1435 2458 1508 Moysi,
2510 1453 2688 1509 neque
2713 1441 3104 1510 prophetarum
3136 1443 3395 1513 cuiquam
3418 1482 3433 1507 ,
3476 1443 3569 1497 sed
3605 1444 3707 1499 soli

2117 1524 2246 1581 Jesu
2292 1527 2615 1582 attributum
2647 1538 2731 1584 est
2769 1528 2901 1584 illud
2932 1548 2946 1584 :
2978 1549 2998 1582 ι
3034 1529 3455 1586 Consummavit
3497 1545 3709 1586 sermo-

2120 1631 2218 1671 nes
2270 1617 2406 1671 istos
2432 1617 2511 1682 ⁸³,
2574 1637 2592 1669 ι
2630 1626 2744 1671 tum
2800 1619 3060 1674 audacter
3108 1620 3460 1677 aliirmaverit
3509 1621 3711 1692 aliquis

441 1708 668 1782 Ἰησοῦς,
695 1711 725 1763 6
746 1710 913 1764 ἐλθὼν
958 1710 1109 1774 τέλος
1141 1710 1407 1765 ὲπιθετναι
1436 1713 1550 1776 τοῖς
1573 1712 1882 1784 πράγμασι,
1918 1719 2015 1769 καὶ

2121 1723 2289 1761 unum
2313 1704 2503 1764 Jesum
2535 1722 2819 1764 sermones
2848 1722 3287 1776 consummasse,
3319 1710 3415 1779 qui
3444 1710 3512 1766 ad
3545 1710 3708 1766 linem

429 1800 718 1875 πληρῶσαι
749 1801 811 1855 τὸ
838 1801 1013 1866 ἐνδεὲς
1055 1800 1150 1854 τοῦ
1209 1802 1398 1873 νόμου,
1442 1801 1533 1856 διὰ
1559 1803 1674 1857 τοῦ·
1718 1822 1738 1855 ι
1784 1805 2014 1878 Ἐρρέθη

427 1896 542 1957 τοῖς
568 1893 869 1967 ἀρχαίοις,›
903 1892 1091 1946 καὶτὰ
1120 1891 1265 1964 ὲξῆςο
1303 1894 1396 1947 καὶ
1427 1894 1608 1948 πάλιν·
1676 1914 1697 1947 ι
1727 1896 1843 1950 Ἵνα
1875 1896 2017 1968 πλη-

432 1985 579 2058 ρωθῇ
611 1984 679 2038 τὰ
710 1985 975 2057 εἰρημένα
1012 1984 1100 2038 διὰ
1130 1985 1240 2039 τῶν
1264 1986 1610 2059 προφητῶν.»
1642 1988 1781 2042 Είδέ
1808 2007 1908 2043 που
1927 1990 2020 2058 γέ-

431 2095 677 2151 γραπται
707 2078 803 2132 καὶ
831 2080 890 2131 ἐν
937 2076 1190 2142 ἐκείνοις,
1227 2079 1350 2131 τότε
1393 2077 1462 2132 ἂν
1496 2076 1725 2153 ἐξετάζῃ
1753 2079 1864 2152 (27)
1922 2081 2019 2134 καὶ⁹

430 2170 786 2234 τελεσθέντας
807 2168 899 2222 ὑπ’
932 2168 1157 2223 ἐκείνων
1206 2168 1394 2237 λόγους
1426 2169 1755 2225 τελεσθεῖσιν
1787 2173 1893 2226 ὑπὸ
1921 2171 2017 2226 τοῦ

433 2263 706 2334 Σωτῆρος,
736 2261 822 2314 ἵνα
850 2259 985 2333 εῦρῃ
1018 2260 1117 2331 τὴν
1155 2258 1418 2332 διαφορὰν
1451 2261 1632 2315 αὐτῶν
1688 2262 1827 2335 πρὸς
1854 2263 2018 2336 ἀλλή-

434 2354 582 2416 λους.
614 2353 879 2421 Καίτοιγε
909 2353 1069 2405 κάκεῖ
1103 2350 1366 2423 ζητηθείη
1395 2352 1482 2418 ἂν,
1529 2356 1580 2407 εί
1621 2355 1715 2408 ἐπὶ
1742 2355 1849 2409 τῶν
1878 2358 2021 2412 κατὰ

434 2444 818 2517 χρηματισμὸν
864 2443 1173 2514 λεγομένων
1228 2447 1407 2498 κεῖται
1458 2444 1539 2510 τὺ,
1597 2465 1616 2497 ‹
1644 2447 1940 2515 ὲτέλεσεν,›
1983 2449 2018 2521 ἢ

435 2537 531 2592 ἐπὶ
558 2536 672 2592 τῶν
703 2538 985 2602 Μωῦσέως
1017 2537 1051 2609 ἡ
1097 2554 1244 2601 τινος
1278 2537 1389 2592 τῶν
1446 2539 1740 2611 προφητῶν
1796 2541 2022 2614 εἰρημέ-

432 2642 544 2685 νων
569 2628 707 2703 (28),
739 2628 773 2702 ἧ
809 2629 905 2684 ἐπὶ
931 2629 1377 2701 συναμφοτέρων
1412 2631 1445 2701 ἡ
1477 2631 1586 2703 γὰρ
1637 2632 1900 2704 ἐπιμελὴς
1926 2634 2023 2706 τή-

435 2737 597 2793 ρησις
626 2721 859 2792 μέγιστα
886 2720 952 2775 ἂν
974 2720 1267 2775 ὑποδάλλοι
1295 2722 1544 2794 νοήματα
1569 2725 1683 2786 τοῖς
1721 2725 2022 2796 ἐπισταμέ-

433 2827 546 2877 νοις
581 2832 599 2865 ι
621 2811 972 2884 πνευματικὰ
1000 2816 1390 2882 πνευματικοῖς
1425 2815 1787 2886 συγκρίνειν.)
1820 2817 1914 2870 καὶ
1932 2818 2023 2873 διὰ

432 2902 593 2961 τοῦτο
631 2924 649 2956 ι
677 2903 935 2959 λαλοῦσιν
983 2905 1086 2959 οὐκ
1138 2906 1197 2959 ὲν
1234 2905 1499 2971 διδακτοῖς
1547 2906 1896 2980 ἀνθρωπίνης
1933 2927 2024 2963 σο-

310 3010 333 3021 ·-
433 2994 562 3066 qia;
594 2997 795 3067 λόγοις,
825 2997 940 3052 ἀλλ’
963 3000 1021 3052 ὲν
1050 2998 1319 3062 διδακτοῖς
1346 2998 1676 3071 πνεύματος.
1704 3020 1724 3052 ι
1763 3001 1957 3067 Ἄλλος
1974 3003 2019 3057 δ’

2121 1800 2287 1855 rebus
2319 1798 2747 1870 imponendum,
2785 1809 2839 1856 et
2883 1798 2955 1855 ad
3005 1801 3414 1856 resarciendum
3453 1804 3588 1874 legis
3615 1806 3708 1861 de-

2121 1889 2320 1946 fectum
2352 1892 2520 1957 venit,
2556 1898 2618 1946 ut
2643 1892 2769 1947 inde
2794 1891 3009 1948 discere
3039 1901 3124 1947 est
3153 1911 3167 1948 :
3207 1911 3226 1945 ι
3263 1893 3478 1951 Dictum
3507 1907 3592 1954 est
3618 1914 3711 1955 an-

2121 1982 2289 2053 tiquis
2317 1982 2398 2050 ⁸³,
2449 2002 2468 2036 ι
2509 1993 2563 2039 et
2593 1983 2835 2055 reliqua;
2869 1993 2925 2040 ct
2951 2000 3147 2040 rursus
3175 2004 3190 2041 :
3230 2005 3248 2039 ι
3285 1984 3356 2041 Ut
3384 1987 3712 2059 impleantur

2120 2091 2244 2145 quae
2275 2076 2417 2137 dictu
2453 2085 2584 2132 sunt
2611 2091 2709 2146 per
2749 2078 3045 2148 prophetas
3067 2077 3135 2133 ⁸⁵.
3177 2096 3197 2130 ι
3248 2077 3406 2146 Quod
3433 2081 3479 2137 si
3509 2083 3708 2139 alicubi

2121 2164 2177 2219 in
2210 2158 2278 2221 iis
2307 2165 2361 2221 id
2385 2166 2655 2237 scriptum
2681 2176 2884 2236 exstat,
2915 2181 3330 2228 consummatos
3357 2172 3427 2226 ab
3456 2171 3565 2229 illis
3594 2189 3706 2229 scr-

2122 2271 2312 2313 mones
2364 2272 2488 2317 cum
2530 2259 2931 2316 consummatis
2963 2275 2993 2315 a
3027 2258 3154 2316 Jesu
3199 2263 3548 2321 sermonibus
3581 2280 3714 2320 con-

2121 2348 2231 2417 fer,
2270 2357 2329 2404 ut
2354 2365 2545 2406 eorum
2591 2351 2888 2408 discrimen
2935 2355 3180 2424 reperias
3221 2356 3287 2410 ⁸⁸.
3346 2356 3611 2425 Quinimo
3658 2370 3714 2416 et

2122 2440 2214 2496 hic
2234 2441 2400 2499 etiam
2431 2442 2605 2512 quaeri
2632 2444 2843 2513 possit,
2898 2460 2968 2499 an
3012 2445 3065 2500 in
3114 2444 3279 2503 rebus
3308 2463 3432 2519 qua:
3457 2465 3555 2521 per
3584 2467 3712 2506 ora-

2122 2532 2306 2588 culum
2336 2534 2561 2605 prolatae
2587 2542 2739 2602 sunt,
2769 2550 2875 2591 vox
2902 2535 3019 2604 illa,
3059 2556 3078 2589 ι
3116 2541 3541 2605 consummavit,
3572 2560 3593 2593 ι
3629 2543 3713 2596 vel

2121 2639 2223 2695 pro
2252 2622 2468 2697 Moyse,
2519 2626 2603 2681 vel
2651 2642 2752 2698 pro
2803 2627 2990 2698 aliquo
3027 2644 3095 2683 ex
3123 2629 3438 2699 prophetis,
3495 2631 3578 2687 vel
3614 2647 3714 2702 pro

2124 2717 2373 2788 utrisque
2400 2717 2645 2774 adhibita
2689 2718 2762 2774 sit
2789 2736 2803 2772 :
2834 2718 3068 2790 diligens
3097 2720 3367 2790 siquidem
3402 2721 3715 2779 observatio

2124 2808 2391 2864 sublimes
2421 2808 2490 2865 iis
2521 2808 2883 2879 cogitationes
2905 2809 3382 2879 subministrabit,
3413 2813 3508 2883 qui
3544 2832 3565 2867 ι
3599 2815 3715 2886 spi.

2125 2897 2419 2954 ritualibus
2438 2898 2747 2968 spiritualia
2767 2913 3091 2970 comparare
3116 2901 3161 2933 ⁵⁷
3195 2919 3216 2953 ι
3241 2902 3449 2969 sciunt,
3487 2912 3543 2960 et
3580 2920 3711 2977 pro-

2128 3000 2315 3061 pterea
2345 3010 2364 3045 ‹
2395 2992 2696 3062 loquuntur
2709 3007 2818 3047 non
2851 2993 2905 3047 in
2944 2993 3123 3051 doctis
3158 2995 3413 3053 humana:
3436 2998 3716 3069 sapientia

434 3091 501 3145 ἄν
532 3108 615 3155 τις
648 3091 1068 3165 περιεργότερον
1101 3089 1220 3158 τοῦ,
1285 3110 1303 3144 ι
1332 3092 1597 3158 ἐτέλεσεν,
1621 3112 1639 3144 ι
1674 3094 1907 3161 ἀκούων,
1932 3114 2016 3150 τε·

2123 3082 2325 3148 verbis,
2350 3083 2442 3139 sed
2468 3083 2523 3137 in
2548 3083 2798 3138 doctrina
2829 3083 3076 3153 spiritus.
3122 3104 3142 3138 ι
3173 3085 3243 3142 At
3265 3088 3409 3144 alius
3437 3090 3710 3161 quispiam

434 3183 709 3252 ταγμένου
764 3183 997 3238 ἐπὶτῶν
1049 3184 1504 3256 μυστικωτέρων,
1554 3183 1692 3240 καθὸ
1721 3189 1750 3241 6
1806 3188 1906 3258 μέν
1936 3205 2022 3253 τις

435 3275 721 3348 παρέδωκε
749 3278 860 3340 τοῖς
886 3274 1222 3348 ὑποχειρίοις
1249 3277 1524 3348 μυστήρια
1553 3277 1649 3331 καὶ
1675 3277 1897 3343 τελετὰς
1921 3281 2022 3335 οὐκ

433 3367 757 3432 ὲπαινετῶς·
787 3370 817 3421 ὁ
841 3367 900 3421 δέ
952 3384 1037 3430 τις
1067 3368 1343 3440 μυστήρια
1372 3367 1507 3422 Θεοῦ
1544 3370 1658 3433 τοῖς
1683 3369 1875 3438 ἀξίοις,
1928 3372 2024 3426 καὶ

433 3458 696 3528 ἀνάλογον
722 3460 836 3522 τοῖς
888 3455 1150 3522 τοιούτοις
1211 3458 1530 3530 μυστηρίοις
1561 3458 1805 3526 τελετὰς,
1852 3459 2018 3526 εἴποι,

430 3551 514 3604 ὅτι
537 3549 763 3624 τελετὴν
795 3548 1025 3620 ἐποίησε
1077 3549 1294 3619 μυήσας
1351 3549 1571 3615 αὐτοὺς,
1617 3550 1683 3604 δι’
1703 3550 1770 3622 ἣν
1798 3550 2021 3624 τελετὴν

431 3643 778 3715 ἀνεφάνησαν
794 3643 842 3694 οἱ
866 3641 1012 3710 λόγοι
1043 3640 1279 3707 δυνατοὶ,
1294 3641 1373 3705 ὡς
1403 3641 1745 3714 κηρυχθῆναι
1766 3642 1829 3696 τὺ
1842 3644 2021 3713 Εὐαγ-

431 3735 609 3804 γέλιον
650 3733 827 3808 Ἰησοῦ
881 3736 939 3786 ὲν
992 3732 1098 3804 ὅλῳ
1130 3732 1210 3804 τῷ
1257 3734 1470 3806 κόσμῳ,
1506 3736 1603 3788 καὶ
1632 3736 1903 3808 κρατῆσαι
1932 3736 2021 3791 διὰ

431 3828 531 3898 τὴν
563 3825 713 3879 θείαν
756 3824 978 3894 τελετὴν
1028 3823 1210 3895 πάσης
1239 3824 1438 3896 ψυχῆς,
1470 3825 1535 3897 ἠν
1576 3825 1723 3880 ἕλκει
1757 3829 1786 3881 6
1830 3828 2020 3903 Πατὴρ

434 3917 571 3989 πρὸς
596 3918 689 3971 τὸν
724 3914 853 3969 Υίὺν
878 3913 1018 3969 κατὰ
1056 3915 1118 3968 τὸ
1151 3916 1442 3988 εἰρημένον
1475 3916 1581 3970 ὑπὸ
1608 3916 1704 3971 τοῦ
1743 3919 2014 3992 Σωτῆρος·

439 4027 456 4060 ι
487 4008 677 4071 Οὐδεὶς
710 4005 929 4078 ἔρχεται
965 4003 1104 4077 πρὸς
1142 4005 1234 4076 μὲ,
1274 4004 1371 4060 ἐὰν
1426 4005 1500 4079 μὴ
1541 4008 1569 4061 6
1603 4008 1794 4081 Πατὴρ
1824 4011 1852 4064 6
1885 4012 2020 4081 πέμ-

432 4101 539 4172 ψας
574 4117 642 4171 με
677 4098 879 4171 ἐλκύσῃ
902 4098 1124 4152 αὐτόν.)
1151 4097 1250 4151 Διὰ
1276 4097 1434 4151 τοῦτο
1464 4098 1520 4152 δὲ
1550 4099 1645 4153 καὶ
1674 4103 1704 4154 6
1729 4100 1886 4169 λόγος
1908 4100 2018 4156 τῶν

433 4193 614 4265 χάριτι
630 4188 767 4244 Θεοῦ
794 4187 1204 4256 πρεσϐευόντων
1234 4186 1293 4242 τὸ
1328 4187 1680 4257 Εὐαγγέλιον,
1709 4188 1881 4242 καὶτὸ
1912 4190 2015 4260 κή-

434 4301 619 4359 ρυγμα
672 4282 874 4348 αὐτῶν,
938 4301 958 4334 ι
983 4283 1084 4336 οὐκ
1132 4283 1191 4335 ὲν
1248 4280 1425 4334 πειθοῖ
1469 4281 1662 4350 σοφίας
1709 4281 1901 4350 γέγονε
1929 4279 2018 4334 λό-

429 4395 543 4448 γων
563 4377 699 4444 ’29),
730 4375 846 4430 ἀλλ’
886 4376 943 4427 ὲν
992 4372 1263 4438 ἀποδείξει
1314 4371 1623 4444 πνεύματος
1673 4372 2009 4444 δυνάμεως,ι

424 4457 1199 4536 οῖςὲτελέσθησλνοὶλόγοιτοῦ
1273 4458 1450 4533 Ἰησοῦ
1503 4460 1601 4532 τῆς
1646 4459 2013 4524 διδασκαλίας.

431 4561 542 4613 Καὶ
567 4561 632 4613 σὺ
669 4559 767 4630 μὲν
819 4552 913 4611 οῦν
964 4556 1227 4627 τηρήσεις
1261 4554 1453 4617 ὁσάκις
1494 4551 1709 4625 εἴρηται
1730 4552 1810 4618 τὸ,
1852 4572 1872 4605 ι
1897 4552 2017 4607 ἐτέ-

428 4649 607 4715 λεσε,ι
638 4649 735 4704 καὶ
762 4649 857 4703 ἐπὶ
883 4648 1014 4700 τίσι’
1046 4645 1191 4717 λήψῃ
1225 4645 1282 4699 δὲ
1307 4645 1658 4717 παράδειγμα
1686 4645 1750 4698 τὸ
1787 4645 1881 4698 ἐπὶ
1904 4648 2017 4710 τοῖς

431 4744 821 4814 μακαρισμοῖς,
847 4740 941 4796 καὶ
966 4739 1062 4812 ὅλῃ
1081 4741 1148 4809 τῇ
1169 4737 1486 4810 διδασκαλίᾳ
1506 4737 1852 4810 λελεγμένοις
1880 4737 2015 4811 (50),

429 4830 510 4901 οἷς
552 4835 894 4908 ἐπιφέρεται*
937 4852 955 4884 ι
980 4833 1088 4887 Καὶ
1138 4830 1354 4901 ἐγένετο
1393 4831 1484 4885 ὅτε
1528 4831 1777 4885 ἐτέλεσεν
1836 4833 1866 4885 6
1910 4832 2019 4903 ’1η-

2125 3175 2389 3246 majorem
2442 3174 2709 3231 adhibens
2758 3175 3094 3247 diligentiam
3144 3179 3567 3251 interpretanda:
3594 3186 3714 3241 voci

2124 3264 2255 3320 huic
2305 3266 2592 3339 (ἐτέλεσεν)
2647 3284 2667 3320 ι
2715 3271 3149 3337 consummavit,
3185 3290 3204 3323 i
3261 3288 3385 3343 quae
3430 3274 3596 3333 rebus
3646 3276 3714 3333 iis

2123 3356 2497 3427 signiﬁcandis
2528 3367 2861 3428 usurpatur,
2898 3360 3102 3429 quibus
3133 3362 3273 3416 inest
3303 3364 3481 3434 majus
3513 3374 3715 3437 myste-

2126 3448 2267 3503 rium
2293 3490 2309 3517 ,
2340 3449 2498 3520 juxta
2522 3449 2670 3521 quod
2700 3451 2747 3507 is
2776 3452 3718 3528 mysteriaetssisté;(initiationes)

2124 3556 2233 3596 non
2279 3542 2626 3599 laudabiliter
2677 3542 2913 3599 subditis
2965 3544 3083 3600 suis
3130 3545 3426 3600 tradidisse
3471 3546 3708 3614 dicitur;

2126 3629 2215 3685 ille
2265 3642 2446 3685 autem
2501 3632 2682 3702 dignis
2730 3634 2988 3698 mysteria
3037 3633 3156 3699 Dei,
3207 3643 3260 3687 et
3306 3634 3481 3689 instar
3510 3642 3714 3707 myste-

2122 3718 2333 3774 riorum
2367 3720 2590 3781 τελετάς
2645 3720 3028 3794 (initiationes)
3069 3738 3084 3789 ;
3135 3723 3213 3788 is,
3263 3724 3534 3795 inquam,
3610 3742 3713 3780 ιτε-

2120 3794 2312 3878 λετήν
2354 3808 2762 3880 (initiationem)
2793 3812 2991 3867 dixerit
3029 3813 3098 3868 ab
3147 3828 3214 3869 co
3267 3812 3466 3871 factam
3515 3815 3710 3885 fuisse,

2122 3918 2249 3958 cum
2277 3917 2375 3958 eos
2407 3918 2565 3958 sacra
2589 3904 2812 3971 docuit;
2840 3906 2997 3976 cujus
3024 3904 3347 3964 initiationis
3377 3923 3480 3979 ope
3509 3924 3714 3966 sermo-

2122 4007 2220 4050 nes
2269 3992 2403 4048 editi
2448 4003 2579 4050 sunt
2617 4009 2680 4050 ea
2732 3997 2934 4052 virtute
2976 3998 3226 4068 praediti,
3262 4008 3322 4055 ut
3368 4001 3710 4074 evangelium

2119 4082 2248 4141 Jesu
2282 4101 2380 4156 per
2408 4086 2726 4143 universum
2757 4091 2945 4145 orbem
2996 4088 3159 4146 fuerit
3195 4093 3625 4165 promulgatum,
3657 4104 3716 4153 et

2118 4192 2218 4247 per
2249 4177 2490 4233 divinam
2522 4178 2889 4234 initiationem
2925 4196 3144 4235 omnem
3187 4183 3427 4238 animam
3459 4199 3710 4257 compre-

2120 4268 2405 4335 henderit,
2456 4285 2622 4341 quam
2668 4267 2831 4326 Pater
2881 4273 3047 4328 trahit
3092 4273 3161 4328 ad
3187 4272 3422 4343 Filium,
3461 4277 3618 4347 juxta
3653 4279 3707 4333 id

2118 4363 2265 4430 quod
2308 4378 2340 4418 a
2374 4363 2664 4420 Servatore
2711 4365 2976 4436 scriptum
3007 4376 3091 4422 est
3120 4385 3133 4421 :
3170 4384 3191 4420 ι
3227 4366 3420 4425 Nullus
3453 4370 3599 4426 venit
3643 4374 3714 4427 ad

2124 4471 2242 4524 me,
2288 4455 2393 4511 nisi
2428 4454 2592 4512 Pater
2628 4456 2721 4527 qui
2752 4456 2902 4513 misit
2933 4475 3019 4516 me
3039 4499 3054 4525 ,
3084 4461 3312 4516 traxerit
3342 4477 3467 4517 eum
3489 4462 3538 4495 ⁸³
3560 4504 3576 4532 ,
3611 4481 3630 4516 ο
3662 4475 3717 4520 et

2123 4549 2328 4607 idcirco
2356 4564 2547 4605 eorum
2578 4565 2764 4605 sermo
2811 4551 2907 4622 qui
2956 4552 3022 4608 ad
3055 4555 3515 4624 promulgandum
3548 4572 3718 4614 evan-

2124 4644 2326 4716 gelium
2375 4641 2471 4698 Dei
2514 4643 2689 4715 gratia
2716 4643 2876 4715 legati
2908 4652 3071 4709 sunt,
3120 4655 3175 4702 et
3204 4647 3521 4717 praedicatio
3548 4666 3571 4701 ι
3604 4664 3714 4705 non

2124 4740 2178 4794 in
2230 4737 2685 4809 persuasibilibus
2736 4738 3019 4809 sapientiae
3053 4739 3267 4807 verbis,
3309 4742 3403 4796 sed
3441 4742 3495 4795 in
3530 4751 3710 4797 osten-

2123 4831 2280 4887 sione
2327 4829 2556 4900 spiritus
2583 4839 2639 4886 et
2669 4830 2888 4887 virtutis
2908 4831 2953 4863 θ’
2973 4873 2989 4901 ,
3025 4851 3043 4882 ι
3093 4833 3159 4887 ad
3191 4849 3286 4888 eus
3309 4834 3451 4887 facta
3479 4841 3597 4896 est,
3645 4835 3714 4887 al

1632 4941 1865 4999 VETUS
1904 4939 2487 4997 INTERPRETATIO.

427 5050 555 5119 quia
589 5053 746 5121 pejus
770 5064 914 5130 eun:
933 5054 1249 5130 oportuerat
1275 5041 1406 5130 pati,
1436 5048 1655 5130 propter
1685 5038 1948 5121 malitiam
1981 5055 2139 5130 suam
2166 5038 2423 5130 traditum
2451 5037 2784 5130 tortoribus,
2802 5037 2975 5130 donec
3003 5035 3246 5092 redderet
3281 5050 3444 5091 omne
3470 5034 3714 5092 debitum

433 5109 611 5176 tortus
636 5109 710 5176 a'b
736 5120 835 5175 eis.
873 5109 986 5185 Qui
1002 5125 1192 5172 autem
1223 5109 1357 5170 sum
1388 5109 1479 5167 isti
1511 5109 1773 5175 tenores,
1797 5110 1892 5180 qui
1924 5111 2206 5166 constituti
2242 5118 2373 5165 sunt
2400 5124 2565 5179 super
2594 5109 2826 5179 poenas?

498 5240 545 5272 ⁵⁸
575 5238 766 5295 Matth.
800 5254 911 5300 xix,
946 5236 992 5290 ι.
1073 5234 1119 5267 ⁸³
1151 5231 1283 5289 ibid.
1305 5230 1379 5303 ρι.
1456 5228 1503 5260 ⁵⁸
1531 5226 1722 5303 Matth.
1772 5244 1824 5295 v,
1893 5226 1984 5283 55.

2141 5225 2311 5283 Marc.
2355 5228 2604 5301 xtv,it).t
2643 5222 2680 5256 “
2712 5223 2846 5282 Luc.
2902 5239 3017 5285 xxi.
3060 5220 3151 5277 ΞΩ..
3232 5223 3277 5254 ⁸⁷
3317 5221 3490 5277 lCor.
3522 5236 3580 5289 η,
3624 5221 3712 5277 l5.

430 5306 475 5343 ⁸⁸
496 5308 659 5365 Joau.
697 5325 773 5376 vr,
806 5308 948 5364 44."
986 5306 1007 5361 ι
1054 5305 1265 5370 Cor.lt,
1291 5300 1345 5356 4.

523 5421 614 5486 23)
645 5422 901 5488 Μάγους.
927 5421 1068 5490 Lege
1098 5419 1277 5491 μόνος.

520 5492 612 5563 27)
645 5493 825 5547 Codex
853 5486 1072 5563 Regius,
1100 5486 1455 5563 ’συνεξετάζη

650 5558 1009 5642 gini/ﬁrm.
1026 5560 1186 5642 ALege
1209 5558 1518 5642 εἰρημένον.
1699 5628 1718 5642 ⁸
1745 5624 1758 5642 '

523 5570 593 5619 28
650 5570 1009 5632 Εὶρυιένων.
1044 5570 1186 5631 Lege
1209 5570 1518 5631 εἰρημενον.

523 5570 614 5702 ἐιυζ
648 5636 771 5688 Οὐκ
806 5632 877 5702 ἐν
920 5629 1111 5702 nemo;
1161 5630 1384 5702 σοφίας
1416 5626 1640 5702 γέγονε.
1679 5624 1898 5702 λόγως.
1936 5623 2015 5702 ita

427 5696 688 5762 coddlll.
724 5713 779 5758 et
808 5700 897 5768 H.,
924 5711 979 5756 at
1012 5701 1028 5754 Ι
1073 5700 1198 5755 Cor.
1234 5696 1295 5762 il,
1333 5699 1387 5763 4,
1422 5696 1502 5753 sic
1552 5696 1779 5768 habetur
1816 5696 1964 5768 gKa‘t
1986 5698 2015 5748 6

428 5777 581 5848 λόγος
604 5795 726 5850 μου,
756 5776 848 5829 καὶ
872 5766 931 5827 τὸ
960 5770 1223 5844 κήρυγμά
1248 5787 1348 5842 μου
1370 5769 1470 5824 οὐκ
1496 5770 1554 5823 ἐν
1575 5766 1783 5831 πειθοῖς
1810 5766 2018 5838 ἀνθρω-

2123 5410 2286 5479 πίνης
2322 5408 2513 5479 σοφίας
2529 5406 2731 5476 λόγοις,
2764 5404 2881 5459 ἀλλ’
2910 5407 2968 5463 ὲν
3001 5404 3271 5470 ἀποδείξει
3293 5401 3705 5473 πνεύματοςκαὶ

2124 5456 2731 5555 δυνᾶἷιεωξ--¹·Ῐέιβτ’¹υέῖ
2758 5545 2782 5555 _
2818 5543 2843 5555 -
3029 5544 3076 5555 -.
3177 5546 3267 5555 --
3398 5456 3446 5555 .’
3617 5541 3653 5555 ,.

2197 5540 2308 5675 (302
2348 5540 2461 5605 Kal
2487 5548 2605 5630 ὅαξῃ
2637 5544 2711 5617 τῇ
2748 5543 3114 5631 διςασκαῆἰᾳ
3157 5540 3562 5613 λελεγμένοις.
3614 5541 3718 5598 (Σο-

2198 5640 2225 5675 x
2261 5620 2463 5675 leuius
2493 5637 2573 5675 τω
2602 5617 2770 5675 ληστῆ
2817 5615 3133 5675 udas-itaita
3187 5613 3550 5675 λελεγμένοις,
3585 5625 3715 5675 per.

2122 5613 2225 5678 (lex
2261 5613 2463 5694 Regius
2817 5614 3160 5694 διδασκαλία.
3187 5613 3550 5694 λελεγμένοις,
3585 5625 3715 5681 per.

2535 5672 2628 5745 καὶ
2640 5672 2770 5761 bird.
2786 5689 2849 5759 τῇ
2883 5672 3199 5757 διδασκαλίᾳ
3224 5672 3567 5755 λελεγμένον.
