4146 6448
467 379 606 436 {219

1408 366 1767 430 COMMENT.
1808 371 1877 428 lN
1917 371 2332 428 MATTIL-EUM
2375 361 2611 428 TOMUS
2651 366 2792 430 XIV.

3593 383 3733 437 ιεπο

466 501 590 556 ἐπεὶ
629 500 737 554 ἔδει
790 495 1070 568 τηρεῖσθαι
1106 492 1180 564 τῷ
1241 493 1564 565 κολλωμένῳ
1596 494 1716 565 Θεῷ
1771 494 1849 564 τῷ
1897 493 2042 564 γενέ-

2150 491 2257 561 jam
2296 507 2401 546 non
2433 501 2560 548 sant
2595 494 2704 549 duo
2728 494 2796 561 τ’,
2847 513 2864 545 ι
2924 503 2974 548 et.
3024 496 3335 566 ubicunque
3376 497 3591 552 tandem
3631 501 3731 556 viri

469 593 594 648 σθαι
628 591 737 663 ('59)
771 589 930 643 αὑτὸν
955 587 1088 659 πρὸς
1116 584 1278 639 αὐτὸν
1328 584 1385 636 ἓν
1420 585 1657 655 πνεῦμα,
1684 575 1934 639 λέλεκται
1957 585 2049 637 ἐπὶ

468 684 576 738 τῶν
640 679 746 736 ὑπὸ
804 679 939 734 Θεοῦ
992 677 1432 749 συνεζευγμένων
1489 673 1629 748 μετὰ
1678 677 1772 729 τό·
1825 694 1844 727 ι
1884 677 2046 730 Ὥστε

471 773 654 828 οὐκέτι
686 773 790 826 εἰσὶ⁸
837 771 984 833 δύο,ι
1042 769 1120 822 τό·
1189 788 1207 821 ι
1268 768 1427 822 Ἀλλά
1487 767 1624 840 σάρξ
1672 767 1822 839 μία.»
1867 768 1980 821 Καὶ
2019 769 2049 820 6

471 863 603 928 Θεός
633 867 778 918 ἐστιν
823 864 851 914 6
902 861 1164 928 συζεύξας
1215 859 1283 914 τά
1327 861 1421 914 δύο
1471 862 1550 924 είς
1605 860 1682 924 ἓν,
1726 859 1814 913 ἵνα
1853 858 2048 930 μηκέτι

470 950 570 1010 ὦσι
624 949 716 1008 δύο
768 955 894 1024 παρ’
931 941 993 1006 οὗ
1028 951 1325 1023 ἁρμόζεται
1365 947 1518 1024 ἀνδρὶ
1558 946 1728 1023 γυνή·
1788 950 1881 1005 καὶ
1926 950 2048 1005 ἐπεὶ

469 1051 497 1100 6
571 1044 701 1110 Θεὸς
743 1042 1068 1109 συνέζευξε,
1136 1043 1225 1097 διὰ
1280 1043 1438 1096 τοῦτο
1497 1036 1744 1116 χάρισμά
1802 1045 1948 1096 ἐστιν
1990 1045 2048 1096 ὲν

467 1135 576 1198 τοῖς
615 1128 718 1186 ὑπὸ
763 1133 898 1186 Θεοῦ
935 1131 1400 1203 συνεζευγμένοις,
1437 1131 1574 1205 ὅπερ
1617 1133 1646 1185 6
1676 1131 1888 1196 Παῦλος
1930 1131 2048 1186 ἐπι-

467 1225 749 1294 στάμενος,
803 1223 1002 1295 ἐπίσης
1030 1223 1108 1294 τῷ
1149 1219 1287 1278 εῖναι
1330 1221 1428 1296 τὴν
1456 1222 1624 1294 ἁγνὴν
1667 1217 1909 1295 ἀγαμίαν
1948 1222 2048 1293 χά-

468 1314 638 1386 ρισμά
678 1333 811 1386 φησι
852 1317 944 1369 καὶ
974 1315 1064 1368 τὸν
1110 1315 1280 1381 κατάζ
1303 1315 1472 1385 Λόγον
1518 1315 1652 1369 Θεοῦ
1694 1315 1870 1386 γάμον
1908 1302 2048 1368 εἶναι

465 1407 727 1480 χάρισμα,
748 1408 970 1477 φάσκων
987 1423 1002 1439 ·
1036 1425 1055 1460 ι
1091 1405 1240 1460 Θέλω
1255 1407 1313 1460 δὲ
1338 1407 1547 1472 πάντας
1567 1405 1886 1480 ἀνθρώπους
1910 1401 2048 1460 εἶναι

463 1497 540 1560 ὡς
564 1495 818 1568 ἐμαυτὸν,
843 1496 956 1550 ἀλλ’
985 1497 1213 1562 ἕκαστος
1242 1496 1373 1550 ἴδιον
1402 1496 1512 1568 ἔχει
1535 1497 1780 1570 χάρισμα
1807 1499 1871 1550 ὲκ
1889 1496 2046 1563 Θεοῦ,

463 1586 522 1649 ὃς
551 1587 649 1657 μὲν
677 1585 868 1650 οὕτως,
888 1585 946 1650 ὃς
973 1578 1030 1639 δὲ
1053 1581 1245 1651 οὕτως.
1277 1606 1295 1638 ι
1326 1581 1389 1639 Oi
1418 1570 1606 1640 δὲ’ύπδ
1634 1586 1768 1640 Θεοῦ
1799 1585 2050 1651 συνεζευ-

463 1677 652 1749 γμένοι
697 1678 787 1732 καὶ
838 1677 1094 1749 φρονοῦσι
1141 1679 1233 1730 καὶ
1284 1677 1496 1732 ποιοῦσι
1533 1676 1628 1730 τό’
1672 1695 1690 1729 ι
1745 1677 1809 1732 Οἱ
1833 1677 2045 1748 ἄνδρες,

461 1773 712 1840 ἀγαπᾶτε
738 1770 840 1835 τὰς
872 1759 1156 1840 γυναῖκας,
1203 1771 1278 1835 ὠς
1315 1769 1410 1824 καὶ
1453 1771 1482 1824 6
1525 1770 1759 1842 Χριστὸς
1785 1769 1883 1841 τὴν
1929 1771 2050 1823 Ἐκ-

2155 598 2280 638 cum
2345 599 2518 639 uxore
2578 595 2764 640 mutua
2827 594 2911 640 est
2966 588 3259 642 concordia
3321 597 3375 642 et
3417 592 3734 658 consensio,

2158 663 2324 743 hujus
2366 674 2584 745 quidem
2635 685 2897 746 tanquam
2925 677 3159 742 domini,
3193 677 3338 732 illius
3365 693 3495 733 vero
3527 695 3734 750 praece-

2156 773 2247 834 pto
2275 761 2403 820 huic
2428 756 2888 837 obtemperantis:
2921 788 2940 821 ι
2970 757 3090 839 ipse
3120 760 3491 825 dominabitur
3525 771 3602 826 tui
3627 771 3728 834 ⁷⁸.»

2157 871 2282 912 vere
2312 857 2379 912 de
2407 857 2515 913 illis
2542 858 2724 914 dicere
2766 859 2896 914 licet
2921 876 2933 911 :
2968 878 2986 911 ι
3015 859 3134 913 Jam
3181 876 3288 914 non
3325 869 3452 915 sunt
3481 856 3591 915 duo
3610 861 3679 916 ⁸³.
3709 880 3730 914 ι

2156 945 2361 1002 Deinde
2403 949 2663 1018 quoniam
2710 949 2763 1004 id
2804 951 2854 1005 ei
2899 952 3286 1007 reservandum
3329 957 3447 1007 erat
3490 953 3584 1024 qui
3621 947 3735 1009 Deo

2156 1034 2419 1101 adhaeret,
2451 1052 2621 1091 unum
2657 1038 2910 1107 spiritum
2938 1055 3062 1094 cum
3103 1055 3170 1096 eo
3197 1039 3335 1095 effici
3358 1039 3425 1106 ⁸¹,
3463 1049 3588 1112 post
3619 1042 3734 1098 haec

2155 1126 2318 1181 verba
2348 1144 2362 1181 :
2404 1145 2422 1179 ι
2452 1122 2641 1199 Itaque
2675 1129 2789 1200 jam
2840 1141 2947 1185 non
2984 1136 3114 1187 sunt
3147 1131 3276 1197 duo,
3308 1151 3326 1184 ι
3375 1133 3490 1189 haec
3532 1130 3728 1190 etiam:

2161 1235 2182 1269 ι
2204 1215 2309 1272 Sed
2333 1232 2461 1274 caro
2482 1235 2590 1274 una
2611 1220 2680 1285 θ’,
2715 1239 2733 1273 ι
2765 1219 2832 1277 de
2854 1220 2922 1276 iis
2944 1223 3086 1278 dicta
3113 1232 3241 1277 sunt
3260 1224 3354 1293 qui
3388 1240 3420 1279 a
3445 1219 3556 1280 Deo
3581 1223 3734 1282 fuere.

2153 1307 2453 1378 conjuncti.
2477 1310 2554 1366 Ae
2768 1311 2910 1369 Deus
2940 1313 3160 1383 quidem
3205 1314 3252 1371 is
3288 1323 3372 1370 est
3410 1316 3500 1386 qui
3522 1316 3646 1372 'duo
3675 1317 3732 1372 in

2155 1415 2327 1455 unum
2349 1403 2639 1472 compegit,
2669 1411 2728 1457 ut
2750 1418 2816 1459 ex
2839 1418 2950 1475 quo
2993 1405 3191 1460 mulier
3238 1400 3356 1461 viro
3396 1407 3600 1477 nupsit,
3625 1408 3734 1463 duo

2155 1487 2390 1561 amplius
2414 1507 2520 1547 non
2561 1491 2698 1559 sint;
2727 1497 3064 1565 etquoniam
3099 1494 3504 1566 conjunctionis
3544 1510 3735 1555 auctor

2155 1590 2239 1638 est
2261 1582 2423 1650 Deus,
2457 1593 2743 1655 propterea
2783 1587 2851 1642 iis
2898 1589 3039 1644 inest
3081 1591 3256 1659 gratia
3291 1591 3384 1661 qui
3416 1606 3446 1645 a
3468 1589 3578 1647 Deo
3600 1606 3732 1647 con-

2149 1673 2330 1743 juncti
2351 1682 2515 1742 sunt;
2553 1679 2698 1746 quod
2735 1691 2843 1730 non
2876 1678 3134 1748 ignorans
3164 1670 3368 1737 Paulus
3397 1682 3731 1739 connubium

2157 1765 2337 1821 Verbo
2368 1766 2463 1823 Dei
2503 1777 2928 1824 consentaneum
2966 1773 3197 1839 gratiam
3238 1789 3359 1829 esse
3391 1777 3734 1844 pronuntiat,

463 1865 711 1937 κλησίαν.
727 1883 744 1915 ι
765 1863 822 1916 Ὀ
848 1862 947 1935 μὲν
974 1858 1068 1917 οῦν
1086 1859 1277 1933 Σωτὴρ
1307 1861 1609 1915 ἐνετείλατο
1630 1860 1763 1932 (40),
1783 1860 1878 1914 ἴνί
1915 1860 2042 1932 ὅπερ

2151 1858 2611 1928 quemadmodum
2644 1870 2827 1916 castus
2855 1862 3134 1918 czelihatus
3157 1864 3328 1933 gratia
3354 1873 3457 1930 est;
3485 1865 3566 1920 sic
3584 1867 3732 1922 enim

460 1957 489 2008 6
515 1955 648 2016 Θεὸς
671 1951 1007 2016 συνέζευξεν,
1023 1950 1305 2022 ἄνθρωπος
1325 1950 1399 2022 μὴ
1420 1949 1628 2022 χωρίζῃ
1648 1965 1662 1979 °
1688 1948 1971 2020 ἄνθρωπος
1991 1948 2047 2001 δὲ

460 2043 711 2114 χωρίζειν
739 2041 985 2112 βούλεται
1007 2041 1034 2094 ὃ
1054 2042 1082 2094 6
1099 2039 1231 2105 Θεὸς
1266 2037 1602 2106 συνέζευξεν,
1633 2041 1722 2094 ὅτε
1759 2058 1776 2091 ι
1801 2040 2047 2104 ἀποστὰς

461 2134 562 2204 τῆς
587 2133 773 2202 ὑγιοῦς
799 2133 1053 2197 πίστεως,
1085 2131 1365 2203 προσέχων
1387 2131 1662 2203 πνεύμασι
1697 2131 1905 2202 πλάνης
1934 2130 2044 2201 (41)

461 2226 557 2279 καὶ
575 2225 943 2288 διδασκαλίαις
956 2223 1247 2294 δαιμονίων
1278 2225 1337 2276 ὲν
1369 2223 1654 2292 ὑποκρίσει
1684 2221 2041 2294 ψευδολόγων,

461 2314 1012 2385 κεκαυτηριασμένων
1048 2312 1146 2384 τὴν
1209 2312 1344 2366 ἰδίαν
1402 2310 1740 2382 συνείδησιν,
1808 2310 2042 2364 κωλυόν-

459 2424 568 2462 των
605 2426 622 2458 ι
643 2408 703 2460 ού
737 2406 1016 2479 πορνεύειν
1047 2405 1203 2477 μόνον
1225 2404 1358 2476 (42),
1390 2402 1524 2457 ἀλλὰ
1565 2403 1660 2456 καὶ
1698 2421 1716 2454 ι
1761 2404 1980 2474 γαμεῖν,
2016 2420 2034 2454 ι

459 2496 663 2551 διαλύει
707 2499 801 2551 καὶ
829 2498 954 2561 τοὺς
983 2495 1294 2566 φθάσαντας
1329 2498 1396 2567 τῇ
1433 2493 1662 2565 προνοίᾳ
1687 2493 2041 2564 συνεζεῦχθαι

458 2589 552 2643 τοῦ
580 2588 733 2643 Θεοῦ.
769 2588 952 2642 Ταῦτα
982 2589 1082 2660 μὲν
1115 2585 1208 2642 οὖν
1239 2585 1588 2657 τηρουμένων
1614 2583 1723 2638 τῶν
1759 2583 1938 2655 ῥητῶν
1961 2585 2042 2652 είς

459 2679 530 2736 τά
553 2680 683 2754 περὶ
707 2680 957 2752 άρῤενος,
989 2680 1082 2734 καὶ
1114 2677 1334 2751 θήλεος,
1367 2677 1462 2730 καὶ
1489 2675 1702 2747 ἀνδρὸς,
1733 2675 1826 2728 καὶ
1862 2691 2044 2744 γυναι-

461 2773 574 2836 κὸς,
623 2773 698 2836 ὡς
740 2771 976 2836 ἐδίδαξεν
1015 2773 1044 2825 6
1084 2770 1275 2842 Σωτὴρ
1324 2769 1382 2822 ἐν
1427 2769 1492 2838 τῇ
1537 2766 1675 2840 πρὸς
1721 2765 1847 2830 τοὺς
1883 2767 2042 2840 dirupi.

2146 1949 2256 2004 ait:
2283 1968 2301 2002 ι
2330 1949 2468 2006 Volo
2504 1967 2694 2008 omnes
2726 1951 2974 2008 homines
2999 1967 3120 2010 esse
3143 1954 3284 2010 sicut
3311 1955 3601 2025 meipsum,
3637 1959 3733 2014 sed

2149 2041 2527 2112 unusquisque
2554 2042 2834 2111 proprium
2880 2043 3083 2098 donum
3121 2044 3283 2100 habet
3324 2061 3389 2101 ex
3427 2045 3556 2114 Deo,
3593 2048 3735 2105 alius

2147 2132 2368 2202 quidem
2409 2133 2509 2196 sic.
2558 2134 2701 2188 alius
2747 2149 2877 2189 vero
2910 2135 2991 2190 sic
3037 2135 3103 2190 ⁸³.
3139 2155 3157 2188 ι
3189 2134 3291 2203 Qui
3343 2147 3522 2194 autem
3557 2155 3587 2195 a
3625 2139 3734 2196 Deo

2146 2223 2422 2293 conjuncti
2450 2234 2581 2280 sunt
2609 2225 2663 2280 id
2697 2226 2940 2282 sentiunt
2967 2237 3021 2284 et
3043 2227 3252 2284 faciunt
3279 2246 3292 2283 :
3323 2247 3343 2281 ι
3363 2229 3500 2295 Viri,
3523 2231 3732 2304 diligite

2147 2331 2348 2371 uxores
2401 2325 2651 2382 vestras,
2708 2318 2850 2373 sicut
2901 2328 2956 2373 et
3001 2319 3252 2376 Christus
3304 2320 3493 2376 dilexit
3543 2320 3732 2380 Eccle-

2147 2407 2287 2462 siam
2322 2408 2389 2463 ⁸³.
2425 2427 2444 2460 ι
2499 2402 2780 2464 Sancitum
2831 2411 3049 2480 quidem
3097 2427 3132 2467 ιι
3182 2411 3472 2470 Servatore
3509 2408 3622 2481 est,
3673 2429 3734 2470 ut

2153 2515 2173 2550 ι
2212 2497 2359 2569 quod
2407 2497 2548 2556 Deus
2589 2500 2892 2570 conjunxit,
2944 2502 3107 2558 homo
3140 2518 3248 2558 non
3297 2512 3511 2575 separet
3529 2505 3598 2573 ⁸⁸;
3627 2525 3648 2560 ι
3677 2517 3732 2562 at

2149 2605 2405 2662 separare
2447 2592 2562 2648 vult
2608 2593 2773 2648 homo
2816 2594 2962 2664 quod
3013 2610 3044 2652 a
3078 2595 3186 2650 Deo
3226 2596 3580 2667 conjunctum
3623 2609 3728 2663 est.

2149 2683 2369 2752 quando
2409 2701 2428 2735 ι
2459 2683 2743 2741 discedens
2771 2701 2800 2740 a
2833 2702 2965 2742 sana
2990 2687 3113 2754 fide,
3133 2690 3418 2746 attendens
3447 2690 3731 2760 spiritibus

2147 2771 2374 2840 erroris,
2407 2781 2461 2827 et
2497 2773 2761 2830 doctrinis
2792 2776 3187 2832 daemoniorum
3236 2777 3288 2832 in
3327 2778 3600 2850 hypocrisi
3645 2781 3729 2836 lo-

462 2864 646 2927 σαίους
683 2863 995 2935 ἀποκρίσει,
1038 2859 1295 2932 λελέχθω.

2150 2863 2431 2931 quentium
2481 2866 2848 2932 mendacium,
2895 2877 2948 2922 et
2999 2869 3352 2923 cauteriatam
3410 2870 3726 2926 habentium

458 2972 615 3013 suam
665 2955 1076 3019 conscientiam,
1113 2953 1515 3024 prohibentium
1564 2972 1582 3004 ι
1623 2966 1728 3006 non
1771 2951 2028 3009 fornicari
2069 2957 2465 3024 tantummodo,
2523 2959 2618 3014 sed
2661 2959 2823 3014 etiam
2876 2979 2894 3013 ι
2955 2961 3158 3016 nubere
3179 2962 3287 3029 ⁸⁸,ι
3333 2977 3428 3018 eos
3478 2962 3731 3019 dissolvit

457 3050 553 3120 qui
585 3057 744 3104 antea
777 3045 872 3100 Dei
917 3056 1051 3100 nutu
1103 3043 1320 3099 fuerant
1356 3042 1656 3113 conjuncti.
1694 3041 1820 3099 Haec
1854 3042 2036 3116 itaque
2071 3045 2214 3102 dicta
2259 3047 2390 3116 sint,
2427 3049 2494 3105 iis
2548 3051 2851 3106 observatis
2899 3069 3020 3124 quae
3063 3053 3130 3108 de
3168 3070 3339 3122 mare,
3396 3064 3449 3110 et
3502 3054 3723 3120 femina,

457 3151 514 3199 et
577 3142 729 3206 viro.
782 3149 838 3197 et
886 3139 1112 3195 muliere
1154 3138 1357 3210 scripta
1403 3145 1566 3204 sunt,
1612 3139 1765 3209 juxta
1811 3139 2064 3196 traditam
2128 3158 2160 3196 a
2216 3142 2505 3202 Serratore
2557 3147 3075 3217 doetrinam,-cum
3135 3148 3426 3207 Pharismis
3496 3168 3726 3223 respou-

459 3237 627 3293 deret.

542 3333 692 3386 Ἐπεὶ
720 3331 774 3384 δὲ
810 3333 838 3385 6
865 3330 1184 3394 Ἀπόστολος
1214 3330 1294 3394 είς
1317 3329 1408 3384 τὸν
1434 3330 1667 3403 Χριστὸν
1708 3330 2040 3403 ἐκλαμϐάνει

2216 3334 2302 3389 ΓΙ.
2349 3328 2453 3389 Sed
2485 3335 2743 3406 quoniam
2776 3319 3066 3405 Apostolus
3105 3335 3172 3392 de
3198 3335 3418 3393 Christo
3456 3347 3508 3393 et
3540 3336 3726 3394 Eccle-

456 3425 551 3479 καὶ
587 3423 683 3496 τὴν
738 3422 1062 3494 Ἐκκλησίαν
1109 3423 1203 3476 τό·
1253 3441 1272 3475 ι
1328 3421 1438 3476 Καὶ
1471 3422 1684 3476 ἔσονται
1721 3424 1771 3476 οἱ
1813 3422 1907 3477 δύο
1956 3424 2035 3487 είς

456 3517 636 3588 σάρκα
663 3514 810 3584 μίαν,
827 3531 844 3566 ι
861 3511 1099 3578 λεκτέον,
1115 3516 1197 3569 ὅτι
1213 3513 1314 3568 οὐκ
1341 3513 1610 3568 ἀπέλυσεν
1631 3515 1660 3567 6
1681 3514 1914 3584 Χριστὸς
1934 3514 2036 3587 τὴν

455 3607 746 3678 προτέραν,
793 3605 860 3658 ἵν’
903 3603 1076 3667 οὕτως
1123 3603 1398 3674 ὀνομάσω,
1437 3605 1670 3672 γυναῖκα
1706 3604 1894 3668 αὑτοῦ,
1937 3604 2035 3676 τὴν

453 3699 726 3770 προτέραν
764 3696 1086 3766 συναγωγὴν
1128 3696 1248 3748 κατ’
1282 3694 1446 3766 ἄλλην
1483 3695 1685 3759 αἰτίαν,
1715 3695 1898 3768 τηρῶν
1939 3696 2030 3748 τό·

459 3808 477 3840 ι
511 3788 618 3851 Οὓς
637 3790 666 3842 ὁ
691 3787 824 3851 Θεὸς
853 3785 1189 3851 συνέζευξεν,
1207 3785 1492 3858 ἄνθρωπος
1526 3786 1600 3856 μὴ
1629 3785 1928 3858 χωριζέτω,
1963 3787 2035 3857 »ἢ

450 3882 539 3934 ὅτε
557 3880 668 3950 (45)
689 3879 1016 3950 ὲπόρνευσεν
1038 3879 1218 3949 ἐκείνη
1242 3880 1274 3949 ἡ
1301 3878 1438 3950 γυνὴ
1462 3878 1805 3948 μοιχευθεῖσα
1824 3878 1927 3931 ὑπὸ
1940 3878 2035 3932 τοῦ

451 3970 714 4043 πονηροῦ,
749 3973 844 4024 καὶ
876 3970 992 4041 μετ’
1035 3971 1244 4024 ἐκείνου
1293 3970 1726 4024 ἐπιϐουλεύσασα
1752 3968 1830 4040 τῷ
1857 3969 2031 4041 ἀνδρὶ,

2143 3426 2223 3482 sia
2259 3426 2309 3481 id
2341 3426 2546 3482 dictum
2585 3442 2708 3482 esse
2743 3427 2858 3481 vult
2889 3445 2902 3481 :
2940 3445 2958 3478 ι
2998 3426 3063 3480 Ει
3095 3437 3255 3482 erunt
3306 3429 3416 3483 duo
3461 3430 3513 3483 in
3560 3445 3725 3484 carne

2144 3527 2252 3565 una
2279 3512 2348 3579 ⁸⁷,
2374 3532 2392 3563 ι
2423 3512 2712 3568 dicendum
2738 3522 2821 3569 est
2854 3530 2960 3567 non
2993 3515 3154 3568 aliam
3201 3515 3272 3570 ob
3305 3531 3549 3584 causam,
3576 3517 3723 3587 prio-

2145 3619 2280 3668 rem,
2329 3612 2389 3658 ut
2436 3603 2509 3658 ita
2562 3605 2850 3674 appellem,
2885 3605 3170 3676 conjugem
3226 3606 3425 3674 ipsius,
3481 3608 3718 3678 priorem

2145 3709 2338 3764 nempe
2383 3710 2710 3765 synagogam
2747 3694 2917 3750 fuisse
2953 3697 3292 3766 repudiatam
3324 3712 3354 3752 a
3382 3697 3622 3764 Christo,
3653 3701 3720 3754 il—

2142 3783 2231 3837 lud
2266 3792 2552 3838 servante:
2588 3803 2606 3836 ι
2643 3783 2798 3851 Quod
2842 3784 2983 3841 Deus
3022 3788 3348 3858 conjunxit,
3395 3789 3559 3844 homo
3610 3807 3717 3846 non

2139 3884 2354 3944 separet
2376 3876 2441 3942 ⁸⁸,
2481 3896 2499 3928 ι
2531 3893 2695 3946 quam
2727 3877 2872 3948 quod
2907 3893 2935 3931 a
2967 3879 3112 3932 malo
3150 3880 3334 3934 vitiata
3370 3882 3483 3936 hate
3525 3882 3721 3938 mulier

2137 3965 2404 4021 fornicata
2437 3975 2540 4032 est,
2576 3975 2630 4021 et
2662 3982 2786 4022 cum
2821 3983 2886 4024 eo
2919 3969 3146 4024 insidias
3183 3970 3302 4024 viro
3351 3985 3452 4026 suo
3497 3972 3718 4038 struxit,

450 4064 543 4117 καὶ
571 4062 936 4116 ἀποκτείνασα
965 4061 1127 4116 αὐτὸν
1156 4062 1213 4114 ὲν
1243 4061 1320 4132 τῷ
1344 4061 1538 4129 λέγειν·
1574 4081 1592 4112 ι
1635 4055 1766 4132 Αἶρε
1799 4057 1906 4113 ἀπὸ
1932 4059 2031 4129 τῆς

2150 4071 2370 4127 :umque
2405 4060 2522 4113 neci
2553 4059 2699 4115 dedit
2728 4059 2918 4118 dicens
2945 4079 2958 4116 :
2995 4081 3012 4113 ι
3044 4053 3196 4116 Tolle
3221 4062 3489 4131 ejusmodi
3537 4063 3717 4118 homi-

1665 4173 1897 4232 VETUS
1933 4168 2516 4230 INTERPRETATIO.

447 4291 544 4332 eos
574 4274 666 4344 qui
693 4289 760 4328 ex
793 4274 902 4346 Deo
938 4274 1262 4345 junguntur.
1307 4270 1802 4346 dignum_Deo_qui
1839 4270 2046 4346 junxit,
2093 4269 2321 4346 addidit,
2367 4271 2600 4346 dicens;
2639 4291 2658 4325 ι
2691 4270 2892 4346 Itaque
2910 4270 3022 4341 jam
3069 4287 3178 4346 non
3224 4280 3354 4329 sunt
3378 4273 3508 4346 duo.
3541 4293 3559 4326 ι
3610 4273 3713 4330 Ubi

447 4341 606 4416 enim
630 4341 1066 4416 concordia'est'
1079 4353 1134 4416 et
1170 4341 1474 4416 consensus
1505 4342 1603 4396 viri
1637 4342 1703 4416 ad
1726 4341 2132 4416 ’mulieremLet
2174 4341 2418 4396 mulieris
2457 4343 2762 4416 ad_vi_rum,
2789 4341 2965 4416 hujus
2991 4343 3210 4416 quidem
3241 4341 3399 4413 quasi
3427 4345 3710 4416 principis.

449 4415 595 4471 illius
634 4425 812 4484 autem
853 4414 1010 4484 quasi
1065 4412 1777 4484 obsequentis,_secur_idum
1833 4411 1980 4484 quod
2018 4411 2225 4484 dictum
2261 4421 2396 4484 est:
2430 4429 2450 4463 ι
2499 4411 2566 4484 Et
2607 4413 2724 4482 ipse
2766 4412 2844 4467 tui
2879 4411 3277 4484 dominabitur;
3311 4432 3329 4464 ι
3375 4411 3503 4484 vere
3544 4411 3620 4470 de'
3646 4415 3716 4471 iis

446 4485 684 4540 dicitur:
724 4502 742 4534 ι
769 4480 888 4538 lani
926 4499 1032 4538 non
1066 4493 1196 4538 sunt
1217 4480 1403 4553 ϋηο.)
1437 4481 1579 4553 Ergo
1610 4480 1863 4553 Deus‘est
1888 4480 1982 4551 qui
2015 4481 2313 4553 conjunxit
2329 4482 2467 4553 duos
2511 4483 2567 4537 in
2600 4480 2792 4548 unum,
2822 4491 2886 4553 ut
2905 4482 3018 4552 jam
3067 4497 3175 4535 non
3210 4482 3328 4553 sint
3358 4483 3489 4550 duo,
3513 4486 3604 4540 ubi
3643 4501 3709 4540 ex

451 4554 560 4636 Deo
584 4562 956 4636 comparatur
1000 4568 1139 4607 uxor
1167 4553 1306 4636 viro.
1363 4543 1718 4636 Etoqu'oniam
1749 4543 2249 4636 Deuslconjunxi‘tl,
2301 4549 2641 4636 ideo_gratia
2686 4543 2876 4636 (δερῶ
2905 4543 3000 4607 ἐἰς
3041 4566 3182 4622 quos
3209 4543 3707 4636 Deus‘conjunxit.

445 4622 600 4706 Quod
630 4613 834 4705 Paulus
864 4623 1063 4688 sciens,
1092 4613 1771 4706 castnm_eonjtinctionem
1793 4613 2586 4706 gratiam'appellavit.._di6ens
2613 4640 2626 4676 :
2661 4641 2680 4674 ι
2715 4620 2848 4706 γὀιο
2872 4613 3074 4706 omnes
3096 4636 3218 4706 esse
3245 4613 3708 4706 sicrut.meipsum,

446 4688 541 4774 ge
580 4693 973 4774 unusquisque
990 4688 1466 4774 propria‘mhahet
1509 4691 1746 4774 gratiam,
1781 4688 2031 4774 e‘x'Deo‘,
2079 4688 2221 4774 alius
2269 4691 2506 4774 quid‘e’r’n.
2536 4692 2648 4774 sic,
2693 4692 2833 4774 alius
2881 4699 3062 4747 autem
3095 4688 3195 4774 sic.
3236 4711 3254 4744 ι
3309 4691 3424 4774 Qui
3451 4688 3594 4774 enim
3624 4711 3711 4774 Aex

446 4759 906 4833 Deosuntjuneti,
925 4770 980 4816 et
993 4759 1222 4833 sapiunt
1243 4769 1298 4816 et
1322 4759 1533 4833 faciunt
1549 4760 1707 4833 quoi
1727 4759 1950 4833 mandat
1977 4760 2270 4833 Apostolus
2288 4759 2364 4833 ξι
2396 4759 2531 4833 Yiri,
2557 4763 2765 4833 diligite
2795 4775 2995 4817 uxores
3023 4769 3255 4825 vestras,
3285 4763 3430 4833 sicut
3450 4762 3710 4833 Christus

450 4833 642 4902 dilexit
669 4828 967 4888 Ebelesiam
998 4849 1014 4898 ;
1054 4828 1082 4884 i
1107 4832 1238 4886 item
1266 4849 1281 4886 :
1318 4848 1337 4883 ι
1363 4830 1555 4885 Mulier
1569 4828 1645 4884 ἰιι
1673 4829 1862 4884 timeat
1887 4828 2088 4894 virum,
2131 4831 2277 4885 sicut
2303 4828 2544 4889 Ecclesia
2573 4828 2886 4897 Chi-istum;
2926 4849 2945 4882 ι
2977 4845 3168 4886 eorum
3199 4831 3509 4900 conjunctio
3533 4833 3708 4902 gratia

445 4901 755 5027 υθέὲῗῑὲθιι
791 4970 1051 5042 quoniam
1085 4969 1379 5042 Apostolus
1407 4969 1649 5041 profert:
1681 4988 1700 5021 ι
1731 4967 1798 5022 Et
1824 4979 1987 5026 erunt
2013 4968 2123 5026 duo
2153 4969 2207 5026 in
2239 4986 2407 5028 carne
2440 4986 2572 5041 una,
2609 4981 3014 5030 Sacramentum
3047 4969 3154 5026 hoc
3177 4984 3436 5038 magnum
3464 4979 3570 5039 est,
3606 4986 3709 5044 ego

510 5065 557 5098 ⁷⁸
587 5065 805 5135 Μιιιιιιἐ
841 5081 954 5132 ιιι,
995 5065 1048 5119 6.
1125 5065 1170 5135 Τ⁹
1202 5064 1466 5135 Gemitu
1511 5063 1596 5119 16.
1673 5065 1718 5135 δέ
1746 5064 1936 5120 Matth.
1980 5082 2035 5122 ιι

2158 5069 2213 5122 ϐ.
2289 5070 2332 5104 ⁸⁸
2360 5071 2382 5124 1
2408 5069 2536 5126 Cor.
2566 5085 2640 5135 vt,
2679 5068 2768 5125 17.
2857 5069 2903 5101 ⁸⁹
2933 5065 3123 5123 Matth.
3148 5081 3264 5135 ιιι,
3296 5066 3350 5123 6.
3455 5067 3503 5100 ⁸³
3532 5067 3703 5124 lCor.

444 5149 542 5203 vn,
569 5134 622 5190 7.
697 5135 744 5167 ³⁸
767 5132 967 5206 Ephes.
1010 5151 1063 5200 v,
1092 5134 1182 5189 25.
1258 5133 1304 5166 ⁸⁸
1335 5133 1525 5192 Matth.
1555 5151 1667 5201 xix,
1696 5134 1749 5189 6.
1828 5137 1874 5167 ⁸⁵
1900 5135 1917 5188 Ι
1946 5135 2042 5192 I-im

2150 5155 2195 5205 ν,
2227 5140 2276 5206 ι,
2302 5140 2358 5206 2,
2389 5140 2444 5195 3.
2520 5139 2567 5172 ⁸⁷
2594 5132 2762 5195 lCor.
2790 5153 2867 5205 vr,
2928 5137 3015 5193 16.
3105 5137 3152 5170 ⁸⁸
3175 5132 3362 5193 Matth.
3395 5152 3511 5203 ιιι,
3543 5137 3598 5192 6.

516 5230 628 5304 (3.9)
667 5233 754 5304 τῷ
775 5233 1070 5304 γενέσραι·
1095 5209 1247 5304 Lee
1271 5228 1621 5304 exeme-

2150 5230 2469 5291 LurnilianOs
2503 5243 2559 5291 et
2608 5232 2954 5304 Apostolicos
2980 5230 3288 5304 intelligit,
3336 5231 3458 5304 _qui_
3485 5226 3704 5304 nuptias

771 5298 890 5383 ῥέε-ιτ
1319 5298 1694 5368 ἐνετείλατο,
1745 5309 1850 5356 etc.
1891 5299 2026 5358 Vide

2150 5305 2472 5383 temnenda}
2501 5298 2943 5383 pronuntiabant.
2962 5299 3056 5383 _De
3083 5298 3531 5383 hisEpiphau‘jus
3561 5298 3702 5356 inter.

521 5381 596 5417 ms
624 5367 985 5438 imperfectum
1009 5367 1063 5418 in
1096 5367 1292 5418 Matth.

521 5435 632 5520 (λιι)
672 5439 1267 5520 Πνειξμασιῄπλὰνης.
1312 5436 1390 5520 ita
1430 5436 1692 5520 pristinos
1731 5439 1901 5520 infra._
1939 5437 2017 5520 Ita

2150 5375 2199 5430 i5
2225 5383 2282 5430 et
2305 5375 2394 5430 62.
2428 5367 2686 5430 Ειιὶηόεηι
2718 5385 2937 5443 quoque
2962 5370 3212 5426 hieresim
3243 5367 3378 5441 post
3412 5367 3701 5437 Origenem

2150 5445 2359 5520 implexi
2410 5453 2540 5500 sunt
2577 5441 2883 5497 Hieracitz.
2912 5439 3117 5520 ὀμειρ-
3138 5441 3208 5494 ab
3247 5438 3533 5520 Eustathio
3581 5452 3702 5520 ῐξιο-

443 5515 498 5587 et
529 5506 784 5587 pleraque
811 5508 1015 5587 habent
1052 5508 1400 5587 exemplaria,
1439 5506 1732 5587 i_'_l'im_oth_.
1767 5525 1841 5576 tv,
1880 5511 1936 5587 1,
1965 5517 2019 5587 et.

2150 5506 2305 5587 tac'ho
2352 5521 2749 5587 propugnatam
2800 5506 3044 5566 confodit
3077 5509 3412 5580 Gangrensis
3454 5508 3699 5578 synodus

447 5573 761 5648 Vulgata,'i_
789 5577 1074 5646 spiritibus
1116 5573 1340 5648 erroris.
1377 5599 1396 5632 ι
1431 5578 1580 5648 Alias
1612 5573 1838 5648 legitur,
1878 5579 1990 5633 πλό,
2121 5600 2246 5640 can.
2273 5585 2326 5638 1.
2354 5573 2441 5638 Ϊι).

443 5645 766 5771 ἶρὸἓῶιιὲιὲοά
811 5643 1116 5715 sequuntur
1160 5645 1360 5717 Syrus,
1411 5647 1587 5703 Arabs
1630 5643 1692 5703 et
1740 5643 2016 5720 Ethiops.

2150 5675 2158 5684 ν
2194 5656 2308 5725 (45)
2340 5655 2496 5708 Ὅτε.
2525 5651 2667 5722 Lege
2698 5650 2801 5704 ὅτι.
2826 5647 2995 5705 Paulo
3023 5656 3144 5718 post
3169 5646 3340 5703 codex
3369 5643 3573 5718 Regius
3605 5650 3702 5706 Iram

2150 5737 2234 5783 hct.
2263 5722 2686 5778 ἐπιϐουλεύουσα
2713 5720 2792 5783 τῷ
2823 5720 2976 5783 ἀνδρὶ
3005 5719 3099 5772 καὶ
3128 5718 3544 5776 ἀποκτείνουσα.

515 5737 1040 5854 ίῗέῗιῗέωοιυόντων
1079 5790 1149 5841 οὐ
1183 5790 1498 5856 depretian-
1523 5789 1736 5858 μόνον,
1771 5798 1877 5844 etc.
1919 5787 2019 5846 Sa-

2150 5737 2234 5790 iei,
2263 5737 2686 5778 επιῡουλευουσα
2713 5738 2792 5791 τῳ
2823 5737 2976 5792 ανορι
3005 5737 3099 5772 και
3128 5737 3544 5776 αποκτεινουσα.

454 5361 598 5438 Opus
615 5361 985 5438 imperfectum
1009 5367 1063 5418 in
1096 5361 1292 5418 ΜαιῖΙι.
