4146 6464
452 430 603 507 tas-1"

1399 437 1749 495 COMMBNT.
1790 437 1856 494 IN
1897 437 2315 498 M.\TTH.‘£UM
2355 439 2591 496 TOMUS
2617 440 2756 498 XIV.

3571 449 3709 504 I338

457 563 686 634 Ἐξῆλθε
728 563 908 618 τοίνυν
951 559 1254 634 ῆπροτέρα
1285 559 1418 633 γυνὴ
1464 564 1498 632 ή
1542 560 1617 632 μὴ
1659 558 1895 632 εὑροῦσα
1934 559 2033 630 χά-

2145 561 2273 625 viro,
2303 561 2393 617 cui
2434 576 2493 617 se
2529 562 2802 629 submisit,
2847 565 2960 619 sive
3011 564 3183 619 virum
3226 565 3371 621 hunc
3405 564 3708 623 Barabbam

453 674 538 729 ριν
605 656 839 712 ἐναντίον
887 652 979 707 τοῦ
1021 653 1245 723 ἂνδρδς,
1302 651 1380 724 τῷ
1441 651 1704 723 εὑρῆσθαι
1774 651 1833 705 ὲν
1891 652 2028 723 αὐτῇ

2145 667 2252 707 esse
2281 651 2571 707 dicendum
2600 662 2708 720 est,
2747 668 2859 724 quo
2900 654 3153 711 diabolus
3192 657 3400 726 tropice
3438 656 3714 727 signitice-

450 748 700 818 ἄσχημον
764 746 1025 816 πρᾶγμω,
1085 742 1193 797 ἀπὸ
1255 743 1355 814 τῆς
1419 742 1596 806 οἰκίας
1663 740 1760 796 τοῦ
1805 742 2033 814 άνδρδςξ

451 839 551 892 καῖ
596 837 900 892 ἀπελθοῦσα
944 834 1236 906 γεγένηται
1288 834 1445 906 ἀνδρὶ
1499 834 1693 906 ἑτέρῳ,
1743 827 1788 903 ᾧ
1836 834 2031 905 ἑαυτὴν

453 925 743 992 ὑπέταξεν,
773 927 881 980 εἴτε
912 925 1165 999 Βαραϐἄν
1202 924 1312 998 (61)
1341 925 1432 981 τὸν
1468 925 1671 997 λῃστὴν
1711 924 1817 997 χρὴ
1851 924 2034 995 λέγειν

455 1020 559 1073 τὸν
589 1019 779 1089 ἄνδρα,
812 1018 941 1072 ὄντα
982 1016 1260 1090 τροπικῶς
1298 1017 1390 1070 τδν
1436 1015 1700 1082 διάϐολον,
1750 1016 1860 1070 εἴτε
1907 1016 2031 1070 τινὰ

454 1110 680 1181 δύναμιν
706 1109 971 1183 πονηράν.
1002 1109 1119 1164 Καῖ
1139 1107 1233 1163 ἐπί
1268 1124 1428 1163 τινων
1461 1108 1559 1180 μὲν
1585 1107 1684 1179 τῆς
1712 1108 2030 1179 συναγωγῆς

452 1204 668 1276 ὲκείνης
694 1203 1009 1276 συμϐέϐηκε
1040 1204 1106 1257 τὸ·
1127 1203 1392 1276 πρότερον
1419 1204 1477 1256 ὲν
1503 1200 1587 1273 τῷ
1607 1200 1760 1272 νόμῳ
1785 1216 2031 1272 γεγραμ-

456 1294 635 1365 μένον,
685 1297 770 1367 ἐφ’
820 1296 1024 1369 ἑτέρων
1063 1296 1120 1351 δὲ
1168 1295 1229 1349 16
1269 1293 1552 1367 δεύτερον*
1595 1295 1625 1348 6
1662 1292 1772 1365 γὰρ
1813 1291 2034 1363 ἔσχατος

453 1385 594 1459 ἀνὴρ
636 1385 868 1460 ἐμίσησε
905 1386 1005 1460 τήν
1056 1388 1314 1456 γυναῖκα,
1363 1387 1458 1440 καὶ
1501 1385 1703 1458 γράφει
1738 1381 1851 1456 (62)
1895 1382 2033 1454 αὐτῇ

455 1492 588 1531 ποτε
620 1477 715 1531 ἰπὶ
749 1476 891 1532 τέλει
918 1476 1028 1532 τῶν
1059 1476 1401 1550 πραγμάτων
1446 1475 1651 1548 βιϐλίον
1681 1474 2035 1536 ἀποστασίου,

452 1566 613 1622 τοῦτο
649 1569 1056 1641 οἰκονομοῦντος
1079 1567 1173 1623 τοῦ
1210 1568 1368 1635 Θεοῦ,
1399 1567 1670 1623 καὶ-’δώσει
1704 1569 1788 1631 εἰς
1813 1565 1912 1630 τὰς
1939 1567 2033 1636 χεῖ-

458 1675 561 1733 ρας
598 1661 796 1733 αὐτῆς,
844 1662 946 1715 καὶ·
988 1659 1353 1728 ὲξαποστελεΐ
1383 1658 1553 1731 αὐτὴν
1603 1660 1667 1712 ὲκ
1712 1657 1812 1729 τῆς
1866 1655 2042 1719 οἰκίας

2122 750 2244 808 'tur,
2285 740 2448 813 65.3
2494 743 2610 798 sive
2645 742 2909 798 nefariam
2960 744 3199 815 aliquam
3250 753 3593 815 potestatem.
3647 742 3715 800 Et

2133 851 2262 891 vero
2289 836 2617 908 quibusdam
2655 855 2723 895 ex
2765 839 2855 894 illa
2890 856 3163 912 synagoga
3212 840 3438 911 contigit
3470 839 3522 894 id
3566 839 3711 911 quod

2135 928 2189 983 in
2222 929 2339 1000 lege
2370 929 2554 1001 priore
2589 930 2708 985 loco
2736 930 2997 1000 scriptum
3033 940 3153 995 est;
3195 930 3318 987 aliis
3347 940 3526 986 autem
3567 929 3715 1001 quod

2134 1020 2409 1085 secundo;
2442 1029 2754 1090 postremus
2780 1022 2924 1076 enim
2958 1021 3048 1076 ille
3078 1022 3164 1077 vir
3191 1035 3417 1076 uxorem
3447 1020 3574 1077 odio
3618 1019 3718 1073 ha-

2141 1108 2280 1176 buit,
2311 1118 2365 1165 et
2391 1110 2441 1165 ei
2470 1110 2686 1169 tandem
2717 1111 3010 1182 aliquando
3049 1111 3104 1166 in
3150 1112 3259 1167 line
3286 1126 3469 1166 rerum
3498 1107 3711 1181 repudii

2136 1200 2378 1256 libellum
2403 1202 2467 1268 η,
2499 1201 2609 1259 Deo
2635 1203 2688 1258 id
2717 1209 3009 1270 statuente,
3045 1202 3277 1271 scribet,
3302 1202 3463 1272 eique
3506 1201 3567 1259 in.
3603 1216 3718 1255 ma—

2139 1306 2248 1347 nus
2270 1291 2440 1359 dabit,
2474 1301 2524 1349 et
2564 1293 2715 1349 illam
2751 1293 2817 1349 de
2848 1294 3015 1349 domo
3061 1309 3160 1350 sua
3202 1293 3418 1365 ejiciet;
3456 1289 3719 1364 quemad-

2142 1381 2365 1437 modum
2397 1383 2542 1439 enim
2573 1403 2592 1435 ‹
2620 1384 3462 1455 inimicitiasponet,serpentem
3499 1381 3640 1437 inter
3663 1388 3721 1435 et

2144 1472 2835 1541 mulieremtbonuslieus,
2856 1494 2874 1528 ι
2900 1477 3112 1532 etinter
3143 1491 3332 1533 semen
3363 1475 3519 1547 eius.
3546 1482 3599 1529 et
3634 1488 3721 1528 se—

2144 1579 2268 1620 men
2298 1564 2520 1629 illius";
2550 1582 2570 1618 ι
2590 1564 2873 1623 itaeﬂiciet
2906 1567 3072 1635 Deus,
3114 1576 3176 1623 ut
3200 1582 3322 1623 eam
3364 1566 3490 1622 odio
3523 1564 3723 1620 habeat

2144 1665 2453 1727 postremus
2480 1657 2583 1711 vir.

453 1753 651 1809 αὐτοῦ·
699 1755 777 1819 ὥς
817 1756 923 1829 γὰρ
973 1774 992 1808 ι
1059 1754 1258 1827 ἔχθραν
1310 1774 1331 1807 ι
1394 1754 1423 1806 6
1476 1752 1676 1823 ἀγαθὸς
1716 1751 1850 1815 Θεὸς
1895 1769 1914 1802 ι
1958 1749 2111 1820 θήσει
2149 1749 2251 1804 άνὰ
2305 1753 2473 1823 μέσον
2513 1753 2609 1806 τοῦ
2655 1753 2831 1824 δφεως
2874 1755 2967 1808 καὶ
3020 1754 3119 1825 τῆς
3159 1757 3439 1824 γυναικῖς.
3486 1754 3579 1806 καὶ
3618 1752 3722 1806 ἀνι

458 1849 621 1919 μέσον
661 1848 757 1904 τοῦ
804 1850 1125 1922 σπέρματος,
1166 1848 1356 1916 αὑτοῦ,
1412 1849 1507 1902 καὶ⁸
1554 1846 1658 1903 ἀνὰ
1713 1847 1883 1920 μέσον
1941 1843 2036 1899 τοῦ
2096 1844 2411 1920 σπέρματος
2477 1847 2668 1920 αὐτῆς,
2704 1867 2722 1900 ι
2772 1847 2945 1912 οὕτως
2982 1850 3345 1919 οἰκονομήσει,
3394 1846 3481 1899 ἴνα
3515 1845 3721 1916 μισήσῃ

455 1945 629 2014 αὐτὴν
658 1945 688 1999 6
711 1943 851 2017 ἀνὴρ
879 1946 919 1998 ό
941 1944 1197 2014 ἔσχατος-

526 2038 649 2091 Eia).
693 2038 752 2092 δέ
798 2034 881 2103 οἷς
928 2038 1247 2111 συμϐέϐηκε
1290 2041 1559 2094 συνοικεῖν
1603 2039 1696 2093 τδν
1742 2039 1912 2111 ἄνδρα
1966 2038 2041 2110 μή

2213 2033 2303 2090 20.
2348 2033 2484 2089 Sunt
2532 2047 2660 2089 vero
2692 2032 2939 2089 nonnulli
2972 2047 3096 2088 cum
3142 2029 3345 2102 quibus
3389 2044 3499 2083 una
3543 2028 3719 2082 virum

459 2131 766 2200 μισήσαντα
813 2131 1033 2196 αὐτοὺς,
1061 2131 1142 2204 τῷ
1191 2133 1526 2204 παραμεῖναι
1557 2133 1615 2186 ὲν
1641 2130 1721 2203 τῷ
1766 2131 1902 2203 οἴκῳ
1948 2128 2042 2184 τοῦ

456 2221 688 2293 ἐσχάτου
715 2222 909 2294 ἀνδρὸς
943 2222 1078 2296 (63),
1111 2224 1207 2278 καὶ
1233 2222 1488 2289 λαϐόντος
1535 2224 1713 2279 αὐτῶν
1746 2223 1844 2296 τὴν
1882 2240 2044 2278 συνα-

455 2311 643 2384 γωγὴν
667 2311 848 2384 ἑαυτῷ
872 2316 1109 2384 γυναῖκα
1126 2332 1140 2345 ο
1177 2313 1315 2369 ἀλλὰ
1338 2318 1432 2370 καὶ
1460 2316 1554 2370 ἐπὶ
1575 2315 1780 2370 τούτων
1804 2316 2043 2388 ἀποθνή-

457 2417 577 2455 σκει
608 2401 638 2455 6
682 2401 911 2473 ἔσχατος
954 2403 1115 2476 ἀνὴρ,
1160 2405 1302 2475 τάχα
1343 2404 1510 2477 ήνίκα
1554 2404 1623 2460 ἂν
1672 2424 1692 2459 t
1744 2408 1774 2461 6
1819 2405 2046 2478 ἔσχατος

456 2492 650 2566 ἐχθρὸς
680 2491 921 2565 Χριστοῦ
950 2497 1201 2568 καταργῇ
1250 2494 1361 2568 (64)
1400 2496 1658 2560 θάνατος-
1681 2519 1704 2550 ι
1760 2498 2048 2572 Ὁπότερον

455 2585 513 2637 δὲ
546 2584 750 2639 τούτων
783 2585 851 2640 ἂν
893 2585 1139 2658 γένηται,
1181 2588 1291 2641 εἴτε
1321 2587 1384 2642 16
1420 2589 1687 2663 πρότερον
1725 2590 1845 2644 εἴτε,
1865 2591 1928 2645 τὸ
1956 2609 2047 2646 τε-

457 2678 704 2734 λευταῖον
755 2680 823 2753 τῇ
857 2682 1099 2751 γυναικὶ,
1131 2700 1151 2733 ι
1189 2682 1250 2736 οὐ
1294 2681 1586 2754 δυνήσεται
1616 2683 1767 2756 (65),.
1787 2685 1994 2755 φησὶν,,
2016 2685 2051 2737 ὅ

458 2770 597 2843 ἀνὴρ
628 2773 658 2826 6
688 2772 952 2844 πρότερος
980 2792 999 2825 ι
1023 2776 1052 2827 6
1084 2771 1471 2841 ἐξαποστείλας
1503 2774 1693 2846 αὐτὴν,
1712 2774 2047 2847 ἐπαναστρέ-

458 2863 567 2930 ψας
621 2881 641 2915 ‹
686 2863 874 2921 λαϐεῖν
914 2864 1086 2936 αὐτὴν
1127 2865 1206 2937 τῷ
1238 2859 1375 2919 εἶναι
1406 2865 1585 2938 ἑαυτῷ
1616 2868 1871 2936 γυναῖκα,
1909 2867 2047 2939 μετὰ

460 2951 521 3006 1b
581 2953 871 3026 μιανθῆναι
922 2955 1112 3027 αὐτὴν,
1165 2958 1254 3011 ὅτε
1310 2956 1608 3029 βδέλυγμα,
1663 2960 1850 3031 φησιν,
1898 2960 2046 3014 ἐστὶν

459 3043 701 3097 ἐναντίον
750 3043 955 3116 Κυρίου
986 3046 1080 3099 τοῦ
1114 3045 1249 3100 Θεοῦ
1295 3064 1406 3101 σου.
1446 3067 1466 3101 ι
1506 3047 1666 3103 Ἀλλά
1703 3048 1877 3105 ταῦτα
1906 3050 2047 3118 δόξει

460 3134 551 3206 μή,
569 3135 881 3209 κατάλληλα
905 3132 1045 3192 εἶναι
1072 3137 1151 3210 τῷ
1169 3154 1182 3169 ο
1218 3157 1238 3191 ι
1284 3138 1409 3193 Ἐὰν
1439 3139 1501 3193 τὸ
1528 3140 1798 3213 πλήρωμα
1826 3141 1934 3195 τῶν
1959 3141 2048 3196 ὲθ-

456 3224 568 3281 νῶν
595 3227 833 3300 εἰσέλθῃ,
855 3231 962 3294 πᾶς
1006 3230 1222 3303 Ἰσραήλ
1237 3231 1538 3304 σωθήσεται
1559 3249 1573 3263 ·
1602 3252 1622 3286 ι
1654 3235 1757 3306 ὅρα
1786 3234 1850 3291 δὲ
1875 3234 2048 3290 al.65-

458 3334 617 3373 ναται
653 3320 749 3373 καὶ
783 3321 920 3395 πρὸς
945 3320 1105 3377 τοῦτο
1145 3320 1424 3391 λέγεσθαι,
1458 3324 1542 3378 δτι
1578 3325 1829 3391 πάντως,
1855 3328 1904 3380 εί
1945 3344 2048 3382 σωτ

455 3408 705 3483 θήσεται,
732 3413 813 3487 τῷ
860 3414 953 3469 τὸν
983 3414 1154 3487 ἄνδρα
1199 3414 1372 3486 αὐτῆς
1414 3415 1506 3472 τὸν
1548 3418 2049 3492 πρότερονὲπανα-

457 3500 768 3572 στρέψαντα
789 3502 975 3558 λαϐεῖν
1003 3503 1175 3577 αὐτήν
1196 3503 1275 3576 τῷ
1303 3501 1443 3560 εἶναι
1474 3506 1626 3578 αὐτῷ
1648 3509 1882 3577 γυναῖκα
1912 3510 2049 3581 μετὰ.

455 3588 520 3644 16
553 3591 846 3664 μιανθῆναι
870 3594 1041 3667 αὐτὴν
1077 3593 1403 3666 σωθήσεται.
1444 3594 1646 3668 ’ἱερεὺς
1669 3597 1769 3669 μὲν
1796 3592 1891 3654 οὖν
1916 3600 2050 3671 πόρ-

454 3698 558 3752 νην
591 3683 685 3737 καὶ
705 3683 1116 3759 ἐκϐεϐλημένην
1145 3688 1207 3741 οὐ
1237 3686 1468 3760 λήψεται
1499 3689 1702 3760 ἑαυτῷ,
1725 3692 1973 3759 γυναῖκα,
1986 3690 2055 3747 δέ.

459 3786 544 3835 τις
591 3771 702 3845 (66)
747 3775 809 3828 οὐ
864 3774 1165 3841 κωλύεται,
1201 3778 1285 3842 ὡς
1323 3778 1691 3852 ὑποϐεϐηκὼς
1727 3782 1821 3836 τὸν
1874 3782 2044 3855 ἱερέα,

461 3863 687 3935 ποιῆσαι
713 3865 775 3918 τδ
818 3856 1078 3922 τοιοῦτον.
1123 3869 1262 3923 Ἀλλ’
1291 3869 1388 3925 ἐὰν
1421 3872 1676 3944 περὶτῆς
1721 3874 1832 3929 τῶν
1877 3875 2047 3932 ἐθνῶν

461 3952 706 4024 κλήσεως
760 3952 858 4025 τὴν
912 3955 1120 4029 πόρνην
1177 3957 1368 4031 ζητῇς,
1423 3959 1617 4034 χρήσῃ
1659 3959 1774 4032 τῷ·
1825 3981 1844 4014 ι
1898 3961 2046 4017 Λάϐε

463 4042 676 4115 σεαυτῷ
706 4048 942 4114 γυναῖκα
967 4047 1243 4119 πορνείας,
1279 4049 1374 4105 καὶ
1397 4049 1564 4103 τέκνα
1595 4050 1871 4124 πορνείας,
1903 4071 1922 4105 ι
1952 4055 2048 4111 καὶ

460 4136 574 4199 τοῖς
613 4135 738 4206 ἑξῆς
760 4152 773 4166 ο
807 4135 883 4202 ὡς
913 4139 1023 4211 γὰρ
1044 4140 1093 4192 0i
1123 4139 1286 4213 ἱερεῖς
1314 4139 1372 4193 ὲν
1396 4139 1475 4211 τῷ
1510 4140 1639 4213 ίερῷ
1675 4142 1738 4196 τὸ
1777 4142 2046 4198 σάϐϐατον

462 4226 822 4299 βεϐηλοῦντες
844 4230 1074 4285 ἀναίτιοί
1108 4232 1285 4285 εἰσιν·
1320 4230 1494 4298 οὕτως
1522 4235 1582 4288 ὲν
1611 4233 1787 4306 καιρῷ
1828 4235 2044 4307 λαμϐά-

460 4337 568 4374 νων
609 4323 843 4392 γυναῖκα
871 4321 1128 4397 πορνείας
1152 4325 1181 4377 6
1209 4324 1487 4380 ἐκϐάλλων
1510 4326 1611 4398 τήν
1641 4327 1917 4400 προτέραν
1947 4345 2048 4398 γυ·-

460 4414 622 4467 ναῐκα
643 4414 739 4468 καὶ
759 4413 1000 4478 ἀναίτιός
1023 4416 1162 4479 ἐστι,
1177 4416 1406 4487 ποιήσας
1428 4416 1561 4471 αὐτὸ
1585 4416 1727 4472 κατὰ
1747 4416 1846 4488 τὴν
1872 4419 2047 4490 πρόσ-

459 4502 611 4569 ταξιν
641 4504 760 4569 τοῦ,
786 4505 874 4559 ὅτε
907 4506 1007 4574 δεῖ,
1042 4507 1318 4572 εἰπόντος,
1334 4508 1428 4561 καὶ
1470 4508 1576 4573 ἕως
1611 4508 1781 4581 ἐχρῆν
1806 4509 1870 4563 τό
1893 4526 1906 4541 ·
1938 4510 1980 4563 Γ
1980 4528 2043 4562 υ-

461 4594 624 4648 ναῖκα
669 4595 874 4667 πόρνην
900 4595 962 4651 οὐ
1003 4597 1232 4670 λήψεται
1253 4616 1267 4630 ο
1300 4598 1396 4652 καὶ
1422 4598 1511 4652 ὅτε
1541 4596 1762 4670 εὔλογον
1788 4596 1877 4673 ἦν,
1912 4603 2048 4674 φησὶΙ

2147 2127 2396 2184 habitare
2428 2126 2695 2196 contingit
2723 2125 2949 2181 minime
2975 2138 3071 2180 eos
3100 2123 3228 2180 odio
3259 2121 3573 2187 habentem,
3592 2135 3715 2175 cum

2147 2219 2201 2275 in
2233 2219 2335 2274 viri
2366 2219 2530 2275 domo
2580 2224 2837 2272 maneant
2863 2256 2878 2282 ,
2919 2216 3016 2286 qui
3057 2224 3113 2271 et
3150 2229 3341 2271 eorum
3389 2227 3720 2287 synagOgam

2146 2311 2431 2383 coniugem
2472 2310 2575 2367 sibi
2613 2309 2887 2379 sumpsit;
2935 2306 3030 2364 sed
3066 2315 3122 2364 et
3165 2315 3395 2364 mortem
3435 2304 3550 2361 obit
3584 2306 3723 2359 into.

2148 2404 2249 2458 rim
2287 2411 2595 2472 postremus
2628 2402 2732 2467 vir,
2765 2409 2880 2454 tum
2912 2398 3146 2456 fortasse
3174 2414 3301 2456 cum
3336 2417 3356 2453 (
3385 2396 3723 2454 novissimus

2148 2494 2324 2552 hostis
2365 2492 2571 2548 Christi
2616 2492 2915 2548 destruitur
2957 2506 3108 2547 mors
3133 2492 3201 2547 ".
3231 2510 3250 2545 ι
3296 2489 3368 2545 At
3405 2487 3726 2545 utrumlibet

2149 2584 2366 2648 horum,
2389 2584 2505 2640 sive
2531 2584 2705 2655 prius,
2736 2583 2850 2640 sive
2872 2591 3210 2654 postremum
3241 2582 3462 2653 conjugi
3487 2579 3720 2646 eveniat,

2154 2694 2173 2727 ι
2204 2692 2312 2731 non
2347 2678 2567 2749 poterit,
2599 2674 2858 2747 inquit“,
2892 2675 3039 2746 prior
3072 2674 3304 2731 maritus
3327 2692 3346 2727 ι
3367 2673 3463 2744 qui
3481 2688 3603 2729 eam
3639 2672 3724 2727 di-

2148 2764 2873 2836 misit,reversus«recipere
2902 2781 3024 2820 eam
3058 2764 3115 2820 in
3148 2780 3400 2829 uxorem.
3430 2774 3720 2836 postquam

2149 2857 2352 2929 polluta
2377 2869 2490 2923 est,
2525 2857 2749 2929 quando
2780 2858 3189 2925 abominabilis,
3218 2859 3430 2931 inquit,
3463 2858 3604 2914 facta
3637 2866 3723 2914 est

2149 2964 2332 3005 coram
2361 2947 2594 3004 Domino
2621 2945 2732 3004 Deo
2763 2957 2876 3004 tuo.
2912 2968 2932 3001 ι
2980 2949 3087 3006 Sed
3120 2949 3235 3004 haec
3261 2964 3369 3006 non
3396 2947 3722 3004 videbuntur

2148 3041 2269 3098 istis
2309 3054 2653 3112 congruere:
2685 3059 2703 3092 ι
2736 3039 2793 3095 Si
2825 3039 3103 3110 plenitudo
3130 3039 3371 3111 gentium
3402 3040 3720 3105 intraverit,

2149 3133 2330 3189 omnis
2380 3130 2545 3188 Israel
2591 3132 2778 3189 salvus
2797 3132 2946 3188 flet"
2967 3149 3013 3200 ;›
3034 3148 3220 3187 verum
3253 3131 3624 3189 animadverte
3652 3147 3721 3188 au

2149 3223 2215 3277 ad
2249 3222 2304 3278 id
2348 3222 2663 3293 responderi
2698 3231 2898 3294 queat,
2931 3222 3078 3295 quod
3124 3221 3170 3278 si
3201 3222 3431 3279 salutem
3462 3223 3722 3294 adcpturn

2149 3324 2267 3377 cst,
2313 3328 2535 3369 necesse
2563 3314 2635 3368 sit
2658 3353 2676 3378 .
2712 3322 2771 3369 ut
2808 3329 3029 3370 reverso
3060 3313 3238 3385 priore
3267 3314 3464 3369 marito
3505 3330 3624 3372 eam
3666 3316 3723 3373 in

2149 3406 2436 3477 coniugem
2464 3405 2568 3461 sibi
2599 3415 2878 3471 sumente,
2906 3414 3195 3476 postquam
3227 3405 3433 3476 polluta
3479 3413 3599 3473 est,
3634 3421 3724 3463 sa-

2150 3498 2317 3552 lutem
2349 3506 2735 3567 consequatur.
2772 3495 3109 3553 Meretricem
3136 3496 3355 3568 quidem
3384 3505 3441 3555 et
3474 3496 3725 3569 repudia-

2150 3598 2260 3645 tam
2292 3590 2546 3649 sacerdos
2576 3604 2801 3648 uxorem
2839 3589 2941 3646 sibi
2970 3604 3076 3648 nou
3108 3588 3428 3659 accipiet";
3448 3587 3724 3661 .etquivis

2149 3689 2324 3755 alius,
2378 3696 2566 3760 utpote
2608 3686 2891 3743 sacerdote
2937 3685 3192 3753 inferior,
3236 3684 3532 3756 quominus
3581 3682 3726 3739 idem

2150 3778 2337 3846 faciat,
2368 3778 2593 3835 minimc
2625 3777 2966 3848 prohibetur.
2993 3774 3101 3831 Sed
3126 3776 3172 3831 si
3197 3776 3252 3830 in
3284 3774 3567 3830 vocatione
3595 3787 3726 3843 geu-

2150 3871 2283 3926 tium
2333 3870 2673 3926 meretricem
2715 3867 3062 3941 quaesiveris,
3111 3865 3216 3923 hoc
3258 3866 3380 3922 loco
3429 3865 3597 3919 utitor
3629 3863 3670 3896 "
3708 3882 3727 3919 ε,

2152 3981 2171 4014 ‹
2203 3959 2369 4017 Sume
2396 3959 2492 4015 tibi
2516 3976 2749 4018 uxorem
2778 3959 3228 4023 fornicationum,
3247 3966 3302 4013 et
3324 3956 3524 4012 liberos
3553 3952 3723 4009 furni.

2146 4057 2444 4120 cationum,
2469 4060 2730 4123 retquaz
2762 4060 2891 4108 sunt
2924 4051 3180 4121 deinceps
3215 4067 3232 4106 :
3264 4047 3732 4121 quemadmodum.

2145 4144 2290 4200 enim
2320 4143 2631 4200 Sabbatum.
2651 4143 2918 4198 violantes
2950 4142 3005 4197 in
3032 4141 3240 4212 templo
3271 4139 3586 4198 sacerdotes
3614 4139 3727 4195 cri-.

2147 4237 2296 4291 mine
2327 4235 2615 4303 vacant";
2641 4236 2716 4291 ita
2743 4236 2838 4306 qui
2865 4235 3093 4290 dimissa
3122 4233 3304 4305 priore
3336 4232 3569 4303 conjuge
3591 4246 3731 4291 tuo:

2147 4342 2261 4399 rem
2308 4325 2688 4382 fornicationis
2736 4334 3040 4397 opportune
3083 4340 3149 4380 ac
3183 4323 3725 4395 tempestiveducit.

2144 4427 2200 4471 et
2224 4416 2385 4488 culpa
2409 4425 2564 4474 vacat
2588 4416 2685 4487 qui
2730 4416 2784 4472 id
2833 4415 2964 4472 facit
2994 4415 3256 4472 mandato
3301 4415 3423 4485 ejus
3445 4417 3727 4483 obtempe-

2146 4526 2276 4566 rans
2308 4509 2402 4581 qui
2449 4510 2672 4580 quando
2700 4518 2755 4565 et
2784 4518 3058 4580 quatenus
3108 4509 3366 4567 meretrix
3407 4523 3518 4565 non
3561 4507 3632 4563 sit
3670 4508 3731 4569 in

2146 4617 2371 4660 uxorem
2419 4601 2704 4671 sumenda,
2748 4601 2951 4658 edixit:
2991 4609 3048 4656 at
3079 4600 3391 4672 quandmid
3423 4615 3728 4673 congruere

458 4684 559 4738 τό·
590 4704 609 4737 ι
641 4683 785 4740 Λάϐε
819 4686 1031 4759 σεαυτῷ
1065 4691 1292 4758 γυναῖκα
1311 4691 1568 4763 πορνείας
1589 4708 1604 4722 ο
1644 4710 1663 4743 ›
1691 4690 1767 4755 ὡς
1797 4691 1907 4764 γὰρ
1931 4692 2042 4748 Κύ-

2148 4695 2325 4751 visum
2350 4703 2436 4750 est
2457 4695 2588 4759 ..εἰς
2614 4693 2729 4749 ait:
2763 4712 2789 4746 ι
2811 4691 2981 4750 Sume
3014 4693 3112 4750 tibi
3141 4708 3369 4749 uxorem
3406 4691 3731 4751 fornicatio-t

462 4777 575 4848 ριός
599 4779 715 4832 εστι
746 4777 843 4832 τοῦ
879 4778 1148 4835 σαϐϐάτου
1181 4783 1210 4836 6
1243 4781 1375 4846 Υἱὸς,
1396 4781 1490 4836 τοῦ
1533 4782 1962 4856 ἀνθρώπου,.κα“ι
1980 4786 2050 4843 οιὶ

456 4869 642 4935 δοῦλος
665 4870 760 4926 τοῦ
796 4871 1088 4938 σαϐϐάτου,
1111 4872 1187 4937 ὥς
1215 4872 1627 4941 όιλαδς,.οὖτως
1653 4875 1860 4949 Κύριός
1895 4877 2043 4934 ἐστιν

455 4962 486 5014 6
507 4961 598 5016 τὸν
627 4963 789 5029 νόμον
821 4962 1018 5029 διδοὺς,
1050 4963 1250 5019 διδόναι
1277 4965 1377 5035 μὲν
1397 4985 1415 5016 ι
1440 4966 1570 5039 ἄχρι
1598 4966 1790 5038 καιροῦ
1816 4965 2042 5041 διορθώ-

460 5069 618 5119 σεως,
633 5072 652 5107 ι
671 5055 766 5110 καὶ
789 5055 1078 5113 ἀλλάσσειν
1100 5056 1281 5128 νόμον·
1306 5058 1628 5121 ἐπιστάντος
1649 5058 1706 5113 δὲ
1729 5059 1825 5115 τοῦ
1846 5061 2041 5135 καιροῦ

2144 4802 2299 4845 num.
2332 4806 2352 4840 ι
2387 4785 2721 4844 Sicutenim
2743 4785 3011 4845 Dominus
3040 4794 3125 4842 est
3162 4784 3390 4841 Sabbati
3418 4783 3592 4841 Filius
3624 4783 3732 4840 ho-.

2145 4880 2345 4945 minis,
2378 4894 2478 4936 nec
2501 4878 2979 4948 Sabbatiservus,
3017 4887 3077 4935 ut
3106 4878 3374 4950 populus;
3425 4877 3501 4931 ita
3522 4875 3614 4947 qui
3647 4876 3726 4931 le-

2142 4986 2265 5044 gem
2295 4971 2410 5038 dat,
2441 4988 2461 5022 ι
2493 4986 2667 5042 usque
2692 4971 2760 5027 ad
2794 4979 3008 5041 tempus
3040 4967 3453 5027 correctionis“
3484 4986 3504 5020 ι
3549 4967 3722 5039 legem

2147 5062 2295 5120 ferre
2340 5072 2399 5119 et
2434 5070 2648 5120 mutare
2695 5070 2906 5135 potest;
2959 5061 3248 5132 ingruente
3294 5073 3425 5115 vero
3478 5066 3725 5130 tempore

530 5175 575 5206 ¹³
599 5173 819 5252 ρσςιιιεν.
846 5195 995 5252 13w,
1013 5180 1066 5234 5.
1097 5249 1114 5252 Α
1146 5180 1191 5212 ⁸⁸
1211 5177 1455 5252 Gen,_m,
1481 5181 1568 5236 l5.
1647 5181 1691 5214 ¹⁸
1723 5181 1745 5236 1
1769 5183 1897 5239 Cor.
1922 5187 2042 5252 xv,‘.

2200 5185 2245 5220 “
2272 5185 2489 5242 Denter.
2514 5200 2662 5251 xxiv,
2690 5183 2744 5238 4.
2824 5182 2863 5214 ⁸⁷
2894 5179 3054 5237 Rom.
3088 5196 3168 5246 XI,
3187 5179 3280 5249 25,
3301 5180 3391 5242 26.
3470 5178 3514 5212 '°
3541 5176 3718 5240 Levit.

460 5258 583 5310 xxi,
609 5245 699 5303 14.
799 5250 841 5283 ⁸⁸
864 5245 1001 5306 Osee
1027 5266 1065 5315 ι,
1089 5249 1145 5304 2.

459 5355 545 5439 ha
583 5361 755 5439 codex
783 5364 945 5439 habet
982 5364 1208 5439 Regius,
1260 5365 1593 5439 Anglicanus
1624 5376 1804 5424 autem
1840 5370 2042 5427 omittit

459 5429 789 5510 xal._€1epog_.
822 5429 1091 5500 Quamvis
1110 5429 1290 5510 autem
1340 5429 1393 5492 i'n
1440 5447 1636 5510 neutro
1659 5442 2041 5505 manuscriptu

458 5500 652 5555 codice
684 5500 882 5578 'uiium
927 5517 1188 5578 appareat;
1244 5509 1454 5563 lacunae
1495 5508 1826 5578 vestigium,
1879 5500 2035 5569 locus

456 5574 918 5697 hqiuiﬁiae‘vidsetur
964 5574 1221 5646 hiulcus,
1269 5578 1502 5649 ideoque
1551 5574 1846 5636 astériscos
1878 5581 2037 5637 addi.-

716 5658 770 5697 iu
810 5683 824 5697 .

716 5658 824 5697 Ius.

681 5710 985 5790 liappﬁ‘fir.
1006 5713 1147 5786 Lege
1170 5725 1236 5790 ut
1250 5732 1415 5790 supra
1442 5716 1763 5790 Βαραϐϐᾶν..

534 5778 646 5858 (σὲἓ)
689 5778 931 5858 Cede?“
967 5778 1356 5858 leséveﬂsi-

531 5850 644 5923 (65)
693 5850 989 5924 Ἐσχάτου
1021 5850 1272 5925 ἀνδρὸς(
1294 5856 1386 5914 Sic
1410 5857 1575 5917 habet
1611 5869 1838 5932 uterque
1864 5861 2033 5920 codex

1247 5252 1291 5283 ὐ
1326 5249 1517 5307 Matth.
1550 5267 1646 5320 xu,
1677 5253 1731 5308 5.
1807 5255 1851 5288 "
1882 5249 2047 5311 Hebr;
2081 5273 2157 5326 ix,
2184 5257 2271 5312 10.

2143 5371 2349 5444 Regius
2372 5378 2428 5444 et
2450 5370 2805 5444 Anglicapus,
2832 5369 2976 5444 licet:
2995 5368 3224 5427 ﬂuetius
3249 5369 3304 5424 in
3339 5368 3581 5439 margine
3614 5383 3722 5423 vos

2142 5437 2261 5514 cen'g
2286 5441 2518 5514 ἐσχάτου
2543 5437 2644 5514 soli
2676 5437 3110 5514 liegiotribuat:

2235 5512 2324 5580 64)
2353 5507 2662 5631 'Ka’t‘dp‘aﬁ.
2700 5507 2840 5579 Lege
2864 5510 3229 5583 καταργῆται.

2232 5582 2324 5637 65)
2363 5579 2542 5635 Codex
2623 5579 2799 5637 citius.
2823 5577 3065 5633 δύναται.

2409 5595 2542 5635 οαει

2211 5583 2324 5653 (65)
2363 5583 2542 5635 Codex
2576 5583 2799 5648 Regius,
2823 5583 3065 5633 δύναται.

2209 5652 2344 5721 (66),
2363 5646 2873 5721 Γυναῖκᾳδέσις.
2903 5646 3214 5721 Legendum
3247 5646 3428 5721 fuste:
3457 5650 3715 5715 γυναῖκα,

2142 5717 2384 5785 ἄλλος’δὲ
2415 5734 2521 5781 τις,
2551 5718 2635 5772 vel
2663 5717 2794 5787 quid
2829 5717 3027 5782 simile,
3057 5728 3111 5771 ct
3140 5719 3263 5772 licet
3306 5717 3358 5770 in
3401 5728 3593 5773 neutro
3622 5736 3717 5776 eo.

2141 5792 2263 5866 dice
2293 5789 2666 5866 manuscripto
2693 5787 2862 5866 ullum
2887 5787 2968 5843 sit.
2995 5787 3201 5843 lacuna:
3230 5787 3541 5858 vestigium,
3571 5788 3715 5853 Huc,-

2141 5863 2252 5918 tius
2282 5857 2608 5916 asteriscum
2636 5857 2871 5915 intersit.

2623 5577 2799 5648 egius;
2823 5577 3065 5648 δύναται.
