4146 6496
436 405 580 465 19.59

1907 397 2225 455 ORIGEMS

3549 398 3614 452 ιε
3630 380 3685 452 :0

432 520 792 577 correctionis
816 536 1010 576 novam
1043 523 1184 577 viam
1206 563 1220 588 ,
1259 534 1569 590 neruumque
1611 534 1706 576 cor
1732 519 1785 574 in
1816 537 1834 571 ι
1866 528 2005 574 tem-

2108 519 2209 589 τῆς
2239 515 2596 588 διορθώσεως,
2632 516 2726 570 καὶ
2751 516 2951 569 διδόναι
2984 515 3120 586 μετά
3146 514 3243 585 τὴν
3279 515 3543 587 προτέραν
3571 518 3686 572 ὁδὸν

430 627 566 682 pore
598 622 851 681 accepto,
902 622 955 665 et
984 610 1035 666 in
1066 614 1153 667 die
1184 612 1442 666 salutis"
1475 631 1493 663 ι
1531 612 1661 666 dare
1692 620 1814 681 post
1858 612 2007 681 prio-

433 720 548 758 rem
578 706 722 758 viam
756 713 811 757 et
852 700 1017 775 644.
1066 705 1218 774 prius
1251 718 1367 758 cor.
1413 702 1590 772 Atque
1638 703 1753 757 bam
1783 702 2004 772 quidem

430 794 585 864 juxta
613 809 774 847 unam
803 794 1199 863 expositionem
1248 808 1412 863 super
1447 794 1612 848 libelli
1653 793 1861 864 repudii
1892 794 2007 863 lege

432 883 577 938 dicta
611 883 739 937 sint.

498 970 588 1027 21.
631 970 952 1037 Quaasiverit
985 982 1170 1026 autem
1203 972 1403 1042 aliquis
1432 988 1500 1025 an
1544 970 1783 1025 humana
1823 971 2006 1025 anima

427 1061 666 1132 conjux,
710 1073 764 1117 et
791 1063 839 1117 ei
875 1060 1163 1133 prmfectus
1209 1061 1468 1133 angelus,
1510 1063 1791 1133 ipsiusque
1831 1064 2005 1132 impe-

428 1153 573 1207 rium
602 1169 796 1224 gerens
819 1197 832 1220 ,
861 1171 986 1209 cum
1016 1171 1125 1226 quo
1156 1169 1275 1209 eam
1309 1162 1528 1225 regente
1555 1154 2005 1209 consuetudinem

426 1244 591 1300 habet
634 1246 725 1300 illa
750 1286 764 1312 ,
798 1245 883 1300 vir
916 1246 1124 1316 tropice
1170 1245 1278 1300 dici
1324 1254 1525 1316 queat;
1560 1245 1695 1299 adeo
1729 1253 1786 1299 ut
1836 1261 2008 1299 unus-

426 1335 660 1406 quisque
680 1337 836 1405 juxta
864 1336 940 1403 id,
974 1337 1212 1390 animam
1241 1326 1362 1407 quae
1382 1335 1552 1391 divini
1582 1335 1754 1407 angeli
1783 1335 2002 1389 tutelam

427 1425 622 1479 merita
656 1426 860 1493 fuerit,
909 1427 1145 1499 legitime
1176 1427 1371 1493 durat;
1403 1436 1456 1482 at
1484 1434 1604 1496 post
1630 1427 1847 1496 longam
1874 1442 2007 1481 con—

428 1518 772 1572 suetudinem
803 1528 853 1574 et
890 1518 1211 1575 diuturnum
1247 1519 1636 1574 commercium
1687 1518 1801 1573 fieri
1834 1520 2007 1588 possit

428 1614 488 1659 ut
534 1604 754 1663 fmrlitas
800 1609 980 1679 aliqua
1033 1611 1085 1664 in
1145 1609 1329 1663 anima
1363 1617 1574 1678 reperta
1606 1626 1828 1664 causam
1870 1625 2006 1680 pra:—

427 1697 572 1764 beat,
603 1716 701 1754 cur
723 1701 951 1769 gratiam
979 1716 1164 1755 coram
1193 1701 1387 1770 angelo
1411 1711 1626 1757 rectore
1658 1719 1758 1758 suo
1784 1718 1848 1758 ac
1870 1702 2007 1758 duce

429 1803 534 1843 non
565 1789 839 1858 inveniat;
876 1799 986 1844 tum
1015 1807 1144 1846 vero
1174 1791 1537 1862 chirographa
1578 1794 1740 1848 scribi
1793 1795 2006 1864 possint

428 1886 487 1933 ut
514 1881 795 1944 assolent,
844 1895 1059 1937 necnon
1088 1890 1135 1937 et
1179 1882 1344 1937 scribi
1379 1883 1592 1939 libellus
1626 1885 1837 1954 repudii
1862 1924 1876 1950 ,
1910 1883 2000 1955 qui

424 1972 478 2024 in
510 1986 706 2027 manus
748 1975 937 2030 uxoris
984 1976 1280 2045 repudiatae
1325 1975 1590 2043 tradatur,
1641 1984 1700 2029 ut
1734 1992 1841 2031 non
1890 1992 2006 2030 am-

422 2063 568 2133 plius
610 2064 811 2134 prioris
861 2066 1094 2121 rectoris
1127 2065 1415 2121 familiaris
1474 2066 1542 2121 sit
1581 2074 1635 2120 et
1681 2066 2003 2135 domestica,

426 2166 715 2228 postquam
746 2152 812 2211 de
843 2157 1009 2211 domo
1043 2157 1190 2213 illius
1239 2158 1410 2229 ejecta
1442 2166 1558 2225 est;
1602 2158 1796 2213 deinde
1819 2174 1946 2213 vero
1975 2175 2005 2215 e

425 2247 598 2319 priori
645 2248 810 2305 domo
842 2259 1064 2305 extrusa
1095 2251 1246 2304 alteri
1284 2252 1402 2305 viro
1434 2252 1638 2306 nubere
1690 2251 1895 2321 possit,
1952 2263 2005 2307 et

428 2339 572 2409 apud
614 2352 739 2395 eum
786 2352 897 2397 rem
931 2357 1082 2397 suam
1120 2341 1405 2398 infeliciter
1439 2358 1662 2413 gerere;
1702 2360 1810 2399 non
1841 2345 2003 2401 modo

424 2435 656 2505 gratiam
700 2448 884 2490 coram
924 2450 988 2491 eo
1035 2450 1144 2489 non
1192 2435 1507 2504 inveniens,
1542 2438 2001 2505 quemadmodum

428 2538 527 2581 nec
554 2525 695 2595 apud
724 2524 998 2594 priorem,
1032 2526 1176 2597 quod
1214 2528 1268 2580 in
1315 2542 1379 2581 ea
1428 2527 1645 2583 fmditas
1674 2528 2000 2597 inveniatur,

427 2618 519 2672 sed
543 2617 671 2672 odio
693 2616 857 2671 etiam
892 2618 960 2672 ab
986 2617 1080 2673 illo
1111 2618 1323 2680 habita;
1368 2634 1577 2673 necnon
1603 2619 1672 2673 ab
1701 2619 1805 2673 hoc
1834 2618 2002 2676 altero

423 2709 638 2765 libellus
663 2708 739 2763 illi
768 2709 981 2779 repudii
1009 2710 1197 2775 scribi,
1236 2720 1291 2766 et
1313 2727 1344 2765 a
1377 2719 1654 2781 postremo
1684 2712 1803 2767 viro
1835 2729 1865 2767 a
1893 2729 2002 2783 quo

423 2814 491 2855 ex
536 2800 709 2870 ipsius
738 2802 903 2855 domo
932 2798 1221 2856 delurbata
1250 2812 1365 2868 est,
1416 2801 1463 2856 ei
1513 2801 1566 2856 in
1611 2818 1809 2857 manus
1852 2802 1992 2858 dari.

423 2893 493 2947 At
518 2892 769 2962 quamvis
802 2890 981 2946 audax
1009 2891 1081 2946 sit
1107 2901 1160 2948 et
1198 2894 1486 2947 temeraria
1515 2895 1770 2964 quaestio,
1799 2911 1866 2948 an
1899 2911 1999 2949 an-

423 2984 669 3053 gelorum
688 2985 797 3039 vita
822 2999 986 3054 quam
1006 2999 1130 3039 eum
1166 2984 1482 3040 hominibus
1503 2995 1693 3056 agunt,
1710 2987 2001 3042 mutationi

426 3077 499 3128 sit
539 3075 774 3131 obnoxia
798 3114 813 3140 ,
862 3075 998 3132 adeo
1024 3086 1085 3130 ut
1112 3087 1382 3145 quatenus
1410 3076 1516 3131 illis
1549 3078 1832 3132 nobiscum
1865 3095 1999 3133 enn-

427 3164 605 3232 venit,
645 3174 873 3222 eatenus
922 3165 1245 3233 moriantur,
1276 3180 1393 3220 eam
1441 3175 1623 3220 tamen
1660 3167 1859 3236 aliquis
1894 3165 2002 3221 for-

427 3268 577 3312 tasse
616 3265 902 3327 preponat.
951 3256 1455 3327 Quomodocunque
1489 3266 1668 3312 autem
1713 3274 1773 3313 se
1811 3259 2006 3313 habeat

429 3360 570 3403 uxor
593 3363 715 3420 qua:
744 3348 918 3403 virum
949 3349 1182 3420 priorem
1209 3351 1376 3404 semel
1400 3350 1605 3413 amisit,
1643 3348 1706 3405 ad
1740 3366 1864 3405 eum
1895 3365 2002 3405 non

431 3438 661 3504 redibit;
694 3457 715 3490 ι
744 3436 860 3494 Non
899 3439 1044 3494 enim
1079 3441 1273 3509 poterit
1323 3439 1473 3509 prior
1518 3440 1782 3508 maritus,
1825 3455 1851 3494 a
1896 3456 2006 3510 quo

429 3528 658 3584 dimissa
702 3538 823 3595 est,
867 3540 1121 3584 reversus
1168 3530 1448 3598 suscipere
1488 3543 1606 3584 eam
1656 3531 1709 3583 in
1748 3546 2003 3597 uxorem,

428 3630 716 3692 postquam
752 3620 958 3692 polluta
990 3632 1073 3675 est
1095 3618 1159 3673 ”.
1197 3639 1215 3672 ι
1267 3618 1363 3674 Sin
1411 3620 1476 3674 ad
1522 3620 1573 3674 id
1619 3622 2003 3677 emolliendum

430 3713 570 3766 libro
613 3711 690 3767 uti
723 3713 1086 3777 audebimus,
1130 3712 1220 3781 qui
1266 3712 1321 3765 in
1366 3710 1607 3767 Ecclesia
1647 3714 1863 3784 quidem
1901 3715 2008 3768 cir-

430 3802 754 3870 cumfertur,
789 3802 883 3856 sed
918 3800 989 3858 ab
1026 3803 1283 3858 omnibus
1315 3819 1414 3873 pro
1467 3802 1655 3859 divino
1698 3820 1805 3860 non
1845 3806 2008 3860 habe-

427 3904 543 3960 tur,
585 3890 717 3947 illud
771 3892 1130 3947 adhibeamus
1171 3892 1317 3961 quod
1372 3892 1426 3946 in
1473 3892 1615 3948 libro
1656 3889 1897 3948 Pastoris
1941 3895 2008 3949 de

429 3982 759 4051 quibusdam
808 3978 1073 4047 traditur,
1111 3982 1204 4052 qui
1241 3983 1426 4036 statim
1472 3994 1637 4053 atque
1680 3983 1841 4040 fidem
1888 4000 2006 4039 am.

431 4073 576 4143 plexi
611 4082 771 4138 sunt,
805 4070 1054 4127 Michaeli
1088 4073 1478 4143 subjiciuntur,
1519 4075 1614 4130 sed
1651 4085 1871 4146 propter
1908 4092 2008 4131 vo-

433 4164 662 4236 luptatis
674 4163 912 4219 studium
937 4163 1083 4218 illius
1115 4164 1278 4219 tutela
1304 4180 1367 4218 ac
1395 4164 1702 4234 patrocinio
1728 4165 2007 4234 excidunt,

430 4257 565 4314 etei
602 4257 696 4328 qui
741 4256 894 4312 luxui
937 4266 992 4312 et
1022 4256 1270 4322 deliciis,
1316 4255 1511 4313 deinde
1554 4273 1685 4312 vero
1728 4257 1882 4313 alteri
1914 4260 2009 4329 qui

433 4365 612 4421 poma:
642 4365 705 4404 ac
731 4347 1012 4419 suppliciis
1031 4389 1049 4416 ,
1072 4359 1233 4418 atque
1258 4349 1307 4404 ei
1330 4347 1677 4418 postmodum
1705 4346 1799 4420 qui
1831 4351 2008 4420 poeni-

436 4441 619 4495 tentia:
648 4439 931 4508 praefectus
962 4448 1045 4495 est
1069 4480 1087 4505 ,
1131 4440 1456 4495 subduntur.
1504 4434 1667 4495 Vides
1699 4442 1844 4494 enim
1877 4450 2012 4497 uxo-

2108 612 2201 668 καὶ
2232 610 2369 682 μετὰ
2397 609 2494 680 τὴν
2528 608 2796 679 προτέραν
2822 607 3047 678 καρδίαν
3073 606 3187 661 ὁδὸν
3220 606 3412 679 ἑτέραν
3440 609 3535 663 καὶ
3560 625 3687 682 καρ-

2106 703 2222 755 δίαν
2246 701 2436 771 ἑτέραν
2463 719 2479 749 ι
2513 698 2687 770 καιρῷ
2713 696 2885 767 δεκτῷ
2908 697 3003 751 καὶ
3028 699 3086 751 ἐν
3119 699 3299 771 ἡμέρᾳ
3331 701 3618 773 σωτηρίας.
3659 722 3678 755 ι

2107 794 2214 846 Καὶ
2245 792 2417 846 ταῦτα
2450 792 2547 861 μὲν
2577 789 2715 842 κατὰ
2748 788 2873 858 μίαν
2904 788 3153 858 διήγησιν
3186 788 3420 860 λελέχθω
3464 793 3545 856 είς
3589 792 3684 851 τὸν

2107 887 2235 955 περὶ
2267 882 2360 936 τοῦ
2395 882 2600 953 βιϐλίου
2631 881 2729 950 τῆς
2759 879 3095 944 ἀποστασίας
3123 880 3304 951 νόμον.

2179 976 2416 1047 Ζητήσαι
2456 973 2501 1027 δ’
2541 973 2606 1026 ἄν
2651 990 2734 1036 τις
2780 974 2828 1025 εἰ
2862 970 3082 1025 δύναται
3114 973 3147 1042 ἡ
3181 971 3493 1045 ἀνθρωπίνη
3537 971 3685 1047 ψυχὴ

2106 1065 2378 1137 τροπικῶς
2417 1062 2672 1132 λέγεσθαι
2712 1062 2869 1133 γυνὴ.
2906 1064 3001 1116 καὶ
3030 1065 3059 1116 ὁ
3088 1065 3484 1134 προϊστάμενος
3517 1065 3686 1136 αὐτῆς

2106 1158 2335 1227 ἄγγελος
2384 1157 2479 1210 καὶ
2528 1157 2710 1227 ἄρχων
2767 1155 2954 1225 αὐτῆς,
3010 1156 3145 1228 πρὸς
3192 1156 3249 1210 δν
3291 1155 3323 1227 ὴ
3374 1156 3685 1230 ἀναστροφὴ

2106 1250 2312 1319 γίνεται
2333 1250 2502 1318 αὐτῆς
2538 1247 3000 1318 κατακυριεύοντα
3034 1246 3224 1318 αὐτῆς,
3255 1247 3412 1319 ἀνὴρ,
3442 1247 3518 1311 ὡς
3543 1248 3684 1302 κατὰ

2105 1341 2260 1394 τοῦτο
2300 1341 2527 1393 ἕκαστον
2575 1338 2819 1410 νομίμως
2868 1341 3131 1391 συνοικεῖν
3170 1340 3235 1409 τῇ
3281 1337 3425 1410 ψυχῇ
3458 1337 3567 1410 (67)
3614 1342 3684 1411 τῇ

2108 1432 2232 1503 ἀξία
2249 1431 2580 1503 προστασίας
2606 1429 2749 1482 θείου
2771 1428 3022 1498 ἀγγέλου·
3047 1428 3253 1497 γένοιτο
3272 1428 3316 1482 δ’
3337 1428 3402 1485 ἄν
3422 1445 3549 1481 ποτε
3574 1426 3682 1501 (68)

2111 1523 2249 1595 μετὰ
2279 1523 2375 1595 τὴν
2405 1524 2499 1576 ἐπὶ
2532 1522 2711 1574 πλεῖον
2753 1520 3031 1591 διατριϐὴν
3062 1521 3157 1578 καὶ
3196 1519 3510 1591 συνοίκησιν
3538 1519 3687 1574 αἰτία

2108 1616 2165 1668 ἐν
2185 1615 2329 1685 ψυχῇ
2352 1614 2445 1667 τοῦ
2476 1613 2549 1684 μὴ
2567 1612 2838 1684 εὑρίσκειν
2864 1612 3021 1682 χάριν
3045 1611 3281 1665 ἐναντίον
3299 1609 3392 1663 τοῦ
3412 1610 3688 1683 κυριεύον·

2107 1725 2197 1771 τος
2231 1708 2322 1760 καὶ
2369 1707 2628 1778 ἄρχοντος
2657 1704 2829 1773 αὐτῆς
2859 1703 3110 1772 ἀγγέλου,
3143 1703 3204 1755 τὸ
3232 1702 3579 1774 εὑρίσκεσθαι
3627 1703 3686 1756 ὲν

2108 1798 2243 1869 αὐτῇ
2276 1800 2519 1869 ἄσχημον
2553 1798 2803 1867 πρᾶγμα,
2838 1796 2933 1848 καὶ
2965 1796 3228 1865 γρέ.φοιτο
3264 1794 3352 1859 ἂν,
3386 1794 3461 1859 ὡς
3488 1794 3688 1867 γράφε-

2108 1908 2217 1954 ται,
2265 1889 2623 1960 χειρόγραφα,
2675 1886 2940 1957 γράφοιτο
2991 1886 3049 1939 δὲ
3094 1883 3296 1955 βιϐλίον
3333 1884 3684 1947 ἀποστασίου,

2106 1980 2376 2051 διδόμενον
2416 1981 2495 2042 είς
2524 1977 2619 2041 τὰς
2652 1980 2839 2048 χεῖρας
2868 1976 2966 2044 τῆς
3000 1974 3421 2046 ἐκϐαλλομένης,
3456 1974 3542 2028 ἵνα
3578 1992 3685 2046 μηα

2107 2072 2221 2126 κέτι
2253 2071 2426 2125 οἰκεία
2516 2068 2609 2121 τοῦ
2656 2068 2920 2141 προτέρου
2955 2067 3259 2139 προστάτου
3288 2070 3320 2140 ἠ
3364 2068 3686 2135 ἐξαποστελη

2105 2161 2304 2233 λομένη
2357 2162 2419 2214 ἐκ
2458 2161 2559 2230 τῆς
2607 2159 2784 2222 οἰκίας
2830 2157 2992 2212 αὐτοῦ
3019 2175 3031 2187 ·
3068 2159 3162 2212 καὶ
3205 2158 3412 2228 γένοιτο
3457 2159 3500 2212 δ’
3540 2159 3606 2213 ἂν
3651 2160 3685 2230 ἡ

2106 2250 2411 2307 ἀπελθοῦσα
2437 2252 2543 2305 ἀπὸ
2564 2251 2664 2321 τῆς
2696 2250 2964 2323 προτέρας
2996 2250 3167 2325 οἰκίας
3195 2250 3364 2321 ἑτέρῳ
3392 2248 3565 2321 ἀνδρὶ,
3591 2253 3686 2304 καὶ

2105 2344 2350 2415 ἀτυχήσῃ
2396 2342 2461 2397 ἂν
2496 2342 2626 2414 παρ’
2657 2341 2826 2412 αὐτῷ,
2859 2341 2919 2394 οὐ
2954 2340 3111 2412 μόνον
3144 2340 3218 2403 ὡς
3247 2340 3338 2393 ἐπὶ
3369 2338 3462 2393 τοῦ
3491 2339 3686 2410 προτέ-

2106 2455 2198 2509 ρου
2237 2435 2310 2508 μὴ
2353 2434 2682 2506 εὑρίσκουσα
2721 2434 2879 2505 χάριν
2909 2432 3139 2487 ἐνώπιον
3170 2429 3358 2496 αὐτοῦ,
3394 2430 3488 2485 τοῦ
3538 2432 3686 2503 εὑρί-

2106 2528 2332 2581 σκεσθαι
2373 2527 2430 2579 ὲν
2456 2527 2591 2597 αὐτῇ
2627 2526 2875 2597 ἄσχημον
2904 2525 3155 2595 πρᾶγμα,
3191 2522 3324 2578 ἀλλὰ
3357 2522 3451 2576 καὶ
3500 2538 3689 2593 μισου·

2108 2619 2243 2690 μένη
2270 2619 2361 2672 ὑπ’
2390 2615 2554 2670 αὐτοῦ
2575 2634 2589 2647 ο
2622 2617 2716 2670 καὶ
2737 2616 3000 2688 γράφοιτο
3027 2616 3069 2669 δ²
3096 2613 3163 2669 ἂν
3192 2615 3284 2668 καὶ
3318 2614 3426 2668 ἀπὸ
3447 2612 3541 2667 τοῦ
3574 2611 3688 2667 δευ-

2102 2714 2263 2783 τέρου
2290 2712 2424 2783 αὐτῇ
2451 2708 2652 2781 βιϐλίον
2677 2708 3028 2772 ἀποστασίου,
3056 2707 3150 2761 καὶ
3179 2704 3365 2777 διδῷτο
3390 2706 3455 2760 ἂν
3483 2707 3562 2769 εἰς
3585 2706 3686 2770 τὰς

2103 2805 2290 2873 χεῖρας
2322 2802 2492 2873 αὐτῆς
2524 2801 2631 2855 ἀπὸ
2669 2799 2762 2852 τοῦ
2794 2799 3022 2870 ἐσχάτου
3050 2800 3239 2871 ἀνδρὸς
3273 2796 3687 2865 ἐξαποστέλλω-

2102 2912 2193 2957 τος
2226 2893 2392 2965 αὐτὴν
2424 2895 2486 2946 ὲκ
2516 2894 2614 2963 τῆς
2640 2892 2817 2953 οἰκίας
2851 2890 3034 2945 αὐτοῦ.
3072 2892 3135 2944 Εἰ
3168 2891 3224 2946 δὲ
3272 2890 3491 2944 δύναται
3537 2893 3690 2957 γενέ-

2105 2984 2225 3038 σθαι
2274 2985 2603 3056 μετάστασις
2637 2982 2785 3053 ζωῆς
2813 2984 2911 3054 τῆς
2947 2984 3042 3036 σὺν
3077 2981 3386 3052 ἀνθρώποις
3419 2980 3684 3050 ἀγγέλων,

2102 3072 2177 3139 ὡς
2204 3074 2439 3128 τοιοῦτον
2465 3071 2602 3128 εἷναι
2630 3069 2723 3125 καί¹
2755 3073 2846 3127 τὸν
2880 3072 3080 3140 αὐτῶν,
3114 3073 3237 3127 ὅσον
3271 3073 3407 3144 πρὸς
3435 3070 3531 3144 τὴν
3564 3069 3684 3125 καθ’

2033 3182 2075 3239 C
2110 3164 2254 3234 ἡμᾶς
2288 3162 2487 3233 σχέσιν,
2524 3162 2772 3225 θάνατον,
2797 3160 3081 3234 τολμηρῶς
3107 3161 3227 3233 μὲν,
3254 3160 3391 3232 πλὴν
3416 3161 3565 3232 ὅμως
3592 3157 3689 3230 ξη-

2108 3258 2267 3328 τήσαι
2308 3270 2391 3318 τις
2438 3252 2537 3307 ἄν’
2580 3253 2727 3316 ὅπως
2773 3253 2817 3305 δ’
2864 3250 2929 3305 ἂν
2961 3252 3263 3323 man
3313 3249 3460 3315 ἅπαξ
3485 3252 3690 3304 ἀποπε-

2111 3345 2279 3400 σοῦσα
2311 3345 2576 3417 προτέρου
2610 3343 2805 3415 ἀνδρὸς
2838 3344 2937 3396 οὐκ
2972 3344 3389 3397 ἐπανελεύσεται
3422 3342 3557 3413 πρὸς
3594 3341 3691 3394 αὐ-

2106 3437 2223 3491 τόν’
2265 3453 2283 3487 ι
2307 3433 2385 3489 Οὐ
2412 3434 2521 3504 γὰρ
2558 3430 2844 3504 δυνήσεται
2874 3434 2902 3486 ὀ
2932 3428 3068 3505 ἀνὴρ
3096 3434 3124 3487 ὁ
3157 3434 3420 3506 πρότερος
3448 3435 3476 3486 δ
3500 3431 3690 3500 ἐξαπο-

2110 3526 2321 3590 στείλας
2346 3520 2535 3596 αὐτὴν,
2568 3522 2983 3596 ὲπαναστρέψας
3045 3518 3233 3577 λαϐεῖν
3282 3523 3450 3595 αὐτὴν
3488 3522 3580 3578 τοῦ
3613 3517 3691 3575 εῖ-

2107 3636 2195 3673 ναι
2227 3612 2373 3688 αὖτῷ
2401 3619 2634 3686 γυναῖκα
2669 3614 2807 3688 μετὰ
2837 3614 2898 3668 τὸ
2951 3612 3244 3687 μιανθῆναι
3290 3614 3479 3687 αὐτήν.
3504 3632 3523 3666 ›
3543 3610 3606 3667 Ei
3631 3612 3687 3665 δὲ

2109 3710 2214 3783 χρὴ
2243 3708 2590 3781 τολμήσαντα
2620 3709 2714 3763 καὶ
2743 3707 2850 3762 ἀπό
2879 3722 3024 3769 τινος
3058 3705 3365 3778 φερομένης
3399 3704 3498 3774 μὲν
3529 3703 3586 3756 ἐν
3621 3705 3690 3774 τῇ

2120 3801 2415 3874 Ἐκκλησία
2441 3800 2552 3872 (69)
2578 3800 2816 3873 γραφῆς,
2845 3799 2906 3852 οὐ
2940 3796 3090 3871 παρὰ
3134 3799 3268 3851 πᾶσι
3300 3796 3358 3850 δὲ
3402 3794 3691 3865 ὁμολογου-

2114 3893 2279 3965 μένης
2329 3888 2464 3945 εἶναι
2522 3888 2705 3954 θείας,
2757 3888 2818 3943 τὸ
2870 3888 3111 3943 τοιοῦτον
3166 3883 3689 3959 παραμυθήσασθαι,

2109 3983 2336 4055 ληφθείη
2366 3983 2430 4037 ἂν
2457 3981 2514 4035 τὸ
2548 3981 2655 4040 ἀπὸ
2682 3983 2778 4035 τοῦ
2878 3972 3165 4043 Ποιμένος
3234 3976 3365 4050 περί
3388 3992 3549 4030 τινων
3575 3975 3694 4046 ἅμα

2114 4075 2212 4146 μὲν
2242 4075 2318 4146 τῷ
2351 4072 2626 4128 πιστεύειν
2659 4073 2763 4126 ὑπὸ
2794 4071 2873 4142 τῷ
2917 4068 3137 4140 Μιχαὴλ
3163 4069 3484 4139 γινομένων,
3511 4067 3599 4121 διὰ
3634 4066 3692 4121 δὲ

2111 4168 2421 4239 φιληδονίαν
2482 4164 2897 4221 ἀποπιπτὸντων
2955 4162 3184 4226 ἐκείνου,
3234 4160 3333 4213 καὶ
3394 4159 3694 4230 γινομένων

2112 4259 2216 4313 ὑπὸ
2244 4259 2337 4313 τὸν
2364 4257 2464 4330 τῆς
2495 4259 2725 4330 τρυφῆς,
2752 4252 2870 4309 εἶτα
2894 4254 2999 4308 ὑπὸ
3021 4252 3112 4305 τὸν
3135 4253 3233 4324 τῆς
3258 4252 3547 4324 τιμωρίας,
3576 4247 3697 4321 μεθ’

2111 4350 2168 4403 ὃν
2198 4350 2297 4405 ὑπὸ
2325 4349 2415 4402 τὸν
2442 4349 2542 4421 τῆς
2577 4348 2863 4420 μετανοίας
2887 4363 2899 4376 ·
2936 4347 3068 4418 δρᾷς
3100 4343 3227 4418 γὰρ,
3257 4345 3338 4398 ὅτι
3370 4344 3552 4398 οὐκέτι
3595 4343 3696 4414 μὲν

2113 4441 2476 4513 ἐπανέρχεται
2499 4441 2591 4493 ἐπὶ
2614 4439 2703 4494 τὸν
2729 4440 2942 4513 πρῶτον
2973 4440 3209 4512 ἄρχοντα
3240 4441 3271 4511 ἡ
3310 4438 3457 4505 ἅπαξ
3488 4440 3698 4513 τρυφή-

436 4544 553 4583 rem
584 4542 708 4597 quae
752 4527 922 4582 semel
972 4528 1125 4582 luxui
1156 4544 1213 4585 se
1240 4524 1424 4593 dedit,
1457 4528 1697 4583 animam
1725 4528 2006 4594 videlicet,

2119 4546 2260 4587 σασα
2293 4530 2449 4603 γυνὴ,
2481 4532 2599 4603 ἦτοι
2629 4530 2793 4603 ψυχὴ,
2842 4531 2976 4585 ἀλλᾶ
3005 4534 3099 4586 καὶ
3134 4532 3270 4604 μετὰ
3303 4532 3569 4604 τιμωρίας
3595 4531 3698 4583 ὑπό

438 4618 505 4672 ad
553 4618 790 4686 priorem
838 4618 1073 4687 amplius
1117 4620 1380 4675 rectorem
1422 4634 1529 4674 non
1577 4619 1785 4686 redire,
1821 4618 1916 4675 sed
1955 4628 2011 4676 et

439 4709 641 4765 inﬂicta
688 4724 847 4779 parua
897 4710 1054 4766 alicui
1107 4711 1266 4766 subdi
1318 4712 1412 4781 qui
1444 4710 1724 4766 'Michaele
1785 4709 2012 4767 inferior

437 4802 545 4869 sit;
590 4816 657 4857 eo
696 4802 792 4857 sed
842 4802 985 4856 enim
1020 4802 1242 4857 inferior
1278 4811 1363 4857 est
1408 4798 1497 4856 ille
1528 4802 1622 4871 qui
1681 4804 2013 4871 paenitentia:-

435 4886 601 4968 645
630 4904 817 4950 curam
856 4896 1014 4966 gerit.
1050 4894 1238 4949 Danda
1286 4894 1453 4962 igitur
1495 4893 1654 4949 nobis
1698 4908 1863 4967 opera
1908 4904 2011 4961 est,

510 5071 559 5105 ⁸⁸
585 5068 627 5125 ll
651 5070 778 5127 Cor.
806 5087 884 5136 v1,
909 5071 964 5125 2.
1046 5072 1092 5105 ⁸³
1122 5070 1337 5127 Denter.
1364 5080 1513 5134 xxxv,
1541 5072 1593 5124 4.

786 5248 994 5328 ψυχῇε.
1022 5249 1205 5328 C_odex
1235 5248 1457 5322 Regius,
1485 5252 1599 5328 τινὶ.
1625 5252 1798 5328 ψυχῇ.

533 5319 630 5397 6_8)_
663 5319 909 5397 Γένοιτο
942 5319 1111 5397 δ’-ᾅν
1147 5319 1338 5397 fore,
1363 5330 1469 5377 etc.
1508 5319 1774 5397 Origenes:
1816 5322 1916 5379 lib.
1950 5342 2014 5393 ιι,

442 5383 821 5461 Περ1ᾂρχῶν,
838 5404 979 5461 cap.
996 5389 1056 5461 li
1081 5402 1095 5438 :
1116 5408 1134 5440 ι
1161 5383 1347 5446 Potest
1369 5400 1552 5448 autem
1577 5383 1635 5448 εἴ
1657 5393 1815 5448 tertio
1850 5383 2014 5449 sensu

446 5460 832 5534 illudjntelligi
857 5461 931 5534 de
952 5460 1231 5534 divisione
1247 5462 1382 5528 ista,
1415 5470 1475 5534 ut
1501 5460 1764 5534 quoniam
1802 5464 2019 5519 unicui-

444 5544 552 5598 que
577 5528 841 5613 fidelium,
863 5530 1365 5611 etiamsiminimus
1385 5533 1475 5596 sit,
1497 5528 1549 5587 iii
1567 5532 1805 5613 Ecclesia
1825 5534 2022 5613 adesse

444 5599 674 5679 angelus
713 5599 949 5666 dicitur,
997 5601 1089 5669 qui
1130 5600 1293 5655 etiam
1324 5617 1539 5672 semper
1581 5604 1765 5657 videre
1821 5602 2021 5657 faciem

445 5667 539 5721 Dei
566 5666 742 5724 Patris
773 5685 804 5724 a
832 5670 1118 5742 Salvatore
1147 5671 1480 5739 perhibetur.
1504 5671 1570 5726 Et
1594 5674 1681 5726 hie
1700 5672 1803 5742 qui
1831 5672 2017 5742 utique

446 5751 615 5811 unum
637 5747 755 5811 erat
781 5756 904 5795 cum
927 5757 994 5795 eo
1021 5741 1108 5794 cui
1136 5738 1386 5810 praeerat,
1419 5742 1479 5811 si
1502 5742 1549 5796 is
1576 5756 1672 5811 per
1697 5738 2014 5811 inobedieu-

448 5810 578 5863 tiam
598 5805 859 5865 efﬁciatur
894 5805 1170 5881 indignus,
1202 5805 1404 5865 auferri
1436 5810 1505 5866 ab
1539 5805 1604 5866 eo
1630 5811 1855 5881 angelus
1883 5810 2014 5867 dici-

2113 4638 2238 4677 τινα
2288 4620 2676 4695 ὑποδεέστερον
2722 4624 2929 4691 γίνεται
2970 4623 3120 4693 παρὰ
3164 4624 3253 4677 τὸν
3284 4624 3533 4694 Μιχαήλ·
3567 4622 3696 4673 ὑπο-

2113 4714 2390 4786 δεέστερος
2422 4714 2530 4787 γὰρ
2578 4714 2784 4768 ἐκείνου
2829 4715 2857 4767 ὁ
2895 4713 2994 4785 τῆς
3023 4715 3329 4786 μετανοίας.
3361 4700 3694 4784 Προσεκτέον

2114 4799 2209 4858 οὖν
2240 4807 2371 4878 ἡμῖν
2420 4807 2629 4879 μήποτε
2658 4804 2854 4877 εὑρεθῇ
2905 4806 2964 4860 ὲν
2988 4808 3121 4878 ἡμῖν
3154 4806 3397 4877 ἄσχημον
3442 4801 3688 4872 πρᾶγμα,

2123 4894 2217 4951 καὶ
2250 4897 2324 4969 μὴ
2352 4897 2600 4969 εὕρωμεν
2641 4897 2801 4969 χάριν
2830 4896 3057 4953 ἐνώπιον
3087 4896 3272 4968 ἀνδρὸς
3300 4892 3393 4946 τοῦ
3433 4886 3690 4964 Χριστοῦ.

2122 5266 2212 5312 tur
2236 5274 2250 5330 ς
2275 5266 2332 5313 et
2363 5268 2491 5330 tunc
2522 5270 2650 5328 pars
2673 5260 2813 5330 ejus,
2846 5260 2900 5315 id
2920 5266 3022 5330 est,
3042 5255 3308 5330 _i_i_umanae
3329 5262 3541 5309 naturae
3564 5267 3696 5324 pars

2123 5328 2314 5399 avulsa
2340 5344 2373 5383 a
2394 5328 2486 5383 Dei
2510 5325 2683 5399 parte,
2702 5325 2850 5386 'cum
2877 5326 3185 5399 infidelibus
3217 5325 3541 5399 deputatur,
3561 5339 3701 5395 quo-

2125 5398 2271 5471 niam
2312 5392 2679 5455 commonitio
2706 5399 2976 5471 appositi_
2994 5397 3097 5471 sibi
3143 5413 3175 5451 a
3215 5392 3326 5452 Deo
3371 5394 3546 5471 angeli
3578 5392 3699 5448 'non

2126 5468 2357 5524 fideliter
2380 5485 2504 5524 eum
2540 5465 2852 5526 custodivit.
2885 5487 2903 5521 ›
2936 5465 3138 5537 Eadem
3187 5465 3581 5537 propemodum
3614 5478 3699 5519 rc-

2125 5539 2305 5663 gerizliis
2336 5540 2523 5594 homil.
2558 5539 2613 5595 in
2648 5538 2844 5596 Jerem.
2881 5538 3040 5612 juxta
3070 5534 3465 5610 Hieronymum
3504 5550 3701 5590 secun-

2163 5622 2213 5662 a.
2293 5626 2504 5663 UETIUS.

2163 5622 2213 5662 3.
2246 5622 2504 5666 HUETIUS.

2164 5680 2307 5763 ⁹(69)
2346 5680 2429 5749 Τῇ
2463 5682 2813 5752 Ἐκκλησία.
2843 5680 3030 5738 Codex
3052 5677 3276 5752 Regius,
3307 5678 3435 5739 ταῖς.
3470 5672 3696 5744 Ἐκκλη-

2126 5766 2281 5814 σιαις.
