4146 6444
517 390 655 446 ωδ

1960 395 2286 453 ORIGENIS

3633 406 3772 467 ηιι

503 507 574 560 ad
601 511 932 559 senectutem
993 519 1167 572 usque
1224 504 1532 560 castissime
1578 508 1896 562 traduxerit.
1947 508 2082 575 Quis

2186 510 2274 565 τὸν
2301 512 2400 582 μὲν
2413 512 2612 566 τοιόνδε
2638 512 2868 582 δίγαμον
2891 513 2950 567 οὗ
2974 513 3309 586 καθίσταμεν
3325 515 3412 568 διὰ
3438 515 3536 580 τὰς
3560 520 3654 572 τοὺ
3679 523 3774 588 γά-

504 609 638 664 ergo
658 593 784 663 jure
816 594 1008 648 merito
1055 595 1292 649 incertus
1328 611 1436 649 non
1483 597 1704 663 luereat,
1737 599 1868 668 quid
1897 600 1968 654 sit
1991 617 2089 655 cur

505 699 631 739 cum
663 683 921 739 Ecclesiae
966 685 1211 755 principe
1258 701 1399 756 opus
1437 688 1528 754 sit,
1581 689 1728 743 hunc
1756 689 1922 762 656
1952 692 2088 747 dua-

507 791 628 832 rum
659 792 891 831 uxorum
926 777 1124 842 virum,
1173 786 1394 848 propter
1425 779 1527 834 ista
1557 780 1818 835 connubii
1854 783 2091 836 vocabu-

506 865 578 932 la,
630 871 738 920 non
787 868 1145 936 przeticimus;
1197 868 1360 922 unius
1413 878 1592 923 autem
1647 871 1839 926 uxoris
1883 871 2085 935 virum,

502 955 717 1011 etiamsi
749 955 816 1010 ad
849 966 1183 1013 senectutem
1226 974 1400 1028 usque
1443 959 1598 1016 uxori
1636 962 1959 1026 conviserit,
1989 979 2090 1018 nec

505 1063 568 1103 se
595 1046 828 1105 fortasse
864 1065 1128 1119 unquam,
1177 1051 1246 1105 ad
1280 1051 1587 1108 castitatem
1617 1061 1672 1108 et
1698 1055 2085 1109 continentiam

502 1139 832 1203 exercuerit,
864 1139 1162 1209 principem
1215 1140 1513 1210 eligimus?
1555 1140 1675 1196 Jam
1727 1158 1856 1197 vero
1900 1143 1970 1197 ab
2020 1144 2088 1198 iis

503 1240 626 1295 qua:
657 1227 802 1282 dicta
831 1236 980 1292 sunt,
1011 1227 1076 1282 ad
1106 1227 1277 1299 legem
1312 1229 1379 1284 de
1404 1229 1584 1284 libello
1611 1231 1820 1300 repudii
1851 1240 2085 1286 mentem

503 1328 785 1384 converto,
822 1319 1158 1389 quaesiturus
1185 1336 1368 1376 annon
1398 1323 1840 1393 quandoquidem
1871 1323 2086 1393 episco-

507 1426 631 1479 pus,
662 1412 945 1484 presbyter
974 1421 1028 1467 et
1055 1413 1319 1468 diaconus
1347 1429 1526 1468 rerum
1564 1429 1814 1469 verarum
1841 1417 2086 1488 symbola

505 1512 656 1566 sunt,
701 1519 823 1574 qua:
852 1503 937 1559 bis
968 1505 1283 1561 nominibus
1310 1507 1682 1569 continentur,
1721 1522 1845 1562 esse
1885 1508 2086 1564 debere

506 1593 630 1651 illos
660 1597 822 1652 unius
853 1597 1040 1653 uxoris
1065 1598 1365 1668 symbolice
1397 1599 1546 1655 viros
1583 1599 1800 1655 sancire
1829 1600 2084 1668 voluerit,

508 1696 570 1740 ut
599 1687 693 1754 qui
741 1687 902 1742 rebus
949 1687 1193 1742 animum
1229 1689 1511 1746 intendere
1545 1699 1746 1760 potest,
1779 1691 1896 1762 lege
1923 1692 2087 1762 spiri-

505 1777 640 1830 tuali
669 1776 894 1832 edoctus
915 1776 1284 1832 ecclesiastico
1307 1778 1623 1849 magistratu
1655 1779 1935 1850 indignum
1960 1795 2084 1836 eum

2195 620 2293 674 μου
2337 603 2544 670 λέξεις·
2592 605 2685 660 τὸν
2733 607 2790 660 δὲ
2832 605 3160 677 μονόγαμον,
3202 607 3296 660 καλ⁵
3329 609 3377 660 εἰ
3420 608 3572 678 τύχοι
3607 611 3770 684 μέχρι

2189 693 2374 764 γήρως
2390 709 2452 746 συ
2460 693 2697 764 μϐιῶσαι
2716 697 2781 766 τῇ
2799 695 3038 764 γυναικὶ,
3055 694 3364 767 κρατοῦμεν
3379 697 3614 768 ἄρχοντα
3633 699 3768 770 (75),

2189 784 2298 837 ἔσθ’
2325 786 2414 839 ὅτε
2440 786 2576 856 μηδὲ
2600 787 3018 858 γυμνασάμενον
3049 789 3128 852 είς
3173 787 3396 856 ἁγνείαν
3438 791 3534 842 καὶ
3561 807 3768 862 σωφρο-

2191 875 2388 945 σύνην;
2434 878 2527 930 Ἐκ
2569 877 2626 931 δὲ
2675 879 2782 932 τῶν
2811 879 3115 949 εἰρημένων
3158 880 3240 944 είς
3273 879 3365 934 τὸν
3395 879 3524 952 περὶ
3560 880 3660 934 τοῦ
3693 882 3771 952 βι-

2190 967 2337 1020 ϐλίου
2363 969 2461 1039 τῆς
2497 970 2834 1034 ἀποστασίας
2871 969 3032 1040 νόμον
3071 972 3354 1044 ὲφίστημι,
3389 973 3618 1044 μήποτε,
3650 977 3767 1028 ἐπεὶ

2191 1059 2457 1131 σύμϐολόν
2487 1064 2602 1116 ἐστι
2633 1062 2726 1115 καὶ
2759 1063 2788 1114 ὁ
2823 1063 3142 1126 ἐπίσκοπος,
3182 1063 3276 1117 καὶ
3311 1065 3340 1116 ὁ
3379 1062 3768 1136 πρεσϐύτερος,

2189 1155 2283 1208 καὶ
2331 1156 2360 1208 ὁ
2408 1153 2650 1217 διάκονος
2703 1153 2974 1225 ἀληθινῶν
3022 1155 3162 1208 κατὰ
3205 1155 3276 1208 τά
3322 1156 3560 1226 ὀνόματα
3601 1155 3772 1210 ταῦτα

2189 1245 2550 1315 πραγμάτων,
2582 1243 2850 1315 ἐϐουλήθη
2894 1243 3092 1308 αὐτοὺς
3143 1244 3485 1316 συμϐολικῶς
3540 1246 3771 1317 μονογά-

2191 1354 2325 1408 μους
2371 1336 2730 1407 καταστῆσαι,
2781 1337 2848 1389 ἵν’
2891 1338 2920 1390 ὁ
2964 1337 3259 1408 δυνάμενος
3310 1340 3602 1410 ἐπιστῆσαι
3656 1341 3770 1402 τοῖς

2189 1427 2508 1499 πράγμασιν
2537 1428 2672 1500 εὕρῃ
2701 1429 2767 1480 ὲκ
2809 1426 2904 1480 τοῦ
2944 1427 3316 1497 πνευματαοῦ
3351 1431 3519 1499 νόμου
3553 1429 3772 1494 ἀνάξιον

2187 1519 2315 1573 ὄντα
2343 1519 2517 1590 ἀρχῆς
2545 1517 3006 1589 έκκλησιαστικῆς
3038 1519 3264 1584 ἐκεῖνον,
3291 1512 3353 1574 οὗ
3399 1523 3433 1591 η
3480 1520 3628 1592 ψυχὴ
3671 1521 3771 1591 οὐχ

2188 1607 2313 1682 εὗρε
2351 1611 2510 1683 χάριν
2551 1611 2792 1665 ἐναντίον
2821 1610 2916 1664 τοῦ
2959 1611 3153 1683 ἀνδρὸς
3181 1613 3372 1683 αὐτῆς,
3399 1612 3477 1684 τῷ
3505 1611 3771 1684 εὑρῆσθαι

2189 1705 2247 1756 ὲν
2270 1703 2406 1775 αὐτῇ
2441 1703 2685 1774 ἄσχημον
2709 1703 2960 1773 πρᾶγμα,
2984 1703 3077 1757 καὶ
3105 1702 3262 1766 ἀξίαν
3287 1705 3458 1774 αὐτὴν
3489 1703 3772 1773 γεγονέναι

2187 1794 2281 1848 τοῦ
2310 1795 2406 1866 τῆς
2440 1795 2791 1858 ἀποστάσεως
2831 1794 3036 1865 βιϐλίου
3059 1813 3072 1825 ο
3108 1795 3345 1866 δευτέρῳ
3382 1795 3492 1869 γάρ
3521 1795 3772 1866 συνοική-

498 1865 726 1934 judicet,
761 1867 919 1938 cujus
964 1867 1147 1924 aliima
1198 1885 1382 1925 coram
1415 1869 1533 1926 viro
1564 1887 1665 1927 suo
1693 1871 1920 1942 gratiam
1974 1889 2084 1928 non

2190 1904 2328 1941 σασα
2357 1854 2641 1959 τοιαύτη
2875 1888 2968 1941 καὶ
3012 1887 3163 1960 παρὰ
3206 1854 3284 1959 et};
3318 1854 3552 1959 ⁹τοίοιίτῳ
3605 1854 3770 1958 μισ-ηρ

503 1954 788 2024 repererit,
822 1957 968 2025 quod
1016 1957 1068 2010 in
1124 1957 1216 2012 illa
1253 1958 1473 2013 inventa
1522 1961 1593 2014 sit
1638 1959 1880 2026 lteditas,
1912 1976 2086 2030 eaque

503 2048 745 2102 libellum
803 2049 1012 2117 repudii
1070 2051 1264 2105 merita
1315 2050 1476 2105 fuerit
1534 2069 1546 2105 :
1594 2061 1882 2122 postquam
1939 2054 2084 2107 enim

501 2139 772 2208 ejusmodi
827 2142 1008 2194 anima
1060 2142 1216 2196 alteri
1249 2143 1369 2196 viro
1407 2143 1611 2212 nupsit,
1641 2143 1709 2198 ab
1757 2158 1930 2214 eoque
1961 2145 2088 2199 odio

506 2231 691 2286 habita
742 2241 826 2286 est
858 2273 873 2296 ,
929 2242 1050 2302 post
1097 2233 1398 2288 secundum
1453 2234 1665 2302 repudii
1723 2234 1965 2290 libellum
2019 2236 2088 2290 ad

505 2323 742 2390 priorem
781 2323 956 2377 virum
994 2325 1170 2378 redire
1191 2325 1305 2394 jam
1340 2325 1576 2394 amplius
1602 2341 1708 2380 non
1741 2336 1936 2396 potest.
1966 2325 2086 2382 Veri

505 2425 686 2468 autem
717 2415 896 2470 simile
927 2426 1009 2471 est
1039 2418 1180 2486 apud
1205 2418 1514 2486 peritiores,
1542 2427 1595 2472 et
1624 2419 1678 2473 in
1710 2419 1978 2489 ejusmodi
2004 2436 2092 2474 re-

505 2507 608 2561 bus
631 2507 787 2562 nobis
813 2509 1260 2578 perspicaciores,
1293 2511 1431 2565 alias
1458 2520 1734 2581 repertum
1770 2511 1834 2565 iri
1860 2527 2084 2581 enarra-

503 2599 700 2658 tiones.
731 2599 846 2654 sive
894 2614 1055 2670 super
1102 2599 1268 2655 libelli
1323 2603 1531 2671 repudii
1585 2602 1721 2672 lege,
1767 2603 1881 2658 sive
1925 2619 2091 2673 super

500 2690 818 2759 apostolicis
847 2691 1150 2760 prmceptis,
1183 2693 1384 2762 quibus
1417 2694 1769 2765 magistratus
1805 2696 1858 2750 in
1898 2695 2087 2751 Eccle-

501 2782 584 2836 sia
626 2797 834 2852 gerere,
874 2791 928 2837 et
971 2783 1024 2836 in
1076 2798 1140 2838 ea
1194 2784 1486 2854 antepositi
1532 2786 1845 2854 praesidere,
1886 2788 2088 2858 digami

503 2875 901 2943 prohibentur;
953 2890 1054 2929 nos
1099 2884 1281 2930 autem
1313 2876 1488 2930 donec
1515 2887 1809 2932 occurrant
1840 2879 2088 2942 meliora,

501 2977 557 3020 et
593 2983 716 3036 qua:
741 2968 946 3038 ingenti
971 2963 1232 3022 doctrina:
1255 2968 1464 3021 lumine
1496 2985 1660 3039 supra
1693 2985 1722 3023 a
1749 2969 1906 3024 nobis
1940 2971 2084 3024 dit-ta

503 3059 800 3112 obscurare
833 3058 1071 3120 valeant,
1111 3073 1174 3111 ea
1223 3059 1552 3126 protulimus
1599 3076 1720 3129 qua:
1766 3075 1888 3115 sese
1933 3063 2092 3118 nobis

503 3163 671 3217 super
697 3148 781 3203 his
815 3147 951 3204 locis
983 3147 1323 3217 objecerunt.

2187 1979 2362 2044 θεῖσα,
2390 1980 2574 2033 οὐκέτι
2600 1980 2822 2034 δύναται
2873 1979 3012 2052 μετὰ
3041 1980 3102 2033 τὸ
3147 1979 3399 2052 δεύτερον
3442 1978 3645 2049 βιϐλίον
3676 1978 3770 2031 τοῦ

2188 2071 2519 2125 ἀποστασίου
2548 2071 2864 2125 ἐπανελθεῖν
2891 2073 2984 2124 ἐπὶ
3025 2071 3117 2125 τδν
3155 2073 3418 2144 πρότερον
3461 2071 3648 2142 ἄνδρα.
3677 2071 3772 2124 Ei-

2188 2167 2282 2229 κὸς
2337 2164 2436 2235 μὲν
2491 2159 2583 2216 οὖν
2636 2163 2730 2215 καὶ
2778 2162 2972 2226 ἄλλους
3024 2162 3174 2234 παρά
3224 2166 3336 2226 τοῖς
3385 2162 3564 2235 πολλῷ
3615 2163 3774 2234 ἡμῶν

2190 2255 2538 2327 σοφωτέροις,
2575 2256 2668 2308 καὶ
2713 2254 2912 2326 μᾶλλον
2937 2254 3160 2324 βλέπειν
3196 2255 3264 2308 τὰ
3290 2253 3588 2325 τηλικαῦτα
3614 2255 3776 2309 δυνα-

2193 2349 2373 2419 μένοις
2401 2346 2793 2419 εὐρεθήσεσθαι
2813 2345 3024 2414 λόγους,
3046 2347 3152 2398 εἴτε
3179 2347 3258 2408 είς
3281 2345 3371 2398 τὸν
3401 2345 3528 2416 περὶ
3553 2344 3646 2397 τοῦ
3672 2346 3774 2416 τῆς

2189 2439 2525 2502 ἀποστασίας
2561 2437 2763 2509 βιϐλίου
2812 2436 2994 2506 νόμον,
3045 2436 3154 2488 εἴτε
3201 2437 3282 2499 είς
3323 2435 3392 2489 τά
3437 2436 3772 2489 ἀποστολικά

2190 2529 2464 2582 κωλύοντα
2493 2528 2753 2597 διγάμους
2779 2525 2965 2597 ἄρχειν
2989 2523 3088 2594 τῆς
3126 2523 3468 2594 Ἐκκλησίας,
3496 2525 3528 2596 ἢ
3559 2541 3772 2597 προκα-

2191 2618 2440 2683 θέςεσθαι
2496 2615 2997 2690 προτετιμημένους
3039 2615 3097 2667 ὲν
3141 2615 3312 2685 αὐτῇ·
3349 2617 3512 2686 ἡμεῖς
3557 2615 3636 2682 δὲ,
3667 2615 3775 2680 ἕως

2191 2711 2385 2782 εὑρεθῇ
2427 2711 2494 2764 τὰ
2526 2711 2828 2781 κρείττονα,
2859 2708 2954 2762 καὶ
2976 2706 3249 2778 δυνάμενα
3275 2710 3340 2778 τῇ
3367 2706 3462 2760 τοῦ
3501 2706 3602 2778 τῆς
3629 2707 3774 2776 γνὼ..

2192 2817 2330 2863 σεως
2361 2800 2536 2868 φωτὺς
2562 2798 2729 2869 πολλῇ
2762 2798 3004 2868 ὑπεροχῇ
3027 2795 3354 2867 ἀμαυρῶσαι
3392 2796 3459 2849 τά
3487 2797 3576 2866 ὑφ’
3617 2797 3777 2867 ἡμῶν

2191 2889 2476 2960 εἰρημένα,
2522 2887 2747 2958 εἴπομεν
2791 2887 2858 2941 τὰ
2906 2886 3248 2939 ὑποπεσόντα
3287 2886 3368 2949 είς
3404 2887 3528 2949 τοὺς
3577 2885 3775 2951 τόπους

2194 2997 2343 3049 ημιν.

576 3245 667 3300 23.
716 3244 908 3300 Verum
941 3245 1157 3300 etiamsi
1213 3262 1300 3300 res
1347 3259 1507 3317 captu
1539 3258 1731 3304 nostro
1770 3250 2004 3319 majores
2031 3269 2087 3308 ac

2269 3255 2330 3307 Εἰ
2373 3253 2464 3306 καὶ
2519 3250 2779 3320 ἐδόξαμεν
2822 3249 2879 3302 δὲ
2934 3247 3245 3318 βαθυτέρων
3289 3246 3321 3316 ἥ
3366 3245 3508 3300 κατά
3550 3244 3777 3318 δύναμιν

504 3338 785 3409 graviores
814 3337 884 3392 ibi
913 3338 1178 3408 attingere
1224 3338 1328 3391 visi
1362 3355 1575 3404 sumus,
1608 3341 1966 3396 nihilominus
2001 3353 2085 3397 ta-

505 3445 630 3483 men
661 3437 876 3499 pr0ptrr
910 3427 1204 3498 Scriptura:
1233 3431 1413 3496 verba,
1450 3431 1566 3486 haec
1597 3449 1816 3502 quoque
1867 3435 2088 3504 insuper

505 3521 735 3576 dicenda
767 3529 913 3586 sunt,
943 3520 1080 3574 latas
1111 3519 1276 3576 fuisse
1314 3522 1582 3593 quasdam
1618 3523 1782 3593 leges,
1809 3539 1916 3578 non
1947 3540 2086 3594 qua-

504 3611 551 3669 si
603 3616 910 3684 prmstantia
969 3613 1150 3682 aliqua
1199 3622 1254 3667 et
1302 3613 1620 3668 excellentia
1665 3615 1961 3684 praeditas,
1997 3616 2092 3669 sed

503 3708 663 3776 quasi
699 3708 763 3761 a.l
799 3722 990 3761 eorum
1039 3706 1134 3776 qui
1166 3705 1270 3776 legi
1298 3705 1500 3761 subditi
1535 3716 1684 3771 sunt,
1722 3708 2088 3762 inﬁrmitatem

515 3798 956 3855 accommodatas
1008 3808 1062 3853 ct
1106 3797 1476 3868 compositas;
1524 3815 1648 3853 nam
1686 3799 1888 3870 aliquid
1943 3800 2094 3870 ejus-

513 3892 660 3946 modi
710 3891 793 3944 his
837 3890 1014 3944 verbis
1043 3890 1485 3961 signiticalut‘”:
1527 3909 1546 3942 ι
1588 3890 1800 3961 Moyses
1843 3891 1909 3947 ad
1939 3893 2096 3947 duri-

504 3983 638 4038 tiam
668 3982 849 4038 cordis
895 3982 1056 4036 vestri
1101 3982 1350 4053 permisit
1389 3982 1541 4037 vobis
1573 3982 1845 4038 dimittere
1887 4000 2087 4039 uxores

506 4081 750 4137 vestras;
789 4091 809 4124 ι
867 4072 1140 4142 praecipua
1188 4083 1370 4127 autem
1405 4073 1536 4141 legis
1575 4084 1794 4142 propter
1826 4074 2084 4130 duritiem

506 4164 686 4219 cordis
713 4163 851 4228 latae,
881 4173 934 4217 et
961 4164 1409 4233 praestantissima
1440 4181 1566 4234 pars
1590 4166 1643 4220 in
1674 4166 1791 4221 istis
1825 4169 2086 4236 proponi-

509 4257 655 4309 tur”
686 4274 699 4310 :
731 4276 748 4306 ι
779 4255 861 4308 Ab
895 4256 1050 4310 initio
1081 4265 1264 4310 autem
1302 4271 1409 4311 non
1447 4257 1548 4311 fuit
1579 4258 1674 4312 sic.
1710 4277 1728 4309 ι
1761 4257 1823 4311 Ει
1851 4259 1902 4312 in
1933 4257 2086 4314 Novo

507 4348 727 4416 quidem
777 4345 1129 4402 Testamento
1157 4347 1404 4416 quzedam
1439 4349 1636 4404 horum
1673 4349 1845 4404 instar
1878 4350 2086 4405 sancita

506 4446 634 4492 sunt
663 4457 676 4493 :
717 4457 735 4489 ι
765 4437 1034 4504 Quoniam
1065 4437 1277 4509 Moyses
1305 4441 1372 4493 ad
1403 4441 1662 4495 duritiam
1697 4441 1878 4497 cordis
1922 4442 2088 4496 vestri

506 4531 753 4599 permisit
815 4531 972 4586 vobis
1018 4529 1292 4585 dimittere
1345 4547 1542 4588 uxores
1589 4543 1832 4600 vestras;
1878 4552 1896 4584 ι
1961 4549 2087 4587 nam

2192 3342 2362 3418 ἧφθαι
2403 3347 2481 3407 εἰς
2523 3343 2648 3406 τοὺς
2690 3341 2893 3403 τόπους
2928 3338 3290 3410 πραγμάτων,
3321 3336 3476 3390 οὐδὲν
3503 3331 3665 3408 ἦττον
3699 3336 3780 3389 ἔτι

2192 3438 2279 3492 διὶ
2305 3436 2404 3507 τὴν
2428 3433 2572 3499 λέξιν
2605 3434 2699 3488 καὶ
2721 3432 2894 3486 ταῦτα
2917 3430 3158 3494 λεκτέον,
3192 3430 3274 3482 ὅτι
3297 3429 3441 3492 τινὲς
3467 3429 3576 3483 τῶν
3600 3430 3782 3500 νόμων

2186 3527 2510 3601 ἐγράφησαν
2553 3528 2652 3596 οὐχ
2678 3526 2754 3588 ὡς
2779 3523 3140 3594 διαφέροντες,
3171 3523 3284 3576 ἀλλ’
3317 3523 3392 3585 ὼς
3439 3538 3780 3593 συμπεριφε-

2198 3619 2413 3688 ρόμενοι
2452 3619 2518 3688 τῇ
2563 3615 2817 3686 ἀσθενείᾳ
2861 3613 2970 3667 τῶν
3009 3612 3509 3684 νομοθετουμένων·
3541 3611 3781 3665 τοιοῦτον

2195 3712 2302 3783 γάρ
2327 3728 2379 3763 τι
2403 3708 2656 3782 δηλοῦται
2697 3710 2755 3761 ὲν
2777 3705 2854 3777 τῷ
2875 3722 2890 3738 °
2925 3725 2944 3758 ι
2983 3706 3224 3776 Μωῦσῆς
3250 3706 3386 3778 πρὸς
3414 3705 3514 3778 τὴν
3549 3703 3781 3776 σκληρο-

2195 3802 2421 3874 καρδίαν
2475 3801 2627 3872 ὑμῶν
2679 3798 2977 3871 ἐπέτρεψεν
3044 3797 3311 3851 ἀπολῦσαι
3368 3797 3469 3861 τὰς
3513 3799 3780 3865 γυναῖκας

2199 3895 2381 3967 ὑμῶν’
2442 3913 2460 3946 ι
2507 3893 2567 3946 τὸ
2610 3893 2667 3945 δὲ
2713 3890 3122 3963 προηγούμενον
3171 3892 3266 3944 καὶ
3308 3889 3565 3962 διαφέρον
3612 3890 3778 3961 νόμου

2191 3987 2285 4040 τοῦ
2339 3985 2427 4040 διὰ
2475 3985 2574 4056 τὴν
2618 3983 3056 4056 σκληροκαρδίαν
3101 3983 3484 4055 γεγραμμένου
3524 3981 3779 4054 δηλοῦται

2192 4079 2249 4130 ἐν
2274 4076 2352 4147 τῷ
2370 4094 2384 4108 ο
2409 4097 2427 4127 ι
2461 4077 2579 4130 Ἀπ’
2608 4075 2782 4147 ἀρχῆς
2807 4075 2862 4127 δὲ
2885 4075 2944 4127 οὐ
2972 4074 3192 4142 γέγονεν
3217 4073 3410 4137 οὕτως.
3445 4092 3463 4126 ι
3489 4075 3600 4128 Καὶ
3632 4077 3689 4128 ὲν
3710 4076 3776 4145 τῇ

2193 4171 2350 4239 καινῇ
2378 4167 2434 4221 δὲ
2460 4167 2700 4238 Διαθήκῃ
2725 4166 2841 4219 ὲστί
2868 4183 2990 4219 τινα
3020 4165 3488 4236 νενομοθετημένα
3517 4165 3780 4233 ἀνάλογον

2193 4261 2306 4332 τῷο
2349 4279 2367 4311 ι
2405 4261 2524 4313 Ὀτι
2565 4259 2807 4325 Μωῡσῆς
2833 4255 2968 4328 πρὸς
2990 4257 3090 4327 τὴν
3141 4256 3573 4330 σκληροκαρδίαν
3620 4255 3786 4327 ὑμῶν

2189 4353 2486 4424 ἐπέτρεψεν
2529 4350 2656 4420 ὑμῖν
2715 4348 2980 4402 ἀπολῦσαι
3029 4348 3130 4412 τὰς
3191 4352 3456 4417 γυναῖκας
3507 4347 3698 4420 ὑμῶν’
3755 4367 3780 4399 ι

2189 4442 2352 4496 οἱονεὶ⁸
2407 4441 2516 4512 γὰρ
2557 4440 2693 4512 πρὸς
2741 4440 2840 4512 τὴν
2894 4441 3328 4512 σκληροκαρδίαν
3379 4441 3533 4513 ὑμῶν
3580 4440 3783 4512 γέγρα-

2195 4550 2324 4586 πται
2378 4533 2468 4586 διὰ
2521 4533 2620 4605 τὴν
2668 4533 2953 4587 ἀσθένειαν
3011 4533 3100 4586 τό’
3158 4552 3176 4584 ι
3236 4533 3335 4587 Διά
3389 4533 3447 4586 δὲ
3498 4531 3597 4594 τὰς
3648 4547 3782 4601 πορ-

505 4620 663 4690 quasi
699 4636 797 4689 pro
827 4620 1006 4677 cordis
1039 4636 1227 4676 eorum
1263 4622 1462 4678 duritie
1508 4625 1561 4678 id
1609 4625 1940 4680 inﬁrmitatis
1967 4641 2087 4695 gra-

2193 4625 2343 4690 νείας
2367 4626 2596 4689 ἕκαστος
2621 4625 2716 4696 τὴν
2742 4624 2934 4678 ἑαυτοῦ
2959 4628 3194 4695 γυναῖκα
3234 4625 3424 4696 ἐχέτω,
3453 4623 3547 4677 καὶ
3572 4621 3781 4690 ἑκάστη

1713 4771 1755 4825 ν
1767 4770 1948 4826 ETUS
1988 4767 2568 4824 INTERPRETATIO.

579 4882 674 4960 τε.
700 4881 996 4960 Posthac
1024 4885 1349 4960 accedamus
1376 4889 1443 4943 ad
1474 4887 1700 4960 verbum
1728 4887 2134 4960 Pharisaeorum
2165 4889 2310 4960 quod
2338 4887 2592 4960 dixerunt
2617 4886 2685 4941 ad
2722 4883 2907 4960 {esum
2940 4905 2956 4942 :
2989 4906 3008 4938 ι
3041 4886 3181 4954 Quid
3210 4897 3339 4954 ergo
3379 4879 3588 4960 Moyses
3621 4889 3766 4960 ντες

501 4953 654 5022 cepit
672 4954 814 5030 dare
828 4957 1081 5030 libellum
1105 4957 1339 5030 repudii,
1380 4968 1435 5030 et
1460 4958 1766 5030 dimittere?
1804 4977 1823 5010 ι
1861 4958 2133 5024 Quoniam
2177 4953 2390 5030 Moyses
2432 4958 2603 5030 legem
2639 4957 2885 5030 scribens
2916 4972 3024 5011 non
3057 4953 3516 5030 tantumgaspettit
3547 4961 3670 5016 quae
3704 4953 3778 5000 sit

508 5019 638 5099 vera
665 5022 900 5099 justitia,
935 5027 1028 5082 sed
1060 5019 1370 5099 secundum
1395 5027 1763 5099 inﬁrmitatem
1791 5019 1982 5082 eoﬁlm
2013 5037 2234 5099 propter
2261 5019 2420 5099 Eluas
2446 5019 2532 5082 le'x
2580 5027 2906 5099 ponebatur,
2937 5019 3382 5099 condescendens
3414 5019 3566 5099 plura
3613 5031 3767 5071 man-

511 5089 681 5175 ἀεινίξξ
713 5093 855 5175 Sicut
888 5089 981 5175 Vest
1023 5105 1077 5152 et
1119 5097 1396 5175 le_x_dandi
1437 5098 1670 5175 repudii.
1705 5096 1974 5164 Quoniam
2002 5089 2184 5175 autem
2221 5089 2540 5175 secundum
2562 5089 2933 5152 inﬁrmitatem
2968 5111 3157 5175 eorum
3181 5089 3434 5175 dabatur,
3461 5098 3776 5175 atriense-

509 5160 1070 5247 cund'gm‘justitiam,
1100 5168 1378 5247 subjectus
1410 5157 1592 5223 serino
1623 5157 1963 5247 demonstrat
1991 5170 2228 5247 dicens_:
2269 5169 2400 5247 «Ab
2423 5168 2789 5247 initio_autem
2821 5183 2935 5247 _non
2967 5163 3190 5247 fuitsic.
3222 5180 3241 5214 ι
3276 5159 3342 5247 Et
3461 5157 3778 5247 aevoque.-

509 5247 620 5300 que
649 5229 1022 5310 testamento
1044 5229 1172 5294 sunt
1200 5229 1462 5308 'quzedam
1492 5253 1599 5293 non
1630 5241 1931 5310 secundum
1959 5254 2142 5310 veram
2181 5239 2473 5310 justitiam,
2504 5239 2599 5310 sed
2631 5237 2933 5310 secundum
2967 5235 3226 5310 duritiam
3263 5231 3444 5285 cordis
3483 5229 3770 5310 hominum

512 5296 816 5359 carnalium
849 5305 1165 5375 constituta,
1199 5296 1406 5379 uiputa,
1444 5318 1661 5379 propter
1687 5309 1945 5365 duritiam
1975 5309 2158 5365 cordis
2181 5296 2360 5364 'vestri
2407 5296 2495 5364 lex
2539 5309 2665 5364 data
2695 5318 2778 5364 est
2804 5308 2993 5363 dicens
3026 5322 3040 5358 :
3079 5324 3096 5356 ι
3130 5303 3340 5358 Bonum
3370 5310 3454 5355 est
3485 5296 3772 5379 mulierem

511 5386 621 5454 non
652 5383 871 5456 tangere
907 5395 920 5429 :
951 5386 1169 5448 propter
1221 5377 1637 5434 fornicationem
1687 5388 1868 5435 autem
1918 5395 2102 5502 ιιηιισιό

511 5454 692 5502 prium
728 5460 935 5502 Vtrum:
969 5467 989 5501 ι
1021 5458 1076 5502 et
1109 5457 1324 5502 caetera.
1379 5449 1436 5502 Si
1468 5458 1648 5502 autem
1683 5451 1787 5502 hoc
1826 5459 2042 5502 propter

553 5442 692 5521 rium
728 5442 1076 5521 virum;'i_e_'t
1109 5457 1339 5521 czetera.
1379 5449 1436 5505 Si
1468 5458 1648 5505 autem
1683 5451 1787 5506 hoc
1826 5459 2042 5521 propter

2102 5379 2295 5449 uisque
2341 5379 2620 5450 propriam
2664 5379 2862 5450 habeat
2905 5390 3155 5450 uxorem,
3185 5382 3240 5430 et
3273 5378 3776 5450 unaquaequeopl‘g'

2110 5433 2329 5504 urit'iatn
2344 5433 2542 5505 Icordis
2573 5449 2746 5504 nostri
2775 5433 3093 5502 mandatum
3127 5433 3231 5508 est,
3269 5433 3482 5512 quanto
3504 5433 3684 5512 magis
3713 5433 3780 5488 il-

537 5513 605 5567 ud
639 5524 864 5586 propter
898 5505 1157 5574 duritiam
1195 5520 1376 5576 cordis
1406 5521 1578 5577 nostri
1606 5530 1711 5590 est,
1733 5505 1884 5592 quod
1907 5505 2036 5576 alibi
2064 5519 2195 5577 dicit
2221 5521 2290 5577 de
2319 5520 2499 5576 viduis
2527 5519 2834 5576 volentibus
2877 5520 3075 5574 iterqu
3107 5505 3310 5572 nubere
3342 5529 3356 5568 :
3399 5529 3419 5562 ι
3450 5505 3619 5576 ρυοᾶ
3641 5505 3688 5562 si
3718 5516 3781 5559 8°

607 5630 654 5661 ⁸⁸
681 5630 871 5690 Matth.
900 5652 1012 5704 xu,
1049 5638 1104 5694 8.
1177 5640 1223 5672 "
1249 5640 1379 5696 ibid.

571 5741 701 5829 ι(Ῐξῖ)
742 5749 1255 5829 Ἀρχοντα.(]υι1υχ
1281 5755 1502 5827 Regius,
1555 5759 1878 5829 ἀρέσκοντα.
1929 5756 2087 5815 lhidel

2186 5761 2257 5822 εἰς
2297 5755 2551 5827 ἀνδρείαν
2589 5757 2681 5810 καὶ
2727 5755 3099 5826 σωφροσύνην.
3134 5753 3302 5809 Paulo
3339 5757 3478 5820 post,
3505 5745 3600 5815 τῆς
3639 5741 3773 5794 ἀπο-

519 5817 726 5880 τάσεως
758 5817 936 5891 νόμον.
