4146 6492
401 353 551 414 5253

419 550 760 570 Μ

1363 352 1718 409 (ΞΟΜΜΕΝΤ.
1755 352 1820 407 IN
1863 353 2285 412 MATTIL'EUM
2322 355 2559 412 TOMUS
2596 358 2715 414 XV.

765 549 3494 584 ————.-————————-——————————________________._____

3540 375 3680 435 125‘

1762 707 2144 794 ΤΟΜΟΣ
2181 690 2343 791 ῙΕ’.

1201 1055 1454 1150 ΤΟΜ
1479 1054 1612 1147 US
1681 1055 2212 1147 DECIMUS
2282 1061 2860 1167 QUINTUS.

783 1394 922 1465 Περὶ
960 1392 1246 1465 διαφορᾶς
1278 1396 1605 1466 εὐνούχων.

482 1507 503 1542 ι
547 1488 670 1544 Είσὶ
712 1489 823 1561 γάρ
864 1487 1108 1559 εὐνοῦχοι
1153 1489 1350 1552 οἵτινες
1397 1491 1462 1543 ὲκ
1513 1489 1718 1553 κοιλίας
1781 1490 1989 1562 μητρὸς

403 1579 768 1653 ὶγεννήθησαν
797 1581 969 1647 οὕτως
991 1599 1004 1612 ·
1047 1601 1065 1632 ›
1095 1581 1203 1644 ἕως
1231 1579 1324 1634 τοῦ
1347 1598 1359 1611 ’
1405 1599 1423 1632 ι
1465 1581 1521 1634 '0
1555 1581 1853 1652 δυνάμενος
1885 1601 1992 1653 χω-

405 1675 524 1742 ρεῖν
566 1673 828 1745 χωρείτω.
874 1693 892 1724 ι
950 1673 1054 1726 Δύο
1088 1672 1353 1744 ἐσομένας
1397 1671 1522 1745 περὶ
1551 1672 1642 1726 τὸν
1673 1673 1836 1727 τόπον
1864 1673 1990 1728 τοῦ-

402 1779 492 1816 τον
539 1763 882 1836 παρεκδοχάς
923 1762 1030 1835 πρὸ
1078 1763 1176 1833 τῆς
1215 1763 1545 1834 φαινομένης
1586 1764 1718 1833 ἡμῖν
1756 1764 1990 1836 ἀληθοῦς

401 1856 482 1919 εἰς
521 1855 613 1909 τὸν
653 1856 818 1909 τόπον
848 1855 1153 1925 διηγήσεως
1183 1852 1488 1924 ὲκθέμενοι,
1524 1854 1618 1907 καὶ
1659 1854 1799 1925 μετά
1833 1855 1992 1909 τοῦτο

399 1947 476 2010 ὡς
504 1947 726 2000 δυνατὸν
768 1949 899 2017 ἡμῖν
927 1945 1328 2019 ἀνατρέψαντες
1377 1945 1567 2011 αὐτὰς,
1599 1947 1687 2011 ἵν’,
1739 1947 1862 2001 ὅσον
1895 1950 1988 2003 ἐπὶ

400 2040 512 2101 τοῖς
535 2037 954 2109 λεχθησομένοις
976 2039 1082 2091 πᾶν
1110 2038 1330 2109 σφάλμα
1357 2037 1745 2109 φυλαξάμενοι,
1778 2041 1839 2094 τὸ
1861 2042 1992 2114 ἀλη-

401 2126 492 2190 θὲς
525 2127 770 2199 βούλημα
789 2127 896 2182 τῶν
930 2126 1071 2181 κατά
1095 2128 1256 2181 τόπον
1283 2127 1377 2181 ἐὰν
1402 2127 1690 2201 χωρῶμεν,
1716 2131 1778 2184 τὸ
1807 2137 1991 2204 κρεῖτ-

401 2234 494 2271 τον
529 2217 838 2290 βιώσωμεν,
882 2219 1055 2284 οὕτως
1077 2220 1299 2290 ἥκωμεν
1345 2220 1438 2273 ἐπὶ
1485 2220 1548 2273 τὸ
1590 2223 1986 2295 προκείμενον·

397 2307 544 2371 τινὲς
579 2309 682 2378 μὲν
728 2309 858 2381 γὰρ,
890 2310 967 2372 ὡς
1005 2310 1295 2366 ἀκόλουθον
1327 2314 1394 2383 τῇ
1425 2313 1676 2385 ἐνεργείᾳ
1704 2315 1812 2369 τῶν
1849 2319 1989 2373 κατά

396 2398 458 2451 τὸ
511 2400 821 2471 σωματικὸν
869 2402 1161 2474 ὁρωμένων
1199 2403 1292 2456 δύο
1335 2404 1727 2487 εύνουχισμῶν,
1772 2409 1866 2462 καὶ
1896 2409 1988 2465 τὸν

397 2489 578 2561 τρίτον
606 2491 917 2562 σωματικὸν
937 2493 1278 2564 νομίσαντες,
1309 2494 1616 2566 ἐτόλμησαν
1643 2497 1870 2564 ἑαυτοὺς
1892 2517 1988 2552 πτ-

399 2583 622 2651 ρασχεῖν
648 2583 758 2636 ἀπὸ
789 2583 953 2652 φόϐου
989 2583 1088 2656 μὲν
1129 2584 1225 2638 τοῦ
1259 2587 1398 2658 πρὸς
1427 2587 1580 2651 Θεὸν,
1614 2588 1985 2663 ἀνεπιστημό-

2019 1404 2067 1461 Α

2472 1400 2550 1454 De
2581 1403 2882 1472 differentia
2917 1407 3298 1466 cunuchorum.

2168 1487 2218 1541 l.
2268 1506 2286 1539 ι
2321 1487 2459 1544 Sunt
2482 1488 2626 1544 enim
2652 1493 2913 1561 eunuchi,
2946 1494 3040 1565 qui
3067 1495 3133 1551 de
3165 1497 3361 1554 matris
3401 1507 3562 1556 utero
3593 1502 3679 1559 sic

2094 1578 2210 1631 nati
2238 1587 2366 1632 sunt
2394 1595 2409 1644 ;
2444 1597 2462 1629 ι
2499 1595 2674 1650 usque
2703 1580 2770 1634 ad
2799 1581 2851 1636 id
2885 1601 2898 1636 :
2936 1601 2955 1634 ι
2985 1583 3088 1650 Qui
3113 1594 3292 1656 potest
3331 1603 3547 1660 capere,
3577 1607 3672 1647 ca-

2092 1666 2206 1735 piat
2227 1666 2294 1721 δ’.
2327 1686 2346 1719 ι
2383 1665 2677 1738 Postquam
2713 1667 2879 1724 falsas
2910 1671 3070 1738 duas,
3103 1689 3223 1742 quae
3244 1674 3297 1728 in
3327 1674 3472 1731 hunc
3493 1677 3674 1732 locum

2092 1755 2328 1827 proferri
2362 1767 2616 1828 possunt,
2642 1759 3056 1829 explicationes,
3082 1771 3208 1818 ante
3229 1779 3349 1819 eam
3372 1782 3491 1836 quae
3515 1769 3678 1824 nobis-

2093 1851 2162 1905 ad
2190 1863 2376 1905 verum
2401 1849 2617 1906 videtur
2639 1852 2864 1922 propius
2890 1853 3168 1920 accedere,
3199 1857 3674 1925 prOposuerimus,

2090 1949 2144 1996 et
2166 1957 2261 1998 eas
2293 1942 2493 1998 deinde
2541 1959 2642 2014 pro
2683 1943 2828 1998 virili
2873 1941 3342 2000 confutaverimus
3376 1963 3392 2012 ;
3423 1955 3482 2001 ut
3521 1951 3672 2004 omni

2089 2031 2351 2102 devitato,
2389 2035 2445 2089 in
2499 2035 2568 2090 iis
2609 2051 2731 2106 qua:
2777 2035 3062 2099 dicemus,
3111 2051 3329 2103 errore,
3391 2039 3673 2094 meliorem

2094 2126 2464 2196 transigamus
2509 2127 2700 2193 vitam,
2745 2127 2792 2183 si
2835 2141 3026 2182 verum
3071 2127 3236 2198 hujus
3285 2129 3391 2184 loci
3449 2146 3672 2186 sensum

2087 2214 2356 2272 fuerimus
2415 2217 2656 2274 assecuti
2696 2216 2810 2282 ;ita
2863 2217 3037 2288 parati
3083 2227 3136 2274 et
3176 2217 3430 2274 instructi
3471 2235 3672 2290 propo-

2091 2309 2257 2365 situm
2287 2309 2689 2380 aggrediamur.
2739 2309 2878 2365 Cum
2923 2311 3071 2366 enim
3111 2310 3327 2368 duabus
3377 2313 3672 2369 castratio-

2093 2399 2278 2467 nibus,
2307 2416 2446 2470 quas
2475 2400 2620 2455 circa
2652 2414 2851 2470 corpus
2879 2400 3122 2456 exerceri
3171 2402 3442 2470 videmus,
3476 2419 3673 2460 consc-

2087 2503 2264 2558 quens
2289 2503 2410 2544 esse
2455 2498 2712 2558 putarent
2761 2489 3033 2554 nonnulli,
3063 2497 3125 2544 ut
3168 2492 3330 2546 tertia
3381 2493 3546 2547 etiam
3601 2494 3670 2548 ad

2087 2591 2290 2646 corpus
2322 2577 2642 2646 pertineret,
2670 2592 2728 2632 se
2755 2576 2858 2647 ipsi
2884 2592 2995 2647 prae
3020 2563 3115 2634 Dei
3142 2579 3357 2645 timore,
3389 2593 3447 2636 at
3481 2583 3672 2638 incon-

390 2691 503 2738 νως
531 2674 608 2741 δὲ,
631 2675 970 2747 εὐνουχισμῷ
1002 2677 1255 2748 όμογενετ
1285 2681 1398 2742 τοῖς
1422 2679 1515 2732 δύο
1549 2680 1835 2753 προτέροις
1853 2699 1866 2712 ο
1891 2683 1986 2736 καὶ

2091 2668 2236 2724 sulto
2262 2679 2316 2723 et
2348 2676 2575 2732 temere,
2608 2669 2928 2724 castrationi
2979 2669 3225 2740 priorum
3275 2671 3440 2727 simili
3488 2674 3671 2744 subje-

398 2765 628 2830 ἑαυτοὺς
664 2767 1105 2838 ὐποϐεϐλήκασιν
1145 2768 1452 2841 ὀνειδισμῷ,
1487 2771 1626 2841 τάχα
1665 2752 1730 2824 δὲί
1769 2773 1860 2826 καὶ
1903 2775 1986 2828 αί-

2087 2766 2278 2812 cerunt
2306 2776 2322 2824 ;
2350 2766 2516 2828 atque
2545 2759 2618 2812 ita
2645 2773 2704 2814 se
2736 2759 3002 2816 conviciis
3049 2761 3406 2830 appetendos,
3436 2761 3670 2821 fortasse

398 2855 592 2930 σχύνῃ,
618 2858 679 2912 οὐ
712 2859 863 2930 παρά
899 2860 1079 2930 μόνοις
1103 2863 1216 2926 τοῖς
1251 2859 1553 2934 ἀλλοτρίοις
1595 2863 1694 2934 τῆς
1727 2864 1982 2930 πίστεως,

395 2945 536 3003 ἀλλά
582 2950 675 3002 καὶ⁹
712 2951 862 3021 παρά
892 2954 1006 3016 τοῖς
1055 2953 1192 3004 πᾶσι
1246 2953 1445 3022 μᾶλλον
1476 2955 1589 3017 τοῖς
1627 2953 1984 3024 ἀνθρωπίνοις

397 3041 684 3112 πράγμασι
750 3042 1199 3113 συγγινώσκουσι,
1263 3043 1409 3116 παρὸ
1469 3045 1503 3116 ἦ
1572 3043 1650 3116 τῷ
1707 3048 1981 3119 φαντασίᾳ

394 3130 546 3200 φόϐῳ
571 3131 680 3201 (88)
708 3131 864 3196 Θεοῦ,
895 3134 988 3188 καὶ
1020 3133 1374 3207 σωφροσύνης
1402 3135 1629 3208 ἀμέτρῳ
1659 3136 1844 3208 ἔρωτι,
1871 3155 1986 3206 γεν-

395 3219 618 3288 νήσαντι
648 3220 842 3284 πόνους
870 3223 965 3275 καὶ
1001 3220 1251 3293 σώματος
1286 3225 1769 3296 ἀκρωτηριασμὸν,
1805 3227 1898 3280 καὶ
1931 3227 1987 3280 εί

392 3325 447 3360 τι
487 3308 673 3380 ἕτερον
714 3311 875 3365 πάθοι
921 3311 987 3366 ἂν
1035 3315 1064 3366 ό
1113 3314 1412 3386 τηλικούτῳ
1459 3316 1649 3369 ἑαυτὸν
1685 3317 1983 3388 παρασχὼν

393 3402 706 3474 πράγματιι
744 3403 918 3475 ἕτεροι
948 3404 1004 3458 δὲ
1051 3406 1144 3458 καὶ
1182 3407 1240 3459 οὐ
1273 3406 1458 3461 πολλοὶ
1500 3407 1642 3461 οὕτω
1673 3411 1979 3482 νενοήκασι,

385 3493 472 3564 ,μὴ
507 3491 900 3562 βασανίσαντες
935 3495 1136 3567 τρόπον
1165 3495 1485 3561 ἀκολουθίας
1508 3497 1701 3568 λόγων,
1727 3502 1851 3565 τοὺς
1885 3501 1982 3572 μὲν

391 3585 691 3658 προτέρους
714 3587 806 3640 δύο
831 3587 1057 3643 αὐτόθεν
1081 3587 1189 3661 (89)
1213 3589 1308 3642 καὶ
1337 3591 1666 3661 σωματικῶς
1690 3592 1978 3665 ὲξειλήφα-

393 3689 480 3728 σιν
537 3676 786 3748 εἰρῆσθαι
834 3677 912 3749 τῷ
971 3679 1219 3750 Σωτῆρι,
1290 3680 1366 3745 ὼς
1418 3682 1571 3736 οὐδὲν
1645 3683 1806 3736 πλέον
1873 3685 1980 3738 τῶν

388 3765 665 3840 αἰσθητῶν
689 3769 1003 3840 ἐμφαίνοντι
1027 3787 1044 3805 ο
1077 3772 1168 3826 τὸν
1195 3771 1252 3824 δὲ
1280 3773 1461 3844 τρίτον
1492 3774 1674 3827 οὐκέτι
1709 3775 1848 3829 κατὰ
1881 3776 1979 3846 τὴν

391 3856 536 3923 λέξιν
573 3858 821 3930 λελέχθαι
867 3861 1234 3930 νενομίκασιν,
1276 3862 1391 3915 ἀλλ’
1442 3863 1796 3934 εὐνουχισμὸν
1842 3867 1981 3938 ἡγή-

393 3967 557 4004 σαντο
591 3951 682 4005 τὸν
711 3949 820 4004 ἀπὸ
865 3949 1022 4016 λόγου
1049 3951 1110 4004 έν
1144 3951 1225 4022 τῷ
1268 3952 1436 4024 τρίτῳ
1477 3955 1858 4025 σημαίνεσθαι,
1891 3957 1978 4010 ὅτε

389 4041 652 4112 προθέσει
695 4041 795 4112 τῇς
840 4041 946 4095 τῶν
989 4041 1234 4114 οὐρανῶν
1261 4041 1563 4113 βασιλείας,
1597 4045 1676 4115 τῷ
1701 4063 1978 4117 τμητικω-

387 4132 539 4202 τάτῳ
572 4131 715 4204 λόγῳ
762 4133 1084 4204 ἐκτεμόντες
1118 4133 1180 4186 τὸ
1222 4133 1331 4186 τῶν
1365 4134 1620 4189 τοιούτων
1651 4136 1978 4210 ἐπιθυμητι-

389 4224 506 4289 κὸν,
538 4229 1058 4299 καταπεφρονήκασι
1084 4227 1194 4281 τῶν
1222 4226 1433 4300 ὕϐρεων
1461 4228 1556 4282 τοῦ
1595 4228 1864 4300 σώματος,
1897 4231 1971 4303 μὴ

377 4317 703 4388 δυναμένων
735 4317 814 4370 ἔτι
846 4318 1065 4390 νικῆσαι
1095 4317 1274 4390 ψυχὴν
1292 4316 1371 4388 τῷ
1394 4315 1537 4389 λόγῳ
1569 4318 1971 4390 ἐκτετμηκυῖαν

387 4409 488 4480 τὴν
519 4408 832 4480 ἐπιθυμίαν.
869 4409 990 4482 Χρὴ
1023 4409 1081 4463 δὲ
1124 4409 1344 4474 εἰδέναι,
1375 4410 1458 4463 ὃτι
1487 4409 1537 4463 οί
1583 4410 1682 4481 μὲν
1713 4411 1969 4484 πρότεροι

383 4501 480 4557 τοῦ
509 4501 866 4572 εὐαγγελικοῦ
898 4503 1178 4574 γενόμενοι
1206 4501 1350 4570 φίλοι
1371 4503 1722 4574 γράμματος,
1751 4504 1846 4557 καὶ
1892 4506 1966 4578 μὴ

384 4591 800 4662 ιπιστῄσαντες,
833 4591 916 4645 ὅτι
949 4593 1049 4646 καὶ
1080 4592 1250 4646 ταῦτα
1297 4595 1355 4647 ὲν
1403 4591 1742 4664 παραϐολαῖς
1773 4594 1966 4668 ἐλάλη-

387 4697 480 4738 σεν
503 4686 539 4738 ό
582 4682 807 4754 Ἰησοῦς,
848 4682 943 4737 καὶ
971 4682 1242 4755 πνεύματι
1274 4683 1512 4756 εἴρηται,
1543 4683 1965 4760 ἀκολουθότερον

2087 2857 2139 2903 et
2169 2849 2467 2920 ignominia
2496 2849 2810 2904 alliciendos
2839 2867 2946 2906 non
2978 2851 3174 2908 alienis
3225 2867 3254 2907 a
3308 2854 3411 2910 tide
3462 2855 3671 2912 solum-

2086 2941 2254 2997 modo
2301 2941 2688 3014 propinarunt,
2718 2941 2810 2997 sed
2869 2942 2936 2999 iis
2985 2943 3150 2998 etiam
3203 2945 3296 3014 qui
3344 2961 3430 3000 res
3478 2963 3670 3002 cunne:

2085 3031 2356 3087 humanas
2404 3032 2773 3102 indulgentius
2829 3031 2976 3088 ferre
3027 3034 3228 3100 sciunt,
3259 3050 3424 3105 quam
3464 3052 3666 3091 vanum

2085 3119 2182 3176 Dei
2229 3122 2480 3179 timorem
2530 3124 2716 3177 animo
2761 3123 3108 3188 insidentem,
3139 3134 3193 3180 et
3231 3126 3661 3183 immoderatum

2085 3212 2352 3268 castitatis
2399 3228 2643 3268 amorem
2697 3213 2915 3270 labores
2968 3215 3268 3285 patientem
3321 3227 3374 3272 ct
3420 3219 3668 3290 corporis

2084 3306 2506 3370 mutilationem,
2540 3316 2594 3361 et
2619 3307 2664 3362 si
2691 3307 2820 3371 quid
2853 3307 2998 3362 aliud
3028 3309 3136 3378 pati
3169 3318 3368 3380 potest,
3405 3311 3502 3382 qui
3541 3321 3667 3367 tan-

2084 3404 2194 3451 tam
2230 3411 2344 3451 rem
2373 3397 2530 3452 obiit.
2582 3395 2687 3453 Alii
2736 3408 2918 3452 autem
2968 3414 3102 3454 sane
3149 3415 3258 3455 non
3311 3403 3468 3458 multi
3519 3403 3665 3457 haud

2082 3503 2348 3559 perpensa
2388 3489 2677 3544 verborum
2731 3490 3080 3557 cohaerentia,
3126 3491 3282 3546 aliter
3328 3505 3662 3559 senserunt;

2084 3583 2185 3632 rati
2214 3588 2342 3634 sunt
2371 3580 2517 3635 enim
2555 3582 2765 3650 priores
2797 3581 2934 3636 duas
2961 3582 3027 3635 ad
3061 3597 3258 3653 corpus
3286 3582 3600 3640 referendas
3630 3601 3662 3641 ι

2080 3668 2243 3739 652
2299 3667 2588 3725 Servatore
2641 3669 2930 3737 declarari,
2975 3669 3134 3740 quasi
3187 3679 3382 3740 praeter
3434 3676 3664 3731 sensilcs

2082 3759 2221 3813 nihil
2248 3767 2632 3829 proponente;
2672 3759 2886 3814 tertiam
2937 3774 3068 3815 vero
3113 3775 3223 3815 non
3273 3761 3348 3816 ita
3399 3769 3662 3832 putarunt

2081 3849 2338 3920 proferri,
2375 3859 2436 3906 ut
2459 3851 2526 3907 ad
2557 3851 2782 3906 verbum
2829 3851 3236 3921 interpretanda
3283 3853 3357 3907 sit
3388 3869 3404 3918 ;
3437 3854 3530 3908 sed
3570 3869 3662 3910 ca—

2085 3943 2406 3998 strationem
2457 3957 2579 4014 quae
2604 3943 2835 3998 rationis
2864 3958 2966 4013 ope
2996 3943 3073 4010 fit,
3110 3957 3176 3998 ea
3205 3942 3500 4014 signiﬁcari
3529 3959 3661 3999 cen-

2081 4041 2352 4098 suerunt,
2405 4032 2626 4103 quando
2674 4035 2956 4104 preposito
3015 4032 3224 4089 emlesti
3284 4048 3489 4105 regno,
3537 4044 3661 4104 post

2079 4133 2320 4181 resectas
2348 4140 2444 4196 per
2475 4139 2784 4183 sermonem
2835 4125 3073 4180 maxima
3114 4126 3335 4182 secandi
3359 4127 3411 4180 vi
3445 4125 3658 4196 pollen-

2078 4223 2187 4270 tem
2213 4215 2486 4285 ejusmodi
2510 4216 3008 4286 concupiseentias,
3029 4218 3276 4286 corporis
3299 4217 3658 4272 contumelias

2074 4315 2418 4378 Spreverunt,
2450 4316 2639 4378 utpote
2681 4323 2712 4364 a
2749 4309 2952 4379 quibus
2999 4310 3181 4364 anima
3232 4324 3354 4380 qua:
3400 4323 3657 4365 sermone

2075 4398 2578 4469 concupiscentiam
2612 4409 2924 4456 resccuerat
2947 4399 3016 4468 ⁸⁸,
3052 4415 3396 4471 nequaquam
3420 4399 3657 4471 amplius

2073 4498 2261 4559 posset
2289 4489 2559 4560 superari.
2591 4489 2663 4544 At
2689 4490 2969 4546 sciendum
2999 4501 3082 4548 est
3114 4493 3322 4561 priores
3349 4491 3470 4548 illos
3490 4506 3659 4547 evan-

2073 4580 2259 4651 gelica:
2288 4581 2482 4638 litterae
2510 4591 2785 4638 amatores
2813 4581 3056 4651 effectos,
3089 4598 3211 4638 cum
3247 4597 3359 4638 non
3404 4581 3655 4638 animad-

2071 4684 2366 4739 vertissent
2391 4684 2508 4739 hazc
2540 4698 2761 4754 quoque
2802 4682 2990 4740 Jesum
3045 4684 3100 4739 in
3155 4683 3430 4754 parabolis
3481 4683 3654 4739 fuisse

1575 4791 1760 4850 VETU
1772 4793 1811 4848 S
1860 4794 2448 4854 INTERPRETATIO.

466 4888 518 4941 1.
543 4890 719 4946 «Sunt
736 4887 992 4960 eunuchi,
1019 4887 1209 4960 quiex
1239 4895 1395 4942 utero
1423 4887 1760 4960 matris‘sum
1790 4889 1902 4944 nati
1933 4901 2062 4946 sunt
2089 4891 2188 4947 sic.
2223 4890 2288 4946 Et
2318 4899 2445 4945 sunt
2468 4890 2728 4957 eunuchi,
2758 4879 2854 4960 qui
2879 4890 2948 4945 ab
2988 4890 3302 4946 hominibus
3331 4888 3458 4945 facti
3494 4903 3645 4953 sunt.

386 4955 452 5011 Et
484 4965 612 5012 sunt
641 4958 904 5023 eunuchi,
939 4955 1280 5026 qui‘seipsos
1310 4957 1596 5038 eunuchos
1623 4955 1869 5038 fecerunt
1898 4970 2122 5030 propter
2172 4975 2398 5084 regnum
2441 4955 2727 5017 ctelorum.
2767 4955 2873 5027 Qui
2914 4969 3116 5044 potest.
3139 4975 3352 5028 capere,
3391 4961 3590 5043 capiat.
3625 4984 3643 5016 ι

386 5025 710 5084 Priusquam
747 5041 1088 5084 exnonamus
1117 5040 1240 5084 qua:
1269 5027 1428 5079 nobis
1458 5025 1712 5081 vnlentur
1740 5043 1792 5081 In
1825 5028 1970 5084 loco.
2013 5040 2203 5084 notum
2269 5045 2482 5084 aeimus
2531 5031 2669 5084 duas
2720 5044 2843 5084 esse
2887 5039 3258 5084 expositiones
3307 5029 3410 5084 iOCI
3464 5041 3643 5084 istius.

385 5025 710 5096 Priusquam
747 5025 1088 5096 exponamus
1117 5040 1240 5095 qua:
1269 5025 1712 5096 nobisviclentur
1740 5027 1792 5081 in
1825 5025 1970 5094 loco,
2001 5025 2203 5086 'notum

2269 5030 2482 5085 'aeimus
2531 5031 2669 5086 duas
2720 5044 2843 5086 esse
2887 5029 3258 5099 expositiones
3307 5029 3410 5084 loci
3462 5029 3645 5089 istius.

384 5094 764 5171 Quorumdam
786 5094 1014 5171 quidem
1037 5094 1176 5151 duas
1208 5095 1975 5171 eunuchisationescarnales
2029 5101 2375 5169 aspicientes,
2408 5100 2571 5171 quasi
2597 5094 2993 5171 consequenter
3022 5099 3203 5171 dicere
3227 5099 3646 5171 existimantes,

383 5167 505 5220 ausi
533 5175 663 5241 sunt
692 5165 860 5220 etiam
888 5166 1109 5241 tertiam
1142 5165 1654 5241 eunuchizationem
1687 5165 1868 5222 dicere
1894 5165 2256 5241 corporalem,
2285 5165 2496 5241 utpuia,
2533 5170 2578 5224 si
2613 5165 2831 5241 propter
2853 5167 3105 5241 timorem
3147 5167 3252 5241 Dei
3291 5165 3648 5241 corporaliter

382 5235 773 5310 eunuchirant,
802 5245 856 5292 et
884 5236 1212 5310 obiecerunt
1245 5251 1306 5310 se
1335 5235 1682 5310 opprobriis,_
1700 5245 1754 5290 et
1785 5235 2203 5310 confusionibus
2229 5235 2542 5295 non'solum
2577 5235 2727 5310 apud
2747 5238 2956 5310 alienos
2986 5237 3132 5303 ﬁdei,
3161 5239 3254 5293 sed
3281 5235 3443 5310 etiam
3472 5241 3639 5310 apud

381 5318 478 5358 eos
501 5304 600 5388 _qui
628 5303 1259 5388 ignorantizehmniuum
1294 5303 1576 5388 ignoscere
1601 5305 1798 5388 solent.
1829 5307 1934 5361 Alii
1965 5318 2147 5388 autem
2182 5321 2236 5388 e_t
2274 5310 2518 5388 plerique
2573 5303 2674 5388 sic.
2705 5307 3110 5388 intellexerunt_
3132 5323 3239 5362 non
3286 5303 3642 5388 discutientes

385 5373 614 5428 modum
648 5373 1052 5445 consequentiae
1084 5373 1373 5429 verborum
1405 5391 1418 5428 :
1457 5376 1593 5430 duas
1617 5374 1837 5445 quidem
1871 5373 2362 5436 eunuchizationes
2387 5373 2599 5450 priores
2633 5377 2881 5432 similiter
2922 5377 3199 5446 prioribus
3240 5377 3644 5446 expositoribus

453 5493 502 5526 ι’
530 5492 722 5551 Matth.
758 5511 874 5564 xu,
907 5496 993 5550 ιε.
1069 5496 1114 5528 ⁸⁸
1139 5492 1274 5550 Heb.
1311 5511 1384 5561 Iv,
1423 5496 1508 5550 12.

453 5606 566 5680 (88)
606 5607 828 5682 ΠιξρρΔῆ
852 5609 933 5675 τῷ
958 5610 1260 5682 φαντασίᾳ
1284 5611 1463 5680 φόϐῳ.
1488 5612 1548 5663 1η
1565 5610 1767 5682 codice
1790 5608 1959 5682 Regio

380 5677 718 5803 deest
735 5677 971 5760 ﬂuetius’
984 5681 1266 5749 legendum
1287 5677 1535 5751 putabat,
1560 5679 1718 5762 Ev‘tq.)
1738 5680 1796 5733 ὲν
1820 5677 1956 5748 φᾶν-

381 5750 541 5803 τασία
577 5766 614 5803 φ
648 5748 747 5803 ϐω.
788 5751 943 5803 Alius
974 5758 1153 5803 autem
1193 5750 1434 5803 legebat.
1469 5749 1538 5803 ἢν
1574 5765 1654 5803 τω
1686 5751 1956 5803 φαντασία

381 5750 541 5821 racia
577 5748 747 5820 φόϐῳ.
788 5751 943 5804 Alius
974 5748 1153 5803 autem
1193 5748 1434 5820 legebat,
1469 5749 1538 5820 ἢν
1574 5748 1654 5820 τῷ
1686 5748 1958 5822 φαντασίᾳ

2064 5616 2232 5687 φόϐου
2259 5615 2414 5687 Θεοῦ.

2131 5649 2467 5759 "6332:;
2501 5682 2723 5754 Regius,
2757 5680 3006 5750 αὐτόθεν,
3031 5680 3389 5752 Anglicanus,
3412 5678 3564 5736 αὐτό.
3584 5649 3598 5662 ”
