4146 6430
495 354 635 411 ιέεδ

1939 338 2266 395 οιιιοειςιε

3621 314 3758 373 1250

495 470 758 531 laetatum.
810 479 864 526 et
916 471 1109 539 spiritu
1154 469 1296 524 dicta
1347 482 1490 531 esse,
1546 464 1808 533 majorem
1865 464 1916 514 in
1972 461 2073 515 hoc

2183 460 2277 529 μὲν
2321 459 2606 529 νενοήκασι
2651 458 2721 511 τὰ
2757 459 2897 513 κατὰ
2927 458 3017 512 τὸν
3067 460 3252 523 τόπον,
3292 456 3403 522 τοῖς
3436 454 3758 528 ὁμολογοῦσι

493 564 817 629 explicando
863 563 982 617 loco
1028 561 1434 630 consequentia:
1480 560 1742 612 rationem
1796 553 2071 617 habuisse,

496 667 659 726 atque
689 672 783 709 eos
816 655 908 725 qui
945 655 1156 725 priores
1186 655 1324 707 duas
1370 651 1731 706 castratioues
1770 648 1837 702 ad
1873 661 2076 714 corpus

499 750 814 803 referendas
843 763 966 802 esse
997 746 1128 801 fassi
1156 754 1284 800 sunt
1315 765 1328 799 :
1357 745 1636 815 prioribus
1666 743 1809 797 enim
1860 740 2075 794 duobus

499 841 717 893 tertium
760 840 1156 907 consequenter
1203 844 1563 906 exmquarunt
1591 854 1605 902 ;
1638 850 1746 887 non
1798 833 1853 886 itt
1904 831 2076 884 tribus

496 931 713 1001 quidem
750 931 876 998 illis,
907 929 1083 1000 quoad
1116 929 1589 997 consequentiam,
1616 932 1905 995 peccantes
1934 940 1949 988 ;
1980 927 2074 976 sed

497 1023 638 1090 qttod
671 1023 736 1075 ad
788 1038 851 1076 ea
895 1038 1018 1091 quae
1061 1022 1163 1074 hoc
1208 1021 1343 1091 loco
1371 1026 1682 1081 narrantur,
1719 1017 1831 1085 jam
1873 1015 1997 1070 inde
2044 1029 2074 1066 α

498 1113 767 1182 principio
826 1129 931 1167 nou
989 1112 1124 1167 satis
1174 1088 1538 1174 attenderint,
1584 1108 1893 1163 necessario
1936 1106 2073 1175 lapsi

498 1217 624 1260 sunt
650 1223 664 1271 ;
699 1222 821 1258 nam
850 1207 896 1258 si
918 1204 985 1258 ad
1009 1218 1210 1273 corpus
1233 1201 1546 1257 referuntur
1568 1202 1709 1265 dum,
1731 1215 2074 1269 consequens

499 1307 581 1350 est
612 1296 805 1350 referri
840 1306 894 1349 et
918 1295 1153 1349 tertiam.
1185 1294 1293 1347 Alii
1327 1308 1458 1347 vero
1494 1295 1708 1347 tertiam
1738 1299 1883 1346 recte
1925 1306 2076 1345 asse-

500 1389 613 1441 cuti
646 1397 798 1451 sunt,
831 1402 954 1440 cum
982 1385 1331 1441 affectionum
1363 1384 1431 1438 ab
1456 1384 1635 1437 anima
1666 1391 1936 1452 peractam
1960 1397 2077 1443 ser-_

502 1479 680 1534 monis
707 1494 808 1548 ope
830 1478 1187 1534 resectionem
1209 1478 1311 1531 hac
1337 1475 1630 1546 significari
1656 1474 1900 1529 arbitrati
1924 1488 2071 1541 sunt;

408 1564 414 1569 ’
502 1582 557 1625 at
585 1586 691 1625 non
722 1572 1083 1625 observarunt
1118 1570 1243 1624 huic
1274 1568 1621 1637 explicationi
1647 1574 2074 1622 consentaneum

504 1677 624 1717 esse
654 1663 861 1726 priores
881 1662 1018 1715 duas
1039 1660 1394 1715 castrationes
1415 1659 1721 1729 allegorice,
1753 1659 1893 1713 haud
1918 1675 2076 1714 secus

504 1770 567 1808 ac
605 1753 838 1818 tertiant,
872 1752 1093 1818 exponi,
1134 1751 1215 1805 vel
1251 1758 1395 1805 certe
1424 1751 1698 1821 prioribus
1728 1752 1940 1806 duabus
1968 1759 2079 1805 ter-

506 1846 634 1897 tiam
690 1856 907 1913 quoque
960 1841 1253 1911 exaequari.
1293 1842 1437 1896 Sane
1487 1842 1533 1897 si
1586 1856 1749 1911 super
1802 1842 1923 1897 aliis
1969 1858 2077 1895 non

501 1934 700 1988 veteris
735 1941 968 1998 tantum,
1003 1932 1096 1987 sed
1128 1942 1181 1987 et
1212 1930 1350 1987 Novi
1382 1932 1719 1988 Testamenti
1752 1934 1888 1988 locis
1914 1949 2079 2003 quam

499 2024 751 2095 plurimis
781 2026 963 2079 dicere
993 2039 1093 2094 par
1117 2032 1200 2079 est
1234 2042 1247 2078 :
1287 2042 1304 2075 ι
1334 2022 1541 2078 Littera
1584 2025 1815 2087 occidit,
1858 2026 2082 2094 spiritus

501 2127 685 2171 autem
714 2114 948 2170 vivificat
970 2116 1037 2180 δι,
1070 2134 1089 2166 ι
1130 2116 1270 2169 idem
1304 2115 1358 2170 in
1387 2116 1453 2171 iis
1481 2132 1603 2186 qua:
1649 2117 1713 2171 ad
1769 2119 1912 2171 hunc
1940 2132 2079 2187 quo-

502 2223 609 2277 que
661 2208 843 2261 locum
896 2208 1202 2276 pertinent,
1253 2205 1529 2261 fatendum
1578 2216 1659 2261 est
1689 2226 1703 2275 ;
1738 2208 2078 2263 observatam

504 2303 705 2370 quippe
752 2301 817 2355 de
872 2299 1086 2355 duabus
1130 2299 1552 2355 castrationihus
1607 2301 1839 2355 litteram
1889 2301 2084 2356 dixerit

507 2393 706 2462 aliquis
738 2406 832 2446 eos
867 2391 1169 2456 occidisse,
1215 2391 1308 2460 qui
1359 2391 1572 2445 tertiam
1623 2392 2081 2461 quemadmodum

504 2493 556 2538 et
583 2483 797 2553 priores
834 2482 1237 2548 intellexerunt,
1263 2491 1315 2535 et
1349 2482 1528 2537 dicere
1573 2484 1692 2537 ausi
1737 2493 1863 2539 sunt
1913 2501 1971 2539 se
2016 2484 2083 2538 ad

505 2574 754 2629 tumtlem
792 2573 1013 2628 modum
1053 2589 1162 2643 quo
1194 2573 1403 2643 priores
1441 2575 1665 2629 castrati
1708 2588 1868 2641 sunt,
1915 2574 2085 2632 fuisse

504 2676 772 2731 exsectos,
808 2675 992 2735 utpote
1018 2666 1111 2735 qui
1139 2665 1295 2732 juxta
1333 2650 1636 2721 sermonem
1676 2667 1766 2723 Dei
1815 2668 1866 2722 id
1910 2668 2085 2724 facere

506 2760 799 2829 potuerint,
821 2758 892 2812 ob
919 2758 1050 2812 illud
1076 2760 1120 2790 ⁵²
1148 2777 1160 2812 :
1193 2776 1211 2808 ι
1241 2756 1470 2827 Propter
1493 2776 1715 2829 regnum
1743 2762 2030 2816 curiarum.
2060 2782 2080 2813 ι

578 2852 634 2905 2.
677 2851 832 2917 Quod
859 2851 903 2905 si
935 2851 1059 2920 quis
1093 2850 1213 2903 aliis
1239 2849 1401 2904 etiam
1434 2853 1696 2920 exemplis
1726 2855 1943 2922 probari
1975 2855 2089 2907 vult

505 2939 716 2995 Novum
774 2940 1186 2997 Testamentum
1243 2941 1477 2995 litteram
1532 2944 1862 2997 Occidentem
1926 2943 2087 3017 653

507 3034 807 3097 continere,
841 3035 1043 3099 audiat,
1080 3036 1314 3106 exempli
1344 3038 1537 3106 gratia,
1572 3036 1848 3106 quomodo
1895 3034 2090 3091 Serva-

2174 550 2300 612 τοὺς
2335 549 2632 619 προτέρους
2679 548 2773 601 δύο
2811 550 3198 619 εὐνουχισμοὺς
3243 548 3571 619 σωματικῶς
3609 548 3760 602 λελέ-

2174 640 2298 710 χΟαι
2319 655 2331 668 ⁸
2362 639 2705 709 ἐξωμάλισαν
2736 640 2845 711 γὰρ
2877 640 3182 703 ἀκολούθως
3213 642 3327 703 τοῖς
3356 638 3639 711 προτέροις
3665 640 3762 694 δύο

2178 731 2267 783 τὸν
2310 729 2512 800 τρίτον,
2542 731 2602 782 ού
2638 731 2922 794 πταίοντες
2958 733 3055 801 μὲν
3088 731 3164 794 ὡς
3207 730 3343 801 πρὸς
3375 730 3436 783 τὸ
3467 730 3760 785 ἀκόλουθον

2178 825 2289 884 τοῖς
2319 821 2518 892 τρισὶν,
2551 822 2861 890 ἀναγκαίως
2890 822 2947 876 δὲ
2979 823 3304 885 πταίσαντες
3334 820 3412 892 τῷ
3451 822 3550 894 τὴν
3583 822 3759 894 ἀρχὴν

2175 915 2283 967 τῶν
2316 914 2456 968 κατά
2481 916 2573 968 τὸν
2600 917 2762 968 τόπον
2792 915 3211 987 παρεωρακέναι
3235 931 3247 943 ·
3278 914 3355 984 τῷ
3386 912 3494 986 γὰρ
3524 931 3761 985 σωματι-

2177 1008 2288 1071 κῶς
2309 1007 2554 1078 λελέχθαι
2581 1009 2706 1072 τοὺς
2733 1007 2825 1062 δύο
2839 1007 3028 1060 ἕπεται
3048 1008 3142 1061 καὶ
3166 1008 3258 1059 τὸν
3279 1008 3460 1076 τρίτον
3479 1002 3621 1061 εἶναι
3657 1023 3762 1061 σω-

2179 1100 2405 1172 ματικόν
2429 1117 2441 1128 ·
2479 1101 2526 1152 οἱ
2554 1099 2611 1152 δὲ
2634 1099 2876 1170 δεύτεροι
2914 1098 2991 1168 τῷ
3036 1098 3134 1168 μὲν
3166 1098 3334 1168 τρίτῳ
3374 1096 3541 1165 ὑγιῶς
3569 1098 3760 1152 ἐπιϐε-

2178 1193 2429 1260 6λήκασι,
2457 1190 2553 1261 τὴν
2593 1191 2699 1244 ἀπὸ
2727 1189 2886 1259 λόγου
2928 1189 3249 1259 νομίσαντες
3276 1188 3568 1258 δηλοῦσθαι
3599 1190 3758 1243 ἔκτο-

2180 1282 2286 1354 μὴν
2316 1282 2410 1335 τοῦ
2445 1281 2745 1353 παθητικοῦ
2771 1281 2883 1334 ἀπὸ
2904 1281 3004 1351 τῆς
3028 1280 3202 1350 ψυχῆς
3220 1297 3232 1309 ·
3270 1279 3452 1332 οὐκέτι
3478 1279 3535 1332 δὲ
3560 1279 3760 1334 τεθεω-

2179 1376 2431 1447 ρήκασιν,
2462 1374 2542 1427 ὅτι
2573 1371 2812 1444 ἁρμόζον
2838 1368 2906 1444 ἦν
2934 1375 3000 1445 τῇ
3029 1371 3251 1444 τοιαύτῃ
3272 1370 3487 1441 ὲκδοχῇ,
3513 1370 3606 1424 καὶ
3634 1372 3759 1434 τοὺς

2178 1467 2475 1539 προτέρους
2504 1464 2597 1519 δύο
2629 1466 3015 1536 εὑνουχισμοὺς
3046 1465 3245 1536 ὁμοίως
3281 1463 3360 1535 τῷ
3391 1465 3560 1535 τρίτῳ
3595 1463 3756 1535 (17th,-

2177 1560 2428 1630 γορῆσαι,
2463 1558 2496 1630 ἢ
2531 1557 2845 1628 ὲξομαλίσαι
2892 1556 3288 1628 παραπλησίως
3324 1559 3438 1620 τοῖς
3473 1555 3756 1627 προτέροις

2178 1651 2298 1703 δυσὶ
2335 1654 2429 1704 καὶ
2462 1650 2555 1703 τὸν
2595 1649 2797 1721 τρίτον.
2832 1649 3004 1719 Εἴπερ
3054 1644 3148 1700 οὖν
3173 1650 3260 1700 ἐπ’
3296 1647 3468 1701 ἄλλων
3502 1646 3666 1701 τινῶν
3695 1647 3758 1698 οὐ

2184 1741 2340 1811 μόνον
2373 1740 2474 1811 τῆς
2512 1741 2785 1811 Διαοήκης
2829 1740 2929 1810 τῆς
2974 1739 3212 1802 παλαιᾶς
3255 1739 3453 1809 ῥητῶν,
3501 1737 3638 1791 ἀλλά
3664 1740 3759 1791 καὶ.

2179 1831 2279 1902 τῆς
2306 1831 2501 1899 καινῆς
2521 1830 2749 1900 ἁρμόζει
2773 1828 2950 1897 λέγειν
2972 1845 2986 1858 ·
3018 1848 3036 1879 ε
3070 1830 3113 1881 Τ
3115 1830 3144 1881 δ
3166 1831 3402 1900 γράμμα
3428 1826 3758 1894 ἀποκτείνει,

2181 1922 2241 1976 τὸ
2272 1922 2329 1975 δὲ
2366 1921 2583 1993 πνεῦμα
2613 1921 2883 1985 ζωοποιεῖ,
2924 1939 2943 1971 ι
2975 1922 3135 1974 τοῦτο
3158 1922 3216 1974 δὲ
3248 1920 3343 1974 καὶ.
3373 1921 3468 1975 ἐπὶ
3497 1920 3641 1974 κατά
3669 1920 3762 1973 τὸν

2182 2015 2539 2085 προκείμενον
2579 2014 2778 2084 τρόπον
2812 2014 2922 2084 (90)
2954 2012 3315 2084 ὁμολογητέον
3335 2030 3348 2043 ·
3378 1994 3618 2084 τηρηθὲν
3651 2010 3761 2082 γὰρ

2180 2108 2243 2160 τὸ
2274 2108 2507 2178 γράμμα
2557 2105 2665 2160 τῶν
2708 2105 2803 2158 δύο
2850 2105 3227 2176 εὐνουχισμῶν
3259 2106 3403 2159 εἴποι
3442 2122 3527 2169 τις
3559 2104 3649 2167 ἂν,
3677 2106 3760 2158 ὅτι

2182 2198 2467 2251 ἀπέκτεινε
2494 2199 2621 2261 τοὺς
2661 2196 2967 2259 ἀκολούθως
3008 2200 3120 2261 τοῖς
3150 2197 3433 2270 προτέροις
3461 2197 3552 2249 τὸν
3582 2195 3766 2267 τρίτον

2183 2290 2499 2361 νοήσαντας,
2526 2291 2620 2343 καὶ
2644 2290 3019 2359 τολμήσαντας
3048 2291 3240 2352 εἰπεῖν,
3272 2288 3348 2350 ὼς
3380 2287 3520 2341 κατά
3550 2288 3643 2340 τὸν
3674 2286 3764 2338 λό-

2183 2398 2278 2449 γον
2306 2381 2401 2433 τοῦ
2427 2381 2632 2452 Κυρίου
2659 2380 2969 2451 χωροῦντας
2995 2379 3128 2432 αὐτὸ
3155 2382 3327 2433 ποιεῖν
3353 2381 3445 2432 ἐπὶ
3473 2378 3552 2450 τῷ
3573 2395 3588 2410 ο
3620 2397 3640 2428 ε
3663 2379 3765 2431 Διά

2183 2472 2280 2543 τὴν
2310 2472 2582 2543 βασιλείαν
2609 2472 2718 2526 τῶν
2744 2470 3010 2543 οὐρανῶν,
3043 2491 3062 2523 ι
3094 2472 3296 2543 ὁμοίως
3318 2475 3431 2537 τοῖς
3453 2471 3762 2544 προτέρας,

2186 2565 2630 2635 εὐνουχισοεῖσιν,
2660 2564 3000 2636 εὐνουχίσθαι
3026 2564 3272 2627 ἑαυτούς.

2257 2864 2319 2918 Εἰ
2359 2865 2417 2917 δὲ
2460 2863 2705 2935 βούλεταί
2741 2882 2824 2928 τις
2872 2865 2981 2935 (9i)
3029 2865 3124 2918 καὶ
3166 2862 3299 2919 ἄλλα
3350 2864 3764 2937 παραδείγματα

2189 2956 2371 3011 λαϐεῖν
2409 2958 2509 3026 τῆς
2550 2957 2743 3027 καινῆς
2771 2957 3042 3028 Διαθήκης
3086 2958 3315 3029 ἐχούσης
3349 2958 3580 3030 γράμμα
3626 2957 3763 3009 ἀπο-

2189 3051 2419 3109 κτεῖνον,
2455 3048 2696 3101 ἀκουέτω
2736 3047 3176 3118 παραδείγματος
3225 3047 3383 3119 χάριν
3418 3047 3536 3100 τίνα
3566 3047 3764 3118 τρόπον

508 3134 594 3181 tor
630 3126 892 3196 apostolis
935 3127 1010 3180 ait
1032 3126 1119 3182 5':
1162 3147 1180 3179 ‹
1212 3127 1442 3194 Quando
1490 3129 1614 3183 misi
1664 3144 1761 3183 vos
1805 3128 1921 3183 sine
1969 3146 2081 3184 sac-

2190 3144 2218 3195 ό
2259 3141 2448 3211 Σωτὴρ
2482 3141 2618 3211 πρὸς
2651 3140 2774 3202 τοὺς
2818 3141 3144 3204 ἀποστόλους
3190 3136 3369 3193 εἶπεν·
3409 3159 3425 3189 ι
3471 3141 3597 3192 Ὅτε
3633 3137 3768 3193 titti-

507 3217 652 3281 culo,
681 3225 734 3270 et
761 3232 906 3286 pera,
935 3226 987 3271 et
1022 3219 1423 3283 calceamentis,
1459 3220 1717 3288 numquid
1754 3219 1956 3289 aliquid
1989 3219 2083 3273 de--

509 3308 613 3363 fuit
641 3309 828 3364 vobis?
864 3328 881 3361 ι
912 3309 1112 3380 quibus
1142 3310 1487 3380 subjungitur
1513 3329 1525 3364 :
1556 3328 1576 3361 ‹
1608 3308 1674 3363 At
1700 3309 1773 3363 illi
1797 3310 2083 3364 dixerunt:

510 3400 676 3455 Nihil.
715 3420 732 3453 ι
761 3399 906 3455 Dixit
937 3416 1065 3471 ergo
1094 3401 1173 3455 eis
1207 3400 1405 3456 Jesus:
1441 3423 1459 3454 ι
1491 3401 1594 3456 Sed
1627 3419 1771 3457 nunc
1800 3405 1890 3472 qui
1926 3405 2088 3459 habet

512 3493 814 3553 sacculum,
847 3491 997 3547 tollat
1029 3492 1282 3548 similiter
1316 3504 1370 3549 et
1398 3510 1581 3564 peram
1610 3513 1622 3548 :
1648 3505 1699 3549 et
1726 3496 1817 3565 qui
1856 3510 1960 3549 non
1997 3496 2089 3549 ha-

511 3586 618 3653 bet,
653 3584 846 3642 vendat
877 3585 1114 3641 tunicam
1148 3602 1325 3651 suam,
1354 3595 1407 3639 et
1431 3595 1576 3639 emat
1607 3587 1868 3656 gladium.
1897 3605 1915 3637 ›
1950 3584 2086 3641 Nam

510 3679 556 3733 si
591 3678 715 3748 quis
764 3676 927 3747 lmjus
968 3676 1069 3731 loci
1117 3692 1338 3731 sensum
1379 3692 1488 3730 non
1525 3688 1834 3747 penetrans,
1882 3688 2086 3732 vestem

511 3786 666 3824 suam
715 3769 973 3824 sensilem
1006 3768 1331 3833 vendiderit,
1367 3778 1420 3821 et
1470 3768 1798 3823 homicidam
1847 3767 2087 3839 gladium

511 3864 724 3927 emerit,
755 3872 1038 3932 prepterea
1066 3862 1212 3931 quod
1248 3862 1361 3916 haec
1404 3878 1432 3915 a
1467 3860 1593 3917 Iesu
1629 3863 1774 3916 dicta
1809 3870 1956 3928 sunt,
1993 3878 2090 3932 pe-

512 3954 643 4010 ribit
687 3955 806 4018 ille,
854 3955 1000 4025 quod
1054 3953 1324 4022 ejusmodi
1370 3955 1605 4022 gladium
1656 3957 1985 4024 sumpserit,
2036 3960 2091 4008 et

514 4056 710 4116 printer
744 4045 1074 4101 voluntatem
1107 4043 1259 4111 Jesu,
1297 4046 1437 4100 male
1473 4046 1743 4101 intellecto
1772 4047 1943 4116 ipsius
1973 4063 2089 4103 ser-

516 4151 698 4203 mone,
729 4137 931 4206 egerit;
969 4135 1203 4191 fortasse
1230 4151 1360 4189 vero
1389 4144 1444 4190 et
1481 4135 1535 4189 in
1567 4136 1745 4205 gladio
1773 4138 1969 4206 peribit
1995 4156 2007 4191 :
2035 4146 2090 4193 at

515 4231 694 4300 qualis
721 4231 789 4285 sit
818 4231 907 4284 ille
938 4231 1150 4301 gladius
1178 4243 1284 4282 non
1312 4243 1460 4282 nunc
1486 4229 1644 4285 nobis
1675 4229 2088 4299 disquireudum

2190 3233 2370 3287 στειλα
2408 3235 2551 3303 ὑμᾶς
2578 3234 2710 3303 ἄτερ
2738 3232 3041 3303 βαλαντίου,
3074 3235 3167 3289 καὶ
3200 3234 3402 3303 πήρας,
3439 3232 3532 3285 καὶ
3564 3231 3763 3302 ὑποδη-

2193 3327 2397 3398 μάτων,
2441 3326 2514 3395 μή
2559 3342 2703 3388 τινος
2744 3325 3115 3396 ὑστερήσατε;
3147 3346 3165 3378 ι
3211 3314 3761 3396 οἷςὲπιςρέρεταιτῶ

2194 3438 2213 3471 ε
2252 3419 2316 3471 Οἱ
2360 3417 2417 3470 δὲ
2454 3414 2605 3469 εἶπον
2629 3432 2643 3445 ο
2681 3415 2926 3479 Οὐδενός.
2963 3435 2982 3468 ι
3022 3413 3188 3470 Εἶπεν
3226 3412 3320 3470 οὗν
3364 3417 3547 3479 αὐτοῖς
3579 3417 3608 3469 ό
3657 3414 3767 3485 ’1η-

2191 3503 2347 3565 σοῦς·
2389 3524 2407 3555 ι
2460 3504 2619 3558 Ἀλλά
2653 3502 2749 3576 νῦν
2790 3508 2818 3558 ὁ
2855 3504 2993 3576 ἔχων
3018 3504 3302 3575 βαλάντιον
3332 3503 3537 3574 ἀράτω,
3566 3503 3768 3574 ὁμοίως

2189 3596 2282 3648 καὶ
2310 3595 2525 3666 πήραν·
2552 3572 2701 3649 κα“ι’ὁ
2733 3596 2807 3666 μὴ
2835 3572 2971 3665 ἔχων
3006 3572 3312 3667 πωλησάτω
3343 3572 3402 3647 το
3433 3572 3645 3666 ἱμάτιον
3671 3595 3766 3647 αὑ-

2186 3683 2303 3748 τοῦ,
2336 3685 2430 3737 καὶ
2462 3684 2784 3756 ἀγορασάτω
2816 3685 3088 3755 μάχαιραν
3111 3701 3123 3715 ·
3165 3704 3184 3734 ι
3218 3685 3272 3738 εἰ
3309 3702 3392 3748 τις
3419 3684 3546 3756 γάρ,
3575 3683 3663 3737 διὰ
3707 3681 3769 3750 τὸ

2188 3773 2360 3828 ταῦτα
2402 3773 2682 3845 εἰρηκέναι
2721 3773 2810 3826 τὸν
2854 3773 3081 3845 Ἰησοῦν,
3118 3773 3194 3845 μὴ
3239 3773 3424 3827 ἐνιδὼν
3469 3774 3768 3846 βουλήματι

2186 3865 2296 3919 τῶν
2340 3864 2699 3935 λελεγμένων,
2729 3864 2968 3937 πωλήσει
3007 3863 3068 3916 τὸ
3111 3863 3364 3937 αἰσθητὸν
3406 3864 3597 3918 ἑαυτοῦ
3640 3865 3769 3935 ἱμά-

2190 3974 2323 4018 τιον,
2364 3956 2458 4007 καὶ
2497 3955 2758 4026 ἀγοράσει
2793 3953 3064 4026 μάχαιραν
3097 3956 3442 4028 ἀνδροφόνον,
3470 3956 3545 4020 ὡς
3590 3956 3770 4010 λαϐὼν

2198 4051 2468 4123 μάχαιραν
2503 4049 2774 4119 τοιαύτην,
2824 4050 2917 4102 καὶ
2950 4048 3101 4120 παρά
3132 4048 3193 4101 τὸ
3242 4049 3489 4121 βούλημα
3534 4050 3629 4103 τοῦ
3668 4051 3773 4103 ’1η-

2197 4142 2290 4196 σοῦ
2326 4143 2573 4213 ποιήσας,
2617 4140 3090 4213 παρεκδεξάμενος
3128 4143 3288 4196 αὖτοῦ
3320 4143 3411 4195 τὸν
3445 4142 3599 4210 λόγον
3635 4143 3770 4194 ἁπο-

2196 4234 2367 4289 λεῐται
2412 4234 2509 4304 μὲν
2533 4249 2545 4261 ·
2578 4232 2719 4302 τάχα
2751 4231 2806 4284 δὲ
2835 4232 2929 4285 καὶ
2957 4234 3014 4285 ὲν
3046 4232 3293 4304 μαχαίρᾳ.
3322 4233 3638 4286 ἀπολεῖται·
3672 4247 3771 4284 πο-

514 4332 618 4380 est.
652 4322 960 4390 Quinetiam
995 4323 1125 4380 illttd
1148 4324 1194 4357 '1’
1224 4343 1237 4378 :
1271 4344 1289 4376 ι
1332 4321 1617 4405 Neminem
1641 4338 1737 4393 per
1762 4324 1901 4377 viam
1947 4324 2081 4379 salu-

2198 4325 2341 4397 δαπὴ
2367 4324 2422 4377 δὲ
2445 4326 2477 4396 ἡ
2510 4324 2774 4394 μάχαιρα,
2802 4323 2863 4376 ού
2885 4322 2980 4377 τοῦ
3011 4326 3273 4397 παρόντος
3296 4325 3412 4379 ἐστὶ
3439 4322 3632 4398 καιροῦ
3654 4323 3771 4395 διη-

1715 4459 1897 4517 VETL’
1909 4462 1948 4515 S
1985 4464 2099 4518 ΙΝΤ
2111 4458 2569 4521 ERPRETATIO.

519 4574 766 4631 carnales
790 4588 913 4629 esse
946 4573 1219 4638 dixerunt,
1252 4583 1306 4628 et
1336 4573 1470 4628 nihil
1502 4574 1817 4643 Spiritaliter
1853 4575 2260 4645 intelligendum
2293 4576 2349 4629 in
2380 4574 2462 4628 eis
2490 4570 2750 4645 :_te_rtiam
2772 4581 2951 4645 autem
2979 4574 3490 4633 ennuebizationem
3518 4577 3773 4632 dixerunt

516 4662 587 4701 ex
619 4645 805 4707 verbo,
839 4658 944 4715 non
966 4646 1331 4715 corporalem,
1377 4642 1597 4713 quando
1640 4660 1736 4715 spe
1782 4646 1935 4715 regni
1982 4642 2223 4702 ccblestis
2274 4661 2306 4700 a
2351 4642 2703 4700 severissime
2752 4643 2919 4715 verbo
2969 4648 3271 4714 praecidunt
3320 4647 3773 4715 concupiscentia

520 4715 851 4788 passionem.
883 4711 948 4765 Et
980 4711 1140 4782 primi
1165 4711 1545 4788 quidem'l'aeti
1577 4711 1705 4769 sunt
1733 4711 2005 4788 amatores
2032 4715 2596 4788 evangelicmlitterag,
2620 4719 2674 4764 et
2696 4727 2804 4788 non
2830 4711 3365 4788 intelligentes‘quod
3391 4711 3554 4788 etiam
3580 4717 3693 4768 haec
3714 4715 3768 4766 in

520 4781 799 4856 parabolis
825 4781 1039 4837 loeutus
1072 4792 1155 4856 est
1187 4781 1385 4848 Iesus,
1407 4794 1804 4853 consequenter
1835 4786 2106 4853 prioribus
2135 4781 2686 4841 eunuchizationibus
2716 4782 2931 4856 duabus
2961 4781 3335 4855 corporalibus
3389 4784 3770 4856 intellexerunt

517 4851 573 4913 et
602 4858 839 4915 tertiam.
871 4870 978 4909 non
1009 4854 1226 4922 quidem
1264 4863 1550 4925 peccantes
1579 4851 1843 4923 quantum
1873 4857 1938 4910 ad
1974 4856 2420 4925 consequentiam
2452 4871 2477 4925 :7
2499 4852 2807 4906 necessarie
2853 4863 3038 4910 autem
3059 4851 3465 4925 peccaverunt,
3503 4851 3764 4920 quoniam

521 4928 593 4982 ab
622 4926 781 4981 initio
808 4926 949 4981 duas
976 4925 1098 4979 iHas
1125 4922 1611 4995 eumchizatmnes
1636 4925 1993 4995 corporaliter
2020 4922 2228 4982 tantum
2260 4924 2483 4993 intelligi
2508 4929 2836 4995 putaverunt
2864 4941 2877 4976 :
2908 4922 3248 4995 consequens
3275 4922 3417 4995 epim
3449 4930 3566 4995 erat
3615 4929 3769 4989 pest-

520 5011 688 5068 quam
720 4997 931 5066 priores
965 4994 1334 5068 corporaliter
1349 4990 1766 5068 intellexerunt]
1806 5004 1864 5068 ut
1910 4997 2126 5068 tertiam
2150 5011 2392 5068 quoque
2438 4990 2785 5068 corporalem
2842 4990 3531 5068 exist_it_na'rent_._Secundi
3584 4999 3770 5045 autem

524 5061 970 5134 iitterpretatorcs
1001 5061 1212 5119 tertiam
1245 5064 1463 5133 quidem
1495 5065 2003 5121 euuuchizationem
2022 5061 2319 5121 striditiin
2341 5062 2856 5134 exposueruntfleri
2883 5065 3033 5119 verbi
3067 5061 3421 5134 praecisione;
3449 5077 3562 5134 non
3587 5070 3770 5134 autem

522 5130 1010 5191 consideraverant
1036 5130 1295 5204 quoniam
1327 5136 1451 5189 talis
1498 5135 1771 5203 expositio
1820 5136 2150 5191 conveniens
2198 5143 2318 5189 erat
2340 5130 2506 5189 etiam
2557 5131 2609 5183 in
2641 5131 2921 5199 prioribus
2951 5130 3511 5188 eunuchizationibus-
3531 5130 3773 5195 duabus,

522 5207 824 5263 secundum
856 5206 1265 5260 similitudinem
1298 5206 1445 5259 illius
1471 5206 1660 5259 tertiae.

591 5277 647 5331 2.
689 5275 898 5343 Quibus
949 5285 1133 5330 autem
1172 5275 1444 5345 displicet,
1501 5275 1757 5344 quoniam
1786 5285 1875 5330 est
1901 5282 1957 5330 et
1990 5273 2301 5343 evangeliea
2326 5273 2503 5327 littera
2538 5276 2816 5340 occidens,
2863 5272 3081 5335 audiat,
3124 5268 3357 5337 exempli
3385 5270 3585 5339 gratia,
3624 5272 3775 5341 quod

594 5396 638 5428 "
670 5394 713 5449 ll
742 5395 870 5451 Cor.
902 5411 987 5462 ll],
1023 5395 1076 5448 6.
1152 5396 1198 5428 ⁸³
1222 5394 1416 5451 Matth.
1448 5412 1559 5461 χιχ,
1596 5396 1685 5451 12.
1758 5396 1805 5427 ⁸³
1828 5394 1961 5451 Luc.
1995 5410 2081 5449 χχι

2183 5395 2260 5462 35,
2294 5395 2383 5451 36.
2459 5396 2507 5428 "‘
2534 5395 2667 5452 Luc.
2697 5414 2754 5464 κ,
2782 5395 2835 5450 4.

594 5488 706 5561 (90)
751 5490 1003 5561 Τρόπον,
1030 5488 1340 5559 Legendum
1371 5489 1608 5546 fortasse
1632 5492 1820 5561 τόπον.

2200 5491 2516 5546 strationem
2565 5490 2745 5547 fuerat
2800 5488 3099 5557 impulsus;
3144 5487 3392 5561 itaucnm
3436 5485 3601 5561 etiam
3657 5495 3772 5539 tum

554 5608 561 5613 .
595 5554 707 5631 (9|)
744 5554 814 5614 Et
859 5561 928 5614 δὲ
963 5554 1255 5624 ﬁctilem!
1294 5577 1406 5626 τις,
1451 5571 1556 5616 etc.
1600 5559 1717 5615 Non
1766 5563 1886 5617 sine
1923 5577 2091 5617 causa
2198 5562 2517 5616 adolescens
2544 5572 2710 5628 esset,
2745 5577 2808 5615 ex
2841 5554 2911 5614 iis
2949 5574 3073 5628 qua:
3111 5556 3332 5623 subjicit
3370 5570 3403 5631 e
3441 5554 3599 5631 Luca;
3626 5571 3773 5631 αλιι.

525 5626 642 5685 haec
686 5626 934 5702 exempla
984 5647 1107 5699 qua
1157 5642 1494 5702 sequuntur,
1545 5634 1748 5701 profert
1792 5631 2089 5702 Origenes;
2198 5631 2287 5696 55,
2323 5633 2413 5695 56,
2443 5635 2642 5700 petitis,
2673 5626 2836 5685 unam
2860 5626 3239 5702 sibi—servarat
3265 5628 3525 5690 tunicam,
3551 5626 3776 5702 abiectis

526 5695 982 5772 quettratlntolluttt
1005 5695 1161 5772 'cnim
1198 5695 1301 5772 hoc
1328 5695 1725 5772 Citristi'eflato
1748 5695 2091 5771 quod'babe-
2128 5750 2131 5753 .
2198 5695 2880 5772 calceamentis,'pedibus
2929 5700 3089 5772 titulis
3131 5699 3461 5763 incesserat,
3502 5712 3677 5765 neque
3704 5695 3773 5770 in

530 5766 618 5822 tur
651 5766 837 5822 Matth.
876 5786 986 5834 χιι,
1022 5769 1107 5833 12,
1146 5771 1212 5823 ad
1258 5771 1618 5827 voluntariam
1661 5766 1964 5841 sui-ipsius
1999 5787 2092 5827 ca-
2200 5774 2498 5827 crastinum
2523 5766 2896 5843 prospexerat.
2934 5769 3194 5825 "CETIUS.
