4146 6428
380 365 518 423 1257

1341 352 1694 409 COMMENT.
1736 351 1807 406 IN
1845 348 2262 405 MATTIL‘EUM
2291 348 2528 405 TOMUS
2559 349 2675 404 XV.

3428 341 3435 347 ’
3514 351 3654 409 £933

376 480 672 554 γήσασθαι.
718 475 877 531 Ἀλλὰ
925 476 1017 528 καὶ
1062 472 1154 526 τὸ·
1212 489 1229 523 ι
1272 470 1495 542 Μηδένα
1540 468 1681 522 κατὰ
1723 470 1822 539 τὴν
1851 467 1967 521 ὁδὸν

2074 466 2335 532 taveritis,
2366 485 2384 517 ι
2413 466 2457 520 si
2492 469 2617 536 quis
2648 478 2757 519 non
2783 463 3085 520 discutiens
3118 466 3247 536 quid
3280 469 3465 523 volens
3496 466 3662 526 Jesus

383 571 739 644 ἀσπάζησθε·
777 590 794 621 ι
839 566 894 621 εἴ
932 583 1035 629 τις.
1080 564 1153 635 μὴ
1181 563 1444 629 ἐξετάσας
1494 561 1546 613 τί
1596 559 1915 631 βουλόμενος
1947 559 1976 611 ὁ

398 666 607 739 Ἰησοῦς
651 663 809 717 τοῦτο
857 656 1207 732 προσέταξεν,
1263 654 1340 717 ὡς
1392 651 1569 723 ζηλῶν
1622 650 1977 705 ἁποστολικδν

390 759 500 828 βίον
536 755 738 826 μηδένα
768 749 909 805 κατὰ
942 750 1040 817 τὴν
1081 746 1198 800 ὁδὸν
1244 743 1572 806 άσπάσοιτο,
1608 741 1979 813 ἀπάνθρωπος

388 848 454 900 ἂν
491 841 631 898 εἶναι
656 842 802 905 δόξαι
822 841 934 900 τοῖς
958 832 1254 906 θεωροῦσιν
1286 830 1450 885 αὐτὸν
1478 828 1718 882 τοιοῦτον
1741 845 1755 857 ·
1785 828 1979 890 οἵτινες

388 938 485 1008 τὴν
508 936 685 990 αἰτίαν
705 931 797 985 τοῦ
823 928 997 991 οῦτως
1025 927 1317 995 νοήσαντος
1341 922 1478 976 ἐπάν
1507 921 1860 990 ἀναφέρωσιν
1881 917 1977 970 ἐπὶ

388 1030 479 1080 τὸν
513 1028 687 1093 λόγον,
720 1023 787 1076 δι’
827 1021 884 1073 ὃν
939 1021 1147 1080 ἐκεῖνος
1180 1014 1324 1077 ἔδοξε
1364 1012 1521 1067 τοῦτο
1562 1011 1844 1083 πράττειν,
1896 1010 1981 1061 ὲν-

389 1115 600 1186 αχθεῖεν
645 1110 710 1165 ἂν
755 1108 891 1180 πρὸς
938 1108 998 1161 τὸ
1050 1109 1225 1177 μισεῖν
1248 1104 1339 1159 τὸν
1372 1103 1527 1171 λόγον
1567 1101 1658 1154 τοῦ
1711 1098 1868 1163 Θεοῦ,
1904 1099 1980 1162 ὡς

388 1205 608 1275 ἀγρίους
653 1202 746 1255 καὶ
796 1198 1197 1268 άπανθρώπους
1240 1193 1717 1258 κατασκευάζοντα
1760 1192 1886 1254 τοὺς
1922 1193 1979 1244 ὲν

386 1296 566 1367 αὐτῷ⁴
601 1296 695 1347 καὶ
736 1292 927 1347 τούτου
959 1291 1057 1362 τὴν
1098 1288 1278 1343 αἰτίαν
1317 1285 1496 1339 λαϐὼν
1535 1287 1563 1337 ὁ
1611 1283 1813 1355 μηδένα
1838 1280 1981 1335 κατὰ

385 1390 482 1461 τὴν
510 1389 626 1445 ὁδὸν
656 1384 1054 1455 ἀσπαζόμενος,
1091 1380 1253 1434 πάθοι
1289 1379 1355 1435 ἂν
1380 1378 1649 1450 προφάσει
1674 1375 1768 1429 τοῦ
1797 1375 1980 1447 γράμ-

304 1518 343 1541 κ
364 1498 559 1552 ’ματος
590 1479 838 1540 θάνατον,
869 1474 963 1530 τοῦ
997 1474 1324 1548 γράμματος
1354 1472 1515 1526 αὐτὸν
1541 1467 1975 1529 ἁποκτείνοντος.

280 1550 293 1560 δ
481 1574 538 1626 δὲ
573 1575 665 1624 καὶ
705 1570 796 1624 τὸν
829 1568 1000 1633 δεξιὸν
1028 1564 1303 1636 ὀφθαλμόν
1344 1580 1429 1625 τις
1475 1559 1756 1621 ὲκκόπτοι,
1784 1558 1859 1621 ὡς
1897 1555 1981 1611 αἴ-

384 1681 499 1718 τιον
527 1662 620 1716 τοῦ
669 1660 852 1724 κακῶς
887 1659 1127 1729 βλέπειν,
1166 1656 1199 1726 ἢ
1243 1655 1341 1725 τὴν
1371 1651 1549 1716 δεξιάν
1592 1649 1687 1702 τοῦ
1727 1647 1981 1719 σώματος

388 1754 563 1822 χεῖρα,
594 1750 626 1821 ἢ
654 1750 743 1801 τὸν
776 1747 946 1813 δεξιὸν
975 1743 1116 1798 κατὰ
1149 1743 1327 1814 σάρκα
1357 1740 1514 1803 πόδα,
1552 1737 1714 1793 πάθοι
1741 1738 1807 1791 ἂν
1840 1736 1978 1807 μετὰ

2079 560 2186 617 hor.
2230 561 2569 629 prmcepcrit,
2603 557 2760 626 quasi
2794 556 2959 610 vitam
2995 558 3348 627 apostolicam
3397 560 3664 616 aemulaus

2079 649 2351 703 neminem
2382 650 2436 702 in
2465 648 2552 701 via
2588 646 2924 710 salutaverit,
2977 647 3024 702 is
3058 646 3302 716 profecto
3342 648 3503 702 talem
3536 664 3661 703 eum

2080 738 2451 808 spectantibus
2492 738 2835 791 inhumanus
2883 754 3004 792 esse
3049 738 3354 807 videbitur;
3393 740 3487 809 qui
3537 757 3662 796 cum

2080 845 2302 884 causam
2335 843 2434 882 cur
2467 827 2546 881 sic
2583 827 2672 881 ille
2706 829 2759 880 in
2807 828 3048 881 animum
3097 845 3255 884 suum
3289 831 3561 886 induxerit
3597 833 3665 889 ad

2080 936 2390 976 sermonem
2423 918 2684 980 referent,
2720 932 2941 989 propter
2971 937 3132 991 quem
3164 922 3211 977 is
3242 923 3372 976 illud
3406 924 3555 979 visus
3584 937 3668 981 est

2081 1027 2258 1080 agere,
2297 1027 2363 1067 eo
2397 1011 2758 1077 adducentur,
2805 1021 2865 1064 ut
2914 1027 3220 1067 sermonem
3272 1013 3363 1067 [)ei
3408 1016 3535 1069 odio
3572 1016 3672 1072 ba-

2080 1105 2263 1169 beant,
2284 1104 2439 1175 quasi
2458 1116 2698 1175 agrestes
2711 1120 2805 1158 eos
2822 1116 2872 1158 et
2896 1104 3223 1161 inhumanos
3239 1106 3554 1162 efﬁcientem
3575 1110 3670 1178 qui

2082 1195 2157 1248 illi
2195 1196 2505 1260 adhairent;
2541 1195 2712 1265 etqui
2741 1210 2874 1249 ansa
2906 1196 3030 1250 inde
3065 1208 3277 1267 arrepta
3310 1199 3580 1256 neminem
3613 1201 3666 1255 in

2082 1290 2167 1343 via
2202 1288 2424 1355 salutat,
2475 1292 2521 1345 is
2567 1300 2794 1343 mortem
2835 1288 3125 1343 occasione
3169 1305 3197 1344 a
3233 1290 3411 1345 littera
3444 1294 3669 1362 praebita

2082 1381 2336 1450 patietur,
2370 1381 2543 1434 littera
2580 1381 2626 1433 ei
2660 1390 2889 1433 mortem
2929 1380 3212 1434 inferente.
3244 1382 3297 1435 Si
3332 1384 3453 1450 quis
3488 1398 3670 1440 autem

2082 1472 2332 1525 dextrum
2371 1471 2590 1523 oculum
2643 1480 2818 1532 cruat,
2853 1471 3010 1539 quasi
3046 1487 3267 1524 causam
3313 1474 3415 1526 sibi
3452 1476 3541 1528 det
3574 1492 3674 1530 cur

2082 1561 2224 1615 male
2263 1559 2522 1628 aspiciat,
2575 1561 2657 1612 vel
2704 1560 2949 1612 dextram
2988 1561 3232 1629 corporis
3283 1578 3538 1627 manum,
3589 1566 3676 1620 vel

2079 1652 2273 1724 pedem
2306 1653 2555 1706 dextrum
2583 1666 2865 1715 carneum,
2894 1652 3032 1705 idem
3058 1654 3294 1721 patietur
3319 1665 3483 1725 atque
3514 1657 3551 1709 ii
3578 1658 3674 1727 qui

2084 1760 2114 1797 a
2145 1744 2322 1797 littera
2377 1743 2723 1806 occiduntur,
2773 1752 2958 1811 utpote
2998 1745 3090 1813 qui
3133 1746 3276 1799 intra
3330 1747 3565 1801 litteram
3614 1764 3677 1805 se

387 1842 495 1896 τῶν
543 1837 1025 1908 ἀποκτιννυμένων
1059 1833 1148 1887 διά
1185 1834 1247 1886 τὸ
1284 1831 1542 1904 γράμμα,
1574 1830 1650 1892 ὡς
1697 1827 1791 1881 καὶ
1820 1828 1969 1891 αὐτὸς

2083 1836 2444 1902 continuerit,
2489 1852 2613 1890 cum
2666 1835 2732 1889 ad
2778 1835 3077 1904 spiritalem
3130 1837 3401 1891 dictorum
3448 1855 3676 1896 sensum

391 1936 580 2008 μείνας
601 1936 694 1987 ἐπὶ
716 1932 809 1986 τοῦ
836 1932 1184 2004 γράμματος,
1212 1930 1329 1983 δέον
1354 1928 1668 1982 ἀναϐαίνειν
1695 1924 1857 1978 αὐτὸν
1885 1923 1977 1976 ἐπὶ

386 2027 451 2079 τὸ
484 2024 698 2094 πνεῦμα
727 2023 823 2077 τοῦ
850 2023 1163 2094 λεγομένου.
1201 2022 1384 2074 Ἀλλοι
1431 2020 1529 2093 μὲν
1574 2014 1667 2074 οὖν
1713 2016 1822 2070 τῶν
1871 2016 1977 2087 πρὸ

386 2118 546 2190 ήμῶν
587 2116 695 2188 (92)
729 2118 829 2170 οὐκ
861 2114 1116 2186 ὤκνησαν
1152 2114 1302 2177 ἰδίοις
1354 2112 1783 2185 συγγράμμασιν
1811 2111 1982 2181 ἀφορ-

394 2209 502 2279 μάς
530 2209 834 2279 παρασχεῖν
861 2206 956 2259 τοῦ
980 2205 1072 2258 τὸν
1100 2205 1284 2277 τρίτον
1317 2201 1676 2272 εὐνουχισμὸν
1713 2198 1981 2270 τολμῆσαί

386 2314 541 2361 τινας
575 2298 766 2351 παθεῖν
792 2298 1063 2369 προφάσει
1090 2295 1367 2367 βασιλείας
1392 2294 1661 2367 οὐρανῶν,
1693 2290 1983 2364 παραπλή-

393 2408 507 2444 σιον
539 2389 666 2443 ὄντα
687 2392 799 2453 τοῖς
829 2389 1115 2461 προτέροις
1137 2388 1286 2442 δυσίν
1316 2388 1448 2458 (95).

475 2482 663 2552 Ἡμεῖς
688 2481 745 2533 δὲ
768 2480 1001 2553 Χριστὸν
1031 2476 1189 2543 Θεοῦ,
1219 2478 1311 2531 τδν
1343 2478 1514 2546 Λόγον
1546 2475 1638 2531 τοῦ
1666 2474 1801 2528 Θεοῦ
1838 2471 1980 2527 κατὰ

394 2573 572 2644 σάρκα
593 2574 685 2626 καὶ
711 2573 850 2626 κατὰ
870 2572 931 2625 τὸ
955 2571 1188 2643 γράμμα
1220 2570 1350 2623 ποτὲ
1379 2570 1693 2640 νοήσαντες,
1723 2566 1818 2621 νῦν
1846 2566 1978 2619 οὐκ-

390 2664 477 2718 έτι
537 2662 914 2731 γινώσκοντες,
949 2664 1051 2715 οὐκ
1084 2660 1410 2731 εὐδοκοῦμεν
1440 2660 1516 2723 ὡς
1553 2658 1732 2721 καλῶς
1760 2657 1979 2728 ,ἐξειλη-

392 2756 516 2829 φύσι
539 2758 648 2818 τοῖς
682 2754 775 2808 καὶ
803 2755 893 2807 τὸν
921 2755 1101 2825 τρίτον
1138 2751 1494 2823 εὐνουχισμὺν
1522 2751 1732 2813 ἑαυτοῖς
1762 2748 1978 2821 προφά-

386 2865 476 2902 σει
503 2849 601 2919 τῆς
629 2846 904 2916 βασιλείας
930 2850 1035 2900 τῶν
1059 2845 1305 2918 οὐρανῶν
1328 2847 1594 2913 ἐπάγουσι
1612 2862 1625 2875 ·
1659 2845 1754 2899 καὶ
1783 2845 1883 2898 οὐκ
1913 2844 1979 2897 ἂν

386 2940 484 2993 ἐπὶ
530 2940 712 2992 πλεῖον
763 2938 1259 3010 προσδιετρίψαμεν
1302 2940 1368 3010 τῇ
1420 2939 1700 3008 ἀνατροπῇ
1751 2936 1845 2988 τοῦ
1889 2936 1979 2989 τὸν

384 3031 573 3101 τριτον
603 3030 1000 3102 παραπλησίως
1024 3034 1136 3095 τοῖς
1165 3031 1454 3103 προτέροις
1496 3030 1617 3083 δυτῦ⁹
1649 3028 1980 3099 σωματικῶς

2080 1928 2382 1983 ascendere
2432 1928 2728 1982 debuisset.
2776 1924 2895 1980 Non
2944 1927 3263 1981 dubitarunt
3311 1940 3459 1984 certe
3506 1931 3674 2002 aliqui

2084 2021 2173 2090 qui
2210 2021 2367 2076 nobis
2414 2029 2848 2086 antecesserunt,
2875 2035 3098 2075 causam
3126 2022 3343 2090 scriptis
3372 2023 3488 2078 suis
3517 2024 3671 2088 dare,

2076 2130 2201 2169 cum
2237 2125 2456 2184 propter
2480 2115 2746 2168 cmlorum
2772 2129 2999 2182 regnum
3034 2114 3246 2168 tertiam
3280 2117 3666 2170 castrationem

2079 2205 2347 2275 nonnulli,
2376 2203 2542 2285 654
2572 2204 2848 2275 prioribus
2877 2203 3092 2259 duabus
3119 2206 3372 2271 similem,
3403 2208 3513 2278 pati
3545 2212 3667 2263 ausi

2078 2298 2208 2353 sint.

2158 2471 2213 2525 5.
2253 2469 2363 2526 Nos
2403 2479 2586 2525 autem
2622 2470 2716 2540 qui
2752 2470 3029 2527 Clu-istum
3074 2471 3166 2528 Dei
3208 2471 3439 2528 Verbum
3480 2491 3680 2531 secun—

2086 2562 2216 2618 dum
2249 2579 2493 2628 carnem,
2520 2574 2574 2619 et
2611 2566 2911 2620 secundum
2945 2565 3178 2619 litteram
3226 2567 3354 2620 olim
3401 2568 3675 2633 novimus,

2087 2672 2234 2711 nunc
2276 2667 2456 2711 autem
2504 2673 2610 2712 non
2665 2659 2902 2729 amplius
2944 2667 3253 2723 noscentes,
3287 2674 3475 2713 eorum
3507 2661 3678 2715 inter-

2086 2750 2446 2819 pretationem
2483 2766 2592 2804 non
2622 2751 2941 2820 probamus,
2976 2750 3067 2820 qui
3097 2750 3338 2805 cmlestis
3382 2751 3532 2821 regni
3578 2753 3674 2806 ob-

2091 2842 2294 2897 tinendi
2327 2860 2497 2899 causa
2541 2844 2757 2897 tertiam
2793 2844 2895 2898 sibi
2930 2844 3316 2899 castrationem
3350 2844 3675 2914 intulerunt;

2089 2950 2188 2987 uec
2227 2942 2439 2988 tantum
2492 2936 2545 2989 in
2580 2950 2645 2989 eo
2694 2934 3030 2990 confutando
3079 2937 3171 3007 qui
3232 2939 3449 2991 tertium
3502 2953 3678 2992 eunu-

2087 3028 2385 3091 cliismum,
2436 3028 2508 3082 ita
2567 3038 2624 3081 ut
2674 3029 2885 3098 priores
2931 3029 3110 3093 duos,
3167 3031 3508 3100 corporalem
3554 3046 3679 3086 esse

380 3095 641 3176 ἐκλαϐεῖν
680 3095 944 3184 θέλοντος,
980 3123 1027 3173 εἰ
1074 3121 1149 3193 μὴ
1191 3095 1285 3176 καὶ
1314 3095 1654 3192 ἑωράκειμεν
1684 3095 1811 3184 τοὺς
1860 3119 1969 3173 τολ-

2085 3121 2219 3186 vult,
2262 3122 2523 3190 temporis
2546 3122 2911 3188 trivissemus,
2946 3123 3050 3176 nisi
3085 3122 3297 3191 aliquos
3332 3123 3463 3177 illud
3509 3140 3676 3181 ausos

386 3214 693 3284 μήσαντας,
723 3212 816 3264 καὶ
841 3214 1247 3286 ἐντετεύχοιμεν
1274 3217 1388 3277 τοῖς
1424 3212 1742 3283 δυναμένοις
1777 3211 1977 3283 θερμο-

388 3304 554 3375 τέραν
580 3305 799 3374 κινῆσαι
825 3306 1023 3378 ψυχὴν,
1056 3307 1149 3359 καὶ
1179 3306 1374 3378 πιστὴν
1407 3305 1529 3376 μὲν,
1560 3305 1619 3357 οὐ
1654 3303 1877 3375 λογικὴν
1898 3303 1974 3368 δὲ,

386 3396 527 3466 πρὸς
556 3395 617 3449 τὸ
656 3394 897 3451 τοιοῦτον
938 3398 1214 3471 τόλμημα.
1242 3398 1380 3469 Φησὶ
1416 3396 1473 3449 δὲ
1510 3396 1707 3461 Σέξτος
1752 3398 1810 3449 ὲν
1856 3398 1978 3459 ταῖς

2084 3213 2437 3278 vidissemus,
2477 3224 2531 3268 et
2577 3214 2873 3268 nonnullos
2913 3213 3074 3269 etiam
3115 3213 3533 3272 oli‘cndisscmus
3566 3217 3677 3274 fer-

2085 3304 2383 3357 ventiorcm
2410 3303 2682 3369 animum,
2717 3313 2770 3358 et
2799 3303 3010 3358 ﬁdelem
3040 3303 3283 3373 quidem,
3311 3306 3405 3360 sed
3451 3307 3678 3389 rationis

2087 3412 2193 3449 non
2225 3396 2358 3450 satis
2384 3397 2719 3461 audientem,
2750 3397 2815 3451 ad
2839 3396 3109 3467 ejusmodi
3139 3396 3350 3452 facinus
3380 3399 3677 3455 accendere

1533 3530 1540 3537 -
1592 3507 1827 3564 VETUS
1877 3486 2485 3564 lNTERPRETATlO.

384 3628 520 3683 dicit
553 3628 619 3683 ad
654 3629 931 3697 apostolos
964 3644 1133 3683 suos:
1164 3647 1184 3679 ι
1213 3627 1445 3694 Quando
1474 3625 1599 3682 misi
1631 3625 1882 3697 vos_sine
1909 3627 2153 3697 sacculo,
2184 3635 2238 3680 et
2267 3641 2429 3697 pera,
2466 3636 2521 3681 ct
2562 3626 2971 3692 calceamentis,
3022 3642 3090 3680 an
3144 3643 3213 3682 ne
3257 3627 3462 3697 aliquid
3511 3629 3672 3685 vobis

383 3698 595 3753 defuit?
647 3694 753 3765 Qui
804 3700 1103 3771 dixerunt;
1134 3700 1300 3753 Nihil.
1334 3717 1353 3771 φ
1391 3698 1696 3771 Respondit
1720 3694 1924 3751 Jesus:
1958 3716 1976 3746 ι
2009 3696 2112 3750 Sed
2157 3713 2302 3750 nune
2343 3696 2439 3771 qui
2488 3697 2649 3771 liabet
2698 3699 3001 3771 saeculum,
3051 3699 3283 3771 accipiat
3319 3694 3574 3771 similiter
3616 3710 3675 3756 et

392 3785 577 3837 peram
606 3788 619 3823 :
648 3779 702 3823 et
731 3770 824 3837 qui
860 3784 967 3822 non
994 3770 1181 3833 habet,
1211 3770 1411 3822 vendat
1437 3766 1825 3838 vestimentum
1858 3782 2040 3830 suum,
2095 3776 2161 3838 et,
2199 3776 2344 3820 emat
2390 3767 2653 3838 gladium.
2692 3787 2711 3818 ι
2758 3767 2817 3821 Si
2866 3769 2992 3837 quis
3035 3766 3185 3837 ergo’
3213 3768 3445 3822 litteram
3480 3770 3670 3826 volens

383 3836 874 3910 aspicere,etnon
913 3839 1219 3910 intelligens
1252 3840 1585 3910 voluntatem
1618 3837 1931 3910 verborum,
1969 3836 2273 3910 vendiderit
2302 3836 2686 3910 vestimentum
2716 3836 2889 3893 suum
2909 3836 3213 3910 corporale,
3242 3848 3296 3893 ct
3320 3839 3515 3893 emerit
3545 3842 3667 3910 glao

390 3906 564 3966 dium,
602 3909 724 3962 talis
757 3917 948 3979 contra
977 3909 1313 3961 voluntatem
1347 3907 1550 3979 Christi
1588 3906 1893 3979 suscipiens
1925 3907 2147 3960 verbum
2172 3908 2316 3979 ejus,
2363 3908 2559 3979 peribit
2606 3908 2858 3973 forsitan,
2895 3908 3035 3979 etin
3090 3910 3273 3979 gladio
3325 3906 3571 3978 peribitf
3588 3910 3665 3966 De

388 3994 502 4046 quo
551 3987 729 4047 autem
776 3977 955 4047 gladio
1003 3979 1186 4043 dicat,
1232 3994 1339 4031 non
1380 3986 1467 4032 est
1505 3977 1611 4031 loci
1646 3977 1809 4047 hujus
1839 3990 2132 4046 exponere.
2167 3975 2270 4032 Sed
2302 3975 2520 4037 et’illud
2559 3980 2789 4047 aspiciat
2819 3998 2832 4033 :
2869 3997 2888 4029 ι
2923 3975 3209 4033 Neminem
3239 3981 3292 4034 in
3325 3975 3415 4034 via
3457 3982 3665 4037 saluta-

389 4045 599 4101 veritis.
645 4067 663 4098 ι
701 4045 911 4117 Siquis
945 4064 1051 4101 non
1082 4049 1380 4103 discutiens
1405 4048 1533 4117 quid
1556 4048 1753 4119 volens
1781 4045 1941 4102 Jesus
1975 4047 2077 4101 hoc
2105 4048 2225 4119 loco
2262 4049 2543 4117 prtecepit,
2599 4045 2758 4118 quasi
2807 4050 2991 4104 zelans
3025 4049 3194 4104 vitam
3250 4051 3662 4119 apostolorum,

390 4119 666 4171 neminem
700 4119 753 4170 in
788 4120 873 4171 via
909 4118 1245 4184 salutaverit,
1282 4120 1327 4172 is
1353 4118 1512 4187 quasi
1552 4118 1888 4171 inhumanus
1918 4126 1972 4171 et
1997 4117 2197 4171 stultus
2231 4119 2505 4187 videbitur
2532 4117 2789 4175 omnibus
2819 4139 2831 4174 :
2861 4128 2914 4173 et
2941 4119 3022 4173 sic
3048 4121 3259 4176 decebit
3287 4117 3443 4175 odire
3471 4117 3666 4177 omnes

389 4190 555 4241 verba
584 4188 788 4242 Christi
820 4190 977 4257 quasi
1009 4198 1249 4257 agrestes
1277 4200 1327 4242 et
1360 4185 1688 4242 inhumanos
1717 4188 1967 4242 ducentia
2005 4188 2254 4242 homines
2284 4203 2423 4242 esse.
2467 4185 2719 4243 Forsitan
2766 4199 2945 4244 autem
2981 4198 3034 4242 et
3072 4192 3336 4245 morietur
3375 4191 3429 4244 iu
3474 4191 3666 4247 odium

391 4268 714 4332 cunctorum
743 4262 1028 4332 deductus,
1066 4261 1240 4332 littera
1270 4274 1336 4332 se
1365 4258 1667 4332 occidente.
1702 4258 1757 4311 Si
1787 4267 1968 4332 autem
1997 4267 2050 4311 et
2080 4259 2330 4332 dextrum
2358 4258 2482 4329 quis
2511 4259 2733 4314 oculum
2774 4261 2977 4331 ejiciat,
3008 4272 3102 4314 aut
3144 4264 3391 4327 manum,
3434 4270 3531 4316 aut
3565 4277 3664 4332 pe-

390 4326 537 4393 dem,
571 4337 695 4400 post
721 4330 1075 4399 opprobrium
1105 4328 1354 4395 insaniae,
1391 4328 1790 4383 infructuosum
1825 4328 2064 4398 patietur
2096 4326 2398 4383 iuteritum’.

453 4509 568 4595 (θῇ)
602 4506 805 4595 Ἄλπεια
976 4504 1092 4595 (Ξῒῦπς
1296 4507 1410 4595 ago
1442 4506 1630 4595 ἡμῶν,
1665 4515 1770 4595 etc.
1815 4505 1953 4560 Cum

2074 4507 2355 4595 maximam
2378 4507 2695 4595 adl'i‘ibtiisse
2716 4524 2902 4595 curalm
2921 4509 3345 4595 Origenem‘quo
3364 4511 3656 4595 discipulis

381 4578 658 4635 luculento
690 4579 948 4644 Eusebii,
989 4578 1299 4648 Epipltanii,
1331 4578 1619 4649 Niecpliori
1640 4618 1653 4640 ,
1688 4579 1953 4649 aliorum-

382 4667 488 4721 que
533 4651 850 4705 trstimonio
895 4647 1109 4704 constet.
1141 4651 1381 4718 seipsum
1408 4647 1730 4721 reXsccuisse
1765 4647 1956 4718 Orige-

384 4720 541 4785 nem;
580 4722 705 4776 inde
752 4724 898 4789 quod
936 4731 1292 4788 spontancam
1333 4720 1418 4773 sui
1454 4721 1818 4775 exsectionem
1855 4721 1956 4773 hoc

380 4792 501 4845 loco
530 4803 606 4845 tot
634 4791 971 4863 argumentis
1005 4792 1121 4863 ipse
1152 4790 1441 4863 improbet,
1468 4790 1709 4863 adducor
1733 4789 1799 4863 ad
1838 4804 1956 4843 crc-

379 4863 616 4916 dendum
644 4858 940 4916 inconsulti
974 4858 1057 4915 sui
1088 4870 1143 4914 et
1169 4858 1442 4913 temerarii
1473 4858 1623 4925 facti,
1652 4875 1719 4913 ex
1758 4862 1955 4912 immo-

377 4933 569 4986 derato
603 4932 693 4985 Dei
726 4933 861 4997 zelo,
890 4947 956 4985 ac
985 4932 1181 4984 insano
1208 4930 1476 4984 castitatis
1504 4946 1710 4994 amore,
1741 4944 1952 4983 necnon

375 5013 429 5055 et
472 5003 731 5072 juvenilis
791 5003 967 5056 aetatis
1032 5006 1241 5053 fervore
1302 5002 1629 5068 perpetrati,
1685 5016 1849 5063 eum,
1898 5016 1956 5053 re

377 5075 572 5127 deinde
597 5074 865 5126 maturius
892 5073 1183 5141 pensitata,
1208 5072 1410 5124 auditis
1434 5072 1738 5125 amicorum
1771 5085 1955 5140 repre-
1980 5106 1983 5109 -

378 5145 765 5209 bensionibus,
830 5151 1289 5212 magistrorumve
1350 5141 1831 5206 castigationibus,
1902 5149 1956 5195 et

374 5212 784 5267 defervescente
830 5222 1022 5277 astate,
1068 5212 1418 5282 paenituisse;
1472 5215 1741 5281 aliosque,
1781 5226 1850 5282 ne
1901 5213 1952 5266 iu

375 5284 521 5335 idem
553 5283 940 5337 ommdiculum
984 5280 1374 5352 impingereut,
1408 5282 1791 5337 absterruisse.
1832 5280 1958 5336 llaec

376 5354 665 5423 perspicua
699 5363 828 5406 sunt
874 5368 940 5407 ex
984 5354 1052 5409 iis
1099 5361 1604 5423 quaerscquuutur:
1653 5353 1843 5421 Ἡμεις
1876 5352 1952 5413 δὲ,

374 5421 612 5495 Χριστὸν
646 5423 737 5475 τὸν
786 5423 955 5495 Λόγον
988 5424 1082 5477 τοῦ
1116 5421 1252 5476 Θεοῦ
1276 5421 1438 5495 ,κάτά
1462 5424 1641 5495 σάρκα
1680 5423 1774 5495 καὶ
1814 5424 1956 5475 κατά

377 5492 858 5568 Υρᾲιςιμαῌποτὲ
893 5496 1203 5568 νοήσαντες,
1237 5494 1338 5568 vﬁv
1353 5492 1545 5547 οὐκέτι
1570 5492 1950 5563 γινώσκοντες,

372 5563 474 5616 οὐκ
495 5563 856 5634 εὐδοκοῦμεν,
883 5563 1013 5630 ριυζ,
1053 5581 1111 5620 se
1134 5567 1266 5619 olim
1310 5566 1502 5619 litterae
1533 5581 1753 5619 sensum
1791 5580 1951 5619 scen.

374 5641 512 5706 tum,
541 5650 688 5689 nunc
719 5636 945 5706 mystico
971 5637 1176 5691 haerere
1203 5637 1507 5706 profitetur.
1534 5634 1679 5689 Idem
1715 5636 1955 5689 sensisse

375 5705 727 5760 additamenti
761 5705 868 5759 huc
891 5705 1268 5776 intrusi,quod
1288 5723 1412 5761 mox
1448 5706 1833 5769 indicabimus,
1862 5721 1957 5759 au-

372 5787 577 5832 ctorem
594 5776 889 5831 verisimile
906 5786 1005 5830 est.
1023 5775 1343 5841 Quanquam
1362 5793 1426 5834 ex
1443 5776 1676 5833 Eusebio
1690 5776 1953 5834 discimus

694 5869 965 5927 i'A't‘ntiL.
1002 5869 1117 5925 (in.
1148 5867 1315 5927 χιιι.

2062 4578 2179 4633 suis
2204 4578 2417 4649 facinus
2440 4578 2570 4634 illud
2596 4579 2891 4649 ignorabile
2937 4578 3082 4637 esset
3106 4599 3118 4634 :
3148 4578 3274 4644 τοὺς
3294 4578 3522 4648 πολλοὺς
3543 4583 3654 4637 τῶν

2060 4650 2198 4724 άμφ’
2236 4648 2398 4701 αὑτὸν
2427 4648 2718 4724 γνωρίμων
2747 4649 3021 4724 διαλαθεῖν
3050 4651 3442 4724 φροντίσαντα;
3477 4670 3657 4724 coque

2060 4716 2291 4789 fortasse
2317 4716 2675 4789 spontan'eam
2706 4722 2811 4776 boc
2839 4722 2958 4776 loco
2989 4716 3374 4778 castrationem
3403 4716 3650 4778 damnat.

2059 4787 2212 4854 Quos
2241 4787 2422 4844 autém
2457 4791 2545 4845 hic
2582 4791 2853 4860 significat
2898 4793 3115 4861 scriptis
3145 4794 3259 4847 suis
3303 4794 3651 4849 occasionem

2060 4861 2339 4931 nonnullis
2351 4860 2565 4915 dedisse
2587 4863 2798 4931 seipsos
2810 4860 3125 4927 exsecandi,
3146 4865 3178 4916 ii
3206 4863 3459 4917 videntur
3482 4864 3655 4919 fuisse

2067 4927 2263 4985 Valesii
2315 4932 2572 4997 haeretici,
2601 4927 2693 5001 qui
2736 4949 2801 4985 ex
2834 4950 3115 5002 perperam
3153 4935 3364 4987 detorto
3409 4931 3653 4989 Μαιηιωί

2060 5016 2222 5069 quem
2257 5012 2577 5067 tractamus,
2608 5005 2749 5066 loco,
2773 5004 2947 5056 virilia
2975 5003 3076 5057 sibi
3108 5004 3487 5071 amputabant.
3519 5002 3653 5060 Vide

2058 5072 2329 5141 Epiphau.
2358 5072 2552 5125 han-es.
2585 5089 2742 5134 Lvnt,
2777 5089 2898 5140 cap.
2927 5075 2978 5127 1.
3016 5073 3281 5129 Hunnus.

2131 5140 2243 5217 (93)
2278 5142 2408 5217 P_ost
2433 5142 2583 5217 δυσίν
2608 5146 2779 5217 codex
2817 5142 3149 5217 Holmiensis
3181 5144 3413 5217 habebat
3436 5163 3451 5202 :
3475 5140 3648 5217 Οἶμαι

2058 5211 2597 5287 αἰνίττεσθαι-αὐτὸν
2631 5213 2700 5287 τὸ
2748 5214 2885 5287 περ)1
2917 5213 3083 5287 αὐτοῦ
3137 5211 3648 5287 ἱστορούμενον,’ῶς

2056 5284 2166 5353 ἄρα
2190 5282 2278 5356 διά
2291 5283 2383 5336 τὸν
2410 5283 2566 5356 λογον
2596 5283 2693 5355 τῆς
2727 5282 3026 5356 εὐσεϐείας,
3053 5284 3086 5355 ἦ
3117 5284 3210 5356 τὸν
3238 5282 3336 5355 τῆς
3358 5282 3645 5356 σωφροσύ-

2058 5370 2155 5423 νης
2203 5354 2378 5424 ἔρωτα
2416 5353 2759 5423 εὐνουχισμῷ
2797 5354 2990 5408 ἑαυτὸν
3041 5353 3384 5407 ἐπιδέδωκεν.
3432 5353 3495 5408 ια
3522 5361 3641 5410 est:

2064 5442 2082 5471 ι
2122 5425 2366 5479 Ubsoure
2395 5425 2538 5477 hunc
2584 5426 2892 5493 signiticarc
2932 5426 3192 5488 arbitror,
3237 5424 3381 5493 quod
3431 5426 3499 5479 de
3549 5425 3644 5479 illo

2059 5495 2320 5551 traditum
2351 5505 2453 5557 est,
2481 5509 2674 5563 nempe
2706 5505 2926 5563 propter
2953 5496 3171 5564 pietatis
3202 5509 3535 5561 sermonem,
3560 5499 3642 5551 vel

2057 5579 2300 5621 amorem
2352 5567 2658 5634 castitatis,
2719 5581 2919 5634 corpus
2984 5581 3143 5634 suum
3189 5566 3642 5622 emasculandum

2058 5635 2367 5691 tradidisse.
2406 5654 2424 5685 ι
2454 5633 2561 5689 Sed
2591 5644 2735 5688 recte
2761 5633 2946 5689 monet
2974 5633 3204 5689 Huetius
3237 5636 3290 5687 id
3325 5650 3448 5689 esse
3485 5636 3643 5690 addi-

2059 5712 2359 5777 tamentum
2385 5705 2547 5777 quod
2584 5706 2636 5758 in
2673 5716 2987 5761 contextum
3017 5721 3087 5761 ex
3128 5720 3225 5760 ora
3260 5704 3507 5777 irrepsit.
3561 5705 3641 5764 Eu

2059 5775 2183 5832 cod.
2220 5773 2425 5845 Regius
2454 5773 2793 5833 deformatus
2821 5792 2929 5832 non
2965 5787 3069 5832 est.
3379 5773 3395 5777 ’
3626 5788 3647 5802 ⁸

3186 5871 3264 5930 to
