4086 6412
470 375 610 430 1267
1957 383 2045 435 011

2143 382 2280 441 ΞΝΙΒ
3606 391 3745 448 ιεςιι

471 495 747 563 pertinere
805 497 1158 561 contendant,
1216 512 1340 553 cum
1398 509 1508 552 tres
1564 497 1958 553 eunuchismos
2010 499 2370 568 spiritualiter
2412 517 2535 559 esse
2587 505 2847 574 prolatos,
2889 504 3267 577 unusquisque
3309 505 3503 578 spiritu
3533 509 3744 578 vivens,

468 601 520 646 ct
554 592 746 660 spiritu
779 593 1085 657 ambulans,
1127 593 1176 646 in
1210 594 1452 648 animum
1483 594 1741 649 inducere
1774 595 2073 651 debuisset.

561 685 637 739 De
658 687 831 757 pueris
861 684 987 742 Jesu
1024 685 1217 740 oblatis
1248 697 1304 740 ut
1333 704 1520 742 manus
1551 689 1625 742 eis
1652 690 1960 758 imponeret.

2217 689 2358 760 Περὶ
2393 689 2509 743 τῶν
2533 688 3063 760 προσενεχθέντωζ
3082 688 3336 741 παιδίων
3354 687 3439 760 ςῑῷ
3479 687 3677 756 Ἰησοῦ

2477 760 2577 812 ἵνα
2621 756 2798 826 ἐπιθῇ
2830 758 2939 823 τὰς
2967 757 3168 826 χεῖρας
3202 758 3424 824 αὐτοῖς.

537 839 591 893 6.
641 857 660 890 ι
685 837 840 893 Tunc
870 839 1033 893 oblati
1067 851 1194 895 sunt
1225 842 1273 896 ei
1310 841 1544 910 parvuli,
1579 860 1597 892 ι
1627 850 1680 895 et
1704 841 1934 910 re'iqua,
1960 857 2045 896 us-

2234 875 2251 903 ι
2283 851 2415 906 Τότε
2448 850 2894 922 προσηνέχθησαν
2925 849 3074 920 αὐτῷ
3098 850 3306 916 παιδία,
3339 868 3359 902 ι
3387 851 3481 904 καὶ
3502 850 3570 903 τὰ
3592 848 3745 922 ἑξῆς,

467 947 572 1001 que
611 931 676 985 ad
703 931 753 985 id
783 950 794 984 :
830 949 848 982 ι
882 930 944 984 Ει
989 948 1113 985 eum
1159 933 1509 1001 imposuisset
1540 932 1620 986 eis
1656 948 1851 988 manus
1873 972 1887 996 .
1921 933 2045 987 abiit

2155 945 2260 1006 ἕως
2293 941 2388 995 τοῦ
2407 959 2420 972 ο
2450 961 2468 993 ι
2501 941 2610 994 Καὶ
2641 938 2850 1001 ἐπιθεὶς
2877 938 2976 1003 τὰς
3009 942 3198 1012 χεῖρας
3229 941 3434 1004 αὐτοῖς,
3471 941 3744 1012 ἐπορεύθη

469 1020 669 1076 inde“.
696 1041 714 1073 ι
745 1021 899 1076 Tunc
930 1023 1177 1092 exposita
1213 1023 1442 1078 historia
1469 1024 1720 1093 contigit,
1747 1039 1872 1078 cum
1896 1025 2045 1094 pueri

2155 1035 2383 1090 ἐκεῖθεν.
2417 1053 2435 1086 ›
2458 1032 2590 1086 Τότε
2619 1032 2718 1102 μὲν
2746 1032 2780 1102 ἠ
2810 1029 3277 1102 ἀναγεγραμμένη
3296 1032 3506 1101 ἱστορία
3526 1032 3743 1101 γέγονε,

461 1113 590 1170 Jcsu
624 1115 788 1170 oblati
823 1125 980 1182 sunt,
1029 1116 1338 1172 volentibus
1387 1117 1452 1171 iis
1497 1117 1588 1186 qui
1623 1116 1951 1182 offerebant,
1993 1127 2045 1172 ul

2152 1128 2230 1198 τῷ
2261 1127 2352 1180 καὶ
2403 1122 2760 1198 προσενέχθαι
2795 1121 2984 1183 παιδία
3017 1123 3093 1194 τῷ
3151 1122 3325 1193 Ἰησοῦ
3351 1162 3366 1186 ,
3404 1122 3746 1194 βουλομένων

462 1221 666 1262 manus
692 1207 826 1277 ipsis
851 1207 1174 1277 imponeret,
1193 1216 1246 1263 et
1277 1223 1462 1277 preces
1483 1224 1584 1278 pro
1613 1209 1748 1279 ipsis
1776 1208 2045 1264 funderet.

2152 1217 2260 1270 τῶν
2283 1213 2701 1286 προσφερόντων
2727 1213 2994 1267 ἐπιθεῖναι
3019 1212 3184 1266 αὑτοῦ
3205 1212 3302 1276 τὰς
3321 1214 3507 1284 χεῖρας
3534 1211 3742 1280 αὐτοῖς,

461 1297 629 1368 Atqui
663 1299 946 1353 sciendum
991 1308 1075 1353 est
1105 1315 1494 1370 nunquamnon
1525 1299 1656 1354 .lesu
1709 1314 1908 1369 pueros
1933 1299 2045 1353 ani-

2154 1308 2248 1361 καὶ
2275 1302 2698 1378 προσεύξασθαι.
2750 1302 2944 1356 ’ἰστέον
2989 1303 3068 1367 δὲ,
3107 1303 3188 1355 ὅτι
3227 1301 3328 1354 οὐκ
3369 1301 3514 1356 ἐστιν
3546 1303 3635 1355 ὅτε
3677 1305 3742 1356 οὐ

467 1407 610 1447 mam
639 1391 870 1456 oﬂ'erre,
918 1393 984 1448 de
1017 1394 1218 1464 quibus
1249 1394 1351 1450 sibi
1401 1393 1630 1461 depositi
1668 1393 1840 1448 instar
1878 1408 1910 1446 a
1940 1392 2051 1446 Deo

462 1484 683 1539 traditis
725 1484 980 1538 dicat“:
1029 1505 1047 1537 ι
1077 1485 1216 1540 Ecce
1268 1500 1370 1554 ego
1419 1492 1472 1537 et
1520 1484 1672 1553 pueri
1721 1499 1860 1554 quos
1901 1484 2052 1540 dedit

465 1576 601 1630 mihi
635 1575 920 1641 Dominus,
955 1595 974 1628 ι
1024 1585 1080 1632 et
1119 1592 1308 1633 eorum
1352 1592 1645 1646 puerorum
1695 1574 1931 1631 infantes
1961 1591 2052 1646 ap-

467 1668 736 1736 pellentur
784 1669 1064 1736 nonnulli,
1129 1668 1219 1722 alii
1287 1669 1582 1734 lactentes,
1637 1677 1694 1721 ut
1748 1666 2049 1723 infantibus

463 1757 627 1812 etiam
655 1757 1058 1825 imbecilliores,
1083 1767 1138 1812 et
1162 1757 1428 1813 Dominus
1458 1766 1648 1813 noster
1668 1772 1735 1813 ex
1766 1766 2050 1813 utrorum-

460 1863 568 1918 que
595 1863 690 1903 ore
723 1849 936 1903 laudem
987 1849 1232 1918 perﬁciat
1254 1892 1269 1917 ,
1299 1859 1360 1905 ut
1391 1849 1608 1920 cognita
1639 1865 1671 1904 a
1702 1850 1860 1906 nobis
1901 1850 2052 1921 ejus-

462 1940 608 1994 modi
641 1941 692 1994 in
719 1956 917 2010 pueros
952 1941 1100 1996 illius
1131 1942 1507 2008 beneﬁcentia,
1541 1941 1854 1997 dicamus"
1880 1958 1893 1993 :
1919 1960 1938 1994 ι
1967 1941 2049 1996 Ex

2155 1396 2522 1468 προσφέρεται
2541 1392 2728 1448 παιδία
2743 1391 2840 1464 τὴν
2855 1393 3032 1464 ψυχὴν
3048 1391 3127 1462 τῷ
3162 1391 3334 1463 Ἰησοῦ
3368 1393 3504 1461 (10),
3532 1393 3619 1463 ἐφ’
3659 1389 3744 1459 οἷς

2152 1487 2299 1557 λέγοι
2325 1486 2412 1548 ἂν.
2437 1487 2513 1550 ὼς
2543 1483 3016 1556 παρακαταθήκην
3041 1483 3180 1537 αὐτὰ
3209 1484 3317 1538 ἀπὸ
3362 1484 3498 1538 Θεοῦ
3535 1485 3739 1551 λαϐὼν,

2151 1575 2239 1629 τόο
2277 1594 2316 1626 ι·
2348 1574 2477 1628 Ἰδοὺ
2506 1571 2616 1642 ἐγὼ
2646 1573 2739 1626 καὶ
2759 1571 2828 1626 τὰ
2855 1573 3042 1626 παιδία
3066 1573 3101 1627 ἆ
3131 1590 3220 1644 μοι
3247 1573 3447 1628 ἔδωκεν
3466 1576 3494 1627 ὁ
3525 1576 3680 1641 Θεὸς,
3713 1596 3731 1628 ι

2153 1667 2247 1722 καὶ
2277 1665 2386 1720 ἀπὸ
2412 1665 2519 1720 τῶν
2547 1665 2776 1719 παιδίων
2807 1682 2872 1733 γε
2905 1665 3110 1718 τούτων
3146 1665 3270 1719 τινὰ
3323 1666 3420 1737 μὲν
3464 1684 3739 1738 χρηματι-

2153 1755 2291 1819 ζέτω
2318 1755 2505 1824 νήπια,
2538 1753 2674 1807 ἄλλα
2705 1753 2761 1807 δὲ
2787 1753 3028 1822 λεγέσθω
3060 1753 3378 1824 θηλάζοντα,
3410 1755 3487 1820 ὡς
3515 1757 3624 1810 τῶν
3645 1776 3740 1830 νη-

2153 1845 2292 1899 πίων
2325 1845 2714 1918 ὑποδεέστερα,
2746 1845 2840 1898 καὶ
2874 1847 2903 1898 ό
2934 1843 3138 1916 Κύριος
3172 1846 3328 1916 ἡμῶν
3373 1848 3438 1900 ὲκ
3472 1849 3738 1919 στόματος

2151 1936 2476 2008 ἀμφοτέρων
2507 1934 2882 2007 καταρτιζέτω
2911 1931 3060 1988 αἶνον
3082 1977 3096 2002 ,
3139 1935 3255 2001 ἵνα,
3309 1936 3608 2008 ᾐσθημένοι
3639 1939 3739 2009 τῆς

461 2046 558 2086 ore
585 2032 877 2086 infantium
909 2040 963 2086 et
989 2032 1306 2087 lactentium
1337 2031 1614 2102 perfecisti
1648 2032 1886 2088 laudem.
1921 2051 1941 2084 ι
1978 2031 2045 2090 Hi

2145 2027 2401 2097 τοιαύτης
2445 2026 2610 2080 αὑτοῦ
2641 2028 2723 2090 είς
2763 2027 2832 2080 τὰ
2861 2026 3048 2081 παιδία
3085 2027 3431 2098 εὐεργεσίας,
3489 2029 3738 2102 λέγωμεν

459 2137 593 2184 vero
619 2123 772 2192 pueri
799 2122 1016 2177 dicendi
1041 2132 1190 2190 sunt,
1239 2123 1331 2192 qui
1363 2123 1614 2178 carnales
1643 2132 1774 2178 sunt
1802 2123 1854 2177 in
1884 2123 2048 2179 Chri-

458 2219 547 2270 sto
590 2229 656 2268 ac
704 2211 945 2268 infantes
990 2213 1301 2283 cujusmodi
1359 2212 1674 2270 Corinthios
1714 2229 1835 2270 esse
1867 2215 2045 2272 sciens

463 2303 665 2358 Paulus
717 2304 998 2373 apostolus
1043 2304 1366 2359 dicebat":
1414 2323 1432 2355 ι
1490 2304 1556 2358 Ει
1599 2319 1699 2376 ego
1746 2321 1853 2361 non
1891 2307 2044 2376 potui

461 2393 618 2448 vobis
649 2393 796 2460 loqui
822 2394 980 2463 quasi
1009 2395 1391 2464 spiritualibus
1419 2435 1435 2460 ,
1478 2395 1572 2451 sed
1615 2397 1771 2466 quasi
1817 2398 2047 2452 carnali-

463 2483 603 2548 bus,
663 2484 822 2552 quasi
891 2485 1136 2554 parvulis
1200 2485 1252 2538 in
1303 2485 1544 2542 Christo.
1577 2506 1595 2539 ι
1649 2481 1808 2543 Tales
1859 2496 2040 2544 autem

459 2575 610 2642 pueri
642 2583 769 2629 tunc
796 2575 960 2629 oblati
1001 2586 1163 2643 sunt,
1198 2584 1251 2630 et
1295 2591 1512 2647 semper
1552 2578 1853 2633 offeruntur
1887 2577 2038 2636 Jesu.

457 2666 759 2722 ()biationis
826 2675 1006 2722 autem
1099 2682 1394 2736 puerorum
1471 2679 1852 2740 argumentum
1927 2680 2040 2738 est,

463 2759 715 2815 Ecclesiae
779 2759 1071 2813 infantium
1124 2760 1178 2813 in
1235 2761 1492 2828 Christo,
1569 2770 1624 2815 et
1682 2762 2038 2829 lactentium,

454 2851 634 2914 lacte.
683 2865 792 2906 non
831 2851 1006 2908 solido
1047 2853 1170 2906 cibo
1209 2853 1486 2921 egentium
1536 2853 1864 2920 multitudo,
1901 2870 2042 2925 quos

457 2942 683 3010 fovens,
731 2959 838 2998 non
906 2960 1065 3000 secus
1113 2959 1177 2998 ac
1235 2945 1376 2998 filios
1439 2961 1570 3000 suos
1619 2947 1802 3000 nutrix
1823 2945 1902 3011 ",
1961 2946 2043 3002 sic

457 3034 624 3106 659
657 3036 966 3105 alloquatur
994 3037 1037 3068 ⁷³
1072 3055 1084 3090 :
1126 3055 1144 3088 ι
1177 3035 1289 3092 Lac
1318 3035 1475 3091 vobis
1509 3046 1698 3107 potum
1733 3038 1878 3105 dedi,
1930 3053 2041 3092 non

457 3140 674 3191 escam;
707 3127 948 3181 nondum
992 3126 1137 3181 enim
1169 3125 1450 3195 poteratis.
1491 3145 1510 3178 ι
1555 3127 1756 3184 Deinde
1785 3131 2040 3199 quando-

459 3217 678 3288 quidem
699 3218 1065 3288 evangelistat,
1085 3219 1178 3288 qui
1198 3218 1416 3283 horum,
1441 3219 1507 3273 de
1523 3220 1722 3290 quibus
1738 3221 1826 3275 hic
1842 3222 2040 3292 agitur,

458 3309 845 3374 meminerunt,
877 3308 1022 3378 quod
1058 3327 1076 3360 ι
1109 3309 1275 3363 oblati
1305 3307 1527 3364 fuerunt
1569 3312 1779 3380 parvuli
1817 3311 1968 3381 Jesu,
2010 3332 2031 3368 ι

460 3409 518 3455 ut
540 3401 617 3455 ait
643 3400 963 3464 Matthzeus,
1017 3401 1102 3455 vel
1129 3440 1142 3465 ,
1193 3411 1252 3456 ut
1298 3400 1515 3456 Marcus
1547 3402 1627 3470 ⁷⁸,
1668 3420 1688 3455 ι
1721 3402 1958 3460 infantes
1983 3405 2034 3460 ei

456 3492 791 3556 obtulerunt,
821 3511 840 3544 ι
870 3493 1209 3562 scripserunt
1229 3494 1478 3562 quidem;
1507 3502 1563 3548 at
1583 3510 1611 3548 a
1639 3495 1838 3563 quibus
1869 3495 2036 3550 oblati

458 3584 678 3651 fuerint,
725 3584 808 3638 vel
852 3584 1079 3653 quinam
1125 3585 1458 3651 obtulerint,
1507 3586 1726 3642 silentio
1753 3587 2034 3657 praeterie-

459 3684 606 3743 runt,
644 3675 801 3732 nobis
829 3675 1201 3747 investiganda
1250 3678 1617 3747 relinquentes
1647 3694 1768 3748 quae
1797 3694 1827 3732 a
1853 3695 1912 3735 se
1941 3677 2035 3734 fu-

454 3777 613 3821 erant
661 3770 1026 3838 praetermissa
1063 3786 1077 3822 :
1112 3783 1290 3838 Opera:
1333 3769 1564 3839 pretium
1603 3779 1685 3826 est
1729 3770 2034 3841 disquirere

451 3874 522 3914 an
554 3875 685 3914 casu
721 3858 775 3914 id
814 3875 844 3914 a
878 3860 1052 3916 tribus
1104 3859 1271 3915 fuerit
1317 3862 1780 3930 praetermissum,
1831 3861 2035 3932 quibus

458 3950 615 4005 facile
646 3960 762 4005 erat
791 3951 1050 4017 scribere,
1083 3950 1262 4006 Oblati
1289 3960 1419 4007 sunt
1460 3953 1510 4007 ei
1542 3967 1571 4006 a
1596 3953 1864 4022 patribus,
1890 3952 2033 4007 vela

457 4041 746 4110 matribus,
777 4043 882 4109 vel,
907 4042 1203 4100 offerebant
1233 4044 1282 4098 ei
1315 4041 1551 4098 infantes
1580 4051 1635 4098 et
1661 4059 1860 4114 pueros
1883 4045 2034 4115 ipso-

2146 2118 2234 2172 τό⁸
2277 2138 2297 2171 ι
2344 2119 2440 2172 Ἐκ
2463 2119 2724 2190 στόματος
2761 2117 2972 2190 νηπίων
3014 2119 3112 2172 καὶ
3151 2119 3488 2190 θηλαζόντων
3532 2138 3741 2194 κατηρ-

2144 2211 2282 2264 τίσω
2331 2208 2501 2266 αἶνον.
2539 2230 2557 2264 ›
2607 2210 2805 2266 Παιδία
2853 2211 2910 2264 δὲ
2954 2211 3172 2264 λεκτέον
3222 2211 3350 2275 τοὺς
3402 2211 3460 2264 ὲν
3514 2213 3739 2284 Χριστῷ

2149 2301 2456 2372 σαρκίνους,
2507 2301 2604 2355 καὶ
2652 2301 2911 2372 νηπίους,
2970 2300 3189 2364 ὁποίους
3241 2300 3561 2371 Κορινθίους
3611 2304 3736 2355 sm-

2148 2394 2412 2463 στάμενος
2448 2393 2476 2446 ὁ
2516 2391 2816 2454 ἀπόστολος
2859 2389 3070 2454 Παῦλος
3116 2390 3305 2460 έλεγε·
3356 2410 3374 2443 ι
3411 2389 3582 2460 Κάγὼ
3633 2393 3738 2448 οὑκ

2142 2487 2412 2560 ἠδυνήθην
2466 2489 2593 2559 ὑμῖν
2624 2488 2856 2558 λαλῆσαι
2899 2489 2974 2552 ὼς
3022 2492 3447 2560 πνευματικοῖς,
3490 2489 3605 2543 ἀλλ’
3659 2491 3736 2555 ὡς

2145 2580 2458 2651 σαρκίνοις,
2523 2580 2601 2642 ὡς
2655 2579 2873 2651 νηπίοις
2923 2580 2983 2632 ὲν
3054 2579 3296 2652 Χριστῷ.
3336 2599 3355 2633 ι
3403 2581 3485 2634 Τὰ
3508 2580 3736 2636 τοιαῦτα

2143 2673 2207 2744 δὴ
2237 2671 2421 2726 παιδία
2460 2671 2806 2744 προσηνέχθη
2846 2671 3001 2739 τότε,
3040 2672 3134 2728 καὶ
3166 2673 3254 2726 ἀεὶ
3291 2673 3628 2744 προσάγεται
3657 2671 3734 2743 τῷ

2156 2765 2348 2837 Ἰησοῦ.
2382 2767 2614 2837 Σημεῖον
2642 2764 2698 2817 δὲ
2730 2763 2832 2834 τῆς
2873 2763 2981 2818 τῶν
3023 2763 3233 2836 νηπίων
3282 2763 3648 2835 προσαγωγῆς
3683 2765 3734 2816 οἱ

2143 2857 2327 2912 πολλοὶ
2358 2857 2458 2928 τῆς
2505 2853 2826 2926 Ἐκκλησίας
2856 2855 2916 2908 ὲν
2942 2853 3163 2926 Χριστῷ
3213 2856 3396 2926 νήπιοι
3427 2856 3522 2908 καί⁹
3570 2855 3736 2926 θηλά-

2143 2947 2353 3012 ζοντες,
2403 2945 2594 3018 χρείαν
2638 2943 2853 3013 ἔχοντες
2895 2943 3206 3011 γάλακτος,
3247 2945 3308 2998 οὐ
3354 2946 3580 3015 στερεᾶς
3611 2963 3735 3016 τρο-

2143 3037 2285 3108 φῆς,
2335 3036 2470 3108 πρὸς
2514 3033 2609 3100 οὒς
2655 3035 2802 3103 λέγοι
2851 3033 2953 3100 ἂν,
2989 3033 3065 3096 ὼς
3109 3033 3176 3088 ἂν
3213 3034 3412 3105 τροφὸς
3451 3034 3731 3090 θάλπουσα

2141 3128 2212 3183 τὰ
2242 3129 2442 3198 ἑαυτῆς
2466 3127 2635 3180 τέκνα
2662 3125 2882 3180 θάλπων
2915 3125 3136 3190 αὐτοὺς,
3202 3126 3284 3180 τόο
3333 3145 3350 3178 ι
3382 3126 3527 3180 Γάλα
3586 3127 3730 3197 ὑμᾶς

2145 3221 2393 3284 ἐπότισα,
2430 3221 2490 3274 οὐ
2530 3219 2746 3291 βρῶμα’
2776 3216 2930 3271 οὔπω
2959 3217 3070 3290 γὰρ
3097 3217 3385 3288 ἠδύνασθε.
3422 3239 3441 3272 ι
3479 3218 3587 3272 Εἶτ’
3609 3221 3730 3273 ἐπεὶ

2143 3314 2192 3367 oi
2219 3311 2550 3384 μνησθέντες
2587 3309 2974 3380 εὐαγγελισταὶ
3004 3307 3114 3361 τῶν
3148 3309 3291 3363 κατὰ
3323 3310 3414 3364 τὸν
3441 3311 3626 3376 τόπον,
3647 3311 3729 3365 ὅτι

2070 3377 2111 3435 C
2147 3377 2268 3475 μὲν,
2307 3377 2385 3467 ὧς
2417 3403 2446 3455 ό
2475 3377 2754 3465 Ματθαῖός
2803 3420 2956 3474 φησι,
2978 3425 2997 3458 ι
3021 3401 3363 3474 προσηνέχθη
3410 3401 3602 3457 παιδία
3650 3403 3730 3474 τῷ

2157 3493 2440 3566 Ἰησοῦ,›ἢ,
2467 3493 2544 3556 ὡς
2565 3494 2593 3546 ό
2612 3493 2858 3564 Μάρκος,
2885 3512 2903 3544 ι
2923 3493 3263 3566 προσέφερον
3290 3493 3439 3565 αὐτῷ
3472 3494 3566 3548 καὶ
3603 3495 3729 3568 βρέ-
3795 3508 3800 3511 ·

2145 3602 2219 3655 φη
2259 3583 2425 3657 (11),›
2467 3582 2804 3655 ἀνέγραψαν,
2865 3583 2971 3636 ὑπὸ
3021 3584 3166 3647 τίνος
3197 3583 3255 3637 δὲ
3292 3584 3656 3656 προσηνέχθη,
3691 3585 3726 3656 ἢ

2143 3677 2292 3740 τίνες
2323 3675 2685 3749 προσέφερον,
2726 3675 2842 3746 ἅμα
2875 3675 3359 3747 παραλελοίπασιν,
3391 3678 3523 3747 ἡμῖν
3557 3693 3726 3730 κατα-

2140 3769 2390 3832 λιπόντες
2427 3769 2702 3836 ἐξετάζειν
2749 3769 2812 3821 τὸ
2849 3768 3374 3840 παραλελειμμένον,
3422 3765 3568 3832 ἄξιον
3599 3767 3726 3822 ίδεῖν

2140 3860 2371 3932 πότερον
2405 3860 2548 3915 κατὰ
2582 3863 2874 3935 συντυχίαν
2921 3860 3029 3914 ὑπὸ
3059 3861 3167 3915 τῶν
3204 3859 3369 3933 τριῶν
3399 3859 3460 3913 τὸ
3488 3859 3727 3914 τοιοῦτον

2141 3953 2591 4024 παραλέλειπται,
2624 3954 2940 4028 δυναμένων
2985 3953 3324 4026 ἀναγράψαι,
3369 3951 3722 4026 Προσηνέχθη

2140 4043 2288 4116 αὐτῷ
2309 4044 2418 4099 ἀπὸ
2445 4045 2553 4100 τῶν
2579 4047 2803 4115 γονέων,
2833 4047 2865 4116 ἢ
2891 4045 2999 4100 ἀπὸ
3023 4045 3132 4098 τῶν
3165 4046 3436 4119 μητέρων,
3463 4044 3519 4117 ἢ,
3551 4045 3726 4117 [lpos-

1669 4156 1901 4216 VETUS
1939 4157 2523 4215 INTERPRETATIO.

455 4266 609 4327 mea,
629 4261 679 4327 e_t
702 4252 966 4327 elegerunt
995 4267 1118 4321 quae
1149 4252 1293 4317 volo,
1320 4266 1422 4321 ego
1452 4251 1594 4327 dabo
1622 4251 1704 4307 eis
1735 4253 1792 4306 in
1839 4253 2004 4327 domo
2035 4269 2157 4327 mea
2208 4255 2388 4309 locum
2418 4254 2650 4307 electum
2702 4259 2757 4303 et
2779 4247 3125 4327 nominatum
3153 4286 3168 4312 ,
3201 4256 3252 4301 et
3281 4252 3556 4327 meliorem
3598 4257 3724 4314 ﬁliis

453 4333 510 4377 et
540 4316 828 4378 tiliahusf»
863 4316 1075 4397 Bonum
1109 4329 1193 4397 est
1221 4316 1674 4397 ergo‘secundum
1726 4325 2089 4397 mysterialem
2121 4326 2304 4378 locum
2337 4334 2732 4397 uec_generare
2776 4320 2828 4371 in
2864 4316 3156 4397 Babylonia
3175 4319 3322 4397 ,“sed
3353 4322 3469 4397 sine
3506 4329 3717 4382 semine

457 4408 602 4455 esse,
639 4400 906 4462 quantum
933 4393 999 4445 ad
1031 4387 1416 4462 Babyloniam,
1451 4393 1593 4449 sicut
1628 4387 1817 4447 Daniel
1837 4435 1852 4459 ,
1881 4403 1940 4448 ut
1974 4409 2296 4462 generemus
2320 4393 2387 4447 de
2435 4387 2643 4458 spiritu
2687 4397 2900 4454 sancto,
2930 4387 3074 4442 sicut
3101 4396 3155 4442 et
3188 4387 3278 4442 ille
3301 4397 3354 4445 et
3377 4392 3467 4460 qui
3499 4409 3626 4451 cum
3655 4413 3722 4452 eo

454 4461 972 4532 t'ucruntLvisiones
999 4469 1054 4532 et
1082 4461 1415 4532 prophetias,
1444 4471 1499 4517 et
1529 4473 1724 4518 caetera
1765 4478 1931 4532 Opera
1967 4461 2131 4516 bona.

525 4533 578 4586 6.
629 4530 836 4600 «Tunc
865 4531 1032 4585 oblati
1058 4526 1200 4585 sunt
1216 4531 1263 4584 ei
1300 4532 1473 4598 pueri,
1511 4539 1571 4585 ut
1604 4526 1907 4587 manus-eis
1935 4533 2258 4600 imponeret.
2302 4526 2562 4598 Discipuli
2595 4535 2776 4600 autem
2813 4526 3167 4600 increpabant
3205 4543 3319 4584 eos.
3353 4527 3512 4600 Jesus
3538 4542 3720 4588 autem

451 4602 628 4657 dixit:
655 4599 828 4654 Sinite
861 4615 1080 4670 pueros,
1119 4609 1173 4654 et
1209 4597 1378 4655 nolite
1421 4602 1732 4670 prohibere.
1777 4601 1992 4656 Talium
2014 4597 2116 4654 ‘est
2147 4601 2292 4670 enim
2344 4597 2569 4668 regnum
2599 4599 2895 4670 icgelorum.
2954 4597 3019 4670 Et
3056 4598 3342 4670 imponens
3386 4599 3464 4654 eis
3503 4617 3717 4668 manus,

451 4671 588 4728 abiit
621 4671 761 4725 inde.
791 4688 814 4741 ι
855 4667 1146 4741 Sciendum
1191 4667 1450 4741 quoniam
1486 4688 1595 4726 non
1626 4680 1710 4726 est
1731 4672 1949 4741 quando
1992 4667 2436 4741 nonroll'cruntur
2460 4669 2610 4739 pueri
2626 4667 2767 4741 _Jesu
2797 4670 2863 4724 de
2899 4667 3099 4738 quibus
3128 4667 3278 4741 dicit,
3309 4670 3465 4738 quasi
3498 4667 3717 4741 deposié

454 4754 567 4796 tum
598 4740 902 4812 suscipiens
939 4755 968 4812 ιι
998 4739 1145 4793 Deo:
1183 4738 1369 4812 (Ecce
1411 4755 1511 4811 ego
1545 4738 1780 4812 etpuer'i
1818 4757 1957 4812 quos
2009 4740 2155 4794 dedit
2199 4741 2339 4812 mihi
2365 4738 2536 4812 Deus.
2561 4757 2579 4790 ι
2626 4739 2925 4812 Puerorum
2964 4747 3148 4812 autem
3174 4738 3448 4812 justorum
3496 4738 3717 4809 quidam

450 4813 671 4882 quidem
712 4807 842 4866 sunt
875 4809 1110 4864 infantes
1139 4827 1153 4862 :
1187 4809 1286 4882 alii
1335 4807 1516 4882 autem
1566 4807 2152 4878 dicuntur—lactentes,
2187 4810 2344 4879 quasi
2381 4809 2690 4882 inferiores
2714 4809 3034 4882 infantibus.
3109 4807 3193 4882 Et
3225 4808 3488 4864 Dominus
3512 4807 3720 4882 '_nostcr

449 4877 534 4952 ex,
553 4898 648 4937 ore
685 4891 1044 4952 utrorumque
1074 4879 1334 4952 _pcrcipit_
1360 4880 1575 4952 laudem
1595 4922 1609 4946 ,
1640 4891 1712 4952 ut
1751 4889 2144 4952 cognoscentes
2187 4877 2292 4935 alia
2339 4880 2599 4952 beneﬁcia
2643 4879 2763 4952 ejus
2799 4880 2853 4952 in
2885 4877 3112 4952 pueris_,_
3143 4877 3389 4952 dicamus
3418 4897 3433 4936 :
3465 4899 3482 4952 ι
3515 4878 3591 4934 Ex
3623 4895 3719 4933 ore

453 4951 746 5008 infantium
780 4960 834 5006 et
865 4947 1181 5005 lactentium
1215 4947 1489 5020 perfecisti
1529 4951 1768 5006 laudem.
1812 4947 1846 5004 ἶ
1877 4951 2085 5007 Pueros
2120 4960 2302 5007 autem
2337 4951 2594 5017 dicimus,
2629 4950 2725 5020 qui
2751 4949 2931 5004 adhuc
2975 4949 3029 5002 in
3055 4947 3274 5004 Christo
3305 4951 3549 5005 carnales
3589 4957 3718 5005 sunt

523 5091 567 5122 ⁸³
590 5087 780 5144 Matth.
817 5104 932 5154 xu,
960 5089 1048 5154 15,
1079 5089 1163 5158 15.
1241 5086 1410 5143 "lsa.
1454 5104 1571 5154 vm,
1605 5089 1703 5156 18;
1743 5088 1906 5145 Hebr.
1935 5105 1998 5158 ιι,
2029 5093 2045 5146 1

2192 5092 2238 5124 τι
2261 5089 2409 5145 Psal.
2434 5103 2555 5156 vut,
2587 5087 2641 5144 5.
2715 5087 2812 5143 "1
2839 5085 2968 5142 Cor.
3001 5101 3082 5148 ut,
3117 5086 3168 5140 1.
3245 5084 3548 5142 "lThess.
3569 5103 3632 5154 ιι,
3665 5086 3716 5140 7.

524 5161 572 5192 ⁷⁸
604 5159 622 5214 Ι
650 5159 777 5215 Cor.
807 5173 892 5227 ιιι,
919 5159 974 5215 ‘2.
1050 5159 1095 5191 "
1123 5157 1290 5214 Marc.
1321 5176 1374 5227 x,
1410 5160 1496 5214 15.

526 5298 769 5377 (10)-Ορ
802 5297 1202 5377 προσφέρεται.
1246 5300 1470 5377 παιδία.
1496 5300 1624 5377 fit!
1665 5301 1907 5377 eam”
1937 5302 2036 5377 Δτῷ

2143 5303 2350 5377 βρέφη.
2388 5319 2406 5353 ι
2441 5299 2820 5377 Verba_Marco
2847 5297 3057 5377 tribuit,
3087 5311 3206 5377 qua:
3223 5294 3528 5377 [alcaisun‘t
3551 5313 3715 5377 avrti,

465 5366 690 5439 Ἰησοῦ.
733 5366 992 5437 Quamvis
1021 5366 1070 5424 id
1109 5371 1342 5427 habeant
1375 5366 1532 5427 codd.
1567 5371 1634 5424 11.
1667 5366 1720 5426 et
1745 5366 2037 5427 [{fnihilo-

2143 5366 2227 5436 13,
2245 5366 2325 5427 ea
2346 5383 2525 5426 tamen
2555 5369 2697 5424 infra
2723 5377 2979 5439 accurate
3007 5367 3298 5439 distinguit
3328 5383 3340 5419 :
3366 5368 3525 5439 Κατὰ
3547 5368 3606 5439 δὲ,
3625 5367 3716 5420 τὸν

455 5435 639 5496 minus
686 5435 817 5517 quin
864 5457 1096 5517 ea_vox,
1138 5441 1235 5517 τῂν
1273 5441 1472 5517 ψυχήν,
1526 5443 1772 5517 e__limbo
1811 5444 1865 5497 in
1905 5460 2036 5498 con-

2143 5435 2788 5517 hldipxov""ivu_&¢q7ut
2836 5437 3018 5517 αὐτόν·
3069 5435 3445 5517 κατὰ,δὲ”τὸν
3489 5438 3716 5517 εἰπόντα

455 5521 662 5588 testam
689 5506 1018 5588 ‘irrepserit,
1071 5506 1251 5566 nullus
1289 5506 1524 5588 'dub'ito._
1553 5511 1718 5567 Vetus
1764 5515 1986 5588 interpr.
2017 5532 2030 5567 :

2143 5506 2314 5585 βρέὶρη
2347 5512 2487 5567 αὐτὰ
2523 5506 2921 5588 εἷναι-Ἀουκᾶν·
2959 5507 3074 5588 Ἵνα
3117 5506 3293 5587 αὐτῶν
3319 5507 3583 5588 ὂςιπτηται.
3606 5507 3716 5559 La-

459 5599 479 5633 ι
509 5581 800 5664 Sciendum
819 5577 1086 5664 quoniam
1100 5598 1209 5664 non
1238 5591 1324 5662 est
1346 5583 1565 5664 quando
1577 5600 1695 5664 non
1724 5577 2030 5664 oﬂeruntur
2139 5577 2407 5664 curiosum
2436 5583 2615 5664 magis
2656 5582 2836 5664 locum
2878 5577 3343 5664 cr_e_d'i(lerim‘,'qui
3366 5579 3457 5664 ἐἰς
3484 5577 3717 5664 fortasse

457 5652 610 5727 pueri
631 5650 782 5727 Iesu,
812 5647 1017 5727 fiufra,
1045 5653 1125 5727 Τὰ
1150 5647 1377 5727 τοιαῦτα
1471 5653 1660 5727 παιδία
1681 5652 2026 5725 προσηνέχθη

2143 5653 2519 5727 resarciendus
2539 5647 2622 5727 est
2653 5668 2666 5704 :
2691 5649 2848 5727 ἥηὼς
2861 5650 2902 5727 ό
2928 5647 3172 5727 Μάρκος·
3207 5647 3546 5727 Προτέφερον
3569 5647 3717 5727 αὐτῷ

457 5716 573 5794 τότε
594 5759 630 5794 ,Α
663 5722 756 5794 κα).
801 5723 887 5794 ᾁε¹ι
913 5722 1248 5794 προσάγεται
1279 5722 1356 5792 τῷ
1389 5716 1585 5794 Ἰησοῦ.
1618 5716 1881 5794 lini-inus.
1924 5716 1955 5723 ”
2014 5716 2026 5725 ’
2138 5724 2347 5794 παιδία,
2377 5722 2431 5793 ἦ,
2453 5721 2527 5785 ὡς
2547 5723 2574 5775 ὁ
2595 5716 2828 5782 Λουκᾶς
2859 5716 3200 5792 Προσέφερον
3225 5716 3372 5787 αὐτῷ
3400 5716 3493 5772 καὶ
3517 5716 3712 5788 βρέφη·

527 5790 639 5862 (ll)
678 5792 762 5858 Ἡ,
796 5790 876 5858 ὠς
916 5790 1239 5860 όίΜιὶρκος,
1279 5812 1297 5845 ι
1328 5790 1703 5864 προσέφερον
1734 5793 1894 5861 αὐτῷ
1928 5796 2023 5849 καὶ
2138 5790 2404 5850 ΙΙυετιυε.
