4086 6414
483 371 618 429 1271

1960 374 2120 430 ORIG
2129 373 2210 427 EN
2218 369 2280 428 ts

3593 368 3736 423 127?.

482 500 611 562 pote
669 497 955 545 contactus
1006 489 1444 545 adversariorum
1502 492 1793 562 repellendi
1862 492 2044 545 robore

2163 506 2349 562 ρουσα,
2378 488 2472 542 καὶ
2494 487 2628 559 πρὸς
2654 485 2726 539 τὰ
2751 485 2877 556 ἑξῆς
2901 486 3118 558 διαρκῇ,
3138 487 3214 550 ὡς
3243 486 3514 558 κωλυτικὴ
3537 485 3737 559 τυγχά-

483 583 715 655 pollens,
749 581 816 635 ad
847 582 1054 651 reliqua
1087 582 1375 638 sufficeret.
1437 580 1502 637 Et
1534 584 1787 639 Servator
1839 583 2055 654 quidem

481 689 595 729 rem
625 672 893 743 ejusmodi
930 688 1036 727 non
1069 673 1370 742 simplicem
1403 688 1467 728 ac
1513 672 1904 728 indifferentem
1936 688 2058 727 esse

479 765 685 830 sciens,
720 765 814 819 sed
845 765 912 819 iis
946 765 1241 818 salutarem
1284 781 1423 835 quos
1453 766 1704 820 manibus
1731 782 1761 819 a
1794 782 1852 820 se
1879 766 2055 835 impo—

479 857 601 911 sitis
653 855 936 925 tetigerat,
993 856 1277 925 discipulis
1324 856 1438 911 suis
1485 871 1581 924 per
1625 857 2053 925 increpationcm

479 948 926 1017 prohibentibus,
988 948 1285 1016 quominus
1343 947 1445 1001 sibi
1500 947 1653 1016 pueri
1708 947 2052 1009 offerrentur,

476 1038 619 1094 ait"o
654 1058 667 1092 :
703 1058 722 1090 ι
759 1039 932 1093 Sinite
958 1039 1237 1108 parvulos,
1274 1046 1328 1091 et
1359 1038 1525 1092 nolite
1546 1052 1642 1092 eos
1679 1036 1963 1106 prohibere
1985 1037 2053 1091 ad

473 1147 562 1188 nte
588 1132 792 1186 venire.
829 1150 847 1183 ›
884 1129 1039 1196 Quod
1090 1130 1138 1183 si
1180 1130 1378 1184 rationi
1421 1131 1770 1185 consentiunt
1794 1146 1915 1199 quae
1941 1138 2053 1183 tra-

472 1224 746 1288 didimus,
779 1239 902 1277 cum
935 1237 965 1276 a
998 1222 1197 1291 quibus
1231 1222 1399 1276 oblati
1436 1221 1671 1285 fuerint,
1709 1221 1791 1275 vel
1830 1221 1922 1291 qui
1958 1236 2052 1275 eos

473 1312 792 1375 obtulerint,
817 1312 1129 1382 qumsitum,
1155 1313 1200 1366 si
1224 1313 1455 1367 eximios
1485 1314 1698 1382 aliquos
1726 1309 1852 1365 Jesu
1883 1311 2051 1366 disci-

473 1404 632 1472 pulos
660 1413 959 1472 potestates
986 1411 1204 1458 sanctas
1230 1419 1351 1459 esse
1382 1404 1583 1458 Christi
1619 1404 1924 1458 doctrinam
1954 1419 2051 1458 cae

472 1503 754 1561 pessentes
802 1495 959 1550 nobis
1005 1495 1058 1548 in
1103 1495 1288 1550 animo
1317 1497 1607 1566 fingamus,
1637 1495 1781 1550 haud
1817 1495 2048 1549 multum

474 1598 606 1639 sane
643 1585 711 1639 ab
763 1586 831 1640 iis
875 1585 1196 1639 abludemus
1232 1605 1244 1639 :
1280 1587 1347 1641 ad
1374 1602 1468 1641 eas
1501 1587 1702 1657 quippe
1746 1586 2049 1656 discipulo-

474 1691 595 1730 rum
639 1674 767 1731 Jusu
805 1692 1023 1746 tutoque
1072 1692 1269 1732 nomen
1303 1681 1572 1747 pertinere
1619 1689 2047 1733 consentaneum

472 1778 591 1835 est,
630 1778 690 1822 ut
732 1785 835 1822 non
872 1771 1121 1825 homines
1151 1772 1325 1824 solum
1351 1811 1365 1835 ,
1413 1772 1507 1826 sed
1541 1781 1595 1825 et
1623 1772 1798 1842 angeli
1844 1772 2047 1841 quibus

470 1857 621 1912 visus
646 1869 747 1921 est,
784 1860 945 1929 seipsi
982 1860 1314 1916 erudiendos
1345 1862 1560 1916 tradant
1581 1905 1595 1928 ,
1628 1873 1683 1916 et
1707 1862 1960 1933 quisquis
1989 1862 2051 1915 fi-
2081 1850 2123 1903 Β

469 1949 590 2001 dem
644 1948 817 2017 ipsius
868 1950 1099 2005 voluerit
1152 1953 1439 2020 amplecti,
1493 1969 1559 2007 ex
1599 1953 1797 2009 «omni
1829 1953 2051 2008 nomine

468 2040 614 2108 quod
665 2043 1013 2108 nominatur,
1069 2060 1175 2097 non
1228 2045 1404 2098 solum
1452 2045 1504 2098 in
1538 2047 1641 2099 hoc
1690 2044 1922 2111 saeculo,
1955 2046 2047 2099 sed

467 2134 630 2186 etiam
661 2133 713 2186 in
745 2134 926 2187 futuro
958 2135 1025 2189 ⁸⁸.
1063 2155 1081 2187 ι
1143 2135 1197 2190 Si
1229 2138 1353 2206 quis
1384 2153 1512 2191 vero
1560 2138 1610 2191 id
1643 2149 1893 2192 coactum
1931 2139 2049 2193 exi—

469 2222 687 2289 stimet,
723 2240 846 2278 cum
876 2214 1190 2282 nominibus
1220 2228 1352 2282 solis
1397 2228 1560 2283 tribui
1599 2229 1724 2282 velit
1751 2228 2050 2299 discipulo-

468 2329 592 2368 rum
624 2332 842 2381 nomen,
873 2333 967 2373 eos
998 2319 1397 2390 increpantium
1429 2320 1521 2389 qui
1559 2319 1796 2375 infantes
1823 2337 1886 2376 ac
1917 2338 2046 2391 par-

465 2406 626 2460 vulos
651 2405 776 2461 Jesu
810 2407 1139 2476 offerebant;
1164 2425 1228 2463 ex
1258 2410 1325 2464 iis
1353 2411 1445 2481 qui
1469 2424 1722 2465 sermone
1753 2410 1873 2465 fidei
1905 2411 2046 2465 alios

465 2508 736 2551 conantur
772 2501 1033 2567 imbuere,
1069 2503 1382 2573 quicunque
1410 2503 1774 2573 simpliciores
1810 2511 1959 2569 sunt,
1993 2513 2047 2557 et

464 2588 534 2643 ad
562 2591 837 2647 docendos
874 2610 1047 2663 usque
1074 2611 1273 2664 pueros
1317 2612 1375 2650 se
1417 2596 1763 2649 demittentes
1793 2609 2046 2649 sermone

467 2681 623 2735 lactis
647 2683 907 2751 persitnili
937 2687 1161 2754 pollent,
1190 2696 1242 2740 et
1268 2696 1452 2756 potum
1488 2688 1554 2741 iis
1578 2686 1817 2756 prtebent
1844 2686 2045 2756 quibus

464 2771 605 2825 lacte
639 2788 777 2842 opus
811 2784 893 2830 est
917 2815 931 2838 ,
983 2776 1020 2829 ii
1054 2778 1163 2831 sint
1210 2779 1302 2847 qui
1341 2777 1577 2832 infantes
1607 2787 1661 2832 et
1689 2794 1887 2847 pueros
1913 2776 2041 2833 Jesu

466 2861 736 2929 offerunt;
786 2880 912 2918 nam
964 2866 1057 2936 qui
1108 2867 1513 2936 eloquentiores
1568 2876 1697 2922 sunt
1743 2882 1906 2935 quam
1943 2865 2045 2920 fert

465 2957 692 3009 istorum
726 2966 918 3025 captus
938 2997 953 3020 ,
1002 2967 1208 3012 tantam
1240 2976 1346 3013 non
1377 2960 1577 3014 habent
1606 2961 1671 3015 ad
1710 2961 2041 3029 persuaden-

462 3048 591 3099 dum
653 3045 961 3102 facultatem
1028 3066 1091 3103 ac
1148 3051 1237 3104 ille
1293 3051 1385 3119 qui
1446 3052 1627 3106 dicere
1686 3059 1861 3121 potes:
1914 3052 1960 3083 “'
2021 3069 2038 3105 :

467 3161 486 3193 ι
543 3140 747 3196 Grtccis
795 3158 858 3197 ac
906 3144 1188 3208 barbaris,
1248 3147 1584 3215 sapientibus
1632 3157 1686 3201 et
1728 3146 2038 3216 insipienti-

458 3229 563 3285 bus
635 3230 845 3285 debitor
907 3248 1048 3286 sum.
1118 3253 1137 3284 1
1212 3236 1277 3287 At
1345 3235 1437 3305 qui
1506 3236 1711 3305 majore
1785 3235 2037 3291 facundia

459 3338 519 3376 se
579 3321 831 3390 praeditos
882 3337 1002 3378 esse
1049 3324 1403 3390 existimant,
1452 3340 1616 3394 quam
1669 3326 1921 3381 doctores
1960 3327 2035 3380 illi

455 3406 615 3482 661
653 3406 888 3467 infantes
911 3411 1035 3468 Jesu
1070 3424 1124 3469 et
1150 3431 1350 3485 pueros
1384 3416 1708 3481 offerentes,
1749 3428 1802 3471 et
1833 3417 2037 3473 idcirco

454 3501 581 3557 Jesu
621 3503 868 3574 discipuli
897 3505 1258 3574 appellantur,
1288 3516 1580 3578 antequam
1603 3524 1790 3564 eorum
1821 3525 1941 3578 quae
1965 3512 2033 3565 ad

455 3596 694 3651 infantes
722 3608 777 3652 et
805 3614 1003 3668 pueros
1033 3601 1305 3669 pertinent
1331 3602 1564 3657 consulti
1599 3603 1736 3668 sint,
1786 3602 2036 3660 homines

454 3682 842 3753 simpliciorem
895 3687 1200 3742 doctrinam
1247 3689 1522 3745 tradentes
1542 3731 1557 3754 ,
1588 3699 1642 3745 et
1668 3705 1869 3759 pueros
1898 3690 2036 3745 offe-

454 3789 634 3830 rentes
665 3778 965 3847 increpant.
1000 3779 1059 3833 Id
1095 3781 1373 3837 enimvero
1410 3783 1695 3852 perSpictte
1746 3783 2034 3853 intelliges,

455 3867 504 3922 si
531 3869 599 3922 ad
628 3868 746 3925 hinc
775 3871 1018 3927 animum
1046 3873 1349 3929 adverteris
1375 3874 1422 3906 ⁸³
1454 3890 1467 3926 :
1501 3893 1522 3925 ‹
1552 3874 1741 3930 Videte
1766 3876 1910 3930 enim
1935 3891 2035 3931 vo-

454 3961 726 4017 cationem
760 3971 1015 4033 vestram,
1052 3964 1270 4030 fratres,
1310 3967 1437 4036 quia
1472 3983 1579 4021 non
1623 3967 1777 4022 multi
1815 3969 2033 4037 sapien-

453 4056 538 4106 te's
585 4052 885 4107 secundum
927 4069 1169 4119 carnem,
1230 4071 1340 4110 non
1398 4056 1555 4110 multi
1605 4065 1874 4126 potentes,
1924 4072 2031 4109 non

2161 599 2326 635 νουσα
2352 581 2569 650 ἐπαφῆς
2595 578 2702 631 τῶν
2736 576 3012 630 ἐναντίων.
3047 578 3157 631 Kal.
3196 581 3224 632 ὁ
3262 579 3454 651 Σωτὴρ
3481 576 3595 643 οὖν,
3638 579 3741 652 υῦχν

2160 673 2346 737 ἁπλῶς
2377 691 2429 725 τι
2455 673 2548 725 καὶ
2573 671 2829 741 ἀκέραιον
2866 668 2976 740 (15)
3003 671 3362 741 ἐπιστάμενος
3394 671 3455 724 τὸ
3477 672 3733 737 τοιοῦτον,

2158 764 2295 819 ἀλλὰ
2324 766 2587 836 σωτήριον
2631 765 2743 827 τοῖς
2800 763 2891 815 ὑπ’
2922 761 3084 815 αὐτοῦ
3122 762 3615 834 χειροθετουμένοις
3661 758 3737 817 ὧν

2157 856 2379 926 ἥπτετο,
2410 856 2542 927 φησὶ
2570 858 2681 918 τοῖς
2725 853 3016 924 ἐπιτιμῶσι
3053 854 3341 924 μαθηταῖς,
3395 856 3488 908 καὶ
3530 856 3617 909 διὰ
3642 857 3736 910 τοῦ

2156 947 2420 1017 ἐπιτιμᾷν
2478 945 2776 999 κωλύουσιν
2837 945 3240 1016 προσφέρεσθαι
3290 946 3357 999 τὰ
3415 947 3620 1011 παιδία,
3654 949 3727 1001 τέ’

2160 1056 2180 1089 ι
2213 1039 2414 1107 Ἅφετε
2434 1038 2502 1091 τὰ
2531 1038 2737 1102 παιδία,
2765 1038 2859 1091 καὶ
2885 1038 2958 1109 μὴ
2983 1037 3218 1090 κωλύετε
3238 1039 3376 1092 αὐτὰ
3409 1038 3581 1091 ἐλθεῖν
3601 1040 3735 1110 πρὸς

2157 1130 2282 1201 μέ.»
2312 1131 2375 1182 Εἰ
2401 1131 2498 1201 μὲν
2530 1126 2621 1184 οὖν
2653 1130 2768 1200 ἔχει
2789 1129 2945 1197 λόγον
2973 1129 3041 1182 τὰ
3075 1130 3441 1201 ἀποδεδομένα
3471 1131 3731 1202 περὶτοῦ,

2154 1220 2260 1274 ὑπὸ
2283 1222 2442 1275 τίνων
2472 1221 2838 1293 προσηνέχθη,
2875 1220 2907 1292 ἢ
2943 1221 3083 1285 τίνες
3137 1223 3489 1294 προσέφερον,
3514 1221 3733 1276 ἀκολού-

2154 1312 2263 1377 θως
2292 1312 2356 1367 ἂν
2380 1313 2607 1377 ἐκείνοις
2638 1313 2877 1384 μαθηταί
2921 1329 3065 1376 τινες
3099 1312 3367 1384 ἐξαίρετοι
3392 1311 3592 1367 νοοῖντο
3624 1313 3734 1383 (14)

2149 1402 2244 1456 τοῦ
2291 1403 2465 1473 Ἰησοῦ
2495 1403 2749 1473 δυνάμεις
2787 1402 2938 1472 ἆγιαι
2985 1402 3463 1474 μεμαθητευμέναι
3509 1400 3586 1471 τῷ
3618 1401 3734 1472 Υἱῷ

2150 1493 2246 1548 τοῦ
2273 1495 2427 1547 Θεοῦ·
2459 1493 2682 1563 φθάνειν
2711 1493 2819 1566 γὰρ
2844 1494 2939 1546 καὶ
2978 1494 3070 1547 ἐπὶ
3112 1494 3368 1556 τοιαύτας
3406 1493 3467 1545 τὸ
3496 1491 3607 1545 τῶν
3632 1511 3746 1562 μαε

2152 1586 2331 1657 θητῶν
2367 1586 2542 1655 Ἰησοῦ
2575 1585 2743 1656 ὄνομα
2772 1585 3012 1653 εῠλογον,
3045 1586 3130 1638 ἵνα
3158 1585 3230 1656 μὴ
3257 1586 3414 1656 μόνον
3444 1586 3491 1636 οἱ
3529 1583 3740 1655 ἄνθρω-

2150 1696 2244 1733 ποι
2295 1678 2444 1750 αὐτῷ
2492 1679 2924 1750 μαθητεύωνται,
2973 1677 3109 1731 ἀλλὰ
3164 1678 3257 1730 καὶ
3303 1680 3351 1730 οἱ
3405 1675 3624 1744 ἄγγελοι
3657 1672 3739 1738 οἷς

2150 1770 2328 1843 ῶφθη,
2349 1772 2441 1825 καὶ
2469 1770 2522 1823 εἴ
2543 1788 2626 1833 τις
2649 1770 2796 1841 αύτῷ
2820 1768 3097 1823 πιστεύειν
3133 1768 3400 1838 βούλεται,
3428 1767 3536 1820 ἀπὸ
3571 1787 3588 1816 ι
3611 1784 3739 1820 παν-

2151 1865 2245 1930 τὸς
2272 1864 2534 1934 ὀνόματος
2591 1862 2996 1936 ὀνομαζομένου
3043 1862 3102 1914 ού
3147 1861 3305 1931 μόνον
3358 1862 3414 1913 ὲν
3446 1858 3526 1931 τῷ
3582 1858 3746 1912 αἰῶνι-

2152 1957 2351 2028 τούτῳ,
2381 1956 2517 2010 ἀλλὰ
2565 1957 2661 2010 καὶ
2712 1958 2769 2008 έν
2813 1954 2891 2025 τῷ
2944 1953 3208 2024 μέλλοντι.
3241 1973 3258 2003 ι
3313 1954 3377 2006 Εἰ
3439 1953 3622 2023 μέντοι
3681 1952 3738 2005 τὸ

2150 2046 2392 2102 τοιοῦτόν
2428 2066 2510 2112 τις
2539 2048 2711 2118 βίαιον
2743 2046 2976 2118 νομίζοι,
3010 2042 3178 2098 Θέλων
3207 2044 3281 2116 μὴ
3302 2043 3581 2098 ἐπ’άλλων
3605 2043 3738 2096 τάσ-

2152 2138 2341 2193 σεσθαι
2371 2138 2404 2209 ἦ
2440 2136 2745 2209 ἀνθρώπων
2799 2137 2861 2189 τὸ
2884 2137 2996 2188 τῶν
3036 2134 3293 2206 μαθητῶν
3342 2136 3531 2215 ὄνομα,
3565 2138 3738 2187 ἐπιτι-

2153 2231 2377 2301 μώντων
2413 2233 2525 2293 τοῖς
2564 2228 2929 2301 προσφέρουσι
2970 2227 3049 2297 τῷ
3106 2226 3282 2298 Ἰησοῦ
3311 2227 3378 2280 τὰ
3434 2225 3609 2297 βρέφη
3640 2226 3736 2278 καὶ

2149 2322 2216 2375 τὰ
2246 2322 2451 2386 παιδία,
2484 2316 2592 2373 εἶεν
2646 2320 2710 2373 ἂν
2744 2322 2792 2373 οἱ
2837 2320 2945 2372 τῶν
2993 2319 3263 2372 διδάσκειν
3302 2319 3393 2371 τὸν
3421 2318 3577 2386 λόγον
3613 2320 3736 2370 ἑπι-

2148 2412 2475 2484 χειρούντων
2501 2411 2883 2482 ἁπλούστεροι,
2929 2410 3024 2462 καὶ
3080 2410 3242 2480 μέχρι
3294 2409 3542 2472 παιδίων,
3579 2408 3751 2476 λόγον

2148 2503 2363 2573 ἔχοντες
2394 2502 2627 2570 γάλακτι
2673 2502 2909 2563 ἐοικότα,
2947 2499 3258 2563 ποτίζοντες
3298 2499 3426 2561 τοὺς
3464 2498 3739 2567 γάλακτος

2146 2593 2467 2665 χρῄζοντας,
2492 2592 2895 2665 προσφέροντες
2951 2589 3029 2660 τῷ
3070 2589 3246 2662 Ἰησοῦ
3276 2589 3449 2661 βρέφη
3488 2590 3581 2642 καὶ
3605 2606 3751 2664 παι-⁸

2145 2685 2251 2738 δία·
2291 2684 2351 2737 ού
2393 2683 2502 2755 γὰρ
2532 2682 2784 2735 δύνανται
2809 2680 3158 2751 λογικώτεροι
3192 2681 3293 2749 τῆς
3322 2680 3527 2733 τούτων
3565 2698 3732 2734 κατα-

2149 2776 2391 2839 στάσεως
2425 2775 2655 2839 πείθειν,
2700 2774 2774 2837 ὼς
2808 2775 2835 2826 ὁ
2869 2774 3161 2844 δυνάμενος
3192 2773 3391 2840 λέγειν·
3451 2793 3468 2825 ι
3508 2773 3739 2844 Ἕλλησί

2144 2884 2203 2921 τε
2232 2868 2325 2920 καὶ
2362 2866 2676 2938 βαρϐάροις,
2717 2868 2900 2933 σοφοῖς
2939 2883 2997 2918 τε
3031 2868 3125 2919 καὶ
3173 2868 3418 2937 ἀνοήτοις
3450 2866 3739 2938 ὀφειλέτης

2145 2959 2315 3030 εἰμί.»
2357 2959 2573 3012 Τούτων
2628 2957 2683 3011 δὲ
2734 2958 3155 3028 προσφερόντων
3198 2958 3276 3028 τῷ
3328 2959 3503 3030 Ἰησοῦ
3554 2960 3730 3031 βρέφη

2144 3052 2245 3108 καὶ
2280 3052 2469 3105 παιδία
2519 3050 2869 3123 λογικώτεροι
2903 3052 3216 3121 νομίζοντες
3265 3049 3402 3105 εἶναι
3451 3053 3558 3105 τῶν
3590 3054 3731 3106 διδα-

2147 3144 2402 3207 σκόντων,
2453 3145 2549 3196 καὶ
2581 3142 2668 3195 διὰ
2693 3142 2848 3195 τοῦτο
2873 3142 3113 3215 μαθηταὶ
3147 3144 3576 3215 χρηματίζοντες
3623 3144 3727 3217 Ἰη-

2146 3234 2264 3298 σοῦ,
2297 3233 2425 3305 πρὶν
2461 3233 2672 3304 μάθωσι
2700 3234 2769 3287 τὰ
2792 3233 3048 3305 περὶτῶν
3087 3234 3304 3305 βρεφῶν
3337 3237 3428 3288 καὶ
3460 3235 3573 3288 τῶν
3605 3255 3728 3288 παι-

2141 3324 2291 3390 δίων,
2322 3324 2615 3395 ἐπιτιμῶσι
2680 3326 2791 3387 τοῖς
2854 3324 3222 3398 ἁπλούστερον
3277 3326 3583 3379 διδάσκουσι
3635 3328 3733 3379 καὶ

2143 3416 2333 3470 παιδία
2365 3416 2749 3488 προσφέρουσι.
2783 3418 2978 3485 Σαφῶς
3029 3419 3086 3470 δὲ
3126 3418 3187 3471 τὸ
3229 3417 3465 3472 τοιοῦτον
3493 3420 3724 3488 νοήσεις,

2142 3511 2444 3582 ἐπιστήσας
2495 3508 2591 3579 τῷ·
2667 3508 2945 3562 «Βλέπετε
3015 3510 3126 3581 γὰρ
3156 3510 3253 3579 τὴν
3305 3509 3495 3579 κλῆσιν
3547 3508 3723 3578 ὑμῶν,

2140 3601 2381 3671 ἀδελφοὶ,
2414 3602 2499 3655 ὃτι
2526 3601 2587 3654 οὐ
2621 3601 2806 3654 πολλοὶ
2835 3602 2989 3670 σοφοὶ
3038 3601 3180 3655 κατὰ
3206 3602 3401 3672 σάρκα,
3431 3601 3491 3653 ού
3542 3600 3729 3655 πολλοὶ

2137 3692 2370 3756 δυνατοὶ,
2398 3692 2459 3744 οὐ
2496 3690 2679 3744 πολλοὶ
2708 3692 2971 3760 εὐγενεῖς
3004 3692 3138 3745 ἀλλὰ
3182 3691 3251 3744 τὰ
3305 3692 3462 3762 μωρὰ
3493 3692 3586 3745 τοῦ
3631 3693 3725 3746 κό-

2139 3802 2278 3856 σμου
2314 3783 2595 3851 ἐξελέξατο
2616 3782 2645 3834 ὁ
2673 3783 2825 3847 Θεὸς,
2858 3785 2952 3837 καὶ
2984 3784 3051 3837 τὰ
3086 3784 3159 3854 μὴ
3190 3783 3317 3836 ὅντα
3344 3783 3478 3851 (15),
3518 3784 3605 3839 ἵνα
3653 3785 3724 3838 τὰ

2138 3875 2269 3930 ὂντα
2293 3878 2669 3948 καταργήσῃ.»
2704 3876 2957 3928 Βλεπέτω
2992 3889 3078 3938 τις
3128 3871 3219 3928 οὖν
3251 3893 3374 3928 τινα
3406 3875 3513 3928 τῶν
3548 3879 3723 3945 ἐπαγ-

2140 3966 2478 4038 γελλομένων
2507 3968 2808 4037 κατήχησιν
2836 3966 3294 4038 ὲκκλησιαστικὴν
3333 3966 3427 4019 καὶ
3470 3966 3723 4020 διδασκα-

2141 4057 2281 4122 λίαν,
2314 4058 2691 4130 προσφέροντα
2752 4056 2820 4110 τὰ
2872 4057 3033 4129 μωρὰ
3093 4057 3187 4110 τοῦ
3236 4059 3464 4125 κόσμου,
3525 4058 3722 4112 καὶτὰ

1662 4169 1889 4225 VETUS
1928 4166 2515 4225 INTERPRETATIO.

449 4275 551 4335 pro
572 4265 758 4331 pueris
788 4274 841 4320 et
870 4265 1168 4321 infantibus
1209 4266 1431 4330 factam,
1458 4275 1513 4320 et
1541 4282 1634 4335 per
1672 4276 1873 4321 tactum
1911 4264 2030 4332 ejus
2055 4265 2393 4334 repelluntur
2433 4265 2595 4320 mala.
2629 4264 2811 4319 Virtus
2838 4264 2983 4319 enim
3021 4263 3162 4319 facta
3203 4263 3257 4318 in
3287 4264 3368 4318 eis
3404 4279 3511 4317 non
3541 4263 3722 4319 solum

451 4331 520 4386 ad
560 4347 797 4406 praesens
844 4336 1118 4392 sufficiens
1159 4346 1242 4392 est
1286 4331 1593 4399 custodire,
1653 4352 1841 4390 verum
1898 4331 2063 4389 etiam
2119 4331 2175 4390 in
2224 4345 2498 4406 posterum
2547 4337 2704 4406 quasi
2752 4335 3111 4404 prohibitoria
3163 4336 3457 4406 constituta
3511 4345 3714 4406 tactum

449 4405 788 4475 contrarium
830 4408 1055 4475 repellet
1098 4410 1167 4461 ab
1195 4409 1294 4461 eis.
1345 4406 1410 4459 Et
1443 4406 1691 4461 Salvator
1721 4421 1851 4475 ergo
1897 4420 2002 4458 nou
2036 4406 2189 4474 quasi
2223 4404 2554 4474 superfluum
2587 4405 2788 4473 aliquid
2824 4409 3002 4460 sciens
3036 4406 3138 4459 hoc
3177 4421 3317 4469 esse,
3351 4405 3445 4459 sed
3481 4404 3720 4475 salutare

450 4471 839 4545 omnibus_qui
873 4471 1276 4545 iinpositionem
1318 4492 1577 4530 manuum
1621 4476 1740 4545 ejus
1756 4471 2087 4544 acceperint,
2133 4476 2264 4530 dicit
2292 4471 2371 4529 'ad
2410 4471 2707 4544 discipulos
2748 4491 2881 4545 suos
2912 4475 3257 4545 prohibentes
3293 4490 3490 4543 pueros
3519 4474 3598 4527 vel
3640 4473 3725 4526 in-

449 4538 630 4595 fames
668 4538 850 4615 offerri
882 4560 894 4595 :
928 4538 964 4595 ι’
981 4544 1154 4600 Sinite
1198 4561 1396 4615 pueros
1433 4548 1615 4601 venire
1648 4538 1727 4600 'ad
1762 4538 1958 4605 tne,'et
1997 4545 2161 4599 nolite
2188 4546 2476 4614 prohibere
2524 4538 2636 4598 cos.
2669 4564 2686 4595 ι
2737 4538 3015 4613 Siquidem
3063 4547 3262 4599 habent
3294 4538 3557 4615 rationem
3596 4558 3723 4615 qua:

450 4624 615 4686 supra
649 4612 888 4669 diximus
928 4615 993 4670 de
1036 4612 1408 4679 offerentibus,
1449 4618 1541 4686 qui
1579 4626 1735 4670 erant
1775 4616 1869 4685 qui
1915 4612 2210 4669 offerebant
2250 4634 2264 4670 :
2312 4625 2708 4683 consequenter
2747 4612 2869 4669 cum
2913 4617 2992 4671 eis
3036 4615 3285 4686 discipuli
3318 4613 3446 4668 Iesu
3488 4612 3716 4686 egregia:

450 4680 824 4755 intellvguntur
852 4686 1096 4750 virtutes,
1149 4694 1204 4739 et
1228 4688 1400 4740 doctae
1432 4680 1627 4741 a'l-‘ilio
1654 4686 1744 4741 Dei
1768 4680 1990 4755 {potest
2036 4686 2179 4738 enim
2217 4695 2269 4739 et
2303 4686 2369 4738 ad
2398 4680 2533 4755 illas
2574 4700 2771 4737 nomen
2824 4680 3371 4755 discipuloruI'qusu
3414 4680 3716 4755 pervenire,

448 4759 507 4825 ut
539 4764 648 4825 _non
682 4754 857 4808 solum
898 4755 1144 4808 homines
1186 4756 1437 4823 discipuli
1475 4758 1594 4825 ejus
1635 4750 1890 4822 sint,vs'ed
1928 4756 2090 4809 etiam
2139 4756 2335 4825 angeli.
2389 4754 2444 4809 Si
2489 4755 2613 4824 quis
2655 4766 2835 4808 autem
2871 4750 2977 4810 hoc
3002 4755 3146 4822 quod
3184 4754 3415 4825 dicimus
3446 4750 3717 4825 putaverit

445 4819 765 4895 violentum,
798 4832 852 4879 et
882 4825 1115 4879 voluerit
1150 4819 1541 4894 discipulorum
1587 4819 1786 4881 nomen
1831 4842 1939 4879 non
1988 4826 2109 4880 aliis
2151 4819 2254 4879 ni§i
2297 4819 2520 4879 tantum
2551 4826 2863 4880 hominibus
2914 4819 3219 4895 applicare,
3267 4821 3550 4895 discipulis
3592 4820 3719 4886 ejus

442 4890 555 4972 qui.
575 4893 867 4972 prohibent
907 4895 1088 4972 offerri
1133 4890 1331 4972 pueros
1360 4895 1487 4951 Jesu
1513 4906 1583 4972 et
1615 4896 1852 4951 infantes
1892 4914 1905 4951 ‘,
1950 4898 2032 4972 Sit:
2076 4896 2463 4972 intelligendus
2489 4905 2573 4949 est
2615 4896 2703 4949 hic
2732 4897 2903 4972 luctus,
2942 4890 3000 4948 ut
3036 4909 3222 4971 eorum
3265 4891 3355 4972 qui
3398 4892 3719 4972 profitentur

443 4958 595 5038 verbi
629 4962 970 5038 doctrinam,
1024 4958 1385 5035 simpliciores
1433 4968 1685 5037 quidem,
1725 4977 1779 5022 et
1812 4967 1969 5035 qttasi
2024 4958 2286 5038 puerilem
2332 4981 2680 5038 sermonem,
2731 4967 3011 5029 habentes,
3065 4973 3118 5038 et
3160 4961 3391 5014 similem
3433 4958 3569 5038 lacti
3604 4974 3715 5026 quo

443 5031 763 5086 nutriuntur
812 5027 990 5090 adhuc
1014 5027 1203 5091 novitii
1249 5027 1566 5107 quibus-lac
1596 5027 1734 5105 opus
1784 5027 1869 5091 est
1909 5045 1963 5091 et
1994 5027 2101 5089 non
2135 5037 2307 5090 solida
2337 5052 2485 5099 esca,
2515 5036 2888 5106 intelligantur
2919 5027 3039 5090 esse
3077 5032 3325 5086 doctores
3355 5028 3446 5097 qui
3478 5027 3715 5083 oﬂ'erunt

515 5171 773 5231 "Matth.
806 5192 922 5241 xxx,
957 5177 1044 5234 M.
1123 5179 1165 5210 '“
1194 5177 1392 5249 Ephes.
1424 5195 1463 5244 I,
1492 5178 1582 5232 ‘2].
1662 5178 1706 5209 ⁸⁸
1741 5176 1900 5234 Rom.
1934 5194 1971 5245 l,
2015 5178 2033 5231 Ι

2176 5177 2222 5210 οε
2247 5174 2269 5229 ι
2296 5175 2422 5232 Cor.
2457 5192 2496 5241 1,
2524 5174 2615 5243 26,
2645 5175 2746 5245 εγ,
2773 5175 2863 5232 as.

2130 5321 2349 5406 ισχυρε
2379 5321 2472 5406 ξειιὶ
2502 5320 2571 5373 τά
2601 5319 2783 5406 ﬁeri
2941 5312 3297 5406 δεσμευιέξὲ
3323 5310 3712 5406 ἳέί--ῖέξ9ὶ³9ξῖῖι”

2129 5384 2572 5464 attagenam
2592 5392 2619 5442 ὁ
2649 5384 2799 5464 Θεὸς,
2828 5388 2919 5440 καὶ
2942 5386 3010 5464 τα
3031 5384 3112 5464 ,μὴ
3141 5384 3289 5464 ὅντςν
3322 5399 3444 5437 cum
3484 5384 3711 5451 praeser-

2128 5457 2220 5514 tun
2279 5463 2422 5515 hunc
2471 5460 2719 5524 Origenis
2765 5460 2941 5511 locum
2993 5457 3044 5508 id
3097 5457 3345 5524 proxime
3374 5465 3653 5524 sequatur
3686 5469 3706 5510 :

2128 5476 2220 5514 ltttl
2279 5476 2422 5515 nunc
2471 5476 2561 5515 Ut'l
2603 5476 2719 5514 eius
2766 5476 2941 5511 locum
2993 5476 3044 5508 lu
3097 5476 3345 5524 proxume
3392 5476 3653 5522 sequatur
3686 5476 3706 5510 ;

2125 5533 2512 5602 Προσφέροντα
2537 5476 2605 5583 τὲ
2637 5528 2794 5602 μωρὰ
2824 5526 2917 5602 τοι]
2948 5526 3176 5602 κόσμου,
3203 5525 3297 5578 καὶ¹
3328 5522 3401 5602 τά
3421 5522 3710 5588 ὲξουδενωα-

2130 5595 2299 5673 μένα,
2326 5595 2420 5673 καὶ
2455 5602 2523 5654 τὰ
2552 5595 2741 5669 ἀγενῆ,
2774 5598 2941 5673 et_sic
2973 5595 3169 5650 habeat
3198 5606 3351 5673 vetus
3390 5595 3659 5673 interpres
3689 5608 3709 5673 τ

2137 5665 2154 5723 ι
2186 5665 2355 5743 Elegit
2395 5672 2557 5735 Deus,
2596 5665 2650 5723 et
2678 5665 2800 5737 qua:
2842 5667 3081 5734 infirma,
3107 5676 3162 5743 et
3185 5682 3306 5730 quae
3340 5665 3620 5743 ignobilia,
3655 5671 3709 5715 et

2130 5760 2252 5815 quae
2280 5731 2387 5798 non
2416 5731 2564 5805 sunt,
2598 5748 2657 5794 ut
2689 5731 2753 5795 ea
2793 5752 2918 5811 qua:
2944 5731 3076 5795 sunt
3107 5731 3435 5794 destruerét.
3474 5754 3493 5787 1
3528 5731 3706 5787 Hum.

517 5315 625 5387 (l3)
673 5319 798 5394 Οἰζχ
847 5318 1063 5394 ’ἁπλῶς
1113 5338 1166 5374 τι
1219 5320 1317 5375 καὶ
1361 5320 1665 5389 ἀκέραιωθ.
1708 5320 2019 5394 Legendum

442 5386 805 5470 fortasse-0:5:
835 5389 1051 5470 ἀπλοςῦν-
1066 5409 1139 5470 τιτ

511 5457 624 5529 (ιι)
647 5457 915 5529 Νοοῗόοτο.
943 5461 1075 5514 Cod.
1108 5460 1415 5529 Anglican.,
1440 5464 1577 5515 νοεῖν
1603 5461 1681 5515 τό.

511 5527 624 5599 (15)
668 5528 1015 5595 Ἐξελέξατο
1064 5535 1096 5585 ό
1131 5527 1275 5596 68—0;-
1318 5532 1416 5585 καὶ
1466 5534 1538 5586 τὰ
1579 5532 1665 5601 μὴ
1720 5531 1889 5585 ὄντα.
1942 5529 2021 5584 Ita

440 5594 677 5670 fortasse
723 5594 1008 5666 legendum
1050 5614 1168 5665 est,
1200 5594 1476 5670 quomodo
1508 5594 1737 5656 trahetur
1774 5603 1788 5653 Ι
1818 5604 1941 5655 Cor.
1980 5617 2018 5670 ι,

437 5665 539 5742 23,
578 5666 714 5742 ‘27_:
765 5665 925 5723 Ἀλλὰ
965 5671 1033 5723 τὰ
1082 5665 1241 5742 μωρᾶ
1276 5673 1370 5724 τοῦ
1419 5673 1624 5742 κόσμου
1679 5671 1957 5742 ἐξελέξατο
1991 5669 2022 5742 ῤ

437 5733 573 5812 Θερς
591 5772 606 5792 ς
628 5736 738 5813 ,ἵνα
779 5733 1138 5813 τοὺῌςΑσοφοῦς
1167 5733 1539 5813 ξ’καταισχύνῃῖ
1576 5743 1670 5796 καὶ
1710 5733 1779 5795 τά
1814 5733 2023 5813 -ἆσθενῇ

437 5805 534 5856 τοῦ
580 5805 783 5876 κόσμου
829 5805 1126 5875 ἐξελέξατο
1156 5811 1185 5864 ὁ
1215 5811 1346 5875 Θεὸς
1367 5805 1518 5877 ,"i'vo't'
1565 5811 1899 5883 καταισχύνῃ
1954 5805 2020 5862 τᾶ
