4086 6444
486 380 625 439 M75

1970 384 2298 443 ORIGENIS

3608 393 3747 448 1276

484 498 665 552 dicere
711 497 903 567 possit,
948 496 1147 554 Discite
1190 514 1220 553 a
1249 516 1357 567 me,
1391 502 1485 572 qui
1530 499 1708 559 factus
1756 519 1879 560 sum
1924 505 2060 560 sicut

2166 504 2266 557 ούκ
2287 506 2572 580 ἐπιτρέπει
2602 509 2728 574 τοὺς
2764 509 3011 583 μαθητὰς
3054 512 3314 584 ἐπιτιμᾷν
3340 514 3453 577 τοῖς
3504 515 3744 585 προσφέ-

482 602 640 658 puer.
671 589 946 659 quomodo
980 590 1095 645 hrcc
1121 591 1296 646 dicam
1330 611 1343 647 :
1376 612 1395 645 ι
1437 592 1651 650 Talium
1682 606 1766 651 est
1786 595 1932 650 enim
1974 611 2060 651 re-

2169 609 2356 664 ρουσιν
2381 596 2541 650 αὐτά.
2578 598 2688 652 Καὶ
2741 600 2953 663 Παῦλος
2996 599 3054 653 δὲ
3110 600 3188 664 ὼς
3241 602 3604 674 ἐπιστάμενος
3659 605 3740 660 τύο

478 695 649 751 gnum
679 680 965 746 caelorum,
999 699 1017 731 ι
1071 681 1262 736 talium
1296 698 1489 755 nempe
1540 686 1731 756 quales
1766 695 1897 742 sunt
1929 701 2060 757 pue-

2175 709 2193 742 ι
2226 690 2345 743 Τῶν
2371 690 2480 761 γάρ
2499 691 2756 745 τοιούτων
2780 694 2929 748 ἐστὶν
2955 695 2987 765 ή
3013 690 3267 763 βασιλεία
3286 695 3398 750 τῶν
3419 697 3689 768 οὐρανῶν,
3721 718 3743 756 ι

478 770 618 837 ruli,
650 785 884 841 quorum
917 771 1090 841 gratia
1124 773 1398 844 increpari
1439 792 1548 832 non
1597 778 1729 833 sinit
1758 793 1790 832 a
1822 779 2060 850 discipu-

2165 783 2460 852 δυνάμενος
2496 785 2554 836 ἐν
2593 782 2748 854 βάρει
2784 779 2945 851 εἶναι,
2984 785 3061 849 ὡς
3100 785 3339 857 Χριστοῦ
3389 787 3747 859 ’Δπόστολος,

478 861 567 927 lis,
599 862 693 932 qui
734 877 829 919 eos
886 863 1143 920 oderunt.
1180 866 1493 933 Quinetiam
1552 867 1759 925 Paulus
1798 872 1845 905 “
1879 874 2060 930 sciens

2169 876 2385 943 ἐγένετο
2423 876 2617 946 νήπιος
2656 876 2799 946 (20),
2838 877 2934 931 καὶ
2971 877 3354 951 παραπλήσιος
3390 883 3579 954 τροφῷ
3616 884 3748 939 θαλυ

475 975 495 1005 ι
534 954 722 1009 talium
753 970 875 1010 esse
903 972 1129 1027 regnum
1158 958 1441 1025 caelorum,
1479 975 1498 1009 ι
1529 973 1655 1013 cum
1689 968 1875 1029 posset
1901 959 2056 1015 oneri

470 1061 614 1110 esse,
650 1054 711 1101 ut
736 1044 937 1102 Christi
960 1047 1256 1117 apostolus,
1285 1047 1461 1101 factus
1482 1056 1566 1103 est
1593 1063 1747 1118 puer,
1773 1058 1831 1104 et
1852 1048 2054 1103 nutrici

472 1137 683 1202 similis,
712 1136 919 1192 foveuti
948 1137 1119 1191 ﬁlium
1148 1151 1330 1205 suum,
1359 1146 1414 1192 et
1450 1152 1743 1207 puerorum
1773 1152 2055 1194 sermones

472 1228 632 1299 pueri
660 1243 822 1283 causa
846 1228 1109 1298 loquenti.

547 1318 602 1374 8.
634 1318 716 1374 Ad
745 1318 862 1375 haec
898 1334 1028 1390 ergo
1069 1319 1358 1391 diligenter
1407 1318 1792 1374 attendendum
1845 1328 1953 1385 est,
1988 1335 2057 1376 nc

471 1409 755 1478 sapientiai
772 1417 827 1465 ct
853 1410 1191 1466 excellentiae
1217 1410 1493 1481 opinione,
1528 1410 1620 1480 qui
1652 1409 1802 1479 parvi
1845 1418 1974 1465 sunt
2001 1412 2056 1465 in

475 1498 722 1557 Ecclesia
775 1509 832 1557 et
860 1502 1097 1573 pueruli,
1146 1517 1262 1568 eos,
1296 1501 1455 1572 quasi
1509 1502 1683 1557 simus
1713 1502 2054 1571 grandiores,

473 1602 857 1657 aspernemur,
887 1590 981 1645 sed
1008 1590 1202 1646 horum
1238 1590 1530 1645 verborum
1568 1605 1792 1646 sensum
1838 1592 2059 1663 capien-

474 1686 557 1732 tes
582 1679 626 1710 "
659 1695 674 1732 :
712 1696 731 1730 ι
772 1677 985 1737 Talium
1006 1693 1089 1735 est
1121 1682 1266 1736 enim
1287 1696 1514 1751 regnum
1546 1682 1837 1746 caalorum,
1877 1703 1896 1737 ι
1924 1686 2058 1741 tales

475 1769 690 1834 fiamus,
717 1778 777 1825 ut
804 1785 902 1840 per
933 1787 1032 1827 nos
1063 1772 1228 1827 etiam
1257 1773 1409 1842 pueri
1437 1773 1574 1827 salvi
1616 1775 1771 1827 iiant.
1820 1774 1937 1830 Non
1968 1791 2059 1832 so-

2171 966 2347 1040 πούσῃ
2387 967 2447 1021 τὸ
2498 970 2695 1041 ἑαυτῆς
2741 970 2955 1026 παιδίον
2978 1010 2994 1036 ,
3034 972 3129 1025 καὶ
3172 971 3408 1046 λαλούσῃ
3445 974 3638 1044 λόγους
3673 979 3748 1043 ὡς

2172 1060 2382 1115 παιδίον
2418 1062 2505 1117 διὰ
2542 1062 2606 1116 τὸ
2642 1062 2875 1118 παιδίον.

2234 1310 2454 1367 Τούτων
2485 1311 2541 1365 δὲ
2563 1310 2839 1383 ἐπιμελῶς
2887 1309 3204 1374 ἀκουστέον,
3232 1309 3321 1364 ῐνα
3353 1309 3428 1382 μὴ
3476 1311 3743 1382 φαντασίᾳ

2166 1404 2378 1473 σοφίας,
2403 1404 2497 1456 κα)¹
2527 1402 2621 1457 τοῦ
2670 1400 3071 1472 διαϐεϐηκέναι,
3096 1401 3523 1473 καταφρονῶμεν
3541 1402 3616 1466 ὡς
3660 1420 3746 1474 με-

2163 1494 2317 1564 γάλοι
2341 1493 2451 1550 τῶν
2482 1496 2540 1551 ἐν
2572 1496 2641 1567 τῇ
2674 1493 2973 1565 Ἐκκλησία
2996 1491 3208 1564 μικρῶν
3239 1493 3334 1545 καὶ
3365 1491 3589 1546 παιδίων
3611 1491 3744 1563 (21),

2163 1587 2279 1641 ἀλλ’
2320 1587 2521 1651 εἰδότες
2567 1586 2685 1651 πῶς
2733 1585 2951 1658 εἴρηται
2994 1584 3075 1638 τό·
3129 1603 3148 1636 ι
3182 1584 3303 1639 Τῶν
3330 1584 3439 1657 γὰρ
3494 1583 3750 1638 τοιούτων

2165 1678 2313 1732 ἐστὶν
2342 1681 2375 1749 ἡ
2401 1678 2651 1749 βασιλεία
2693 1677 2803 1733 τῶν
2830 1676 3130 1749 οὐρανῶν,»
3168 1675 3401 1730 τοιοῦτοι
3440 1675 3748 1747 γενώμεθα,

2166 1773 2253 1827 ἵνα
2279 1773 2374 1828 καὶ
2402 1773 2468 1827 δι’
2490 1776 2523 1845 ἡ
2533 1774 2650 1845 μῶν
2679 1771 2919 1844 σώζηται
2941 1771 3009 1826 τὰ
3035 1771 3243 1825 παιδία.
3278 1771 3352 1825 Ού
3391 1770 3551 1841 μόνον
3571 1769 3629 1822 δὲ
3651 1770 3753 1823 οὐκ

471 1854 584 1911 lum
617 1866 798 1913 autem
836 1874 900 1913 ea
933 1858 1064 1914 Jesu
1103 1852 1289 1916 oll‘erri
1323 1862 1597 1928 sinentes,
1634 1879 1737 1918 nec
1767 1879 1833 1918 ea
1864 1866 2058 1920 dunta-

2164 1865 2417 1936 ἀφιέντες
2448 1865 2516 1920 τὰ
2553 1865 2747 1920 παιδία
2790 1864 3200 1937 προσφέρεσθαι
3244 1863 3324 1934 τῷ
3390 1861 3586 1933 Ἰησοῦ,
3631 1863 3753 1916 οὐδὲ

468 1956 563 2002 xat
590 1948 720 2005 huic
748 1949 932 2005 oﬂ‘erri
960 1965 1070 2006 non
1101 1952 1480 2022 impedientes,
1503 1953 1599 2008 sed
1622 1953 1724 2023 ipsi
1747 1955 1911 2009 etiam
1934 1971 2059 2011 cum

469 2040 657 2108 pueris
683 2039 858 2097 cﬂ‘ecti
885 2042 1064 2112 pueri,
1095 2043 1364 2099 voluntati
1386 2042 1514 2098 Jesu
1546 2059 1755 2099 morem
1783 2062 2058 2117 geramus,

470 2138 532 2184 ut
559 2131 742 2201 pueris
778 2147 874 2202 per
902 2148 1000 2188 nos
1038 2133 1173 2189 tales
1208 2134 1434 2190 eﬂ‘ectos
1459 2136 1693 2192 salutem
1726 2143 2057 2210 consecutis,

470 2234 599 2275 cum
622 2235 725 2275 nos
750 2221 854 2291 ipsi
889 2221 1348 2293 depresserimns,
1384 2240 1414 2278 a
1443 2224 1553 2280 Deo
1599 2229 1960 2299 extollamnr;
2007 2233 2058 2285 id

468 2312 619 2367 cnim
643 2312 723 2376 ita,
746 2314 920 2384 accipi
953 2323 1132 2383 potest
1156 2316 1201 2347 "
1232 2335 1245 2370 :
1292 2336 1311 2368 ι
1345 2317 1449 2384 Qui
1487 2335 1545 2375 se
1580 2321 1868 2389 humiliat,
1911 2325 2061 2378 exal-

469 2403 678 2458 tabitur
704 2442 720 2469 ,
756 2421 778 2456 ο
808 2396 933 2460 cum
972 2407 1279 2475 praesertim
1333 2425 1499 2480 supra
1545 2413 1814 2483 scriptum
1867 2415 1939 2469 sit
1968 2415 2057 2470 οδε

474 2511 496 2545 ι
533 2492 856 2565 Quicunque
885 2512 1016 2568 ergo
1050 2499 1421 2556 humiliaverit
1470 2519 1550 2569 se,
1597 2504 1740 2560 sicut
1797 2508 2061 2576 parvulus

470 2585 595 2651 iste,
628 2586 721 2642 hic
745 2587 921 2658 major
952 2598 1035 2645 est
1064 2591 1119 2645 in
1148 2608 1315 2663 regno
1362 2595 1649 2651 caelorum.
1684 2616 1704 2650 ι
1740 2599 1917 2669 Atque
1944 2601 2061 2656 haec

467 2676 691 2747 quidem
723 2677 1009 2749 discipulis
1040 2682 1194 2737 utilia
1233 2683 1364 2750 sint,
1398 2700 1494 2741 eos
1525 2686 1932 2758 increpantibus
1961 2691 2058 2761 qui

470 2781 668 2836 pueros
695 2765 825 2822 Jesu
854 2766 1109 2825 oderunt.
1139 2768 1404 2836 Quamvis
1434 2780 1615 2827 autem
1649 2775 1840 2843 pueri,
1872 2786 2061 2846 utpote

467 2857 563 2928 qui
595 2859 748 2928 pueri
779 2860 908 2926 sint,
942 2876 1287 2931 quaecunque
1333 2863 1600 2920 dicuntur
1640 2866 1805 2938 663
1834 2869 2061 2925 minime

469 2951 749 3006 intellectu
782 2953 1044 3022 consequi
1071 2954 1304 3022 possint,
1338 2956 1512 3010 sciant
1553 2957 1629 3012 illi
1663 2957 1848 3013 Jesnm
1877 2961 2060 3029 pueris

469 3041 694 3112 quidem
726 3058 921 3098 manus
953 3043 1305 3116 imposuisse,
1334 3057 1389 3101 at
1423 3064 1549 3103 cum
1596 3050 1949 3120 imposuisset
1979 3054 2060 3110 eis

470 3150 671 3192 manus
705 3137 909 3193 abiisse
943 3139 1086 3202 inde,
1111 3150 1164 3194 et
1184 3155 1282 3208 per
1301 3151 1613 3196 contactum
1647 3142 1826 3199 infusa
1849 3143 1901 3197 in
1930 3159 2061 3214 pue-

470 3244 563 3285 ros
584 3230 804 3295 virtute,
852 3245 881 3283 a
911 3233 1097 3301 pueris
1138 3232 1326 3289 Iesum
1357 3237 1501 3291 haud
1545 3238 1771 3307 perinde
1803 3248 1861 3293 ut
1888 3239 2060 3293 disci-

469 3322 585 3395 puli
623 3322 781 3392 sequi
814 3324 1144 3391 valentibus,
1181 3329 1500 3384 recessisse.
1549 3327 1831 3399 Siquidem
1876 3339 2060 3385 autem

476 3432 498 3468 ι
537 3416 756 3486 eloquia
786 3417 1001 3472 Domini
1033 3438 1053 3472 ι
1079 3429 1208 3474 sunt
1247 3429 1302 3475 et
1328 3422 1667 3491 evangelica,
1700 3431 1755 3477 et
1788 3441 1807 3474 ι
1842 3423 2062 3494 eloquia
2092 3486 2100 3494 ,

467 3514 645 3571 casta,
695 3516 979 3576 argentum
1028 3508 1153 3579 igne
1187 3512 1587 3577 examinatum,
1628 3513 1944 3583 probatum,
2006 3515 2063 3570 in

471 3605 675 3653 terram
707 3598 964 3667 missum,
996 3600 1236 3670 perfecte
1263 3614 1576 3674 purgatum,
1607 3613 1662 3660 et
1690 3606 1889 3674 septies
1919 3607 1964 3638 ⁸⁸
1991 3624 2007 3674 ;
2034 3624 2054 3658 ι

469 3705 542 3746 an
572 3688 756 3761 aliqua
789 3690 1015 3747 subesse
1039 3699 1219 3762 potest
1251 3710 1410 3764 (equa
1440 3695 1604 3759 ratio,
1634 3706 1854 3767 propter
1895 3713 2060 3768 quam

472 3791 795 3852 prasentem
852 3783 1137 3841 historiam
1194 3801 1429 3841 narrans
1479 3786 1792 3856 Mattliaens,
1844 3791 2061 3846 duabus

470 3875 694 3945 quidem
722 3876 789 3931 de
816 3878 999 3933 causis
1030 3878 1248 3934 oblatos
1273 3878 1445 3936 fuisse
1475 3878 1607 3937 Jcsu
1652 3897 1854 3951 pueros
1897 3884 2059 3950 dixit,

2167 1956 2327 2027 μόνον
2357 1956 2430 2027 μὴ
2464 1956 2763 2019 κωλύοντες
2807 1955 2947 2009 αύτά
2974 1952 3384 2026 προσφέρεσθαι
3418 1951 3587 2021 αὐτῷ,
3618 1950 3754 2004 ἀλλά

2164 2047 2259 2101 καὶ
2283 2047 2438 2100 αὐτοὶ
2473 2046 2611 2117 μετά
2658 2045 2767 2099 τῶν
2828 2043 3060 2099 παιδίων
3107 2043 3391 2113 γενόμενοι
3432 2042 3641 2105 παιδία,
3692 2042 3755 2094 τὸ

2164 2137 2415 2209 βούλημα
2441 2137 2534 2191 τοῦ
2555 2138 2807 2210 Σωτῆρος
2833 2137 3173 2208 ποιήσωμεν,
3203 2136 3290 2190 ἵνα
3308 2134 3634 2205 σωζομένων
3657 2133 3755 2187 καὶ

2161 2230 2228 2284 δι’
2257 2231 2409 2301 ἡμᾶς
2427 2229 2703 2292 τοιούτους
2742 2228 3073 2299 γενομένους
3104 2226 3213 2281 τῶν
3265 2227 3520 2290 παιδίων,
3552 2226 3629 2290 ὡς
3653 2243 3755 2281 τα-

2166 2321 2535 2385 πεινώσαντες
2568 2321 2812 2383 ἑαυτοὺς,
2845 2317 2949 2373 ὑπὸ
2982 2318 3074 2372 τοῦ
3126 2316 3262 2371 Θεοῦ
3304 2315 3627 2387 ύψωθῶμενο
3661 2316 3756 2369 καὶ

2159 2414 2397 2469 τοιοῦτον
2424 2416 2532 2484 γάρ
2552 2432 2606 2467 τι
2634 2411 2893 2468 δύνασθαι
2915 2411 3026 2481 (22)
3051 2408 3289 2465 νοεῖσθαι
3314 2410 3394 2472 είς
3416 2407 3496 2461 τό·
3524 2426 3543 2459 ι
3580 2407 3698 2470 Πᾶς
3724 2408 3753 2458 ὁ

2160 2505 2431 2561 ταπεινῶν
2471 2504 2663 2559 ἑαυτὸν
2700 2503 3104 2574 ύψωθήσεται,›
3144 2500 3378 2571 μάλιστα
3398 2500 3523 2553 ἐπεὶ
3546 2499 3605 2553 ὲν
3640 2500 3753 2556 τοῖς

2161 2597 2422 2668 ἀνωτέρω
2454 2596 2764 2668 γέγραπται
2795 2594 2875 2647 τόο
2905 2612 2923 2644 ι
2951 2594 3139 2656 Ὅστις
3156 2586 3249 2646 οὖν
3276 2588 3604 2645 ταπεινώσει
3634 2589 3761 2642 tau-

2160 2690 2273 2752 τὸν,
2314 2689 2390 2751 ὼς
2413 2687 2474 2740 τὸ
2507 2686 2723 2740 παιδίον
2756 2684 2937 2747 τοῦτο,
2974 2678 3127 2745 οῦτός
3153 2684 3303 2736 ἐστιν
3325 2682 3353 2734 6
3379 2680 3580 2752 μείζων
3606 2681 3662 2732 ἐν
3688 2681 3754 2751 τῇ

2163 2781 2412 2854 βασιλείᾳ
2429 2778 2819 2849 τῶν“ούρανῶν.
2834 2795 2853 2829 ι
2878 2776 2988 2830 Καὶ
3008 2774 3183 2830 ταῦτα
3220 2773 3317 2846 μὲν
3343 2774 3482 2827 ἔστω
3503 2772 3753 2844 χρήσιμα

2164 2874 2303 2946 πρὸς
2328 2873 2453 2935 τοὺς
2478 2869 2849 2940 ἐπιτιμῶντας
2886 2866 3134 2939 μαθητὰς
3183 2862 3411 2920 παιδίων
3446 2880 3754 2935 προσφερο-

2166 2966 2343 3040 μένων
2374 2964 2451 3036 τῷ
2492 2963 2667 3036 Ἰησοῦ
2718 2965 2830 3026 τοῖς
2889 2957 3310 3031 προσφέρουσιν.
3372 2958 3535 3010 Ἵστω
3575 2956 3633 3009 δὲ
3683 2957 3753 3010 τά

2163 3058 2373 3124 παιδία,
2400 3055 2502 3111 κᾶν
2534 3056 2609 3128 μὴ
2638 3057 2824 3117 πᾶσιν,
2865 3054 2941 3117 ὡς
2966 3051 3171 3116 παιδία,
3203 3047 3635 3121 παρακολουθεῖν
3664 3045 3754 3100 δύ-

2164 3169 2326 3223 νηται
2370 3154 2485 3215 τοῖς
2516 3149 2853 3219 λεγομένοις,
2893 3147 2974 3199 ὅτι
2997 3145 3233 3215 ἐπέθηκε
3259 3144 3355 3214 μὲν
3382 3143 3494 3206 τοῖς
3522 3140 3757 3205 παιδίοις

2165 3244 2195 3296 6
2234 3240 2442 3313 Ἰησοῦς
2477 3239 2574 3303 τὰς
2601 3240 2811 3310 χεῖρας,
2863 3234 3077 3298 ἐπιθεὶς
3121 3234 3178 3287 δὲ
3210 3232 3480 3304 ἐπορεύθη
3523 3230 3755 3294 ἐκεῖθεν,

2165 3334 2262 3386 καὶ⁹
2309 3331 2537 3403 δύναμιν
2586 3328 2809 3397 ἐναφεὶς
2855 3328 2967 3390 τοῖς
3027 3325 3261 3388 παιδίοις
3306 3324 3395 3378 διὰ
3453 3323 3553 3394 τῆς
3588 3322 3752 3393 ἁφῆς,

2168 3423 2440 3497 ἐπορεύθη
2474 3421 2584 3476 ἀπὸ
2616 3420 2725 3474 τῶν
2782 3419 3034 3481 παιδίων,
3073 3416 3148 3489 μὴ
3168 3416 3506 3487 δυνηθέντων
3552 3414 3754 3487 ὁμοίως

2165 3519 2280 3580 τοῖς
2304 3514 2573 3586 μαθηταῖς
2592 3510 2907 3567 ἀκολουθεῖν
2939 3508 3016 3579 τῷ
3061 3506 3260 3580 Ἰησοῦ.
3313 3508 3485 3579 Εἴπερ
3512 3506 3568 3559 δὲ
3605 3524 3624 3556 t
3662 3504 3755 3558 λό-

2168 3626 2263 3677 για
2282 3607 2490 3680 Κυρίου
2520 3626 2538 3659 ι
2610 3605 2728 3659 ἐστὶ
2762 3605 2857 3657 καὶ
2902 3603 2972 3657 τὰ
3006 3600 3356 3671 εύαγγελικὰ,
3388 3601 3481 3653 καὶ
3535 3616 3554 3649 ι
3595 3598 3755 3667 λόγια

2166 3698 2328 3767 ἁγνὰ,
2362 3717 2380 3749 ι
2406 3696 2504 3749 καὶ
2543 3714 2561 3747 ι
2589 3692 2853 3765 ἀργύριον
2898 3692 3313 3764 πεπυρωμένον,
3343 3688 3608 3760 δοκίμιον,
3647 3690 3757 3742 ἀπ-

2167 3788 2499 3860 εσταλμένον
2524 3789 2592 3858 τῇ
2616 3789 2709 3857 γῇ,
2726 3806 2744 3836 ι
2768 3785 2864 3839 καὶ
2904 3804 2921 3836 ι
2956 3785 3142 3856 ἄκρως
3187 3782 3594 3853 κεκαθαρμένον
3618 3780 3754 3853 (25),

2166 3883 2261 3937 καὶ
2287 3879 2725 3943 ἐπταπλασίως,›
2758 3876 2963 3947 ὀφείλει
2985 3895 3070 3941 τις
3092 3872 3230 3930 εἶναι
3256 3874 3477 3944 εῦλογος
3500 3875 3669 3941 αἰτία,
3686 3876 3757 3929 δι’

472 3980 663 4037 verum
696 3982 818 4036 quae
848 3979 1154 4037 sequuntur
1179 3969 1245 4023 ad
1282 3970 1529 4040 geminas
1558 3972 1679 4028 illas
1714 3989 1913 4030 causas
1954 3975 2060 4029 mi-

2165 3976 2234 4045 ἢν
2268 3972 2616 4044 ἐκτιθέμενος
2646 3970 2716 4025 τὰ
2767 3969 2910 4025 κατά
2938 3970 3028 4023 τὸν
3056 3968 3218 4023 τόπον
3273 3969 3302 4020 6
3332 3967 3635 4034 Ματθαῖος,
3662 3967 3759 4047 δύο

472 4057 623 4115 nime
668 4060 893 4116 retulit?
947 4058 1067 4117 Non
1110 4061 1257 4116 enim
1318 4072 1607 4134 propterea
1656 4066 1837 4121 solum
1896 4069 2060 4123 oblati

2179 4067 2277 4139 μὲν
2312 4061 2433 4119 εἷπε
2465 4063 2533 4118 τά
2567 4062 2884 4135 βουλήματα
2930 4060 3026 4116 τοῦ
3072 4059 3500 4133 προσενηνέχθαι
3531 4060 3611 4132 τῷ
3655 4062 3761 4131 Ἰη-

1684 4179 1917 4238 VETUS
1956 4179 2557 4239 INTERPRETATIO.

475 4271 1050 4344 viderantinOriente,
1090 4272 1430 4344 praecedebat
1467 4288 1586 4339 cos,
1612 4274 1787 4329 donec
1818 4292 2045 4332 vemens
2074 4277 2220 4330 stetit
2244 4278 2333 4332 ubi
2357 4283 2478 4333 erat
2508 4289 2662 4344 puer.
2703 4292 2722 4327 ›
2754 4272 2874 4329 Non
2899 4273 3074 4327 solum
3107 4268 3417 4344 Matthaaus,
3462 4270 3556 4326 sed
3590 4270 3755 4344 e_t_iam

476 4344 594 4413 ipse
618 4345 842 4414 angelus
873 4343 966 4413 qui
997 4339 1243 4413 apparuit
1268 4342 1490 4414 Joseplt,
1522 4345 1684 4399 talem
1706 4353 1759 4399 et
1782 4354 1994 4401 tantum
2028 4345 2368 4402 Salvatorem
2403 4339 2679 4409 nostrum,
2710 4359 2942 4414 puerum
2967 4341 3281 4414 appellavit,
3305 4342 3493 4397 dicens
3524 4359 3588 4414 :_l
3616 4339 3754 4396 Sur-

474 4410 612 4495 getts
658 4410 844 4495 accipe
890 4410 1119 4495 puerum
1156 4422 1213 4495 et
1262 4410 1490 4495 matrem
1521 4416 1661 4495 eius,
1696 4424 1751 4469 et
1796 4417 1933 4472 vade
1983 4417 2039 4472 in
2074 4415 2394 4495 @gyptum.
2430 4436 2449 4468 ι
2484 4410 2792 4495 Ηυιιιίιὶιὶιιε
2823 4429 2953 4495 ergo
2985 4410 3053 4469 se
3078 4410 3256 4467 factus
3304 4420 3388 4495 est
3414 4410 3571 4481 quasi
3598 4426 3749 4480 puer.

474 4482 798 4557 recteglicat
829 4502 844 4539 :
876 4503 894 4536 ι
934 4482 1133 4557 Sinite,
1166 4490 1221 4538 et
1262 4485 1429 4557 nolite
1453 4482 1744 4557 prohibere
1773 4502 1973 4557 pueros
1995 4482 2275 4542 veniré'ad
2315 4502 2402 4542 tne
2434 4502 2448 4539 :
2488 4485 2679 4557 talium
2714 4494 2798 4539 est
2824 4482 2969 4557 enim
3004 4497 3231 4557 regnum
3266 4482 3554 4557 ctelorum.
3593 4499 3612 4533 ι

548 4553 602 4631 _8.
640 4552 767 4631 _Iliec
794 4569 926 4625 ergo
956 4554 1218 4612 debemus
1250 4549 1537 4631 diligenter
1563 4549 2029 4631 attende're_ut‘ne_
2044 4558 2411 4631 aestimatione
2437 4556 2726 4631 sapientia;
2757 4549 3160 4631 excellentior-is
3193 4563 3249 4631 (ξε
3272 4551 3547 4631 profectus
3591 4549 3741 4631 spiri-

472 4624 685 4679 talioris
721 4620 1138 4699 contemnamus
1164 4620 1540 4699 quasijnagni
1573 4627 1802 4699 pusillos
1825 4626 2085 4684 Ecclesiae
2124 4645 2140 4699 ι
2172 4628 2267 4683 sed
2302 4620 2539 4699 scientes
2570 4626 2717 4694 quod
2745 4624 2953 4678 dictum
2994 4631 3118 4678 est:
3155 4642 3183 4699 ι.
3206 4620 3420 4676 Talium
3471 4629 3573 4699 est_
3601 4620 3754 4699 enim

476 4710 705 4765 regnum
739 4695 1026 4770 cmlorttm,
1057 4713 1076 4746 ι
1116 4688 1252 4770 tales
1277 4688 1597 4770 elliciainur',
1640 4698 1887 4770 utetiam
1917 4698 2327 4770 parvuligsensu
2357 4688 2635 4770 salventtir
2658 4709 2889 4770 perhnos
2917 4709 2930 4746 :
2962 4709 3071 4770 non
3104 4694 3282 4748 solum
3314 4707 3421 4770 lion
3458 4688 3754 4770 prohiben-

472 4758 778 4839 ιξξβυθτοε
809 4766 878 4820 ad
922 4762 1109 4839 195""!
1136 4764 1235 4829 ire.
1263 4766 1359 4839 §ed
1385 4766 1548 4839 etiam
1582 4766 1685 4836 ipsi
1727 4782 1852 4822 cum
1885 4758 2071 4838 pueris
2095 4768 2271 4823 eﬂ'ecti
2305 4768 2482 4838 pueri,
2513 4758 2905 4839 in_htimilitate
2936 4764 3272 4839 voluntatem
3325 4758 3549 4839 Domini.
3573 4758 3753 4839 adim-

477 4828 741 4910 pleatnus,
784 4845 845 4890 ut
866 4835 1170 4910 exaltemur
1199 4833 1393 4910 a_Deo.
1426 4834 1575 4910 Scito
1597 4828 1779 4910 autem
1817 4828 2079 4907 quoniam
2112 4840 2267 4910 pueri
2298 4828 2639 4910 huiusmodi,
2669 4834 3082 4910 qttamvis__non
3106 4831 3300 4910 _omnia
3343 4844 3473 4910 quae
3500 4828 3758 4910 dicuntur

473 4896 633 4970 aequi
656 4896 886 4980 possunt
914 4904 1074 4980 quasi
1108 4906 1285 4975 pueri,
1314 4913 1494 4980 tamen
1528 4907 1791 4980 imposuit
1820 4896 1900 4980 eis
1923 4896 2129 4980 manus
2151 4907 2333 4965 Iesus.
2373 4896 2594 4963 Ponens
2617 4896 2831 4980 gentem
2860 4904 3014 4980 abiit;
3023 4903 3176 4980 inde,
3210 4909 3265 4955 et
3307 4896 3560 4980 virtutem
3589 4896 3758 4980 retin:

519 4973 740 5048 nens—ign
777 4973 981 5046 pueris,
1009 4973 1485 5048 per—pactumabiit
1507 4991 1537 5030 a
1560 4973 1766 5046 pueris,
1791 4978 2047 5033 videlicet
2073 4981 2259 5048 pueris
2290 4994 2399 5033 non
2429 4975 2756 5048 potentibus
2784 4975 2937 5044 sequi
2975 4973 3283 5036 Christum,
3324 4973 3547 5048 sicutet
3574 4973 3759 5021 caeteri

474 4990 653 5102 quens
685 4992 740 5030 in
777 4991 981 5046 pueris,
1006 4990 1107 5098 per
1139 4990 1320 5030 actum
1350 4990 1485 5031 annt
1507 4991 1537 5030 a
1560 4992 1766 5046 pueris,
1791 4990 2047 5033 vutettcet
2073 4990 2259 5048 pueris
2290 4994 2399 5033 non
2429 4990 2741 5047 petenunus
2784 4990 2937 5044 sequi
2975 4990 3283 5036 unrtstum,
3324 4990 3469 5022 sicut
3490 4990 3547 5023 et
3574 4990 3759 5021 caewr:

488 5125 495 5127 ξ
522 5046 732 5127 iscipuli
760 5049 880 5116 ejus
906 5061 1002 5127 per
1026 5046 1153 5127 ecti.
1187 5046 1469 5127 Siquidem
1496 5056 1690 5127 autem
1715 5067 1747 5127 ς·
1770 5048 1986 5119 eloquia
2015 5050 2231 5127 Domini
2268 5069 2286 5102 ι
2320 5046 2630 5127 evangelica
2656 5063 2685 5127 ι·
2708 5044 2927 5127 eloquia
2953 5064 2974 5127 )-
3000 5051 3129 5127 sunt
3160 5061 3179 5092 ι
3207 5046 3487 5127 οοεῑιιέξεει
3514 5051 3760 5127 [ξιξερ-

475 5125 595 5171 tnm
619 5106 742 5188 igne
766 5106 1158 5188 examinatum,
1191 5106 1475 5188 argentum
1500 5118 1806 5187 probabile,
1842 5106 2232 5176 transmissum
2264 5106 2492 5183 terrae,"
2508 5124 2573 5188 e_t_
2601 5114 2757 5188 valde
2807 5106 3155 5177 fnundatum,
3189 5117 3254 5188 _et
3284 5108 3486 5188 septies
3518 5106 3756 5188 munda-

476 5197 595 5243 tum
625 5176 703 5254 ;”›
742 5188 862 5244 sine
883 5186 1051 5242 dubio
1075 5176 1233 5244 debet
1256 5176 1377 5243 Esse
1424 5176 1609 5259 aliqua
1640 5176 1835 5245 idonea
1868 5205 2039 5246 causa
2065 5199 2289 5262 propter
2314 5176 2480 5260 quam
2527 5185 2815 5240 Mattheus
2852 5176 3148 5255 exponens
3188 5176 3589 5248 httnc’locum,
3616 5176 3757 5231 duas

550 5353 594 5387 “
627 5353 648 5408 Ι
680 5352 876 5410 Thess.
905 5368 968 5421 ιι,
995 5352 1049 5407 7.
1125 5356 1173 5388 ⁹¹
1203 5353 1394 5410 Matth.
1427 5371 1545 5425 tux,
1580 5355 1668 5414 14.
1738 5356 1785 5390 ’⁸
1809 5356 1944 5415 Luc.
1973 5373 2060 5413 τιν

2164 5358 2205 5412 Ι.
2283 5355 2330 5391 ⁸⁸
2357 5353 2550 5409 Matth.
2588 5368 2746 5419 xvrn,
2782 5350 2836 5405 4.
2911 5347 2958 5381 ⁸⁸
2992 5343 3140 5400 Psal.
3171 5360 3249 5410 ιι,
3278 5344 3336 5401 7.

554 5499 666 5572 (20)
707 5500 971 5626 Ἐἷένετο
1003 5498 1239 5587 νήπιος.
1271 5500 1509 5558 l'l‘bess.
1544 5517 1618 5569 tt,
1645 5501 1677 5554 7
1710 5520 1728 5584 ε
1768 5501 1907 5556 Ἀλλ’
1938 5502 2060 5570 ἐγε-

554 5571 723 5626 θηιιεν
798 5589 930 5626 πιοι.
974 5570 1053 5626 Ita
1092 5574 1287 5626 Svrus.
1318 5580 1373 5626 et
1403 5573 1620 5626 Arabs:
1660 5572 1843 5626 aliqua
1876 5581 2059 5625 tamen

2240 5500 2352 5626 (21)
2382 5498 2624 5569 Μικρῶν
2650 5495 2749 5551 καί
2768 5493 3050 5549 παιδίων.
3084 5489 3144 5545 In
3176 5489 3367 5546 codice
3408 5484 3581 5557 Regio
3609 5481 3762 5541 deest

2169 5591 2243 5626 κα
2271 5613 2285 5626 .

478 5570 723 5643 νήθημεν
758 5570 930 5643 ἤπιοι.
974 5570 1053 5643 Ita
1092 5571 1287 5643 Syrus,
1318 5580 1373 5643 et
1403 5573 1578 5627 Arabs
1606 5591 1620 5625 :
1660 5572 1843 5641 aliqua
1876 5581 2059 5625 tamen
2169 5570 2285 5627 καί.

480 5635 815 5713 οἱοιῇρὶονὶἒι
861 5635 1504 5713 οιιιίὶιθιιϊὲγενήθημεν
1536 5635 2060 5713 νήπιοι,’ρει’ροιοειιιι

2243 5642 2354 5711 (22)
2384 5637 2878 5713 Δύνασραιηιρεεᾳ
2900 5635 3156 5713 δύναται.

481 5696 760 5778 duplicato
792 5696 840 5767 ν.
871 5696 965 5768 Sic
1003 5696 1491 5785 legunt'IEihiops
1543 5696 1814 5783 interpres
1858 5696 1911 5769 et
1944 5712 2060 5767 vul-

487 5788 666 5835 zatus.
701 5781 970 5835 llusnus.

2244 5696 2357 5786 (25)
2380 5712 2561 5767 Codex
2596 5696 3098 5778 Βοςίιιεξάκριὸῶς
3130 5696 3620 5772 κεκαθαρισμένον.

487 5788 666 5849 gntus.
701 5788 970 5849 llusrtus,
