4086 6472
398 404 530 460 1277

1354 392 1708 450 COMMENT.
1746 392 1814 449 lN
1844 390 2266 455 MATTHEUM
2301 396 2540 458 TOMUS
2566 396 2684 455 XV.

3522 399 3666 455 1278

395 522 488 576 σοῦ
512 520 580 575 τὰ
617 514 823 584 παιδία,
848 513 1033 570 οὐκέτι
1056 512 1115 569 δὲ
1137 512 1272 585 πρὸς
1298 512 1366 567 τὰ
1399 512 1492 569 δύο
1522 515 1590 568 τὰ
1628 514 1757 586 ἑξῆς
1784 514 1971 586 ἐπιφέ-

2079 526 2207 572 sunt
2230 519 2405 589 pueri,
2459 528 2520 573 ut
2545 533 2743 574 manus
2794 517 2929 587 ipsis
2983 514 3143 575 lescs
3195 517 3520 589 imponeret,
3570 520 3664 574 sed

398 630 510 688 pst;
541 608 958 686 Προσενηνέχθη
1008 607 1106 680 μὲν
1153 608 1263 680 γὰρ
1295 607 1364 662 τὰ
1414 610 1603 665 παιδία
1635 610 1768 681 (24),
1797 611 1980 665 οὐκέτι

395 708 482 761 ἵνα
510 708 671 778 μόνον
697 704 797 769 τὰς
845 705 1033 775 χεῖρας
1086 701 1269 766 αὐτοῖς
1301 701 1466 774 ἐπιθῇ
1514 705 1544 756 ὁ
1589 703 1817 776 Ἰησοῦς,
1845 704 1982 759 ἀλλὰ

395 800 534 873 πρὸς
559 797 733 867 τούτῳ
761 796 847 849 ἵνα
872 796 965 848 καὶ
989 791 1376 866 προσεύξηται.
1540 794 1551 800 ’

466 892 780 963 Γέγραπται
816 887 893 952 δὲ,
926 887 1032 951 ὅτι,
1072 906 1092 938 ί
1133 887 1230 940 καὶ
1264 886 1477 952 ἐπιθεὶς
1520 887 1616 953 τὰς
1654 891 1843 961 χεῖρας
1880 891 1979 944 αὑ.

396 986 531 1049 τοῖς,
566 980 840 1052 ἐπορεύθη
871 976 1099 1031 ἐκεῖθεν·
1146 996 1165 1030 ι
1204 976 1265 1030 ού
1313 976 1422 1048 γὰρ
1456 978 1787 1050 προσέθηκε,
1823 998 1843 1031 ι
1884 980 1979 1033 καὶ

396 1073 831 1147 προσευξάμενος
855 1088 870 1102 ·
906 1089 925 1122 ι
952 1069 1183 1140 ἠδύνατο
1202 1069 1311 1142 γὰρ
1334 1068 1602 1140 λελέχθαι’
1634 1072 1745 1124 Καὶ
1769 1070 1979 1136 ἐπιθεὶς

393 1166 494 1230 τὰς
556 1167 743 1238 χεῖρας
799 1163 895 1218 καὶ
946 1161 1390 1235 προσευξάμενος
1435 1162 1638 1227 αὐτοῖς,
1705 1163 1977 1236 ἐπορεύθη

393 1256 622 1313 ἐκεῖθεν.
660 1257 806 1330 Ὅρα
843 1249 939 1327 οὖν
973 1257 1021 1309 εἰ
1049 1253 1274 1309 δύνασαι
1311 1252 1521 1327 μείζοσι
1558 1255 1657 1326 μὲν
1689 1254 1799 1307 τῶν
1846 1273 1975 1309 παι-

388 1348 517 1402 δίων
547 1350 736 1420 τηρεῖν
780 1348 881 1419 τὴν
913 1347 1223 1419 προσευχὴν
1268 1346 1362 1400 τοῦ
1419 1347 1617 1418 Ἰησοῦ,
1656 1347 1977 1419 δυναμένοις

389 1441 636 1513 χωρῆσαι
664 1440 760 1494 καὶ
787 1439 887 1511 τὴν
920 1438 1163 1493 ἐπίθεσιν
1190 1436 1300 1492 τῶν
1342 1437 1545 1511 χειρῶν
1573 1437 1738 1493 αὐτοῦ
1767 1440 1854 1491 ἐπ’
1880 1438 1977 1492 αὑ-

388 1533 537 1597 τοὺς,
567 1533 662 1586 καὶ
692 1531 790 1604 τὴν
823 1531 951 1604 περὶ
989 1529 1166 1585 αὐτῶν
1199 1529 1336 1603 πρὸς
1372 1530 1466 1584 τὸν
1510 1530 1733 1603 Πατέρα
1781 1532 1970 1603 εὐχήν⁸

387 1625 504 1688 τοῖς
533 1623 590 1678 δὲ
622 1624 855 1688 παιδίοις
883 1624 1074 1695 ἀρκεῖν
1108 1621 1290 1690 λέγειν
1322 1621 1421 1692 τὴν
1448 1620 1694 1675 ἐπίθεσιν
1725 1620 1833 1676 τῶν
1865 1639 1975 1693 χει-

390 1714 502 1786 ρῶν
528 1714 715 1770 αύτοῦ.
750 1717 844 1780 Εἰς
876 1715 932 1768 δὲ
963 1714 1031 1768 τὰ
1064 1712 1433 1784 ἀποδεδομένα
1475 1711 1604 1785 περὶ
1637 1712 1729 1767 τοῦ
1750 1730 1764 1745 ο
1794 1731 1813 1765 ι
1852 1712 1973 1768 Τῶν

384 1805 497 1880 γὰρ
536 1807 792 1862 τοιούτων
817 1805 1021 1877 ἐστὶνὴ
1053 1805 1299 1877 βασιλεία
1339 1805 1449 1859 τῶν
1478 1805 1745 1879 οὐρανῶν,
1776 1824 1795 1857 ι
1834 1822 1972 1879 προ-
2004 1851 2049 1910 Β

384 1896 700 1969 τρεπόμενα
736 1896 830 1949 καὶ
858 1895 950 1949 τὸν
991 1895 1299 1966 σοφώτατον
1340 1896 1414 1968 μὴ
1447 1897 1817 1970 ύπερηφανείν
1846 1898 1973 1962 τοὺς

387 1987 450 2041 ἓν
496 1989 562 2059 τῇ
619 1987 918 2060 Ἐκκλησία⁴
966 1988 1216 2061 μικροὺς,
1271 1988 1407 2060 μηδὲ
1449 1991 1809 2062 καταφρονεῖν
1863 1991 1973 2045 τῶν

394 2078 628 2133 παιδίων
667 2079 764 2133 καὶ
794 2078 1005 2151 νηπίων
1040 2081 1098 2134 ὲν
1128 2078 1371 2151 Χριστῷ,
1418 2080 1686 2150 χρήσιμον
1724 2079 1974 2151 παραλα-

388 2170 504 2225 ϐεῖν
531 2169 641 2225 ἀπὸ
669 2168 763 2225 τοῦ
802 2170 945 2225 κατὰ
975 2171 1191 2224 Λουκᾶν
1230 2169 1323 2223 τό·
1366 2188 1385 2222 ι
1437 2170 1612 2241 Ἀμὴν
1649 2170 1793 2239 λέγω
1820 2172 1968 2242 ὑμῖν,

387 2261 447 2326 ὃς
475 2261 570 2317 ἐὰν
617 2262 690 2334 μὴ
721 2262 939 2334 δέξηται
970 2260 1073 2334 τὴν
1116 2259 1395 2331 βασιλείαν
1423 2261 1517 2315 τοῦ
1551 2260 1687 2315 Θεοῦ
1713 2261 1790 2326 ὡς
1843 2280 1971 2316 παι-

385 2351 519 2416 δίον,
548 2369 568 2405 )
592 2352 622 2404 ὁ
642 2351 703 2405 ού
726 2352 936 2406 παιδίον
972 2352 1071 2423 μὲν
1097 2352 1195 2420 ὢν,
1224 2351 1361 2406 ἀλλὰ
1388 2350 1528 2424 ἀνὴρ
1553 2351 1621 2405 τὰ
1645 2352 1739 2406 τοῦ
1770 2354 1967 2426 νηπίου

384 2440 759 2514 καταργήσας,
793 2441 1077 2512 γινόμενος
1107 2442 1164 2495 δὲ
1195 2442 1310 2505 τοῖς
1343 2441 1579 2505 παιδίοις
1606 2441 1842 2508 παιδίον,
1872 2443 1970 2496 καὶ

384 2531 557 2603 λέγων
580 2533 763 2599 αὐτοῖς
781 2548 796 2566 ο
826 2552 846 2586 ι
876 2533 990 2587 Οὐκ
1009 2532 1285 2606 ἠδυνήθην
1305 2533 1434 2603 ὑμῖν
1459 2532 1690 2603 λαλῆσαι
1712 2532 1788 2597 ὡς
1815 2551 1971 2588 πνευ-

388 2628 658 2696 ματικοῖς,
687 2624 800 2679 ἀλλ’
832 2624 908 2689 ὡς
940 2622 1238 2696 σαρκίνοις,
1274 2624 1351 2689 ὡς
1379 2624 1597 2695 νηπίοις
1630 2624 1688 2677 ὲν
1719 2624 1965 2697 Χριστῷ,

386 2717 529 2787 γάλα
565 2718 709 2789 ὑμᾶς
740 2717 989 2783 ἐπότισα,
1013 2717 1075 2771 ού
1120 2716 1338 2791 βρῶμα.
1370 2736 1389 2770 ι
1429 2717 1562 2790 ’Ὀλη
1594 2716 1726 2788 γοῦν
1756 2721 1789 2791 ή
1832 2719 1970 2791 σύμ-

386 2826 588 2882 φρασις
613 2808 723 2882 (25)
746 2808 838 2864 τοῦ
864 2808 1007 2864 κατὰ
1026 2811 1243 2864 Λουκᾶν
1273 2809 1496 2883 τοιαύτη
1527 2810 1695 2865 ἐστίν·
1732 2831 1751 2864 ι
1785 2813 1966 2884 Προσ-

385 2900 581 2974 ἐφερον
623 2899 682 2956 δὲ
713 2900 862 2972 αύτῷ
906 2900 1002 2955 καὶ
1035 2900 1208 2974 βρέφη
1231 2942 1246 2967 ,
1281 2901 1371 2957 ἵνα
1412 2901 1590 2958 αὐτῶν
1624 2902 1902 2974 ἅπτηται,
1941 2923 1960 2956 ι

383 2993 479 3047 καὶ
508 2993 578 3048 τὰ
600 2992 747 3064 ἑξῆς,
776 2993 880 3057 ἕως
902 2991 1019 3046 τοῦ·
1054 3012 1072 3045 ι
1110 2995 1205 3058 “Oc;
1226 2993 1321 3047 ἐὰν
1350 2992 1425 3066 μὴ
1446 2994 1664 3066 δέξηται
1683 2995 1783 3066 τὴν
1807 2994 1963 3066 βασι-

380 3083 531 3138 λείαν
560 3083 653 3138 τοῦ
676 3084 810 3138 Θεοῦ
833 3083 908 3148 ὡς
936 3085 1240 3148 παιδίον,οὐ
1268 3084 1344 3157 μὴ
1364 3085 1579 3158 εἰσέλθῃ
1601 3088 1680 3150 εἰς
1708 3088 1899 3159 αὑτήν.
1938 3107 1958 3140 ι

380 3174 572 3245 Σχεδὸν
602 3174 661 3228 δὲ
691 3177 814 3238 ταῖς
843 3176 1034 3239 αὑταῖς
1064 3175 1242 3243 λέξεσι
1274 3177 1368 3230 καὶ
1407 3178 1437 3231 ὁ
1467 3177 1695 3251 Μάρκος
1730 3179 1964 3251 μάλιστα
1989 3210 2033 3269 C

378 3266 449 3321 τὰ
473 3266 753 3321 τελευταῖα
781 3266 1043 3332 ὡσαύτως
1068 3267 1304 3333 ἐξέθετο.

380 3379 519 3455 Περὶ
545 3380 660 3455 τοῦ
681 3379 1180 3455 ἐπερωτήσαντος
1204 3382 1510 3455 πλουσίου
1542 3385 1651 3440 τὸν
1692 3388 1958 3455 Ἰησοῦν,

404 3452 501 3507 καὶ
525 3452 820 3519 εἰπόντος’
851 3469 872 3504 ‹
931 3451 1269 3507 Διδάσκαλε
1299 3452 1500 3523 ἀγαθὲ,
1540 3474 1560 3507 ι
1590 3456 1687 3510 καὶ
1710 3451 1780 3510 τᾶ
1806 3451 1953 3531 ἑξῆς.

454 3532 610 3600 «Καὶ
650 3544 759 3599 ἰδοὺ
800 3538 884 3609 εἷς
918 3543 1235 3617 προσελθὼν
1261 3539 1413 3599 εἶπεν
1442 3546 1610 3619 αὐτῷ·
1642 3548 1959 3615 Διδάσκαλε,

377 3634 431 3690 τί
454 3636 656 3707 ἀγαθὸν
675 3637 884 3707 ποιήσω
900 3636 989 3690 ἵνα
1015 3637 1128 3708 σχῶ
1143 3636 1288 3708 ζωὴν
1312 3637 1531 3692 αἰώνιον
1557 3636 1692 3710 (26);
1734 3659 1753 3692 ι
1780 3642 1875 3695 καὶ
1892 3641 1963 3696 τὰ

377 3727 526 3802 ἑξῆς,
568 3729 674 3794 ἓως
707 3727 800 3783 τοῦ
824 3745 839 3760 ο
883 3746 903 3780 ι
943 3728 1138 3782 Πολλοὶ⁹
1167 3729 1225 3782 δὲ
1252 3729 1463 3783 ἔσονται
1486 3729 1692 3801 πρῶτοι
1720 3731 1958 3802 ἔσχατοι,

338 3819 471 3876 ,καὶ
512 3819 729 3891 ἔσχατοι
790 3819 1017 3891 πρῶτοι.
1061 3839 1081 3872 ι
1138 3820 1226 3872 Ἐν
1277 3821 1375 3890 μὲν
1429 3820 1699 3890 Ψαλμοῖς
1749 3823 1958 3896 γέγρα-

373 3927 527 3978 πται,
571 3910 649 3974 ὡς
692 3908 990 3981 δυναμένου
1019 3908 1114 3963 τοῦ
1167 3909 1456 3981 ἀνθρώπου
1504 3912 1680 3963 ποιεῖν
1722 3912 1948 3980 ἀγαθὸν,

372 4002 479 4067 ὅτι,
510 4020 531 4054 ι
578 4001 637 4055 '0
693 3999 862 4054 θέλων
910 3999 1076 4073 ζωὴν,
1127 4001 1358 4072 ἀγαπῶν
1391 4002 1607 4074 ἡμέρας
1646 4003 1772 4057 ἰδεῖν
1811 4007 1952 4074 ἀγα-

2084 616 2346 678 prmterea
2373 608 2536 664 ctiam
2567 617 2626 662 ut
2653 623 2752 678 pro
2776 606 2883 662 illis
2908 617 3112 661 oraret.

2153 889 2207 944 9.
2243 890 2311 944 At
2338 890 2597 960 scriptum
2627 898 2711 946 est
2737 891 2804 956 ",
2844 909 2864 942 ι
2897 891 3030 946 Cum
3059 890 3412 960 imposuisset
3438 890 3518 947 eis
3543 906 3655 946 ma-

2081 995 2220 1046 nus,
2247 982 2446 1037 abiisse
2472 982 2650 1046 inde,»
2692 997 2791 1036 nec
2807 982 2950 1036 enim
2982 982 3208 1049 addidit,
3245 1001 3263 1033 α
3293 991 3485 1038 etcum
3507 998 3662 1039 oras-

2081 1079 2235 1137 εει;›
2277 1082 2487 1142 poterat
2520 1074 2666 1128 enim
2690 1073 2871 1128 dicere
2908 1092 2921 1128 :
2961 1072 3027 1126 Et
3055 1089 3178 1127 cum
3206 1072 3555 1143 imposuisset
3581 1075 3661 1130 cis

2078 1175 2297 1230 manus,
2331 1174 2386 1218 et
2412 1171 2644 1230 orasset,
2671 1164 2804 1218 abiit
2839 1164 2981 1218 inde.
3015 1163 3150 1218 Vide
3175 1179 3304 1235 ergo
3338 1180 3466 1218 num
3499 1180 3664 1235 gran-

2079 1250 2323 1308 dioribus
2344 1255 2548 1323 pueris,
2573 1255 2673 1325 qui
2696 1264 2749 1310 et
2774 1271 3035 1309 manuum
3070 1255 3242 1325 ipsius
3275 1256 3659 1325 impositionis,

2078 1350 2131 1396 et
2155 1356 2375 1410 precum
2405 1359 2503 1413 pro
2539 1361 2597 1401 se
2637 1345 2705 1400 ad
2736 1344 2952 1400 Patrem
2987 1345 3232 1401 fusarum
3276 1362 3503 1416 capaces
3531 1348 3660 1414 sint,

2078 1430 2381 1486 orationem
2424 1431 2551 1488 Jesu
2584 1449 2906 1501 reservare;
2959 1437 3206 1506 puerulis
3245 1452 3375 1492 vero
3419 1436 3663 1492 sufﬁcere

2076 1538 2339 1578 manuum
2387 1525 2561 1595 ipsius
2610 1526 3013 1596 impositionem
3068 1528 3252 1585 dicere
3301 1544 3490 1599 queas.
3540 1526 3662 1583 Jam

2076 1628 2205 1669 vero
2236 1615 2378 1685 quod
2404 1615 2473 1670 ad
2505 1630 2566 1670 ea
2591 1617 2824 1685 pertinet
2852 1619 2897 1651 ⁹⁷
2932 1637 2945 1672 :
2985 1636 3005 1669 ι
3045 1617 3261 1674 Talium
3290 1629 3375 1675 est
3402 1620 3547 1674 enim
3579 1635 3665 1676 re-

2075 1720 2242 1776 gnum
2285 1707 2547 1762 cmlorum
2571 1750 2586 1775 ,
2638 1726 2657 1759 ι
2693 1723 2815 1778 qnze
2841 1709 2926 1764 vel
2968 1709 3434 1779 sapientissimum
3467 1713 3665 1767 adhor-

2076 1805 2282 1866 tantur,
2308 1808 2367 1854 ut
2397 1801 2489 1870 qui
2524 1799 2578 1854 in
2609 1799 2851 1856 Ecclesia
2879 1802 3030 1870 parvi
3064 1810 3193 1857 sunt
3226 1803 3451 1857 minime
3480 1804 3665 1873 despi-

2075 1888 2204 1956 ciat,
2240 1903 2340 1944 nec
2372 1889 2631 1959 puerulos
2656 1898 2711 1945 et
2740 1890 2792 1944 in
2819 1889 3039 1946 Christo
3064 1890 3299 1946 infantes
3327 1900 3661 1961 contemnat,

2079 1980 2210 2035 utile
2251 1979 2419 2035 fuerit
2467 1982 2520 2036 id
2565 1997 2632 2036 ex
2686 1981 2980 2055 Evangelio
3028 1984 3188 2039 Luem
3242 1983 3659 2052 depromere":

2082 2071 2291 2125 «Amen
2315 2071 2438 2127 dico
2466 2071 2642 2137 vobis,
2662 2074 2976 2144 quicunque
3007 2089 3113 2129 non
3145 2073 3415 2144 acceperit
3432 2088 3659 2144 regnum

2074 2161 2193 2229 Dei,
2215 2163 2359 2218 sicut
2389 2178 2544 2233 puer,
2589 2183 2608 2216 ι
2646 2166 2740 2235 qui
2775 2180 2911 2235 puer
2939 2166 3157 2236 quidem
3190 2182 3296 2221 non
3326 2176 3429 2233 est,
3453 2167 3546 2222 sed
3577 2171 3662 2222 vir

2075 2256 2169 2327 qui
2198 2256 2426 2326 puerilia
2459 2257 2716 2325 abolevit,
2737 2274 2871 2327 puer
2896 2260 3081 2328 pueris
3102 2258 3360 2327 factus",
3379 2268 3433 2315 et
3451 2260 3559 2316 illis
3575 2260 3662 2315 di-

2075 2362 2206 2404 cens
2236 2347 2254 2380 ί
2279 2367 2293 2403 :
2329 2366 2350 2401 ‹
2378 2347 2497 2405 Non
2522 2351 2675 2419 potui
2704 2351 2859 2405 vobis
2886 2350 3035 2421 loqui
3066 2352 3223 2422 quasi
3257 2352 3657 2422 spiritualibus,

2076 2437 2172 2492 sed
2205 2438 2366 2508 quasi
2393 2439 2739 2508 carnalibus,
2772 2449 3030 2510 tanquam
3062 2443 3305 2511 parvulis
3331 2442 3384 2496 in
3415 2441 3656 2509 Christo,

2074 2528 2160 2583 lac
2184 2529 2338 2585 vobis
2369 2537 2555 2599 potum
2586 2529 2731 2596 dedi,
2777 2546 2884 2586 non
2912 2546 3118 2588 escam.
3159 2551 3179 2584 ι
3218 2531 3387 2588 Totus
3408 2548 3539 2603 ergo
3569 2533 3661 2588 ille

2072 2620 2228 2676 locus
2277 2621 2363 2677 his
2406 2621 2550 2692 apud
2588 2620 2794 2676 Lucam
2841 2624 3153 2679 continetur
3184 2626 3204 2655 ⁸
3237 2643 3251 2680 :
3290 2644 3311 2677 ‹
3351 2625 3662 2680 Aﬂ'erebant

2074 2720 2255 2767 autem
2288 2711 2356 2766 ad
2384 2704 2538 2767 illum
2559 2720 2614 2767 et
2639 2710 2897 2779 infantes,
2922 2721 2984 2767 ut
3014 2729 3107 2771 eos
3136 2724 3399 2786 tangeret,
3444 2736 3462 2770 ι
3495 2717 3662 2790 664.

2071 2811 2127 2859 ει
2152 2810 2369 2871 caetera,
2407 2818 2583 2873 usque
2610 2804 2676 2860 ad
2718 2804 2771 2860 id
2799 2804 2820 2836 ³
2848 2819 2865 2859 :
2901 2824 2920 2857 ‹
2954 2804 3275 2876 Quicunque
3307 2823 3410 2862 non
3435 2822 3661 2877 accepe-

2070 2894 2143 2949 rit
2171 2908 2397 2963 regnum
2428 2891 2525 2948 Dei
2562 2893 2705 2948 sicut
2733 2908 2887 2964 puer,
2925 2908 3032 2949 non
3083 2894 3307 2950 intrabit
3348 2894 3403 2950 in
3438 2894 3591 2949 illud.
3629 2912 3652 2948 ι

2069 2984 2131 3038 In
2172 2983 2367 3038 iisdem
2400 2989 2583 3038 autem
2627 2984 3022 3054 propemodum
3057 2985 3260 3051 verbis,
3293 2995 3347 3040 et
3388 2986 3653 3055 posterio-

2069 3089 2185 3132 rem
2212 3075 2557 3147 potissimum
2589 3085 2796 3148 partem
2831 3076 3049 3135 Marcus
3078 3079 3347 3149 exposuit.

2212 3390 2291 3445 De
2326 3390 2501 3463 divite
2513 3391 2606 3462 qui
2632 3391 2974 3463 interrogavit
3003 3390 3208 3458 Iesum,
3244 3400 3294 3446 et
3322 3388 3456 3445 dixit
3486 3399 3506 3438 :

2392 3480 2411 3513 ι
2448 3461 2706 3530 Magister
2731 3461 2893 3530 bone,
2933 3482 2952 3516 ι
2990 3472 3045 3518 et
3071 3472 3294 3519 caetera.

2136 3551 2224 3606 10.
2276 3570 2297 3604 ι
2347 3549 2414 3607 Ει
2449 3567 2577 3608 ecce
2624 3562 2768 3609 unus
2816 3552 3078 3608 accedens
3123 3551 3199 3606 ait
3231 3551 3308 3605 illi
3348 3551 3653 3624 :Magister

2059 3643 2222 3711 bone,
2269 3643 2402 3715 quid
2444 3643 2573 3697 boni
2628 3641 2849 3709 faciam,
2898 3652 2960 3696 ut
3001 3641 3230 3696 habeam
3275 3642 3465 3695 vitam
3491 3651 3649 3697 aiter-

2058 3749 2186 3789 nam
2216 3733 2276 3788 ‘1'
2320 3752 2342 3787 ι
2375 3742 2429 3789 et
2468 3735 2676 3802 reliqua
2709 3733 2774 3788 ad
2812 3732 2864 3786 id
2898 3747 3074 3802 usque
3107 3732 3129 3763 ⁸
3172 3751 3186 3786 :
3220 3750 3239 3782 ι
3277 3730 3431 3785 Multi
3465 3740 3646 3787 autem

2057 3831 2219 3878 erunt
2261 3823 2461 3893 primi,
2518 3823 2842 3888 novissimi;
2901 3830 2958 3877 et
2994 3821 3318 3887 novissimi,
3380 3824 3563 3892 primi.
3622 3842 3643 3875 ι

2060 3912 2332 3984 Scriptum
2387 3921 2564 3968 exstat
2616 3915 2671 3968 in
2709 3913 2946 3970 Psalmis
2974 3953 2989 3978 ,
3040 3930 3107 3970 ac
3142 3915 3189 3970 si
3231 3915 3394 3969 homo
3441 3917 3645 3970 bonum

2059 4003 2237 4059 facere
2275 4004 2448 4073 possit
2485 4023 2500 4059 :
2540 4023 2558 4056 ι
2595 4002 2699 4070 Qui
2727 4005 2843 4059 vult
2879 4006 3069 4069 vitam,
3102 4015 3156 4062 et
3196 4006 3372 4077 diligit
3415 4006 3532 4062 dies
3564 4008 3645 4062 vi-

1575 4111 1808 4169 VETUS
1845 4114 2430 4172 INTERPRETATIO.
2468 4196 2475 4200 _

368 4230 816 4311 qutidem_causas
839 4233 1077 4311 ostendit
1103 4233 1361 4311 oderendi
1396 4248 1619 4311 pueros,
1656 4250 1761 4291 non
1792 4244 2000 4311 autem
2024 4239 2091 4293 ad
2141 4238 2279 4293 duas
2336 4238 2701 4308 praecedentes
2745 4254 2942 4295 causas
2990 4238 3177 4295 intulit
3222 4255 3344 4311 quae
3378 4255 3624 4311 sequun-

369 4309 477 4379 tur.
510 4300 688 4379 leati
719 4313 848 4358 sunt
870 4303 1014 4357 enim
1047 4306 1198 4373 pueri
1232 4320 1336 4379 non
1368 4300 1543 4360 solum
1572 4314 1630 4379 ut
1659 4321 1854 4379 manus
1876 4308 1958 4364 eis
1989 4309 2259 4379 imponat,
2291 4300 2384 4365 sétl
2414 4311 2578 4363 etiam
2615 4319 2672 4362 ut
2699 4321 2837 4364 oret.

440 4372 513 4447 9._
528 4371 802 4447 Scriptum
833 4381 918 4428 est
942 4371 1121 4447 autem
1158 4382 1280 4443 post
1314 4375 1437 4447 hoc.
1460 4376 1718 4444 quoniam
1750 4395 1771 4427 ‹
1807 4371 2094 4446 imponens
2121 4380 2200 4434 eis
2232 4371 2428 4434 manus
2461 4381 2593 4434 abiit
2619 4380 2762 4445 inde,
2796 4400 2814 4430 ι
2843 4389 2895 4433 ει
2918 4396 3025 4436 non
3056 4379 3227 4444 addit,
3264 4398 3283 4432 σ
3310 4388 3365 4435 et
3388 4395 3581 4447 orans;
3615 4401 3636 4436 ι

365 4441 541 4520 potuit
566 4443 710 4496 enim
732 4442 912 4498 dicere
946 4461 961 4496 :
996 4443 1062 4497 Et
1084 4441 1370 4520 imponens
1392 4441 1695 4520 eis—manus
1724 4455 1779 4520 et
1811 4441 1977 4503 orans
2004 4450 2138 4503 abiit
2169 4450 2311 4503 inde.
2342 4449 2406 4504 Et
2434 4450 2555 4505 vide
2581 4450 2627 4505 si
2662 4441 2815 4519 potes
2843 4451 3024 4505 dicere
3050 4441 3306 4519 quoniam
3340 4441 3643 4520 majoribus

367 4511 587 4591 quidem
613 4511 1180 4591 puerorumservatur
1209 4514 1636 4591 oratio_Christi,
1660 4516 1752 4585 qui
1788 4527 2021 4591 possunt
2042 4535 2236 4591 capere
2260 4535 2369 4573 non
2398 4522 2579 4591 solum
2603 4511 3002 4591 impositionem
3044 4511 3304 4574 manuum
3332 4511 3452 4590 ejus
3475 4536 3643 4591 super

365 4594 446 4661 se,
476 4581 568 4636 sed
602 4582 764 4636 etiam
795 4583 1094 4661 orationem
1121 4583 1241 4653 ejus
1272 4583 1582 4661 ad_Patrem
1620 4581 1718 4655 pro
1872 4581 2178 4645 minoribus
2217 4601 2397 4644 autem
2433 4590 2617 4659 pueris
2651 4581 2850 4646 sufﬁcit
2890 4592 3167 4661 impositio
3198 4581 3460 4661 manu'um
3494 4581 3639 4660 ejus.

364 4648 563 4731 Diceris
594 4662 774 4731 autem
804 4670 819 4706 :
855 4672 873 4702 ι
915 4652 1126 4707 Talium
1149 4648 1247 4731 :est
1271 4654 1416 4731 enim
1453 4648 1678 4731 regnum
1709 4648 1999 4731 ctelorum,
2045 4677 2067 4712 ι
2100 4660 2349 4714 hortatur
2382 4648 2447 4713 ιη’
2467 4676 2628 4715 ηειιιο
2654 4661 2905 4730 quamvis
2933 4648 3006 4716 sit
3031 4661 3248 4731 sapiens
3283 4661 3336 4715 in
3370 4648 3638 4731 Ecclesia,

364 4719 630 4788 glorietur
672 4723 936 4802 adversus
983 4724 1240 4802 parvulos
1272 4724 1475 4802 Qhristi
1509 4719 1540 4796 ξ
1559 4726 1819 4802 quoniam
1868 4719 2203 4802 non'eorum
2246 4731 2438 4784 talium
2475 4719 2769 4802 pueror'um
2818 4739 2902 4802 est
2934 4719 3161 4802 regnu'm
3200 4733 3465 4787 caelorum
3488 4771 3504 4796 ,
3541 4719 3639 4789 sed

360 4803 548 4844 eorum
592 4791 702 4870 qui
732 4807 828 4861 per
861 4791 1257 4870 humilitatem
1278 4793 1406 4849 facti
1456 4791 1590 4850 sunt
1624 4796 1947 4870 sicutpueri
1981 4813 2109 4854 cum
2144 4809 2332 4870 essent
2363 4791 2529 4856 sensu
2562 4799 2806 4870 perfecti.
2843 4791 3208 4856 Hancvautem
3237 4791 3634 4870 expositionem

360 4863 875 4941 commendatapud
904 4862 1108 4919 Lucam
1144 4864 1355 4941 Pf?sit_us
1377 4862 1884 4941 _sermo,__quoniam
1913 4882 2039 4923 cum
2052 4869 2284 4941 dixisset
2322 4888 2337 4925 :
2372 4890 2391 4922 ‹
2431 4862 2744 4941 Offerebam
2770 4874 2819 4926 ei
2855 4887 3053 4941 pueros
3079 4881 3134 4926 et
3162 4862 3395 4926 infantes
3426 4880 3485 4925 ut
3515 4880 3636 4927 tan-

359 4938 510 5011 geret
536 4946 652 4997 eos,
681 4933 925 5011 videntes
949 4942 1130 4988 autem
1161 4934 1412 5011 discipuli
1442 4933 1806 5011 prohibebant
1837 4953 1955 5011 eos;
1993 4957 2013 4992 ι
2045 4938 2204 4995 Jesus
2236 4950 2417 4995 autem
2445 4942 2583 4997 dixit
2612 4960 2627 4996 :
2662 4959 2681 4992 ι
2721 4933 2895 4996 δίιιὶιέ
2946 4957 3147 5011 pueros
3187 4942 3373 4996 venire
3412 4942 3479 4997 ad
3521 4956 3631 5007 me.

358 5000 544 5080 talium
571 5012 657 5080 est
684 5004 830 5080 enim
866 5019 1089 5074 regnum
1123 5000 1412 5080 ctelorum,
1442 5000 1467 5055 ἱ
1505 5008 1687 5080 statim
1715 5009 1873 5076 quasi
1905 5000 2282 5064 convenientia
2319 5012 2501 5066 sensui
2540 5013 2863 5080 praecedenti
2899 5000 3124 5077 addidit,
3153 5012 3380 5066 dicens:
3408 5029 3428 5063 ι
3456 5000 3631 5070 Amen

355 5069 492 5146 dico;
507 5072 683 5146 vobis,
711 5072 804 5142 qui
837 5069 950 5127 non
965 5074 1236 5146 receperit
1262 5089 1496 5146 regnum,
1522 5075 1636 5133 Dei.
1661 5069 1803 5132 sic-ut
1831 5092 1984 5146 puer,
2020 5094 2126 5133 non
2160 5081 2381 5135 intrabit
2414 5082 2468 5135 in
2504 5069 2659 5136 illud.
2695 5101 2713 5132 ι

429 5139 519 5194 10.
565 5159 586 5192 ι
622 5139 1007 5220 interrogavit
1054 5139 1237 5220 Jesum
1288 5139 1435 5220 unus
1465 5139 1990 5220 deturbadieens':
2015 5148 2282 5220 Magister
2309 5157 2471 5216 bone,
2514 5152 2645 5220 quid
2691 5151 2821 5205 boni
2853 5149 3070 5216 faciam,
3113 5162 3171 5207 ut
3202 5153 3430 5208 habeam
3458 5153 3625 5208 vitam

352 5212 646 5265 aeternam?
672 5211 775 5278 Qui
804 5211 938 5269 dicit
960 5215 1011 5269 ei
1052 5232 1065 5268 :
1092 5214 1235 5280 Quid
1256 5229 1344 5268 me
1374 5216 1511 5270 dicis
1548 5217 1790 5270 bonum?
1814 5216 1987 5273 Nemo
2012 5211 2192 5275 bon'us
2216 5222 2325 5277 nisi
2354 5211 2497 5277 unus
2527 5211 2694 5276 Deus.
2729 5240 2748 5272 ι
2776 5220 2914 5275 Cum
2945 5211 3208 5291 scriptum
3242 5226 3314 5280 sit
3351 5235 3407 5278 et
3432 5225 3499 5279 de
3524 5225 3627 5279 ho-

420 5327 681 5407 _'_'_Ma_ttt_i.
711 5347 824 5394 XIX.
858 5332 947 5387 t5.
984 5333 1065 5407 *ξ’
1093 5332 1236 5407 ibid.
1261 5332 1348 5407 lt.
1423 5333 1471 5366 ’⁸
1505 5333 1639 5407 Luc.
1670 5351 1828 5407 xvttt.
1867 5336 1954 5392 17.

2072 5343 2076 5367 ’
2107 5337 2131 5394 Ι
2158 5337 2286 5396 Cor.
2324 5354 2446 5407 xm,
2477 5338 2562 5392 11.
2643 5337 2657 5368 ⁸
2694 5337 2715 5391 ι
2747 5337 2875 5394 Cor.
2914 5355 2996 5407 ιιι,
3033 5341 3084 5404 1,
3113 5341 3167 5396 2.
3246 5342 3267 5372 '
3297 5339 3431 5396 Luc.
3464 5357 3618 5407 xvttt,

411 5398 497 5454 15.
575 5400 595 5431 ³
628 5399 763 5461 Luc.
793 5418 950 5462 xvttt.
977 5401 1064 5458 17.
1144 5401 1378 5458 ‘Mattb.
1411 5420 1526 5469 xu,
1556 5406 1644 5460 16.
1732 5398 1906 5462 'ihid.
1946 5408 1971 5462 Ξ

2430 5398 2444 5407 ,
2981 5398 3081 5407 ,ν
3603 5398 3703 5521 .5}

421 5514 537 5595 (ξιξ)
570 5514 752 5573 Cadex
808 5517 1034 5590 Regius,
1068 5518 1414 5593 προσηνέχθη
1466 5521 1576 5592 γὰρ
1631 5522 1816 5588 αὐτοῖς
1862 5524 1934 5579 τὰ

2072 5538 2139 5583 :tx'
2193 5528 2251 5595 in
2292 5524 2493 5579 Joann.
2527 5537 2624 5578 vm
2660 5540 2671 5574 :
2712 5523 2899 5588 Οὕτως
2937 5522 3051 5595 οὖν,
3079 5526 3172 5578 καὶ
3217 5524 3312 5580 ἐπὶ
3350 5522 3415 5578 τὸ
3447 5520 3622 5595 παρὸν

350 5586 618 5668 ﬁatﬁat.“
645 5660 663 5668 Α
816 5657 843 5668 η
892 5586 915 5590 “
943 5660 956 5668 _
1069 5661 1079 5668 _
1115 5586 1128 5593 ’
1233 5586 1245 5593 ⁷
1313 5586 1345 5591 ’⁷
1480 5586 1490 5590 ⁷
1548 5586 1559 5592 ’
1795 5586 1803 5588 ⁷
2039 5596 2171 5668 ῂμτν
2202 5594 2550 5668 ζητουμένων
2593 5596 2658 5646 ὲκ
2702 5596 2801 5666 τῆς
2839 5586 3205 5666 συμφράσεως
3236 5586 3617 5657 κατανοητέον.
3669 5588 3695 5654 ἶ

419 5656 531 5728 (25)
553 5658 705 5731 -Ὅὶζη
736 5657 885 5731 rei”
920 5660 1368 5731 ﬁoéygppacnc.
1398 5659 1683 5715 Postrema
1729 5676 1790 5717 ca
1825 5679 1930 5719 vox

2072 5656 2123 5721 l'u
2128 5682 2158 5719 ε
2165 5682 2196 5719 τ
2205 5656 2287 5721 ius
2293 5706 2307 5720 .

348 5722 405 5805 in
427 5722 592 5811 codd];
725 5722 852 5811 etB
899 5722 1200 5811 deformata
1237 5722 1357 5811 erat
1388 5748 1401 5784 :
1432 5747 1551 5811 eam
1589 5734 1929 5811 assentimus

2109 5738 2220 5807 (2‘5)
2249 5737 2427 5793 Codex
2462 5735 2686 5811 Regius,
2713 5734 2858 5809 ζωὴν
2891 5732 3106 5791 αἰώνιον
3134 5735 3540 5810 κληρονομήσω.
3604 5798 3609 5802 _

350 5793 523 5864 ipsius
550 5797 804 5871 Origenis
839 5802 1161 5857 auctoritate
1197 5802 1329 5870 nixi,
1355 5802 1449 5870 qui
1483 5817 1546 5857 ea
1583 5802 1755 5857 utitur
1792 5815 1924 5861 tum.
