  <div class='ocr_page' id='page_1' title='image "/cluster/home/n/w/nwhite01/storage/ocr_20150623/13:no.3/coo.31924054872910/648.png"; bbox 0 0 4086 6482; ppageno 0'>
   <div class='ocr_carea' id='block_1_1' title="bbox 360 396 3613 491">
    <p class='ocr_par' dir='ltr' id='par_1_1' title="bbox 360 396 3613 491">
     <span class='ocr_line' id='line_1_1' title="bbox 360 396 3613 491; baseline 0.003 -19"><span class='ocrx_word' id='word_1_1' title='bbox 360 396 488 474; x_wconf 71' lang='lat' dir='ltr'><strong>i231</strong></span> <span class='ocrx_word' id='word_1_2' title='bbox 1303 415 1667 471; x_wconf 74' lang='lat' dir='ltr'><strong>&#39;COMMENT.</strong></span> <span class='ocrx_word' id='word_1_3' title='bbox 1710 416 1777 471; x_wconf 81' lang='lat' dir='ltr'><strong>1N</strong></span> <span class='ocrx_word' id='word_1_4' title='bbox 1816 416 2233 474; x_wconf 60' lang='lat' dir='ltr'><strong>narrnmuu</strong></span> <span class='ocrx_word' id='word_1_5' title='bbox 2273 416 2510 474; x_wconf 77' lang='lat' dir='ltr'><strong>TOMUS</strong></span> <span class='ocrx_word' id='word_1_6' title='bbox 2551 419 2662 475; x_wconf 82' lang='lat' dir='ltr'><strong>xv.</strong></span> <span class='ocrx_word' id='word_1_7' title='bbox 3474 436 3613 491; x_wconf 60' lang='grc' dir='ltr'>ηερ,</span> 
     </span>
    </p>
   </div>
   <div class='ocr_carea' id='block_1_2' title="bbox 359 530 1972 617">
    <p class='ocr_par' dir='ltr' id='par_1_2' title="bbox 359 530 1972 606">
     <span class='ocr_line' id='line_1_2' title="bbox 359 530 1972 606; baseline -0.001 -17"><span class='ocrx_word' id='word_1_8' title='bbox 359 538 452 591; x_wconf 70' lang='grc' dir='ltr'>καὶ</span> <span class='ocrx_word' id='word_1_9' title='bbox 496 556 515 587; x_wconf 77' lang='grc' dir='ltr'><strong>ι</strong></span> <span class='ocrx_word' id='word_1_10' title='bbox 559 536 658 606; x_wconf 78' lang='grc' dir='ltr'><strong>τῆς</strong></span> <span class='ocrx_word' id='word_1_11' title='bbox 701 535 1036 604; x_wconf 81' lang='grc' dir='ltr'>ἀγαθότητος</span> <span class='ocrx_word' id='word_1_12' title='bbox 1064 530 1227 585; x_wconf 81' lang='grc' dir='ltr'>αὑτοῦ</span> <span class='ocrx_word' id='word_1_13' title='bbox 1257 531 1438 586; x_wconf 83' lang='grc' dir='ltr'>εἰκών·</span> <span class='ocrx_word' id='word_1_14' title='bbox 1468 551 1488 584; x_wconf 77' lang='grc' dir='ltr'><strong>ι</strong></span> <span class='ocrx_word' id='word_1_15' title='bbox 1524 533 1618 587; x_wconf 82' lang='grc' dir='ltr'><strong>καὶ</strong></span> <span class='ocrx_word' id='word_1_16' title='bbox 1648 534 1851 597; x_wconf 86' lang='grc' dir='ltr'>παντὸς</span> <span class='ocrx_word' id='word_1_17' title='bbox 1876 534 1934 587; x_wconf 85' lang='grc' dir='ltr'>δὲ</span> <span class='ocrx_word' id='word_1_18' title='bbox 1963 578 1972 595; x_wconf 47' lang='grc' dir='ltr'><em>ε</em></span> 
     </span>
    </p>
   </div>
   <div class='ocr_carea' id='block_1_3' title="bbox 1997 530 3610 617">
    <p class='ocr_par' dir='ltr' id='par_1_3' title="bbox 1997 533 3610 617">
     <span class='ocr_line' id='line_1_3' title="bbox 1997 533 3610 617; baseline 0.012 -30"><span class='ocrx_word' id='word_1_19' title='bbox 1997 567 2007 594; x_wconf 58' lang='grc' dir='ltr'><strong>ι</strong></span> <span class='ocrx_word' id='word_1_20' title='bbox 2039 535 2107 588; x_wconf 89' lang='lat' dir='ltr'><strong>tis</strong></span> <span class='ocrx_word' id='word_1_21' title='bbox 2127 533 2272 587; x_wconf 86' lang='lat' dir='ltr'><strong>illius</strong></span> <span class='ocrx_word' id='word_1_22' title='bbox 2299 544 2381 588; x_wconf 85' lang='lat' dir='ltr'><strong>est</strong></span> <span class='ocrx_word' id='word_1_23' title='bbox 2407 536 2483 602; x_wconf 68' lang='grc' dir='ltr'>υς</span> <span class='ocrx_word' id='word_1_24' title='bbox 2525 556 2542 586; x_wconf 79' lang='grc' dir='ltr'><strong>ι</strong></span> <span class='ocrx_word' id='word_1_25' title='bbox 2574 537 2676 590; x_wconf 86' lang='lat' dir='ltr'><strong>alia</strong></span> <span class='ocrx_word' id='word_1_26' title='bbox 2710 547 2792 592; x_wconf 89' lang='lat' dir='ltr'><strong>est</strong></span> <span class='ocrx_word' id='word_1_27' title='bbox 2819 548 2999 594; x_wconf 88' lang='lat' dir='ltr'><strong>autem</strong></span> <span class='ocrx_word' id='word_1_28' title='bbox 3031 545 3183 600; x_wconf 89' lang='lat' dir='ltr'><strong>vocis</strong></span> <span class='ocrx_word' id='word_1_29' title='bbox 3207 546 3372 617; x_wconf 83' lang='lat' dir='ltr'><strong>hujus</strong></span> <span class='ocrx_word' id='word_1_30' title='bbox 3399 590 3414 616; x_wconf 91' lang='lat'><strong>,</strong></span> <span class='ocrx_word' id='word_1_31' title='bbox 3448 571 3466 603; x_wconf 78' lang='grc' dir='ltr'><strong>ι</strong></span> <span class='ocrx_word' id='word_1_32' title='bbox 3510 554 3610 610; x_wconf 76' lang='lat' dir='ltr'><strong>bu-</strong></span> 
     </span>
    </p>
   </div>
   <div class='ocr_carea' id='block_1_4' title="bbox 356 618 1969 709">
    <p class='ocr_par' dir='ltr' id='par_1_4' title="bbox 356 618 1932 697">
     <span class='ocr_line' id='line_1_4' title="bbox 356 618 1932 697; baseline -0.001 -17"><span class='ocrx_word' id='word_1_33' title='bbox 356 629 452 680; x_wconf 70' lang='grc' dir='ltr'><strong>τοῦ</strong></span> <span class='ocrx_word' id='word_1_34' title='bbox 477 628 863 697; x_wconf 79' lang='grc' dir='ltr'>ὕποδεεστέρου</span> <span class='ocrx_word' id='word_1_35' title='bbox 889 618 931 693; x_wconf 82' lang='grc' dir='ltr'>ᾧ</span> <span class='ocrx_word' id='word_1_36' title='bbox 957 624 1378 696; x_wconf 73' lang='grc' dir='ltr'>ὲφαρμόζεταιή</span> <span class='ocrx_word' id='word_1_37' title='bbox 1410 644 1428 675; x_wconf 76' lang='grc' dir='ltr'><strong>ι</strong></span> <span class='ocrx_word' id='word_1_38' title='bbox 1457 625 1679 693; x_wconf 82' lang='grc' dir='ltr'>ἀγαθὸν,</span> <span class='ocrx_word' id='word_1_39' title='bbox 1707 644 1726 676; x_wconf 78' lang='grc' dir='ltr'><strong>ι</strong></span> <span class='ocrx_word' id='word_1_40' title='bbox 1762 625 1932 696; x_wconf 71' lang='grc' dir='ltr'>φωνὴ,</span> 
     </span>
    </p>
   </div>
   <div class='ocr_carea' id='block_1_5' title="bbox 1993 618 3606 709">
    <p class='ocr_par' dir='ltr' id='par_1_5' title="bbox 2038 621 3606 709">
     <span class='ocr_line' id='line_1_5' title="bbox 2038 621 3606 709; baseline 0.013 -31"><span class='ocrx_word' id='word_1_41' title='bbox 2038 642 2190 688; x_wconf 89' lang='lat' dir='ltr'><strong>num,</strong></span> <span class='ocrx_word' id='word_1_42' title='bbox 2212 644 2234 677; x_wconf 70' lang='grc' dir='ltr'><strong>ι</strong></span> <span class='ocrx_word' id='word_1_43' title='bbox 2266 626 2614 695; x_wconf 82' lang='lat' dir='ltr'><strong>signitieatio,</strong></span> <span class='ocrx_word' id='word_1_44' title='bbox 2650 645 2771 682; x_wconf 85' lang='lat' dir='ltr'><strong>cum</strong></span> <span class='ocrx_word' id='word_1_45' title='bbox 2793 621 3045 686; x_wconf 59' lang='lat' dir='ltr'><strong>inferiori~</strong></span> <span class='ocrx_word' id='word_1_46' title='bbox 3070 636 3244 691; x_wconf 85' lang='lat' dir='ltr'><strong>cuivis</strong></span> <span class='ocrx_word' id='word_1_47' title='bbox 3268 642 3606 709; x_wconf 74' lang='lat' dir='ltr'><strong>applicatur:</strong></span> 
     </span>
    </p>
   </div>
   <div class='ocr_carea' id='block_1_6' title="bbox 359 716 1972 800">
    <p class='ocr_par' dir='ltr' id='par_1_6' title="bbox 359 716 1934 791">
     <span class='ocr_line' id='line_1_6' title="bbox 359 716 1934 791; baseline -0.002 -18"><span class='ocrx_word' id='word_1_48' title='bbox 359 720 487 774; x_wconf 73' lang='grc' dir='ltr'>ἄλλο</span> <span class='ocrx_word' id='word_1_49' title='bbox 507 721 902 791; x_wconf 79' lang='grc' dir='ltr'><strong>σημαινόμενον</strong></span> <span class='ocrx_word' id='word_1_50' title='bbox 920 718 1035 788; x_wconf 77' lang='grc' dir='ltr'>ἔχει</span> <span class='ocrx_word' id='word_1_51' title='bbox 1057 717 1117 769; x_wconf 79' lang='grc' dir='ltr'><strong>τὸ</strong></span> <span class='ocrx_word' id='word_1_52' title='bbox 1139 716 1223 785; x_wconf 76' lang='grc' dir='ltr'><strong>ἐφ’</strong></span> <span class='ocrx_word' id='word_1_53' title='bbox 1242 716 1409 769; x_wconf 78' lang='grc' dir='ltr'>αὐτοῦ</span> <span class='ocrx_word' id='word_1_54' title='bbox 1431 716 1743 787; x_wconf 67' lang='grc' dir='ltr'>λεγόμενον*</span> <span class='ocrx_word' id='word_1_55' title='bbox 1775 717 1934 788; x_wconf 73' lang='grc' dir='ltr'>εἴπερ</span> 
     </span>
    </p>
   </div>
   <div class='ocr_carea' id='block_1_7' title="bbox 1992 716 3605 800">
    <p class='ocr_par' dir='ltr' id='par_1_7' title="bbox 2037 716 3605 800">
     <span class='ocr_line' id='line_1_7' title="bbox 2037 716 3605 800; baseline 0.013 -31"><span class='ocrx_word' id='word_1_56' title='bbox 2037 716 2080 769; x_wconf 88' lang='lat' dir='ltr'>si</span> <span class='ocrx_word' id='word_1_57' title='bbox 2108 717 2269 769; x_wconf 87' lang='lat' dir='ltr'><strong>modo</strong></span> <span class='ocrx_word' id='word_1_58' title='bbox 2293 729 2537 785; x_wconf 76' lang='lat' dir='ltr'><strong>respectu</strong></span> <span class='ocrx_word' id='word_1_59' title='bbox 2570 717 2766 783; x_wconf 85' lang='lat' dir='ltr'><strong>Patris,</strong></span> <span class='ocrx_word' id='word_1_60' title='bbox 2794 721 2971 793; x_wconf 77' lang='lat' dir='ltr'><strong>imago</strong></span> <span class='ocrx_word' id='word_1_61' title='bbox 3005 736 3088 779; x_wconf 89' lang='lat' dir='ltr'><strong>est</strong></span> <span class='ocrx_word' id='word_1_62' title='bbox 3122 728 3380 785; x_wconf 73' lang='lat' dir='ltr'><strong>bonitatis</strong></span> <span class='ocrx_word' id='word_1_63' title='bbox 3413 734 3605 800; x_wconf 74' lang='lat' dir='ltr'><strong>ipsius,</strong></span> 
     </span>
    </p>
   </div>
   <div class='ocr_carea' id='block_1_8' title="bbox 346 806 1959 892">
    <p class='ocr_par' dir='ltr' id='par_1_8' title="bbox 346 806 1935 883">
     <span class='ocr_line' id='line_1_8' title="bbox 346 806 1935 883; baseline -0.003 -21"><span class='ocrx_word' id='word_1_64' title='bbox 346 811 436 875; x_wconf 22' lang='lat' dir='ltr'><strong>Ad);</strong></span> <span class='ocrx_word' id='word_1_65' title='bbox 484 813 581 883; x_wconf 81' lang='grc' dir='ltr'><strong>μὲν</strong></span> <span class='ocrx_word' id='word_1_66' title='bbox 612 811 745 883; x_wconf 81' lang='grc' dir='ltr'>πρὸς</span> <span class='ocrx_word' id='word_1_67' title='bbox 771 812 859 863; x_wconf 78' lang='grc' dir='ltr'><strong>τὸν</strong></span> <span class='ocrx_word' id='word_1_68' title='bbox 883 809 1101 879; x_wconf 77' lang='grc' dir='ltr'><strong>Πατέρα</strong></span> <span class='ocrx_word' id='word_1_69' title='bbox 1118 806 1281 861; x_wconf 81' lang='grc' dir='ltr'>εἰκών</span> <span class='ocrx_word' id='word_1_70' title='bbox 1304 808 1450 859; x_wconf 81' lang='grc' dir='ltr'>ἐστιν</span> <span class='ocrx_word' id='word_1_71' title='bbox 1470 806 1825 876; x_wconf 83' lang='grc' dir='ltr'>ἀγαθότητος,</span> <span class='ocrx_word' id='word_1_72' title='bbox 1859 807 1935 869; x_wconf 84' lang='grc' dir='ltr'>ὡς</span> 
     </span>
    </p>
   </div>
   <div class='ocr_carea' id='block_1_9' title="bbox 1991 806 3604 892">
    <p class='ocr_par' dir='ltr' id='par_1_9' title="bbox 2035 807 3604 892">
     <span class='ocr_line' id='line_1_9' title="bbox 2035 807 3604 892; baseline 0.013 -32"><span class='ocrx_word' id='word_1_73' title='bbox 2035 816 2089 860; x_wconf 89' lang='lat' dir='ltr'><strong>et</strong></span> <span class='ocrx_word' id='word_1_74' title='bbox 2122 822 2242 860; x_wconf 89' lang='lat' dir='ltr'><strong>eam</strong></span> <span class='ocrx_word' id='word_1_75' title='bbox 2272 807 2432 861; x_wconf 84' lang='lat' dir='ltr'><strong>habet</strong></span> <span class='ocrx_word' id='word_1_76' title='bbox 2474 826 2600 878; x_wconf 72' lang='lat' dir='ltr'><strong>erga</strong></span> <span class='ocrx_word' id='word_1_77' title='bbox 2649 812 2857 880; x_wconf 87' lang='lat' dir='ltr'><strong>reliqua</strong></span> <span class='ocrx_word' id='word_1_78' title='bbox 2898 817 3081 868; x_wconf 89' lang='lat' dir='ltr'><strong>omnia</strong></span> <span class='ocrx_word' id='word_1_79' title='bbox 3121 820 3405 885; x_wconf 88' lang='lat' dir='ltr'><strong>rationem,</strong></span> <span class='ocrx_word' id='word_1_80' title='bbox 3441 840 3604 892; x_wconf 87' lang='lat' dir='ltr'><strong>quam</strong></span> 
     </span>
    </p>
   </div>
   <div class='ocr_carea' id='block_1_10' title="bbox 354 896 1967 983">
    <p class='ocr_par' dir='ltr' id='par_1_10' title="bbox 354 896 1936 973">
     <span class='ocr_line' id='line_1_10' title="bbox 354 896 1936 973; baseline -0.005 -16"><span class='ocrx_word' id='word_1_81' title='bbox 354 903 420 957; x_wconf 83' lang='grc' dir='ltr'>δὲ</span> <span class='ocrx_word' id='word_1_82' title='bbox 457 904 593 973; x_wconf 71' lang='grc' dir='ltr'>πρὸς</span> <span class='ocrx_word' id='word_1_83' title='bbox 625 906 692 956; x_wconf 80' lang='grc' dir='ltr'>τὰ</span> <span class='ocrx_word' id='word_1_84' title='bbox 722 900 897 964; x_wconf 80' lang='grc' dir='ltr'>λοιπὰ,</span> <span class='ocrx_word' id='word_1_85' title='bbox 930 901 1067 971; x_wconf 81' lang='grc' dir='ltr'>ὅπερ</span> <span class='ocrx_word' id='word_1_86' title='bbox 1110 900 1142 969; x_wconf 85' lang='grc' dir='ltr'>ή</span> <span class='ocrx_word' id='word_1_87' title='bbox 1171 896 1266 952; x_wconf 88' lang='grc' dir='ltr'><strong>τοῦ</strong></span> <span class='ocrx_word' id='word_1_88' title='bbox 1306 898 1521 968; x_wconf 56' lang='grc' dir='ltr'>Πατιρὸς</span> <span class='ocrx_word' id='word_1_89' title='bbox 1549 896 1824 969; x_wconf 86' lang='grc' dir='ltr'>ἀγαθότης</span> <span class='ocrx_word' id='word_1_90' title='bbox 1856 899 1936 962; x_wconf 81' lang='grc' dir='ltr'><strong>εἰς</strong></span> 
     </span>
    </p>
   </div>
   <div class='ocr_carea' id='block_1_11' title="bbox 1989 896 3602 983">
    <p class='ocr_par' dir='ltr' id='par_1_11' title="bbox 2036 897 3602 983">
     <span class='ocr_line' id='line_1_11' title="bbox 2036 897 3602 983; baseline 0.013 -32"><span class='ocrx_word' id='word_1_91' title='bbox 2036 897 2251 953; x_wconf 78' lang='lat' dir='ltr'><strong>bonitas</strong></span> <span class='ocrx_word' id='word_1_92' title='bbox 2281 897 2457 953; x_wconf 81' lang='lat' dir='ltr'><strong>Patris</strong></span> <span class='ocrx_word' id='word_1_93' title='bbox 2483 917 2607 971; x_wconf 75' lang='lat' dir='ltr'><strong>erga</strong></span> <span class='ocrx_word' id='word_1_94' title='bbox 2642 902 2842 969; x_wconf 76' lang='lat' dir='ltr'><strong>ipsum,</strong></span> <span class='ocrx_word' id='word_1_95' title='bbox 2890 907 2971 958; x_wconf 89' lang='lat' dir='ltr'><strong>vel</strong></span> <span class='ocrx_word' id='word_1_96' title='bbox 3004 913 3165 963; x_wconf 82' lang='lat' dir='ltr'><strong>etiam</strong></span> <span class='ocrx_word' id='word_1_97' title='bbox 3198 918 3602 983; x_wconf 82' lang='lat' dir='ltr'><strong>proportionem</strong></span> 
     </span>
    </p>
   </div>
   <div class='ocr_carea' id='block_1_12' title="bbox 365 989 1978 1070">
    <p class='ocr_par' dir='ltr' id='par_1_12' title="bbox 365 991 1935 1067">
     <span class='ocr_line' id='line_1_12' title="bbox 365 991 1935 1067; baseline -0.003 -17"><span class='ocrx_word' id='word_1_98' title='bbox 365 997 525 1051; x_wconf 83' lang='grc' dir='ltr'>αὐτόν</span> <span class='ocrx_word' id='word_1_99' title='bbox 551 997 680 1067; x_wconf 82' lang='grc'>(50)’</span> <span class='ocrx_word' id='word_1_100' title='bbox 708 996 740 1065; x_wconf 85' lang='grc' dir='ltr'>ἢ</span> <span class='ocrx_word' id='word_1_101' title='bbox 764 996 856 1048; x_wconf 76' lang='grc' dir='ltr'><strong>καὶ</strong></span> <span class='ocrx_word' id='word_1_102' title='bbox 875 993 1073 1065; x_wconf 83' lang='grc' dir='ltr'>μᾶλλόν</span> <span class='ocrx_word' id='word_1_103' title='bbox 1104 993 1219 1046; x_wconf 77' lang='grc' dir='ltr'>ἐστι</span> <span class='ocrx_word' id='word_1_104' title='bbox 1247 1010 1368 1047; x_wconf 83' lang='grc' dir='ltr'>τινα</span> <span class='ocrx_word' id='word_1_105' title='bbox 1386 991 1675 1061; x_wconf 83' lang='grc' dir='ltr'><strong>ἀναλογίαν</strong></span> <span class='ocrx_word' id='word_1_106' title='bbox 1691 994 1935 1064; x_wconf 85' lang='grc' dir='ltr'>προσεχῆ</span> 
     </span>
    </p>
   </div>
   <div class='ocr_carea' id='block_1_13' title="bbox 1994 989 3607 1070">
    <p class='ocr_par' dir='ltr' id='par_1_13' title="bbox 2035 989 3607 1070">
     <span class='ocr_line' id='line_1_13' title="bbox 2035 989 3607 1070; baseline 0.017 -31"><span class='ocrx_word' id='word_1_107' title='bbox 2035 989 2327 1056; x_wconf 84' lang='lat' dir='ltr'><strong>quamdam</strong></span> <span class='ocrx_word' id='word_1_108' title='bbox 2362 992 2572 1044; x_wconf 83' lang='lat' dir='ltr'><strong>atlinem</strong></span> <span class='ocrx_word' id='word_1_109' title='bbox 2600 994 2772 1059; x_wconf 71' lang='lat' dir='ltr'><strong>magis</strong></span> <span class='ocrx_word' id='word_1_110' title='bbox 2803 1007 2855 1048; x_wconf 89' lang='lat' dir='ltr'><strong>et</strong></span> <span class='ocrx_word' id='word_1_111' title='bbox 2886 1001 3243 1070; x_wconf 86' lang='lat' dir='ltr'><strong>propinquam</strong></span> <span class='ocrx_word' id='word_1_112' title='bbox 3280 1008 3421 1061; x_wconf 85' lang='lat' dir='ltr'><strong>inter</strong></span> <span class='ocrx_word' id='word_1_113' title='bbox 3446 1008 3607 1065; x_wconf 82' lang='lat' dir='ltr'><strong>boui-</strong></span> 
     </span>
    </p>
   </div>
   <div class='ocr_carea' id='block_1_14' title="bbox 368 1079 1981 1174">
    <p class='ocr_par' dir='ltr' id='par_1_14' title="bbox 368 1086 1935 1159">
     <span class='ocr_line' id='line_1_14' title="bbox 368 1086 1935 1159; baseline -0.004 -15"><span class='ocrx_word' id='word_1_114' title='bbox 368 1091 493 1144; x_wconf 81' lang='grc' dir='ltr'>ἰδεῖν</span> <span class='ocrx_word' id='word_1_115' title='bbox 526 1091 615 1142; x_wconf 78' lang='grc' dir='ltr'><strong>ἐπὶ</strong></span> <span class='ocrx_word' id='word_1_116' title='bbox 640 1088 972 1159; x_wconf 84' lang='grc' dir='ltr'>ἀγαθότητος</span> <span class='ocrx_word' id='word_1_117' title='bbox 1004 1087 1096 1140; x_wconf 87' lang='grc' dir='ltr'><strong>τοῦ</strong></span> <span class='ocrx_word' id='word_1_118' title='bbox 1121 1087 1255 1140; x_wconf 79' lang='grc' dir='ltr'>Θεοῦ</span> <span class='ocrx_word' id='word_1_119' title='bbox 1286 1087 1423 1158; x_wconf 83' lang='grc' dir='ltr'>πρὸς</span> <span class='ocrx_word' id='word_1_120' title='bbox 1436 1087 1526 1141; x_wconf 87' lang='grc' dir='ltr'><strong>τὸν</strong></span> <span class='ocrx_word' id='word_1_121' title='bbox 1555 1087 1783 1157; x_wconf 77' lang='grc' dir='ltr'>Σωτῆρα</span> <span class='ocrx_word' id='word_1_122' title='bbox 1807 1086 1935 1139; x_wconf 72' lang='grc' dir='ltr'>ὄντα</span> 
     </span>
    </p>
   </div>
   <div class='ocr_carea' id='block_1_15' title="bbox 1994 1079 3607 1174">
    <p class='ocr_par' dir='ltr' id='par_1_15' title="bbox 2036 1079 3607 1174">
     <span class='ocr_line' id='line_1_15' title="bbox 2036 1079 3607 1174; baseline 0.017 -42"><span class='ocrx_word' id='word_1_123' title='bbox 2036 1087 2198 1133; x_wconf 90' lang='lat' dir='ltr'><strong>tatem</strong></span> <span class='ocrx_word' id='word_1_124' title='bbox 2227 1079 2343 1145; x_wconf 87' lang='lat' dir='ltr'><strong>Dei,</strong></span> <span class='ocrx_word' id='word_1_125' title='bbox 2377 1094 2619 1151; x_wconf 80' lang='lat' dir='ltr'><strong>respectu</strong></span> <span class='ocrx_word' id='word_1_126' title='bbox 2644 1084 2786 1152; x_wconf 80' lang='lat' dir='ltr'>Filii,</span> <span class='ocrx_word' id='word_1_127' title='bbox 2822 1090 2913 1157; x_wconf 79' lang='lat' dir='ltr'><strong>qui</strong></span> <span class='ocrx_word' id='word_1_128' title='bbox 2939 1091 3196 1149; x_wconf 87' lang='lat' dir='ltr'><strong>bonitatis</strong></span> <span class='ocrx_word' id='word_1_129' title='bbox 3230 1097 3400 1167; x_wconf 88' lang='lat' dir='ltr'>ipsius</span> <span class='ocrx_word' id='word_1_130' title='bbox 3428 1101 3607 1174; x_wconf 77' lang='lat' dir='ltr'><strong>imago</strong></span> 
     </span>
    </p>
   </div>
   <div class='ocr_carea' id='block_1_16' title="bbox 362 1176 1975 1258">
    <p class='ocr_par' dir='ltr' id='par_1_16' title="bbox 362 1177 1932 1251">
     <span class='ocr_line' id='line_1_16' title="bbox 362 1177 1932 1251; baseline -0.003 -17"><span class='ocrx_word' id='word_1_131' title='bbox 362 1181 541 1234; x_wconf 76' lang='grc' dir='ltr'>εἰκόνα</span> <span class='ocrx_word' id='word_1_132' title='bbox 565 1181 663 1251; x_wconf 84' lang='grc' dir='ltr'><strong>τῆς</strong></span> <span class='ocrx_word' id='word_1_133' title='bbox 689 1178 1021 1250; x_wconf 82' lang='grc' dir='ltr'>ἁγαθότητος</span> <span class='ocrx_word' id='word_1_134' title='bbox 1046 1177 1237 1243; x_wconf 84' lang='grc' dir='ltr'>αὐτοῦ,</span> <span class='ocrx_word' id='word_1_135' title='bbox 1270 1179 1413 1249; x_wconf 73' lang='grc' dir='ltr'>ἥπερ</span> <span class='ocrx_word' id='word_1_136' title='bbox 1440 1177 1533 1229; x_wconf 73' lang='grc' dir='ltr'><strong>ἐπὶ</strong></span> <span class='ocrx_word' id='word_1_137' title='bbox 1562 1177 1658 1229; x_wconf 87' lang='grc' dir='ltr'><strong>τοῦ</strong></span> <span class='ocrx_word' id='word_1_138' title='bbox 1682 1177 1932 1247; x_wconf 79' lang='grc' dir='ltr'><strong>Σωτῆρος</strong></span> 
     </span>
    </p>
   </div>
   <div class='ocr_carea' id='block_1_17' title="bbox 1993 1176 3606 1258">
    <p class='ocr_par' dir='ltr' id='par_1_17' title="bbox 2034 1176 3606 1258">
     <span class='ocr_line' id='line_1_17' title="bbox 2034 1176 3606 1258; baseline 0.013 -31"><span class='ocrx_word' id='word_1_139' title='bbox 2034 1184 2137 1235; x_wconf 86' lang='lat' dir='ltr'><strong>est,</strong></span> <span class='ocrx_word' id='word_1_140' title='bbox 2170 1176 2462 1229; x_wconf 87' lang='lat' dir='ltr'><strong>observare</strong></span> <span class='ocrx_word' id='word_1_141' title='bbox 2499 1178 2643 1243; x_wconf 82' lang='lat' dir='ltr'><strong>licet,</strong></span> <span class='ocrx_word' id='word_1_142' title='bbox 2691 1194 2854 1248; x_wconf 87' lang='lat' dir='ltr'><strong>quam</strong></span> <span class='ocrx_word' id='word_1_143' title='bbox 2894 1181 3199 1240; x_wconf 81' lang='lat' dir='ltr'><strong>Servatoris</strong></span> <span class='ocrx_word' id='word_1_144' title='bbox 3232 1202 3477 1258; x_wconf 83' lang='lat' dir='ltr'><strong>respectu</strong></span> <span class='ocrx_word' id='word_1_145' title='bbox 3505 1194 3606 1248; x_wconf 81' lang='lat' dir='ltr'><strong>he-</strong></span> 
     </span>
    </p>
   </div>
   <div class='ocr_carea' id='block_1_18' title="bbox 362 1265 1975 1353">
    <p class='ocr_par' dir='ltr' id='par_1_18' title="bbox 362 1267 1931 1343">
     <span class='ocr_line' id='line_1_18' title="bbox 362 1267 1931 1343; baseline -0.003 -20"><span class='ocrx_word' id='word_1_146' title='bbox 362 1270 494 1343; x_wconf 79' lang='grc' dir='ltr'>πρὸς</span> <span class='ocrx_word' id='word_1_147' title='bbox 518 1270 720 1338; x_wconf 80' lang='grc' dir='ltr'>ἀγαθὸν</span> <span class='ocrx_word' id='word_1_148' title='bbox 740 1270 1046 1342; x_wconf 73' lang='grc' dir='ltr'>ἄνθρωπον,</span> <span class='ocrx_word' id='word_1_149' title='bbox 1069 1270 1164 1322; x_wconf 58' lang='grc' dir='ltr'><strong>καλ⁵</strong></span> <span class='ocrx_word' id='word_1_150' title='bbox 1189 1268 1391 1338; x_wconf 86' lang='grc' dir='ltr'>ἀγαθὸν</span> <span class='ocrx_word' id='word_1_151' title='bbox 1410 1267 1588 1340; x_wconf 71' lang='grc' dir='ltr'>ἔργον,</span> <span class='ocrx_word' id='word_1_152' title='bbox 1607 1269 1701 1322; x_wconf 76' lang='grc' dir='ltr'>καὶ</span> <span class='ocrx_word' id='word_1_153' title='bbox 1726 1267 1931 1335; x_wconf 85' lang='grc' dir='ltr'>ἀγαθὸν</span> 
     </span>
    </p>
   </div>
   <div class='ocr_carea' id='block_1_19' title="bbox 1991 1265 3604 1353">
    <p class='ocr_par' dir='ltr' id='par_1_19' title="bbox 2034 1265 3604 1353">
     <span class='ocr_line' id='line_1_19' title="bbox 2034 1265 3604 1353; baseline 0.016 -37"><span class='ocrx_word' id='word_1_154' title='bbox 2034 1265 2200 1318; x_wconf 80' lang='lat' dir='ltr'>minis</span> <span class='ocrx_word' id='word_1_155' title='bbox 2227 1266 2375 1331; x_wconf 91' lang='lat' dir='ltr'><strong>boni,</strong></span> <span class='ocrx_word' id='word_1_156' title='bbox 2407 1269 2491 1322; x_wconf 88' lang='lat' dir='ltr'><strong>vel</strong></span> <span class='ocrx_word' id='word_1_157' title='bbox 2521 1269 2647 1322; x_wconf 86' lang='lat' dir='ltr'><strong>boni</strong></span> <span class='ocrx_word' id='word_1_158' title='bbox 2674 1273 2874 1339; x_wconf 86' lang='lat' dir='ltr'><strong>operis,</strong></span> <span class='ocrx_word' id='word_1_159' title='bbox 2913 1276 2992 1329; x_wconf 92' lang='lat' dir='ltr'><strong>vel</strong></span> <span class='ocrx_word' id='word_1_160' title='bbox 3014 1279 3227 1333; x_wconf 89' lang='lat' dir='ltr'><strong>arboris</strong></span> <span class='ocrx_word' id='word_1_161' title='bbox 3252 1281 3408 1337; x_wconf 60' lang='lat' dir='ltr'><strong>bona:</strong></span> <span class='ocrx_word' id='word_1_162' title='bbox 3441 1303 3454 1338; x_wconf 94' lang='lat'>:</span> <span class='ocrx_word' id='word_1_163' title='bbox 3481 1290 3604 1353; x_wconf 80' lang='lat' dir='ltr'><strong>pius</strong></span> 
     </span>
    </p>
   </div>
   <div class='ocr_carea' id='block_1_20' title="bbox 356 1357 1969 1446">
    <p class='ocr_par' dir='ltr' id='par_1_20' title="bbox 356 1359 1934 1434">
     <span class='ocr_line' id='line_1_20' title="bbox 356 1359 1934 1434; baseline -0.003 -19"><span class='ocrx_word' id='word_1_164' title='bbox 356 1362 592 1434; x_wconf 76' lang='grc' dir='ltr'><strong>δένδρον·</strong></span> <span class='ocrx_word' id='word_1_165' title='bbox 623 1363 804 1416; x_wconf 80' lang='grc' dir='ltr'>πλεῖον</span> <span class='ocrx_word' id='word_1_166' title='bbox 837 1363 944 1432; x_wconf 86' lang='grc' dir='ltr'><strong>γὰρ</strong></span> <span class='ocrx_word' id='word_1_167' title='bbox 976 1364 1007 1431; x_wconf 85' lang='grc' dir='ltr'><strong>ἡ</strong></span> <span class='ocrx_word' id='word_1_168' title='bbox 1039 1360 1280 1432; x_wconf 79' lang='grc' dir='ltr'>ὑπεροχὴ</span> <span class='ocrx_word' id='word_1_169' title='bbox 1316 1361 1423 1430; x_wconf 78' lang='grc'><strong>(51)</strong></span> <span class='ocrx_word' id='word_1_170' title='bbox 1457 1360 1593 1432; x_wconf 82' lang='grc' dir='ltr'>πρὸς</span> <span class='ocrx_word' id='word_1_171' title='bbox 1615 1359 1684 1412; x_wconf 81' lang='grc' dir='ltr'>τὰ</span> <span class='ocrx_word' id='word_1_172' title='bbox 1710 1360 1934 1412; x_wconf 85' lang='grc' dir='ltr'>ὑποδεέ-</span> 
     </span>
    </p>
   </div>
   <div class='ocr_carea' id='block_1_21' title="bbox 1992 1357 3605 1446">
    <p class='ocr_par' dir='ltr' id='par_1_21' title="bbox 2034 1357 3605 1446">
     <span class='ocr_line' id='line_1_21' title="bbox 2034 1357 3605 1446; baseline 0.013 -35"><span class='ocrx_word' id='word_1_173' title='bbox 2034 1357 2233 1411; x_wconf 86' lang='lat' dir='ltr'><strong>etenim</strong></span> <span class='ocrx_word' id='word_1_174' title='bbox 2272 1358 2618 1415; x_wconf 81' lang='lat' dir='ltr'><strong>inferioribus</strong></span> <span class='ocrx_word' id='word_1_175' title='bbox 2651 1362 2809 1418; x_wconf 89' lang='lat' dir='ltr'><strong>bonis</strong></span> <span class='ocrx_word' id='word_1_176' title='bbox 2847 1366 3101 1422; x_wconf 83' lang='lat' dir='ltr'><strong>Servatur</strong></span> <span class='ocrx_word' id='word_1_177' title='bbox 3131 1384 3371 1439; x_wconf 63' lang='lat' dir='ltr'><strong>prwstat,</strong></span> <span class='ocrx_word' id='word_1_178' title='bbox 3412 1389 3605 1446; x_wconf 88' lang='lat' dir='ltr'><strong>quate-</strong></span> 
     </span>
    </p>
   </div>
   <div class='ocr_carea' id='block_1_22' title="bbox 363 1449 1976 1538">
    <p class='ocr_par' dir='ltr' id='par_1_22' title="bbox 363 1450 1934 1527">
     <span class='ocr_line' id='line_1_22' title="bbox 363 1450 1934 1527; baseline -0.003 -19"><span class='ocrx_word' id='word_1_179' title='bbox 363 1473 531 1527; x_wconf 89' lang='grc' dir='ltr'>στερα</span> <span class='ocrx_word' id='word_1_180' title='bbox 565 1453 746 1524; x_wconf 82' lang='grc' dir='ltr'>ἀγαθὰ</span> <span class='ocrx_word' id='word_1_181' title='bbox 786 1457 842 1507; x_wconf 81' lang='grc' dir='ltr'>ὲν</span> <span class='ocrx_word' id='word_1_182' title='bbox 872 1453 947 1524; x_wconf 84' lang='grc' dir='ltr'>τῷ</span> <span class='ocrx_word' id='word_1_183' title='bbox 980 1454 1214 1524; x_wconf 80' lang='grc' dir='ltr'><strong>Σωτῆρι,</strong></span> <span class='ocrx_word' id='word_1_184' title='bbox 1256 1452 1390 1506; x_wconf 88' lang='grc' dir='ltr'>καθό</span> <span class='ocrx_word' id='word_1_185' title='bbox 1436 1454 1583 1505; x_wconf 79' lang='grc' dir='ltr'>ἐστιν</span> <span class='ocrx_word' id='word_1_186' title='bbox 1628 1450 1791 1504; x_wconf 86' lang='grc' dir='ltr'>εἰκὼν</span> <span class='ocrx_word' id='word_1_187' title='bbox 1833 1452 1934 1520; x_wconf 75' lang='grc' dir='ltr'>τῆς</span> 
     </span>
    </p>
   </div>
   <div class='ocr_carea' id='block_1_23' title="bbox 1991 1449 3604 1538">
    <p class='ocr_par' dir='ltr' id='par_1_23' title="bbox 2035 1449 3604 1538">
     <span class='ocr_line' id='line_1_23' title="bbox 2035 1449 3604 1538; baseline 0.016 -37"><span class='ocrx_word' id='word_1_188' title='bbox 2035 1462 2139 1502; x_wconf 88' lang='lat' dir='ltr'><strong>nus</strong></span> <span class='ocrx_word' id='word_1_189' title='bbox 2170 1449 2348 1518; x_wconf 80' lang='lat' dir='ltr'><strong>imago</strong></span> <span class='ocrx_word' id='word_1_190' title='bbox 2378 1460 2461 1505; x_wconf 85' lang='lat' dir='ltr'><strong>est</strong></span> <span class='ocrx_word' id='word_1_191' title='bbox 2493 1450 2752 1508; x_wconf 71' lang='lat' dir='ltr'>bonitatis</span> <span class='ocrx_word' id='word_1_192' title='bbox 2779 1454 2868 1510; x_wconf 87' lang='lat' dir='ltr'><strong>Dei</strong></span> <span class='ocrx_word' id='word_1_193' title='bbox 2900 1458 3092 1527; x_wconf 85' lang='lat' dir='ltr'><strong>ipsius.</strong></span> <span class='ocrx_word' id='word_1_194' title='bbox 3124 1479 3287 1531; x_wconf 84' lang='lat' dir='ltr'><strong>quant</strong></span> <span class='ocrx_word' id='word_1_195' title='bbox 3321 1465 3485 1535; x_wconf 82' lang='lat' dir='ltr'><strong>Deus,</strong></span> <span class='ocrx_word' id='word_1_196' title='bbox 3510 1472 3604 1538; x_wconf 85' lang='lat' dir='ltr'><strong>qui</strong></span> 
     </span>
    </p>
   </div>
   <div class='ocr_carea' id='block_1_24' title="bbox 356 1538 1969 1626">
    <p class='ocr_par' dir='ltr' id='par_1_24' title="bbox 356 1542 1932 1617">
     <span class='ocr_line' id='line_1_24' title="bbox 356 1542 1932 1617; baseline -0.004 -16"><span class='ocrx_word' id='word_1_197' title='bbox 356 1545 693 1617; x_wconf 64' lang='grc' dir='ltr'>ἁγαθότητος</span> <span class='ocrx_word' id='word_1_198' title='bbox 734 1545 898 1603; x_wconf 62' lang='grc' dir='ltr'>αὺτοῦ</span> <span class='ocrx_word' id='word_1_199' title='bbox 943 1544 1038 1597; x_wconf 85' lang='grc' dir='ltr'><strong>τοῦ</strong></span> <span class='ocrx_word' id='word_1_200' title='bbox 1085 1543 1241 1607; x_wconf 84' lang='grc' dir='ltr'>Θεοῦ,</span> <span class='ocrx_word' id='word_1_201' title='bbox 1289 1545 1432 1615; x_wconf 75' lang='grc' dir='ltr'>ἥπερ</span> <span class='ocrx_word' id='word_1_202' title='bbox 1473 1546 1507 1615; x_wconf 81' lang='grc' dir='ltr'>ἡ</span> <span class='ocrx_word' id='word_1_203' title='bbox 1553 1543 1793 1614; x_wconf 77' lang='grc' dir='ltr'>ὑπεροχὴ</span> <span class='ocrx_word' id='word_1_204' title='bbox 1838 1542 1932 1595; x_wconf 85' lang='grc' dir='ltr'><strong>τοῦ</strong></span> 
     </span>
    </p>
   </div>
   <div class='ocr_carea' id='block_1_25' title="bbox 1993 1538 3606 1626">
    <p class='ocr_par' dir='ltr' id='par_1_25' title="bbox 2035 1538 3606 1626">
     <span class='ocr_line' id='line_1_25' title="bbox 2035 1538 3606 1626; baseline 0.015 -33"><span class='ocrx_word' id='word_1_205' title='bbox 2035 1540 2211 1593; x_wconf 87' lang='lat' dir='ltr'><strong>bonus</strong></span> <span class='ocrx_word' id='word_1_206' title='bbox 2239 1549 2341 1602; x_wconf 86' lang='lat' dir='ltr'><strong>est,</strong></span> <span class='ocrx_word' id='word_1_207' title='bbox 2371 1538 2647 1596; x_wconf 82' lang='lat' dir='ltr'><strong>Servato:i</strong></span> <span class='ocrx_word' id='word_1_208' title='bbox 2681 1544 2774 1612; x_wconf 91' lang='lat' dir='ltr'><strong>qui</strong></span> <span class='ocrx_word' id='word_1_209' title='bbox 2807 1546 2945 1601; x_wconf 79' lang='lat' dir='ltr'><strong>dixit</strong></span> <span class='ocrx_word' id='word_1_210' title='bbox 2968 1549 3010 1580; x_wconf 81' lang='grc'>¹²</span> <span class='ocrx_word' id='word_1_211' title='bbox 3044 1569 3060 1605; x_wconf 85' lang='grc'>;</span> <span class='ocrx_word' id='word_1_212' title='bbox 3091 1570 3110 1603; x_wconf 81' lang='grc' dir='ltr'><strong>ι</strong></span> <span class='ocrx_word' id='word_1_213' title='bbox 3140 1552 3301 1610; x_wconf 84' lang='lat' dir='ltr'><strong>Pater</strong></span> <span class='ocrx_word' id='word_1_214' title='bbox 3333 1558 3428 1626; x_wconf 86' lang='lat' dir='ltr'><strong>qui</strong></span> <span class='ocrx_word' id='word_1_215' title='bbox 3458 1560 3606 1616; x_wconf 86' lang='lat' dir='ltr'>misit</span> 
     </span>
    </p>
   </div>
   <div class='ocr_carea' id='block_1_26' title="bbox 357 1632 1970 1708">
    <p class='ocr_par' dir='ltr' id='par_1_26' title="bbox 357 1635 1934 1708">
     <span class='ocr_line' id='line_1_26' title="bbox 357 1635 1934 1708; baseline -0.003 -17"><span class='ocrx_word' id='word_1_216' title='bbox 357 1637 494 1692; x_wconf 86' lang='grc' dir='ltr'>Θεοῦ</span> <span class='ocrx_word' id='word_1_217' title='bbox 529 1639 682 1702; x_wconf 79' lang='grc' dir='ltr'>ὄντος</span> <span class='ocrx_word' id='word_1_218' title='bbox 714 1637 920 1706; x_wconf 79' lang='grc' dir='ltr'>ἀγαθοῦ</span> <span class='ocrx_word' id='word_1_219' title='bbox 967 1637 1105 1708; x_wconf 81' lang='grc' dir='ltr'>πρὸς</span> <span class='ocrx_word' id='word_1_220' title='bbox 1141 1637 1233 1691; x_wconf 88' lang='grc' dir='ltr'><strong>τὸν</strong></span> <span class='ocrx_word' id='word_1_221' title='bbox 1260 1636 1482 1689; x_wconf 79' lang='grc' dir='ltr'>εἰπόντα</span> <span class='ocrx_word' id='word_1_222' title='bbox 1515 1635 1764 1706; x_wconf 82' lang='grc' dir='ltr'><strong>Σωτῆρα·</strong></span> <span class='ocrx_word' id='word_1_223' title='bbox 1804 1654 1824 1686; x_wconf 76' lang='grc' dir='ltr'>σ</span> <span class='ocrx_word' id='word_1_224' title='bbox 1876 1636 1934 1687; x_wconf 85' lang='grc'><strong>’0</strong></span> 
     </span>
    </p>
   </div>
   <div class='ocr_carea' id='block_1_27' title="bbox 1992 1632 3605 1708">
    <p class='ocr_par' dir='ltr' id='par_1_27' title="bbox 2035 1632 3605 1708">
     <span class='ocr_line' id='line_1_27' title="bbox 2035 1632 3605 1708; baseline 0.017 -25"><span class='ocrx_word' id='word_1_225' title='bbox 2035 1646 2140 1696; x_wconf 89' lang='lat' dir='ltr'><strong>me,</strong></span> <span class='ocrx_word' id='word_1_226' title='bbox 2166 1632 2344 1700; x_wconf 81' lang='lat' dir='ltr'><strong>major</strong></span> <span class='ocrx_word' id='word_1_227' title='bbox 2370 1647 2457 1686; x_wconf 86' lang='lat' dir='ltr'><strong>me</strong></span> <span class='ocrx_word' id='word_1_228' title='bbox 2485 1644 2617 1700; x_wconf 64' lang='lat' dir='ltr'><strong>est,»</strong></span> <span class='ocrx_word' id='word_1_229' title='bbox 2645 1637 2738 1704; x_wconf 88' lang='lat' dir='ltr'><strong>qui</strong></span> <span class='ocrx_word' id='word_1_230' title='bbox 2765 1644 2821 1690; x_wconf 89' lang='lat' dir='ltr'><strong>et</strong></span> <span class='ocrx_word' id='word_1_231' title='bbox 2851 1638 3082 1696; x_wconf 89' lang='lat' dir='ltr'><strong>aliorum</strong></span> <span class='ocrx_word' id='word_1_232' title='bbox 3111 1648 3315 1703; x_wconf 79' lang='lat' dir='ltr'><strong>ratione</strong></span> <span class='ocrx_word' id='word_1_233' title='bbox 3344 1661 3426 1707; x_wconf 87' lang='lat' dir='ltr'><strong>est</strong></span> <span class='ocrx_word' id='word_1_234' title='bbox 3448 1651 3605 1708; x_wconf 87' lang='lat' dir='ltr'><strong>boni-</strong></span> 
     </span>
    </p>
   </div>
   <div class='ocr_carea' id='block_1_28' title="bbox 357 1724 1970 1815">
    <p class='ocr_par' dir='ltr' id='par_1_28' title="bbox 357 1725 1933 1803">
     <span class='ocr_line' id='line_1_28' title="bbox 357 1725 1933 1803; baseline -0.005 -19"><span class='ocrx_word' id='word_1_235' title='bbox 357 1729 547 1803; x_wconf 83' lang='grc' dir='ltr'>Πατὴρ</span> <span class='ocrx_word' id='word_1_236' title='bbox 591 1734 619 1786; x_wconf 97' lang='lat'><strong>6</strong></span> <span class='ocrx_word' id='word_1_237' title='bbox 642 1731 863 1802; x_wconf 64' lang='grc' dir='ltr'>πέμψας</span> <span class='ocrx_word' id='word_1_238' title='bbox 893 1746 957 1801; x_wconf 79' lang='grc' dir='ltr'>με</span> <span class='ocrx_word' id='word_1_239' title='bbox 996 1727 1196 1800; x_wconf 78' lang='grc' dir='ltr'>μείζων</span> <span class='ocrx_word' id='word_1_240' title='bbox 1246 1744 1348 1798; x_wconf 84' lang='grc' dir='ltr'><strong>μου</strong></span> <span class='ocrx_word' id='word_1_241' title='bbox 1382 1726 1552 1789; x_wconf 72' lang='grc' dir='ltr'>ἐστὶν,</span> <span class='ocrx_word' id='word_1_242' title='bbox 1589 1746 1607 1778; x_wconf 76' lang='grc' dir='ltr'><strong>ι</strong></span> <span class='ocrx_word' id='word_1_243' title='bbox 1643 1727 1772 1779; x_wconf 79' lang='grc' dir='ltr'>ὅντα</span> <span class='ocrx_word' id='word_1_244' title='bbox 1796 1725 1933 1796; x_wconf 80' lang='grc' dir='ltr'>πρὸς</span> 
     </span>
    </p>
   </div>
   <div class='ocr_carea' id='block_1_29' title="bbox 1989 1724 3602 1815">
    <p class='ocr_par' dir='ltr' id='par_1_29' title="bbox 2036 1724 3602 1815">
     <span class='ocr_line' id='line_1_29' title="bbox 2036 1724 3602 1815; baseline 0.016 -39"><span class='ocrx_word' id='word_1_245' title='bbox 2036 1725 2159 1777; x_wconf 82' lang='lat' dir='ltr'><strong>tatis</strong></span> <span class='ocrx_word' id='word_1_246' title='bbox 2185 1724 2277 1778; x_wconf 87' lang='lat' dir='ltr'><strong>Dei</strong></span> <span class='ocrx_word' id='word_1_247' title='bbox 2312 1725 2511 1795; x_wconf 80' lang='lat' dir='ltr'><strong>imago.</strong></span> <span class='ocrx_word' id='word_1_248' title='bbox 2562 1726 2809 1784; x_wconf 76' lang='lat' dir='ltr'><strong>Fortasse</strong></span> <span class='ocrx_word' id='word_1_249' title='bbox 2842 1746 2970 1787; x_wconf 86' lang='lat' dir='ltr'><strong>vero</strong></span> <span class='ocrx_word' id='word_1_250' title='bbox 3002 1750 3124 1789; x_wconf 89' lang='lat' dir='ltr'><strong>cum</strong></span> <span class='ocrx_word' id='word_1_251' title='bbox 3164 1753 3352 1794; x_wconf 81' lang='lat' dir='ltr'><strong>eorum</strong></span> <span class='ocrx_word' id='word_1_252' title='bbox 3394 1744 3602 1815; x_wconf 83' lang='lat' dir='ltr'><strong>signifi-</strong></span> 
     </span>
    </p>
   </div>
   <div class='ocr_carea' id='block_1_30' title="bbox 354 1817 1967 1901">
    <p class='ocr_par' dir='ltr' id='par_1_30' title="bbox 354 1817 1967 1901">
     <span class='ocr_line' id='line_1_30' title="bbox 354 1817 1967 1901; baseline -0.004 -25"><span class='ocrx_word' id='word_1_253' title='bbox 354 1823 575 1896; x_wconf 81' lang='grc' dir='ltr'>ἐτέρους</span> <span class='ocrx_word' id='word_1_254' title='bbox 604 1823 700 1876; x_wconf 73' lang='grc' dir='ltr'>καὶ</span> <span class='ocrx_word' id='word_1_255' title='bbox 739 1822 921 1901; x_wconf 74' lang='grc' dir='ltr'>εἰκόνα</span> <span class='ocrx_word' id='word_1_256' title='bbox 952 1823 1052 1890; x_wconf 83' lang='grc' dir='ltr'>τῆς</span> <span class='ocrx_word' id='word_1_257' title='bbox 1092 1819 1427 1890; x_wconf 82' lang='grc' dir='ltr'>ἀγαθότητος</span> <span class='ocrx_word' id='word_1_258' title='bbox 1464 1817 1556 1870; x_wconf 85' lang='grc' dir='ltr'><strong>τοῦ</strong></span> <span class='ocrx_word' id='word_1_259' title='bbox 1594 1817 1749 1871; x_wconf 85' lang='grc' dir='ltr'>Θεοῦ.</span> <span class='ocrx_word' id='word_1_260' title='bbox 1778 1818 1932 1887; x_wconf 83' lang='grc' dir='ltr'><strong>Τάχα</strong></span> <span class='ocrx_word' id='word_1_261' title='bbox 1959 1894 1967 1901; x_wconf 39' lang='lat'>&#39;</span> 
     </span>
    </p>
   </div>
   <div class='ocr_carea' id='block_1_31' title="bbox 1991 1817 3604 1901">
    <p class='ocr_par' dir='ltr' id='par_1_31' title="bbox 1991 1817 3604 1901">
     <span class='ocr_line' id='line_1_31' title="bbox 1991 1817 3604 1901; baseline 0.014 -31"><span class='ocrx_word' id='word_1_262' title='bbox 1991 1897 1996 1901; x_wconf 56' lang='lat'><strong><em>_</em></strong></span> <span class='ocrx_word' id='word_1_263' title='bbox 2032 1817 2245 1871; x_wconf 84' lang='lat' dir='ltr'><strong>catione</strong></span> <span class='ocrx_word' id='word_1_264' title='bbox 2271 1834 2392 1888; x_wconf 80' lang='lat' dir='ltr'><strong>quae</strong></span> <span class='ocrx_word' id='word_1_265' title='bbox 2420 1820 2561 1874; x_wconf 85' lang='lat' dir='ltr'><strong>dicta</strong></span> <span class='ocrx_word' id='word_1_266' title='bbox 2588 1830 2718 1876; x_wconf 92' lang='lat' dir='ltr'><strong>sunt</strong></span> <span class='ocrx_word' id='word_1_267' title='bbox 2744 1838 2911 1894; x_wconf 82' lang='lat' dir='ltr'><strong>super</strong></span> <span class='ocrx_word' id='word_1_268' title='bbox 2935 1840 3001 1880; x_wconf 85' lang='lat' dir='ltr'><strong>eo</strong></span> <span class='ocrx_word' id='word_1_269' title='bbox 3033 1827 3110 1882; x_wconf 76' lang='grc' dir='ltr'><strong>¹³ε</strong></span> <span class='ocrx_word' id='word_1_270' title='bbox 3142 1848 3166 1881; x_wconf 75' lang='grc' dir='ltr'><strong>ι</strong></span> <span class='ocrx_word' id='word_1_271' title='bbox 3196 1829 3335 1895; x_wconf 85' lang='lat' dir='ltr'><strong>Quid</strong></span> <span class='ocrx_word' id='word_1_272' title='bbox 3365 1833 3492 1889; x_wconf 87' lang='lat' dir='ltr'><strong>boni</strong></span> <span class='ocrx_word' id='word_1_273' title='bbox 3523 1836 3604 1893; x_wconf 85' lang='lat' dir='ltr'><strong>fa-</strong></span> 
     </span>
    </p>
   </div>
   <div class='ocr_carea' id='block_1_32' title="bbox 351 1894 1964 1989">
    <p class='ocr_par' dir='ltr' id='par_1_32' title="bbox 351 1894 1964 1989">
     <span class='ocr_line' id='line_1_32' title="bbox 351 1894 1964 1989; baseline -0.006 -22"><span class='ocrx_word' id='word_1_274' title='bbox 351 1912 409 1967; x_wconf 82' lang='grc' dir='ltr'><strong>δὲ</strong></span> <span class='ocrx_word' id='word_1_275' title='bbox 434 1894 528 1966; x_wconf 82' lang='grc' dir='ltr'><strong>τοῦ</strong></span> <span class='ocrx_word' id='word_1_276' title='bbox 560 1894 893 1989; x_wconf 76' lang='grc' dir='ltr'>βουλήματος</span> <span class='ocrx_word' id='word_1_277' title='bbox 927 1911 1108 1980; x_wconf 74' lang='grc' dir='ltr'>ἔχεται</span> <span class='ocrx_word' id='word_1_278' title='bbox 1133 1909 1239 1962; x_wconf 88' lang='grc' dir='ltr'><strong>τῶν</strong></span> <span class='ocrx_word' id='word_1_279' title='bbox 1270 1909 1609 1980; x_wconf 83' lang='grc' dir='ltr'>λελεγμένων</span> <span class='ocrx_word' id='word_1_280' title='bbox 1641 1909 1749 1979; x_wconf 73' lang='grc'>(52)</span> <span class='ocrx_word' id='word_1_281' title='bbox 1793 1909 1929 1979; x_wconf 82' lang='grc' dir='ltr'>πρὸς</span> <span class='ocrx_word' id='word_1_282' title='bbox 1959 1894 1964 1946; x_wconf 60' lang='grc' dir='ltr'><strong>ἶ</strong></span> 
     </span>
    </p>
   </div>
   <div class='ocr_carea' id='block_1_33' title="bbox 1987 1894 3600 1989">
    <p class='ocr_par' dir='ltr' id='par_1_33' title="bbox 1987 1894 3600 1985">
     <span class='ocr_line' id='line_1_33' title="bbox 1987 1894 3600 1985; baseline 0.012 -23"><span class='ocrx_word' id='word_1_283' title='bbox 1987 1896 2002 1947; x_wconf 65' lang='grc' dir='ltr'>ι</span> <span class='ocrx_word' id='word_1_284' title='bbox 2030 1909 2209 1964; x_wconf 79' lang='lat' dir='ltr'><strong>ciam?</strong></span> <span class='ocrx_word' id='word_1_285' title='bbox 2244 1928 2263 1960; x_wconf 71' lang='grc' dir='ltr'><strong>ι</strong></span> <span class='ocrx_word' id='word_1_286' title='bbox 2296 1910 2380 1981; x_wconf 87' lang='lat' dir='ltr'><strong>(ea</strong></span> <span class='ocrx_word' id='word_1_287' title='bbox 2404 1921 2582 1966; x_wconf 89' lang='lat' dir='ltr'><strong>autem</strong></span> <span class='ocrx_word' id='word_1_288' title='bbox 2613 1913 2754 1968; x_wconf 88' lang='lat' dir='ltr'><strong>dicta</strong></span> <span class='ocrx_word' id='word_1_289' title='bbox 2784 1926 2950 1970; x_wconf 91' lang='lat' dir='ltr'><strong>sunt:</strong></span> <span class='ocrx_word' id='word_1_290' title='bbox 2989 1937 3008 1969; x_wconf 77' lang='grc' dir='ltr'><strong>ι</strong></span> <span class='ocrx_word' id='word_1_291' title='bbox 3042 1917 3181 1985; x_wconf 86' lang='lat' dir='ltr'><strong>Quid</strong></span> <span class='ocrx_word' id='word_1_292' title='bbox 3224 1894 3313 1977; x_wconf 88' lang='lat' dir='ltr'><strong>me</strong></span> <span class='ocrx_word' id='word_1_293' title='bbox 3365 1925 3600 1982; x_wconf 88' lang='lat' dir='ltr'><strong>interro-</strong></span> 
     </span>
    </p>
   </div>
   <div class='ocr_carea' id='block_1_34' title="bbox 354 1995 1967 2079">
    <p class='ocr_par' dir='ltr' id='par_1_34' title="bbox 354 1995 1922 2069">
     <span class='ocr_line' id='line_1_34' title="bbox 354 1995 1922 2069; baseline -0.001 -19"><span class='ocrx_word' id='word_1_294' title='bbox 354 1998 446 2051; x_wconf 83' lang='grc' dir='ltr'>τό·</span> <span class='ocrx_word' id='word_1_295' title='bbox 490 2017 508 2049; x_wconf 80' lang='grc' dir='ltr'><strong>ι</strong></span> <span class='ocrx_word' id='word_1_296' title='bbox 546 1998 611 2050; x_wconf 81' lang='grc' dir='ltr'><strong>Τί</strong></span> <span class='ocrx_word' id='word_1_297' title='bbox 641 1998 844 2066; x_wconf 81' lang='grc' dir='ltr'>ἀγαθὸν</span> <span class='ocrx_word' id='word_1_298' title='bbox 878 1999 1116 2069; x_wconf 84' lang='grc' dir='ltr'>ποιήσω;</span> <span class='ocrx_word' id='word_1_299' title='bbox 1156 2016 1174 2047; x_wconf 76' lang='grc' dir='ltr'><strong>ι</strong></span> <span class='ocrx_word' id='word_1_300' title='bbox 1212 1995 1459 2067; x_wconf 76' lang='grc' dir='ltr'>λελέχθαι</span> <span class='ocrx_word' id='word_1_301' title='bbox 1487 1997 1543 2048; x_wconf 81' lang='grc' dir='ltr'><strong>δὲ</strong></span> <span class='ocrx_word' id='word_1_302' title='bbox 1586 1998 1723 2069; x_wconf 72' lang='grc' dir='ltr'>πρὸς</span> <span class='ocrx_word' id='word_1_303' title='bbox 1760 1996 1922 2049; x_wconf 79' lang='grc' dir='ltr'>αὑτό·</span> 
     </span>
    </p>
   </div>
   <div class='ocr_carea' id='block_1_35' title="bbox 1989 1995 3602 2079">
    <p class='ocr_par' dir='ltr' id='par_1_35' title="bbox 2030 2002 3602 2079">
     <span class='ocr_line' id='line_1_35' title="bbox 2030 2002 3602 2079; baseline 0.013 -25"><span class='ocrx_word' id='word_1_304' title='bbox 2030 2017 2125 2071; x_wconf 80' lang='lat' dir='ltr'><strong>gas</strong></span> <span class='ocrx_word' id='word_1_305' title='bbox 2146 2002 2214 2056; x_wconf 90' lang='lat' dir='ltr'><strong>de</strong></span> <span class='ocrx_word' id='word_1_306' title='bbox 2244 2002 2422 2056; x_wconf 89' lang='lat' dir='ltr'><strong>bono?</strong></span> <span class='ocrx_word' id='word_1_307' title='bbox 2448 2020 2588 2057; x_wconf 90' lang='lat' dir='ltr'><strong>unus</strong></span> <span class='ocrx_word' id='word_1_308' title='bbox 2614 2013 2697 2058; x_wconf 86' lang='lat' dir='ltr'><strong>est</strong></span> <span class='ocrx_word' id='word_1_309' title='bbox 2727 2005 2921 2079; x_wconf 84' lang='lat' dir='ltr'><strong>bonus)</strong></span> <span class='ocrx_word' id='word_1_310' title='bbox 2954 2027 2973 2060; x_wconf 75' lang='grc' dir='ltr'><strong>ι</strong></span> <span class='ocrx_word' id='word_1_311' title='bbox 3021 2012 3411 2069; x_wconf 79' lang='lat' dir='ltr'><strong>eounexiouem</strong></span> <span class='ocrx_word' id='word_1_312' title='bbox 3438 2016 3602 2074; x_wconf 79' lang='lat' dir='ltr'><strong>habet</strong></span> 
     </span>
    </p>
   </div>
   <div class='ocr_carea' id='block_1_36' title="bbox 358 2084 1971 2177">
    <p class='ocr_par' dir='ltr' id='par_1_36' title="bbox 358 2084 1926 2161">
     <span class='ocr_line' id='line_1_36' title="bbox 358 2084 1926 2161; baseline 0.001 -20"><span class='ocrx_word' id='word_1_313' title='bbox 358 2111 379 2141; x_wconf 73' lang='grc' dir='ltr'><strong>ι</strong></span> <span class='ocrx_word' id='word_1_314' title='bbox 412 2089 475 2141; x_wconf 86' lang='grc' dir='ltr'><strong>τι</strong></span> <span class='ocrx_word' id='word_1_315' title='bbox 507 2106 574 2160; x_wconf 86' lang='grc' dir='ltr'><strong>με</strong></span> <span class='ocrx_word' id='word_1_316' title='bbox 604 2090 812 2161; x_wconf 78' lang='grc' dir='ltr'><strong>ἐρωτᾷς</strong></span> <span class='ocrx_word' id='word_1_317' title='bbox 858 2090 985 2159; x_wconf 74' lang='grc' dir='ltr'>περὶ</span> <span class='ocrx_word' id='word_1_318' title='bbox 1018 2088 1111 2141; x_wconf 86' lang='grc' dir='ltr'><strong>τοῦ</strong></span> <span class='ocrx_word' id='word_1_319' title='bbox 1152 2089 1393 2157; x_wconf 84' lang='grc' dir='ltr'>ἀγαθοῦ;</span> <span class='ocrx_word' id='word_1_320' title='bbox 1424 2084 1503 2152; x_wconf 73' lang='grc' dir='ltr'>εἷς</span> <span class='ocrx_word' id='word_1_321' title='bbox 1548 2090 1694 2141; x_wconf 80' lang='grc' dir='ltr'>ἐστιν</span> <span class='ocrx_word' id='word_1_322' title='bbox 1728 2091 1755 2142; x_wconf 89' lang='grc' dir='ltr'>ὁ</span> <span class='ocrx_word' id='word_1_323' title='bbox 1789 2090 1926 2157; x_wconf 78' lang='grc' dir='ltr'><strong>ἀγα-</strong></span> 
     </span>
    </p>
   </div>
   <div class='ocr_carea' id='block_1_37' title="bbox 1990 2084 3603 2177">
    <p class='ocr_par' dir='ltr' id='par_1_37' title="bbox 2028 2093 3603 2177">
     <span class='ocr_line' id='line_1_37' title="bbox 2028 2093 3603 2177; baseline 0.013 -32"><span class='ocrx_word' id='word_1_324' title='bbox 2028 2093 2158 2145; x_wconf 88' lang='lat' dir='ltr'><strong>illud</strong></span> <span class='ocrx_word' id='word_1_325' title='bbox 2192 2093 2237 2125; x_wconf 67' lang='lat'><strong>“</strong></span> <span class='ocrx_word' id='word_1_326' title='bbox 2270 2111 2283 2147; x_wconf 95' lang='lat'><strong>:</strong></span> <span class='ocrx_word' id='word_1_327' title='bbox 2318 2113 2336 2144; x_wconf 71' lang='grc' dir='ltr'><strong>ι</strong></span> <span class='ocrx_word' id='word_1_328' title='bbox 2367 2094 2504 2149; x_wconf 83' lang='lat' dir='ltr'><strong>Cum</strong></span> <span class='ocrx_word' id='word_1_329' title='bbox 2543 2096 2783 2151; x_wconf 81' lang='lat' dir='ltr'><strong>feceritis</strong></span> <span class='ocrx_word' id='word_1_330' title='bbox 2812 2101 2994 2155; x_wconf 85' lang='lat' dir='ltr'><strong>onmia</strong></span> <span class='ocrx_word' id='word_1_331' title='bbox 3032 2118 3152 2171; x_wconf 78' lang='lat' dir='ltr'><strong>qua:</strong></span> <span class='ocrx_word' id='word_1_332' title='bbox 3172 2119 3435 2177; x_wconf 66' lang='lat' dir='ltr'><strong>praterpta</strong></span> <span class='ocrx_word' id='word_1_333' title='bbox 3472 2119 3603 2166; x_wconf 84' lang='lat' dir='ltr'><strong>sunt</strong></span> 
     </span>
    </p>
   </div>
   <div class='ocr_carea' id='block_1_38' title="bbox 355 2180 1968 2272">
    <p class='ocr_par' dir='ltr' id='par_1_38' title="bbox 355 2180 1926 2253">
     <span class='ocr_line' id='line_1_38' title="bbox 355 2180 1926 2253; baseline 0 -18"><span class='ocrx_word' id='word_1_334' title='bbox 355 2182 465 2246; x_wconf 81' lang='lat'><strong>06;,</strong></span> <span class='ocrx_word' id='word_1_335' title='bbox 507 2201 525 2233; x_wconf 77' lang='grc' dir='ltr'><strong>ι</strong></span> <span class='ocrx_word' id='word_1_336' title='bbox 562 2181 622 2234; x_wconf 87' lang='grc' dir='ltr'><strong>τό</strong></span> <span class='ocrx_word' id='word_1_337' title='bbox 645 2199 657 2212; x_wconf 77' lang='grc' dir='ltr'><strong><em>ο</em></strong></span> <span class='ocrx_word' id='word_1_338' title='bbox 694 2201 713 2233; x_wconf 77' lang='grc' dir='ltr'><strong>ι</strong></span> <span class='ocrx_word' id='word_1_339' title='bbox 752 2183 919 2235; x_wconf 85' lang='grc' dir='ltr'>Ὅταν</span> <span class='ocrx_word' id='word_1_340' title='bbox 954 2184 1213 2253; x_wconf 75' lang='grc' dir='ltr'><strong>ποιήσητε</strong></span> <span class='ocrx_word' id='word_1_341' title='bbox 1249 2181 1424 2234; x_wconf 80' lang='grc' dir='ltr'>πάντα</span> <span class='ocrx_word' id='word_1_342' title='bbox 1465 2180 1532 2234; x_wconf 77' lang='grc' dir='ltr'>τὰ</span> <span class='ocrx_word' id='word_1_343' title='bbox 1575 2181 1926 2252; x_wconf 77' lang='grc' dir='ltr'>διαταχθέντα</span> 
     </span>
    </p>
   </div>
   <div class='ocr_carea' id='block_1_39' title="bbox 1985 2180 3598 2272">
    <p class='ocr_par' dir='ltr' id='par_1_39' title="bbox 2026 2185 3598 2272">
     <span class='ocr_line' id='line_1_39' title="bbox 2026 2185 3598 2272; baseline 0.012 -33"><span class='ocrx_word' id='word_1_344' title='bbox 2026 2185 2200 2251; x_wconf 74' lang='lat' dir='ltr'><strong>Vobis,</strong></span> <span class='ocrx_word' id='word_1_345' title='bbox 2229 2186 2438 2243; x_wconf 79' lang='lat' dir='ltr'><strong>debetis</strong></span> <span class='ocrx_word' id='word_1_346' title='bbox 2470 2189 2650 2244; x_wconf 87' lang='lat' dir='ltr'><strong>dicere</strong></span> <span class='ocrx_word' id='word_1_347' title='bbox 2683 2209 2696 2244; x_wconf 86' lang='lat'><strong>:</strong></span> <span class='ocrx_word' id='word_1_348' title='bbox 2734 2189 2888 2246; x_wconf 87' lang='lat' dir='ltr'><strong>Servi</strong></span> <span class='ocrx_word' id='word_1_349' title='bbox 2932 2195 3148 2252; x_wconf 88' lang='lat' dir='ltr'><strong>inutiles</strong></span> <span class='ocrx_word' id='word_1_350' title='bbox 3196 2214 3420 2267; x_wconf 86' lang='lat' dir='ltr'><strong>sumus;</strong></span> <span class='ocrx_word' id='word_1_351' title='bbox 3456 2203 3598 2272; x_wconf 91' lang='lat' dir='ltr'><strong>quod</strong></span> 
     </span>
    </p>
   </div>
   <div class='ocr_carea' id='block_1_40' title="bbox 353 2272 1966 2361">
    <p class='ocr_par' dir='ltr' id='par_1_40' title="bbox 353 2272 1922 2346">
     <span class='ocr_line' id='line_1_40' title="bbox 353 2272 1922 2346; baseline 0.001 -19"><span class='ocrx_word' id='word_1_352' title='bbox 353 2274 504 2345; x_wconf 81' lang='grc' dir='ltr'>ὑμῖν,</span> <span class='ocrx_word' id='word_1_353' title='bbox 533 2273 774 2342; x_wconf 83' lang='grc' dir='ltr'>ὀφείλετε</span> <span class='ocrx_word' id='word_1_354' title='bbox 805 2272 981 2341; x_wconf 85' lang='grc' dir='ltr'>λέγειν</span> <span class='ocrx_word' id='word_1_355' title='bbox 1012 2274 1145 2344; x_wconf 80' lang='grc'>(55),</span> <span class='ocrx_word' id='word_1_356' title='bbox 1178 2273 1260 2326; x_wconf 82' lang='grc' dir='ltr'>ὅτι</span> <span class='ocrx_word' id='word_1_357' title='bbox 1288 2272 1464 2326; x_wconf 87' lang='grc' dir='ltr'>δοῦλοι</span> <span class='ocrx_word' id='word_1_358' title='bbox 1498 2274 1703 2346; x_wconf 78' lang='grc' dir='ltr'>ἀχρεῖοί</span> <span class='ocrx_word' id='word_1_359' title='bbox 1736 2278 1922 2344; x_wconf 77' lang='grc' dir='ltr'>ἐσμεν·</span> 
     </span>
    </p>
   </div>
   <div class='ocr_carea' id='block_1_41' title="bbox 1986 2272 3599 2361">
    <p class='ocr_par' dir='ltr' id='par_1_41' title="bbox 2026 2278 3599 2361">
     <span class='ocr_line' id='line_1_41' title="bbox 2026 2278 3599 2361; baseline 0.011 -30"><span class='ocrx_word' id='word_1_360' title='bbox 2026 2278 2313 2333; x_wconf 81' lang='lat' dir='ltr'><strong>debuimus</strong></span> <span class='ocrx_word' id='word_1_361' title='bbox 2353 2278 2553 2345; x_wconf 85' lang='lat' dir='ltr'><strong>facere,</strong></span> <span class='ocrx_word' id='word_1_362' title='bbox 2593 2280 2843 2338; x_wconf 79' lang='lat' dir='ltr'><strong>iecimus.</strong></span> <span class='ocrx_word' id='word_1_363' title='bbox 2886 2303 2905 2335; x_wconf 74' lang='grc' dir='ltr'><strong>ι</strong></span> <span class='ocrx_word' id='word_1_364' title='bbox 2954 2283 3085 2340; x_wconf 80' lang='lat' dir='ltr'><strong>Nam</strong></span> <span class='ocrx_word' id='word_1_365' title='bbox 3110 2287 3154 2341; x_wconf 92' lang='lat' dir='ltr'><strong>si</strong></span> <span class='ocrx_word' id='word_1_366' title='bbox 3185 2304 3522 2361; x_wconf 80' lang='lat' dir='ltr'><strong>quaecunque</strong></span> <span class='ocrx_word' id='word_1_367' title='bbox 3543 2292 3599 2349; x_wconf 92' lang='lat' dir='ltr'><strong>in</strong></span> 
     </span>
    </p>
   </div>
   <div class='ocr_carea' id='block_1_42' title="bbox 348 2364 1961 2449">
    <p class='ocr_par' dir='ltr' id='par_1_42' title="bbox 348 2364 1928 2439">
     <span class='ocr_line' id='line_1_42' title="bbox 348 2364 1928 2439; baseline -0.012 -1"><span class='ocrx_word' id='word_1_368' title='bbox 348 2367 379 2420; x_wconf 78' lang='grc' dir='ltr'>δ</span> <span class='ocrx_word' id='word_1_369' title='bbox 404 2366 686 2435; x_wconf 63' lang='grc' dir='ltr'>ὀφείλομεν</span> <span class='ocrx_word' id='word_1_370' title='bbox 713 2366 952 2436; x_wconf 85' lang='grc' dir='ltr'>ποιῆσαι,</span> <span class='ocrx_word' id='word_1_371' title='bbox 994 2366 1407 2437; x_wconf 72' lang='grc' dir='ltr'>πεποιήκαμεν·</span> <span class='ocrx_word' id='word_1_372' title='bbox 1449 2385 1469 2417; x_wconf 71' lang='grc' dir='ltr'><strong>ι</strong></span> <span class='ocrx_word' id='word_1_373' title='bbox 1504 2364 1599 2420; x_wconf 79' lang='grc' dir='ltr'>ἐὰν</span> <span class='ocrx_word' id='word_1_374' title='bbox 1637 2367 1745 2439; x_wconf 83' lang='grc' dir='ltr'><strong>γὰρ</strong></span> <span class='ocrx_word' id='word_1_375' title='bbox 1772 2368 1928 2439; x_wconf 75' lang='grc' dir='ltr'>ποιή-</span> 
     </span>
    </p>
   </div>
   <div class='ocr_carea' id='block_1_43' title="bbox 1987 2364 3600 2449">
    <p class='ocr_par' dir='ltr' id='par_1_43' title="bbox 2026 2371 3600 2449">
     <span class='ocr_line' id='line_1_43' title="bbox 2026 2371 3600 2449; baseline 0.013 -28"><span class='ocrx_word' id='word_1_376' title='bbox 2026 2371 2297 2424; x_wconf 86' lang='lat' dir='ltr'><strong>maudatis</strong></span> <span class='ocrx_word' id='word_1_377' title='bbox 2325 2371 2676 2428; x_wconf 79' lang='lat' dir='ltr'><strong>habuerimus</strong></span> <span class='ocrx_word' id='word_1_378' title='bbox 2715 2391 2743 2427; x_wconf 89' lang='lat' dir='ltr'><strong>a</strong></span> <span class='ocrx_word' id='word_1_379' title='bbox 2777 2376 2934 2431; x_wconf 88' lang='lat' dir='ltr'><strong>nobis</strong></span> <span class='ocrx_word' id='word_1_380' title='bbox 2968 2388 3117 2449; x_wconf 82' lang='lat' dir='ltr'><strong>gesta</strong></span> <span class='ocrx_word' id='word_1_381' title='bbox 3154 2379 3376 2448; x_wconf 86' lang='lat' dir='ltr'><strong>fuerint,</strong></span> <span class='ocrx_word' id='word_1_382' title='bbox 3407 2401 3474 2438; x_wconf 90' lang='lat' dir='ltr'><strong>ne</strong></span> <span class='ocrx_word' id='word_1_383' title='bbox 3518 2387 3600 2441; x_wconf 87' lang='lat' dir='ltr'><strong>sic</strong></span> 
     </span>
    </p>
   </div>
   <div class='ocr_carea' id='block_1_44' title="bbox 354 2457 1967 2545">
    <p class='ocr_par' dir='ltr' id='par_1_44' title="bbox 354 2457 1925 2531">
     <span class='ocr_line' id='line_1_44' title="bbox 354 2457 1925 2531; baseline 0 -18"><span class='ocrx_word' id='word_1_384' title='bbox 354 2476 533 2531; x_wconf 83' lang='grc' dir='ltr'>σωμεν</span> <span class='ocrx_word' id='word_1_385' title='bbox 566 2459 742 2512; x_wconf 83' lang='grc' dir='ltr'>πάντα</span> <span class='ocrx_word' id='word_1_386' title='bbox 782 2458 850 2512; x_wconf 83' lang='grc' dir='ltr'>τὰ</span> <span class='ocrx_word' id='word_1_387' title='bbox 885 2458 1258 2529; x_wconf 80' lang='grc' dir='ltr'>διαταχθέντα,</span> <span class='ocrx_word' id='word_1_388' title='bbox 1298 2458 1406 2511; x_wconf 77' lang='grc' dir='ltr'>οὐδ’</span> <span class='ocrx_word' id='word_1_389' title='bbox 1445 2457 1639 2523; x_wconf 75' lang='grc' dir='ltr'>οὕτως,</span> <span class='ocrx_word' id='word_1_390' title='bbox 1671 2460 1747 2523; x_wconf 83' lang='grc' dir='ltr'><strong>ὡς</strong></span> <span class='ocrx_word' id='word_1_391' title='bbox 1790 2460 1925 2531; x_wconf 76' lang='grc' dir='ltr'>πρὸς</span> 
     </span>
    </p>
   </div>
   <div class='ocr_carea' id='block_1_45' title="bbox 1989 2457 3602 2545">
    <p class='ocr_par' dir='ltr' id='par_1_45' title="bbox 2025 2462 3602 2545">
     <span class='ocr_line' id='line_1_45' title="bbox 2025 2462 3602 2545; baseline 0.012 -33"><span class='ocrx_word' id='word_1_392' title='bbox 2025 2462 2262 2529; x_wconf 86' lang='lat' dir='ltr'><strong>quidem,</strong></span> <span class='ocrx_word' id='word_1_393' title='bbox 2282 2462 2433 2531; x_wconf 78' lang='lat' dir='ltr'><strong>juxta</strong></span> <span class='ocrx_word' id='word_1_394' title='bbox 2468 2465 2570 2517; x_wconf 90' lang='lat' dir='ltr'><strong>loci</strong></span> <span class='ocrx_word' id='word_1_395' title='bbox 2596 2465 2758 2533; x_wconf 88' lang='lat' dir='ltr'><strong>hujus</strong></span> <span class='ocrx_word' id='word_1_396' title='bbox 2778 2467 3250 2537; x_wconf 73' lang='lat' dir='ltr'><strong>signiﬁcationem,</strong></span> <span class='ocrx_word' id='word_1_397' title='bbox 3287 2475 3412 2529; x_wconf 84' lang='lat' dir='ltr'><strong>boni</strong></span> <span class='ocrx_word' id='word_1_398' title='bbox 3442 2477 3602 2545; x_wconf 87' lang='lat' dir='ltr'><strong>quid-</strong></span> 
     </span>
    </p>
   </div>
   <div class='ocr_carea' id='block_1_46' title="bbox 349 2551 1962 2634">
    <p class='ocr_par' dir='ltr' id='par_1_46' title="bbox 349 2551 1923 2625">
     <span class='ocr_line' id='line_1_46' title="bbox 349 2551 1923 2625; baseline 0.001 -19"><span class='ocrx_word' id='word_1_399' title='bbox 349 2553 447 2617; x_wconf 70' lang='grc' dir='ltr'>τὰς</span> <span class='ocrx_word' id='word_1_400' title='bbox 489 2553 673 2606; x_wconf 81' lang='grc' dir='ltr'>ἐνθάδε</span> <span class='ocrx_word' id='word_1_401' title='bbox 716 2551 908 2617; x_wconf 78' lang='grc' dir='ltr'>λέξεις,</span> <span class='ocrx_word' id='word_1_402' title='bbox 951 2553 1153 2621; x_wconf 84' lang='grc' dir='ltr'>ἀγαθόν</span> <span class='ocrx_word' id='word_1_403' title='bbox 1188 2571 1239 2605; x_wconf 86' lang='grc' dir='ltr'><strong>τι</strong></span> <span class='ocrx_word' id='word_1_404' title='bbox 1273 2555 1685 2625; x_wconf 76' lang='grc' dir='ltr'>πεποιήκαμενο</span> <span class='ocrx_word' id='word_1_405' title='bbox 1724 2556 1824 2607; x_wconf 66' lang='grc' dir='ltr'><strong>οὐκ</strong></span> <span class='ocrx_word' id='word_1_406' title='bbox 1858 2554 1923 2608; x_wconf 82' lang='grc' dir='ltr'>ἂν</span> 
     </span>
    </p>
   </div>
   <div class='ocr_carea' id='block_1_47' title="bbox 1983 2551 3596 2634">
    <p class='ocr_par' dir='ltr' id='par_1_47' title="bbox 2024 2553 3596 2634">
     <span class='ocr_line' id='line_1_47' title="bbox 2024 2553 3596 2634; baseline 0.013 -30"><span class='ocrx_word' id='word_1_407' title='bbox 2024 2567 2187 2620; x_wconf 87' lang='lat' dir='ltr'><strong>quam</strong></span> <span class='ocrx_word' id='word_1_408' title='bbox 2213 2553 2538 2620; x_wconf 82' lang='lat' dir='ltr'><strong>fecerimus;</strong></span> <span class='ocrx_word' id='word_1_409' title='bbox 2571 2570 2693 2609; x_wconf 88' lang='lat' dir='ltr'><strong>nam</strong></span> <span class='ocrx_word' id='word_1_410' title='bbox 2725 2558 2770 2611; x_wconf 88' lang='lat' dir='ltr'><strong>si</strong></span> <span class='ocrx_word' id='word_1_411' title='bbox 2795 2558 2938 2614; x_wconf 83' lang='lat' dir='ltr'><strong>bona</strong></span> <span class='ocrx_word' id='word_1_412' title='bbox 2965 2572 3148 2616; x_wconf 88' lang='lat' dir='ltr'><strong>essent</strong></span> <span class='ocrx_word' id='word_1_413' title='bbox 3178 2580 3298 2632; x_wconf 74' lang='lat' dir='ltr'><strong>quae</strong></span> <span class='ocrx_word' id='word_1_414' title='bbox 3340 2564 3596 2634; x_wconf 79' lang='lat' dir='ltr'><strong>facimus,</strong></span> 
     </span>
    </p>
   </div>
   <div class='ocr_carea' id='block_1_48' title="bbox 348 2638 1961 2722">
    <p class='ocr_par' dir='ltr' id='par_1_48' title="bbox 348 2638 1925 2717">
     <span class='ocr_line' id='line_1_48' title="bbox 348 2638 1925 2717; baseline 0 -19"><span class='ocrx_word' id='word_1_415' title='bbox 348 2646 479 2717; x_wconf 77' lang='grc' dir='ltr'>γὰρ,</span> <span class='ocrx_word' id='word_1_416' title='bbox 510 2644 733 2713; x_wconf 80' lang='grc' dir='ltr'>ἀγαθῶν</span> <span class='ocrx_word' id='word_1_417' title='bbox 780 2645 946 2698; x_wconf 74' lang='grc' dir='ltr'>ὄντων</span> <span class='ocrx_word' id='word_1_418' title='bbox 975 2638 1048 2697; x_wconf 85' lang='grc' dir='ltr'>ὧν</span> <span class='ocrx_word' id='word_1_419' title='bbox 1083 2644 1364 2715; x_wconf 81' lang='grc' dir='ltr'>ποιοῦμεν,</span> <span class='ocrx_word' id='word_1_420' title='bbox 1405 2646 1656 2699; x_wconf 76' lang='grc' dir='ltr'>ἐλέλεκτο</span> <span class='ocrx_word' id='word_1_421' title='bbox 1691 2646 1801 2699; x_wconf 85' lang='grc' dir='ltr'>δεῖν</span> <span class='ocrx_word' id='word_1_422' title='bbox 1839 2645 1925 2698; x_wconf 80' lang='grc' dir='ltr'><strong>λέ-</strong></span> 
     </span>
    </p>
   </div>
   <div class='ocr_carea' id='block_1_49' title="bbox 1983 2638 3596 2722">
    <p class='ocr_par' dir='ltr' id='par_1_49' title="bbox 2024 2642 3596 2722">
     <span class='ocr_line' id='line_1_49' title="bbox 2024 2642 3596 2722; baseline 0.013 -28"><span class='ocrx_word' id='word_1_423' title='bbox 2024 2642 2250 2697; x_wconf 90' lang='lat' dir='ltr'><strong>minime</strong></span> <span class='ocrx_word' id='word_1_424' title='bbox 2295 2653 2420 2712; x_wconf 86' lang='lat' dir='ltr'><strong>post</strong></span> <span class='ocrx_word' id='word_1_425' title='bbox 2475 2661 2678 2699; x_wconf 86' lang='lat' dir='ltr'><strong>morem</strong></span> <span class='ocrx_word' id='word_1_426' title='bbox 2725 2649 2995 2705; x_wconf 87' lang='lat' dir='ltr'><strong>mandatis</strong></span> <span class='ocrx_word' id='word_1_427' title='bbox 3040 2662 3270 2722; x_wconf 75' lang='lat' dir='ltr'><strong>gestum,</strong></span> <span class='ocrx_word' id='word_1_428' title='bbox 3306 2657 3596 2715; x_wconf 87' lang='lat' dir='ltr'><strong>dicendum</strong></span> 
     </span>
    </p>
   </div>
   <div class='ocr_carea' id='block_1_50' title="bbox 348 2733 1961 2806">
    <p class='ocr_par' dir='ltr' id='par_1_50' title="bbox 348 2734 1923 2806">
     <span class='ocr_line' id='line_1_50' title="bbox 348 2734 1923 2806; baseline 0 -18"><span class='ocrx_word' id='word_1_429' title='bbox 348 2753 466 2805; x_wconf 82' lang='grc' dir='ltr'>γειν</span> <span class='ocrx_word' id='word_1_430' title='bbox 494 2736 585 2789; x_wconf 73' lang='grc' dir='ltr'>ἐπὶ</span> <span class='ocrx_word' id='word_1_431' title='bbox 616 2734 691 2806; x_wconf 83' lang='grc' dir='ltr'>τῷ</span> <span class='ocrx_word' id='word_1_432' title='bbox 737 2735 1016 2803; x_wconf 79' lang='grc' dir='ltr'>γεγονέναι</span> <span class='ocrx_word' id='word_1_433' title='bbox 1053 2734 1121 2787; x_wconf 72' lang='grc' dir='ltr'>τέι</span> <span class='ocrx_word' id='word_1_434' title='bbox 1165 2734 1515 2805; x_wconf 79' lang='grc' dir='ltr'>διαταχθέντα</span> <span class='ocrx_word' id='word_1_435' title='bbox 1557 2734 1635 2787; x_wconf 83' lang='grc' dir='ltr'>τό·</span> <span class='ocrx_word' id='word_1_436' title='bbox 1679 2754 1698 2786; x_wconf 80' lang='grc' dir='ltr'><strong>ι</strong></span> <span class='ocrx_word' id='word_1_437' title='bbox 1736 2734 1923 2788; x_wconf 89' lang='grc' dir='ltr'>Δοῦλοι</span> 
     </span>
    </p>
   </div>
   <div class='ocr_carea' id='block_1_51' title="bbox 1982 2733 3595 2806">
    <p class='ocr_par' dir='ltr' id='par_1_51' title="bbox 2023 2733 3595 2806">
     <span class='ocr_line' id='line_1_51' title="bbox 2023 2733 3595 2806; baseline 0.014 -21"><span class='ocrx_word' id='word_1_438' title='bbox 2023 2733 2077 2786; x_wconf 90' lang='lat' dir='ltr'><strong>id</strong></span> <span class='ocrx_word' id='word_1_439' title='bbox 2102 2748 2222 2788; x_wconf 90' lang='lat' dir='ltr'><strong>esse</strong></span> <span class='ocrx_word' id='word_1_440' title='bbox 2250 2735 2577 2790; x_wconf 89' lang='lat' dir='ltr'><strong>scriberetur</strong></span> <span class='ocrx_word' id='word_1_441' title='bbox 2611 2754 2624 2790; x_wconf 94' lang='lat'>:</span> <span class='ocrx_word' id='word_1_442' title='bbox 2662 2757 2681 2788; x_wconf 77' lang='grc' dir='ltr'><strong>ι</strong></span> <span class='ocrx_word' id='word_1_443' title='bbox 2716 2738 2869 2793; x_wconf 82' lang='lat' dir='ltr'><strong>Servi</strong></span> <span class='ocrx_word' id='word_1_444' title='bbox 2899 2742 3118 2799; x_wconf 84' lang='lat' dir='ltr'><strong>inutiles</strong></span> <span class='ocrx_word' id='word_1_445' title='bbox 3146 2762 3355 2802; x_wconf 87' lang='lat' dir='ltr'><strong>sumus.</strong></span> <span class='ocrx_word' id='word_1_446' title='bbox 3396 2768 3413 2801; x_wconf 79' lang='grc' dir='ltr'><strong>ι</strong></span> <span class='ocrx_word' id='word_1_447' title='bbox 3441 2751 3509 2806; x_wconf 85' lang='lat' dir='ltr'><strong>At</strong></span> <span class='ocrx_word' id='word_1_448' title='bbox 3533 2767 3595 2806; x_wconf 87' lang='lat' dir='ltr'><strong>ea</strong></span> 
     </span>
    </p>
   </div>
   <div class='ocr_carea' id='block_1_52' title="bbox 346 2823 1959 2908">
    <p class='ocr_par' dir='ltr' id='par_1_52' title="bbox 346 2827 1923 2899">
     <span class='ocr_line' id='line_1_52' title="bbox 346 2827 1923 2899; baseline -0.001 -18"><span class='ocrx_word' id='word_1_449' title='bbox 346 2828 555 2899; x_wconf 70' lang='grc' dir='ltr'>ἀχρεῖοί</span> <span class='ocrx_word' id='word_1_450' title='bbox 575 2831 760 2899; x_wconf 78' lang='grc' dir='ltr'>ἐσμεν.</span> <span class='ocrx_word' id='word_1_451' title='bbox 787 2848 805 2880; x_wconf 75' lang='grc' dir='ltr'><strong>ι</strong></span> <span class='ocrx_word' id='word_1_452' title='bbox 841 2828 994 2880; x_wconf 83' lang='grc' dir='ltr'>Ἔστι</span> <span class='ocrx_word' id='word_1_453' title='bbox 1016 2827 1071 2880; x_wconf 79' lang='grc' dir='ltr'>δὲ</span> <span class='ocrx_word' id='word_1_454' title='bbox 1100 2827 1552 2899; x_wconf 83' lang='grc' dir='ltr'>καταχρηστικῶς</span> <span class='ocrx_word' id='word_1_455' title='bbox 1579 2828 1718 2881; x_wconf 85' lang='grc' dir='ltr'>αὑτά</span> <span class='ocrx_word' id='word_1_456' title='bbox 1749 2832 1923 2882; x_wconf 77' lang='grc' dir='ltr'>εἰπεῖν</span> 
     </span>
    </p>
   </div>
   <div class='ocr_carea' id='block_1_53' title="bbox 1985 2823 3598 2908">
    <p class='ocr_par' dir='ltr' id='par_1_53' title="bbox 2020 2823 3598 2908">
     <span class='ocr_line' id='line_1_53' title="bbox 2020 2823 3598 2908; baseline 0.013 -32"><span class='ocrx_word' id='word_1_457' title='bbox 2020 2823 2168 2878; x_wconf 84' lang='lat' dir='ltr'><strong>bona</strong></span> <span class='ocrx_word' id='word_1_458' title='bbox 2210 2839 2332 2879; x_wconf 86' lang='lat' dir='ltr'><strong>esse</strong></span> <span class='ocrx_word' id='word_1_459' title='bbox 2365 2842 2461 2895; x_wconf 90' lang='lat' dir='ltr'><strong>per</strong></span> <span class='ocrx_word' id='word_1_460' title='bbox 2499 2829 2814 2885; x_wconf 80' lang='lat' dir='ltr'><strong>abusionem</strong></span> <span class='ocrx_word' id='word_1_461' title='bbox 2864 2833 3049 2889; x_wconf 86' lang='lat' dir='ltr'><strong>dicere</strong></span> <span class='ocrx_word' id='word_1_462' title='bbox 3092 2836 3238 2902; x_wconf 88' lang='lat' dir='ltr'><strong>licet,</strong></span> <span class='ocrx_word' id='word_1_463' title='bbox 3292 2842 3514 2908; x_wconf 73' lang='lat' dir='ltr'><strong>perinde</strong></span> <span class='ocrx_word' id='word_1_464' title='bbox 3534 2859 3598 2898; x_wconf 91' lang='lat' dir='ltr'><strong>ac</strong></span> 
     </span>
    </p>
   </div>
   <div class='ocr_carea' id='block_1_54' title="bbox 338 2908 1951 3007">
    <p class='ocr_par' dir='ltr' id='par_1_54' title="bbox 338 2908 1921 2991">
     <span class='ocr_line' id='line_1_54' title="bbox 338 2908 1921 2991; baseline -0.001 -18"><span class='ocrx_word' id='word_1_465' title='bbox 338 2920 484 2975; x_wconf 80' lang='grc' dir='ltr'>,εἶναι</span> <span class='ocrx_word' id='word_1_466' title='bbox 512 2921 712 2990; x_wconf 76' lang='grc' dir='ltr'>ἀγαθὰ,</span> <span class='ocrx_word' id='word_1_467' title='bbox 737 2918 937 2991; x_wconf 75' lang='grc' dir='ltr'>ὁμοίως</span> <span class='ocrx_word' id='word_1_468' title='bbox 963 2917 1058 2989; x_wconf 80' lang='grc' dir='ltr'><strong>τῷ’</strong></span> <span class='ocrx_word' id='word_1_469' title='bbox 1091 2936 1109 2970; x_wconf 79' lang='grc' dir='ltr'><strong>ι</strong></span> <span class='ocrx_word' id='word_1_470' title='bbox 1150 2908 1432 2971; x_wconf 67' lang='grc' dir='ltr'>Ἐκκλιιῖον</span> <span class='ocrx_word' id='word_1_471' title='bbox 1466 2918 1572 2972; x_wconf 79' lang='grc' dir='ltr'><strong>ἀπὸ</strong></span> <span class='ocrx_word' id='word_1_472' title='bbox 1600 2917 1794 2986; x_wconf 80' lang='grc' dir='ltr'>κακοῦ,</span> <span class='ocrx_word' id='word_1_473' title='bbox 1828 2919 1921 2973; x_wconf 73' lang='grc' dir='ltr'><strong>καὶ</strong></span> 
     </span>
    </p>
   </div>
   <div class='ocr_carea' id='block_1_55' title="bbox 1985 2908 3598 3007">
    <p class='ocr_par' dir='ltr' id='par_1_55' title="bbox 2023 2914 3598 3007">
     <span class='ocr_line' id='line_1_55' title="bbox 2023 2914 3598 3007; baseline 0.012 -39"><span class='ocrx_word' id='word_1_474' title='bbox 2023 2914 2154 2969; x_wconf 85' lang='lat' dir='ltr'><strong>illud</strong></span> <span class='ocrx_word' id='word_1_475' title='bbox 2181 2916 2225 2948; x_wconf 86' lang='lat'><strong>“&#39;</strong></span> <span class='ocrx_word' id='word_1_476' title='bbox 2252 2935 2309 2971; x_wconf 71' lang='grc' dir='ltr'>τι</span> <span class='ocrx_word' id='word_1_477' title='bbox 2342 2916 2603 2973; x_wconf 88' lang='lat' dir='ltr'><strong>Divertea</strong></span> <span class='ocrx_word' id='word_1_478' title='bbox 2634 2923 2798 2985; x_wconf 88' lang='lat' dir='ltr'><strong>malo,</strong></span> <span class='ocrx_word' id='word_1_479' title='bbox 2830 2935 2882 2978; x_wconf 84' lang='lat' dir='ltr'><strong>et</strong></span> <span class='ocrx_word' id='word_1_480' title='bbox 2906 2924 2993 2980; x_wconf 84' lang='lat' dir='ltr'><strong>fac</strong></span> <span class='ocrx_word' id='word_1_481' title='bbox 3014 2928 3235 2983; x_wconf 89' lang='lat' dir='ltr'><strong>bonum.</strong></span> <span class='ocrx_word' id='word_1_482' title='bbox 3267 2950 3285 2982; x_wconf 75' lang='grc' dir='ltr'><strong>ι</strong></span> <span class='ocrx_word' id='word_1_483' title='bbox 3311 2931 3598 3007; x_wconf 70' lang='grc' dir='ltr'>Εεοδθθ</span> 
     </span>
    </p>
   </div>
   <div class='ocr_carea' id='block_1_56' title="bbox 347 3007 1960 3090">
    <p class='ocr_par' dir='ltr' id='par_1_56' title="bbox 347 3007 1922 3084">
     <span class='ocr_line' id='line_1_56' title="bbox 347 3007 1922 3084; baseline -0.001 -18"><span class='ocrx_word' id='word_1_484' title='bbox 347 3012 568 3084; x_wconf 82' lang='grc' dir='ltr'>ποίησον</span> <span class='ocrx_word' id='word_1_485' title='bbox 601 3010 823 3079; x_wconf 83' lang='grc' dir='ltr'>ἀγαθόν.</span> <span class='ocrx_word' id='word_1_486' title='bbox 863 3029 881 3060; x_wconf 78' lang='grc' dir='ltr'><strong>ι</strong></span> <span class='ocrx_word' id='word_1_487' title='bbox 928 3007 1096 3079; x_wconf 72' lang='grc' dir='ltr'>Οἶμαι</span> <span class='ocrx_word' id='word_1_488' title='bbox 1127 3009 1173 3062; x_wconf 88' lang='grc' dir='ltr'>δ’</span> <span class='ocrx_word' id='word_1_489' title='bbox 1207 3011 1287 3063; x_wconf 84' lang='grc' dir='ltr'><strong>ὅτι</strong></span> <span class='ocrx_word' id='word_1_490' title='bbox 1330 3012 1358 3064; x_wconf 92' lang='lat'><strong>6</strong></span> <span class='ocrx_word' id='word_1_491' title='bbox 1385 3008 1554 3063; x_wconf 84' lang='grc' dir='ltr'>ποιῶν</span> <span class='ocrx_word' id='word_1_492' title='bbox 1591 3010 1652 3063; x_wconf 84' lang='grc' dir='ltr'><strong>τὸ</strong></span> <span class='ocrx_word' id='word_1_493' title='bbox 1694 3027 1922 3081; x_wconf 85' lang='grc' dir='ltr'>προστε-</span> 
     </span>
    </p>
   </div>
   <div class='ocr_carea' id='block_1_57' title="bbox 1983 3007 3596 3090">
    <p class='ocr_par' dir='ltr' id='par_1_57' title="bbox 2020 3008 3596 3090">
     <span class='ocr_line' id='line_1_57' title="bbox 2020 3008 3596 3090; baseline 0.014 -31"><span class='ocrx_word' id='word_1_494' title='bbox 2020 3021 2154 3061; x_wconf 86' lang='lat' dir='ltr'><strong>vero</strong></span> <span class='ocrx_word' id='word_1_495' title='bbox 2177 3008 2432 3063; x_wconf 79' lang='lat' dir='ltr'><strong>existimo</strong></span> <span class='ocrx_word' id='word_1_496' title='bbox 2462 3025 2586 3064; x_wconf 91' lang='lat' dir='ltr'><strong>cum</strong></span> <span class='ocrx_word' id='word_1_497' title='bbox 2629 3013 2722 3081; x_wconf 90' lang='lat' dir='ltr'><strong>qui</strong></span> <span class='ocrx_word' id='word_1_498' title='bbox 2774 3015 2826 3069; x_wconf 88' lang='lat' dir='ltr'><strong>id</strong></span> <span class='ocrx_word' id='word_1_499' title='bbox 2875 3017 3096 3073; x_wconf 81' lang='lat' dir='ltr'><strong>facessit</strong></span> <span class='ocrx_word' id='word_1_500' title='bbox 3142 3023 3286 3090; x_wconf 90' lang='lat' dir='ltr'><strong>quod</strong></span> <span class='ocrx_word' id='word_1_501' title='bbox 3338 3023 3440 3080; x_wconf 87' lang='lat' dir='ltr'><strong>hoc</strong></span> <span class='ocrx_word' id='word_1_502' title='bbox 3479 3027 3596 3081; x_wconf 85' lang='lat' dir='ltr'><strong>loco</strong></span> 
     </span>
    </p>
   </div>
   <div class='ocr_carea' id='block_1_58' title="bbox 347 3101 1960 3179">
    <p class='ocr_par' dir='ltr' id='par_1_58' title="bbox 347 3102 1921 3177">
     <span class='ocr_line' id='line_1_58' title="bbox 347 3102 1921 3177; baseline 0 -20"><span class='ocrx_word' id='word_1_503' title='bbox 347 3106 614 3177; x_wconf 76' lang='grc' dir='ltr'>ταγμένον</span> <span class='ocrx_word' id='word_1_504' title='bbox 645 3110 701 3158; x_wconf 79' lang='grc' dir='ltr'>ὲν</span> <span class='ocrx_word' id='word_1_505' title='bbox 739 3105 847 3175; x_wconf 80' lang='grc' dir='ltr'><strong>τῷ·</strong></span> <span class='ocrx_word' id='word_1_506' title='bbox 891 3123 909 3155; x_wconf 82' lang='grc' dir='ltr'><strong>ι</strong></span> <span class='ocrx_word' id='word_1_507' title='bbox 948 3102 1235 3156; x_wconf 86' lang='grc' dir='ltr'>Ἕκκλινον</span> <span class='ocrx_word' id='word_1_508' title='bbox 1267 3103 1374 3156; x_wconf 85' lang='grc' dir='ltr'>ἀπὸ</span> <span class='ocrx_word' id='word_1_509' title='bbox 1405 3103 1597 3169; x_wconf 87' lang='grc' dir='ltr'>κακοῦ,</span> <span class='ocrx_word' id='word_1_510' title='bbox 1633 3105 1728 3157; x_wconf 72' lang='grc' dir='ltr'>καὶ</span> <span class='ocrx_word' id='word_1_511' title='bbox 1761 3103 1921 3177; x_wconf 82' lang='grc' dir='ltr'>ποίη-</span> 
     </span>
    </p>
   </div>
   <div class='ocr_carea' id='block_1_59' title="bbox 1976 3101 3589 3179">
    <p class='ocr_par' dir='ltr' id='par_1_59' title="bbox 2022 3101 3589 3179">
     <span class='ocr_line' id='line_1_59' title="bbox 2022 3101 3589 3179; baseline 0.013 -27"><span class='ocrx_word' id='word_1_512' title='bbox 2022 3101 2336 3155; x_wconf 81' lang='lat' dir='ltr'><strong>ntandatum</strong></span> <span class='ocrx_word' id='word_1_513' title='bbox 2364 3112 2447 3156; x_wconf 86' lang='lat' dir='ltr'><strong>est</strong></span> <span class='ocrx_word' id='word_1_514' title='bbox 2483 3120 2498 3157; x_wconf 89' lang='lat'><strong>:</strong></span> <span class='ocrx_word' id='word_1_515' title='bbox 2544 3122 2563 3154; x_wconf 76' lang='grc' dir='ltr'><strong>ι</strong></span> <span class='ocrx_word' id='word_1_516' title='bbox 2600 3103 2813 3161; x_wconf 88' lang='lat' dir='ltr'><strong>Divcrte</strong></span> <span class='ocrx_word' id='word_1_517' title='bbox 2856 3124 2885 3162; x_wconf 88' lang='lat' dir='ltr'><strong>a</strong></span> <span class='ocrx_word' id='word_1_518' title='bbox 2927 3111 3090 3174; x_wconf 87' lang='lat' dir='ltr'><strong>malo,</strong></span> <span class='ocrx_word' id='word_1_519' title='bbox 3121 3122 3175 3167; x_wconf 90' lang='lat' dir='ltr'><strong>et</strong></span> <span class='ocrx_word' id='word_1_520' title='bbox 3206 3114 3290 3169; x_wconf 79' lang='lat' dir='ltr'><strong>fac</strong></span> <span class='ocrx_word' id='word_1_521' title='bbox 3308 3116 3538 3179; x_wconf 85' lang='lat' dir='ltr'><strong>bonum,</strong></span> <span class='ocrx_word' id='word_1_522' title='bbox 3571 3138 3589 3170; x_wconf 81' lang='grc' dir='ltr'><strong>ι</strong></span> 
     </span>
    </p>
   </div>
   <div class='ocr_carea' id='block_1_60' title="bbox 342 3192 1955 3294">
    <p class='ocr_par' dir='ltr' id='par_1_60' title="bbox 342 3195 1955 3290">
     <span class='ocr_line' id='line_1_60' title="bbox 342 3195 1955 3290; baseline -0.001 -38"><span class='ocrx_word' id='word_1_523' title='bbox 342 3217 435 3252; x_wconf 83' lang='grc' dir='ltr'><strong>σον</strong></span> <span class='ocrx_word' id='word_1_524' title='bbox 480 3197 703 3267; x_wconf 81' lang='grc' dir='ltr'>ἀγαθὸν,</span> <span class='ocrx_word' id='word_1_525' title='bbox 762 3217 780 3249; x_wconf 76' lang='grc' dir='ltr'><strong>ι</strong></span> <span class='ocrx_word' id='word_1_526' title='bbox 816 3197 890 3260; x_wconf 83' lang='grc' dir='ltr'>ὼς</span> <span class='ocrx_word' id='word_1_527' title='bbox 922 3198 1019 3269; x_wconf 78' lang='grc' dir='ltr'>μὲν</span> <span class='ocrx_word' id='word_1_528' title='bbox 1050 3197 1184 3268; x_wconf 85' lang='grc' dir='ltr'>πρὸς</span> <span class='ocrx_word' id='word_1_529' title='bbox 1213 3195 1281 3250; x_wconf 80' lang='grc' dir='ltr'>τὰ</span> <span class='ocrx_word' id='word_1_530' title='bbox 1309 3196 1413 3249; x_wconf 85' lang='grc' dir='ltr'><strong>ὑπὸ</strong></span> <span class='ocrx_word' id='word_1_531' title='bbox 1445 3195 1553 3249; x_wconf 84' lang='grc' dir='ltr'><strong>τῶν</strong></span> <span class='ocrx_word' id='word_1_532' title='bbox 1591 3195 1794 3250; x_wconf 82' lang='grc' dir='ltr'>λοιπῶν</span> <span class='ocrx_word' id='word_1_533' title='bbox 1825 3198 1920 3251; x_wconf 82' lang='grc' dir='ltr'><strong>ἀν-</strong></span> <span class='ocrx_word' id='word_1_534' title='bbox 1943 3244 1955 3290; x_wconf 42' lang='grc'><strong>1</strong></span> 
     </span>
    </p>
   </div>
   <div class='ocr_carea' id='block_1_61' title="bbox 1982 3192 3595 3294">
    <p class='ocr_par' dir='ltr' id='par_1_61' title="bbox 1982 3192 3595 3291">
     <span class='ocr_line' id='line_1_61' title="bbox 1982 3192 3595 3291; baseline 0.013 -48"><span class='ocrx_word' id='word_1_535' title='bbox 1982 3241 1986 3291; x_wconf 42' lang='grc' dir='ltr'><strong>ἱ</strong></span> <span class='ocrx_word' id='word_1_536' title='bbox 2020 3192 2246 3247; x_wconf 84' lang='lat' dir='ltr'><strong>ratioue-</strong></span> <span class='ocrx_word' id='word_1_537' title='bbox 2280 3194 2500 3263; x_wconf 89' lang='lat' dir='ltr'><strong>quidem</strong></span> <span class='ocrx_word' id='word_1_538' title='bbox 2537 3210 2726 3250; x_wconf 90' lang='lat' dir='ltr'><strong>eorum</strong></span> <span class='ocrx_word' id='word_1_539' title='bbox 2774 3214 2895 3267; x_wconf 77' lang='lat' dir='ltr'><strong>qua:</strong></span> <span class='ocrx_word' id='word_1_540' title='bbox 2942 3217 2971 3255; x_wconf 90' lang='lat' dir='ltr'><strong>a</strong></span> <span class='ocrx_word' id='word_1_541' title='bbox 3028 3204 3252 3274; x_wconf 84' lang='lat' dir='ltr'><strong>reliquis</strong></span> <span class='ocrx_word' id='word_1_542' title='bbox 3284 3206 3595 3264; x_wconf 81' lang='lat' dir='ltr'><strong>hominibus</strong></span> 
     </span>
    </p>
   </div>
   <div class='ocr_carea' id='block_1_62' title="bbox 342 3287 1955 3368">
    <p class='ocr_par' dir='ltr' id='par_1_62' title="bbox 342 3287 1955 3363">
     <span class='ocr_line' id='line_1_62' title="bbox 342 3287 1955 3363; baseline 0.001 -22"><span class='ocrx_word' id='word_1_543' title='bbox 342 3291 577 3361; x_wconf 66' lang='grc' dir='ltr'>Ορὼπων</span> <span class='ocrx_word' id='word_1_544' title='bbox 611 3289 998 3361; x_wconf 79' lang='grc' dir='ltr'>ἐπιτελούμενα</span> <span class='ocrx_word' id='word_1_545' title='bbox 1032 3291 1174 3343; x_wconf 83' lang='grc' dir='ltr'>ποιεῖ</span> <span class='ocrx_word' id='word_1_546' title='bbox 1212 3289 1446 3357; x_wconf 81' lang='grc' dir='ltr'>ἀγαθόν’</span> <span class='ocrx_word' id='word_1_547' title='bbox 1479 3289 1554 3353; x_wconf 84' lang='grc' dir='ltr'>ὡς</span> <span class='ocrx_word' id='word_1_548' title='bbox 1581 3289 1638 3342; x_wconf 86' lang='grc' dir='ltr'>δὲ</span> <span class='ocrx_word' id='word_1_549' title='bbox 1681 3290 1817 3363; x_wconf 82' lang='grc' dir='ltr'>πρὸς</span> <span class='ocrx_word' id='word_1_550' title='bbox 1856 3290 1918 3343; x_wconf 82' lang='grc' dir='ltr'><strong>τὸ</strong></span> <span class='ocrx_word' id='word_1_551' title='bbox 1952 3287 1955 3290; x_wconf 57' lang='grc'>’</span> 
     </span>
    </p>
   </div>
   <div class='ocr_carea' id='block_1_63' title="bbox 1978 3287 3591 3368">
    <p class='ocr_par' dir='ltr' id='par_1_63' title="bbox 1978 3287 3591 3368">
     <span class='ocr_line' id='line_1_63' title="bbox 1978 3287 3591 3368; baseline 0.012 -31"><span class='ocrx_word' id='word_1_552' title='bbox 1978 3287 2278 3353; x_wconf 68' lang='lat' dir='ltr'><strong>&quot;aguntur,</strong></span> <span class='ocrx_word' id='word_1_553' title='bbox 2332 3287 2535 3340; x_wconf 92' lang='lat' dir='ltr'><strong>bonum</strong></span> <span class='ocrx_word' id='word_1_554' title='bbox 2591 3288 2769 3344; x_wconf 84' lang='lat' dir='ltr'><strong>facere</strong></span> <span class='ocrx_word' id='word_1_555' title='bbox 2820 3309 2833 3344; x_wconf 89' lang='lat'><strong>:</strong></span> <span class='ocrx_word' id='word_1_556' title='bbox 2885 3301 2942 3346; x_wconf 89' lang='lat' dir='ltr'><strong>at</strong></span> <span class='ocrx_word' id='word_1_557' title='bbox 2981 3305 3228 3364; x_wconf 82' lang='lat' dir='ltr'><strong>respectu</strong></span> <span class='ocrx_word' id='word_1_558' title='bbox 3274 3301 3384 3352; x_wconf 89' lang='lat' dir='ltr'><strong>veri</strong></span> <span class='ocrx_word' id='word_1_559' title='bbox 3443 3300 3591 3368; x_wconf 90' lang='lat' dir='ltr'><strong>boni,</strong></span> 
     </span>
    </p>
   </div>
   <div class='ocr_carea' id='block_1_64' title="bbox 328 3378 1941 3461">
    <p class='ocr_par' dir='ltr' id='par_1_64' title="bbox 328 3380 1915 3452">
     <span class='ocr_line' id='line_1_64' title="bbox 328 3380 1915 3452; baseline -0.002 -16"><span class='ocrx_word' id='word_1_560' title='bbox 328 3383 554 3452; x_wconf 59' lang='grc' dir='ltr'>»ἀληθῶς</span> <span class='ocrx_word' id='word_1_561' title='bbox 587 3383 809 3450; x_wconf 83' lang='grc' dir='ltr'>ἀγαθὸν,</span> <span class='ocrx_word' id='word_1_562' title='bbox 843 3382 1034 3452; x_wconf 85' lang='grc' dir='ltr'>ὥσπερ</span> <span class='ocrx_word' id='word_1_563' title='bbox 1077 3400 1094 3432; x_wconf 84' lang='grc' dir='ltr'><strong>ι</strong></span> <span class='ocrx_word' id='word_1_564' title='bbox 1138 3381 1198 3433; x_wconf 80' lang='grc' dir='ltr'><strong>οὐ</strong></span> <span class='ocrx_word' id='word_1_565' title='bbox 1233 3380 1658 3452; x_wconf 83' lang='grc' dir='ltr'>δικαιωθήσεται</span> <span class='ocrx_word' id='word_1_566' title='bbox 1684 3381 1915 3434; x_wconf 76' lang='grc' dir='ltr'>ἐνώπιον</span> 
     </span>
    </p>
   </div>
   <div class='ocr_carea' id='block_1_65' title="bbox 1980 3378 3593 3461">
    <p class='ocr_par' dir='ltr' id='par_1_65' title="bbox 2021 3378 3593 3461">
     <span class='ocr_line' id='line_1_65' title="bbox 2021 3378 3593 3461; baseline 0.012 -33"><span class='ocrx_word' id='word_1_567' title='bbox 2021 3378 2482 3445; x_wconf 86' lang='lat' dir='ltr'><strong>quemadmodum</strong></span> <span class='ocrx_word' id='word_1_568' title='bbox 2539 3398 2557 3431; x_wconf 83' lang='grc' dir='ltr'><strong>ι</strong></span> <span class='ocrx_word' id='word_1_569' title='bbox 2610 3397 2718 3435; x_wconf 83' lang='grc' dir='ltr'>ιιοιι</span> <span class='ocrx_word' id='word_1_570' title='bbox 2763 3383 3151 3451; x_wconf 88' lang='lat' dir='ltr'><strong>justilicabitur</strong></span> <span class='ocrx_word' id='word_1_571' title='bbox 3199 3388 3254 3442; x_wconf 90' lang='lat' dir='ltr'><strong>in</strong></span> <span class='ocrx_word' id='word_1_572' title='bbox 3302 3402 3593 3461; x_wconf 84' lang='lat' dir='ltr'><strong>conspectu</strong></span> 
     </span>
    </p>
   </div>
   <div class='ocr_carea' id='block_1_66' title="bbox 330 3467 1943 3550">
    <p class='ocr_par' dir='ltr' id='par_1_66' title="bbox 330 3470 1915 3544">
     <span class='ocr_line' id='line_1_66' title="bbox 330 3470 1915 3544; baseline -0.003 -15"><span class='ocrx_word' id='word_1_573' title='bbox 330 3476 434 3529; x_wconf 75' lang='grc' dir='ltr'><strong>τοῦ</strong></span> <span class='ocrx_word' id='word_1_574' title='bbox 478 3475 611 3529; x_wconf 78' lang='grc' dir='ltr'>Θεοῦ</span> <span class='ocrx_word' id='word_1_575' title='bbox 640 3477 749 3538; x_wconf 86' lang='grc' dir='ltr'><strong>πᾶς</strong></span> <span class='ocrx_word' id='word_1_576' title='bbox 777 3473 905 3538; x_wconf 80' lang='grc' dir='ltr'>ζῶν,</span> <span class='ocrx_word' id='word_1_577' title='bbox 937 3493 954 3526; x_wconf 74' lang='grc' dir='ltr'><strong>ι</strong></span> <span class='ocrx_word' id='word_1_578' title='bbox 986 3473 1166 3543; x_wconf 81' lang='grc' dir='ltr'>πάσης</span> <span class='ocrx_word' id='word_1_579' title='bbox 1199 3470 1548 3544; x_wconf 79' lang='grc' dir='ltr'>ἀνθρωπίνης</span> <span class='ocrx_word' id='word_1_580' title='bbox 1569 3472 1915 3544; x_wconf 84' lang='grc' dir='ltr'>δικαιοσύνης</span> 
     </span>
    </p>
   </div>
   <div class='ocr_carea' id='block_1_67' title="bbox 1977 3467 3590 3550">
    <p class='ocr_par' dir='ltr' id='par_1_67' title="bbox 2018 3467 3590 3550">
     <span class='ocr_line' id='line_1_67' title="bbox 2018 3467 3590 3550; baseline 0.012 -29"><span class='ocrx_word' id='word_1_581' title='bbox 2018 3467 2117 3522; x_wconf 86' lang='lat' dir='ltr'><strong>Dei</strong></span> <span class='ocrx_word' id='word_1_582' title='bbox 2146 3471 2325 3526; x_wconf 88' lang='lat' dir='ltr'><strong>omnis</strong></span> <span class='ocrx_word' id='word_1_583' title='bbox 2352 3472 2537 3527; x_wconf 81' lang='lat' dir='ltr'><strong>vivens</strong></span> <span class='ocrx_word' id='word_1_584' title='bbox 2571 3475 2636 3540; x_wconf 76' lang='lat'><strong>“,</strong></span> <span class='ocrx_word' id='word_1_585' title='bbox 2670 3494 2692 3527; x_wconf 79' lang='grc' dir='ltr'><strong>ι</strong></span> <span class='ocrx_word' id='word_1_586' title='bbox 2728 3491 2851 3530; x_wconf 85' lang='lat' dir='ltr'><strong>cum</strong></span> <span class='ocrx_word' id='word_1_587' title='bbox 2884 3476 3120 3532; x_wconf 84' lang='lat' dir='ltr'><strong>humana</strong></span> <span class='ocrx_word' id='word_1_588' title='bbox 3146 3482 3329 3536; x_wconf 88' lang='lat' dir='ltr'><strong>omnis</strong></span> <span class='ocrx_word' id='word_1_589' title='bbox 3356 3483 3590 3550; x_wconf 87' lang='lat' dir='ltr'><strong>justitia,</strong></span> 
     </span>
    </p>
   </div>
   <div class='ocr_carea' id='block_1_68' title="bbox 332 3562 1945 3645">
    <p class='ocr_par' dir='ltr' id='par_1_68' title="bbox 332 3563 1912 3642">
     <span class='ocr_line' id='line_1_68' title="bbox 332 3563 1912 3642; baseline -0.002 -20"><span class='ocrx_word' id='word_1_590' title='bbox 332 3570 700 3642; x_wconf 71' lang='grc' dir='ltr'>ἐλεγχομένης</span> <span class='ocrx_word' id='word_1_591' title='bbox 731 3568 807 3632; x_wconf 81' lang='grc' dir='ltr'>ὡς</span> <span class='ocrx_word' id='word_1_592' title='bbox 836 3569 896 3622; x_wconf 75' lang='grc' dir='ltr'>οὐ</span> <span class='ocrx_word' id='word_1_593' title='bbox 921 3566 1288 3636; x_wconf 85' lang='grc' dir='ltr'>δικαιοσύνης,</span> <span class='ocrx_word' id='word_1_594' title='bbox 1314 3564 1453 3619; x_wconf 80' lang='grc' dir='ltr'>ἐπὰν</span> <span class='ocrx_word' id='word_1_595' title='bbox 1478 3565 1726 3638; x_wconf 79' lang='grc' dir='ltr'>θεωρηθῇ</span> <span class='ocrx_word' id='word_1_596' title='bbox 1751 3567 1786 3637; x_wconf 81' lang='grc' dir='ltr'><strong>ή</strong></span> <span class='ocrx_word' id='word_1_597' title='bbox 1816 3563 1912 3619; x_wconf 86' lang='grc' dir='ltr'><strong>τοῦ</strong></span> 
     </span>
    </p>
   </div>
   <div class='ocr_carea' id='block_1_69' title="bbox 1979 3562 3592 3645">
    <p class='ocr_par' dir='ltr' id='par_1_69' title="bbox 2014 3562 3592 3645">
     <span class='ocr_line' id='line_1_69' title="bbox 2014 3562 3592 3645; baseline 0.009 -28"><span class='ocrx_word' id='word_1_598' title='bbox 2014 3562 2223 3633; x_wconf 87' lang='lat' dir='ltr'><strong>justitia</strong></span> <span class='ocrx_word' id='word_1_599' title='bbox 2256 3581 2363 3621; x_wconf 86' lang='lat' dir='ltr'><strong>non</strong></span> <span class='ocrx_word' id='word_1_600' title='bbox 2402 3583 2523 3623; x_wconf 84' lang='lat' dir='ltr'><strong>esse</strong></span> <span class='ocrx_word' id='word_1_601' title='bbox 2556 3570 3012 3639; x_wconf 79' lang='lat' dir='ltr'><strong>deprehendatur,</strong></span> <span class='ocrx_word' id='word_1_602' title='bbox 3054 3582 3342 3641; x_wconf 76' lang='lat' dir='ltr'><strong>postquam</strong></span> <span class='ocrx_word' id='word_1_603' title='bbox 3381 3575 3592 3645; x_wconf 84' lang='lat' dir='ltr'><strong>justitia</strong></span> 
     </span>
    </p>
   </div>
   <div class='ocr_carea' id='block_1_70' title="bbox 1538 3763 2390 3821">
    <p class='ocr_par' dir='ltr' id='par_1_70' title="bbox 1538 3763 2390 3821">
     <span class='ocr_line' id='line_1_70' title="bbox 1538 3763 2390 3821; baseline -0.001 -1"><span class='ocrx_word' id='word_1_604' title='bbox 1538 3763 1767 3821; x_wconf 81' lang='lat' dir='ltr'><strong>VETUS</strong></span> <span class='ocrx_word' id='word_1_605' title='bbox 1804 3763 2390 3819; x_wconf 77' lang='lat' dir='ltr'><strong>INTERPRETATIO.</strong></span> 
     </span>
    </p>
   </div>
   <div class='ocr_carea' id='block_1_71' title="bbox 324 3911 3591 3984">
    <p class='ocr_par' dir='ltr' id='par_1_71' title="bbox 324 3911 3591 3984">
     <span class='ocr_line' id='line_1_71' title="bbox 324 3911 3591 3984; baseline -0.001 -11"><span class='ocrx_word' id='word_1_606' title='bbox 324 3921 528 3983; x_wconf 71' lang='lat' dir='ltr'><strong>‘bonus,</strong></span> <span class='ocrx_word' id='word_1_607' title='bbox 575 3919 675 3973; x_wconf 83' lang='lat' dir='ltr'><strong>nisi</strong></span> <span class='ocrx_word' id='word_1_608' title='bbox 709 3933 850 3972; x_wconf 89' lang='lat' dir='ltr'><strong>unus</strong></span> <span class='ocrx_word' id='word_1_609' title='bbox 896 3916 1060 3978; x_wconf 85' lang='lat' dir='ltr'><strong>Deus,</strong></span> <span class='ocrx_word' id='word_1_610' title='bbox 1100 3935 1119 3967; x_wconf 73' lang='grc' dir='ltr'><strong>ι</strong></span> <span class='ocrx_word' id='word_1_611' title='bbox 1150 3925 1207 3970; x_wconf 86' lang='grc' dir='ltr'><strong>ιιι</strong></span> <span class='ocrx_word' id='word_1_612' title='bbox 1240 3915 1369 3969; x_wconf 88' lang='lat' dir='ltr'><strong>illud</strong></span> <span class='ocrx_word' id='word_1_613' title='bbox 1403 3914 1689 3971; x_wconf 83' lang='lat' dir='ltr'><strong>conﬁrmet</strong></span> <span class='ocrx_word' id='word_1_614' title='bbox 1727 3914 1872 3983; x_wconf 88' lang='lat' dir='ltr'><strong>quod</strong></span> <span class='ocrx_word' id='word_1_615' title='bbox 1919 3912 2048 3984; x_wconf 85' lang='lat' dir='ltr'><strong>alibi</strong></span> <span class='ocrx_word' id='word_1_616' title='bbox 2079 3912 2258 3984; x_wconf 89' lang='lat' dir='ltr'><strong>dicit_:</strong></span> <span class='ocrx_word' id='word_1_617' title='bbox 2299 3931 2317 3963; x_wconf 78' lang='grc' dir='ltr'><strong>ι</strong></span> <span class='ocrx_word' id='word_1_618' title='bbox 2348 3911 2484 3984; x_wconf 82' lang='lat' dir='ltr'><strong>Cum</strong></span> <span class='ocrx_word' id='word_1_619' title='bbox 2524 3911 2710 3984; x_wconf 80' lang='lat' dir='ltr'><strong>omnia</strong></span> <span class='ocrx_word' id='word_1_620' title='bbox 2736 3911 2976 3984; x_wconf 71' lang='lat' dir='ltr'><strong>feceritis</strong></span> <span class='ocrx_word' id='word_1_621' title='bbox 3007 3929 3132 3983; x_wconf 84' lang='lat' dir='ltr'><strong>quae</strong></span> <span class='ocrx_word' id='word_1_622' title='bbox 3162 3924 3425 3984; x_wconf 81' lang='lat' dir='ltr'><strong>praecepta</strong></span> <span class='ocrx_word' id='word_1_623' title='bbox 3462 3926 3591 3972; x_wconf 87' lang='lat' dir='ltr'><strong>sunt</strong></span> 
     </span>
    </p>
   </div>
   <div class='ocr_carea' id='block_1_72' title="bbox 327 3981 3588 4054">
    <p class='ocr_par' dir='ltr' id='par_1_72' title="bbox 327 3981 3588 4054">
     <span class='ocr_line' id='line_1_72' title="bbox 327 3981 3588 4054; baseline -0 -12"><span class='ocrx_word' id='word_1_624' title='bbox 327 3981 743 4054; x_wconf 58' lang='lat' dir='ltr'><strong>wubis,‘debetis</strong></span> <span class='ocrx_word' id='word_1_625' title='bbox 766 3988 947 4041; x_wconf 89' lang='lat' dir='ltr'><strong>dicere</strong></span> <span class='ocrx_word' id='word_1_626' title='bbox 984 4005 996 4041; x_wconf 92' lang='lat'><strong>:</strong></span> <span class='ocrx_word' id='word_1_627' title='bbox 1030 3986 1185 4040; x_wconf 84' lang='lat' dir='ltr'><strong>Servi</strong></span> <span class='ocrx_word' id='word_1_628' title='bbox 1214 3986 1433 4041; x_wconf 90' lang='lat' dir='ltr'><strong>inutiles</strong></span> <span class='ocrx_word' id='word_1_629' title='bbox 1463 4000 1689 4050; x_wconf 90' lang='lat' dir='ltr'><strong>sumus;</strong></span> <span class='ocrx_word' id='word_1_630' title='bbox 1721 3981 2180 4054; x_wconf 17' lang='lat' dir='ltr'><strong>quodidebuimus</strong></span> <span class='ocrx_word' id='word_1_631' title='bbox 2214 3981 2408 4054; x_wconf 85' lang='lat' dir='ltr'><strong>facere,</strong></span> <span class='ocrx_word' id='word_1_632' title='bbox 2437 3981 2685 4054; x_wconf 80' lang='lat' dir='ltr'><strong>fecimus.</strong></span> <span class='ocrx_word' id='word_1_633' title='bbox 2714 4002 2749 4054; x_wconf 12' lang='grc' dir='ltr'><strong>ί»</strong></span> <span class='ocrx_word' id='word_1_634' title='bbox 2781 3982 2916 4054; x_wconf 72' lang='lat' dir='ltr'><strong>Nam</strong></span> <span class='ocrx_word' id='word_1_635' title='bbox 2953 3981 3271 4054; x_wconf 41' lang='lat' dir='ltr'><strong>ets—[omnia</strong></span> <span class='ocrx_word' id='word_1_636' title='bbox 3298 3981 3588 4042; x_wconf 80' lang='lat' dir='ltr'><strong>fecerimus</strong></span> 
     </span>
    </p>
   </div>
   <div class='ocr_carea' id='block_1_73' title="bbox 333 4051 3589 4127">
    <p class='ocr_par' dir='ltr' id='par_1_73' title="bbox 333 4051 3589 4127">
     <span class='ocr_line' id='line_1_73' title="bbox 333 4051 3589 4127; baseline 0 -16"><span class='ocrx_word' id='word_1_637' title='bbox 333 4075 454 4127; x_wconf 65' lang='lat' dir='ltr'><strong>tlda!</strong></span> <span class='ocrx_word' id='word_1_638' title='bbox 479 4051 742 4127; x_wconf 69' lang='lat' dir='ltr'><strong>pra-cepta</strong></span> <span class='ocrx_word' id='word_1_639' title='bbox 783 4066 912 4127; x_wconf 88' lang='lat' dir='ltr'><strong>sunt</strong></span> <span class='ocrx_word' id='word_1_640' title='bbox 945 4056 1124 4123; x_wconf 89' lang='lat' dir='ltr'><strong>nobis,</strong></span> <span class='ocrx_word' id='word_1_641' title='bbox 1163 4072 1263 4110; x_wconf 89' lang='lat' dir='ltr'><strong>nec</strong></span> <span class='ocrx_word' id='word_1_642' title='bbox 1301 4056 1402 4119; x_wconf 89' lang='lat' dir='ltr'><strong>sic,</strong></span> <span class='ocrx_word' id='word_1_643' title='bbox 1459 4051 1837 4127; x_wconf 47' lang='lat' dir='ltr'><strong>quantum—ad</strong></span> <span class='ocrx_word' id='word_1_644' title='bbox 1876 4053 1990 4127; x_wconf 74' lang='lat' dir='ltr'><strong>inec</strong></span> <span class='ocrx_word' id='word_1_645' title='bbox 2037 4053 2224 4127; x_wconf 79' lang='lat' dir='ltr'><strong>verba,</strong></span> <span class='ocrx_word' id='word_1_646' title='bbox 2252 4052 2473 4119; x_wconf 53' lang='lat' dir='ltr'><strong>,bonum</strong></span> <span class='ocrx_word' id='word_1_647' title='bbox 2522 4052 2724 4121; x_wconf 89' lang='lat' dir='ltr'><strong>aliquid</strong></span> <span class='ocrx_word' id='word_1_648' title='bbox 2750 4052 3018 4127; x_wconf 64' lang='lat' dir='ltr'><strong>fecimus.</strong></span> <span class='ocrx_word' id='word_1_649' title='bbox 3058 4051 3167 4107; x_wconf 85' lang='lat' dir='ltr'><strong>Nec</strong></span> <span class='ocrx_word' id='word_1_650' title='bbox 3197 4055 3340 4127; x_wconf 88' lang='lat' dir='ltr'><strong>enim</strong></span> <span class='ocrx_word' id='word_1_651' title='bbox 3377 4059 3423 4111; x_wconf 89' lang='lat' dir='ltr'><strong>si</strong></span> <span class='ocrx_word' id='word_1_652' title='bbox 3460 4070 3589 4127; x_wconf 86' lang='lat' dir='ltr'><strong>vere</strong></span> 
     </span>
    </p>
   </div>
   <div class='ocr_carea' id='block_1_74' title="bbox 332 4123 3588 4197">
    <p class='ocr_par' dir='ltr' id='par_1_74' title="bbox 332 4123 3588 4197">
     <span class='ocr_line' id='line_1_74' title="bbox 332 4123 3588 4197; baseline -0.002 -14"><span class='ocrx_word' id='word_1_653' title='bbox 332 4123 686 4183; x_wconf 61' lang='lat' dir='ltr'><strong>bona&#39;essent</strong></span> <span class='ocrx_word' id='word_1_654' title='bbox 713 4143 834 4197; x_wconf 70' lang='lat' dir='ltr'><strong>quae</strong></span> <span class='ocrx_word' id='word_1_655' title='bbox 863 4125 1116 4188; x_wconf 84' lang='lat' dir='ltr'><strong>facimus,</strong></span> <span class='ocrx_word' id='word_1_656' title='bbox 1158 4126 1421 4195; x_wconf 86' lang='lat' dir='ltr'><strong>scriptum</strong></span> <span class='ocrx_word' id='word_1_657' title='bbox 1448 4123 1668 4197; x_wconf 76' lang='lat' dir='ltr'><strong>fuisset,</strong></span> <span class='ocrx_word' id='word_1_658' title='bbox 1702 4133 1760 4179; x_wconf 91' lang='lat' dir='ltr'><strong>ut</strong></span> <span class='ocrx_word' id='word_1_659' title='bbox 1787 4123 2046 4197; x_wconf 81' lang='lat' dir='ltr'><strong>facientes</strong></span> <span class='ocrx_word' id='word_1_660' title='bbox 2076 4123 2418 4197; x_wconf 87' lang='lat' dir='ltr'><strong>ea_dicamus</strong></span> <span class='ocrx_word' id='word_1_661' title='bbox 2448 4137 2571 4177; x_wconf 87' lang='lat' dir='ltr'><strong>esse</strong></span> <span class='ocrx_word' id='word_1_662' title='bbox 2611 4123 2967 4197; x_wconf 86' lang='lat' dir='ltr'><strong>nos_iuu_tiles</strong></span> <span class='ocrx_word' id='word_1_663' title='bbox 3011 4138 3230 4189; x_wconf 84' lang='lat' dir='ltr'><strong>servos,</strong></span> <span class='ocrx_word' id='word_1_664' title='bbox 3276 4125 3323 4197; x_wconf 92' lang='lat' dir='ltr'><strong>si</strong></span> <span class='ocrx_word' id='word_1_665' title='bbox 3370 4126 3588 4197; x_wconf 80' lang='lat' dir='ltr'><strong>preprie</strong></span> 
     </span>
    </p>
   </div>
   <div class='ocr_carea' id='block_1_75' title="bbox 330 4192 3587 4265">
    <p class='ocr_par' dir='ltr' id='par_1_75' title="bbox 330 4192 3587 4265">
     <span class='ocr_line' id='line_1_75' title="bbox 330 4192 3587 4265; baseline -0.002 -11"><span class='ocrx_word' id='word_1_666' title='bbox 330 4199 648 4254; x_wconf 75' lang='lat' dir='ltr'><strong>conveniret</strong></span> <span class='ocrx_word' id='word_1_667' title='bbox 679 4192 990 4250; x_wconf 77' lang='lat' dir='ltr'><strong>hominibUs</strong></span> <span class='ocrx_word' id='word_1_668' title='bbox 1016 4192 1305 4265; x_wconf 82' lang='lat' dir='ltr'><strong>appellatio</strong></span> <span class='ocrx_word' id='word_1_669' title='bbox 1333 4195 1588 4251; x_wconf 90' lang='lat' dir='ltr'><strong>bonitatis</strong></span> <span class='ocrx_word' id='word_1_670' title='bbox 1627 4213 1641 4249; x_wconf 87' lang='lat'><strong>:</strong></span> <span class='ocrx_word' id='word_1_671' title='bbox 1676 4196 1934 4265; x_wconf 80' lang='lat' dir='ltr'><strong>quoniam</strong></span> <span class='ocrx_word' id='word_1_672' title='bbox 1954 4193 2353 4265; x_wconf 79' lang='lat' dir='ltr'><strong>omnebonum</strong></span> <span class='ocrx_word' id='word_1_673' title='bbox 2387 4201 2656 4256; x_wconf 90' lang='lat' dir='ltr'><strong>nostrum,</strong></span> <span class='ocrx_word' id='word_1_674' title='bbox 2692 4192 2916 4246; x_wconf 80' lang='lat' dir='ltr'><strong>abusive</strong></span> <span class='ocrx_word' id='word_1_675' title='bbox 2935 4202 2989 4247; x_wconf 89' lang='lat' dir='ltr'><strong>et</strong></span> <span class='ocrx_word' id='word_1_676' title='bbox 3011 4207 3116 4265; x_wconf 87' lang='lat' dir='ltr'><strong>non</strong></span> <span class='ocrx_word' id='word_1_677' title='bbox 3144 4192 3587 4263; x_wconf 27' lang='lat' dir='ltr'><strong>proprie‘dicitur</strong></span> 
     </span>
    </p>
   </div>
   <div class='ocr_carea' id='block_1_76' title="bbox 331 4263 3580 4387">
    <p class='ocr_par' dir='ltr' id='par_1_76' title="bbox 331 4263 3580 4387">
     <span class='ocr_line' id='line_1_76' title="bbox 331 4263 3580 4387; baseline -0.002 -64"><span class='ocrx_word' id='word_1_678' title='bbox 331 4271 552 4323; x_wconf 78' lang='lat' dir='ltr'><strong>bonum.</strong></span> <span class='ocrx_word' id='word_1_679' title='bbox 596 4266 732 4322; x_wconf 81' lang='lat' dir='ltr'><strong>Vere</strong></span> <span class='ocrx_word' id='word_1_680' title='bbox 758 4268 901 4321; x_wconf 87' lang='lat' dir='ltr'><strong>enim</strong></span> <span class='ocrx_word' id='word_1_681' title='bbox 938 4263 1156 4336; x_wconf 84' lang='lat' dir='ltr'><strong>quando</strong></span> <span class='ocrx_word' id='word_1_682' title='bbox 1178 4267 1515 4322; x_wconf 88' lang='lat' dir='ltr'><strong>declinamus</strong></span> <span class='ocrx_word' id='word_1_683' title='bbox 1542 4280 1571 4319; x_wconf 87' lang='lat' dir='ltr'><strong>a</strong></span> <span class='ocrx_word' id='word_1_684' title='bbox 1604 4263 1750 4320; x_wconf 81' lang='lat' dir='ltr'><strong>maio</strong></span> <span class='ocrx_word' id='word_1_685' title='bbox 1775 4273 1829 4318; x_wconf 93' lang='lat' dir='ltr'><strong>et</strong></span> <span class='ocrx_word' id='word_1_686' title='bbox 1863 4263 2094 4318; x_wconf 88' lang='lat' dir='ltr'><strong>facimus</strong></span> <span class='ocrx_word' id='word_1_687' title='bbox 2134 4264 2358 4323; x_wconf 84' lang='lat' dir='ltr'><strong>bonum,</strong></span> <span class='ocrx_word' id='word_1_688' title='bbox 2388 4274 2653 4387; x_wconf 64' lang='lat' dir='ltr'><strong>Iquantum</strong></span> <span class='ocrx_word' id='word_1_689' title='bbox 2678 4265 2743 4315; x_wconf 83' lang='lat' dir='ltr'><strong>ad</strong></span> <span class='ocrx_word' id='word_1_690' title='bbox 2770 4263 3229 4331; x_wconf 87' lang='lat' dir='ltr'><strong>comparationem</strong></span> <span class='ocrx_word' id='word_1_691' title='bbox 3260 4274 3580 4319; x_wconf 63' lang='lat' dir='ltr'><strong>caaterorum</strong></span> 
     </span>
     <span class='ocr_line' id='line_1_77' title="bbox 333 4332 3580 4387; baseline 0 0"><span class='ocrx_word' id='word_1_692' title='bbox 333 4340 612 4387; x_wconf 83' lang='lat' dir='ltr'><strong>hominum</strong></span> <span class='ocrx_word' id='word_1_693' title='bbox 644 4339 939 4387; x_wconf 85' lang='lat' dir='ltr'><strong>nolentium</strong></span> <span class='ocrx_word' id='word_1_694' title='bbox 969 4337 1241 4387; x_wconf 86' lang='lat' dir='ltr'><strong>declinare</strong></span> <span class='ocrx_word' id='word_1_695' title='bbox 1273 4352 1303 4387; x_wconf 69' lang='grc' dir='ltr'>τι</span> <span class='ocrx_word' id='word_1_696' title='bbox 1336 4336 1479 4387; x_wconf 85' lang='lat' dir='ltr'><strong>malo</strong></span> <span class='ocrx_word' id='word_1_697' title='bbox 1518 4344 1571 4387; x_wconf 90' lang='lat' dir='ltr'><strong>et</strong></span> <span class='ocrx_word' id='word_1_698' title='bbox 1610 4335 1787 4387; x_wconf 87' lang='lat' dir='ltr'><strong>facere</strong></span> <span class='ocrx_word' id='word_1_699' title='bbox 1825 4334 2059 4387; x_wconf 89' lang='lat' dir='ltr'><strong>bonum.</strong></span> <span class='ocrx_word' id='word_1_700' title='bbox 2099 4334 2355 4387; x_wconf 90' lang='lat' dir='ltr'><strong>dicuntur</strong></span> <span class='ocrx_word' id='word_1_701' title='bbox 2428 4347 2529 4386; x_wconf 86' lang='lat' dir='ltr'><strong>una</strong></span> <span class='ocrx_word' id='word_1_702' title='bbox 2560 4348 2680 4387; x_wconf 72' lang='lat' dir='ltr'><strong>uuae</strong></span> <span class='ocrx_word' id='word_1_703' title='bbox 2712 4332 2924 4387; x_wconf 70' lang='lat' dir='ltr'><strong>agimus</strong></span> <span class='ocrx_word' id='word_1_704' title='bbox 2957 4351 2970 4387; x_wconf 95' lang='lat'>:</span> <span class='ocrx_word' id='word_1_705' title='bbox 3007 4343 3270 4387; x_wconf 87' lang='lat' dir='ltr'><strong>uuantmn</strong></span> <span class='ocrx_word' id='word_1_706' title='bbox 3307 4343 3484 4387; x_wconf 90' lang='lat' dir='ltr'><strong>autem</strong></span> <span class='ocrx_word' id='word_1_707' title='bbox 3516 4336 3580 4387; x_wconf 86' lang='lat' dir='ltr'><strong>ad</strong></span> 
     </span>
    </p>
   </div>
   <div class='ocr_carea' id='block_1_77' title="bbox 333 4332 3583 4403">
    <p class='ocr_par' dir='ltr' id='par_1_77' title="bbox 333 4332 3583 4403">
     <span class='ocr_line' id='line_1_78' title="bbox 333 4332 3583 4403; baseline -0.001 -12"><span class='ocrx_word' id='word_1_708' title='bbox 333 4340 612 4392; x_wconf 88' lang='lat' dir='ltr'><strong>hominum</strong></span> <span class='ocrx_word' id='word_1_709' title='bbox 643 4332 1241 4392; x_wconf 44' lang='lat' dir='ltr'><strong>nolentium-declinare</strong></span> <span class='ocrx_word' id='word_1_710' title='bbox 1273 4352 1303 4391; x_wconf 86' lang='lat' dir='ltr'><strong>a</strong></span> <span class='ocrx_word' id='word_1_711' title='bbox 1336 4336 1479 4391; x_wconf 89' lang='lat' dir='ltr'><strong>malo</strong></span> <span class='ocrx_word' id='word_1_712' title='bbox 1518 4344 1571 4389; x_wconf 90' lang='lat' dir='ltr'><strong>et</strong></span> <span class='ocrx_word' id='word_1_713' title='bbox 1610 4335 1787 4390; x_wconf 88' lang='lat' dir='ltr'><strong>facere</strong></span> <span class='ocrx_word' id='word_1_714' title='bbox 1825 4334 2059 4397; x_wconf 89' lang='lat' dir='ltr'><strong>bonum,</strong></span> <span class='ocrx_word' id='word_1_715' title='bbox 2099 4334 2355 4388; x_wconf 89' lang='lat' dir='ltr'><strong>dicuntur</strong></span> <span class='ocrx_word' id='word_1_716' title='bbox 2388 4332 2529 4403; x_wconf 86' lang='lat' dir='ltr'><strong>bona</strong></span> <span class='ocrx_word' id='word_1_717' title='bbox 2560 4348 2680 4401; x_wconf 72' lang='lat' dir='ltr'><strong>quae</strong></span> <span class='ocrx_word' id='word_1_718' title='bbox 2712 4332 2924 4402; x_wconf 83' lang='lat' dir='ltr'><strong>agimus</strong></span> <span class='ocrx_word' id='word_1_719' title='bbox 2957 4351 2970 4387; x_wconf 95' lang='lat'>:</span> <span class='ocrx_word' id='word_1_720' title='bbox 3007 4343 3270 4403; x_wconf 88' lang='lat' dir='ltr'><strong>quantmn</strong></span> <span class='ocrx_word' id='word_1_721' title='bbox 3307 4343 3484 4388; x_wconf 88' lang='lat' dir='ltr'><strong>autem</strong></span> <span class='ocrx_word' id='word_1_722' title='bbox 3516 4336 3583 4389; x_wconf 87' lang='lat' dir='ltr'><strong>ad</strong></span> 
     </span>
    </p>
   </div>
   <div class='ocr_carea' id='block_1_78' title="bbox 328 4402 3584 4476">
    <p class='ocr_par' dir='ltr' id='par_1_78' title="bbox 328 4402 3584 4476">
     <span class='ocr_line' id='line_1_79' title="bbox 328 4402 3584 4476; baseline -0 -16"><span class='ocrx_word' id='word_1_723' title='bbox 328 4409 630 4470; x_wconf 86' lang='lat' dir='ltr'><strong>veritatem,</strong></span> <span class='ocrx_word' id='word_1_724' title='bbox 667 4410 965 4461; x_wconf 78' lang='lat' dir='ltr'><strong>secundum</strong></span> <span class='ocrx_word' id='word_1_725' title='bbox 1000 4410 1144 4476; x_wconf 87' lang='lat' dir='ltr'><strong>quod</strong></span> <span class='ocrx_word' id='word_1_726' title='bbox 1167 4407 1368 4461; x_wconf 90' lang='lat' dir='ltr'><strong>dicitur</strong></span> <span class='ocrx_word' id='word_1_727' title='bbox 1397 4408 1452 4461; x_wconf 90' lang='lat' dir='ltr'><strong>in</strong></span> <span class='ocrx_word' id='word_1_728' title='bbox 1496 4407 1598 4476; x_wconf 78' lang='lat' dir='ltr'><strong>hoc</strong></span> <span class='ocrx_word' id='word_1_729' title='bbox 1631 4407 1752 4460; x_wconf 86' lang='lat' dir='ltr'><strong>loco</strong></span> <span class='ocrx_word' id='word_1_730' title='bbox 1776 4404 1904 4476; x_wconf 85' lang='lat' dir='ltr'><strong>quia</strong></span> <span class='ocrx_word' id='word_1_731' title='bbox 1944 4418 2087 4459; x_wconf 90' lang='lat' dir='ltr'><strong>unus</strong></span> <span class='ocrx_word' id='word_1_732' title='bbox 2120 4412 2203 4458; x_wconf 86' lang='lat' dir='ltr'><strong>est</strong></span> <span class='ocrx_word' id='word_1_733' title='bbox 2237 4404 2433 4476; x_wconf 79' lang='lat' dir='ltr'><strong>bonus,</strong></span> <span class='ocrx_word' id='word_1_734' title='bbox 2470 4402 2670 4457; x_wconf 89' lang='lat' dir='ltr'><strong>bonum</strong></span> <span class='ocrx_word' id='word_1_735' title='bbox 2711 4412 2959 4476; x_wconf 81' lang='lat' dir='ltr'><strong>nostrum</strong></span> <span class='ocrx_word' id='word_1_736' title='bbox 2994 4402 3100 4456; x_wconf 80' lang='lat' dir='ltr'><strong>nun</strong></span> <span class='ocrx_word' id='word_1_737' title='bbox 3137 4412 3219 4476; x_wconf 86' lang='lat' dir='ltr'><strong>est</strong></span> <span class='ocrx_word' id='word_1_738' title='bbox 3253 4405 3473 4476; x_wconf 86' lang='lat' dir='ltr'><strong>bonum.</strong></span> <span class='ocrx_word' id='word_1_739' title='bbox 3518 4404 3584 4460; x_wconf 81' lang='lat' dir='ltr'><strong>Et</strong></span> 
     </span>
    </p>
   </div>
   <div class='ocr_carea' id='block_1_79' title="bbox 328 4472 3585 4547">
    <p class='ocr_par' dir='ltr' id='par_1_79' title="bbox 328 4472 3585 4547">
     <span class='ocr_line' id='line_1_80' title="bbox 328 4472 3585 4547; baseline -0.001 -16"><span class='ocrx_word' id='word_1_740' title='bbox 328 4480 469 4533; x_wconf 84' lang='lat' dir='ltr'><strong>sicut</strong></span> <span class='ocrx_word' id='word_1_741' title='bbox 504 4497 523 4530; x_wconf 78' lang='grc' dir='ltr'><strong>ι</strong></span> <span class='ocrx_word' id='word_1_742' title='bbox 566 4494 670 4531; x_wconf 91' lang='lat' dir='ltr'><strong>non</strong></span> <span class='ocrx_word' id='word_1_743' title='bbox 714 4472 1043 4545; x_wconf 80' lang='lat' dir='ltr'><strong>justiﬁcatur</strong></span> <span class='ocrx_word' id='word_1_744' title='bbox 1081 4478 1136 4531; x_wconf 94' lang='lat' dir='ltr'><strong>in</strong></span> <span class='ocrx_word' id='word_1_745' title='bbox 1184 4489 1478 4547; x_wconf 88' lang='lat' dir='ltr'><strong>conspectu</strong></span> <span class='ocrx_word' id='word_1_746' title='bbox 1513 4475 1609 4530; x_wconf 88' lang='lat' dir='ltr'><strong>Dei</strong></span> <span class='ocrx_word' id='word_1_747' title='bbox 1638 4472 1817 4547; x_wconf 82' lang='lat' dir='ltr'><strong>omnis</strong></span> <span class='ocrx_word' id='word_1_748' title='bbox 1838 4475 2048 4547; x_wconf 81' lang='lat' dir='ltr'><strong>vivens,</strong></span> <span class='ocrx_word' id='word_1_749' title='bbox 2101 4492 2120 4525; x_wconf 74' lang='grc' dir='ltr'><strong>ι</strong></span> <span class='ocrx_word' id='word_1_750' title='bbox 2154 4473 2433 4547; x_wconf 79' lang='lat' dir='ltr'><strong>quoniam,</strong></span> <span class='ocrx_word' id='word_1_751' title='bbox 2464 4483 2726 4547; x_wconf 85' lang='lat' dir='ltr'><strong>quantum</strong></span> <span class='ocrx_word' id='word_1_752' title='bbox 2762 4472 2827 4525; x_wconf 85' lang='lat' dir='ltr'><strong>ad</strong></span> <span class='ocrx_word' id='word_1_753' title='bbox 2861 4473 3326 4547; x_wconf 80' lang='lat' dir='ltr'><strong>comparationem</strong></span> <span class='ocrx_word' id='word_1_754' title='bbox 3358 4475 3585 4543; x_wconf 74' lang='lat' dir='ltr'><strong>justitize</strong></span> 
     </span>
    </p>
   </div>
   <div class='ocr_carea' id='block_1_80' title="bbox 329 4542 3584 4617">
    <p class='ocr_par' dir='ltr' id='par_1_80' title="bbox 329 4542 3584 4617">
     <span class='ocr_line' id='line_1_81' title="bbox 329 4542 3584 4617; baseline 0.001 -20"><span class='ocrx_word' id='word_1_755' title='bbox 329 4547 464 4614; x_wconf 81' lang='lat' dir='ltr'><strong>Dei,</strong></span> <span class='ocrx_word' id='word_1_756' title='bbox 504 4550 683 4603; x_wconf 90' lang='lat' dir='ltr'><strong>omnis</strong></span> <span class='ocrx_word' id='word_1_757' title='bbox 709 4542 920 4617; x_wconf 82' lang='lat' dir='ltr'><strong>justitia</strong></span> <span class='ocrx_word' id='word_1_758' title='bbox 952 4548 1236 4602; x_wconf 89' lang='lat' dir='ltr'><strong>hominum</strong></span> <span class='ocrx_word' id='word_1_759' title='bbox 1272 4542 1546 4603; x_wconf 71' lang='lat' dir='ltr'><strong>invenitur</strong></span> <span class='ocrx_word' id='word_1_760' title='bbox 1578 4561 1757 4617; x_wconf 88' lang='lat' dir='ltr'><strong>neque</strong></span> <span class='ocrx_word' id='word_1_761' title='bbox 1788 4545 1994 4616; x_wconf 76' lang='lat' dir='ltr'><strong>iustitia</strong></span> <span class='ocrx_word' id='word_1_762' title='bbox 2027 4542 2190 4599; x_wconf 60' lang='lat' dir='ltr'><strong>esse}</strong></span> <span class='ocrx_word' id='word_1_763' title='bbox 2228 4543 2308 4599; x_wconf 88' lang='lat' dir='ltr'><strong>sic</strong></span> <span class='ocrx_word' id='word_1_764' title='bbox 2342 4558 2440 4598; x_wconf 90' lang='lat' dir='ltr'><strong>uec</strong></span> <span class='ocrx_word' id='word_1_765' title='bbox 2484 4543 2661 4598; x_wconf 90' lang='lat' dir='ltr'><strong>bonus</strong></span> <span class='ocrx_word' id='word_1_766' title='bbox 2692 4542 2969 4596; x_wconf 86' lang='lat' dir='ltr'><strong>invenitur</strong></span> <span class='ocrx_word' id='word_1_767' title='bbox 3003 4544 3293 4614; x_wconf 88' lang='lat' dir='ltr'><strong>quisquam</strong></span> <span class='ocrx_word' id='word_1_768' title='bbox 3348 4547 3403 4598; x_wconf 90' lang='lat' dir='ltr'><strong>in</strong></span> <span class='ocrx_word' id='word_1_769' title='bbox 3451 4560 3584 4599; x_wconf 88' lang='lat' dir='ltr'><strong>con-</strong></span> 
     </span>
    </p>
   </div>
   <div class='ocr_carea' id='block_1_81' title="bbox 324 4698 1937 4827">
    <p class='ocr_par' dir='ltr' id='par_1_81' title="bbox 324 4698 1937 4827">
     <span class='ocr_line' id='line_1_82' title="bbox 324 4698 1937 4827; baseline 0.006 -77"><span class='ocrx_word' id='word_1_770' title='bbox 324 4698 593 4827; x_wconf 36' lang='lat' dir='ltr'><strong>eius?»</strong></span> <span class='ocrx_word' id='word_1_771' title='bbox 627 4718 724 4768; x_wconf 86' lang='lat' dir='ltr'><strong>vn,</strong></span> <span class='ocrx_word' id='word_1_772' title='bbox 747 4700 838 4756; x_wconf 71' lang='grc'><strong>26.</strong></span> <span class='ocrx_word' id='word_1_773' title='bbox 916 4704 959 4736; x_wconf 81' lang='grc'>¹²</span> <span class='ocrx_word' id='word_1_774' title='bbox 985 4702 1142 4758; x_wconf 81' lang='lat' dir='ltr'><strong>Joan.</strong></span> <span class='ocrx_word' id='word_1_775' title='bbox 1173 4720 1285 4772; x_wconf 76' lang='lat' dir='ltr'><strong>xw,</strong></span> <span class='ocrx_word' id='word_1_776' title='bbox 1313 4702 1405 4759; x_wconf 76' lang='lat'><strong>28.</strong></span> <span class='ocrx_word' id='word_1_777' title='bbox 1484 4704 1528 4737; x_wconf 77' lang='lat'>“</span> <span class='ocrx_word' id='word_1_778' title='bbox 1557 4702 1747 4762; x_wconf 86' lang='lat' dir='ltr'><strong>Matth.</strong></span> <span class='ocrx_word' id='word_1_779' title='bbox 1776 4719 1894 4771; x_wconf 73' lang='lat' dir='ltr'><strong>XIX,</strong></span> <span class='ocrx_word' id='word_1_780' title='bbox 1921 4703 1937 4756; x_wconf 76' lang='lat' dir='ltr'><strong>i</strong></span> 
     </span>
    </p>
   </div>
   <div class='ocr_carea' id='block_1_82' title="bbox 1967 4698 3580 4827">
    <p class='ocr_par' dir='ltr' id='par_1_82' title="bbox 1967 4698 3580 4769">
     <span class='ocr_line' id='line_1_83' title="bbox 1967 4698 3580 4769; baseline -0.001 -13"><span class='ocrx_word' id='word_1_781' title='bbox 1967 4700 2126 4768; x_wconf 68' lang='lat'><strong>5,17.</strong></span> <span class='ocrx_word' id='word_1_782' title='bbox 2230 4701 2273 4733; x_wconf 72' lang='lat'><strong>“</strong></span> <span class='ocrx_word' id='word_1_783' title='bbox 2306 4698 2442 4759; x_wconf 82' lang='lat' dir='ltr'><strong>Luc.</strong></span> <span class='ocrx_word' id='word_1_784' title='bbox 2479 4716 2616 4767; x_wconf 80' lang='lat' dir='ltr'><strong>xvn,</strong></span> <span class='ocrx_word' id='word_1_785' title='bbox 2650 4699 2739 4757; x_wconf 82' lang='grc'><strong>10.</strong></span> <span class='ocrx_word' id='word_1_786' title='bbox 2791 4698 3304 4769; x_wconf 73' lang='lat' dir='ltr'><strong>“Psal.xxxm,t5.</strong></span> <span class='ocrx_word' id='word_1_787' title='bbox 3352 4704 3396 4735; x_wconf 77' lang='grc'>³⁸</span> <span class='ocrx_word' id='word_1_788' title='bbox 3434 4701 3580 4758; x_wconf 87' lang='lat' dir='ltr'><strong>Psal.</strong></span> 
     </span>
    </p>
   </div>
   <div class='ocr_carea' id='block_1_83' title="bbox 324 4922 3573 4995">
    <p class='ocr_par' dir='ltr' id='par_1_83' title="bbox 324 4922 3573 4995">
     <span class='ocr_line' id='line_1_84' title="bbox 324 4922 3573 4995; baseline -0.001 -13"><span class='ocrx_word' id='word_1_789' title='bbox 324 4930 373 4982; x_wconf 88' lang='lat' dir='ltr'><strong>vi</strong></span> <span class='ocrx_word' id='word_1_790' title='bbox 398 4929 569 4981; x_wconf 90' lang='lat' dir='ltr'><strong>leatur</strong></span> <span class='ocrx_word' id='word_1_791' title='bbox 609 4926 661 4980; x_wconf 90' lang='lat' dir='ltr'><strong>in</strong></span> <span class='ocrx_word' id='word_1_792' title='bbox 699 4924 866 4990; x_wconf 85' lang='lat' dir='ltr'><strong>Filio;</strong></span> <span class='ocrx_word' id='word_1_793' title='bbox 912 4939 1088 4995; x_wconf 78' lang='lat' dir='ltr'><strong>neque</strong></span> <span class='ocrx_word' id='word_1_794' title='bbox 1135 4924 1316 4993; x_wconf 83' lang='lat' dir='ltr'><strong>aliqua</strong></span> <span class='ocrx_word' id='word_1_795' title='bbox 1340 4922 1766 4995; x_wconf 53' lang='lat' dir='ltr'><strong>dissimilitudo,</strong></span> <span class='ocrx_word' id='word_1_796' title='bbox 1799 4934 1896 4995; x_wconf 68' lang='lat' dir='ltr'><strong>aut</strong></span> <span class='ocrx_word' id='word_1_797' title='bbox 1926 4927 1970 4980; x_wconf 93' lang='lat' dir='ltr'><strong>D</strong></span> <span class='ocrx_word' id='word_1_798' title='bbox 2002 4941 2107 4978; x_wconf 92' lang='lat' dir='ltr'><strong>non</strong></span> <span class='ocrx_word' id='word_1_799' title='bbox 2154 4925 2571 4981; x_wconf 77' lang='lat' dir='ltr'><strong>substantialem</strong></span> <span class='ocrx_word' id='word_1_800' title='bbox 2613 4926 2669 4980; x_wconf 89' lang='lat' dir='ltr'><strong>in</strong></span> <span class='ocrx_word' id='word_1_801' title='bbox 2714 4942 2775 4981; x_wconf 84' lang='lat' dir='ltr'><strong>se</strong></span> <span class='ocrx_word' id='word_1_802' title='bbox 2817 4926 3153 4982; x_wconf 88' lang='lat' dir='ltr'><strong>continentia</strong></span> <span class='ocrx_word' id='word_1_803' title='bbox 3198 4927 3519 4982; x_wconf 82' lang='lat' dir='ltr'><strong>bonitatem.</strong></span> <span class='ocrx_word' id='word_1_804' title='bbox 3555 4946 3573 4976; x_wconf 72' lang='grc' dir='ltr'><strong>ι</strong></span> 
     </span>
    </p>
   </div>
   <div class='ocr_carea' id='block_1_84' title="bbox 324 4992 3577 5067">
    <p class='ocr_par' dir='ltr' id='par_1_84' title="bbox 324 4992 3577 5067">
     <span class='ocr_line' id='line_1_85' title="bbox 324 4992 3577 5067; baseline -0 -16"><span class='ocrx_word' id='word_1_805' title='bbox 324 5000 575 5051; x_wconf 78' lang='lat' dir='ltr'><strong>distantia</strong></span> <span class='ocrx_word' id='word_1_806' title='bbox 606 4998 864 5051; x_wconf 80' lang='lat' dir='ltr'><strong>bonitatis</strong></span> <span class='ocrx_word' id='word_1_807' title='bbox 914 4995 971 5067; x_wconf 83' lang='lat' dir='ltr'><strong>in</strong></span> <span class='ocrx_word' id='word_1_808' title='bbox 999 4992 1155 5067; x_wconf 53' lang='lat' dir='ltr'><strong>&#39;Filio</strong></span> <span class='ocrx_word' id='word_1_809' title='bbox 1198 4992 1300 5067; x_wconf 80' lang='lat' dir='ltr'><strong>est.</strong></span> <span class='ocrx_word' id='word_1_810' title='bbox 1340 4992 1569 5062; x_wconf 80' lang='lat' dir='ltr'><strong>Propter</strong></span> <span class='ocrx_word' id='word_1_811' title='bbox 1602 4992 1891 5067; x_wconf 78' lang='lat' dir='ltr'><strong>quodnon</strong></span> <span class='ocrx_word' id='word_1_812' title='bbox 1997 4995 2328 5067; x_wconf 79' lang='lat' dir='ltr'><strong>Atquehaee</strong></span> <span class='ocrx_word' id='word_1_813' title='bbox 2378 4998 2444 5051; x_wconf 88' lang='lat' dir='ltr'><strong>ad</strong></span> <span class='ocrx_word' id='word_1_814' title='bbox 2492 4999 2833 5067; x_wconf 80' lang='lat' dir='ltr'><strong>purgandum</strong></span> <span class='ocrx_word' id='word_1_815' title='bbox 2880 4996 3165 5067; x_wconf 82' lang='lat' dir='ltr'><strong>Origencm</strong></span> <span class='ocrx_word' id='word_1_816' title='bbox 3215 4997 3486 5067; x_wconf 66' lang='lat' dir='ltr'><strong>valerent,</strong></span> <span class='ocrx_word' id='word_1_817' title='bbox 3531 4998 3577 5050; x_wconf 87' lang='lat' dir='ltr'><strong>si</strong></span> 
     </span>
    </p>
   </div>
   <div class='ocr_carea' id='block_1_85' title="bbox 322 5064 3576 5135">
    <p class='ocr_par' dir='ltr' id='par_1_85' title="bbox 322 5064 3576 5135">
     <span class='ocr_line' id='line_1_86' title="bbox 322 5064 3576 5135; baseline -0 -15"><span class='ocrx_word' id='word_1_818' title='bbox 322 5070 479 5121; x_wconf 71' lang='lat' dir='ltr'><strong>debet</strong></span> <span class='ocrx_word' id='word_1_819' title='bbox 503 5069 641 5121; x_wconf 84' lang='lat' dir='ltr'><strong>velut</strong></span> <span class='ocrx_word' id='word_1_820' title='bbox 675 5065 1023 5135; x_wconf 71' lang='lat' dir='ltr'><strong>blasphemia:</strong></span> <span class='ocrx_word' id='word_1_821' title='bbox 1060 5065 1280 5135; x_wconf 83' lang='lat' dir='ltr'><strong>aliquod</strong></span> <span class='ocrx_word' id='word_1_822' title='bbox 1319 5079 1490 5133; x_wconf 62' lang='lat' dir='ltr'><strong>genus</strong></span> <span class='ocrx_word' id='word_1_823' title='bbox 1521 5065 1699 5135; x_wconf 84' lang='lat' dir='ltr'><strong>putari</strong></span> <span class='ocrx_word' id='word_1_824' title='bbox 1735 5064 1891 5135; x_wconf 85' lang='lat' dir='ltr'><strong>in_eo</strong></span> <span class='ocrx_word' id='word_1_825' title='bbox 1998 5080 2107 5118; x_wconf 86' lang='lat' dir='ltr'><strong>non</strong></span> <span class='ocrx_word' id='word_1_826' title='bbox 2146 5066 2410 5120; x_wconf 85' lang='lat' dir='ltr'><strong>librorum</strong></span> <span class='ocrx_word' id='word_1_827' title='bbox 2448 5064 2664 5120; x_wconf 76' lang='lat' dir='ltr'><strong>illorum</strong></span> <span class='ocrx_word' id='word_1_828' title='bbox 2697 5068 2835 5134; x_wconf 76' lang='grc' dir='ltr'>Περὶ</span> <span class='ocrx_word' id='word_1_829' title='bbox 2878 5064 3082 5135; x_wconf 63' lang='grc' dir='ltr'>ἀρχῶν</span> <span class='ocrx_word' id='word_1_830' title='bbox 3115 5066 3381 5135; x_wconf 86' lang='lat' dir='ltr'><strong>interpres</strong></span> <span class='ocrx_word' id='word_1_831' title='bbox 3424 5065 3576 5120; x_wconf 82' lang='lat' dir='ltr'><strong>Ruti-</strong></span> 
     </span>
    </p>
   </div>
   <div class='ocr_carea' id='block_1_86' title="bbox 319 5132 3572 5205">
    <p class='ocr_par' dir='ltr' id='par_1_86' title="bbox 319 5132 3572 5205">
     <span class='ocr_line' id='line_1_87' title="bbox 319 5132 3572 5205; baseline -0.001 -14"><span class='ocrx_word' id='word_1_832' title='bbox 319 5138 464 5205; x_wconf 86' lang='lat' dir='ltr'><strong>quod</strong></span> <span class='ocrx_word' id='word_1_833' title='bbox 499 5137 701 5191; x_wconf 86' lang='lat' dir='ltr'><strong>dictum</strong></span> <span class='ocrx_word' id='word_1_834' title='bbox 735 5132 818 5192; x_wconf 79' lang='lat' dir='ltr'><strong>est</strong></span> <span class='ocrx_word' id='word_1_835' title='bbox 846 5154 858 5190; x_wconf 95' lang='lat'><strong>:</strong></span> <span class='ocrx_word' id='word_1_836' title='bbox 889 5134 1059 5189; x_wconf 83' lang='lat' dir='ltr'><strong>Nemo</strong></span> <span class='ocrx_word' id='word_1_837' title='bbox 1098 5132 1284 5194; x_wconf 79' lang='lat' dir='ltr'><strong>bonus,</strong></span> <span class='ocrx_word' id='word_1_838' title='bbox 1317 5132 1420 5186; x_wconf 80' lang='lat' dir='ltr'><strong>nisi</strong></span> <span class='ocrx_word' id='word_1_839' title='bbox 1452 5132 1588 5186; x_wconf 75' lang='lat' dir='ltr'><strong>unus</strong></span> <span class='ocrx_word' id='word_1_840' title='bbox 1618 5134 1754 5205; x_wconf 60' lang='lat' dir='ltr'><strong>Deus</strong></span> <span class='ocrx_word' id='word_1_841' title='bbox 1778 5132 1890 5185; x_wconf 84' lang='lat' dir='ltr'><strong>Pa-</strong></span> <span class='ocrx_word' id='word_1_842' title='bbox 1952 5176 1959 5183; x_wconf 92' lang='lat'><strong>.</strong></span> <span class='ocrx_word' id='word_1_843' title='bbox 1997 5148 2103 5189; x_wconf 89' lang='lat' dir='ltr'><strong>nus</strong></span> <span class='ocrx_word' id='word_1_844' title='bbox 2141 5138 2194 5188; x_wconf 90' lang='lat' dir='ltr'><strong>in</strong></span> <span class='ocrx_word' id='word_1_845' title='bbox 2225 5138 2441 5204; x_wconf 68' lang='lat' dir='ltr'><strong>praefixa</strong></span> <span class='ocrx_word' id='word_1_846' title='bbox 2477 5139 2584 5192; x_wconf 77' lang='lat' dir='ltr'><strong>illis</strong></span> <span class='ocrx_word' id='word_1_847' title='bbox 2615 5132 2932 5205; x_wconf 70' lang='lat' dir='ltr'><strong>praefatione</strong></span> <span class='ocrx_word' id='word_1_848' title='bbox 2957 5132 3215 5190; x_wconf 70' lang='lat' dir='ltr'><strong>lectorem</strong></span> <span class='ocrx_word' id='word_1_849' title='bbox 3247 5132 3572 5199; x_wconf 75' lang='lat' dir='ltr'><strong>monuisset,</strong></span> 
     </span>
    </p>
   </div>
   <div class='ocr_carea' id='block_1_87' title="bbox 321 5203 3577 5276">
    <p class='ocr_par' dir='ltr' id='par_1_87' title="bbox 321 5203 3577 5276">
     <span class='ocr_line' id='line_1_88' title="bbox 321 5203 3577 5276; baseline 0 -17"><span class='ocrx_word' id='word_1_850' title='bbox 321 5203 432 5269; x_wconf 71' lang='lat' dir='ltr'><strong>ter;</strong></span> <span class='ocrx_word' id='word_1_851' title='bbox 466 5217 831 5276; x_wconf 77' lang='lat' dir='ltr'><strong>utprupterea</strong></span> <span class='ocrx_word' id='word_1_852' title='bbox 874 5212 1093 5275; x_wconf 87' lang='lat' dir='ltr'><strong>putetur</strong></span> <span class='ocrx_word' id='word_1_853' title='bbox 1133 5206 1214 5259; x_wconf 86' lang='lat' dir='ltr'><strong>vel</strong></span> <span class='ocrx_word' id='word_1_854' title='bbox 1247 5205 1518 5276; x_wconf 79' lang='lat' dir='ltr'><strong>Christus,</strong></span> <span class='ocrx_word' id='word_1_855' title='bbox 1542 5205 1626 5257; x_wconf 86' lang='lat' dir='ltr'><strong>vel</strong></span> <span class='ocrx_word' id='word_1_856' title='bbox 1656 5203 1890 5274; x_wconf 81' lang='lat' dir='ltr'><strong>Spiritus</strong></span> <span class='ocrx_word' id='word_1_857' title='bbox 1995 5220 2058 5259; x_wconf 83' lang='lat' dir='ltr'><strong>ea</strong></span> <span class='ocrx_word' id='word_1_858' title='bbox 2083 5203 2244 5259; x_wconf 81' lang='lat' dir='ltr'><strong>sevel</strong></span> <span class='ocrx_word' id='word_1_859' title='bbox 2277 5203 2711 5275; x_wconf 70' lang='lat' dir='ltr'><strong>prmteriizisisse,</strong></span> <span class='ocrx_word' id='word_1_860' title='bbox 2742 5207 2822 5259; x_wconf 76' lang='lat' dir='ltr'><strong>vel</strong></span> <span class='ocrx_word' id='word_1_861' title='bbox 2854 5217 3115 5276; x_wconf 73' lang='lat' dir='ltr'><strong>mutasse,</strong></span> <span class='ocrx_word' id='word_1_862' title='bbox 3142 5207 3343 5275; x_wconf 71' lang='lat' dir='ltr'><strong>quibus</strong></span> <span class='ocrx_word' id='word_1_863' title='bbox 3375 5206 3431 5259; x_wconf 88' lang='lat' dir='ltr'><strong>S.</strong></span> <span class='ocrx_word' id='word_1_864' title='bbox 3462 5204 3577 5259; x_wconf 85' lang='lat' dir='ltr'><strong>Tri-</strong></span> 
     </span>
    </p>
   </div>
   <div class='ocr_carea' id='block_1_88' title="bbox 320 5274 3575 5348">
    <p class='ocr_par' dir='ltr' id='par_1_88' title="bbox 320 5274 3575 5348">
     <span class='ocr_line' id='line_1_89' title="bbox 320 5274 3575 5348; baseline 0 -20"><span class='ocrx_word' id='word_1_865' title='bbox 320 5274 563 5348; x_wconf 68' lang='lat' dir='ltr'><strong>sauetus</strong></span> <span class='ocrx_word' id='word_1_866' title='bbox 591 5274 776 5346; x_wconf 73' lang='lat' dir='ltr'><strong>negari</strong></span> <span class='ocrx_word' id='word_1_867' title='bbox 811 5274 983 5348; x_wconf 13' lang='lat' dir='ltr'><strong>quod,</strong></span> <span class='ocrx_word' id='word_1_868' title='bbox 1013 5278 1188 5331; x_wconf 90' lang='lat' dir='ltr'><strong>bonus</strong></span> <span class='ocrx_word' id='word_1_869' title='bbox 1223 5275 1487 5348; x_wconf 85' lang='lat' dir='ltr'><strong>sit;_sed,</strong></span> <span class='ocrx_word' id='word_1_870' title='bbox 1535 5282 1595 5327; x_wconf 93' lang='lat' dir='ltr'><strong>ut</strong></span> <span class='ocrx_word' id='word_1_871' title='bbox 1617 5276 1891 5348; x_wconf 80' lang='lat' dir='ltr'><strong>_superius</strong></span> <span class='ocrx_word' id='word_1_872' title='bbox 1996 5277 2179 5330; x_wconf 86' lang='lat' dir='ltr'><strong>uitatis</strong></span> <span class='ocrx_word' id='word_1_873' title='bbox 2210 5274 2470 5346; x_wconf 81' lang='lat' dir='ltr'><strong>majestas</strong></span> <span class='ocrx_word' id='word_1_874' title='bbox 2493 5278 2609 5348; x_wconf 71' lang='lat' dir='ltr'><strong>Ludi</strong></span> <span class='ocrx_word' id='word_1_875' title='bbox 2639 5277 2941 5348; x_wconf 69' lang='lat' dir='ltr'><strong>videbatur.</strong></span> <span class='ocrx_word' id='word_1_876' title='bbox 2967 5275 3065 5329; x_wconf 84' lang='lat' dir='ltr'><strong>ll.c</strong></span> <span class='ocrx_word' id='word_1_877' title='bbox 3093 5274 3222 5346; x_wconf 82' lang='lat' dir='ltr'><strong>ergo</strong></span> <span class='ocrx_word' id='word_1_878' title='bbox 3253 5276 3575 5348; x_wconf 81' lang='lat' dir='ltr'><strong>Origeniaua</strong></span> 
     </span>
    </p>
   </div>
   <div class='ocr_carea' id='block_1_89' title="bbox 319 5343 3611 5415">
    <p class='ocr_par' dir='ltr' id='par_1_89' title="bbox 319 5343 3611 5415">
     <span class='ocr_line' id='line_1_90' title="bbox 319 5343 3611 5415; baseline -0.001 -18"><span class='ocrx_word' id='word_1_879' title='bbox 319 5346 580 5410; x_wconf 85' lang='lat' dir='ltr'><strong>diximus,</strong></span> <span class='ocrx_word' id='word_1_880' title='bbox 625 5343 939 5415; x_wconf 76' lang='lat' dir='ltr'><strong>principalis</strong></span> <span class='ocrx_word' id='word_1_881' title='bbox 974 5347 1188 5401; x_wconf 89' lang='lat' dir='ltr'><strong>bonitas</strong></span> <span class='ocrx_word' id='word_1_882' title='bbox 1230 5346 1284 5397; x_wconf 92' lang='lat' dir='ltr'><strong>in</strong></span> <span class='ocrx_word' id='word_1_883' title='bbox 1335 5343 1447 5415; x_wconf 87' lang='lat' dir='ltr'><strong>Deo</strong></span> <span class='ocrx_word' id='word_1_884' title='bbox 1493 5345 1772 5415; x_wconf 84' lang='lat' dir='ltr'><strong>sentienda</strong></span> <span class='ocrx_word' id='word_1_885' title='bbox 1808 5350 1892 5397; x_wconf 84' lang='lat' dir='ltr'><strong>est</strong></span> <span class='ocrx_word' id='word_1_886' title='bbox 1996 5358 2180 5399; x_wconf 77' lang='lat' dir='ltr'><strong>nostra</strong></span> <span class='ocrx_word' id='word_1_887' title='bbox 2217 5343 2428 5401; x_wconf 79' lang='lat' dir='ltr'><strong>consuli</strong></span> <span class='ocrx_word' id='word_1_888' title='bbox 2457 5347 2641 5400; x_wconf 83' lang='lat' dir='ltr'><strong>velim.</strong></span> <span class='ocrx_word' id='word_1_889' title='bbox 2680 5346 2941 5399; x_wconf 72' lang='lat' dir='ltr'><strong>“UETIUS.</strong></span> <span class='ocrx_word' id='word_1_890' title='bbox 3161 5343 3179 5346; x_wconf 70' lang='grc'>⁷</span> <span class='ocrx_word' id='word_1_891' title='bbox 3353 5343 3372 5348; x_wconf 70' lang='grc'>⁷</span> <span class='ocrx_word' id='word_1_892' title='bbox 3608 5362 3611 5365; x_wconf 93' lang='grc'><strong>·</strong></span> 
     </span>
    </p>
   </div>
   <div class='ocr_carea' id='block_1_90' title="bbox 318 5414 1931 5486">
    <p class='ocr_par' dir='ltr' id='par_1_90' title="bbox 318 5414 1886 5486">
     <span class='ocr_line' id='line_1_91' title="bbox 318 5414 1886 5486; baseline -0.001 -17"><span class='ocrx_word' id='word_1_893' title='bbox 318 5415 591 5486; x_wconf 79' lang='lat' dir='ltr'><strong>Patre,ex</strong></span> <span class='ocrx_word' id='word_1_894' title='bbox 624 5414 732 5485; x_wconf 78' lang='lat' dir='ltr'><strong>quo</strong></span> <span class='ocrx_word' id='word_1_895' title='bbox 779 5414 831 5470; x_wconf 78' lang='lat' dir='ltr'><strong>et</strong></span> <span class='ocrx_word' id='word_1_896' title='bbox 863 5415 1033 5469; x_wconf 87' lang='lat' dir='ltr'><strong>Filius</strong></span> <span class='ocrx_word' id='word_1_897' title='bbox 1067 5426 1256 5480; x_wconf 90' lang='lat' dir='ltr'><strong>natus,</strong></span> <span class='ocrx_word' id='word_1_898' title='bbox 1300 5425 1353 5470; x_wconf 80' lang='lat' dir='ltr'><strong>et</strong></span> <span class='ocrx_word' id='word_1_899' title='bbox 1389 5414 1623 5482; x_wconf 81' lang='lat' dir='ltr'><strong>Spiritus</strong></span> <span class='ocrx_word' id='word_1_900' title='bbox 1662 5424 1886 5486; x_wconf 84' lang='lat' dir='ltr'><strong>sanctus</strong></span> 
     </span>
    </p>
   </div>
   <div class='ocr_carea' id='block_1_91' title="bbox 1778 5414 3391 5486">
    <p class='ocr_par' dir='ltr' id='par_1_91' title="bbox 1778 5415 3391 5486">
     <span class='ocr_line' id='line_1_92' title="bbox 1778 5415 3391 5486; baseline 0.001 -19"><span class='ocrx_word' id='word_1_901' title='bbox 1778 5424 1886 5486; x_wconf 83' lang='lat' dir='ltr'><strong>:tus</strong></span> <span class='ocrx_word' id='word_1_902' title='bbox 2072 5418 2181 5485; x_wconf 82' lang='grc'>(50)</span> <span class='ocrx_word' id='word_1_903' title='bbox 2208 5421 2314 5484; x_wconf 77' lang='grc' dir='ltr'><strong>Εἰς</strong></span> <span class='ocrx_word' id='word_1_904' title='bbox 2343 5418 2549 5486; x_wconf 71' lang='grc' dir='ltr'><strong>αὐτόν.</strong></span> <span class='ocrx_word' id='word_1_905' title='bbox 2583 5416 2762 5486; x_wconf 54' lang='lat' dir='ltr'><strong>Codex</strong></span> <span class='ocrx_word' id='word_1_906' title='bbox 2801 5416 2839 5467; x_wconf 77' lang='lat' dir='ltr'><strong>lt</strong></span> <span class='ocrx_word' id='word_1_907' title='bbox 2863 5417 3018 5486; x_wconf 40' lang='lat' dir='ltr'><strong>igins,</strong></span> <span class='ocrx_word' id='word_1_908' title='bbox 3044 5415 3181 5486; x_wconf 76' lang='grc' dir='ltr'>πρὸς</span> <span class='ocrx_word' id='word_1_909' title='bbox 3211 5415 3391 5486; x_wconf 77' lang='grc' dir='ltr'>αὐτόν.</span> 
     </span>
    </p>
   </div>
   <div class='ocr_carea' id='block_1_92' title="bbox 317 5483 1930 5556">
    <p class='ocr_par' dir='ltr' id='par_1_92' title="bbox 317 5483 1885 5556">
     <span class='ocr_line' id='line_1_93' title="bbox 317 5483 1885 5556; baseline -0.001 -18"><span class='ocrx_word' id='word_1_910' title='bbox 317 5483 779 5556; x_wconf 54' lang='grc' dir='ltr'>ριέοοοιιοιιεζείιιιι</span> <span class='ocrx_word' id='word_1_911' title='bbox 813 5486 984 5556; x_wconf 83' lang='lat' dir='ltr'><strong>dubio</strong></span> <span class='ocrx_word' id='word_1_912' title='bbox 1026 5486 1285 5540; x_wconf 86' lang='lat' dir='ltr'><strong>bonitatis</strong></span> <span class='ocrx_word' id='word_1_913' title='bbox 1323 5486 1725 5556; x_wconf 79' lang='lat' dir='ltr'><strong>ejusnaturam</strong></span> <span class='ocrx_word' id='word_1_914' title='bbox 1755 5484 1885 5556; x_wconf 84' lang='lat' dir='ltr'><strong>re_ti-</strong></span> 
     </span>
    </p>
   </div>
   <div class='ocr_carea' id='block_1_93' title="bbox 1956 5483 3569 5556">
    <p class='ocr_par' dir='ltr' id='par_1_93' title="bbox 2033 5483 3569 5556">
     <span class='ocr_line' id='line_1_94' title="bbox 2033 5483 3569 5556; baseline -0.002 -16"><span class='ocrx_word' id='word_1_915' title='bbox 2033 5483 2174 5556; x_wconf 64' lang='grc'>(51)</span> <span class='ocrx_word' id='word_1_916' title='bbox 2221 5483 2402 5542; x_wconf 77' lang='lat' dir='ltr'><strong>Codex</strong></span> <span class='ocrx_word' id='word_1_917' title='bbox 2440 5485 2670 5555; x_wconf 74' lang='lat' dir='ltr'><strong>Regius,</strong></span> <span class='ocrx_word' id='word_1_918' title='bbox 2704 5483 2898 5538; x_wconf 73' lang='grc' dir='ltr'>πλεῖον</span> <span class='ocrx_word' id='word_1_919' title='bbox 2928 5483 3099 5556; x_wconf 67' lang='grc' dir='ltr'>γὰρἰη</span> <span class='ocrx_word' id='word_1_920' title='bbox 3130 5484 3384 5555; x_wconf 87' lang='grc' dir='ltr'>ὑποδοχή.</span> <span class='ocrx_word' id='word_1_921' title='bbox 3428 5483 3569 5552; x_wconf 77' lang='lat' dir='ltr'><strong>Lege</strong></span> 
     </span>
    </p>
   </div>
   <div class='ocr_carea' id='block_1_94' title="bbox 317 5553 1930 5629">
    <p class='ocr_par' dir='ltr' id='par_1_94' title="bbox 317 5553 1884 5629">
     <span class='ocr_line' id='line_1_95' title="bbox 317 5553 1884 5629; baseline -0.002 -20"><span class='ocrx_word' id='word_1_922' title='bbox 317 5553 467 5629; x_wconf 74' lang='lat' dir='ltr'><strong>nent,</strong></span> <span class='ocrx_word' id='word_1_923' title='bbox 504 5571 627 5629; x_wconf 70' lang='lat' dir='ltr'><strong>qua:</strong></span> <span class='ocrx_word' id='word_1_924' title='bbox 655 5567 740 5609; x_wconf 90' lang='lat' dir='ltr'><strong>est</strong></span> <span class='ocrx_word' id='word_1_925' title='bbox 764 5556 819 5629; x_wconf 82' lang='lat' dir='ltr'><strong>iu</strong></span> <span class='ocrx_word' id='word_1_926' title='bbox 858 5571 924 5610; x_wconf 87' lang='lat' dir='ltr'><strong>eo</strong></span> <span class='ocrx_word' id='word_1_927' title='bbox 964 5554 1111 5629; x_wconf 70' lang='lat' dir='ltr'><strong>fonte</strong></span> <span class='ocrx_word' id='word_1_928' title='bbox 1145 5559 1211 5610; x_wconf 88' lang='lat' dir='ltr'><strong>de</strong></span> <span class='ocrx_word' id='word_1_929' title='bbox 1237 5572 1345 5626; x_wconf 92' lang='lat' dir='ltr'><strong>quo</strong></span> <span class='ocrx_word' id='word_1_930' title='bbox 1383 5554 1465 5607; x_wconf 89' lang='lat' dir='ltr'><strong>vel</strong></span> <span class='ocrx_word' id='word_1_931' title='bbox 1495 5563 1654 5629; x_wconf 86' lang='lat' dir='ltr'><strong>n_atus</strong></span> <span class='ocrx_word' id='word_1_932' title='bbox 1683 5563 1766 5608; x_wconf 88' lang='lat' dir='ltr'><strong>est</strong></span> <span class='ocrx_word' id='word_1_933' title='bbox 1795 5553 1884 5629; x_wconf 54' lang='lat' dir='ltr'><strong>Fi:</strong></span> 
     </span>
    </p>
   </div>
   <div class='ocr_carea' id='block_1_95' title="bbox 1069 5553 2682 5629">
    <p class='ocr_par' dir='ltr' id='par_1_95' title="bbox 1069 5553 2682 5629">
     <span class='ocr_line' id='line_1_96' title="bbox 1069 5553 2682 5629; baseline -0.001 -19"><span class='ocrx_word' id='word_1_934' title='bbox 1069 5565 1111 5629; x_wconf 77' lang='lat' dir='ltr'><strong>te</strong></span> <span class='ocrx_word' id='word_1_935' title='bbox 1145 5559 1211 5610; x_wconf 88' lang='lat' dir='ltr'><strong>de</strong></span> <span class='ocrx_word' id='word_1_936' title='bbox 1237 5572 1345 5626; x_wconf 92' lang='lat' dir='ltr'><strong>quo</strong></span> <span class='ocrx_word' id='word_1_937' title='bbox 1383 5554 1465 5607; x_wconf 89' lang='lat' dir='ltr'><strong>vel</strong></span> <span class='ocrx_word' id='word_1_938' title='bbox 1495 5563 1654 5629; x_wconf 86' lang='lat' dir='ltr'><strong>n_atus</strong></span> <span class='ocrx_word' id='word_1_939' title='bbox 1683 5563 1766 5608; x_wconf 88' lang='lat' dir='ltr'><strong>est</strong></span> <span class='ocrx_word' id='word_1_940' title='bbox 1795 5553 1884 5629; x_wconf 61' lang='grc' dir='ltr'><strong>Εἰς</strong></span> <span class='ocrx_word' id='word_1_941' title='bbox 1990 5553 2190 5629; x_wconf 70' lang='grc' dir='ltr'>πλείων</span> <span class='ocrx_word' id='word_1_942' title='bbox 2216 5557 2330 5629; x_wconf 82' lang='grc' dir='ltr'><strong>γὰρ</strong></span> <span class='ocrx_word' id='word_1_943' title='bbox 2354 5560 2387 5628; x_wconf 80' lang='grc' dir='ltr'>ἡ</span> <span class='ocrx_word' id='word_1_944' title='bbox 2421 5553 2682 5629; x_wconf 59' lang='grc' dir='ltr'>ὑπεροχή.</span> 
     </span>
    </p>
   </div>
   <div class='ocr_carea' id='block_1_96' title="bbox 317 5621 3567 5697">
    <p class='ocr_par' dir='ltr' id='par_1_96' title="bbox 317 5621 3567 5697">
     <span class='ocr_line' id='line_1_97' title="bbox 317 5621 3567 5697; baseline -0.001 -18"><span class='ocrx_word' id='word_1_945' title='bbox 317 5628 442 5689; x_wconf 87' lang='lat' dir='ltr'><strong>lius,</strong></span> <span class='ocrx_word' id='word_1_946' title='bbox 475 5621 556 5678; x_wconf 72' lang='lat' dir='ltr'><strong>vel</strong></span> <span class='ocrx_word' id='word_1_947' title='bbox 607 5627 906 5697; x_wconf 72' lang='lat' dir='ltr'><strong>procedens</strong></span> <span class='ocrx_word' id='word_1_948' title='bbox 960 5625 1194 5697; x_wconf 81' lang='lat' dir='ltr'><strong>Spiritus</strong></span> <span class='ocrx_word' id='word_1_949' title='bbox 1221 5621 1473 5697; x_wconf 69' lang='lat' dir='ltr'><strong>sanctus.</strong></span> <span class='ocrx_word' id='word_1_950' title='bbox 1512 5621 1633 5697; x_wconf 76' lang='lat' dir='ltr'><strong>1am</strong></span> <span class='ocrx_word' id='word_1_951' title='bbox 1678 5638 1806 5697; x_wconf 85' lang='lat' dir='ltr'><strong>vero</strong></span> <span class='ocrx_word' id='word_1_952' title='bbox 1835 5622 1883 5677; x_wconf 92' lang='lat' dir='ltr'><strong>si</strong></span> <span class='ocrx_word' id='word_1_953' title='bbox 1990 5696 1995 5697; x_wconf 14' lang='grc' dir='ltr'><em>γ</em></span> <span class='ocrx_word' id='word_1_954' title='bbox 2059 5626 2175 5697; x_wconf 73' lang='grc'>(52)</span> <span class='ocrx_word' id='word_1_955' title='bbox 2220 5621 2402 5697; x_wconf 68' lang='grc' dir='ltr'>Οόάυὲί</span> <span class='ocrx_word' id='word_1_956' title='bbox 2432 5621 2685 5697; x_wconf 62' lang='lat' dir='ltr'><strong>Re&#39;giu&#39;s&#39;,</strong></span> <span class='ocrx_word' id='word_1_957' title='bbox 2714 5624 3043 5695; x_wconf 84' lang='grc' dir='ltr'>λεγομένων.</span> <span class='ocrx_word' id='word_1_958' title='bbox 3090 5623 3260 5677; x_wconf 88' lang='lat' dir='ltr'><strong>Paulo</strong></span> <span class='ocrx_word' id='word_1_959' title='bbox 3288 5632 3412 5694; x_wconf 88' lang='lat' dir='ltr'><strong>post</strong></span> <span class='ocrx_word' id='word_1_960' title='bbox 3450 5622 3567 5694; x_wconf 82' lang='lat' dir='ltr'><strong>lege</strong></span> 
     </span>
    </p>
   </div>
   <div class='ocr_carea' id='block_1_97' title="bbox 315 5694 1928 5770">
    <p class='ocr_par' dir='ltr' id='par_1_97' title="bbox 315 5694 1880 5770">
     <span class='ocr_line' id='line_1_98' title="bbox 315 5694 1880 5770; baseline -0.003 -19"><span class='ocrx_word' id='word_1_961' title='bbox 315 5694 743 5770; x_wconf 71' lang='lat' dir='ltr'><strong>quabonaulia</strong></span> <span class='ocrx_word' id='word_1_962' title='bbox 778 5695 832 5770; x_wconf 89' lang='lat' dir='ltr'><strong>iu</strong></span> <span class='ocrx_word' id='word_1_963' title='bbox 874 5694 1477 5770; x_wconf 78' lang='lat' dir='ltr'><strong>Scripturisdicuutur.</strong></span> <span class='ocrx_word' id='word_1_964' title='bbox 1513 5694 1597 5748; x_wconf 88' lang='lat' dir='ltr'><strong>vel</strong></span> <span class='ocrx_word' id='word_1_965' title='bbox 1633 5694 1880 5770; x_wconf 75' lang='lat' dir='ltr'><strong>angelus,</strong></span> 
     </span>
    </p>
   </div>
   <div class='ocr_carea' id='block_1_98' title="bbox 1054 5694 2667 5770">
    <p class='ocr_par' dir='ltr' id='par_1_98' title="bbox 1056 5694 2667 5770">
     <span class='ocr_line' id='line_1_99' title="bbox 1056 5694 2667 5770; baseline 0.001 -21"><span class='ocrx_word' id='word_1_966' title='bbox 1056 5695 1477 5770; x_wconf 77' lang='lat' dir='ltr'><strong>urisdicuutur.</strong></span> <span class='ocrx_word' id='word_1_967' title='bbox 1513 5694 1597 5748; x_wconf 88' lang='lat' dir='ltr'><strong>vel</strong></span> <span class='ocrx_word' id='word_1_968' title='bbox 1633 5694 1880 5770; x_wconf 75' lang='lat' dir='ltr'><strong>angelus,</strong></span> <span class='ocrx_word' id='word_1_969' title='bbox 1988 5694 2236 5770; x_wconf 76' lang='grc' dir='ltr'>λέλεκται</span> <span class='ocrx_word' id='word_1_970' title='bbox 2265 5696 2323 5750; x_wconf 81' lang='grc' dir='ltr'>δὲ</span> <span class='ocrx_word' id='word_1_971' title='bbox 2347 5696 2484 5770; x_wconf 77' lang='grc' dir='ltr'>πρὸς</span> <span class='ocrx_word' id='word_1_972' title='bbox 2516 5694 2667 5770; x_wconf 77' lang='grc' dir='ltr'>αὐτὸ.</span> 
     </span>
    </p>
   </div>
   <div class='ocr_carea' id='block_1_99' title="bbox 314 5761 1927 5840">
    <p class='ocr_par' dir='ltr' id='par_1_99' title="bbox 314 5761 1883 5840">
     <span class='ocr_line' id='line_1_100' title="bbox 314 5761 1883 5840; baseline -0.002 -20"><span class='ocrx_word' id='word_1_973' title='bbox 314 5761 397 5840; x_wconf 71' lang='lat' dir='ltr'><strong>vel</strong></span> <span class='ocrx_word' id='word_1_974' title='bbox 430 5767 612 5840; x_wconf 84' lang='lat' dir='ltr'><strong>homo,</strong></span> <span class='ocrx_word' id='word_1_975' title='bbox 639 5766 725 5820; x_wconf 88' lang='lat' dir='ltr'><strong>vel</strong></span> <span class='ocrx_word' id='word_1_976' title='bbox 760 5761 1069 5840; x_wconf 78' lang='lat' dir='ltr'><strong>thesaurus,</strong></span> <span class='ocrx_word' id='word_1_977' title='bbox 1104 5766 1318 5840; x_wconf 78' lang='lat' dir='ltr'><strong>veicor</strong></span> <span class='ocrx_word' id='word_1_978' title='bbox 1346 5766 1574 5840; x_wconf 78' lang='lat' dir='ltr'><strong>bonum,</strong></span> <span class='ocrx_word' id='word_1_979' title='bbox 1602 5764 1685 5840; x_wconf 75' lang='lat' dir='ltr'><strong>vel</strong></span> <span class='ocrx_word' id='word_1_980' title='bbox 1717 5761 1883 5840; x_wconf 74' lang='lat' dir='ltr'><strong>arbor</strong></span> 
     </span>
    </p>
   </div>
   <div class='ocr_carea' id='block_1_100' title="bbox 1945 5761 3558 5840">
    <p class='ocr_par' dir='ltr' id='par_1_100' title="bbox 2062 5761 3558 5840">
     <span class='ocr_line' id='line_1_101' title="bbox 2062 5761 3558 5840; baseline -0.002 -17"><span class='ocrx_word' id='word_1_981' title='bbox 2062 5769 2173 5840; x_wconf 72' lang='lat'><strong>(&#39;53)</strong></span> <span class='ocrx_word' id='word_1_982' title='bbox 2218 5761 2509 5835; x_wconf 65' lang='grc' dir='ltr'>Ὁρείλετε</span> <span class='ocrx_word' id='word_1_983' title='bbox 2538 5765 2756 5837; x_wconf 73' lang='grc' dir='ltr'>λέγειν,</span> <span class='ocrx_word' id='word_1_984' title='bbox 2788 5774 2890 5825; x_wconf 80' lang='lat' dir='ltr'><strong>etc,</strong></span> <span class='ocrx_word' id='word_1_985' title='bbox 2918 5764 3051 5824; x_wconf 89' lang='lat' dir='ltr'><strong>Luc.</strong></span> <span class='ocrx_word' id='word_1_986' title='bbox 3081 5780 3214 5833; x_wconf 82' lang='lat' dir='ltr'><strong>xvu,</strong></span> <span class='ocrx_word' id='word_1_987' title='bbox 3241 5764 3330 5833; x_wconf 70' lang='lat'><strong>10,</strong></span> <span class='ocrx_word' id='word_1_988' title='bbox 3356 5761 3558 5835; x_wconf 78' lang='grc' dir='ltr'>λέγετε.</span> 
     </span>
    </p>
   </div>
   <div class='ocr_carea' id='block_1_101' title="bbox 315 5833 1875 5903">
    <p class='ocr_par' dir='ltr' id='par_1_101' title="bbox 315 5833 1875 5903">
     <span class='ocr_line' id='line_1_102' title="bbox 315 5833 1875 5903; baseline -0.004 -11"><span class='ocrx_word' id='word_1_989' title='bbox 315 5838 488 5903; x_wconf 80' lang='lat' dir='ltr'><strong>bona;</strong></span> <span class='ocrx_word' id='word_1_990' title='bbox 519 5835 633 5893; x_wconf 68' lang='lat' dir='ltr'><strong>haec</strong></span> <span class='ocrx_word' id='word_1_991' title='bbox 676 5835 860 5891; x_wconf 88' lang='lat' dir='ltr'><strong>omnia</strong></span> <span class='ocrx_word' id='word_1_992' title='bbox 904 5834 1125 5889; x_wconf 86' lang='lat' dir='ltr'><strong>abusive</strong></span> <span class='ocrx_word' id='word_1_993' title='bbox 1163 5836 1438 5900; x_wconf 86' lang='lat' dir='ltr'><strong>dicuntur,</strong></span> <span class='ocrx_word' id='word_1_994' title='bbox 1465 5833 1875 5900; x_wconf 81' lang='lat' dir='ltr'><strong>accidentalcm,</strong></span> 
     </span>
    </p>
   </div>
  </div>
