4086 6418
533 361 671 418 1283

2004 354 2326 412 οιιιϐεκιδ

3645 358 3787 420 1386

531 480 628 537 Dei
667 482 723 537 in
773 490 1068 552 conspectu
1113 479 1303 543 fuerit;
1354 479 1425 533 ita
1480 492 1662 533 coram
1695 479 1837 533 bono
1869 477 2093 533 Dcoho-

2203 477 2335 531 Θεοῦ
2377 476 2713 548 δικαιοσύνη
2757 474 2928 541 οὕτως
2975 476 3097 530 οὐδὲ
3147 475 3348 546 ἀγαθὸς
3391 476 3788 548 χρηματίσειεν

534 589 663 628 nun.
692 589 1035 643 nequaquam
1059 572 1385 641 appellatum
1418 570 1505 636 iri,
1539 570 1633 639 qui
1676 584 1801 625 cum
1834 568 2105 625 inferiori-

534 664 634 717 bus
669 671 1033 732 comparatus,
1064 662 1191 716 boni
1226 675 1423 714 nomen
1460 660 1771 714 meruisset.

601 754 688 807 Η.
726 752 806 807 Ac
836 752 982 807 dicat
1022 751 1257 807 fortasse
1302 750 1499 820 aliquis
1537 758 1951 820 cognoscentem
1978 748 2106 805 Scr-

528 852 769 897 vatorem
821 842 1213 911 interrogantis
1259 840 1601 896 affectionem
1650 850 1706 895 et
1745 841 2102 906 voluntatem,

525 949 647 1003 qua:
685 933 916 989 multutn
961 935 1147 989 aberat
1196 940 1257 987 ut
1308 932 1512 986 bonum
1572 945 1735 986 omne
1772 930 1825 984 in
1867 930 2104 987 hominis

524 1032 790 1093 potestate
839 1023 1081 1094 positum
1132 1030 1437 1092 praestaret,
1490 1020 1844 1091 interroganti
1892 1021 1941 1076 ei
1999 1022 2041 1053 "
2084 1039 2099 1076 :

527 1133 547 1166 ι
580 1113 722 1181 Quid
752 1115 882 1170 boni
916 1114 1154 1171 faciam?
1193 1132 1213 1166 ι
1246 1112 1597 1183 respondisse
1634 1130 1647 1166 :
1683 1130 1701 1162 ι
1733 1109 1875 1177 Quid
1909 1126 1997 1166 me
2026 1111 2105 1165 in-

524 1214 768 1277 terrogas
813 1207 881 1262 de
930 1206 1111 1262 bono?
1167 1224 1186 1258 ι
1225 1218 1290 1260 ac
1332 1204 1379 1259 si
1419 1203 1693 1259 dixisset:
1727 1201 1799 1258 lis
1834 1203 2101 1259 obeundis

519 1296 808 1366 praeceptis
838 1310 961 1365 quae
992 1296 1059 1350 de
1089 1295 1237 1350 bono
1274 1292 1372 1348 tibi
1409 1293 1640 1360 tradam,
1675 1291 2100 1362 haudquaquam

520 1393 769 1453 paratus,
811 1385 1016 1454 quaeris
1063 1383 1197 1454 quid
1242 1383 1371 1439 boni
1402 1382 1608 1440 faciens
1641 1385 1805 1440 vitam
1841 1394 2099 1441 aeternam

519 1478 898 1546 consequeris.
929 1475 1136 1531 Deinde
1167 1491 1335 1530 unum
1366 1490 1493 1531 vere
1524 1476 1727 1531 bonum
1757 1492 1879 1533 esse
1919 1478 2098 1543 docet,

520 1569 589 1624 de
615 1584 726 1639 quo
753 1569 805 1624 id
829 1569 907 1623 ait
935 1569 1022 1623 lex
1052 1568 1097 1601 ⁸⁸
1132 1586 1147 1622 :
1184 1586 1203 1619 ι
1232 1567 1398 1634 Audi,
1429 1566 1616 1635 Israel,
1648 1567 1915 1626 Dominus
1952 1568 2097 1626 Deus

519 1667 725 1723 noster,
761 1658 1025 1713 Dominus
1047 1672 1191 1713 unus
1223 1666 1342 1723 est;
1383 1677 1401 1709 ι
1431 1658 1645 1728 proprie
1671 1661 1817 1714 enim
1843 1658 2099 1716 Servator

518 1750 607 1803 ille
633 1759 734 1815 est,
766 1749 985 1818 proprie
1005 1747 1293 1815 Dominus,
1336 1758 1391 1803 et
1427 1749 1646 1820 proprie
1673 1750 1872 1818 bonus,
1912 1765 1943 1805 a
1983 1766 2095 1822 quo

2206 565 2435 619 ἐνώπιον
2463 565 2558 619 τοῦ
2589 565 2794 636 ἀγαθοῦ
2841 565 2976 620 Θεοῦ
3000 568 3108 631 πᾶς
3139 565 3197 629 ὃς
3233 566 3370 637 πρὸς
3398 565 3512 639 (54)
3546 566 3617 622 τὰ
3651 568 3789 623 ὐπο-

2202 655 2457 727 δεέστερα
2491 656 2775 729 συγκρίσει
2808 659 3029 712 ἐκείνων
3051 657 3256 727 ἀγαθὸς
3283 657 3347 711 ἂν
3368 657 3613 731 λεχθείη.

2272 748 2495 817 Δέγοιτο
2525 748 2571 801 δ’
2601 748 2669 804 ἂν
2697 749 2803 802 ὑπό
2832 760 2996 815 τινος,
3035 750 3111 814 ὡς
3149 749 3258 822 ἀρα
3285 749 3573 819 γινώσκων
3615 754 3645 808 6
3671 754 3786 808 Σω-

2201 839 2306 910 τὴρ
2348 839 2447 912 τὴν
2496 840 2591 894 τοῦ
2660 840 3063 912 πυνθανομένου
3120 841 3235 907 ἕξιν
3290 842 3385 894 καὶ
3433 842 3781 916 προαίρεσιν,

2201 929 2343 984 πάνυ
2386 930 2719 987 ἀποδέουσαν
2759 933 2851 985 τοῦ
2891 933 3065 988 ποιεῖν
3105 930 3167 983 τὸ
3211 931 3434 1000 ἐφικτὸν
3471 933 3785 1006 ἀνθρώποις

2200 1022 2404 1090 ἀγαθὸν
2426 1064 2441 1090 ,
2503 1019 2655 1078 εἶπεν
2703 1022 2853 1094 αῦτῷ
2907 1024 3322 1094 πυνθανομένῳ’
3389 1042 3409 1075 ι
3460 1026 3526 1079 Τί
3572 1026 3780 1095 ἀγαθὸν

2201 1116 2440 1185 ποιήσω;
2482 1133 2500 1166 ι
2536 1115 2596 1169 τό
2616 1132 2629 1145 ο
2665 1135 2685 1168 ‹
2712 1116 2777 1168 Τί
2801 1133 2869 1186 με
2885 1117 3165 1188 ὲπερωτᾷς
3192 1117 3321 1187 περ).
3349 1115 3443 1169 τοῦ
3469 1116 3679 1187 ἀγαθοῦ
3702 1138 3717 1185 ;
3747 1136 3768 1172 ι

2197 1204 2330 1258 ὡσεὶ
2360 1206 2532 1276 ἐλεγε-
2559 1208 2650 1278 Μὴ
2680 1208 3196 1279 παρεσκευασμένος
3226 1207 3300 1260 ὢν
3330 1206 3466 1280 πρὸς
3487 1210 3557 1264 τά
3577 1209 3783 1286 λεχθῇ-τ.

2198 1296 2403 1368 σόμενα
2460 1298 2527 1353 ἂν
2572 1300 2701 1372 περὶ
2739 1300 2833 1353 τοῦ
2881 1300 3116 1369 ἀγαθοῦ,
3173 1300 3421 1377 πυνθάνῃ
3468 1300 3522 1355 τι
3571 1282 3771 1371 ἀγαθὸν

2198 1390 2451 1461 ποιήσας,
2492 1389 2637 1461 ζωὴν
2678 1389 2896 1444 αἰώνιον
2944 1391 3404 1463 κληρονομήσεις.
3453 1387 3591 1447 Εἶτα
3631 1390 3773 1445 διδά-

2199 1499 2339 1545 σκει,
2383 1483 2465 1536 ὅτι
2511 1482 2729 1555 ἀληθῶς
2771 1484 2974 1552 ἀγαθὸς
3014 1480 3095 1549 εἷς
3140 1486 3278 1549 ἐστι,
3328 1487 3456 1557 περὶ
3502 1477 3565 1540 οῦ
3609 1484 3703 1539 καὶ
3746 1480 3778 1538 6

2197 1571 2360 1642 νόμος
2386 1571 2538 1640 λέγει
2567 1572 2659 1625 τόο
2718 1591 2738 1624 ι
2775 1574 2995 1639 Ἀκουε,
3053 1573 3287 1645 Ἰσραήλ’
3324 1572 3532 1645 Κύριος
3576 1576 3605 1628 6
3646 1573 3776 1637 Θεὸς

2194 1664 2352 1735 ἡμῶν
2380 1664 2583 1737 Κύριός
2606 1667 2724 1719 ἐστι
2750 1664 2861 1737 (55)
2882 1684 2897 1698 ·
2935 1686 2956 1720 ι
2988 1666 3192 1738 κυρίως
3225 1667 3334 1739 γάρ
3362 1670 3390 1721 6
3422 1665 3635 1740 Σωτὴρ,
3681 1664 3780 1722 καὶ

2196 1756 2397 1828 κυρίως
2428 1758 2653 1829 Κύριος,
2683 1757 2779 1811 καὶ
2814 1758 3020 1828 κυρίως
3057 1755 3261 1827 ἀγαθὸς
3303 1752 3460 1822 οῦτός
3504 1758 3673 1823 ἐστιν,
3713 1756 3779 1813 ὃν

515 1840 696 1895 omnia
728 1851 788 1895 ut
824 1841 967 1896 bona
1000 1841 1117 1896 fieri
1164 1855 1487 1911 persuasum
1518 1842 1711 1898 habeo.
1745 1842 1966 1910 Quaeres
1997 1860 2093 1899 au-

2200 1846 2457 1918 πείθομαι
2491 1848 2669 1902 πάντα
2696 1848 2771 1911 ὡς
2797 1847 2998 1917 ἀγαθὸν
3027 1850 3221 1901 ποιεῖν.
3253 1849 3519 1920 Ζητήσεις
3559 1848 3618 1903 δὲ
3657 1846 3779 1912 πῶς

516 1941 622 1989 tem
645 1933 921 2003 quomodo
949 1933 1246 1989 bonitatem
1272 1933 1418 1989 illius
1443 1949 1507 1988 ea
1532 1935 1693 1989 etiam
1716 1935 1945 2005 spirent,
1972 1952 2095 2007 quae

512 2026 582 2081 ab
608 2025 677 2081 iis
712 2024 941 2080 minimc
973 2024 1373 2096 intelliguntur,
1403 2025 1500 2096 qui
1538 2024 1710 2081 Deum
1739 2025 1896 2096 legis,
1918 2043 2095 2099 quau-

513 2127 628 2172 tum
662 2117 716 2171 in
750 2132 809 2173 se
853 2124 960 2182 est,
1009 2117 1436 2182 calumniantur,
1474 2130 1713 2187 eumque
1752 2116 1858 2172 hoc
1907 2118 2094 2174 crimi-

512 2216 716 2263 nantur
737 2206 978 2274 nomine,
1019 2220 1130 2276 quo
1157 2220 1226 2260 ne
1254 2204 1532 2259 hominem
1555 2204 1775 2275 quidem
1809 2205 2099 2275 reprehen-

511 2305 641 2361 dere
660 2311 969 2375 promptum
1007 2301 1167 2358 foret.
1208 2302 1302 2358 Sic
1330 2302 1475 2356 enim
1504 2300 1750 2356 animum
1797 2316 1978 2357 meum
2009 2302 2093 2356 in-

510 2398 676 2463 duco,
719 2411 828 2452 non
871 2397 1055 2451 minus
1098 2394 1153 2451 id
1184 2394 1280 2450 Dei
1327 2393 1627 2449 bonitatem
1662 2392 1971 2464 signiﬁcare
2002 2394 2043 2427 ¹⁹
2075 2411 2089 2447 :

514 2508 535 2542 ι
575 2488 687 2561 Ego
710 2486 975 2554 occidam,
1028 2506 1048 2539 ι
1103 2495 1269 2556 atque
1302 2485 1432 2540 illud
1463 2503 1479 2541 :
1517 2504 1536 2537 ι
1576 2483 1644 2539 Ει
1671 2498 1772 2555 ego
1798 2485 1981 2539 vivere
2011 2484 2093 2540 fa-

508 2580 685 2646 ciam;
722 2598 742 2633 ›
797 2580 925 2634 item
968 2587 1023 2634 et
1056 2578 1206 2633 hoc:
1250 2595 1270 2629 ‹
1321 2576 1659 2644 Percutiam;
1699 2595 1718 2629 ι
1758 2576 1901 2631 haud
1931 2591 2091 2631 secus

508 2690 575 2729 ac
605 2692 620 2727 :
650 2691 670 2726 ι
713 2672 778 2728 Et
814 2688 916 2745 ego
964 2672 1191 2728 sanabo.
1243 2690 1265 2724 ι
1297 2669 1455 2738 Quod
1489 2671 1534 2726 si
1581 2671 1789 2727 doloris
1824 2671 1914 2725 ille
1952 2685 2091 2724 non-

507 2781 791 2837 nunquam
818 2774 1010 2821 auctor
1048 2773 1151 2829 est,
1198 2763 1483 2819 sciendum
1516 2771 1599 2818 est
1648 2762 1921 2819 medicum
1951 2777 2092 2832 quo-

506 2873 615 2929 que
645 2872 789 2928 saepe
823 2856 1029 2913 doloris
1063 2864 1339 2911 auctorem
1374 2869 1497 2910 esse
1517 2855 1562 2886 ’°
1597 2872 1611 2908 :
1645 2861 1704 2908 at
1731 2853 1983 2910 dolorem
2007 2852 2093 2906 iu-

507 2950 723 3004 cutiens
749 2948 914 3013 Deus,
943 2962 1140 3003 rursus
1171 2934 1392 3001 sanitati
1434 2945 1708 3013 restituit;
1751 2946 1827 3000 ita
1872 2954 1928 3000 et
1951 2959 2090 3015 quos

507 3040 799 3111 percussit,
850 3039 1096 3095 bonitate
1138 3053 1239 3094 sua
1286 3038 1557 3093 adductus
1597 3038 1886 3108 percussit.
1938 3036 2088 3104 Quos

505 3132 654 3186 enim
685 3131 908 3201 corripit
933 3148 946 3185 :
971 3148 990 3181 ι
1019 3128 1302 3197 Tanquam
1331 3127 1456 3184 filiis
1487 3143 1545 3183 se
1571 3127 1731 3182 ofl‘ert
1762 3127 1937 3194 Deus;
1964 3127 2090 3199 quis

2195 1936 2293 2007 τῆς
2318 1936 2652 2009 ἀγαθότητος
2687 1938 2852 1993 αὐτοῦ
2886 1942 3011 1992 πνεῖ
3039 1939 3134 1992 καὶ
3172 1939 3241 1993 τά
3276 1938 3350 2010 μὴ
3379 1938 3647 2010 νοούμενα
3667 1934 3778 1993 ὑπὸ

2192 2026 2302 2079 τῶν
2331 2028 2454 2081 ὅσον
2486 2031 2573 2098 ἐφ’
2599 2030 2813 2093 ἑαυτοῖς
2842 2029 3321 2098 συκοφαντούντων
3357 2029 3446 2083 τὸν
3488 2028 3583 2083 τοῦ
3608 2029 3777 2101 νόμου

2193 2115 2325 2171 Θεὸν
2350 2118 2484 2191 (36),
2537 2120 2632 2174 καὶ
2683 2121 3132 2193 κατηγορούντων
3174 2119 3338 2175 αὑτοῦ
3387 2121 3423 2176 ἃ
3473 2121 3595 2177 οὐδὲ
3646 2115 3779 2196 περὶ

2192 2208 2481 2280 ἀνθρώπου
2507 2211 2713 2281 ταχέως
2740 2211 2849 2283 (37)
2880 2212 3056 2281 λέγειν
3083 2211 3304 2266 εὔκολόν
3333 2215 3449 2267 ἐστι
3471 2230 3485 2244 ο
3517 2212 3781 2285 πείθομαι

2192 2299 2301 2370 γὰρ
2332 2299 2467 2353 Θεοῦ
2498 2300 2834 2374 ἀγαθότητος
2883 2306 3039 2357 πνεῖν
3100 2304 3197 2357 καὶ
3242 2303 3336 2357 τόο
3382 2322 3401 2355 ι
3450 2302 3591 2373 Ἐγὼ
3640 2306 3780 2358 ἀπο·

2193 2391 2387 2459 κτενῶ,
2413 2411 2432 2445 ι
2461 2393 2563 2446 οὐκ
2584 2392 2804 2448 ἔλαττον
2820 2394 2934 2448 τοῦ·
2959 2414 2977 2447 ι
3001 2394 3111 2449 Καὶ
3132 2394 3232 2465 ζῇν
3265 2396 3495 2467 ποιήσω’
3520 2414 3539 2447 ι
3569 2395 3776 2468 ὁμοίως

2188 2482 2247 2536 δὲ
2279 2483 2374 2537 καὶ
2404 2483 2494 2536 τό·
2543 2502 2563 2535 ι
2594 2484 2848 2550 Πατάξω,
2891 2504 2911 2537 ι
2944 2485 3041 2556 οὐχ
3068 2482 3229 2559 ἦττον
3260 2484 3354 2538 τοῦ
3376 2501 3390 2515 ⁶
3443 2503 3462 2537 ι
3497 2483 3671 2556 Κάγὼ
3696 2484 3777 2540 ἰά-

2192 2591 2377 2647 σομαι.
2425 2595 2443 2627 ι
2491 2577 2553 2629 El
2587 2575 2644 2630 δὲ
2683 2577 2778 2630 καὶ
2825 2577 2989 2642 αὐτὸς
3034 2577 3220 2646 ἀλγεῖν
3256 2578 3421 2641 ποιεῖ,
3476 2576 3649 2631 ίστέον
3688 2577 3774 2631 ὅτι

2190 2667 2449 2733 πολλάκις
2475 2668 2569 2722 καὶ
2597 2668 2781 2739 ἰατρὸς
2812 2667 2997 2737 ἀλγεῖν
3031 2670 3192 2722 ποιεῖ·
3225 2670 3458 2740 ποιήσας
3492 2667 3550 2721 δὲ
3572 2668 3761 2737 ἀλγεῖν

2186 2761 2218 2814 6
2250 2761 2401 2827 Θεὸς,
2441 2761 2602 2815 πάλιν
2630 2759 3086 2832 ἀποκαθίστησιν
3131 2759 3274 2813 οὕτω
3298 2759 3355 2813 δὲ
3381 2759 3476 2813 καὶ
3506 2759 3614 2813 ἀπὸ
3635 2744 3774 2828 ἀγα-

2190 2850 2437 2923 θάτητος,
2465 2850 2560 2915 οὓς
2589 2850 2837 2915 ἔπαισεν,
2869 2851 3113 2904 ἔπαισενο
3150 2869 3169 2901 ¢
3215 2850 3302 2912 Ὠς
3340 2848 3449 2921 γὰρ
3480 2848 3615 2913 υἱοῖς
3658 2850 3773 2914 τοῖς

2189 2942 2608 3015 παιδευομένοις
2636 2942 3008 3015 προσφέρεται
3046 2942 3076 2993 6
3114 2940 3245 3005 Θεός
3266 2957 3281 2971 ο
3311 2940 3395 3003 τίς
3436 2939 3543 3014 γὰρ
3574 2940 3687 3006 υίὸς
3711 2941 3772 2995 δν

2187 3034 2251 3087 οὐ
2271 3035 2518 3089 παιδεύει
2546 3035 2765 3106 πατήρ;
2801 3052 2821 3085 ι
2860 3032 3024 3086 Ἀλλά
3051 3031 3147 3086 καὶ
3172 3051 3192 3084 ι
3215 3034 3365 3085 πᾶσα
3394 3030 3616 3086 παιδεία
3634 3032 3772 3104 πρὸς

2187 3125 2249 3179 τὸ
2280 3127 2451 3198 παρὸν
2481 3128 2542 3180 οὺ
2582 3126 2729 3180 δοκεῖ
2758 3126 2932 3196 χαρᾶς
2957 3121 3121 3182 εῖναι.
3162 3124 3301 3178 ἀλλὰ
3324 3123 3523 3195 λύπης·
3548 3123 3776 3198 ὕστερον

506 3225 653 3279 enim
686 3200 1017 3293 filiusquem
1050 3234 1160 3275 non
1190 3220 1418 3290 corripit
1446 3228 1598 3289 pater
1617 3218 1640 3272 ?
1658 3239 1676 3269 ι
1695 3205 1897 3274 Verum
1922 3236 1941 3271 ι
1965 3233 2087 3274 om-

2193 3217 2247 3272 δὲ
2281 3220 2490 3292 καρπὸδ
2526 3218 2802 3291 εἰρηνικὸν
2832 3220 2946 3282 τοῖς
2986 3217 3055 3271 δι’
3090 3217 3259 3289 αὐτῆς
3300 3217 3774 3288 γεγυμνασμένοις

508 3316 595 3371 nis
620 3314 908 3384 disciplina
947 3313 1000 3367 in
1033 3311 1287 3382 praesenti
1330 3310 1548 3382 quidem
1582 3309 1800 3365 videtur
1827 3325 1932 3365 non
1962 3326 2087 3368 esse

506 3400 671 3473 667
706 3400 909 3472 gaudii.
940 3400 1033 3456 sed
1061 3399 1316 3455 maror-is
1351 3418 1365 3454 :
1401 3407 1588 3468 postea
1631 3406 1813 3453 autem
1847 3398 2084 3456 fructum

504 3494 915 3562 pacatissimum
941 3489 1252 3547 exercitatis
1273 3506 1365 3561 per
1381 3505 1503 3545 eam
1532 3489 1709 3545 reddit
1724 3490 1953 3560 justitiae
1980 3490 2081 3546 "J

504 3583 714 3639 Idcirco
737 3583 1198 3653 quemadmodum
1226 3583 1494 3652 percussit
1522 3581 1688 3650 Deus,
1732 3582 1807 3637 ita
1842 3593 1897 3638 et
1923 3598 2086 3639 sana-

502 3676 612 3742 vit;
638 3691 826 3730 verum
860 3675 1005 3731 enim
1036 3675 1169 3730 illud
1205 3684 1288 3730 est
1309 3675 1355 3705 ”
1384 3691 1397 3729 :
1430 3693 1449 3726 ι
1482 3672 1777 3741 Percussit,
1804 3682 1859 3729 et
1889 3690 2085 3731 manus

505 3768 626 3839 ejus
652 3776 998 3824 sanavcrunt.
1040 3786 1059 3820 ι
1098 3767 1168 3822 At
1192 3767 1444 3838 quamvis
1471 3775 1666 3838 praeter
1694 3767 1939 3822 omnium
1966 3768 2087 3838 Opi-

2190 3311 2480 3365 ἀποδίδωσι
2504 3311 2868 3382 δικαιοσύνης.
2904 3329 2923 3362 ι
2961 3310 3161 3382 Διόπερ
3188 3309 3262 3373 ὡς
3287 3309 3512 3364 ἔπαισεν
3555 3312 3584 3363 ὁ
3616 3311 3770 3377 Θεὸς,

2190 3398 2365 3464 οὕτως
2406 3400 2501 3454 καὶ
2546 3401 2753 3455 ἰάσατο·
2796 3398 2993 3470 ἀληθὲς
3032 3398 3142 3469 γάρ
3181 3396 3269 3450 τό·
3318 3415 3338 3447 ι
3380 3396 3633 3460 Ἐπαισε,
3676 3395 3775 3451 καὶ

2191 3494 2247 3545 αἱ
2296 3494 2477 3562 χεῖρες
2519 3490 2684 3544 αὑτοῦ
2731 3490 2969 3544 ἱάσαντο.
3001 3508 3019 3541 ι
3055 3489 3119 3541 Et
3154 3487 3248 3540 καὶ
3283 3484 3584 3557 παράδοξον
3614 3485 3671 3538 δὲ
3707 3485 3774 3539 τὸ

2190 3582 2606 3656 λεχθησόμενον,
2640 3585 2790 3653 ὅμως
2817 3582 3156 3654 λεχθήσεται.
3212 3578 3446 3647 ’Δγαθοῦ
3475 3576 3614 3632 Θεοῦ
3654 3579 3774 3631 ὀνο-

2195 3675 2500 3747 μαζόμενος
2530 3675 2701 3746 θυμὸς
2731 3674 2892 3745 ἔργον
2928 3672 3189 3743 σωτήριον
3216 3672 3361 3723 ποιεῖ
3388 3669 3647 3740 ἐλέγχων,
3675 3669 3774 3724 καὶ

2193 3769 2228 3838 ἡ
2272 3766 2539 3838 λεγομένη
2589 3766 2728 3837 ὀργὴ
2770 3765 2959 3829 αὐτοῦ,
3004 3764 3125 3818 ἐπεί
3169 3765 3317 3818 ἐστιν
3357 3764 3562 3834 ἀγαθοῦ
3610 3764 3771 3833 Θεοῦ,

506 3858 726 3913 nionem
755 3858 826 3913 sit
853 3858 998 3929 quod
1053 3858 1286 3925 dicetur,
1319 3857 1532 3914 dicetur
1576 3865 1792 3924 tamen;
1826 3857 1955 3913 boni
1988 3857 2084 3913 Dei

2193 3858 2457 3913 παιδεύει.
2493 3858 2672 3913 Πολλὰ
2701 3859 2746 3913 δ’
2786 3859 2852 3914 ἂν
2883 3858 3094 3928 λέγοιτο
3127 3858 3262 3931 πρὸς
3285 3856 3413 3922 τοὺς
3440 3857 3772 3930 δυναμένους

1713 3973 1947 4031 VETUS
1982 3975 2567 4034 INTERPRETATIO.

502 4102 689 4167 spectu
724 4090 839 4167 Dei,
873 4102 1135 4163 quantum
1168 4094 1235 4150 ad
1265 4094 1726 4167 comparationem
1772 4093 2033 4151 bonitatis
2061 4094 2227 4163 illius,
2262 4097 2513 4167 quamvis
2556 4103 2820 4167 quantum
2850 4093 2919 4150 ad
2950 4092 3419 4163 comparationem
3449 4101 3768 4148 cancrorum

506 4164 791 4235 hominum
827 4164 1003 4218 bonus
1032 4167 1156 4231 quis
1196 4164 1519 4235 appelletur.

579 4233 667 4288 ll.
705 4232 898 4306 Dicere
929 4229 1109 4306 autem
1136 4229 1336 4305 poterit
1358 4237 1504 4305 quis,
1535 4236 1797 4304 quoniam
1836 4234 2017 4291 sciens
2046 4235 2314 4306 Dominus
2338 4234 2679 4306 propositum
2730 4232 3118 4306 interrogantis
3150 4232 3287 4289 satis
3324 4232 3625 4306 abessent
3679 4229 3770 4306 fa-

502 4302 613 4357 ciat
636 4304 719 4357 vel
742 4304 1043 4375 humanum
1077 4302 1303 4375 bonum,
1348 4302 1488 4360 dixit
1526 4302 1576 4359 ci
1611 4306 1970 4375 interroganti
2006 4323 2019 4359 :
2070 4324 2089 4356 ι
2130 4305 2271 4371 Quid
2312 4302 2710 4375 boni—faciam?
2753 4304 2894 4370 Quid
2944 4302 3035 4359 ine
3070 4305 3376 4375 interrogas
3408 4304 3476 4358 de
3528 4302 3766 4375 honoh

503 4381 761 4445 tanquam
784 4373 834 4445 si
870 4374 1017 4428 dicat
1045 4392 1058 4428 :
1093 4373 1229 4429 Cum
1258 4377 1335 4429 sis
1375 4376 1676 4444 imparatus
1705 4375 1770 4429 ad
1799 4372 1863 4428 ea
1900 4390 2023 4445 quae
2051 4376 2308 4431 dicuntur
2344 4377 2511 4441 bona,
2545 4374 2680 4445 quid
2727 4390 2813 4430 me
2846 4375 3150 4445 interrogas
3180 4374 3247 4428 de
3279 4372 3443 4440 bono,
3471 4373 3603 4443 quid
3644 4372 3774 4445 boni

503 4440 710 4515 faciens
747 4443 913 4515 vitam
956 4452 1211 4515 aeternam
1239 4440 1546 4515 posside-bis
1574 4463 1588 4498 :
1613 4455 1668 4500 et
1700 4446 1780 4500 sic
1807 4440 1965 4500 docet
1987 4446 2248 4515 quoniam
2272 4462 2399 4501 vere
2430 4440 2579 4501 unus
2597 4453 2683 4500 est
2708 4446 2908 4500 bonus.
2945 4440 3250 4515 Considera
3282 4452 3464 4498 autem
3489 4440 3773 4512 quomodo

510 4511 808 4584 bonitatem
840 4511 961 4580 ejus
983 4514 1165 4569 omnia
1198 4511 1420 4583 sperant
1445 4517 1610 4571 etiam
1660 4531 1723 4568 ea
1757 4530 1879 4584 quae
1898 4511 2151 4571 videntur
2180 4517 2453 4571 contraria
2489 4531 2650 4570 esse:
2677 4515 2838 4584 quale
2863 4524 2986 4569 cst:
3025 4534 3043 4565 ι
3085 4513 3200 4584 Ego
3238 4511 3633 4583 percutiam,et
3675 4526 3775 4584 rgo

514 4581 759 4656 occidam
784 4599 799 4641 ;
833 4600 851 4633 ι
880 4597 987 4656 non
1015 4590 1196 4639 minus
1222 4581 1386 4656 quam
1414 4586 1559 4656 quod
1583 4586 1714 4640 dicit
1750 4581 1814 4656 1:!
1842 4584 1908 4639 Et
1937 4587 2122 4641 vivere
2143 4587 2358 4652 faciam,
2383 4595 2436 4641 et
2455 4601 2556 4656 cgo
2589 4581 2847 4656 san_abo.i
2873 4586 2943 4656 l-Lt
2966 4585 3011 4637 si
3039 4581 3156 4656 ipse
3180 4581 3310 4639 facit
3336 4584 3605 4656 dolorem,
3630 4583 3775 4656 scire

514 4601 759 4634 occidam
784 4601 799 4641 ;
833 4601 851 4633 ι
880 4601 987 4635 non
1015 4601 1196 4639 nuuus
1222 4601 1386 4653 quam
1453 4601 1559 4639 uou
1583 4601 1714 4640 mcu
1750 4603 1762 4639 :
1796 4604 1814 4636 ι
1842 4601 1908 4639 ιιι
1937 4602 2122 4641 Vivere
2143 4601 2358 4652 laetam,
2383 4601 2436 4641 et
2455 4601 2556 4656 cgo
2589 4601 2847 4640 sanauoa
2881 4601 2943 4637 l'.l.
2966 4601 3011 4637 sn
3039 4601 3156 4654 ipse
3180 4601 3310 4639 lacu
3336 4601 3605 4645 uotorem,
3630 4601 3773 4636 scire

503 4651 764 4733 debemus
790 4651 1045 4733 quoniam
1068 4663 1123 4707 et
1153 4655 1397 4733 medicus
1414 4601 1737 4733 (frequenter
1769 4655 2199 4733 facitdolorem.
2227 4656 2468 4733 _Faciens
2507 4657 2656 4733 enim
2679 4654 2828 4709 Deus
2855 4655 3099 4709 dolorem
3133 4655 3345 4733 iteruzui
3372 4652 3627 4733 restituit.
3663 4650 3773 4733 "Sic

501 4729 554 4774 ct
582 4736 648 4775 ex
679 4719 920 4800 bonitate
941 4738 1094 4800 _qt_l_os
1120 4726 1373 4800 percutit,
1402 4719 1639 4795 percutit
1662 4726 1842 4800 quasi
1876 4726 2038 4781 lilios.
2078 4746 2097 4778 ι
2126 4726 2272 4800 Quis
2300 4728 2444 4800 enim
2475 4735 2562 4800 est
2587 4725 2732 4779 filius
2782 4741 2944 4800 quem
2981 4741 3091 4778 non
3128 4725 3354 4800 corripit
3386 4732 3535 4792 pater
3552 4719 3634 4800 ?”i_
3663 4719 3771 4773 Sed

500 4800 555 4846 et
580 4810 596 4868 ι
621 4792 801 4868 omnis
819 4788 1106 4868 disciplina
1121 4788 1204 4849 'ad
1226 4788 1466 4868 praesens
1493 4811 1602 4851 non
1626 4788 1839 4868 videtur
1853 4811 1974 4851 esse
1998 4788 2204 4868 gaudii,
2231 4798 2325 4853 sed
2344 4797 2597 4868 maeroris
2622 4812 2637 4851 :
2660 4788 3007 4868 postmodum
3027 4802 3206 4868 autem
3222 4788 3459 4847 fructum
3480 4788 3768 4868 pacificum

501 4862 694 4937 reddet
729 4863 810 4916 eis
839 4862 933 4937 qui
954 4856 1053 4932 per
1079 4878 1201 4937 eam
1226 4856 1620 4920 exercitantur.
1655 4884 1673 4917 ι
1703 4856 2028 4936 Propterea:
2061 4856 2206 4922 sicut
2226 4870 2461 4937 percutit
2494 4856 2770 4937 Deus,'sic
2801 4874 2856 4919 et
2890 4873 3070 4937 sanat.
3104 4862 3300 4937 Verum
3331 4869 3414 4914 est
3447 4856 3591 4912 enim
3614 4856 3770 4937 quod

502 4933 762 5008 gerihitur
788 4950 801 4987 :
839 4926 871 4983 ι’
898 4926 1193 5008 Percussit,
1226 4943 1282 4988 et
1316 4951 1525 5008 manus
1559 4936 1679 5008 ejus
1711 4926 2064 5008 sanaverunt.
2112 4957 2132 4989 ι
2167 4926 2240 4993 Et
2272 4939 2317 4993 si
2349 4952 2550 4993 novum
2577 4926 2792 5008 videtur
2829 4935 2973 5004 quod
3001 4935 3182 4988 dicere
3208 4931 3353 4995 νοιο,
3383 4938 3561 4982 lame“
3583 4926 3721 5008 _‘,“9°
3752 4943 3770 4981 ³

498 5000 752 5077 BoniDei
782 5010 866 5057 est
896 5002 1011 5077 ipse
1044 4997 1264 5074 quoque
1286 5006 1396 5077 qui
1417 4997 1623 5077 dicitur
1654 5005 1808 5077 furor
1843 5006 1962 5074 ejus
2001 5024 2014 5061 :
2061 5010 2320 5077 quoniam
2364 5023 2503 5077 opus
2536 4997 3013 5077 salutisope'ratur
3042 5015 3278 5077 arguens
3305 5018 3320 5065 ;
3346 4997 3772 5077 et_qutggit°itur

500 5075 578 5127 ira
615 5072 754 5150 ejus,
780 5066 1039 5150 quoniam
1061 5066 1150 5130 est
1174 5066 1299 5129 boni
1321 5066 1453 5150 'Dei,
1477 5076 1706 5150 corripit
1723 5084 1788 5150 ut
1815 5066 2109 5150 emendet;
2124 5077 2189 5132 Et
2216 5066 2416 5150 _t_nulta'
2437 5084 2671 5150 possunt
2707 5066 2817 5150 dici
2850 5075 2915 5128 de
2940 5066 3184 5150 bonitate
3207 5067 3429 5150 ejus-ad
3451 5066 3771 5150 aediﬁcatio-

497 5160 619 5198 nem
644 5138 958 5210 hominum,
988 5154 1047 5198 ut
1071 5160 1180 5200 non
1202 5146 1602 5200 conturbentur
1629 5138 1697 5200 de
1723 5145 1962 5201 bonitate
1989 5138 2181 5217 ipsius.
2215 5148 2380 5202 Multa
2409 5138 2553 5203 enim
2581 5142 3046 5216 justecabscondit
3073 5155 3102 5193 a
3148 5138 3470 5193 timentibus
3501 5146 3682 5203 senm
3703 5150 3772 5190 ne

497 5319 542 5349 η
605 5261 644 5294 ιτ
671 5259 867 5317 Matth.
902 5276 1019 5331 XIX,
1053 5263 1141 5331 16,
1187 5264 1274 5318 17.
1388 5264 1432 5296 ιιι
1460 5262 1616 5320 Deut.
1662 5281 1738 5333 Ἦ,
1787 5266 1841 5319 4.
1951 5268 1992 5299 η
2021 5265 2093 5323 De

564 5332 669 5389 Job
695 5350 746 5389 v.
776 5329 868 5388 18.

2229 5284 2404 5332 xxx",
2434 5267 2524 5322 59.
2637 5264 2682 5295 ²⁰
2710 5260 2812 5317 Job
2876 5276 2932 5324 v,
2967 5257 3054 5312 18.
3162 5257 3205 5288 ἰ
3234 5253 3401 5311 Hebr.
3459 5256 3562 5321 xu,
3595 5252 3648 5320 7,
3683 5251 3768 5307 li.

568 5469 675 5541 (⁸54)
701 5470 828 5537 Πᾶς
855 5467 928 5535 ὃς
955 5469 1125 5541 πρός,
1155 5476 1259 5523 etc.
1298 5466 1375 5521 Ita
1415 5468 1481 5541 ad
1524 5483 1675 5523 oram
1712 5467 1876 5541 habet
1905 5468 2074 5524 codex

2261 5471 2371 5541 (36)
2400 5468 3088 5541 Συκοφαντούντωνᾼτόν
3264 5466 3454 5535 νόμου
3481 5461 3647 5541 Θεᾷν.
3686 5460 3776 5516 Si-

495 5534 853 5609 Aitglicaiius,
881 5534 942 5597 at
978 5534 1030 5593 in
1067 5547 1348 5602 contextu,
1385 5540 1493 5601 πᾶς
1531 5542 1581 5599 ὁ,
1612 5539 2074 5602 quemadmodum
2189 5534 2578 5598 mouianorum
2619 5543 2899 5607 videlicet,
2951 5534 3452 5594 Saturnilianorum
3504 5534 3771 5588 aliorum-

495 5620 549 5753 il
565 5610 929 5753 (ιὲἒξιῖιζὲριός
972 5682 1131 5735 ἐστι.
1162 5679 1391 5753 Denter.
1436 5693 1520 5753 vi,
1549 5677 1614 5742 4,
1835 5678 2039 5732 habent
2067 5696 2079 5730 :

2193 5610 2663 5753 'lufé7gni'axéwc.
2689 5683 2873 5739 Codex
2897 5682 3100 5752 Regius
3126 5679 3285 5749 τάχα,
3317 5691 3426 5732 non
3456 5674 3616 5730 male.

498 5746 698 5814 Κύριος
722 5745 811 5811 εἷς’
837 5745 970 5815 ἐστι,
1001 5764 1051 5807 cl
1092 5750 1356 5803 editiones
1390 5748 1675 5803 universae.
1713 5748 1971 5804 llus'nus.

1951 5268 1992 5299 "
2021 5265 2177 5323 Deut.
2229 5284 2404 5332 xxx",
2434 5267 2524 5322 59.
