4086 6478
369 410 505 469 1385

1338 433 1692 490 COMMENT.
1734 433 1798 487 IN
1841 429 2254 491 MATTILEUM
2296 435 2535 494 TOMUS
2566 438 2681 494 XV.

3502 447 3641 505 1286

365 531 441 631 ξ’ίῖ
467 528 808 607 βλάπτεσθαι
835 554 963 624 περὶ
991 551 1326 623 ἀγαθότητος
1353 552 1512 618 Θεοῦ,
1533 554 1628 607 καὶ
1659 572 1677 605 ι
1701 551 1795 606 τοῦ
1820 552 1951 623 πλή-

2057 552 2228 619 furor,
2290 556 2368 609 uti
2421 558 2584 627 vulgo
2611 558 2934 628 appellatur,
2986 576 3101 615 rem
3142 561 3274 618 facil.
3322 565 3644 631 salutarem,

365 623 489 717 θοτξς
519 644 620 715 τῆς
651 623 1017 716 χρηστότητος
1053 643 1241 711 αὑτοῦ,
1278 663 1299 697 ι
1327 646 1394 715 ἣν
1418 645 1655 714 εὐλόγως
1696 663 1715 696 ι
1752 644 1957 717 ἔκρυψε

366 715 479 809 τοῖς
514 715 871 808 φοϐουμένοις
887 736 1069 799 αὑτὸν,
1095 736 1182 790 ἵνα
1207 736 1281 807 μὴ
1314 735 1409 790 τοῦ
1441 736 1669 791 πλούτου
1699 738 1796 807 τῆς
1821 715 1957 809 χρη-

369 803 633 898 στότητος
656 803 845 892 αῦτοῦ,
867 830 959 879 καὶ
975 825 1073 895 τῆς
1090 803 1314 896 ἀνοχῆς,
1336 823 1431 879 καὶ
1463 827 1553 896 τῆς
1573 803 1956 898 μακροθυμίας

371 913 897 990 καταφρονήσαντες,
933 916 1074 971 κατὰ
1103 917 1200 989 τὴν
1220 917 1428 971 ἑαυτῶν
1451 917 1815 989 σκληρότητα,
1852 921 1946 972 καὶ

370 1010 739 1081 ἀμετανόητον
788 1007 1015 1078 καρδίαν
1058 1007 1467 1079 θησαυρισωσιν
1517 1009 1730 1071 ἑαυτοῖς
1777 1009 1946 1080 ὀργὴν

373 1100 616 1167 πλείονα,
652 1119 671 1152 ι
697 1100 764 1170 ἦν
789 1099 891 1153 οὐκ
933 1100 1000 1154 ἂν
1030 1098 1391 1171 ὲθησαύριζον
1432 1099 1811 1172 κρυπτομένου
1856 1100 1947 1153 τοῦ

369 1190 604 1262 πλήθους
638 1190 738 1261 τῆς
763 1193 1135 1265 χρηστότητος
1167 1191 1261 1247 τοῦ
1287 1190 1422 1245 Θεοῦ
1448 1192 1654 1255 αὐτοῖς.
1681 1192 1819 1262 Περὶ
1853 1190 1950 1262 μὲν

366 1278 460 1336 οὖν
482 1282 575 1336 τοῦ
595 1299 610 1313 ·
647 1302 666 1334 ι
706 1284 803 1348 Τίς
828 1286 857 1337 ὁ
878 1284 1103 1354 ἀγαθὸς,
1133 1304 1152 1336 ι
1180 1285 1274 1338 καὶ
1298 1284 1436 1356 πρὸς
1456 1283 1546 1336 τό·
1586 1302 1605 1335 ι
1649 1283 1714 1335 Τί
1745 1281 1950 1350 ἀγαθὸν

367 1378 612 1448 ποιήσω;
640 1396 658 1430 ι
696 1377 933 1449 λελέχθω
954 1377 991 1432 ἃ
1020 1376 1358 1449 δεδυνήμεθα
1380 1378 1462 1439 εἰς
1482 1375 1573 1429 τὸν
1600 1376 1762 1429 τόπον
1799 1374 1949 1428 ἰδεῖν.

2063 658 2186 696 cum
2211 646 2438 715 corripit
2463 664 2477 700 :
2506 658 2559 700 et
2585 664 2708 717 quae
2735 648 2906 716 ipsius
2930 649 3012 703 ira
3038 650 3260 715 dicitur,
3296 656 3645 725 quandoqui-

2063 730 2183 784 dem
2221 732 2347 787 boni
2395 733 2490 789 Dei
2537 745 2640 799 est,
2687 738 2755 791 ad
2802 740 3238 795 emendationem
3276 746 3525 815 castigat.
3564 745 3647 801 Ac

2064 825 2235 880 multa
2274 826 2492 895 quidem
2526 828 2593 882 iis
2626 844 2765 897 quos
2813 845 2876 885 ea
2916 847 3005 887 res
3044 834 3268 889 minime
3322 836 3642 904 olfenderet,

2055 915 2121 969 de
2174 914 2416 972 bonitate
2459 916 2552 972 Dei
2610 920 2718 974 dici
2758 931 2998 989 possent,
3041 934 3096 978 et
3133 926 3200 981 de
3237 944 3256 977 ι
3296 928 3645 983 multitudine

2055 1006 2360 1061 dulcedinis
2385 1008 2638 1076 ipsius”,
2674 1029 2694 1061 ι
2727 1026 2890 1080 quam
2925 1029 3031 1068 non
3073 1016 3190 1069 sine
3220 1018 3428 1071 ratione
3459 1035 3478 1069 ι
3518 1021 3649 1075 abs-

2055 1100 2241 1154 condit
2300 1099 2620 1157 timentibus
2645 1116 2723 1167 se,
2753 1118 2820 1156 ne
2846 1103 3049 1159 divitiis
3076 1105 3334 1161 bonitatis
3360 1106 3479 1177 ejus
3512 1123 3644 1162 con-

2057 1192 2298 1260 templis,
2331 1201 2385 1244 et
2427 1192 2710 1260 patientia,
2774 1202 2830 1248 et
2876 1195 3290 1264 longanimitate
3341 1200 3640 1253 secundum

2058 1282 2316 1336 duritiam
2367 1299 2521 1336 suam
2582 1292 2638 1337 et
2689 1284 3037 1354 impuzuitens
3088 1302 3212 1350 cor,
3269 1289 3643 1345 thesaurizent

2061 1372 2166 1427 sibi
2194 1372 2454 1441 majorem
2486 1374 2623 1428 iram
2651 1378 2695 1409 ’⁸
2717 1394 2916 1448 »ιιιιιιιη
2940 1377 3275 1433 absconditis
3302 1379 3406 1433 sibi
3434 1380 3639 1435 divitiis

368 1471 629 1529 bonitatis
678 1472 805 1541 Dei,
862 1474 1090 1529 minime
1151 1473 1638 1529 thesaurizassent.
1680 1469 1762 1524 Ad
1809 1470 1951 1525 hanc
1988 1483 2118 1537 ergo
2160 1468 2544 1539 qumstionem,
2604 1470 2856 1539 quisnam
2907 1472 3088 1527 bonus
3138 1475 3242 1540 sit,
3290 1483 3403 1528 tum
3465 1474 3533 1529 ad
3582 1477 3643 1530 il-

366 1569 459 1624 lud
493 1589 507 1623 :
554 1590 573 1621 ‹
612 1569 751 1636 Quid
791 1570 920 1625 boni
961 1570 1194 1626 faciam?
1235 1590 1253 1622 ι
1298 1585 1362 1625 ea
1399 1585 1428 1623 a
1465 1569 1620 1623 nobis
1666 1567 1808 1622 dicta
1842 1566 1951 1621 sint
1985 1580 2107 1634 qur
2132 1579 2297 1632 super
2325 1564 2429 1617 hoc
2458 1564 2580 1618 loco
2606 1567 2916 1635 excogitare
2944 1569 3244 1637 potuimus.

449 1665 607 1738 Ἑξῆς
643 1666 700 1719 δέ
747 1668 864 1720 ἐστι
898 1666 1174 1739 θεωρῆσαι
1213 1666 1331 1729 πῶς
1363 1666 1578 1736 εἴρηται
1610 1663 1704 1716 τό’
1749 1680 1768 1713 ι
1796 1663 1860 1715 Εἰ
1893 1661 1950 1714 δὲ

366 1756 540 1820 θέλεις
570 1760 648 1821 εἰς
681 1759 780 1829 τὴν
812 1758 955 1829 ζωὴν
983 1757 1518 1827 εἰσελθεῖν,τήρησον
1548 1754 1648 1818 τὰς
1676 1753 1946 1815 ἐντολὰς.»

2132 1658 2222 1714 12.
2262 1657 2526 1727 Deinceps
2554 1674 2682 1713 vero
2715 1659 2845 1715 illud
2876 1662 3266 1731 disputandum
3291 1667 3460 1729 venit,
3486 1681 3638 1737 quee-

2062 1767 2187 1806 nam
2222 1752 2293 1807 sit
2333 1751 2527 1806 horum
2560 1752 2829 1808 sententia
2857 1769 2870 1804 :
2907 1773 2926 1803 ι
2957 1754 3012 1807 Si
3043 1763 3227 1811 autem
3260 1756 3343 1810 vis
3373 1758 3437 1812 ad
3468 1762 3637 1813 vitam

364 1848 424 1901 ὲν
455 1843 499 1916 ᾧ
527 1851 766 1922 πρόσχες
789 1892 805 1916 ,
841 1851 922 1903 ὅτι
950 1849 1026 1912 ὼς
1060 1848 1165 1914 ἔξω
1192 1849 1292 1919 τῆς
1321 1847 1467 1918 ζωῆς
1510 1847 1590 1900 ἔτι
1632 1846 1951 1916 τυγχάνοντι

2058 1841 2299 1911 ingredi,
2334 1856 2487 1895 serva
2526 1843 2877 1905 mandata",
2910 1860 2929 1893 ι
2965 1842 3018 1896 in
3050 1845 3247 1912 quibus
3280 1846 3331 1899 id
3367 1848 3598 1902 observa
3620 1888 3636 1912 ,

366 1936 444 2007 τῷ
478 1937 864 2009 πυνθανομένῳ
898 1940 1027 2012 περὶ
1055 1937 1150 1991 τοῦ
1182 1936 1390 2006 ἀγαθοῦ
1435 1954 1569 2007 φησι
1597 1937 1659 1989 τό
1678 1954 1690 1966 ·
1730 1955 1747 1986 ι
1776 1937 1839 1988 Εἰ
1867 1936 1955 1988 θέ-

366 2028 483 2091 λεις
506 2031 586 2091 εἰς
606 2029 705 2099 τὴν
722 2030 866 2101 ζωήν
897 2029 1177 2084 εἰσελθεῖν.
1195 2050 1213 2083 ι
1246 2030 1415 2083 Ἔνθα
1432 2029 1495 2101 δὴ
1526 2028 1809 2100 προσεχῷς
1837 2030 1953 2081 ἐστι

368 2117 559 2187 νοῆσαι
583 2118 695 2188 (58)
728 2118 808 2182 τὸ,
836 2119 941 2186 ἔξω
968 2120 1064 2189 τῆς
1096 2119 1240 2191 ζωῆς
1271 2114 1431 2181 εἶναι,
1458 2119 1555 2171 καὶ
1582 2117 1663 2181 τὸ,
1694 2117 1953 2170 εἰσελθεῖν

369 2210 448 2272 εἰς
482 2210 578 2280 τὴν
617 2209 784 2281 ζωήν.
816 2212 1043 2281 Μήποτε
1087 2206 1181 2265 οῦν
1211 2210 1333 2264 καθ’
1359 2210 1459 2264 ’ἐνα
1492 2210 1591 2281 μὲν
1619 2210 1820 2282 τρόπον
1850 2209 1954 2274 ἔξω

364 2300 463 2369 τῆς
490 2298 634 2369 ζωῆς
656 2301 804 2354 ἐστιν
825 2303 853 2354 ὀ
880 2300 984 2366 ἔξω
1009 2302 1293 2372 τυγχάνων
1321 2303 1414 2355 τοῦ
1443 2302 1688 2365 εἰπόντος
1708 2319 1720 2331 ·
1751 2321 1769 2354 ι
1814 2303 1953 2371 Ἐγώ

364 2392 478 2461 εἰμι
513 2394 546 2462 ή
581 2392 692 2464 ζωὴ
718 2433 732 2455 ,
769 2412 787 2445 ι
832 2395 927 2447 καὶ
955 2394 1235 2466 ἀλλότριος
1263 2393 1338 2448 ὢν
1377 2394 1574 2448 αὐτοῦ·
1612 2395 1734 2448 καθ’
1767 2378 1953 2467 ἕτερον

363 2484 421 2537 δὲ
451 2487 558 2548 πᾶς
598 2487 625 2538 ό
655 2487 747 2538 ἐπὶ
777 2487 913 2557 γῆς,
963 2487 1068 2540 κᾶν
1100 2488 1441 2551 δικαιότατος
1472 2483 1540 2562 ᾖ,
1580 2487 1806 2542 δύναται
1854 2488 1951 2560 μὲν

365 2571 501 2628 εἶναι
541 2577 597 2629 ἐν
639 2580 705 2648 τῇ
748 2579 875 2648 σκιᾷ
907 2578 1006 2648 τῆς
1040 2577 1204 2649 ζωῆς,
1234 2578 1436 2646 λέγων·
1466 2596 1484 2629 ι
1515 2577 1738 2649 Πνεῦμα
1770 2597 1945 2651 προσ-

365 2666 517 2719 ώπου
568 2667 724 2738 ἡμῶν
755 2669 992 2740 Χριστὸς
1030 2668 1273 2740 Κύριος,
1317 2664 1379 2724 οῦ
1418 2670 1680 2741 εἴπομενο
1745 2672 1833 2725 Ἐν
1881 2674 1946 2744 τῇ

368 2761 494 2830 σκιᾷ
526 2759 689 2814 αὐτοῦ
724 2760 1002 2832 ζησόμεθα
1040 2761 1099 2814 ὲν
1135 2763 1249 2824 τοῖς
1296 2759 1541 2826 ἔθνεσιν,
1584 2780 1603 2812 ι
1644 2760 1702 2813 οὐ
1746 2761 1852 2832 μὴν
1891 2763 1950 2815 ἐν

366 2852 502 2922 αὐτῇ
531 2855 597 2923 τῇ
630 2851 742 2924 ζωῇ
766 2895 780 2919 ,
816 2852 910 2906 ἆτε
949 2852 1108 2923 σῶμα
1141 2850 1373 2907 θανάτου
1405 2851 1786 2923 περικείμενος
1806 2890 1820 2915 ,
1852 2852 1948 2905 καὶ

363 2942 565 3012 λέγων·
598 2962 615 2994 ι
640 2944 738 3007 Τίς
768 2960 836 3014 με
865 2943 1088 3015 ῥύσεται
1110 2945 1176 2997 ὲκ
1201 2942 1295 2996 τοῦ
1319 2943 1571 3013 σώματος
1590 2943 1685 2996 τοῦ
1716 2942 1946 2997 θανάτου

360 3032 581 3100 manu;
612 3055 630 3086 ι
667 3034 790 3088 καί·
827 3058 846 3085 ι
874 3034 1197 3105 Καθήμενος
1224 3036 1282 3089 ὲν
1309 3034 1464 3106 χώρᾳ
1500 3035 1594 3088 καὶ
1632 3036 1760 3105 σκιᾷ
1786 3033 1948 3088 θανά-

2056 1932 2211 2000 quasi
2239 1942 2393 1987 extra
2424 1933 2587 1986 vitam
2622 1934 2922 1987 constituto
2970 1934 3017 1988 ei
3045 1935 3136 2004 qui
3183 1937 3249 1990 de
3293 1936 3438 1992 bono
3469 1938 3641 1992 inter-

2055 2034 2249 2092 rogat,
2283 2024 2489 2077 dictum
2534 2024 2705 2079 fuisse
2736 2044 2748 2079 :
2784 2046 2800 2076 ι
2832 2024 2887 2079 Si
2917 2026 3000 2080 vis
3027 2028 3093 2080 ad
3143 2028 3304 2082 vitam
3342 2028 3572 2099 ingredi.
3611 2050 3631 2082 ι

2056 2111 2154 2167 Hic
2197 2122 2378 2168 autem
2420 2124 2627 2170 attente
2662 2118 2967 2185 perspicere
3003 2117 3127 2172 licet
3157 2119 3286 2187 quid
3333 2119 3437 2182 sit,
3479 2131 3635 2176 extra

2054 2204 2215 2258 vitam
2248 2221 2368 2261 esse
2393 2247 2408 2271 ,
2446 2216 2497 2261 et
2534 2208 2659 2276 quid
2685 2248 2700 2273 ,
2754 2209 2807 2261 iu
2856 2209 3019 2262 vitam
3077 2209 3307 2279 ingredi.
3340 2209 3475 2267 Vide
3504 2227 3636 2283 ergo

2053 2311 2234 2351 annon
2265 2313 2370 2352 una
2395 2299 2614 2368 quidem
2658 2301 2870 2354 ratione
2901 2310 3055 2355 extra
3088 2303 3254 2356 vitam
3303 2304 3635 2360 constitutus

2053 2389 2147 2450 sit,
2173 2390 2265 2457 qui
2290 2401 2442 2444 extra
2474 2407 2599 2445 eum
2630 2400 2714 2446 est
2745 2394 2838 2461 qui
2865 2393 3003 2447 dixit
3025 2395 3090 2447 ’δε
3122 2412 3139 2445 ι
3169 2394 3280 2465 Ego
3313 2411 3435 2451 sum
3464 2398 3630 2463 vita,»

2051 2488 2105 2532 ct
2144 2481 2213 2535 ab
2244 2482 2337 2536 illo
2367 2482 2579 2536 alienus
2624 2491 2744 2549 est;
2781 2485 2884 2537 alia
2922 2500 3052 2538 vero
3085 2486 3329 2549 ratione,
3378 2487 3633 2557 quisquis

2052 2586 2217 2639 super
2245 2582 2443 2626 terrain
2480 2573 2647 2642 degit,
2676 2574 2892 2627 etiamsi
2917 2573 3263 2643 justissimus
3291 2577 3383 2643 sit,
3431 2578 3485 2631 in
3519 2594 3635 2631 utn-

2051 2661 2148 2716 bra
2184 2662 2402 2730 quidem
2434 2663 2555 2717 vita:
2587 2679 2710 2719 esse
2753 2674 2949 2735 potest,
3007 2666 3194 2721 dicens
3212 2668 3255 2697 ’⁷
3285 2685 3296 2721 :
3341 2663 3365 2718 ι’
3392 2666 3634 2737 Spiritus

2050 2753 2162 2807 oris
2184 2753 2356 2807 nostri
2388 2752 2641 2809 Christus
2676 2755 2961 2824 Dominus,
2996 2758 3085 2813 cui
3114 2758 3354 2814 diximus
3380 2776 3393 2811 :
3418 2759 3475 2813 in
3509 2777 3632 2814 nnt-

2053 2842 2151 2897 bra
2187 2854 2277 2898 tua
2310 2846 2557 2901 vivemus
2584 2848 2637 2900 in
2669 2849 2941 2917 gentibus,
2972 2868 2990 2902 ι
3027 2857 3083 2903 at
3119 2865 3225 2904 non
3262 2851 3315 2904 in
3348 2851 3463 2921 ipsa
3492 2852 3627 2917 vita,

2048 2943 2237 3003 utpote
2280 2937 2372 3006 qui
2406 2940 2596 2993 mortis
2626 2955 2856 3009 corpore
2892 2940 3117 2997 indutus
3158 2945 3256 3006 sit,
3285 2952 3339 2998 et
3370 2946 3514 2999 dicat
3536 2945 3624 2998 '3:

2053 3026 2218 3093 «Quis
2248 3044 2332 3082 me
2359 3029 2608 3084 liberabit
2629 3031 2696 3085 de
2727 3046 2954 3101 corpore
2982 3033 3174 3088 mortis
3198 3034 3393 3103 hujus?
3416 3053 3434 3087 ι
3466 3044 3521 3091 ιι
3539 3037 3586 3069 ³⁸
3612 3056 3654 3092 :.

361 3141 479 3187 του,
510 3144 528 3177 ›
559 3126 654 3178 καὶ
688 3125 913 3195 μηδέπω
945 3110 1117 3179 ἐλθὼν
1151 3126 1244 3178 ἐπὶ
1276 3125 1374 3197 τὴν
1406 3125 1515 3179 τῶν
1547 3123 1766 3189 ζώντων
1798 3126 1904 3201 γῆν
1929 3142 1942 3156 ⁸

2055 3135 2077 3170 ‹
2114 3117 2312 3175 Sedeat
2357 3122 2410 3175 in
2446 3123 2665 3191 regione
2708 3132 2762 3177 et
2795 3124 2984 3179 umbra
3017 3126 3230 3192 mortis,
3257 3144 3274 3177 ι
3322 3123 3375 3180 et
3400 3127 3452 3180 in
3482 3127 3633 3183 vivo-

362 3213 458 3265 καὶ
484 3213 592 3284 γὰρ
622 3216 654 3284 ἡ
688 3213 800 3284 ζωή
837 3215 898 3267 οὐ
934 3214 1096 3284 μόνον
1126 3214 1235 3268 τῶν
1280 3214 1499 3284 φαύλων
1522 3254 1537 3279 ,
1565 3214 1702 3269 ἀλλὰ
1731 3217 1826 3268 καὶ
1853 3213 1944 3268 τοῦ

362 3303 457 3356 ἐπὶ
491 3305 594 3374 γῆς
635 3304 849 3358 Παύλου
873 3347 888 3373 ,
922 3306 1018 3359 καὶ
1049 3307 1158 3359 τῶν
1197 3307 1540 3373 ἀποστόλων,
1588 3306 1947 3378 κεκρυμμένη

359 3392 428 3469 ἦν
458 3399 514 3450 ὲν
542 3397 619 3467 τῷ
648 3397 785 3468 Θεῷ.
811 3399 950 3470 Φησὶ¹
978 3399 1109 3468 γοῦν
1128 3416 1142 3429 ·
1176 3418 1194 3450 ι
1234 3400 1299 3453 Ἡ
1322 3399 1435 3470 ζωὴ
1465 3398 1619 3470 ὑμῶν
1641 3399 1947 3470 κέκρυπται

362 3489 459 3542 σὺν
482 3487 561 3558 τῷ
578 3488 797 3560 Χριστῷ
818 3491 875 3543 ὲν
898 3489 977 3562 τῷ
994 3489 1140 3562 Θεῷ·
1160 3491 1287 3545 ὅταν
1316 3491 1345 3543 ὁ
1367 3490 1601 3563 Χριστὸς
1633 3489 1943 3562 φανερωθῇ,

361 3582 396 3653 ἡ
427 3581 539 3654 ζωὴ
572 3583 759 3654 ἡμῶν,
800 3584 922 3636 τότε
953 3582 1050 3638 καὶ
1094 3583 1251 3654 ὑμεῖς
1293 3583 1390 3637 σὺν
1441 3581 1589 3653 αὐτῷ
1627 3580 1946 3652 φανερωθή-

364 3670 519 3724 σεσθε
540 3674 599 3725 ὲν
620 3671 765 3744 δόξῃ.
781 3694 799 3725 ι
823 3673 901 3744 Τη
911 3674 1098 3744 ρήσεις
1111 3673 1168 3726 δὲ
1184 3672 1364 3726 πάντα
1382 3672 1453 3724 τὰ
1470 3671 1600 3742 περὶ
1615 3670 1710 3723 τοῦ
1734 3688 1752 3722 ι
1777 3658 1936 3738 few,»

362 3763 455 3817 ml.
484 3763 578 3816 τοῦ
613 3783 631 3814 ‹
652 3764 778 3830 ἔξω,
806 3782 825 3815 ι
857 3764 946 3816 ἵνα
981 3762 1215 3835 ἁναλέξῃ
1244 3763 1312 3816 τὰ
1339 3761 1654 3832 κατάλληλα
1686 3759 1766 3831 τῷ
1787 3776 1800 3790 ·
1837 3779 1854 3812 ι
1877 3762 1942 3813 ΕΞ

361 3854 534 3919 θέλεις
564 3857 643 3918 εἰς
671 3855 769 3925 τὴν
803 3852 945 3925 ζωὴν
971 3853 1262 3918 εἰσελθεῖν,
1296 3872 1314 3905 ι
1348 3847 1458 3905 οἷον
1478 3869 1491 3882 ·
1527 3870 1546 3903 ι
1582 3850 1823 3923 Δεήθητε
1849 3845 1941 3904 οῦν

358 3945 452 4000 τοῦ
488 3944 692 4016 Κυρξου
733 3943 826 3997 τοῦ
861 3942 1124 4015 θερισμοῦ
1147 3984 1163 4009 ,
1210 3943 1297 3996 ῖνα
1343 3942 1549 4021 ἐκϐάλῃ
1593 3942 1833 4013 ἐργάτας
1862 3942 1944 4005 εἰς

359 4037 452 4090 τὸν
499 4035 758 4107 θερισμὸν
805 4034 998 4090 αὐτοῦ·
1028 4055 1047 4088 ι
1105 4035 1362 4107 ζητήσεις
1408 4033 1551 4105 γὰρ,
1593 4031 1799 4106 ἐκϐάλῃ
1845 4031 1944 4086 πό-

359 4128 455 4185 θεν
483 4126 595 4198 (59)
619 4143 633 4193 ;
660 4127 753 4180 καὶ
780 4127 937 4198 εἴπερ
964 4124 1155 4181 ἐνθάδε
1180 4125 1320 4179 εἰσὶν
1343 4126 1393 4178 οἱ
1426 4125 1655 4196 ἐργάται
1679 4121 1942 4194 ἐκϐεϐλη-

362 4219 513 4290 μένοι
548 4221 628 4282 εἰς
647 4218 739 4272 τὸν
766 4218 1026 4290 θερισμὸν
1058 4216 1154 4271 τοῦ
1189 4216 1420 4289 Κυρίου,
1444 4214 1550 4281 ἔξω
1576 4217 1713 4271 εἰσὶν
1743 4207 1804 4270 οὗ
1827 4214 1944 4281 ἐξε-

359 4311 636 4384 6λήθησαν
663 4311 863 4384 χωρίου
886 4328 902 4343 ο
933 4311 1029 4366 καὶ
1061 4309 1133 4365 τὰ
1152 4308 1246 4365 τοῦ
1273 4307 1537 4382 θερισμοῦ
1567 4309 1753 4373 καλῶς
1781 4309 1942 4380 ποιή-

2051 3229 2172 3267 rum
2207 3224 2406 3268 terram
2433 3216 2675 3270 nondum
2709 3217 3050 3285 pervenerit;
3087 3218 3192 3271 vita
3223 3219 3491 3289 siquidem
3519 3235 3629 3276 non

2048 3305 2343 3375 impiorum
2379 3308 2728 3364 solummodo
2751 3349 2769 3376 ,
2816 3310 2910 3364 sed
2940 3307 3092 3364 Pauli
3122 3310 3286 3365 etiam
3328 3327 3492 3382 super
3519 3321 3630 3368 ter-

2047 3414 2166 3452 ram
2213 3397 2500 3469 degentis,
2548 3408 2603 3455 et
2643 3400 3016 3470 apostolorum
3052 3401 3106 3455 in
3150 3401 3261 3457 Deo
3302 3415 3420 3458 erat
3462 3405 3631 3478 668

2046 3490 2386 3546 abscondita.
2409 3490 2499 3545 Ait
2527 3506 2658 3561 ergo
2684 3490 2729 3524 ³⁸
2754 3509 2768 3546 :
2797 3510 2817 3544 ι
2843 3490 2963 3546 Vita
2990 3502 3166 3547 vestra
3196 3502 3279 3548 est
3309 3496 3627 3552 abscondita

2048 3596 2173 3636 eum
2198 3580 2417 3639 Christo
2448 3582 2502 3636 in
2534 3581 2645 3637 Deo
2668 3623 2683 3650 ,
2708 3598 2830 3636 cum
2863 3581 3117 3637 Christus
3140 3586 3484 3652 apparuerit,
3517 3586 3626 3642 vita

2048 3683 2258 3740 nostra,
2285 3682 2415 3728 tunc
2439 3682 2491 3729 et
2524 3688 2624 3727 vos
2647 3674 2977 3743 apparebitis
3004 3690 3130 3729 cum
3160 3675 3279 3745 ipso
3308 3677 3361 3730 in
3392 3679 3621 3748 gloria.»

2047 3759 2398 3829 Quaecunque
2423 3769 2603 3815 autem
2634 3763 2703 3815 ad
2735 3780 2754 3812 ‹
2785 3762 2926 3816 intra
2957 3781 2976 3814 ι
3009 3771 3063 3817 et
3088 3763 3154 3818 ad
3191 3782 3210 3815 ι
3246 3777 3399 3821 extra
3438 3786 3456 3819 ι
3497 3783 3624 3837 per-

2046 3852 2222 3906 tinent
2253 3851 2571 3906 observabis
2595 3889 2610 3915 ,
2667 3862 2727 3906 ut
2756 3868 2879 3923 quae
2904 3853 2989 3909 his
3018 3865 3330 3925 congruunt
3359 3875 3373 3912 :
3406 3877 3424 3909 ι
3456 3856 3513 3913 Si
3539 3862 3623 3917 vis

2048 3945 2117 3999 ad
2150 3943 2316 3999 vitam
2368 3945 2600 4015 ingredi,
2632 3965 2651 3998 ι
2689 3946 2855 4001 simul
2883 3947 3143 4019 colligas;
3170 3950 3322 4005 verbi
3352 3966 3517 4008 causa
3532 3953 3576 3987 ⁸¹
3604 3967 3624 4003 :

2054 4053 2074 4086 ι
2104 4034 2311 4105 Rogate
2339 4051 2469 4108 ergo
2491 4035 2784 4093 Dominum
2816 4038 3032 4101 messis,
3061 4048 3120 4094 ut
3144 4040 3326 4096 mittat
3345 4046 3622 4111 operarios

2042 4127 2098 4183 in
2130 4144 2360 4185 messem
2393 4146 2583 4197 suam;
2616 4150 2635 4184 ›
2673 4147 2888 4203 quaeres
2914 4134 3083 4201 enim,
3118 4135 3264 4190 unde
3313 4135 3530 4203 mittat;
3567 4147 3616 4194 et

2043 4219 2311 4289 siquidem
2334 4220 2426 4276 hic
2446 4222 2555 4278 sint
2581 4225 2815 4293 operarii
2848 4225 3001 4280 missi
3038 4225 3094 4280 in
3123 4242 3355 4282 messem
3383 4226 3618 4296 Domini,

2043 4320 2197 4367 extra
2226 4328 2352 4368 eum
2388 4313 2567 4370 locum
2604 4323 2734 4372 sunt
2764 4331 2797 4373 e
2839 4331 2949 4387 quo
3004 4315 3226 4373 fuerunt
3267 4318 3520 4385 dimissi,
3561 4332 3619 4376 et

1553 4421 1790 4481 VETUS
1826 4422 2416 4484 ιΝΤΕΒΡιιΕΤΑΤιο.

365 4568 387 4603 ι
420 4550 635 4606 divitias
661 4550 923 4622 bonitatis
950 4551 1091 4621 ejus,
1118 4558 1172 4607 et
1195 4549 1630 4622 longanimitatis
1668 4569 1688 4603 ι
1724 4558 2213 4622 contemnentem:
2250 4551 2551 4622 secundum
2592 4550 2850 4622 duritiam
2881 4552 3063 4607 cordis
3095 4550 3201 4612 sui,
3238 4560 3293 4605 et
3330 4551 3450 4622 sine
3490 4567 3611 4622 p02-

360 4622 583 4695 nitentia
609 4620 791 4695 cordis
822 4620 1192 4677 thesaurizent
1220 4620 1325 4677 sibi
1346 4622 1508 4689 iram,
1542 4639 1561 4673 ι
1598 4635 1765 4692 quam
1794 4635 1904 4676 non
1943 4620 2390 4676 thesaurizabunt
2421 4623 2468 4677 si
2507 4622 2773 4678 absconsa
2817 4621 2983 4676 fuerit
3022 4622 3313 4677 multitudo
3352 4620 3617 4680 bonitatis

358 4690 479 4760 ejus
504 4690 578 4760 ab,
600 4691 700 4746 eis.

430 4760 517 4832 12.
560 4758 691 4815 Post
718 4760 822 4816 hoe
853 4769 1036 4816 autem
1080 4760 1249 4816 dicit:
1284 4759 1391 4832 «Si
1418 4760 1502 4832 vis
1528 4759 1596 4814 ad
1624 4760 1792 4832 vitam
1824 4760 2061 4832 intrare,
2097 4776 2254 4816 serva
2295 4761 2567 4817 mandata.
2608 4782 2628 4815 ι
2662 4759 2768 4832 Ubi
2816 4762 3099 4817 considera
3127 4761 3385 4832 quoniam
3429 4762 3612 4832 adhuc

358 4831 515 4899 quasi
545 4840 698 4885 extra
736 4832 903 4885 vitam
935 4832 1234 4886 constituto
1281 4831 1329 4885 ei
1359 4830 1452 4900 qui
1488 4830 1857 4899 interrogabat
1891 4830 1961 4884 de
1984 4828 2162 4892 bono,
2196 4832 2270 4884 ita
2301 4832 2623 4900 respondit:
2656 4851 2674 4883 ι
2708 4830 2764 4886 Si
2797 4833 2878 4887 vis
2910 4832 3115 4886 intrare
3146 4828 3201 4884 in
3231 4834 3417 4885 vitam.
3449 4849 3469 4882 ι
3516 4831 3613 4885 llic

357 4909 537 4954 autem
583 4900 805 4970 requiro
832 4902 1106 4970 quomodo
1133 4901 1257 4970 quis
1285 4900 1357 4956 sit
1376 4908 1537 4970 extra
1579 4900 1742 4970 vitam
1768 4940 1785 4966 ,
1829 4908 1883 4954 et
1925 4900 2199 4970 quomodo
2230 4902 2394 4955 intret
2427 4902 2481 4955 in
2526 4903 2691 4956 vitam
2719 4919 2732 4955 :
2761 4912 2815 4956 et
2844 4919 2910 4955 ne
2941 4900 3078 4955 forte
3103 4903 3407 4970 secundum
3441 4916 3613 4955 unum

356 4970 573 5042 quidem
610 4969 829 5025 modum
850 4969 934 5024 ’sit
965 4970 1128 5025 homo
1152 4969 1305 5042 extra
1329 4969 1529 5042 _vita_m,
1553 4969 1644 5039 qui
1672 4979 1755 5024 est
1795 4969 1952 5042 extra
1978 4984 2102 5023 eum
2130 4970 2224 5040 qui
2253 4971 2428 5024 dixit:
2469 4991 2486 5021 ι
2522 4970 2632 5042 Ego
2664 4987 2782 5026 sum
2821 4973 2946 5024 vita.
2976 4991 2994 5021 ι
3028 4969 3178 5042 Alias
3206 4978 3386 5023 autem
3425 4972 3611 5025 omnis

356 5039 449 5110 qui
481 5054 647 5110 super
678 5051 877 5095 terram
908 5050 1009 5106 est,
1045 5040 1296 5109 quamvis
1321 5039 1661 5110 justissimus
1694 5054 1815 5110 esse
1841 5040 2109 5104 videatur,
2140 5039 2320 5109 potest
2349 5039 2651 5110 quidenfiu
2700 5043 2891 5095 mubra
2926 5055 3047 5095 esse
3076 5039 3230 5102 vitze,
3275 5054 3384 5093 non
3417 5049 3599 5093 autem

357 5108 409 5180 in
447 5110 564 5180 ipsa
593 5109 886 5180 vitaaeum
925 5110 996 5164 sit
1021 5108 1252 5180 cerpore
1282 5109 1474 5163 mortis
1503 5109 1897 5180 circumdatus,
1926 5119 1981 5163 et
2013 5108 2202 5164 dicens
2234 5128 2248 5164 :
2291 5131 2309 5163 ι
2340 5108 2475 5177 Quis
2505 5128 2591 5165 me
2621 5111 2869 5166 liberabit
2916 5110 2982 5163 de
3010 5110 3464 5180 corpore_mortis
3504 5111 3612 5163 litt-

350 5176 484 5246 jus-‘7
515 5197 534 5230 ι
569 5189 658 5233 et:
692 5199 709 5231 ι
741 5177 910 5235 Sedes
938 5180 992 5234 in
1022 5176 1241 5250 regione
1269 5188 1322 5234 et
1351 5180 1406 5250 in
1439 5179 1874 5250 umbragmortis,
1903 5198 1921 5230 ι
1950 5195 2015 5234 eo
2041 5181 2185 5248 quod
2215 5176 2454 5236 nondum
2484 5183 2629 5235 venit
2657 5182 2710 5234 in
2738 5190 2937 5235 terram
2958 5180 3224 5250 vivorum.
3245 5176 3493 5233 lntroihit
3513 5195 3611 5232 au-

357 5249 623 5321 tem_quis
650 5250 702 5301 in
726 5252 919 5315 vitam,
948 5248 1234 5305 abstinens
1269 5249 1488 5321 quidem
1517 5264 1576 5303 se
1601 5248 1670 5302 ab
1686 5249 1947 5321 operibus
1974 5250 2226 5321 mortuis,
2258 5262 2517 5321 appetens
2550 5260 2728 5321 autem
2764 5248 3099 5321 opera‘viva.
3128 5248 3289 5321 etiam
3327 5263 3608 5317 nunquam

355 5317 576 5387 quidem
604 5327 817 5374 mortua
848 5321 1100 5390 loquens,
1131 5321 1224 5376 sed
1256 5316 1556 5374 secundum
1587 5318 1811 5373 verbum
1842 5316 1938 5374 Dei
1989 5319 2176 5374 vivum
2214 5316 2403 5376 vive-us
2425 5359 2440 5385 ,
2484 5330 2538 5376 et
2573 5336 2680 5375 non
2711 5316 2915 5374 habens
2932 5319 3046 5388 jam
3075 5318 3431 5387 cogitationes
3458 5332 3608 5372 more
3656 5391 3661 5401 Ι

426 5454 636 5513 “Psal.
661 5473 790 5521 xxx,
814 5458 906 5517 20.
978 5460 1026 5493 ⁸⁸
1059 5459 1219 5515 Rom.
1252 5475 1313 5525 ιι,
1346 5459 1400 5521 4,
1428 5458 1478 5512 5.
1572 5457 1618 5489 ⁸⁸
1655 5422 1845 5512 Matth.
1883 5473 2001 5523 nux,
2033 5458 2117 5514 l7.

2222 5460 2269 5491 “
2304 5458 2462 5517 Joan.
2498 5475 2588 5525 ιι,
2613 5459 2703 5524 25,
2734 5467 2789 5514 et
2830 5474 2940 5525 xtv,
2968 5456 3025 5515 6.
3100 5457 3146 5489 ³⁷
3177 5455 3377 5510 Thren.
3414 5470 3487 5520 tv,
3513 5454 3604 5510 20.

355 5526 401 5559 ³⁸
431 5525 593 5583 Rom.
626 5543 722 5594 vn,
754 5529 844 5585 24.
922 5530 968 5563 ²⁹
1007 5529 1198 5585 Matth.
1231 5545 1306 5594 tv,
1346 5528 1437 5585 16.
1511 5528 1557 5560 ³⁰
1590 5527 1710 5583 Col.
1742 5542 1823 5595 ιιι,
1851 5528 1904 5595 5,
1934 5530 1951 5584 4

2066 5529 2109 5561 ³³
2137 5527 2328 5584 Matth.
2363 5546 2440 5596 ιι,
2469 5529 2558 5584 58.

425 5640 775 5717 ('58)_Codc:_t
821 5641 1022 5717 Regius
1065 5644 1293 5717 :jEvOat
1337 5644 1408 5717 δὴ
1456 5642 1609 5717 ζητῶΑ
1641 5643 1930 5717 Δπροτιεχῶς

357 5710 468 5789 ἐστι
491 5710 701 5789 νοῆσαιε
739 5711 844 5767 Sed
870 5710 961 5779 τὸ,
990 5714 1173 5789 ζητῶι,
1205 5710 1490 5787 παρέλὲει.
1511 5710 1613 5769 νει
1638 5710 1927 5784 legendum

353 5780 624 5854 ζητοῦντι.
656 5781 926 5854 Ηιιετιυε.

428 5854 538 5926 (39)
577 5852 870 5924 Ζητήσεις
903 5853 1036 5925 γὰρ,
1067 5852 1294 5932 axem"
1332 5857 1535 5912 πόθεν.
1567 5853 1740 5910 Codd.
1774 5850 1841 5909 Π.
1874 5862 1929 5909 et

2039 5644 2132 5712 IL,
2164 5644 2328 5699 πόθεν
2362 5644 2744 5717 παροξυτόνως
2774 5645 3005 5717 habent,
3048 5643 3191 5714 quod
3223 5642 3608 5717 interrogatio-

2035 5732 2160 5772 nem
2199 5724 2371 5787 notat.
2405 5712 2506 5787 Sed
2539 5716 2591 5787 si
2611 5714 2902 5787 pap‘titovov
2931 5716 3024 5783 sit,
3057 5712 3165 5769 non
3194 5712 3335 5769 male
3368 5726 3491 5768 cum
3522 5729 3608 5769 sc-

2037 5786 2332 5857 quentibus
2364 5783 2783 5843 cohaerebitiln.
