4086 6418
458 310 483 363 1
493 308 595 364 287

1937 299 2266 357 ORIGENiS

3587 297 3726 355 ηερ

455 432 583 492 post
623 419 816 476 messis
862 435 1027 492 opera
1075 428 1220 472 recte
1253 427 1494 487 peracta,
1547 417 1600 470 in
1637 417 1802 470 vitam
1852 417 2032 487 ingre~

2150 433 2322 478 ςαντες
2356 415 2491 485 ἔργα
2514 414 2906 469 εἰσελεύσονται
2938 418 3017 478 εἰς
3047 414 3144 486 τὴν
3174 413 3317 486 ζωὴν
3355 412 3723 484 καθαρισθὲν-

461 515 682 568 ι1ἰειιιυι·
703 553 718 577 ,
753 528 781 565 a
810 512 1042 564 mortuis
1095 510 1311 578 quidem
1341 510 1602 578 operibus
1637 509 1884 579 purgati,
1918 509 2042 562 viva

463 613 646 658 autem
692 617 854 672 opera
903 601 986 654 his
1031 599 1310 653 contraria
1361 607 1620 664 agentes;
1679 614 1778 652 nec
1830 607 2042 652 mortua

455 693 700 758 amplius
743 696 1022 758 loquentes
1047 730 1062 753 ,
1115 697 1170 740 at
1201 687 1356 755 juxta
1391 689 1572 742 vivum
1611 704 1915 742 sermonem
1951 689 2044 743 Dei

467 794 521 837 ct
553 785 818 836 cllicacem
867 781 1112 834 dicentes
1131 780 1196 832 ³².
1231 778 1306 832 lta
1337 781 1501 833 etiam
1555 782 1728 834 instar
1753 783 2043 835 verborum

465 883 682 926 :cterna:
712 872 856 932 vitaz,
879 870 1127 939 quaedam
1161 879 1290 923 sunt
1323 872 1748 940 cogitationibus
1777 890 2046 928 accusan-

465 963 610 1016 tibus
653 955 959 1025 contraria,
1012 963 1231 1030 quando
1287 963 1497 1016 scilicet.
1555 981 1574 1012 ι
1621 965 2045 1034 cogitationibus

464 1052 854 1106 accusantibus
886 1052 969 1104 vcl
1004 1051 1420 1104 defendentibus
1439 1047 1686 1105 “uindie
1725 1053 1916 1120 judicii
1941 1095 1954 1117 ,
1999 1055 2046 1108 is

465 1141 650 1195 salvus
697 1141 802 1192 erit
855 1141 1016 1206 cujus
1058 1140 1418 1208 cogitationes
1472 1138 1798 1200 defendunt;
1849 1142 2048 1210 peribit

466 1242 650 1286 autem
699 1231 861 1299 cujus
905 1231 1270 1298 cogitationes
1315 1242 1597 1283 accusant.
1651 1232 1805 1296 Quod
1853 1232 1898 1286 si
1945 1248 2046 1287 nos

467 1325 634 1392 igitur
667 1325 722 1378 in
755 1324 920 1376 vitam
950 1335 1172 1390 quoque
1201 1319 1452 1374 volumus
1485 1322 1725 1388 ingredi.
1755 1322 2047 1378 audiamus

460 1415 655 1470 Jesum
681 1416 949 1469 dicentem
973 1413 1056 1465 3‘;
1084 1431 1103 1463 ι
1147 1411 1200 1465 Si
1233 1411 1314 1464 vis
1340 1412 1403 1462 ad
1439 1414 1600 1462 vitam
1637 1411 1864 1480 ingredi,
1889 1429 2045 1467 serva

471 1509 748 1568 mandata,
782 1525 800 1556 ι
829 1515 880 1557 et
915 1521 1012 1574 pro
1045 1513 1378 1557 servatorum
1409 1517 1442 1555 a
1474 1502 1629 1556 nobis
1663 1503 2045 1558 mandatorum

473 1601 682 1653 ratione
713 1599 778 1652 ad
818 1598 983 1650 vitam
1017 1597 1404 1665 ingrediemur,
1443 1593 1526 1646 vel
1563 1593 1841 1648 interioris
1874 1595 2048 1664 ipsius

471 1707 538 1746 ac
583 1688 914 1744 beatissinue
959 1687 1130 1755 partis
1173 1694 1452 1752 compotes
1494 1683 1704 1750 ell‘ecti,
1743 1685 1823 1738 vel
1856 1686 2046 1754 cujus-

472 1795 687 1850 cunque
717 1779 931 1832 tandem
961 1777 1231 1829 minortnn
1265 1775 1636 1844 letiowmijue
1666 1775 2047 1830 mandatorum
2081 1757 2124 1811 Β

467 1871 777 1928 observatio
802 1886 903 1924 nos
933 1868 1101 1922 faciet
1130 1867 1440 1937 participes.

515 1963 628 2034 15.
671 1963 739 2014 At
771 1961 858 2014 ille
891 1969 1180 2028 postquam
1227 1958 1436 2012 audivit
1461 1957 1504 1988 ³⁵
1546 1972 1560 2008 :
1608 1976 1626 2008 ι
1676 1956 1843 2010 Serva
1897 1973 2052 2011 man-

469 2055 619 2118 data,
648 2074 666 2105 ι
697 2054 773 2106 ait
803 2069 817 2106 :
855 2071 872 2102 ι
904 2050 1073 2116 Qum?
1109 2068 1128 2101 ι
1158 2058 1216 2103 ut
1242 2063 1492 2118 quaenam
1527 2047 1872 2118 potissimum
1896 2065 2052 2103 man-

469 2143 597 2196 data
633 2159 663 2196 a
697 2143 853 2195 nobis
884 2140 1048 2195 Jesus
1078 2139 1286 2194 servari
1326 2139 1477 2205 velit,
1508 2139 1863 2194 ediscamus:
1897 2139 1961 2194 ad
1998 2139 2048 2194 id
2082 2159 2094 2190 ‹

470 2235 614 2289 enim
643 2252 658 2288 :
691 2252 709 2284 ι
737 2232 906 2300 Quae?
930 2251 953 2282 ο
993 2231 1044 2284 id
1101 2231 1234 2284 dixit
1265 2249 1278 2284 :
1315 2250 1333 2281 ι
1364 2227 1481 2284 Non
1532 2229 1865 2285 adulterabis
1889 2249 1902 2285 :
1930 2229 2082 2292 Non,

469 2326 826 2380 homicidium
857 2325 1022 2378 facies
1050 2341 1063 2376 :
1091 2321 1208 2377 Non
1239 2321 1406 2376 facies
1437 2320 1641 2375 furtum
1671 2320 1828 2376 :Non
1853 2322 2049 2377 falsum

473 2419 848 2474 testimonium
905 2417 1092 2472 dices:
1144 2415 1360 2470 Honora
1401 2425 1606 2483 patrem
1637 2425 1691 2469 et
1721 2425 1983 2481 matrem;
2023 2437 2044 2468 ι

464 2523 568 2570 et:
609 2532 627 2564 ι
659 2513 856 2581 Diliges
883 2513 1191 2583 proximum
1225 2519 1378 2563 tuum
1427 2511 1567 2564 sicut
1609 2511 1862 2578 teipsum.
1907 2527 1928 2562 ο
1973 2509 2052 2564 Ac

471 2607 562 2662 illa
601 2605 830 2662 fortasse
859 2607 1035 2674 iisque
1065 2601 1378 2658 consimilia
1399 2640 1414 2663 ,
1445 2601 1512 2655 ad
1548 2600 1956 2668 ingrediendum
1995 2601 2050 2652 in

471 2697 614 2762 vitae,
652 2707 711 2752 ut
737 2701 808 2752 ita
840 2697 1040 2760 dicam,
1071 2695 1339 2766 principia
1371 2695 1667 2760 sulliciunt,
1709 2709 1829 2762 qua:
1861 2693 1926 2747 ad
1959 2693 2050 2746 inv

470 2791 776 2859 tegritatem
813 2789 1218 2858 adipiscendam
1271 2789 1495 2842 minime
1527 2788 1864 2850 sullicerent;
1914 2787 2050 2839 adeo

471 2892 532 2934 ut
571 2880 664 2947 qui
691 2879 744 2931 in
769 2895 938 2933 unum
971 2879 1175 2946 pariter
1199 2894 1266 2931 ex
1301 2878 1386 2931 his
1426 2875 1697 2930 mandatis
1722 2874 2046 2944 peccaverit,

471 2985 543 3024 ne
577 2971 630 3023 in
660 2971 988 3040 principium
1027 2969 1245 3038 quidem
1277 2969 1400 3022 vitm
1437 2969 1640 3021 intrare
1671 2965 1838 3038 669
1862 2977 2045 3035 queat.

2144 527 2238 572 τες
2271 508 2370 578 μὲν
2393 509 2502 561 ἀπὸ
2527 508 2735 579 νεκρῶν
2769 509 2980 580 ἔργων,
3017 507 3085 560 τὰ
3131 509 3190 560 δὲ
3237 507 3458 560 ἐναντία
3497 509 3734 577 ἐκείνοις

2146 599 2473 670 πράττοντες
2517 599 2654 668 ἔργα
2682 597 2858 662 ζῶντα
2886 615 2900 628 ·
2945 599 3038 652 καὶ
3081 598 3277 669 μηκέτι
3309 597 3407 668 μὲν
3428 599 3600 671 νεκρὰ
3636 603 3733 656 λα-

2145 691 2384 754 λοῦντες,
2418 691 2666 758 λέγοντες
2697 691 2754 744 δὲ
2784 690 2926 744 κατὰ
2949 691 3040 744 τὸν
3071 691 3248 756 ζῶντα
3274 691 3433 759 λόγον
3466 693 3561 746 τοῦ
3590 693 3729 749 Θεοῦ

2147 783 2240 836 καὶ
2283 783 2496 854 ἐνεργῆ.
2545 781 2701 834 Οὕτω
2737 783 2795 834 δέ
2825 783 2973 835 ἐστιν
3017 782 3280 850 ἀνάλογον
3325 784 3535 854 ῥήμασι
3586 783 3730 857 ζωῆς

2147 873 2366 926 αἰωνίου
2409 873 2624 925 ἐναντία
2667 872 2948 943 λογισμοῖς
2986 875 3098 935 τοῖς
3137 874 3560 944 κατηγοροῦσιν,
3605 877 3729 940 ὅτε,

2154 983 2172 1014 ι
2199 963 2309 1017 τῶν
2337 964 2614 1036 λογισμῶν
2651 964 3100 1036 κατηγορούντων
3121 1003 3136 1028 ,
3167 966 3201 1035 ἢ
3231 966 3322 1018 καὶ
3354 967 3728 1040 ἀπολογουμέ-

2147 1072 2252 1108 νων
2283 1075 2300 1106 ι
2332 1057 2391 1107 ἐν
2419 1057 2606 1126 ἡμέρᾳ
2635 1056 2872 1128 κρίσεως
2895 1099 2910 1121 ,
2945 1055 3247 1128 σωθήσεται
3283 1059 3382 1128 μὲν
3419 1062 3627 1124 ἐκεῖνος
3666 1056 3730 1116 οὗ

2147 1151 2194 1201 οἱ
2222 1148 2469 1219 λογισμοὶ
2489 1148 2919 1216 ἀπολογοῦνται·
2936 1151 3220 1204 ἀπολεῖται
3240 1151 3296 1204 δὲ
3323 1145 3384 1204 οὗ
3408 1153 3454 1206 οἱ
3475 1153 3726 1224 λογισμοὶ

2148 1240 2388 1307 γίνονται
2418 1242 2734 1311 κατήγοροι.
2767 1242 2830 1293 Et
2868 1241 3048 1294 τοίνυν
3081 1238 3176 1296 καὶ
3213 1244 3373 1313 ἡμεῖς
3398 1243 3618 1313 θέλομεν
3643 1245 3724 1306 εἰς

2147 1330 2246 1402 τὴν
2275 1329 2421 1402 ζωὴν
2452 1331 2734 1397 εἰσελθεῖν,
2758 1332 3077 1404 ἀκούσωμεν
3106 1333 3198 1387 τοῦ
3228 1334 3482 1402 λέγοντος
3515 1333 3720 1404 Ἰησοῦ·

2154 1440 2172 1471 ι
2205 1423 2267 1474 Εἰ
2299 1421 2470 1486 θέλεις
2504 1423 2582 1486 εἰς
2612 1424 2711 1494 τὴν
2744 1423 2887 1495 ζωὴν
2919 1424 3180 1478 εἰσελθεῖν
3200 1466 3214 1490 ,
3254 1426 3493 1496 τήρησον
3520 1425 3616 1488 τὰς
3642 1428 3729 1478 ὲν·-

2147 1511 2329 1576 τολὰς,
2361 1531 2380 1564 ι
2407 1515 2502 1567 καὶ
2534 1515 2674 1568 κατὰ
2707 1515 2807 1584 τὴν
2834 1515 3124 1583 ἀναλογίαν
3151 1533 3214 1584 γε
3239 1517 3334 1586 τῆς
3366 1515 3476 1570 τῶν
3501 1515 3732 1568 ἐντολῶν

2149 1605 2432 1675 τηρήσεως
2464 1608 2544 1669 είς
2572 1605 2669 1677 τὴν
2702 1605 2846 1678 ζωὴν
2876 1606 3314 1677 εἰσελευσὼμεθα
3343 1607 3477 1678 (40),
3512 1607 3735 1678 γινόμε-

2151 1713 2232 1748 νοι
2259 1697 2428 1766 αὐτῆς
2461 1698 2580 1766 1ἤτοι
2609 1699 2689 1761 είς
2719 1698 2789 1751 τὰ
2814 1698 3071 1752 ὲνδότατα
3108 1699 3203 1751 καὶ
3233 1697 3630 1770 μακαριώτατα
3649 1737 3664 1762 ,
3696 1697 3730 1768 ῆ

2152 1785 2284 1837 ὅπου
2317 1785 2438 1837 ποθ’
2466 1788 2614 1856 ἡμᾶς
2662 1787 2816 1858 φέρει
2854 1787 2954 1857 τῆς
2987 1785 3166 1858 ζωῆς,
3215 1789 3249 1858 η
3291 1786 3590 1841 ἐλαττόνων
3637 1787 3733 1840 καὶ

2151 1874 2536 1946 ἀμυδροτὲρων
2559 1875 2666 1928 τῶν
2689 1878 2918 1930 ἐντολῶν
2948 1879 3198 1951 τήρησις.

2235 1965 2292 2017 ’0
2325 1965 2381 2018 δὲ
2406 1965 2678 2029 ἀκούσας·
2721 1985 2738 2017 ι
2769 1967 3020 2038 Τήρησον
3050 1967 3153 2031 τὰς
3189 1967 3438 2031 ἐντολὰς,
3482 1986 3501 2019 ι
3545 1967 3731 2035 λέγει·

2159 2076 2178 2109 ‹
2206 2057 2406 2122 Ποίας;
2440 2076 2457 2108 t
2491 2058 2576 2110 ἵνα
2607 2057 2866 2129 μάθωμεν
2894 2059 3053 2122 ποίας
3091 2060 3326 2130 μάλιστα
3353 2062 3540 2132 τηρεῖν
3579 2060 3730 2130 ἡμᾶς

2151 2145 2370 2210 ἐντολὰς
2427 2148 2456 2199 ὁ
2508 2147 2715 2218 Ἰησοῦς
2763 2147 3010 2218 βούλεται
3034 2165 3048 2178 ·
3101 2145 3224 2202 εἶπε
3275 2150 3384 2220 γὰρ
3439 2151 3577 2220 πρὸς
3639 2148 3731 2202 τό·

2157 2255 2177 2289 ι
2202 2237 2401 2302 Ποίας;
2435 2256 2453 2288 ι
2486 2237 2581 2291 τό·
2629 2257 2647 2288 ι
2679 2239 2754 2290 Οὐ
2800 2237 3142 2309 μοιχεύσεις·
3183 2240 3256 2293 Οὐ
3294 2239 3576 2308 φονεύσεις
3599 2256 3612 2268 ·
3649 2239 3728 2292 Ού

2151 2326 2399 2396 κλέψεις·
2450 2327 2524 2379 Oti
2574 2326 3143 2400 ψευδομαρτυρήσεις·
3191 2329 3338 2400 Τίμα
3383 2329 3476 2382 τὸν
3521 2328 3735 2400 πατέρα

2151 2418 2246 2472 καὶ
2283 2418 2382 2491 τὴν
2426 2417 2669 2489 μητέρα·
2701 2437 2720 2468 ο
2756 2418 2882 2472 καί·
2939 2438 2956 2469 ι
2996 2419 3329 2490 Ἀγαπήσεις
3371 2419 3460 2472 τὸν
3504 2419 3734 2489 πλησίον

2151 2525 2246 2562 σου
2281 2509 2356 2572 ὡς
2393 2510 2638 2563 σεαυτόν.
2671 2529 2689 2561 ι
2727 2510 2835 2562 Καὶ
2865 2511 3006 2580 τάχα
3045 2511 3206 2582 ἀρκεῖ
3239 2510 3374 2582 πρὸς
3412 2511 3506 2575 τὸ,
3541 2511 3608 2564 ἶν’
3636 2510 3732 2564 ού-

2149 2617 2258 2662 τως
2299 2601 2548 2669 ὀνομάσω
2571 2641 2585 2664 ,
2614 2600 2872 2653 εἰσελθ;ἶν
2891 2643 2906 2666 ,
2934 2603 3033 2654 ούκ
3063 2602 3338 2673 ἀρκοῦντα
3369 2603 3502 2674 πρὸς
3529 2603 3731 2656 τελειό-

2150 2705 2309 2759 τητα,
2329 2688 2504 2742 ταῦτα
2529 2690 2620 2742 καὶ
2647 2689 2715 2742 τὰ
2731 2690 2938 2752 τούτοις
2964 2693 3041 2753 εἰς
3060 2692 3152 2762 τὴν
3188 2693 3362 2764 ἀρχὴν
3389 2692 3533 2762 ζωῆς
3555 2709 3734 2764 παρα-

2154 2777 2378 2851 πλήσια,
2402 2779 2477 2843 ὡς
2509 2779 2598 2832 τὸν
2625 2779 2806 2850 ἔνοχον
2837 2782 3193 2854 παραπλήσια
3226 2783 3338 2853 (41)
3365 2785 3492 2854 μιᾶς
3523 2783 3730 2838 τούτων

2151 2869 2260 2924 τῶν
2283 2871 2509 2924 ἐντολῶν
2541 2872 2673 2943 μηδὲ
2713 2875 2792 2936 εἰς
2831 2873 2927 2943 τὴν
2957 2875 3130 2948 ἀρχὴν
3156 2875 3254 2945 τῆς
3281 2876 3428 2947 ζωῆς
3469 2877 3729 2931 εἰσελθεῖν

2151 2958 2427 3015 δύνασθαι.
2459 2961 2840 3032 Καθαρευτὲον
2864 2958 2957 3015 ούν
2986 2964 3063 3034 τῷ
3094 2965 3196 3018 κᾶν
3225 2965 3398 3020 ἐλθεῖν
3423 2967 3732 3039 βουλομένῳ

469 3061 738 3116 Adulter-ii
788 3063 1006 3130 itaque,
1053 3071 1105 3115 ct
1145 3061 1459 3125 homicidii,
1502 3068 1557 3114 et
1591 3059 1882 3128 cujuslibet
1917 3058 2046 3112 fulti

2155 3053 2234 3114 είς
2272 3052 2371 3125 τὴν
2416 3053 2558 3125 ζωὴν
2602 3054 2708 3107 ἀπὸ
2741 3055 3017 3125 μοιχείας,
3054 3059 3146 3110 καὶ
3176 3057 3338 3126 φόνου
3364 3099 3378 3122 ,
3415 3061 3508 3114 καὶ
3552 3062 3732 3132 πάσης

471 3153 666 3207 insons
703 3165 821 3204 esse
862 3151 1048 3212 debet,
1102 3150 1192 3219 qui
1249 3149 1304 3202 in
1354 3150 1518 3202 vitam
1574 3149 1781 3218 ingredi
1828 3151 2046 3219 cogitat.

2155 3141 2360 3214 κλοπῆς
2379 3159 2392 3172 ·
2419 3144 2494 3207 ὡς
2529 3143 2636 3214 γὰρ
2663 3144 2848 3214 μοιχὸς
2871 3145 2964 3196 καὶ
2996 3147 3216 3213 φονεὺς,
3244 3149 3344 3201 οὐκ
3369 3149 3732 3204 εἰσελεύσεται

471 3243 946 3312 Quemadmodum
975 3242 1120 3294 enim
1165 3256 1342 3309 neque
1379 3240 1623 3305 adulter,
1659 3256 1834 3310 neque
1875 3241 2050 3293 homi-

472 3337 594 3390 cida
621 3336 674 3388 in
701 3337 864 3388 vitam
901 3334 1218 3398 intrabunt,
1259 3333 1330 3388 ita
1363 3347 1538 3400 neque
1563 3333 1654 3400 qui
1693 3332 1819 3384 furti
1849 3346 1908 3385 se
1933 3332 2052 3386 alli-

472 3437 584 3498 gat.
615 3426 788 3496 Cujus
812 3426 1030 3496 quidem
1076 3426 1325 3481 crlrriiuis
1366 3425 1441 3478 rei
1481 3433 1610 3478 sunt
1639 3440 1829 3478 eorum
1866 3441 2046 3494 qnam-

472 3519 727 3590 plurimi,
755 3521 846 3588 qui
881 3517 1083 3573 Christi
1115 3519 1273 3572 tidem
1305 3517 1561 3571 dicuntur
1619 3518 1885 3586 amplexi,
1922 3535 2045 3572 cum

469 3611 525 3666 in
556 3612 678 3665 vitae
712 3609 974 3680 negotiis,
1021 3610 1076 3664 in
1112 3609 1236 3666 fidei
1267 3624 1380 3665 suae
1425 3609 1738 3666 commissis
1773 3611 2046 3680 pecuniis,

469 3701 524 3754 in
563 3701 756 3755 mediis
781 3715 919 3769 quas
951 3708 1206 3754 exercent
1250 3701 1465 3755 artibus
1491 3737 1506 3763 ,
1552 3698 1677 3753 furti
1712 3700 1934 3756 minime
1968 3701 2052 3755 in-

467 3798 656 3844 sontes
687 3803 811 3845 esse
842 3789 1340 3858 deprehendantur.
1389 3788 1502 3844 Nec
1534 3789 1620 3844 fur
1651 3793 2049 3857 tantummodo,

467 3895 661 3934 verum
701 3889 754 3934 et
778 3880 952 3950 ipsius
983 3880 1038 3935 in
1066 3879 1216 3936 furto
1246 3881 1519 3952 particeps
1551 3897 1616 3936 ac
1650 3883 1834 3938 socius
1877 3884 1930 3938 in
1966 3884 2052 3938 vi-

2153 3237 2232 3298 είς
2258 3235 2354 3304 τὴν
2382 3235 2547 3306 ζωὴν.
2589 3234 2763 3300 οὕτως
2805 3238 2925 3292 οὐδὲ
2951 3243 2980 3293 ό
3010 3239 3277 3292 κλέπτων.
3315 3240 3401 3312 Τῇ
3426 3242 3649 3314 τοιαύτῃ
3675 3238 3738 3295 δὲ

2154 3329 2396 3401 ἁμαρτίᾳ
2432 3328 2613 3382 πολλοὶ
2637 3330 2745 3382 τῶν
2776 3331 3083 3402 λεγομένων
3115 3333 3387 3387 πιστεύειν
3415 3333 3491 3404 τῷ
3511 3333 3732 3406 Χριστῷ

2153 3421 2325 3494 ἔνοχοί
2370 3423 2506 3474 εἰσιν
2540 3421 2886 3494 ἐλεγχόμενοι
2931 3426 2990 3478 ἐν
3027 3429 3146 3489 ταῖς
3194 3427 3599 3498 πραγματείαις
3635 3425 3730 3480 τοῦ

2157 3513 2272 3585 βίον
2293 3551 2308 3576 ,
2338 3512 2431 3565 καὶ
2460 3507 2541 3575 οἷς
2575 3513 2919 3568 πιστεύονται
2949 3519 3338 3588 χρηματικοῖς,
3365 3515 3456 3569 καὶ
3484 3519 3602 3580 ταῖς
3636 3515 3736 3588 μέ-

2157 3621 2278 3674 σαις
2309 3603 2521 3674 τέχναις
2547 3603 2658 3674 (12)
2680 3602 2746 3667 ἃς
2770 3605 3090 3677 ἐργάζονται
3109 3649 3124 3672 ,
3157 3606 3232 3670 ὡς
3257 3608 3318 3660 ού
3351 3606 3578 3680 καθαροὶ
3611 3608 3736 3662 κλο-

2155 3696 2281 3766 πῆς.
2309 3695 2382 3748 Ού
2417 3696 2575 3766 μόνος
2605 3695 2661 3748 δὲ
2687 3696 2716 3748 ό
2742 3696 2980 3768 κλέπτης
3003 3699 3102 3751 οὐκ
3135 3697 3500 3752 εἰσελεύσεται
3534 3701 3612 3762 εἰς
3632 3699 3733 3772 τὴν

2153 3789 2325 3860 ζωὴν,
2359 3789 2494 3842 ἀλλὰ
2519 3789 2614 3844 καὶ
2641 3792 2669 3842 ό
2703 3789 2957 3853 κοινωνὸς
2985 3790 3180 3854 αὑτοῦ,
3227 3791 3319 3844 καὶ
3359 3793 3387 3844 ό
3426 3791 3734 3864 συντρέχων

2153 3880 2298 3952 αὐτῷ
2314 3897 2328 3910 ·
2352 3883 2410 3934 ὲν
2438 3880 2538 3951 μὲν
2565 3879 2674 3954 γὰρ
2697 3881 2778 3953 τῷ
2813 3883 3012 3954 Ἡσαΐᾳ
3038 3883 3348 3956 γέγραπται
3374 3901 3386 3914 ο
3422 3903 3440 3935 ι
3471 3883 3734 3939 Κοινωνοὶ

1675 3996 1904 4054 VETUS
1943 3995 2523 4054 INTERPRETATIO.

469 4128 590 4175 tuas
618 4119 673 4174 in
706 4120 890 4186 corde,
925 4121 1016 4176 sed
1041 4123 1218 4176 vivas.
1247 4121 1401 4176 Sicut
1425 4122 1570 4174 enim
1603 4129 1732 4174 sunt
1764 4136 1927 4191 opera
1957 4130 2196 4182 mortua,
2223 4128 2278 4172 et
2303 4135 2463 4188 opera
2493 4121 2638 4184 viva,
2672 4132 2724 4174 ct
2748 4121 2910 4174 verba
2945 4129 3182 4183 mortua.
3209 4130 3264 4176 et
3292 4121 3459 4176 verba
3484 4122 3628 4186 viva,
3655 4121 3730 4176 ita

469 4199 598 4244 sunt
630 4201 685 4244 et
713 4193 1072 4261 cogitationes
1105 4202 1355 4253 mortuae,
1383 4200 1438 4245 et
1466 4193 1824 4260 cogitationes
1852 4193 2006 4244 virm.
2044 4191 2119 4245 De
2147 4191 2348 4261 quibus
2373 4193 2447 4261 ait
2481 4191 2774 4260 Apostolus
2799 4209 2812 4244 :
2848 4211 2866 4242 ι
2901 4192 3336 4260 ﬂagitationibus
3371 4193 3600 4247 invicem
3629 4208 3724 4247 ac-

466 4260 826 4323 cusantibus,
871 4272 966 4316 aut
1002 4263 1162 4316 etiam
1196 4262 1613 4318 defendentibus
1645 4264 1696 4316 in
1731 4262 1816 4316 die
1851 4277 1975 4315 eum
2003 4260 2332 4330 judicaverit
2369 4260 2632 4316 Dominus
2665 4263 2878 4316 occulta
2927 4262 3230 4317 ltouiinum.
3266 4281 3283 4312 ι
3317 4261 3400 4330 Et
3425 4263 3732 4320 salvabitur

465 4331 688 4402 quidem
723 4333 810 4385 ille
837 4333 994 4400 cujus
1027 4333 1386 4400 cogitationes
1413 4331 1616 4386 fuerint
1644 4329 2038 4402 defendentes:
2066 4332 2264 4402 peribit
2293 4341 2496 4396 autem,
2523 4332 2680 4400 cujus
2713 4333 2909 4384 fuerint
2937 4345 3280 4386 accusantes.
3308 4329 3364 4387 Si
3393 4349 3522 4402 ergo
3548 4343 3602 4388 et
3630 4348 3730 4388 nos

467 4401 720 4454 volumus
743 4403 970 4454 introire
1001 4405 1054 4454 in
1091 4403 1289 4463 vitam,
1350 4403 1638 4456 audiamus
1667 4403 1880 4456 dicente
1909 4401 2038 4456 Jesu
2068 4400 2080 4454 ε
2119 4419 2136 4450 ι
2173 4400 2228 4455 Si
2254 4402 2337 4455 vis
2367 4402 2594 4455 introire
2629 4402 2682 4454 in
2723 4403 2888 4454 vitam
2912 4442 2927 4465 ,
2960 4417 3113 4454 serva
3152 4400 3494 4469 mandatan
3543 4414 3597 4458 et
3647 4420 3732 4458 se-

466 4470 704 4542 cundum
743 4486 1056 4542 mensuram
1088 4473 1490 4526 observationis
1522 4475 1898 4526 mandatorum
1933 4473 2302 4542 ingrediemur
2337 4473 2389 4524 in
2421 4473 2582 4542 vitam
2609 4512 2624 4534 ,
2672 4481 2766 4524 aut
2796 4472 2848 4524 in
2885 4472 3136 4526 interiora
3183 4473 3304 4540 ejus
3347 4483 3400 4528 et
3451 4473 3692 4529 beatiora
3715 4515 3729 4532 .

468 4539 642 4612 autin
664 4541 992 4612 _n_iedioc_ria,
1016 4551 1111 4593 aut
1133 4544 1198 4612 ad
1227 4557 1616 4611 quamcunque
1651 4553 1855 4612 paitem
1893 4539 2017 4596 vitae
2043 4543 2185 4612 illius
2217 4541 2281 4593 ad
2312 4557 2474 4610 quam
2502 4541 2780 4594 induxerit
2818 4557 2918 4594 nos
2943 4539 3292 4596 observantia
3323 4545 3726 4599 mandatorum.

542 4607 627 4660 l5.
664 4606 756 4684 Ille
786 4609 1101 4684 audiens_:_r
1134 4606 1319 4684 Serva,
1340 4606 1618 4675 mandata,
1651 4606 1670 4664 ἱ
1705 4613 1986 4684 respondit
2011 4629 2025 4664 :
2057 4632 2074 4662 ι
2099 4611 2269 4684 Qum?
2299 4606 2709 4684 t'ut‘discainns
2733 4612 2914 4684 qualia
2941 4612 3175 4684 maxime
3203 4615 3457 4684 mandata
3488 4615 3606 4684 vult
3625 4628 3728 4666 nos

468 4669 980 4750 gesus‘obscrvare.
1001 4681 1078 4734 Ad
1113 4697 1276 4750 quam
1311 4669 1956 4750 interrOgationem'dixit
1987 4700 2000 4736 :
2048 4701 2066 4733 ι
2109 4669 2231 4736 Eon
2273 4682 2490 4736 occides
2519 4699 2531 4734 :
2560 4680 2677 4734 Non
2711 4669 3047 4735 adulterahis
3072 4699 3085 4734 :
3113 4680 3228 4736 Non
3261 4683 3466 4736 furtum
3509 4683 3674 4736 facies
3707 4697 3722 4733 :

468 4744 586 4822 Non
627 4744 1238 4822 falsum_testimonium
1271 4753 1419 4807 diees
1461 4769 1474 4804 :
1521 4744 1737 4808 llonora
1769 4763 1976 4822 patrem
2011 4761 2160 4806 tuum
2192 4762 2248 4804 et
2279 4761 2551 4816 matrem;
2583 4770 2602 4822 ι
2635 4761 2687 4804 et
2715 4767 2728 4802 :
2764 4769 2784 4801 ι
2815 4750 3014 4819 Diliges
3046 4754 3352 4822 proximum
3392 4763 3542 4805 tuum
3584 4755 3725 4822 sicut

469 4817 723 4893 teipsnm.
757 4836 776 4869 ι
807 4817 870 4871 Et
899 4818 1122 4893 forsitan
1161 4821 1264 4874 ista
1295 4823 1570 4877 sulliciunt
1600 4833 1655 4877 ut
1683 4823 1735 4876 in
1764 4817 2112 4893 principium,
2139 4832 2197 4876 ut
2225 4823 2298 4876 ita
2327 4824 2526 4882 dicam,
2561 4821 2684 4876 vita:
2717 4817 3063 4893 ingrediatur—
3086 4824 3229 4890 quis,
3262 4837 3367 4874 non
3396 4831 3570 4893 autem
3607 4818 3724 4874 suf-

467 4888 659 4960 ticiunt
701 4887 839 4950 lucc,
876 4891 957 4960 vel
990 4892 1095 4943 alia
1125 4893 1322 4945 similia
1353 4894 1493 4955 istis,
1533 4894 1598 4946 ad
1647 4887 1901 4948 interiora
1936 4887 2056 4946 vita:
2089 4893 2434 4946 introducere
2464 4887 2816 4960 quemquam.
2843 4889 2946 4958 Qui
2982 4887 3160 4945 autem
3194 4892 3512 4960 praeterierit
3551 4904 3720 4942 unttm

467 4957 844 5032 mandatorum
883 4958 1134 5024 istorum,
1173 4979 1270 5016 nec
1301 4965 1350 5016 in
1380 4963 1707 5032 principium
1747 4965 1868 5016 vita:
1899 4964 2148 5018 intrabit.
2184 4957 2582 5018 Abstinendum
2616 4957 2699 5016 est
2748 4957 2880 5032 ergo
2911 4963 3057 5032 onmi
3081 4957 3286 5032 volenti
3304 4961 3402 5032 _vcl
3433 4959 3485 5013 in
3517 4960 3724 5032 princi-

467 5028 615 5093 pium
643 5028 765 5081 vita:
796 5028 1022 5093 intrare,
1059 5033 1126 5084 ab
1153 5028 1444 5094 adulteri—0,
1471 5033 1538 5087 ab
1559 5028 1878 5097 homicidio,
1909 5050 1940 5086 a
1975 5032 2141 5088 furto.
2178 5033 2331 5086 Sicut
2359 5033 2504 5086 enim
2531 5033 2744 5086 adulter
2770 5028 2836 5085 et'
2855 5031 3122 5084 lioluicida
3157 5045 3262 5083 non
3303 5028 3528 5082 intranti
3554 5031 3607 5083 in
3643 5030 3726 5082 vi-

466 5105 599 5174 tain,
633 5098 846 5174 s_ic_nec
872 5097 1062 5174 fur._ln
1102 5102 1206 5155 hoc
1233 5105 1378 5156 enim
1412 5112 1634 5172 peccato
1661 5102 1816 5156 multi
1848 5104 2010 5158 etiam
2039 5120 2227 5156 eorum
2283 5102 2375 5171 qui
2410 5103 2661 5156 videntur
2690 5102 2988 5174 credidisse
3017 5100 3254 5174 Christo,
3287 5098 3595 5174 incurrunt,
3629 5115 3727 5156 ne-

465 5166 612 5229 gotia
647 5166 810 5231 hujus
835 5170 1022 5222 mundi
1048 5182 1293 5242 agentes,
1321 5181 1373 5226 et
1401 5166 1746 5242 pecuniarios
1781 5185 1936 5228 actus
1966 5175 2059 5244 qui
2085 5166 2386 5230 creduntur
2413 5175 2512 5237 eis,
2536 5183 2589 5225 et
2612 5173 2704 5242 qui
2737 5183 3030 5243 operantur
3058 5178 3204 5224 artes
3231 5173 3366 5224 istas
3392 5166 3722 5236 medioeres,

447 5366 456 5440 ξ
533 5321 577 5352 ³⁹
605 5323 772 5384 Hebr.
812 5345 886 5397 tv,
923 5331 1011 5388 12.

451 5483 506 5566 '-_
537 5487 648 5566 (40)
689 5493 1204 5566 Ε-ὶσελευσώμεθα.
1267 5496 1430 5554 Forte
1487 5499 1873 5566 scribendum,
1926 5501 2041 5553 είσ-

461 5556 815 5630 ελεύαόμεοα.

464 5627 1113 5750 ιῖοἷέἐέῖίῗαραπλήσίίδ
1163 5637 1326 5696 Forte
1379 5642 1677 5708 l‘ednndal,
1742 5656 1844 5696 nec
1905 5637 2044 5692 male

1109 5333 1154 5364 ³⁸
1190 5333 1349 5390 Rom.
1379 5352 1453 5402 ιι,
1485 5338 1572 5392 15.
1667 5336 1714 5370 ³⁸
1741 5335 1932 5392 Matth.
1971 5354 2101 5406 χιχ,
2132 5337 2218 5390 17.
2297 5337 2342 5370 ³⁸
2383 5335 2540 5400 ibid.,
2577 5334 2644 5389 18
2681 5343 2734 5389 et
2763 5333 2850 5388 19.

2217 5495 2329 5562 (42)
2386 5494 2500 5550 Kal
2538 5493 2667 5560 ταῖς
2709 5492 2925 5562 μέσαις
2979 5489 3236 5565 τέχναις.
3291 5491 3481 5556 Μέσας
3529 5491 3727 5565 τέχνας

2217 5509 2329 5562 (42)
2386 5509 2500 5550 Kat
2538 5511 2667 5560 ταις
2709 5509 2925 5562 pacate
2979 5509 3041 5546 τε
3063 5509 3236 5559 ,γαίᾳ
3291 5509 3481 5556 mssa;
3529 5509 3724 5565 τεχνας

2147 5565 2254 5619 dici
2286 5567 2540 5620 existimo
2567 5581 2687 5634 quae
2717 5566 2997 5636 ἀγοραῖοι,
3030 5509 3294 5634 {dvenam
3314 5603 3328 5629 ,
3376 5576 3432 5618 et
3470 5565 3724 5636 vulgares

2152 5636 2512 5706 appellantur,
2549 5649 2777 5704 quaeque
2805 5635 2858 5688 in
2892 5645 3102 5706 quaestu
3129 5635 3400 5704 faciendo,
3415 5647 3470 5690 ct
3499 5635 3722 5704 compa-

2153 5705 2328 5760 rando
2357 5706 2499 5760 victu
2529 5716 2888 5773 occupantur.
2919 5705 3181 5758 Hunnus.
