4086 6412
560 445 580 499 i
597 442 700 498 295

2007 422 2344 481 ORlG-ENIS

3690 418 3832 478 i296

557 565 736 636 priora
763 560 1014 617 mandata
1041 569 1169 614 tunc
1191 570 1220 612 a
1240 554 1472 610 Domino
1498 567 1685 608 revera
1705 550 2130 621 pronuntiatum

2237 545 2371 614 ἐρεῖ,
2404 543 2486 596 ὅτι
2511 541 2693 614 ἡρέμα
2730 541 2835 595 ικαὶ
2878 539 3099 611 ἀμέσως
3145 534 3360 605 ἐλέγξαι
3421 534 3748 608 βουλόμενος
3802 539 3835 593 ὁ

560 657 730 710 fuisse
758 652 1070 716 contendet,
1089 649 1444 703 Servatorem
1493 654 1742 700 nostrum
1798 641 2006 712 inquiet
2053 641 2136 694 di-

556 751 718 802 vitem
748 747 894 800 hunc
928 744 1138 807 leuiter,
1169 750 1222 795 et
1248 739 1452 793 nullius
1491 735 1810 806 interposita
1850 748 2014 802 opera
2046 732 2134 785 in-

555 854 778 908 crepare
811 837 1101 900 volentem,
1136 841 1420 903 propterea
1447 829 1593 899 quod
1627 828 1945 881 mandatum
1991 823 2132 877 hoc:

560 949 577 980 ι
603 929 801 1000 Diliges
829 927 1138 998 proximum
1188 932 1340 978 tuum
1371 921 1515 975 sicut
1539 919 1824 988 teipsum,»
1859 933 1888 970 a
1933 931 1992 970 se
2021 931 2136 970 ser-

554 1029 738 1074 vatum
772 1018 945 1074 fuisse
974 1018 1185 1080 dicens,
1241 1029 1405 1069 verax
1471 1028 1578 1066 non
1633 1011 1844 1074 fuisset,
1876 1008 1924 1061 id
1965 1008 2010 1062 ei
2053 1006 2135 1060 di-

554 1114 701 1168 xisse
730 1112 808 1165 ὀε
843 1129 860 1162 ι
894 1108 951 1164 Si
977 1109 1061 1163 vis
1090 1105 1361 1178 perfectus
1397 1119 1540 1168 esse,
1600 1103 1753 1164 vade,
1810 1099 1980 1153 vende
2013 1112 2135 1168 quae

555 1202 744 1268 habes,
780 1211 834 1256 et
879 1201 947 1256 da
969 1198 1300 1270 pauperibus
1328 1213 1342 1263 ;
1380 1214 1398 1246 ι
1439 1211 1506 1249 eo
1529 1194 1622 1249 sed
1653 1195 1797 1248 enim
1833 1201 1988 1262 pacto
2019 1206 2135 1244 ser-

551 1307 714 1346 vasse
745 1301 794 1346 te
820 1291 1136 1344 mandatum
1163 1289 1304 1343 hoc:
1346 1303 1364 1336 ι
1402 1285 1601 1356 Diliges
1635 1284 1939 1353 proximum
1978 1290 2130 1336 tuum

555 1384 698 1438 sicut
732 1382 1022 1450 teipsum,»
1057 1395 1182 1435 vere
1221 1379 1426 1433 dixisse
1456 1375 1745 1430 videberis.

606 1475 716 1528 1'5.
749 1472 902 1539 Quod
936 1474 979 1527 si
1000 1473 1124 1542 quis
1151 1472 1218 1526 ad
1245 1472 1535 1524 humanam
1561 1468 1927 1524 inﬁrmitatem
1951 1474 2129 1520 atten-

555 1566 711 1628 dens,
743 1573 795 1618 et
817 1562 882 1616 ad
905 1563 1270 1617 diﬁicultatem
1295 1560 1369 1614 rei
1392 1559 1662 1627 ejusmodi
1700 1559 1970 1628 gerendae,
2001 1573 2126 1626 per--

557 1655 808 1708 feetionis
834 1655 886 1708 in
922 1653 1032 1706 Deo
1064 1651 1426 1721 adipiscendae
1480 1652 1675 1721 gratia,
1702 1650 1866 1704 verba
1909 1649 2128 1718 quidem

558 1749 811 1818 negligat,
837 1747 902 1800 ad
958 1744 1249 1814 allegorias
1283 1751 1463 1796 autem
1524 1742 1768 1796 animum
1823 1751 2126 1807 convertat,

554 1841 812 1908 pudorem
843 1838 891 1892 ei
921 1837 1138 1907 jactatae
1165 1835 1414 1903 quadam
1437 1850 1479 1887 τι
1535 1833 1830 1904 gentilibus
1885 1832 2129 1887 historiae

2238 635 2430 706 Σωτὴρ
2451 634 2608 705 ἡμῶν
2630 632 2721 686 τόν
2743 631 2997 685 πλούσιον
3019 632 3243 692 ἐκεῖνον,
3271 628 3345 692 ὡς
3373 628 3473 680 οὐκ
3499 628 3833 699 ἀληθεύοντα

2238 727 2297 778 ὲν
2325 725 2402 794 τῷ
2454 723 2735 796 εἰρηκέναι
2777 723 2870 775 καὶ
2895 723 3015 793 τὴν,
3045 740 3063 772 ι
3114 721 3447 792 Ἀγαπήσεις
3479 719 3570 772 τὸν
3603 719 3832 792 πλησίον

2240 833 2330 868 σου
2357 814 2698 878 ὼςτσεαυτὸν,
2730 833 2747 865 ι
2775 813 2994 882 ἐντολὴν
3019 811 3400 883 τετηρηκέναι,
3425 809 3528 880 ἔφη
3569 810 3722 882 αὐτῷ
3748 812 3828 865 τό·

2243 927 2260 959 ι
2302 910 2362 961 Εἰ
2411 908 2584 971 θέλεις
2630 907 2833 970 τέλειος
2886 901 3048 968 εἶναι,
3093 903 3294 972 ὕπαγε,
3335 901 3588 972 πώλησόν
3626 919 3720 955 σου
3764 905 3832 956 τὰ

2238 1001 2570 1072 ὑπάρχοντα,
2602 999 2695 1052 καὶ
2734 999 2823 1061 δὸς
2871 1001 3126 1068 πτωχοῖς·
3174 1016 3191 1048 ι
3248 995 3422 1060 οὕτως
3455 995 3568 1068 γὰρ
3611 999 3830 1072 φανήσῃ

2235 1092 2513 1162 ἀληθεύων
2536 1093 2662 1164 περὶ
2690 1091 2802 1154 τοῦ,
2828 1110 2845 1142 ι
2871 1091 3201 1161 Ἀγαπήσεις
3221 1090 3333 1160 (50)
3357 1089 3447 1142 τὸν
3477 1089 3704 1160 πλησίον
3733 1108 3827 1144 σου

2235 1183 2309 1247 ὡς
2339 1183 2561 1237 σεαυτὸν
2594 1202 2612 1233 ›
2642 1183 2860 1254 ἐντολὴν
2881 1181 3264 1253 τετηρηκέναι.

2317 1459 2443 1512 Ἐὰν
2477 1459 2534 1513 δέ
2577 1476 2680 1522 τις,
2717 1461 2782 1529 τῇ
2827 1458 3140 1530 ἀνθρωπίνῃ
3176 1458 3377 1530 ἐνορῶν
3418 1459 3699 1532 ἀσθενείᾳ,
3733 1460 3829 1516 καὶ

2232 1551 2311 1620 τῷ
2347 1551 2618 1614 δυσκόλως
2654 1551 2717 1604 ἄν
2767 1567 2888 1602 τινα
2932 1550 2988 1603 τὸ
3025 1549 3264 1604 τοιοῦτον
3308 1551 3449 1617 ὑπὲρ
3489 1553 3591 1622 τῆς
3621 1551 3832 1623 ἐν

2231 1643 2568 1713 τελειότητος
2602 1642 2850 1712 ποιῆσαι,
2880 1635 3194 1713 καταφρονῇ
3226 1642 3324 1712 μὲν
3345 1642 3445 1713 τῆς
3463 1642 3682 1707 λέξεως,
3708 1644 3835 1714 τρέ-

2232 1751 2404 1805 πηται
2445 1734 2502 1788 δὲ
2559 1734 2646 1787 ἐπ’
2692 1733 3044 1805 ἀλληγορίας,
3082 1732 3542 1804 δυσωπηθήσεται
3578 1734 3642 1787 ἔκ
3668 1750 3833 1787 τινων

2232 1829 2325 1880 καὶ
2358 1826 2685 1897 Ἑλληνικῶν
2708 1825 2980 1898 ἱστοριῶν,
3010 1828 3068 1878 ὲν
3090 1821 3179 1889 οἷς
3199 1825 3286 1878 διά
3308 1826 3407 1896 τὴν
3439 1827 3569 1897 παρ’
3605 1825 3832 1897 Ἕλλησι

553 1933 819 2002 injicient,
861 1930 915 1983 in
947 1927 1422 1999 quilms-feruntur
1455 1926 1723 1992 nonnulli,
1763 1926 1833 1979 ob
1866 1925 2130 1994 praedica-

2236 1919 2428 1987 σοφίαν
2468 1916 2580 1989 (5|)
2619 1916 2960 1989 ίστοροῦνταί
2994 1934 3141 1982 τινες
3178 1919 3241 1970 τὸ
3271 1917 3506 1972 ἐνταῦθα
3537 1918 3615 1989 τῷ
3658 1919 3830 1972 πλου-

517 2038 662 2080 .tam
701 2023 842 2094 apud
895 2021 1123 2092 gentiles
1170 2018 1520 2086 sapientiam,
1571 2015 1710 2069 idem
1747 2016 1879 2069 illud
1932 2015 2128 2085 egisse,

523 2117 698 2188 [quod
727 2115 878 2169 diviti
941 2113 1028 2167 hic
1066 2127 1096 2165 a
1132 2109 1422 2164 Servatore
1470 2107 1806 2178 praecipitur.
1857 2105 2130 2161 Cratetcm

553 2211 700 2263 enim
717 2206 1037 2260 Thebanum
1073 2201 1275 2268 ferunt,
1295 2215 1420 2254 cum
1447 2199 1713 2254 libertatis
1737 2199 2134 2269 consequendae

555 2315 721 2355 causa
754 2313 916 2368 parce
933 2307 982 2352 et
1015 2295 1298 2365 frugaliter
1319 2293 1540 2347 vivendi
1587 2293 1856 2348 rationem
1891 2293 2128 2358 iniisset,

555 2407 784 2460 seseque
813 2392 1028 2444 beatum
1059 2386 1285 2452 Graecis,
1317 2393 1379 2439 ut
1405 2383 1627 2454 quidem
1656 2385 1842 2438 animo
1877 2384 2130 2454 ﬁngebat,

556 2493 611 2534 et
639 2482 844 2536 nullius
869 2481 1197 2550 indigentem
1251 2475 1329 2530 rei
1381 2483 1640 2545 praestare
1689 2475 1870 2539 vellet,
1929 2475 2132 2528 distra-

552 2587 669 2629 etas
698 2587 910 2635 onmes,
964 2586 1028 2626 ac
1061 2570 1368 2625 divenditas
1413 2568 1700 2623 facultates
1746 2565 2131 2620 Thebanorum

544 2665 756 2735 populo
823 2677 1114 2732 erogasse,
1177 2675 1306 2715 cum
1372 2659 1538 2714 simul
1612 2657 1665 2712 id
1738 2658 2131 2727 praedicasset:

555 2776 574 2805 ι
607 2756 878 2809 Cratrtem
926 2753 1088 2808 hodie
1136 2750 1326 2806 Crates
1381 2750 1628 2804 libertate
1671 2748 1858 2802 donat.
1905 2767 1924 2800 ι
1977 2746 2134 2814 Quod

550 2847 714 2919 673
746 2847 792 2901 si
839 2857 1057 2916 propter
1108 2843 1361 2913 gentilem
1406 2840 1748 2910 sapientiam,
1792 2848 1846 2894 et
1880 2839 2134 2906 dogmata

554 2940 850 2992 humanam
897 2936 1136 2989 animam
1183 2930 1538 2994 trucidantia,
1585 2945 1701 2983 rem
1738 2929 2006 2998 ejusmodi
2036 2929 2137 2982 ali-

554 3028 678 3097 quis
706 3026 1040 3096 designavit;
1075 3033 1280 3093 quanto
1319 3023 1494 3093 magis
1541 3021 1594 3075 id
1635 3020 1808 3075 facere
1838 3029 2017 3091 potest
2039 3020 2134 3090 qui

557 3119 612 3172 in
637 3116 1000 3185 comparanda
1034 3112 1371 3183 perfectione
1418 3113 1658 3166 studium
1703 3125 1860 3165 suum
1910 3127 1976 3166 ac
2003 3125 2134 3181 ope-

555 3221 674 3260 ram
715 3202 906 3273 ponit?
937 3201 1031 3256 Sin
1065 3201 1264 3255 divina:
1311 3199 1611 3270 Seripturae
1649 3198 1793 3254 vires
1824 3199 1875 3253 id
1913 3209 2132 3256 nostras

555 3295 978 3363 haudquaquam
1007 3306 1266 3362 superare
1293 3291 1509 3345 docenti
1543 3290 1701 3345 ﬁdem
1742 3291 1942 3360 aliquis
1978 3292 2134 3346 adhi-

535 3387 684 3443 'bere
714 3387 850 3450 vult,
876 3385 1060 3439 audiat
1086 3399 1208 3453 quae
1246 3383 1298 3437 in
1336 3383 1482 3437 Actis
1512 3383 1883 3452 apostolorum
1920 3399 1950 3437 a
1984 3381 2130 3440 Luca

533 3481 625 3537 ..de
675 3480 742 3537 iis
787 3487 1305 3544 commemorantur,
1351 3491 1492 3547 quos
1538 3475 1768 3546 apostoli
1814 3476 1880 3530 ad
1929 3476 2134 3547 ample-

2235 2011 2335 2082 σίῳ
2367 2010 2472 2063 ὑπὸ
2499 2009 2590 2062 τοῦ
2643 2010 2896 2081 Σωτῆρος
2944 2010 3232 2081 είρημένον
3263 2011 3644 2081 πεποιηκέναι.
3676 2011 3831 2084 Κρά-

2231 2119 2371 2174 τητα
2413 2102 2522 2176 γὰρ
2570 2101 2660 2155 τὸν
2697 2102 2933 2172 Θηϐαῖον
2979 2101 3093 2172 (52)
3127 2102 3380 2172 ἑλόμενον
3409 2102 3477 2154 δι’
3519 2101 3832 2173 ἐλευθερίαν

2234 2188 2330 2241 καὶ
2357 2189 2707 2261 παράδειγμα
2729 2189 2980 2253 εὐτελοῦς
3016 2190 3153 2260 βίου,
3178 2192 3293 2254 καὶ,
3336 2190 3414 2254 ὡς
3452 2190 3609 2261 ᾤετο,
3651 2193 3833 2262 μακά-

2237 2297 2351 2352 ριον
2375 2281 2564 2335 ἑαυτὸν
2585 2282 2935 2354 παραστῆσαι
2963 2281 3286 2353 βουλόμενον
3313 2285 3425 2345 τοῖς
3455 2282 3706 2352 Ἕλλησι,
3729 2301 3830 2354 μη-

2233 2372 2382 2436 δενὸς
2403 2373 2692 2444 χρῄζοντα,
2723 2375 2887 2444 φασιν
2915 2374 3250 2444 ἀποδόμενον
3280 2376 3462 2428 πᾶσαν
3506 2375 3608 2446 τὴν
3640 2375 3831 2427 οὐσίαν

2232 2464 2316 2536 τῷ
2343 2464 2596 2536 Θηϐαίων
2629 2467 2788 2537 δήμῳ
2815 2466 3172 2538 δεδωρῆσθαι,
3218 2467 3355 2537 μετὰ
3395 2465 3489 2520 τοῦ
3519 2466 3830 2538 είρηκέναι,

2233 2557 2338 2624 ὅτι,
2366 2575 2384 2609 ι
2413 2558 2661 2630 Σήμερον
2681 2561 2709 2612 ό
2731 2559 2961 2630 Κράτης
2992 2559 3256 2630 Κράτητα
3285 2559 3579 2630 ἐλευθεροῖ.
3616 2579 3633 2610 ι
3657 2560 3832 2631 Εἴπερ

2233 2647 2289 2701 δὲ
2323 2648 2390 2702 δι’
2450 2649 2771 2721 Ἑλληνικὴν
2822 2650 3033 2718 σοφίαν,
3083 2650 3177 2703 καὶ
3235 2651 3481 2720 δόγματα
3513 2649 3704 2704 ἑλόντα
3730 2650 3832 2722 τὴν

2233 2739 2410 2813 ψυχὴν
2449 2740 2740 2812 ἀνθρώπου
2785 2741 2847 2794 τὸ
2874 2739 3113 2795 τοιοῦτόν
3141 2759 3227 2805 τις
3243 2741 3539 2813 πεποίηκε,
3568 2741 3684 2806 πῶς
3710 2742 3833 2812 οὐχὶ

2238 2833 2439 2903 μᾶλλον
2471 2833 2694 2886 δυνατὸν
2732 2832 2793 2886 τὸ
2836 2833 3076 2886 τοιοῦτον
3130 2833 3336 2905 πρᾶξαί
3375 2851 3499 2888 τινα
3549 2832 3834 2904 μνώμενον

2235 2926 2415 2997 ἑαυτῷ
2445 2927 2545 2997 τὴν
2587 2926 2938 2997 τελειότητα;
2999 2926 3062 2980 Εἰ
3109 2926 3165 2980 δὲ
3221 2929 3315 2979 καὶ
3359 2927 3469 2980 ἀπὸ
3527 2926 3627 2998 τῆς
3681 2925 3832 2989 θείας

2234 3019 2459 3091 Γραφῆς
2483 3018 2773 3089 πεισθῆναί
2796 3037 2880 3083 τις
2911 3018 3154 3089 βούλεται
3200 3021 3328 3091 περὶ
3361 3019 3453 3072 τοῦ
3489 3021 3710 3092 σπέρμα
3747 3020 3834 3072 δυ·

2233 3110 2392 3165 νατδν
2413 3107 2634 3164 εἶναιτὸ
2657 3111 2898 3165 τοιοῦτον
2927 3112 3060 3182 (55),
3094 3111 3385 3165 ἀκουσάτω
3425 3111 3535 3166 τῶν
3583 3114 3830 3183 ἱστορου-

2160 3242 2201 3300 C
2239 3203 2414 3274 μένων
2451 3203 2558 3256 ὑπὸ
2591 3202 2683 3257 τοῦ
2718 3204 2902 3256 Λουκᾶ
2943 3205 3000 3256 ὲν
3030 3205 3150 3266 ταῖς
3191 3203 3300 3257 τῶν
3343 3204 3655 3258 ἀποστόλων
3684 3203 3844 3272 Πρά-

2239 3295 2374 3360 ξεσι
2455 3294 2584 3364 περὶ
2615 3294 2722 3347 τῶν
2755 3295 3176 3366 προτραπέντων
3206 3295 3310 3348 ὑπὸ
3337 3295 3436 3366 τῆς
3465 3297 3522 3349 ὲν
3550 3299 3661 3359 τοῖς
3693 3297 3830 3349 ἀποο

2242 3385 2449 3448 στόλοις
2473 3385 2756 3456 δυνάμεως
2785 3385 3082 3449 πιστεύειν,
3123 3387 3216 3439 καὶ
3259 3385 3406 3455 βιοῦν
3441 3387 3663 3448 τελείως
3691 3386 3832 3440 κατά

2238 3477 2330 3531 τὸν
2345 3475 2518 3548 Ἰησοῦ
2535 3475 2708 3546 λόγον’
2731 3477 2902 3541 οὕτως
2921 3477 2966 3532 δ’
2983 3477 3094 3548 ἔχει
3113 3479 3178 3531 τὰ
3197 3477 3335 3548 ρητά
3353 3476 3487 3548 (54)·
3509 3495 3528 3528 ι
3551 3478 3760 3542 Πάντες
3773 3479 3833 3532 δὲ

1753 3651 1997 3710 ’V'ETUS
2035 3650 2619 3709 INTERPRETATIO.

555 3804 844 3872 Quomodo
876 3801 1014 3857 dicis
1051 3817 1066 3856 :
1100 3799 1296 3872 Legem
1329 3799 1433 3872 feci
1464 3808 1518 3854 et
1543 3799 1881 3872 prophetas?
1915 3799 2178 3872 quoniam
2221 3799 2486 3872 scriptum
2519 3809 2602 3856 est
2630 3799 2684 3854 in
2718 3799 2835 3870 lege
2865 3799 3115 3872 :Diliges
3144 3800 3454 3872 proximum
3504 3809 3657 3854 tuum
3687 3800 3834 3857 sicut

522 3863 811 3944 .tcipsum,
851 3883 906 3927 et
952 3886 1092 3944 ecce
1135 3863 1292 3944 m'ulti
1351 3863 1558 3925 fratres
1580 3863 2036 3944 tui__ﬁlii)Abraihae
2064 3869 2246 3944 amicti
2269 3863 2406 3944 su'nt
2452 3880 2719 3944 stercore,
2769 3863 3065 3944 morientes
3086 3863 3196 3942 pr'ae
3219 3869 3382 3944 fame,
3413 3877 3472 3944 et
3497 3872 3710 3944 domus
3737 3881 3829 3944 tua

526 3939 716 4015 .plena
745 3953 829 3998 est
863 3943 1053 4015 multis
1083 3941 1262 4015 bonis,
1295 3951 1348 3994 et
1380 3955 1486 4015 non
1518 3940 1792 4015 egreditur
1821 3939 2048 4015 omnino
2077 3940 2279 4015 aliquid
2327 3955 2392 3994 ex
2420 3955 2488 3996 ea
2535 3941 2602 4015 ad
2635 3955 2747 4015 eos.
2775 3939 2840 3994 Et
2874 3939 3177 4015 conversus
3220 3940 3360 3995 dixit
3420 3939 3632 3995 Simoni
3663 3943 3830 4015 disci-

560 4007 691 4083 pulo
720 4029 823 4068 suo
849 4012 1058 4067 sedenti
1091 4011 1231 4083 apud
1267 4024 1326 4065 se
1361 4028 1374 4063 :
1407 4007 1618 4083 Simon,
1652 4009 1726 4063 ﬁli
1753 4007 1982 4070 Joanne,
2013 4007 2229 4083 facilius
2257 4022 2340 4083 est
2387 4011 2654 4083 camelum
2689 4010 2896 4064 intrare
2935 4026 3029 4080 per
3062 4011 3310 4083 foramen
3331 4026 3503 4083 acus,
3547 4027 3714 4083 quam
3745 4012 3828 4064 di-

549 4076 724 4138 i'item
769 4085 822 4138 in
855 4097 1084 4152 regnum
1121 4076 1690 4152 emtortnn.i_Verum
1723 4089 1808 4152 est
1845 4093 1976 4148 ergo
2004 4079 2134 4147 quia
2169 4095 2276 4133 non
2312 4079 2741 4152 implevitgdives
2776 4076 3107 4152 mandatum
3137 4099 3152 4135 :
3178 4150 3189 4152 _
3216 4099 3236 4132 ι
3281 4076 3497 4152 Diliges
3512 4076 3825 4152 proximum

556 4155 880 4232 tuumsicut
918 4149 1208 4232 teipsum,»
1243 4149 1335 4230 qui
1363 4149 1562 4232 multos
1588 4149 1835 4232 despexit
1869 4164 2157 4232 pauperes,
2190 4158 2244 4232 et
2277 4149 2402 4232 non:
2417 4161 2499 4206 est
2524 4149 2882 4232 eisupartitus
2907 4149 3112 4231 aliquid
3139 4150 3227 4232 Ade
3253 4149 3422 4232 tantis
3469 4149 3827 4232 facultatibus

557 4226 696 4279 suis.
729 4219 1070 4301 lnipussibile
1097 4230 1180 4274 est
1208 4219 1353 4300 enim
1389 4228 1443 4301 et
1480 4219 1705 4301 implere
1735 4220 2061 4301 mandatum
2082 4219 2227 4301 quod
2269 4220 2405 4301 dicit
2434 4239 2446 4274 :
2512 4238 2530 4270 ι
2568 4219 2768 4290 Diliges
2791 4221 3098 4301 proximum
3135 4229 3301 4301 tuum.
3343 4221 3484 4301 sicut
3512 4223 3769 4301 teipsuin,
3803 4240 3822 4272 ι

556 4304 610 4348 ct
635 4309 758 4348 esse
801 4289 1044 4355 divitem,
1072 4303 1126 4345 et
1148 4289 1386 4360 maxime
1416 4297 1593 4343 tantas
1621 4290 2002 4360 possessiones
2049 4289 2266 4343 habere.
2298 4289 2408 4360 Qui
2439 4305 2567 4360 ergo
2591 4289 2698 4360 non
2724 4289 3000 4344 existimat
3029 4305 3150 4344 esse
3193 4290 3562 4358 abjiciendum
3591 4289 3824 4360 verbum

533 4365 661 4418 .hoc
706 4363 864 4432 quasi
905 4361 1100 4432 falsum
1137 4380 1150 4415 ε
1209 4378 1227 4411 ι
1263 4357 1462 4427 Diliges
1507 4359 1826 4432 proximum
1868 4367 2018 4413 tuum
2071 4360 2212 4412 sicut
2241 4357 2564 4432 teipsumii
2607 4357 2699 4432 se'd
2761 4360 3129 4429 recipiendum
3190 4357 3351 4430 quasi
3386 4377 3590 4432 verum
3652 4376 3682 4414 a
3710 4359 3827 4432 Du-

558 4429 992 4494 mino'dictum,
1045 4431 1206 4495 dicet,
1263 4445 1368 4481 non
1416 4429 1552 4483 satis
1597 4429 1907 4498 arguitione
1955 4439 2165 4498 reperta
2195 4469 2210 4493 ,
2270 4429 2528 4497 quoniam
2583 4430 2831 4483 strictum
2882 4437 2937 4481 et
2980 4445 3087 4482 non
3130 4429 3264 4485 satis
3313 4431 3585 4485 0dibiliter
3635 4430 3828 4486 volens

538 4516 790 4568 .arguere
814 4499 1032 4568 divitem
1060 4500 1211 4552 illum
1244 4498 1505 4553 Dominus
1541 4511 1724 4552 noster
1751 4499 1909 4568 quasi
1945 4514 2053 4552 non
2077 4514 2202 4553 vera
2243 4499 2535 4564 dicentem,
2573 4500 2718 4564 quod
2769 4502 2844 4553 ait
2865 4514 2924 4552 se
2954 4500 3266 4568 implevisse
3298 4503 3460 4554 etiam
3493 4502 3623 4555 illud
3667 4515 3826 4553 man-

559 4567 748 4649 datum
781 4587 793 4622 :
831 4588 848 4618 ι
881 4567 1413 4649 Diligesproximum
1453 4567 1800 4649 tulimusicnt
1830 4569 2132 4649 rte-ipsum,»
2166 4569 2304 4623 dixit
2456 4585 2580 4649 eum
2619 4586 2633 4622 :
2665 4587 2681 4619 ι
2724 4569 2780 4623 Si
2825 4569 2904 4624 vis
2955 4567 3402 4649 perlectus-esse.
3446 4570 3828 4649 vadervende

558 4643 743 4692 omnia
768 4655 888 4707 quae
926 4639 1190 4710 possides,
1228 4649 1282 4691 et
1310 4638 1786 4708 dapauperibus.)
1828 4638 1921 4694 Sic
1956 4639 2101 4692 enim
2131 4640 2418 4709 apparebis
2465 4640 2647 4694 dicere
2678 4654 2889 4704 verum,
2923 4638 2970 4692 si
3019 4640 3282 4707 dilexisti,
3314 4649 3410 4695 aut
3432 4640 3614 4710 diligis
3639 4639 3829 4708 proxi—

558 4725 708 4763 mum
735 4719 884 4762 tuum
911 4711 1049 4762 sicut
1079 4709 1329 4776 teipsum.

634 4782 716 4834 15.
752 4779 807 4832 Si
849 4779 973 4848 quis
997 4786 1178 4831 autem
1209 4776 1481 4848 aspiciens
1530 4779 1825 4833 humanam
1884 4777 2276 4842 inﬁrmitatem,
2312 4788 2366 4832 et
2397 4777 2614 4834 diﬂicile
2656 4778 2761 4834 hoc
2808 4789 3006 4848 putans
3059 4779 3336 4834 hominem

3424 4793 3546 4832 osse
3574 4775 3823 4842 implere,

557 4850 811 4920 dispiciat
842 4845 1026 4913 verba,
1052 4857 1106 4900 et
1127 4848 1193 4920 ad
1223 4845 1569 4920 allegoricum
1597 4865 1654 4903 se
1682 4849 2017 4920 intellectum
2049 4858 2366 4920 convertat:
2402 4850 2589 4920 audiat
2613 4849 2779 4920 etiam
2809 4845 3094 4920 historiam
3126 4845 3488 4920 quorumdam
3517 4845 3824 4920 gentilium,

550 4922 614 4976 .in
649 4915 762 4989 qua
795 4929 1015 4989 propter
1045 4915 1370 4987 sapientiam
1394 4919 1592 4972 .mundi
1630 4918 1894 4982 referunt,
1923 4918 2076 4986 .quod
2101 4918 2189 4972 hic
2217 4916 2482 4975 Dominus
2519 4918 2673 4974 diviti
2725 4919 2904 4975 facere
2938 4915 3179 4988 mandat,
3206 4915 3494 4988 quemdam

611 5036 672 5067 "°
699 5034 893 5090 Matth.
931 5051 985 5101 x,
1011 5035 1101 5090 il.

628 5148 742 5221 (50)
774 5149 912 5221 ῌερί
945 5150 1074 5211 τοῦ,
1115 5149 1485 5221 Ἀγαπήσεις,
1519 5160 1624 5205 etc.
1659 5149 1820 5205 Forte
1851 5151 2139 5221 legendum

559 5218 830 5291 περὶτοῦ,
854 5219 971 5291 τὴν,
1019 5218 1366 5291 Ἀγαπήσεις.

611 5285 744 5370 ζζδι)
779 5290 873 5342 Ἐν
895 5285 984 5355 οἷς
1008 5285 1105 5343 διὰ
1134 5285 1247 5359 τὴν
1277 5294 1413 5359 παρ’
1443 5292 1697 5358 Ἕλλησι
1729 5291 1973 5359 σοφίαν.
2004 5289 2047 5344 δῖ
2053 5289 2140 5347 ide

554 5358 972 5429 -lliet0itytuum.
1198 5358 1202 5359 ί
1360 5358 1366 5359 ί

559 5500 568 5501 7
633 5429 1054 5501 (52)]ῴὰτητα
1101 5430 1228 5501 γὰρ⁸
1254 5429 1362 5483 τὸν
1397 5429 1684 5497 Θηϐαῖον,
1719 5439 1822 5484 rte.
1847 5430 2130 5496 Origenes,

558 5500 654 5554 lib.
680 5499 937 5554 "Contra
953 5499 1192 5564 Celsum;
1214 5499 1590 5564 Philostratus,
1610 5502 1701 5553 lib.
1723 5515 1762 5563 ι,
1790 5516 1907 5570 cap.
1939 5501 2024 5562 10,
2065 5501 2138 5553 De

559 5570 862 5637 vit..4poll.;
883 5571 1146 5636 Diogenes
1163 5571 1366 5636 Laert.,
1398 5571 1490 5623 lib.
1511 5586 1592 5636 vt;
1623 5570 1966 5630 Plutarchus,
1996 5572 2134 5636 Περὶ

559 5639 667 5717 τοῦ
695 5638 779 5717 μὴ
813 5639 1200 5717 δανείζεσθαι,
1223 5650 1288 5717 et
1330 5644 1628 5717 praesertim
1653 5640 1868 5717 Suidas
1897 5659 1908 5694 :
1939 5640 2128 5717 ᾼὺτὸς,

563 5709 773 5774 inquit,
816 5709 1138 5763 ,καταλιπὼν
1184 5711 1282 5781 τὴν
1327 5709 1518 5763 οὐσίαν
1575 5710 1894 5780 μηλόϐοτον,
1943 5709 2131 5778 ἀρθεὶς

561 5767 776 5846 επλίτοῦ
822 5777 1006 5846 βωμοῦ
1044 5776 1214 5833 εἶπεν·
1262 5780 1565 5846 Ἐλευθεροῖ
1603 5781 1866 5846 Κράτητα
1895 5780 2130 5846 Θηϐαῖον

562 5797 654 5826 cm
684 5797 776 5828 τοι.»
822 5797 1006 5846 ρωμου
1044 5797 1214 5833 ειπεν·
1276 5797 1561 5849 ιΑευυεροι
1603 5797 1866 5850 Apamea.
1895 5797 2129 5850 υηοαιον

562 5845 806 5914 Κράτης.
840 5866 857 5896 ι
901 5847 1039 5901 Cum
1085 5850 1228 5904 enim
1277 5854 1390 5918 ipse
1421 5865 1580 5919 agros
1613 5865 1742 5904 suos
1775 5851 2005 5904 incultos
2036 5851 2129 5904 de-

3574 4916 3823 4970 hebaeum

2251 5151 2534 5216 seruisset,
2581 5153 2728 5207 rdito
2771 5153 2894 5207 loco
2937 5162 3274 5212 conscenso,
3314 5147 3451 5202 dixit
3497 5163 3510 5199 :
3549 5148 3822 5207 Cratetem

2249 5219 2568 5275 Thebanum
2600 5222 2791 5278 Crates
2818 5224 3066 5276 Lbertate
3085 5220 3272 5272 donat.
3308 5237 3326 5268 ›
3361 5218 3625 5274 Ηυετιυε.

2320 5291 2597 5413 (ὗὸζῖηερί
2629 5294 2733 5348 τοῦ
2762 5293 3002 5359 σπέρμα
3045 5288 3306 5342 δυνατὸν
3345 5285 3496 5344 εἶναι
3528 5291 3594 5342 τὸ
3632 5292 3824 5346 r0006-

2320 5379 2372 5413 ν.
2456 5371 2579 5413 etus
2633 5364 2900 5413 interpres
2943 5379 3008 5413 τι
3057 5357 3114 5412 Si
3165 5368 3347 5413 autcm
3405 5369 3462 5413 et
3509 5361 3576 5413 de
3623 5362 3824 5413 divinis

2246 5357 2372 5433 top.
2411 5357 2579 5416 venis
2633 5357 2954 5433 interpres:
2989 5379 3008 5411 ι
3055 5357 3114 5433 _Si
3165 5368 3347 5433 autom
3405 5369 3462 5413 et
3509 5361 3826 5433 deudrivinis

2250 5432 2550 5500 Scripturis
2581 5429 2790 5500 placari
2828 5433 2952 5502 quis
2982 5431 3128 5502 vult,
3144 5429 3403 5502 quoniam
3444 5431 3703 5502 possibile
3741 5441 3826 5488 est

2245 5499 2389 5570 quod
2427 5499 2680 5570 praecepit
2723 5499 2997 5556 Christus.
3044 5521 3065 5554 ο
3101 5499 3229 5562 Pro,
3264 5499 3505 5570 σπέρμα,
3535 5499 3822 5570 legendum

2241 5569 2417 5692 {ot-rt,
2469 5569 2732 5641 πρᾶγμα,
2769 5580 2851 5625 vel
2885 5573 3104 5642 χρῆμα,
3150 5572 3235 5625 νιι
3279 5569 3483 5639 aliquid
3523 5569 3820 5646 ejusmodi.

2264 5657 2316 5692 ο.

2264 5657 2316 5694 D.

2309 5710 2422 5780 (54)
2469 5710 2663 5776 Ῥητὰ.
2691 5709 2869 5764 Codev
2897 5710 3127 5778 Regius,
3157 5711 3398 5780 ῥήματα.
3426 5708 3574 5775 Mox,
3604 5709 3724 5780 Act.
3759 5725 3821 5774 tt,

2237 5778 2327 5849 ιι,
2367 5778 2527 5848 paulo
2569 5783 2725 5834 aliter
2770 5781 3003 5849 legitur:
3047 5778 3259 5842 Πάντες
3301 5782 3356 5832 δὲ
3388 5782 3438 5831 οἱ
3471 5778 3824 5844 πιστεύοντες

2232 5845 2377 5920 ἦσαν
2405 5850 2494 5912 ἐπὶ
2525 5850 2584 5902 τὸ
2613 5850 2762 5916 αὐτὸ,
2792 5845 2884 5903 καὶ
2918 5846 3059 5918 εἶχον
3090 5850 3302 5904 ἅπαντα
3329 5849 3501 5904 κοινά.
