4086 6408
334 349 471 406 i297

1324 339 1681 399 COMMENT.
1723 339 1786 393 IN
1823 336 2240 395 ΜΑΤΤΙΙΑΕΕΜ
2277 338 2516 395 TOMUS
2552 337 2666 393 XV.

3467 341 3604 396 {298

329 465 380 519 oi
423 461 820 526 πιστεύσαντες
848 461 940 516 ἐπὶ
971 460 1032 514 τὸ
1055 459 1209 526 αὐτὸ,
1253 455 1400 531 εἶχον
1441 459 1658 514 ἅπαντα
1691 461 1866 522 κοινὰ,
1903 478 1921 510 ι

2032 459 2281 514 ctendam
2317 461 2498 524 fidem,
2529 466 2584 515 et
2619 458 2786 512 vitam
2833 456 3152 528 perfectam,
3184 468 3238 515 et
3264 459 3605 516 documentis

328 557 424 609 καὶ
444 555 513 610 τὰ
534 555 687 625 ἑξῆς,
707 553 812 617 ἓως
832 551 947 606 τοῖν
961 571 980 604 t
1018 551 1303 615 Δίνοῦντες
1325 550 1418 604 τὸν
1433 551 1586 615 Θεὸν,
1609 551 1704 604 καὶ
1715 550 1928 620 ἔχοντες

329 646 493 720 χάριν
519 646 660 717 πρὸς
683 644 804 698 ὅλον
830 643 920 697 τὸν
950 642 1098 697 λαόνο
1140 661 1159 694 ι
1193 643 1287 696 καὶ
1319 642 1435 713 μετ’
1477 641 1633 710 όἈίγα
1678 641 1839 694 πάλιν
1868 641 1926 692 ἐν

329 739 397 808 τῇ
447 736 587 806 αὐτῇ
638 734 950 805 γέγραπται
995 732 1185 803 βίϐλῳ,
1219 733 1297 785 ὅτι
1341 750 1361 783 ι
1417 730 1512 784 τοῦ
1548 732 1782 803 πλήθους
1819 730 1926 783 τῶν

335 827 701 882 πιστευόντων
727 821 795 896 ἦν
822 823 1020 896 καρδία
1047 825 1144 878 κα)⁸
1167 823 1312 895 ψυχὴ
1346 823 1462 895 μία,
1504 842 1522 874 ι
1559 824 1654 876 ναὶ
1683 823 1751 876 τὰ
1777 821 1922 892 ἑξῆς,

331 918 440 980 ἓως
467 915 582 969 τοῦ·
620 933 639 966 ι
685 916 897 983 Ἤγαγε
941 914 1003 968 τὸ
1041 915 1250 985 χρῆμα,
1290 913 1384 968 καὶ
1427 914 1589 985 ἔθηκε
1623 914 1776 985 παρὰ
1801 916 1926 977 τοὺς

332 1005 664 1069 ἀποστόλους
693 1005 826 1077 (55).
859 1024 878 1058 ι
908 1002 1042 1061 Εἶτα
1075 1006 1395 1078 ἐπιφέρεται
1441 1006 1650 1070 τούτοις
1689 1007 1756 1060 τὰ
1795 1006 1926 1077 περὶ

332 1099 426 1152 τοῦ
471 1098 712 1152 Ἀνανίου
755 1099 849 1151 καὶ
898 1101 1000 1171 τῆς
1045 1099 1384 1171 Σαπφείρας,
1426 1099 1776 1170 ἀποδομένων
1824 1101 1924 1171 μὲν

332 1192 517 1261 κτῆμα
535 1191 769 1256 ἑαυτῶν,
799 1192 1214 1263 νοσφισαμένων
1241 1191 1298 1244 δὲ
1333 1191 1441 1246 ἀπὸ
1473 1193 1573 1263 τῆς
1601 1193 1791 1263 τιμῆς,
1829 1194 1926 1246 καὶ

329 1282 428 1352 οὐχ
445 1280 585 1347 ὅλον,
611 1282 749 1337 ἀλλά
780 1283 945 1355 μέρος
976 1282 1332 1354 ἀποθεμένων
1354 1282 1506 1355 παρά
1525 1285 1636 1347 τοῖς
1657 1284 1764 1336 τῶν
1790 1284 1926 1337 ἀπο-

330 1373 530 1428 στόλων
559 1376 708 1439 ποσὶ,
743 1377 837 1430 καὶ
878 1375 967 1431 διὰ
1008 1374 1166 1428 τοῦτο
1216 1375 1309 1428 ἐπὶ
1353 1373 1602 1446 ἁμαρτίᾳ.
1645 1373 1923 1428 παθόντων

327 1467 397 1520 τά
454 1469 956 1541 ἀναγεγραμμένα·
1011 1468 1151 1535 ἄξιοι
1196 1467 1304 1538 γὰρ
1351 1463 1492 1538 ἦσαν
1523 1465 1618 1518 τοῦ
1668 1468 1732 1518 ὲκ
1775 1465 1924 1530 Θείας

328 1561 636 1632 ἐπισκοπῆς
673 1561 969 1616 ἀπολαϐεῖν
1026 1559 1262 1614 ἐνταῦθα
1314 1560 1374 1612 τὸ
1406 1559 1793 1629 ἡμαρτημένον
1835 1558 1923 1612 διά

327 1653 644 1722 νοσφισμὸν,
694 1654 780 1706 ἵνα
832 1651 1204 1723 καθαρώτεροι
1253 1649 1638 1718 ἀπαλλαγῶσιν
1663 1649 1780 1702 -ἀπὺ
1823 1648 1920 1702 τοῦ

309 1741 467 1811 -βίου,
491 1744 898 1816 τιμωρηθέντες
921 1747 988 1815 τῇ
1020 1744 1378 1813 ἀπαντησάσῃ
1417 1742 1603 1804 αὐτοῖς
1641 1739 1920 1793 παιδεύσει

2029 549 2156 606 Jesu
2209 568 2507 607 consonam
2563 551 2953 608 instituendam
3021 554 3346 609 auctoritate
3397 563 3608 610 sua-et

2030 642 2232 698 virtute
2260 645 2657 714 eontpellebant
2686 661 2699 696 :
2739 643 2819 699 sic
2846 651 3026 698 autem
3071 660 3129 699 se
3163 645 3377 700 habent
3396 645 3484 699 illa
3513 647 3555 676 ⁸¹
3589 661 3601 697 :

2037 750 2054 782 ι
2090 730 2294 788 Omnes
2323 734 2484 788 etiam
2519 733 2616 803 qui
2663 735 3007 789 crediderant
3053 734 3286 804 pariter,
3335 736 3608 790 habebant

2026 828 2207 882 omnia
2234 828 2572 894 communia,
2609 847 2627 880 ι
2652 835 2706 882 ει
2728 839 2920 882 caetera
2949 843 3121 896 usque
3147 828 3212 882 ad
3245 827 3365 888 id”
3397 846 3409 881 :
3435 845 3453 879 ι
3482 826 3608 882 Col-

2027 919 2312 974 laudautes
2365 917 2569 982 Deum,
2614 927 2668 974 et
2715 919 2972 972 habentes
3011 918 3241 989 gratiam
3279 917 3352 971 ad
3385 933 3604 971 omnem

2026 1011 2258 1081 plebem.
2297 1029 2315 1062 ι
2355 1008 2422 1064 Et
2467 1025 2686 1064 rursum
2739 1010 2902 1078 paulo
2950 1017 3074 1079 post.
3125 1009 3179 1063 in
3227 1008 3417 1063 eodem
3465 1007 3606 1062 libro

2025 1103 2290 1171 scriptum
2339 1110 2424 1156 est
2454 1101 2541 1158 ⁸³;
2584 1120 2602 1153 ι
2640 1101 3006 1156 multitudinis
3057 1101 3393 1155 credentium
3435 1099 3607 1154 fuisse

2025 1209 2119 1250 cor
2147 1204 2201 1249 et
2231 1194 2468 1248 animam
2517 1209 2702 1261 unam,
2740 1213 2757 1246 ι
2790 1201 2842 1250 et
2891 1192 3098 1262 reliqua
3129 1193 3196 1247 ad
3237 1193 3350 1247 haec
3383 1208 3557 1262 usque
3589 1210 3601 1245 :

2030 1303 2050 1340 ι
2098 1283 2294 1340 Attulit
2335 1285 2605 1354 pretium,
2644 1295 2699 1341 et
2732 1286 2914 1354 posuit
2958 1296 3084 1338 ante
3123 1283 3641 1353 apostolos..rliis-
3720 1273 3728 1282 ’

2024 1375 2281 1446 deinceps
2328 1375 2558 1431 Ananiae
2598 1385 2654 1430 et
2701 1375 2985 1445 Sapphiraa
3017 1375 3273 1430 'historia
3310 1375 3606 1430 subnecti-

2026 1477 2133 1534 tur,
2168 1469 2260 1538 qui
2287 1469 2712 1538 possessionem
2761 1469 2979 1536 quidem
3031 1483 3185 1523 suam
3231 1468 3604 1529 vendiderant,

2024 1559 2262 1628 aliquam
2310 1571 2490 1613 atttem
2538 1559 2700 1629 pretii
2749 1568 2955 1628 partem
3007 1559 3457 1623 interverterant;
3508 1575 3608 1614 nec

2024 1645 2257 1715 pretium
2286 1654 2484 1711 totum,
2513 1645 2607 1700 sed
2636 1646 2948 1716 portionem.
2974 1647 3146 1714 ipsius
3184 1649 3454 1702 duntaxat
3480 1657 3608 1704 ante

2023 1737 2188 1805 pedes
2250 1737 2625 1807 apostolorum
2691 1737 3088 1806 deposuerant;
3139 1747 3192 1792 et
3241 1738 3446 1794 idcirco
3507 1755 3609 1808 pro

326 1833 386 1886 ἐν
413 1833 577 1905 κοινῷ
616 1834 852 1904 θανάτῳ,
889 1834 979 1888 διὰ
1011 1833 1073 1886 τὸ
1097 1833 1192 1886 καὶ
1227 1831 1673 1896 πεπιστευκέναι,
1704 1832 1798 1885 καὶ
1830 1830 1922 1902 μέ-

2027 1837 2247 1900 peccato
2277 1829 2331 1884 id
2363 1828 2578 1884 fuerant
2614 1828 2874 1898 perpessi-
2900 1828 3050 1898 quod-
3094 1828 3290 1883 litteris
3346 1830 3603 1884 traditum

331 1941 424 1993 ρος
446 1942 498 1978 τι
544 1924 694 1996 παρά
721 1926 848 1988 τοὺς
887 1925 1053 1988 πόδας
1092 1925 1200 1978 τῶν
1234 1923 1546 1979 ἀποστόλων
1593 1923 1919 1978 τεθεικέναι.

307 2018 492 2070 Δοκεῖ
523 2017 581 2070 δέ
627 2033 737 2087 μοι,
773 2017 854 2070 ὅτι
894 2017 1108 2070 ἀκούων
1151 2017 1400 2081 Ἀνανίας
1426 2018 1552 2080 τοὺς
1580 2017 1774 2086 λόγους
1799 2017 1923 2069 τού-

329 2124 488 2186 τους..
526 2107 614 2162 διὰ
655 2108 812 2162 τοῦτο
853 2107 1034 2162 πεσὼν
1076 2109 1371 2178 ἀπέψυξεν,
1426 2109 1548 2162 ἐπεὶ
1583 2110 1684 2162 οὐκ
1723 2109 1923 2180 ἧνεγκε

329 2199 421 2251 τὸν
449 2197 690 2270 ελεγχον,
719 2199 854 2254 ἀλλὰ
891 2199 1312 2271 βασανιζόμενος
1342 2200 1596 2254 τοσοῦτον
1629 2201 1920 2271 ἐκολάσθη,

331 2288 526 2352 καὶώς
553 2289 804 2360 exesam,
841 2290 1214 2362 καθικομένων
1245 2290 1351 2345 τῶν
1381 2291 1552 2361 λόγων
1583 2291 1790 2365 Πέτρου
1823 2293 1923 2364 τῆς

329 2377 508 2451 ψυχῆς
537 2381 723 2435 αὐτοῦ.
761 2383 867 2435 Καὶ
900 2384 962 2436 οὑ
1011 2383 1214 2454 Πέτρον
1253 2401 1318 2453 γε
1365 2384 1652 2455 νομιστέον
1689 2383 1922 2438 ἐνταῦθα

327 2471 662 2542 ἀνῃρηκέναι
702 2473 792 2526 τὸν
836 2474 1102 2540 Ἀνανίαν,
1134 2474 1250 2528 ἀλλ’
1284 2477 1491 2529 ἐκεῖνον
1534 2475 1609 2546 μὴ
1644 2475 1924 2546 ὑπομεμε-

329 2562 552 2634 νηκέναι
575 2563 674 2636 τὴν
696 2565 1036 2639 σφοδρότητα
1063 2565 1157 2618 τοῦ
1182 2565 1428 2629 είπόντος
1458 2566 1594 2639 πρὸς
1628 2567 1792 2620 αὐτὸν
1818 2566 1923 2620 Πέ-

328 2669 480 2724 τρου·
528 2673 548 2706 ι
589 2655 690 2708 Διά
719 2655 772 2708 τί
821 2658 1142 2728 ἐπλήρωσεν
1183 2659 1212 2710 6
1255 2659 1500 2721 Σατανᾶς
1543 2658 1642 2730 τὴν
1692 2659 1920 2730 καρδίαν

329 2761 453 2811 σου;
485 2765 503 2798 ι
542 2749 636 2801 καὶ
662 2748 729 2803 τά
763 2749 912 2820 ἑξῆς,
940 2749 1046 2812 ἕως
1068 2747 1182 2801 τοῦο
1209 2766 1228 2800 ι
1252 2750 1362 2802 Καὶ
1393 2749 1610 2819 ἐγένετο
1639 2750 1804 2820 φόϐος
1834 2750 1925 2823 μέ-

327 2859 431 2911 γας
462 2844 554 2896 ἐπὶ
583 2844 788 2909 πάντας
816 2846 944 2909 τοὺς
963 2846 1280 2910 ἀκούοντας.
1323 2847 1529 2911 »Εἰκὸς
1557 2847 1614 2900 δὲ
1649 2847 1788 2918 πρὸς
1819 2846 1920 2918 τὴν

328 2935 422 2990 τοῦ
460 2937 704 2992 Ἀνανίου
735 2938 1010 3004 ἀπόδοσιν,
1041 2941 1098 2992 ἐν
1190 2940 1320 3011 περὶ
1359 2939 1450 2993 τοῦ
1483 2939 1690 3012 Πέτρου
1719 2941 1919 2994 ἀπελο-

327 3027 640 3099 γησάμεθα,
660 3029 1034 3100 ένπησασθαίς
1050 3030 1158 3101 (56)
1179 3049 1301 3086 τινα
1322 3032 1410 3085 διὰ
1429 3033 1766 3104 Σάπφειραν,
1796 3035 1920 3088 ἐπεὶ

325 3117 488 3218 αὕτη,
527 3138 556 3218 ι⁸
689 3120 862 3218 εἰδυία
886 3122 947 3175 τὸ
967 3123 1212 3191 γεγονὸς,
1241 3124 1478 3195 εἰσῆλθε.
1509 3125 1619 3179 Καὶ
1643 3126 1915 3199 ἀπεκρίθη
1945 3155 1992 3218 C

327 3211 468 3282 πρὸς
499 3211 668 3284 αὐτὴν
698 3214 727 3266 6
758 3213 964 3285 Πέτρος
995 3215 1186 3284 λέγων·
1235 3217 1299 3269 Εἰ
1341 3216 1600 3270 τοσούτου
1632 3217 1693 3270 τὺ
1720 3219 1918 3290 χωρίον

326 3303 626 3371 ἀπέδοσθε;
657 3305 930 3377 Είπούσης
959 3307 1148 3378 αὐτῆς,
1177 3307 1468 3362 Τοσούτου’
1501 3310 1531 3363 6
1557 3310 1764 3381 Πέτρος
1784 3311 1919 3384 πρὸς

327 3397 498 3468 αὑτήν
545 3414 698 3468 φησν
734 3398 800 3451 Τί
842 3399 923 3453 ὅτι
959 3400 1312 3472 συνεφωνήθη
1363 3401 1492 3472 ὑμῖν
1545 3402 1808 3474 πειράσαι
1856 3402 1919 3457 τὸ

323 3488 558 3558 Πνεῦμα
582 3487 810 3559 Κυρίου;
843 3489 972 3545 Ἰδοὺ
1001 3491 1051 3545 οἱ
1078 3491 1238 3555 πόδες
1256 3492 1364 3544 τῶν
1394 3492 1680 3562 θαψάντων
1709 3493 1801 3547 τὸν
1825 3495 1918 3548 ἄν·

326 3579 426 3650 δρα
463 3597 554 3634 σου
604 3581 696 3634 ἐπὶ
727 3584 794 3652 τῇ
837 3581 977 3655 θύρᾳ.
1009 3583 1140 3654 (57),
1183 3585 1277 3638 καὶ
1327 3584 1596 3651 ὲξοίσουσί
1641 3602 1721 3638 σε·
1756 3585 1930 3639 ἔπεσε

327 3672 435 3745 γὰρ
462 3675 802 3746 παραχρῆμα
829 3676 920 3728 καὶ
943 3675 1082 3746 αὑτὴ
1114 3676 1250 3748 πρὸς
1271 3678 1396 3740 τοὺς
1423 3678 1586 3740 πόδας
1607 3677 1794 3740 αὑτοῦ,
1824 3681 1920 3732 καὶ

326 3763 599 3834 ἐξέψυξεν.
647 3786 664 3817 ι
712 3767 870 3820 Ἀλλᾶ
891 3767 1107 3838 λεχθείη
1143 3767 1227 3831 ἂν,
1262 3768 1342 3820 ὅτι
1367 3768 1614 3840 κάκείνη,
1647 3770 1918 3840 έπιπλησ-

329 3858 530 3928 σομένη
583 3857 678 3910 καὶ
725 3857 1024 3928 βαρηθείσα
1056 3857 1154 3928 τὴν
1185 3857 1385 3929 ψυχὴν,
1423 3858 1499 3930 πῆ
1536 3860 1634 3928 μὲν
1680 3859 1786 3912 ὑπὸ
1821 3861 1917 3915 τοῦ

325 3949 421 4001 ἐπὶ
472 3951 537 4019 τῇ
584 3949 832 4020 ἁμαρτίᾳ
871 3949 1120 4018 ἐλέγχου,
1161 3949 1238 4018 πὴ
1289 3949 1345 4001 δὲ
1376 3950 1475 4002 έπῒ
1498 3953 1564 4022 τῇ
1596 3950 1690 4004 τοῦ
1726 3951 1918 4024 ἀνδρὸς

328 4038 602 4108 συμφορᾷ,
652 4036 746 4089 καὶ
801 4035 944 4108 λύπῃ
998 4040 1063 4108 τῇ
1123 4039 1252 4109 περὶ
1302 4037 1490 4103 αὑτοῦ,
1529 4040 1605 4113 πὴ
1646 4039 1702 4094 δὲ
1730 4041 1821 4094 ἐπὶ
1849 4045 1914 4113 τῇ

325 4127 468 4181 κατά
491 4127 582 4180 τὸν
612 4127 749 4180 Θεὸν
779 4127 1219 4199 λύπῃ,ὲξέψυξε,
1251 4131 1667 4201 προεωρακότος
1697 4131 1792 4185 τοῦ
1822 4133 1918 4186 Πέ-

323 4233 454 4289 τρου
498 4215 577 4288 τῷ
620 4216 888 4289 πνεύματι
921 4217 985 4269 τὸ’
1027 4218 1473 4289 ἀπαντησόμενον
1523 4221 1680 4292 αὐτῇ.
1730 4221 1918 4276 Ταῦτα

326 4311 395 4365 δέ’
438 4313 568 4384 ἡμῖν
614 4311 710 4364 ὅλα
747 4311 994 4384 εἴρηται,
1025 4310 1364 4382 βουλομένοις
1413 4315 1823 4368 κατασκευάσαι
1855 4315 1917 4368 τὸ

330 4403 555 4458 δυνατὸν
589 4398 728 4456 εἶναι
757 4401 1087 4472 βουληθέντα
1121 4400 1244 4455 τινὰ
1275 4401 1476 4456 τέλειον
1496 4405 1770 4474 γενέσθαι,
1806 4425 1918 4461 πει-

2025 1930 2142 1987 est;
2181 1936 2305 1974 nam
2338 1921 2483 1991 quod
2512 1920 2891 1986 credidissent,
2935 1928 2990 1974 et
3019 1928 3237 1988 partem
3265 1921 3504 1990 aliquam
3535 1921 3605 1976 ad

2025 2011 2190 2083 pedes
2215 2010 2586 2080 apostolorum
2616 2008 2962 2075 detulissent,
2986 2009 3164 2062 meriti
3191 2018 3336 2064 certe
3363 2009 3606 2077 fuerant,

2027 2112 2085 2159 ut
2112 2104 2165 2158 in
2195 2118 2291 2160 eos
2317 2103 2757 2159 animadvertens
2783 2100 2925 2157 Deus
2952 2100 3061 2156 illic
3097 2101 3303 2170 peccati
3338 2118 3433 2171 per
3456 2101 3605 2157 frau-

2024 2196 2298 2251 dationem
2333 2195 2560 2251 admissi
2587 2196 2759 2250 vicem
2795 2194 3132 2264 rependerct,
3163 2203 3223 2250 ut
3269 2195 3474 2251 inflicto
3501 2196 3604 2250 sibi

2025 2303 2122 2357 per
2147 2297 2374 2344 mortem
2409 2303 2758 2343 communem
2804 2288 3073 2357 supplicio
3111 2289 3310 2360 puniti,
3354 2289 3606 2345 mundio-

2025 2394 2115 2434 res
2143 2394 2210 2434 ex
2245 2379 2348 2434 hac
2374 2379 2482 2434 vita
2524 2379 2842 2449 migrarent.
2875 2378 3170 2448 PrOpterea
3201 2389 3380 2434 autem
3417 2382 3606 2436 audito

2023 2469 2130 2525 hoc
2165 2485 2419 2526 sermone
2452 2471 2754 2540 collapsum
2799 2469 3071 2525 Ananiam
3119 2473 3428 2542 exspirasse
3455 2489 3601 2537 reor,

2023 2562 2170 2632 quod
2218 2563 2480 2618 indicittm
2537 2563 2787 2620 criminis
2833 2561 2974 2618 ferre
3028 2579 3136 2618 non
3192 2568 3456 2635 potuerit,
3507 2573 3602 2624 Sed

2023 2655 2323 2725 quaestione
2350 2654 2418 2710 de
2458 2655 2550 2709 illo
2579 2654 2760 2709 habita
2801 2670 2976 2724 usque
3017 2656 3154 2711 adeo
3182 2659 3482 2730 castigatus
3509 2663 3602 2726 sit,

2023 2756 2084 2801 ut
2129 2755 2406 2818 pungente
2451 2746 2621 2816 ipsius
2665 2746 2905 2800 animam
2948 2745 3107 2801 Retri-
3137 2763 3389 2806 sermone
3419 2754 3604 2823 exspi~

2021 2841 2176 2894 rarit.
2200 2836 2309 2894 Nec
2334 2853 2466 2894 sane
2488 2838 2756 2893 Ananiam
2785 2856 2816 2894 a
2842 2838 3004 2894 Petro
3030 2842 3193 2895 morti
3223 2845 3408 2898 datum
3435 2844 3608 2901 fuisse

2020 2931 2448 2988 existimandum
2471 2939 2574 2997 est,
2611 2931 2707 2987 sed
2744 2931 2886 2988 ferre
2924 2951 3048 2990 eum
3085 2937 3474 3005 non-potuisse
3509 2955 3606 2992 ve-

2022 3021 2351 3077 hementiam
2382 3019 2528 3077 Petri
2558 3020 2790 3077 dicentis
2807 3023 2854 3054 ⁸”
2884 3041 2897 3078 :
2925 3043 2944 3076 ‹
2973 3025 3084 3080 Cur
3113 3027 3341 3080 tentavit
3371 3025 3606 3084 Satanas

2024 3127 2124 3168 cor
2159 3111 2350 3166 tuum?
2390 3129 2409 3163 ι
2447 3120 2501 3166 ει
2546 3110 2774 3180 reliqua,
2820 3128 2994 3183 usque
3033 3113 3100 3169 ad
3141 3114 3194 3169 id
3228 3131 3243 3170 :
3275 3133 3294 3168 ι
3328 3114 3396 3170 Ει
3426 3115 3606 3172 factus

2021 3211 2107 3259 est
2138 3202 2302 3257 timor
2330 3217 2561 3272 magnus
2583 3216 2746 3271 super
2777 3217 2968 3259 omnes
2992 3206 3084 3274 qui
3112 3203 3424 3261 audierunt.
3460 3225 3479 3259 ι
3508 3205 3606 3263 His

2019 3308 2203 3355 autem
2230 3314 2353 3369 quae
2384 3299 2451 3354 de
2472 3298 2682 3352 Anania
2717 3297 2886 3370 674
2919 3299 3118 3354 tradita
3137 3311 3286 3369 sunt,
3316 3302 3370 3356 in
3402 3303 3604 3372 quibus
3637 3344 3640 3347 -

2018 3389 2166 3446 Petri
2218 3405 2444 3446 causam
2465 3389 2869 3458 ,defendimus,
2902 3389 3328 3447 intercessurum
3362 3394 3606 3462 aliquem
3636 3433 3640 3438 .

2019 3495 2243 3556 propter
2293 3483 2617 3554 Sapphiram
2665 3483 2963 3540 verisimile
3003 3494 3107 3550 est,
3155 3488 3598 3558 quandoquidem

2019 3575 2134 3642 illa,
2165 3594 2186 3628 ι
2235 3575 2486 3630 nesciens
2527 3573 2673 3644 quod
2719 3573 2924 3627 factum
2969 3573 3179 3642 fuerat,
3235 3578 3502 3633 introivit.
3533 3579 3602 3634 Et

2017 3666 2298 3735 respondit
2323 3667 2371 3720 ei
2401 3664 2595 3722 Petrus
2625 3666 2812 3721 dicens
2842 3685 2854 3719 :
2893 3661 2950 3718 Si
2976 3667 3107 3720 tanti
3139 3683 3330 3737 agrum
3354 3669 3602 3723 vendidi-

2017 3759 2153 3813 stis?
2181 3760 2252 3812 At
2293 3773 2418 3812 cum
2463 3758 2693 3813 dixisset
2737 3757 2867 3812 illa:
2909 3757 3106 3824 Tanti;
3137 3757 3332 3814 Petrus
3365 3761 3440 3814 ait
3473 3761 3548 3815 illi
3575 3777 3596 3818 :

2019 3847 2162 3914 Quid
2209 3849 2399 3918 utique
2433 3849 2689 3904 convenit
2720 3849 2878 3904 vobis
2923 3857 3134 3904 tentare
3174 3850 3598 3920 Spiritum-Do-

2017 3939 2191 3996 mini?
2238 3938 2377 3995 Ecce
2425 3939 2588 4009 pedes
2640 3955 2832 3996 eorum
2890 3940 2985 4012 qui
3039 3941 3369 4012 sepelierunt
3417 3943 3634 3999 virum.

2017 4041 2173 4088 tuum
2230 4031 2297 4087 ad
2343 4032 2566 4100 ostium,
2611 4041 2664 4087 et
2711 4031 2938 4090 eﬂ‘erent
2975 4040 3046 4090 te.
3105 4034 3408 4090 Confestim
3447 4038 3596 4092 enim

2019 4124 2216 4180 cecidit
2257 4132 2312 4179 et
2361 4124 2452 4179 illa
2506 4132 2630 4178 ante
2663 4124 2830 4194 pedes
2875 4124 3016 4195 ejus,
3049 4134 3104 4180 et
3135 4127 3434 4197 exspiravit
3467 4129 3532 4182 ³⁸.
3573 4147 3593 4180 ι
3626 4169 3628 4172 μ

2019 4216 2224 4273 Verum
2249 4216 2354 4272 dici
2402 4225 2579 4287 potest
2607 4217 2794 4272 animo
2827 4218 3206 4273 conturbatam
3241 4219 3382 4276 hanc
3409 4230 3464 4276 et
3497 4235 3599 4290 op-

2018 4326 2286 4382 pressam,
2317 4319 2432 4364 tum
2477 4310 2621 4380 quod
2652 4311 2858 4379 peccati
2887 4309 3180 4366 manifesta
3209 4311 3368 4379 foret,
3397 4319 3596 4383 parum
3639 4340 3641 4342 ·

2018 4414 2240 4476 prepter
2271 4404 2374 4459 viri
2409 4403 2776 4460 calamitatem
2809 4413 2864 4460 et
2889 4415 3210 4476 conceptum
3241 4405 3366 4462 inde
3400 4421 3602 4461 moero-

328 4495 518 4564 σθῆναι
549 4492 626 4562 τῷ
668 4491 840 4564 Ἰησοῦ
872 4492 1100 4561 λέγοντι*
1131 4510 1151 4542 t
1190 4491 1424 4562 Ὕπαγε,
1452 4493 1700 4564 πώλησόν
1732 4513 1825 4550 σου
1849 4497 1917 4551 τὰ

2023 4513 2160 4562 rem,
2196 4497 2392 4567 partim
2435 4496 2598 4551 etiam
2641 4496 2788 4566 quod
2822 4497 3028 4566 peccati
3071 4498 3124 4552 in
3168 4497 3337 4554 Deum
3379 4497 3600 4553 conscia

328 4585 664 4656 ὑπάρχοντα,
701 4585 795 4637 καὶ
815 4584 904 4648 δὸς
928 4589 1182 4656 πτωχοῖς.
1213 4607 1230 4638 ι
1251 4587 1520 4640 Γενναίων
1551 4587 1596 4640 δ’
1622 4583 1794 4659 οἶμαι,
1821 4590 1916 4644 καὶ

326 4676 556 4746 ἑχόντων
607 4677 674 4732 τὰ
723 4677 1196 4750 χαρακτηρίζοντα
1242 4679 1331 4732 τὸν
1359 4679 1657 4734 ἐπίσκοπον
1705 4681 1907 4748 πάντα,

2015 4591 2365 4646 vehementer
2415 4597 2728 4659 angeretur,
2755 4590 2920 4645 vitam
2967 4606 3091 4645 cum
3137 4599 3309 4646 morte
3352 4605 3602 4646 commu-

2013 4692 2190 4749 tasse;
2226 4697 2350 4736 cum
2381 4681 2536 4752 prius
2565 4696 2728 4739 casus
2759 4683 2834 4738 illi
2866 4683 3240 4754 impendentes
3267 4683 3463 4740 Petrus
3490 4684 3623 4754 spi-t—

1527 4796 1761 4855 VETUS
1809 4794 2395 4853 iNTERPRETATIO.

329 4884 526 4963 fecisse
548 4895 775 4963 propter
806 4889 1116 4963 libertatem
1147 4891 1343 4947 animae
1374 4907 1506 4958 su:e,
1542 4893 1924 4963 erexemplum
1958 4893 2084 4948 vitae
2141 4893 2402 4949 facilioris
2436 4913 2453 4948 :
2507 4901 2563 4950 et
2589 4895 2854 4949 volentem
2883 4892 3632 4963 se'beatnmidemonstrare

365 4959 602 5033 cutibus,
625 4970 678 5014 et
704 4961 839 5015 nihil
871 4961 1060 5016 mundi
1086 4962 1245 5018 istius
1276 4978 1413 5030 opus
1447 4963 1756 5028 habentem,
1779 4959 2081 5020 tradidisse
2109 4979 2327 5019 omnem
2361 4965 2726 5020 substantiam
2757 4981 2913 5020 suam
2946 4965 3145 5033 populo
3187 4962 3595 5033 Thebanorum.

292 5075 298 5096 ,
329 5029 388 5104 _Si
412 5045 542 5098 ergo
568 5042 784 5104 propter
818 5033 1141 5104 sapientiam
1170 5029 1434 5104 gentium,
1460 5043 1514 5086 et
1540 5034 1792 5101 dogmata
1819 5035 2111 5088 liberantia
2163 5036 2424 5101 animam,
2449 5035 2592 5092 sicut
2633 5036 2707 5088 illi
2759 5029 3058 5104 putabant-,7
3085 5035 3187 5104 hoc
3220 5032 3397 5104 facere
3427 5035 3602 5103 potuit

294 5113 300 5120 '
328 5101 494 5174 homo
527 5101 763 5174 gentilis,
788 5103 1065 5174 quomon
1108 5118 1213 5174 non
1247 5101 1462 5174 facilius
1491 5112 1670 5174 potest
1689 5104 1866 5159 facere
1897 5105 1991 5174 qui
2023 5105 2364 5174 concupiscit
2416 5106 2468 5160 in
2510 5120 2568 5161 se
2619 5101 2902 5173 suscipere
2933 5103 3146 5174 Christi
3178 5101 3601 5174 perfectionem?

329 5168 386 5244 _S_i
420 5168 600 5244 autem
629 5180 683 5244 et
703 5171 779 5244 de,
799 5168 1000 5244 divinis
1033 5172 1332 5244 Scripturis
1367 5168 1570 5242 placari
1605 5175 1729 5243 quis
1755 5175 1872 5228 vult
1914 5168 2176 5244 quoniam
2207 5168 2493 5244 'possibile
2521 5185 2604 5230 est
2633 5168 2790 5243 quod
2817 5175 3070 5244 praecepit
3109 5168 3384 5237 Christus,
3414 5173 3600 5226 audiat

329 5239 618 5315 historiam
647 5239 714 5294 de
746 5243 966 5315 Actibus
997 5239 1384 5315 apostolorum
1413 5243 1483 5298 ita
1507 5239 1868 5313 conscriptam
1899 5239 1987 5315 τι
2007 5243 2209 5302 Omnes
2234 5239 2418 5300 autem
2459 5247 2552 5315 qui
2608 5239 3031 5315 eretliderantiin
3062 5243 3294 5313 idipsum
3329 5244 3598 5315 habebant

327 5309 874 5383 omniaucommunia,
901 5325 954 5368 et
980 5309 1375 5383 possessiones,
1403 5322 1456 5367 et
1481 5309 1817 5369 substantias
1853 5313 2182 5381 vendebant,
2231 5325 2285 5369 et
2318 5309 2632 5370 dividebant
2683 5322 2838 5382 prout
2885 5314 3120 5383 quisque
3139 5309 3154 5313 ’
3177 5329 3315 5381 opus
3343 5312 3593 5365 habebat.

326 5377 580 5445 Qumidie
603 5388 783 5436 autem
811 5377 1190 5452 permanentes
1226 5384 1280 5438 in
1318 5384 1553 5454 idipsum
1586 5384 1640 5438 in
1673 5386 1894 5455 templo,
1924 5391 1981 5438 et
2020 5377 2337 5457 frangentes
2391 5387 2443 5440 in
2487 5377 2740 5440 domibus
2771 5377 2987 5454 pane-tn,
3017 5377 3386 5453 percipi—ebant
3412 5383 3596 5436 cibum

393 5513 440 5546 ⁸⁸
473 5512 594 5568 Act.
631 5529 691 5582 ll,
725 5515 814 5571 43.
891 5519 936 5551 ⁸⁸
963 5519 1093 5575 ibid.
1117 5519 1208 5576 47.
1284 5519 1331 5552 ⁸³
1357 5519 1476 5576 Act.
1505 5535 1580 5586 tv,
1612 5519 1803 5576 52-57.
1881 5521 1922 5554 “

2022 5530 2070 5578 τι.
2097 5538 2151 5589 v,
2185 5521 2238 5586 '5,
2262 5519 2316 5576 5.
2392 5520 2439 5551 ⁸⁵
2472 5517 2602 5572 ibid.
2634 5517 2688 5585 7,
2713 5517 2748 5574 8
2777 5527 2828 5574 et
2853 5533 2966 5588 seq.
3055 5569 3064 5576 .

394 5634 510 5704 (55)
552 5637 765 5707 Ἦγηγε
803 5637 878 5710 τὸ
928 5638 1141 5710 χρῆμα,
1189 5641 1286 5694 καὶ
1332 5642 1508 5708 ἔθηκε
1557 5641 1718 5710 παρὰ
1769 5642 1910 5708 τοὺς

322 5706 407 5785 gift
443 5710 596 5760 στιτνί
628 5706 730 5785 ιινς.
764 5706 1053 5785 -Αςιηζῐνξ
1079 5713 1145 5785 ξῖ
1173 5706 1452 5785 ξ-ἸΙνεγκε
1496 5711 1556 5764 τὸ
1598 5706 1784 5785 χρῆμα
1817 5706 1909 5767 καὶ

323 5777 486 5838 ἔθηκε
519 5778 671 5850 παρὰ
699 5781 823 5842 τοὺς
852 5779 1016 5845 πόδας
1047 5781 1149 5837 τῶν
1183 5777 1514 5838 ἀποστόλων.

2091 5643 2204 5714 (56)
2255 5639 2715 5706 Ἐνστιξσασθαι.
2770 5637 2934 5693 Forte
2983 5634 3299 5707 legvndum,
3339 5633 3594 5708 ἐνστήσε-

2017 5714 2206 5856 σοῗὲἧ)
2232 5781 2412 5839 Cod-sx
2449 5779 2672 5852 Regius,
2708 5779 2804 5852 τὴν
2834 5777 3024 5852 θύραν.
