4086 6468
470 348 616 440 i503

1953 363 2277 422 OBlGENlS
2842 406 2853 413 .

3598 353 3737 409 15οί

471 436 727 546 apostoli,
758 478 819 527 ut
850 466 1070 538 sapiens
1091 464 1147 520 in
1167 462 1409 527 Christo,
1435 468 1490 517 et
1520 456 1701 527 fortis,
1722 466 1779 514 et
1811 456 2053 528 prudens

2163 457 2249 511 καὶ
2276 456 2326 509 οί
2360 453 2645 509 ἀπόστολοι
2670 451 2765 506 τοῦ
2808 436 3064 521 Χριστοῦ,
3092 446 3228 519 πρὸς
3257 448 3318 500 τὸ
3360 445 3610 515 γενείσθαι
3647 464 3740 500 σο-

473 573 530 620 et
565 562 716 619 omni
752 559 947 617 affectu
984 570 1193 612 vacuus
1219 553 1505 609 efﬁciatur.
1538 550 1611 605 At
1640 549 1736 620 qui
1780 547 2053 620 ejusmodi

470 654 892 727 explicationem
923 647 1108 704 tuendi
1134 645 1299 716 hujus
1323 643 1426 699 loci
1457 642 1631 715 gratia
1661 640 1923 712 proferet,
1945 640 2049 694 mi.

474 749 625 803 nime
653 743 1019 800 necessarium
1070 752 1193 794 esse
1222 737 1387 803 dicet,
1417 745 1478 791 ut
1520 735 1641 806 ipso
1671 733 1759 789 die
1782 747 1894 803 quo
1931 731 2055 802 quis

472 839 617 895 bona
647 851 745 893 sua
774 832 1038 895 vendidit,
1062 838 1118 886 et
1146 828 1481 900 pauperibus
1515 824 1816 892 distribuit,
1841 823 1893 878 id
1918 838 2055 878 con~

473 928 682 997 tingere
717 922 876 978 nobis
921 920 1106 975 animo
1152 919 1447 990 ﬁngamus,
1477 916 1572 972 sed
1602 915 1672 970 ab
1704 915 1795 969 illo
1826 912 2057 968 fortasse

472 1017 564 1072 die
593 1017 740 1071 hunc
769 1015 836 1070 ad
862 1027 928 1070 ea
964 1012 1231 1067 deducere
1259 1010 1444 1065 divina
1472 1022 1605 1063 cura
1633 1006 1890 1077 incipiet;
1937 1005 2058 1059 lau-

472 1108 708 1163 dabilem
742 1106 891 1160 illam
931 1104 1002 1158 ab
1053 1101 1339 1158 allectibus
1390 1098 1789 1154 immunitatem
1833 1096 1957 1150 dico
2003 1103 2058 1149 et

473 1198 823 1269 omnigenam
868 1194 1125 1249 virtutem
1156 1209 1172 1246 :
1205 1189 1401 1246 deinde
1434 1201 1565 1242 vero
1593 1196 1852 1257 tanquam
1903 1183 2057 1240 Isaae

473 1291 766 1362 proficiens
795 1295 850 1343 et
884 1283 1214 1349 crescens“,
1236 1293 1458 1353 propter
1481 1279 1737 1335 collatum
1764 1277 1866 1348 ipsi
1893 1292 1924 1332 a
1945 1276 2057 1332 Deo

474 1384 532 1439 in
565 1381 785 1439 Christo
811 1378 1209 1448 adjumentnm,
1237 1373 1414 1445 major
1435 1372 1560 1439 erit,
1585 1370 1760 1425 donec
1800 1370 1857 1424 in
1903 1368 2056 1425 omni

473 1474 678 1529 virtute
704 1471 1101 1525 incrementum
1127 1465 1371 1534 capiens,
1400 1478 1555 1519 erasa
1577 1476 1643 1517 ex
1674 1460 1846 1531 ipsius
1874 1460 2057 1515 anima

474 1562 628 1617 omni
666 1560 931 1630 nequitia,
966 1557 1124 1612 valde
1171 1555 1329 1610 valde
1375 1569 1608 1620 magnus
1648 1551 1894 1606 exsistat.
1946 1548 2059 1607 Nec

475 1668 610 1708 vero
636 1653 728 1722 qui
754 1650 1148 1720 expositionem
1180 1648 1321 1701 hanc
1352 1644 1658 1707 tradiderit,
1689 1641 1873 1698 dicere
1899 1658 2058 1713 coge-

477 1755 570 1800 tur
596 1743 871 1799 hominem
905 1738 1106 1809 alioqui
1137 1737 1375 1809 peccatis
1418 1736 1660 1793 deditum
1688 1750 1752 1791 eo
1777 1735 1896 1804 ipso
1935 1748 2058 1804 per~

476 1836 680 1892 fectum
718 1833 967 1888 evadere.

484 1940 489 1945 '
549 1926 637 1982 18.
683 1924 835 1979 Alter
875 1932 1059 1978 autem
1098 1920 1153 1976 in
1199 1920 1302 1976 fide
1353 1918 1585 1975 fortasse
1616 1934 1724 1974 non
1766 1925 2057 1980 constans,

475 2031 673 2076 sensus
700 2014 1013 2071 reconditos
1041 2010 1360 2083 penetrandi
1389 2011 1593 2072 studio,
1632 2007 1858 2063 forsitan
1895 2006 2058 2061 etiam

477 2108 870 2179 cogitationum
903 2104 1015 2159 Deo
1058 2104 1351 2175 dignarum
1402 2101 1738 2157 sublimitate
1777 2113 1943 2169 super
1975 2096 2061 2152 his

475 2200 618 2258 locis
648 2198 877 2270 quaesita
906 2196 975 2251 ab
1002 2210 1066 2250 eo
1093 2203 1147 2249 et
1174 2202 1404 2264 reperta,
1434 2192 1625 2249 relicta
1649 2191 1832 2245 littera
1861 2189 1927 2244 ad
1952 2198 2063 2243 tro-

479 2291 755 2364 pologiam
795 2287 1072 2353 ascendet,
1103 2296 1158 2342 et
1185 2285 1330 2342 dicet
1358 2285 1502 2341 bona
1530 2281 1969 2352 uniuscujusque
1997 2294 2060 2333 ea

478 2394 605 2436 esse
629 2378 794 2453 6⁸17
826 2391 948 2447 quae
973 2377 1127 2431 illum
1156 2384 1281 2446 post
1302 2389 1591 2430 excessum
1618 2379 2061 2441 consequuntur;

478 2475 618 2532 adeo
648 2483 706 2528 ut
745 2471 879 2543 justi
912 2470 1073 2525 bonis
1102 2468 1327 2523 afﬂuant
1360 2466 1737 2532 facultatibus,
1770 2463 2063 2520 contrariis

478 2578 609 2619 vero
641 2560 900 2632 improbi.
940 2557 1041 2614 llic
1067 2574 1197 2629 ergo
1227 2556 1448 2613 divitem
1496 2555 1663 2610 multa
1694 2553 2061 2624 possidentem

477 2654 623 2711 bona
673 2662 859 2725 typum
907 2651 1027 2721 ejus
1069 2665 1192 2706 esse
1238 2649 1384 2705 dicet
1430 2647 1525 2718 qui
1570 2645 1831 2717 nequitiis
1875 2643 2064 2700 multis

478 2746 756 2813 abundat;
783 2746 925 2799 inter
950 2758 1088 2814 quas
1116 2741 1429 2797 divitiarum
1475 2754 1650 2805 amor,
1689 2737 1878 2808 gloriae
1910 2736 2065 2805 cupi-

477 2840 644 2904 ditas,
674 2846 728 2893 et
758 2852 844 2893 res
871 2837 991 2892 alire
1021 2844 1249 2891 terrenae
1274 2833 1434 2890 bonis
1463 2830 1913 2902 vituperabilibus
1942 2829 2065 2882 ani-

478 2948 623 2987 niam
678 2930 853 3000 ipsius
904 2928 1172 2997 replentes
1230 2924 1440 2980 censeri
1490 2931 1736 2994 possunt.
1791 2920 2063 2988 Quoniam

478 3037 610 3094 ergo
651 3021 745 3091 qui
781 3035 844 3074 ea
878 3019 1092 3074 ratione
1134 3017 1286 3073 dives
1319 3023 1424 3081 est,
1458 3030 1489 3070 a
1534 3013 1892 3084 pravitatibus
1937 3012 2064 3082 qui-

2157 545 2258 615 φδς
2287 546 2347 598 ὲν
2388 543 2633 615 Χριστῷ,
2679 542 2775 597 καὶ
2803 539 3068 611 ἀνδρεῖος,
3099 538 3194 590 καὶ
3231 535 3458 601 δίκαιος,
3489 535 3585 590 καὶ
3630 535 3740 590 σώ-

2156 653 2329 709 φρων,
2363 635 2460 688 καὶ
2493 634 2650 697 ἐκτὸς
2681 631 2884 695 παντὸς
2922 629 3150 692 πάθους.
3193 629 3360 699 Φήσει
3402 627 3463 681 δὲ
3500 629 3531 681 ό
3563 625 3744 691 οὕτως

2155 728 2611 801 ἀπολογούμενος,
2654 728 2736 780 ὅτι
2765 726 2866 779 οὐκ
2894 724 3111 795 ἀνάγκη
3158 722 3319 776 τοῦτο
3354 721 3615 793 νοηθῆναι
3646 722 3747 775 αὐ-

2154 822 2254 893 τῆς
2307 821 2522 893 ἡμέρας
2565 817 2878 888 ἀπαντῆσαι
2926 815 3003 887 τῷ
3042 813 3420 884 ἀποδεδομένῳ
3460 813 3531 865 τὰ
3574 811 3756 883 ὑπάρ-

2156 930 2339 987 χοντα,
2386 914 2482 967 καὶ
2532 911 2729 965 διδόντι
2775 911 3032 978 πτωχοῖς.
3068 906 3181 960 ἀλλ’
3224 907 3356 969 ἴσως
3394 907 3489 959 ἀπ’
3525 904 3743 976 ἐκείνης

2160 1007 2258 1079 μὲν
2290 1006 2389 1078 τῆς
2419 1004 2633 1077 ἡμέρας
2661 1001 2883 1074 ἄρξεται
2903 1002 2937 1071 ή
2970 999 3090 1053 θεία
3118 996 3389 1068 ὲπισκοπὴ
3417 998 3510 1051 ἐπὶ
3534 996 3606 1050 τά
3633 1014 3749 1049 τοι-

2156 1097 2296 1152 αῦτα
2324 1097 2488 1151 αὐτὸν
2530 1097 2682 1164 ἄγειν
2702 1111 2717 1125 ο
2753 1093 2897 1161 λέγω
2931 1091 2989 1144 δὲ
3019 1090 3116 1161 τὴν
3144 1091 3434 1162 ἐπαινετὴν
3472 1089 3747 1144 ἀπάθειαν

2156 1190 2251 1244 καὶ
2299 1191 2481 1243 πᾶσαν
2511 1186 2608 1258 τὴν
2653 1185 2857 1257 ἀρετήν
2880 1200 2896 1214 ο
2931 1181 3239 1255 προϐαίνων
3281 1181 3341 1234 δὲ
3378 1181 3455 1244 ὡς
3496 1182 3526 1234 ό
3559 1182 3746 1236 Ἰσαὰκ

2156 1282 2246 1337 διὰ
2272 1282 2372 1353 τὴν
2398 1279 2507 1333 ἀπὸ
2537 1277 2632 1331 τοῦ
2656 1277 2793 1331 Θεοῦ
2818 1276 2900 1339 είς
2927 1274 3090 1328 αὐτὸν
3123 1276 3181 1328 ὲν
3208 1272 3429 1343 Χριστῷ
3470 1272 3746 1345 βοήθειαν,

2161 1370 2358 1445 μείζων
2402 1369 2576 1432 ἔσται,
2619 1368 2725 1431 ἕως
2755 1362 2816 1422 οὗ
2846 1367 3092 1430 αὐξάνων
3134 1364 3307 1434 μέγας
3348 1364 3575 1434 γένηται
3609 1365 3746 1434 σφό-

2157 1465 2259 1535 δρα
2305 1462 2513 1534 σφόδρα
2551 1461 2610 1515 ὲν
2648 1460 2801 1532 πάσῃ
2841 1461 3033 1531 ἀρετῇ,
3073 1457 3253 1529 πάσης
3295 1455 3748 1528 ὲξαφανισθείσης

2157 1555 2257 1626 τῆς
2297 1554 2496 1616 κακίας
2528 1552 2637 1607 ἀπὸ
2668 1553 2769 1621 τῆς
2800 1551 2979 1622 ψυχῆς
3004 1548 3193 1603 αὐτοῦ.
3233 1550 3344 1602 Καὶ
3375 1549 3474 1601 οὐκ
3507 1549 3749 1617 ἀναγκα-

2160 1646 2417 1719 σθήσεται
2449 1663 2515 1715 γε
2554 1647 2583 1699 ό
2614 1644 2816 1714 ταύτην
2849 1639 3208 1704 ἀποδεδωκὼς
3248 1640 3346 1711 τὴν
3389 1640 3642 1711 διήγησιν
3670 1643 3751 1694 εί-

2160 1742 2282 1793 πεῖν
2315 1738 2518 1791 τέλειον
2556 1737 2688 1807 παρ’
2724 1734 2857 1789 αὐτὸ
2888 1734 3047 1788 τοῦτο
3079 1732 3330 1803 γενέσθαι
3360 1731 3645 1804 ἄνθρωπον
3677 1730 3751 1787 τὰ

2160 1831 2294 1886 ἄλλα
2327 1832 2727 1902 ἁμαρτάνοντα.

2233 1923 2460 1993 Ἕτερος
2494 1921 2574 1983 δὲ,
2615 1921 2717 1973 οὐκ
2760 1913 2880 1973 οῖδα
2933 1918 3030 1989 μὲν
3082 1918 3130 1971 εί
3178 1916 3395 1982 σκάζων
3440 1921 3505 1989 τῇ
3544 1921 3748 1983 πίστει,

2162 2014 2431 2084 φαντασία
2461 2012 2556 2066 τοῦ
2591 2011 2894 2066 διαϐαίνειν
2926 2010 3020 2064 ἐπὶ
3053 2009 3154 2083 τὴν
3188 2010 3472 2082 φρόνησιν,
3504 2010 3606 2064 οὐκ
3631 2006 3751 2063 οἶδα

2160 2105 2219 2159 δὲ
2248 2107 2295 2159 εί
2321 2105 2415 2158 καὶ
2449 2102 2675 2175 μέγεθός
2698 2120 2751 2155 τι
2778 2100 3024 2172 ζητήσας
3056 2102 3149 2155 καὶ⁵
3181 2100 3359 2173 εὑρὼν
3406 2104 3485 2165 εἰς
3516 2103 3644 2165 τοὺς
3666 2102 3750 2154 τό-

2166 2217 2298 2262 πους
2329 2199 2617 2269 νοημάτων
2645 2197 2811 2264 ἀξίων
2835 2195 2929 2249 τοῦ
2954 2194 3113 2262 Θεοῦ,
3141 2192 3455 2247 καταλιπὼν
3480 2195 3578 2264 τὴν
3605 2194 3753 2258 λέξιν

2163 2292 2256 2344 ἐπὶ
2313 2287 2671 2361 τροπολογίαν
2720 2287 3049 2358 ἀναϐήσεται
3075 2327 3090 2351 ,
3139 2286 3234 2340 καὶ
3278 2288 3394 2357 ὲρεῖ
3438 2287 3753 2358 ὑπάρχοντα

2163 2382 2378 2452 ἑκάστῳ
2411 2377 2551 2436 εἶναι
2577 2380 2645 2434 τὰ
2679 2379 2922 2449 ἑπόμενα
2955 2376 3106 2447 αὐτῷ
3143 2377 3281 2447 μετά
3316 2377 3414 2447 τὴν
3447 2375 3647 2440 ἔξοδον,
3674 2377 3754 2441 ὡς

2163 2469 2302 2526 εἶναι
2330 2472 2438 2525 τῶν
2464 2470 2819 2544 ὑπαρχόντων
2849 2470 3080 2532 δικαίοις
3119 2468 3218 2539 μὲν
3252 2467 3467 2537 ἀγαθὴν
3493 2466 3752 2538 ὕπαρξιν,

2165 2564 2390 2634 φαύλοις
2421 2563 2480 2616 δὲ
2509 2564 2609 2634 τὴν
2640 2562 2909 2617 ἐναντίαν.
2949 2561 3209 2614 Ἐνταῦθα
3234 2555 3327 2613 οὖν
3357 2576 3489 2630 φησι
3514 2560 3625 2629 (64)
3656 2559 3752 2613 τὸν

2166 2656 2336 2711 πολλὰ
2370 2656 2561 2727 ἔχοντα
2592 2658 2848 2727 κτήματα
2895 2654 3146 2708 πλούσιον
3183 2653 3247 2706 σύ
3255 2652 3451 2724 μδολον
3491 2649 3628 2706 εἶναι
3655 2652 3753 2705 τοῦ

2166 2750 2336 2804 πολλὰ
2370 2749 2711 2820 κεκτημένου
2745 2748 2947 2818 φαῦλα,
2979 2749 3037 2801 ὲν
3063 2741 3145 2811 οἷς
3179 2742 3317 2799 εἶναι
3345 2745 3567 2800 δύναται
3596 2744 3691 2799 καὶ
3715 2745 3753 2814 ἡ

2169 2841 2539 2913 φιλοπλουτία,
2574 2841 2669 2895 καὶ
2700 2842 2733 2911 ἠ
2774 2839 3067 2909 φιλοδοξία,
3102 2839 3197 2893 καὶ
3227 2837 3363 2893 ἄλλα
3403 2839 3570 2909 γήϊνα
3611 2834 3766 2907 πρά-

2167 2949 2353 3004 γματα
2392 2931 2792 3004 πεπληρωκότα
2820 2931 2985 2984 αὐτοῦ
3018 2931 3115 3002 τὴν
3145 2930 3321 3002 ψυχὴν
3352 2928 3557 2999 ψεκτοῦ
3588 2928 3763 2982 πλού-

2168 3042 2283 3079 του.
2320 3025 2472 3078 ’Ertel.
2495 3020 2588 3078 οὖν
2617 3022 2843 3078 δύναταί
2893 3039 3021 3076 ποτε
3052 3024 3081 3075 ό
3108 3021 3283 3086 οὕτως
3324 3021 3577 3086 πλούσιος
3613 3020 3742 3075 ἀπέι

481 3107 710 3163 bnsdam
757 3105 968 3160 alienus
1001 3120 1121 3160 esse
1163 3113 1362 3176 potest,
1391 3103 1541 3158 velut
1580 3103 1648 3158 ab
1691 3101 1982 3169 adulterio,
2009 3111 2060 3157 et

2166 3113 2353 3185 χεσοαι
2403 3113 2502 3186 μέν
2541 3130 2704 3167 τινων
2733 3112 2972 3182 φαύλων,
3016 3112 3093 3177 ὡς
3136 3111 3402 3182 μοιχείας,
3437 3111 3530 3165 καὶ
3567 3112 3753 3180 φόνου,

480 3196 798 3263 homicidio,
828 3203 883 3251 et
920 3195 1085 3260 furto,
1126 3202 1180 3251 et
1217 3195 1341 3250 falsi
1379 3194 1680 3250 testimonii
1719 3193 1982 3257 dictione,
2011 3202 2066 3248 et

479 3304 607 3344 cum
644 3289 855 3343 honore
889 3288 1073 3357 aliquo
1109 3303 1237 3359 erga
1281 3296 1534 3357 parentes
1570 3285 1748 3341 ofﬁcio
1788 3284 2063 3356 perfungi,

482 3390 599 3436 tum
645 3387 700 3434 et
750 3380 803 3433 in
851 3380 1134 3450 proximos
1179 3381 1453 3435 humanus
1501 3394 1644 3444 esse,
1686 3386 2064 3435 verumtamen

481 3489 591 3528 non
621 3471 930 3542 perfectus;
969 3472 1233 3540 ejusmodi
1279 3473 1488 3529 homini
1524 3487 1622 3543 per
1649 3472 1894 3542 symbola
1925 3487 2065 3542 pra:-

480 3565 613 3635 eipit
660 3563 918 3619 Servator
965 3572 1024 3619 ut
1066 3564 1273 3623 nefaria
1321 3565 1437 3620 haec
1486 3565 1629 3620 bona
1681 3562 1957 3629 divendat,
2011 3571 2066 3619 et

479 3656 639 3727 quasi
677 3656 854 3711 tradat
892 3657 1253 3724 potestatibus
1300 3670 1364 3711 ea
1409 3656 1784 3727 operantibus,
1813 3657 2061 3712 omnium

478 3750 668 3820 egenis
693 3749 986 3813 bonorum,
1017 3759 1413 3820 prOptereaque
1437 3750 1616 3805 minas
1650 3763 1759 3804 non
1791 3748 2069 3804 sustinen-

479 3843 651 3909 tibus,
675 3840 835 3911 juxta
884 3841 935 3896 id
969 3842 1114 3911 quod
1150 3840 1415 3911 scriptum
1460 3851 1544 3897 est
1564 3840 1647 3896 "z
1685 3859 1703 3892 ‹
1743 3840 1848 3908 Qui
1880 3849 2063 3896 autem

479 3947 687 4002 pauper
735 3940 842 3998 est,
894 3932 1323 4001 inrrepationem
1380 3946 1490 3986 non
1543 3931 1801 3987 sustinet.
1836 3949 1855 3983 ι
1915 3929 2067 3986 lianc

478 4038 645 4094 porro
667 4024 1081 4093 explicationem
1106 4024 1261 4078 valde
1283 4032 1526 4079 coactam
1564 4025 1743 4078 visum
1773 4023 1839 4078 iri
1865 4038 1930 4080 ac
1950 4023 2068 4079 vio-

479 4112 685 4168 lentam
710 4122 859 4169 certo
887 4114 1024 4180 scio,
1057 4130 1179 4185 quae
1209 4114 1548 4184 pr0positam
1579 4115 1800 4184 quidem
1841 4115 1909 4171 de
1940 4131 2067 4186 per-

478 4204 715 4261 fectione
743 4207 1100 4276 qumstiouem
1125 4222 1235 4260 non
1266 4209 1465 4262 inscite
1496 4208 1703 4275 solvat;
1746 4222 1854 4262 non
1880 4216 2062 4263 autem

476 4298 777 4373 nequitiam
814 4300 1109 4371 deponere,
1152 4307 1207 4355 et
1230 4315 1352 4370 quae
1391 4315 1422 4356 a
1468 4300 1710 4370 nequitia
1736 4302 2065 4371 proveniunt

2165 3205 2260 3261 καὶ
2305 3205 2533 3275 κλοπῆς,
2561 3205 2657 3258 καὶ
2698 3203 3194 3274 ψευδομαρτυρίας,
3228 3204 3323 3257 καλ¹
3351 3203 3665 3275 καθήκοντα
3691 3202 3751 3256 δι

2167 3295 2477 3351 ἀποδιδόναι
2496 3295 2633 3367 πρὸς
2661 3297 2839 3364 γονεῖς
2873 3292 3014 3366 μετά
3037 3311 3184 3357 τινος
3211 3295 3399 3366 τιμῆς,
3422 3291 3560 3348 εἶναι
3584 3295 3641 3347 δέ
3670 3305 3755 3358 τις

2168 3388 2264 3442 καὶ
2298 3386 2678 3460 φιλάνθρωπος
2708 3387 2846 3460 πρὸς
2885 3386 2976 3440 τὸν
3011 3387 3259 3457 πλησίον,
3307 3388 3367 3440 οὐ
3411 3387 3516 3457 μὴν
3545 3389 3641 3440 καὶ
3670 3388 3752 3440 τέ·

2167 3479 2331 3544 λειος,
2370 3477 2717 3550 συμϐολικῶς
2746 3479 2824 3550 τῷ
2851 3478 3077 3549 τοιούτῳ
3123 3478 3451 3551 προστάσσει
3491 3480 3520 3530 ό
3561 3478 3757 3551 Σωτὴρ

2170 3568 2464 3624 ἀποδόσθαι
2505 3569 2573 3623 τά
2607 3568 2855 3641 μοχθηρά
2886 3569 3218 3641 ὑπάρχοντα,
3247 3569 3340 3622 καὶ
3373 3569 3616 3642 ὡσπερεὶ
3643 3587 3754 3623 πα·-

2168 3659 2425 3734 ραδοῦναι
2471 3659 2611 3714 αὐτὰ
2659 3663 2782 3724 ταῖς
2838 3660 3219 3733 ἐνεργηκυίαις
3270 3660 3411 3713 αύτά
3466 3660 3755 3732 δυνάμεσι,

2165 3753 2573 3824 πτωχευούσαις
2612 3752 2814 3816 παντὸς
2846 3752 3035 3817 καλοῦ,
3079 3753 3172 3806 καὶ
3201 3750 3291 3805 διὰ
3327 3750 3485 3806 τοῦτο
3527 3752 3601 3825 μὴ
3633 3754 3759 3824 ὑφιε-

2169 3843 2467 3915 σταμὲναις
2524 3842 2623 3914 τὴν
2685 3842 2949 3914 ἀπειλὴν,
3006 3843 3149 3896 κατὰ
3210 3843 3273 3896 τὸ
3323 3842 3708 3914 γεγραμμένον
3736 3860 3753 3876 ·

2173 3949 2194 3984 ι
2220 3932 2441 4003 Πτωχὸς
2478 3931 2537 3984 δὲ
2578 3932 2676 4002 οὐχ
2713 3932 3005 4002 ὑφίσταται
3052 3933 3305 4005 ἀπειλήν.
3339 3952 3359 3984 ι
3409 3933 3547 3986 Ἀλλ’
3575 3928 3634 3986 εὖ
3659 3929 3755 3986 οἷδ’

2168 4026 2252 4079 ﬁt
2288 4025 2493 4096 σφόδρα
2538 4024 2715 4096 βίαιος
2759 4020 2898 4079 εἶναι
2947 4025 3088 4090 δόξει
3130 4028 3163 4098 ή
3215 4025 3435 4098 τοιαύτη
3482 4026 3754 4091 ἀπόδοσις,

2169 4117 2374 4171 λύουσα
2408 4117 2506 4189 μὲν
2539 4117 2639 4171 οὐκ
2679 4117 2924 4185 ἀγεννῶς
2950 4118 3019 4172 τὰ
3048 4120 3175 4191 περὶ
3209 4118 3544 4191 τελειότητος
3584 4119 3758 4188 ηὐπο-

2175 4208 2415 4281 ρημένα·
2471 4209 2534 4262 οὐ
2580 4210 2720 4263 πάνυ
2773 4211 2831 4264 δὲ
2877 4210 3142 4265 πείθουσα
3189 4228 3306 4275 πως
3353 4213 3417 4264 τὸ
3457 4208 3757 4264 ἀποθέσθαι

2169 4300 2267 4373 τὴν
2309 4302 2529 4367 κακίαν,
2560 4304 2654 4358 καὶ
2680 4304 2779 4377 τὴν
2808 4302 2918 4357 ἀπὸ
2951 4301 3147 4369 κακίας
3178 4303 3470 4359 ἀποδόσθαι
3498 4300 3754 4374 ὓπαρξιν,

1686 4417 1920 4474 VETUS
1951 4419 2544 4487 INTERPRETATIO.

477 4511 567 4593 vis
593 4511 813 4593 aliquas
835 4509 1004 4593 (quod
1030 4511 1467 4593 humanum_est)
1499 4512 1755 4593 habuerit
1779 4513 2084 4584 passiones,
2112 4524 2165 4571 et
2191 4516 2237 4572 si
2277 4517 2401 4588 quis
2431 4517 2735 4593 aliu_s_banc
2765 4518 3002 4590 inepiam
3028 4534 3225 4589 passus
3258 4516 3442 4593 fuerit,
3473 4523 3525 4570 et
3557 4531 3756 4593 magno

478 4580 753 4660 adiutorio
788 4580 953 4660 fuerit
983 4582 1292 4660 adjuvatus,
1323 4580 1798 4660 peoexaudiente
1833 4580 2106 4660 tantorum
2134 4580 2431 4660 pauperum
2467 4580 2906 4660 refrigeratorm'n
2938 4580 3128 4659 preces
3158 4607 3171 4642 :
3200 4589 3291 4656 qui
3339 4580 3517 4660 tamen
3551 4580 3759 4660 similes

480 4658 612 4735 sunt
638 4650 925 4735 apostolis:
947 4650 1227 4735 aut'paulo
1258 4652 1564 4735 inferiores,
1588 4669 1864 4735 pauperes
1894 4655 2112 4724 quidem
2134 4650 2203 4710 'in
2239 4650 2627 4735 corporalibus
2651 4661 2793 4715 sicut
2833 4650 3153 4735 illi,'divites
3180 4650 3362 4735 autem
3399 4658 3461 4735 in
3493 4656 3757 4735 spiritali-

478 4720 1003 4809 !%9§_-‘4‘ul_il€|:'lsle
1030 4720 1122 4809 (ιξιῑ
1158 4723 1529 4809 ςηιιιειινῇιιρςεξ
1569 4720 1775 4809 divitiis
1810 4720 2189 4809 paupertatem
2215 4720 2397 4809 utnllat
2432 4729 2725 4809 perfectus,
2761 4720 2990 4809 credens
3030 4729 3377 4809 sermonibus
3403 4720 3629 4791 Christi,
3659 4726 3758 4781 ad-

472 4792 760 4874 juvabitur
789 4793 1001 4874 ratione
1040 4792 1184 4874 sicut
1213 4792 1442 4874 apostoli
1469 4793 1696 4874 C‘hristi,
1721 4804 1781 4850 ut
1809 4792 2151 4874 sapiensﬁat
2177 4799 2229 4851 in
2261 4792 2503 4874 Christo,
2539 4807 2599 4853 ut
2628 4792 3012 4874 magnanimis,
3045 4809 3105 4874 ut
3143 4799 3348 4874 justus,
3369 4806 3441 4874 _ut
3466 4805 3671 4864 castus,
3706 4805 3761 4852 et

477 4861 685 4947 absque
724 4863 896 4947 omni”
921 4863 1145 4947 omnino
1192 4861 1619 4947 passione.“Non
1656 4876 1835 4947 tamen
1874 4861 1968 4921 ’δίο
2016 4865 2286 4947 debemus
2314 4861 2636 4947 intelligere,
2671 4861 2747 4924 ut"
2776 4873 2829 4924 in
2881 4872 2995 4940 ipsa
3025 4861 3253 4947 diefvel
3281 4861 3342 4922 in
3368 4869 3488 4947 ipso
3515 4861 3761 4947 tempore

476 4948 590 5015 quo
619 4933 905 5015 tradiderit
918 4933 1089 5015 bona
1108 4934 1582 5015 siia_pai:perib'ils,
1619 4935 1883 5015 efﬁciatur
1911 4938 2137 5015 quinino
2166 4937 2455 5015 perfectus.
2491 4933 2613 4994 'Sed
2658 4933 3060 5015 consequenter
3091 4933 3154 4994 ex
3178 4939 3278 5015 _illa
3312 4933 3531 5007 quidem
3564 4933 3762 5015 diein-

477 5002 642 5085 eipiet
664 5004 966 5085 stimulatio
1000 5002 1091 5057 Dei
1121 5002 1393 5085 adducere
1425 5020 1548 5085 eum
1581 5006 1655 5085 ad
1679 5021 1874 5061 omnes
1895 5008 2143 5085 virtutes,
2166 5002 2234 5062 ἰιι
2267 5009 2491 5085 incipiat
2525 5025 2606 5085 ex_
2621 5025 2685 5065 eo
2715 5002 2979 5085 proli-cere
3009 5011 3150 5065 sicut
3178 5002 3762 5085 lsaac'propteradju-

478 5072 677 5127 torium
700 5072 809 5156 Dei
835 5074 1293 5156 collatum-inse,
1326 5084 1379 5130 et
1406 5075 1773 5156 magisatque
1824 5072 2397 5156 ma_g_is__crescet__per'
2428 5081 2677 5156 singulos
2715 5072 2863 5156 'dies,
2901 5082 3076 5156 donec
3092 5072 3533 5156 __adjutus'_s_ic'ut
3582 5072 3761 5138 Isaac,

475 5157 709 5223 magnus
728 5143 1245 5223 efﬁciatur-valdeiu
1272 5146 1424 5223 omni
1447 5143 1666 5210 vii-tute,
1687 5143 1844 5201 iouini
1876 5143 2121 5223 videlicet
2153 5143 2362 5223 malitia
2395 5143 2581 5223 avulsa
2618 5151 2685 5206 de
2717 5143 2898 5208 anima
2923 5152 3062 5219 ejus.
3092 5149 3158 5204 Et
3189 5143 3269 5223 sic
3294 5148 3386 5218 qui
3412 5150 3561 5223 hanc
3590 5163 3762 5223 expo-

477 5214 733 5268 sitionem
768 5214 1058 5293 defendere
1088 5215 1438 5293 vu_lt,_.dicere
1475 5231 1582 5271 non
1611 5225 1835 5287 cogetur
1858 5216 2160 5288 perfectum
2200 5218 2315 5274 fieri
2352 5220 2626 5275 hominem
2654 5237 2751 5292 per
2782 5223 2889 5278 hoc
2917 5214 3097 5293 ipsum
3125 5220 3272 5291 quod
3306 5214 3591 5273 tradiderit
3614 5214 3759 5273 bona

476 5298 576 5338 sua
598 5284 955 5355 pauperibus,
985 5286 1117 5339 alias
1141 5285 1565 5355 delinquentem.

477 5422 491 5437 .
551 5354 639 5437 lg.
672 5356 824 5409 Alter
859 5366 1039 5437 autem
1073 5354 1626 5437 forsitairabundans
1652 5355 2041 5437 (idenim-studio
2069 5361 2392 5437 _t_ranseundi
2421 5362 2495 5437 a_d_
2524 5361 2837 5437 subtiliora,
2873 5370 2925 5417 et
2949 5361 3017 5416 ad
3058 5360 3487 5437 magnitudinem
3516 5358 3760 5437 aliquam

475 5426 854 5508 intellecturum
888 5427 1332 5508 eminentiumret
1375 5427 1689 5508 digniorum
1732 5426 1975 5508 Christo,
2009 5431 2322 5508 relinquens
2348 5434 2500 5508 verbi
2534 5433 2943 5508 simplicitatem
2982 5440 3035 5487 et
3059 5426 3461 5508 expositionem
3490 5426 3757 5508 moralem

478 5497 756 5562 transibit,
791 5497 981 5551 dicens
1023 5497 1391 5552 substantiam
1435 5512 1557 5553 esse
1586 5498 2023 5570 uniuscujusque
2059 5497 2258 5555 animis
2284 5511 2442 5557 actus
2474 5497 2658 5575 ipsius'
2677 5510 2801 5574 post
2828 5503 3059 5569 exitum,
3102 5497 3162 5555 ιιί
3187 5502 3260 5556 sit
3288 5500 3596 5557 substantia
3627 5499 3760 5569 qui-

548 5611 597 5643 “
619 5609 755 5667 Gen.
778 5614 1033 5680 xxvt,l5.
1119 5613 1167 5645 ⁵⁸
1207 5611 1369 5668 Prov.
1401 5629 1526 5680 xm,
1562 5614 1614 5670 8.

552 5703 666 5772 (64)
715 5705 1000 5760 Ἐνταῦθα
1030 5705 1143 5761 οὖν
1172 5726 1342 5776 φησι,
1374 5718 1478 5767 etc.
1522 5709 1662 5781 Lrgc
1702 5710 1881 5783 φήσει,
1915 5725 2060 5783 supr:

481 5769 971 5847 Tlteophylactum.
1012 5774 1273 5834 "unus.

2163 5711 2450 5772 ναϐήσεται
2493 5716 2585 5771 καὶ
2614 5716 2765 5788 ἐρεῖ.
2797 5714 3065 5771 (latterqu
3103 5713 3222 5770 vide
3262 5711 3650 5785 Hieronymum
3700 5717 3762 5766 et
