4086 6434
457 346 482 402 ι
490 345 599 402 305

1415 341 1774 402 COMMENT.
1800 346 1868 402 ΙΝ
1894 346 2314 405 ΜΑΤἸἩᾹΕΙΙΜ
2348 347 2588 405 TOMUS
2611 348 2726 405 XV.

3592 358 3731 414 1306

458 465 555 521 καὶ
579 463 762 518 δοῦναι
797 465 1052 536 πτωχοῖς.
1096 464 1185 518 Ἐν
1213 462 1440 535 τοιούτῳ
1471 465 2041 539 προσκατειλημμένος

2149 468 2433 525 facultates
2468 471 2703 525 vendere
2750 477 2805 524 et
2856 471 3190 541 pauperibus
3233 486 3458 545 eragare
3503 492 3732 546 persna-

455 555 610 628 τόπῳ
629 560 658 611 6
686 557 856 630 ταύτῃ
891 556 1297 629 παριστάμενος
1324 555 1438 628 (65)
1467 560 1534 629 τῇ
1565 557 1715 630 δόξῃ,
1751 560 1914 630 φήσει
1948 576 2047 612 πε-

459 644 780 717 πληρῶσθαι
813 645 905 701 τὸν
937 646 1257 717 ἁμαρτωλὸν
1280 647 1609 718 πνευμάτων
1631 647 1773 701 κατά
1798 649 1899 721 τὴν
1921 650 2049 704 ἀνα-

459 739 649 808 λογίαν
674 739 782 793 τῶν
829 738 1269 812 ἁμαρτημάτων·
1305 734 1417 795 οἷον
1454 740 1504 793 εί
1546 741 1743 812 πόρνος
1784 741 1868 815 εἴη
1890 783 1905 807 ,
1950 743 2043 797 τοῦ

458 829 757 903 λεγομένου
790 832 847 885 ἐν
889 834 1004 895 τοῖς
1046 832 1356 904 προφήταις
1401 831 1713 903 πνεύματος
1756 834 2043 906 πορνείαςο

461 925 511 976 εἰ
540 922 598 975 δὲ
626 921 874 993 θυμικὸς,
900 921 1210 994 πνεύματος
1238 922 1411 994 θυμοῦ
1431 941 1444 954 ’
1476 922 1619 978 οὕτω
1651 923 1709 977 δὲ
1743 926 1837 977 καὶ
1863 927 1909 978 εἰ
1942 943 2045 979 κα-

458 1012 705 1076 τάλαλος,
736 1013 1046 1083 πνεύματος
1071 1014 1421 1079 καταλαλιάς.
1447 1014 1635 1069 Ταῦτα
1668 1011 1761 1070 οὗν
1781 1034 1866 1081 τις
1892 1018 2048 1089 ἐκτή-

461 1119 592 1155 σατο
611 1102 679 1156 τὰ
709 1103 1024 1175 ὑπάρχοντα
1041 1103 1243 1174 φαῦλος
1258 1103 1354 1167 ὣν,
1383 1104 1478 1157 καὶ
1504 1106 1796 1177 γενόμενος
1820 1107 1886 1177 τῇ
1919 1124 2045 1177 μετ-

453 1196 554 1265 οχῇ
604 1193 712 1249 τῶν
754 1196 1011 1267 χειρόνων
1048 1196 1377 1266 πνευμάτων
1404 1196 1663 1266 Τυφῶνος
1695 1196 2046 1251 πολυπλοκὼ-

453 1299 615 1355 τερος
651 1284 782 1356 (66).
825 1286 1036 1358 Ὥσπερ
1082 1285 1127 1339 δ’
1166 1287 1440 1358 ἐκτήσατο
1487 1287 1650 1355 αὐτά,
1692 1288 2044 1360 ὠνησάμενος

457 1375 774 1447 προαιρέσει
807 1376 1176 1448 εἰκούσητοῖς
1203 1377 1449 1446 φαύλοις,
1484 1378 1658 1443 οὕτως
1690 1380 1944 1433 ἀποδοῖτο
1977 1379 2044 1433 ἂν

453 1461 539 1531 οἷς
560 1466 702 1521 θέλει
729 1469 760 1521 6
789 1468 946 1537 λόγος
968 1464 1124 1534 οὗτος
1151 1473 1390 1541 πτωχοῖς
1414 1470 1501 1524 διὰ
1524 1469 1619 1524 τοῦ
1655 1471 1936 1525 πείθεσθαι
1966 1471 2044 1543 τῷ

468 1557 642 1628 Ἰησοῦ
660 1574 675 1589 ·
702 1558 780 1622 ὡς
804 1558 967 1630 γάρὴ
1000 1561 1189 1631 εἰρήνη
1218 1561 1326 1615 τῶν
1354 1561 1669 1616 ἀποστόλων
1689 1563 1825 1634 πρὸς
1846 1563 2042 1627 αὐτοὺς

453 1650 824 1723 ἀνακάμπτει,
844 1653 939 1707 ὲάν
964 1654 1037 1725 μὴ
1060 1654 1173 1718 υἰδς
1196 1656 1418 1726 εἰρήνης
1441 1654 1592 1725 τύχοι
1609 1650 1746 1709 εἶναι
1771 1656 1800 1708 6
1828 1654 2042 1709 ἁκούων

451 1741 516 1797 τό
535 1760 551 1774 ·
582 1762 602 1796 ι
636 1745 842 1815 Εἰρήνη
871 1746 1031 1816 ὑμῖνο
1064 1765 1083 1797 ›
1113 1745 1285 1810 οὕτως
1309 1748 1343 1817 ή
1376 1747 1622 1818 πορνεία,
1649 1749 1744 1800 καὶ
1771 1747 1946 1801 πάντα
1970 1746 2041 1800 τά

455 1833 852 1906 ἁμαρτήματα,
882 1837 1057 1891 πάντα
1080 1835 1401 1908 ἀνακάμψαι
1433 1838 1500 1892 ἂν
1526 1838 1661 1909 πρὸς
1685 1839 1812 1902 τοὺς
1833 1838 2042 1902 αἰτίους

450 1926 563 1981 τῶν
610 1928 1024 1998 ἁμαρτημάτων
1057 1928 1325 2000 πτωχούς.
1376 1931 1487 1984 Καὶ
1525 1930 1639 1984 ἐστι
1683 1930 1759 2002 μὴ
1790 1929 2041 1985 διστάσαι

452 2018 696 2091 περὶτοῦ
725 2018 931 2073 τέλειον
958 2019 1201 2088 γίνεσθαι
1217 2020 1308 2073 τὸν
1335 2019 1479 2074 οὕτω
1506 2020 1834 2092 πωλήσαντα
1864 2021 2043 2075 πάντα

450 2108 524 2164 τά
563 2108 930 2181 ἀποδεδομένα
966 2111 1301 2182 ὑπάρχοντα,
1352 2113 1447 2165 καὶ
1477 2111 1635 2164 δόντα
1678 2115 1937 2183 πτωχοῖς.
1978 2110 2043 2168 Εἰ

451 2197 510 2254 δὲ
542 2200 719 2272 χρόνῳ
761 2201 941 2274 πολλῷ
973 2203 1282 2257 ἀποδίδοται
1310 2202 1381 2256 τὰ
1410 2204 1744 2277 ὑπάρχοντα,
1780 2205 1877 2258 καὶ
1910 2203 2042 2257 πολ-

452 2292 547 2345 λοῦ
577 2293 749 2347 δεῖται
793 2295 985 2365 χρόνου
1015 2294 1153 2366 πρὸς
1193 2294 1253 2348 τὸ
1296 2294 1479 2350 δοῦναι
1515 2295 1655 2349 αὐτά
1692 2290 1775 2360 οἷς
1815 2297 2045 2368 εἴπομεν

450 2385 710 2452 πτωχοῖς,
743 2384 901 2439 οὐδὲν
941 2385 1008 2439 ἂν
1054 2385 1317 2439 κωλύοιτο
1363 2388 1392 2441 6
1436 2386 1594 2456 λόγος
1635 2386 1814 2459 χρόνῳ
1843 2387 2040 2455 διδοὺς,

449 2474 572 2526 κατ’
614 2474 911 2544 ἀναλογίαν
950 2470 1027 2531 ὧν
1057 2477 1375 2532 ἀποδέδοται
1407 2482 1525 2543 τοῖς
1547 2482 1805 2550 πτωχοῖς,
1836 2479 2044 2536 τέλειον

449 2564 696 2634 γίνεσθαι
723 2567 816 2622 τὸν
837 2567 1010 2622 ταῦτα
1037 2570 1323 2624 ποιοῦντα·
1360 2569 1548 2640 σαφῶς
1573 2571 1631 2624 δὲ
1658 2572 1686 2624 6
1707 2570 1880 2626 ταῦτα
1907 2572 2044 2644 πρά·

449 2655 547 2725 ξας
581 2658 694 2725 ἔξει
723 2659 997 2732 θησαυρὸν
1041 2661 1100 2716 ὲν
1140 2661 1375 2734 οὐρανῷ,
1418 2664 1511 2716 καὶ
1550 2663 1715 2730 αὐτὸς
1756 2666 2043 2739 γινόμενος

449 2749 807 2823 ἐπουράνιοςσ
838 2748 950 2818 οἷος
993 2754 1093 2824 μὲν
1133 2753 1242 2826 γὰρ
1284 2756 1313 2810 6
1361 2755 1565 2826 χοῖκὺς,
1594 2759 1622 2811 6
1672 2760 1910 2832 πονηρὸς
1941 2760 2039 2832 δη-

448 2842 604 2915 λαδὴ,
636 2843 868 2899 τοιοῦτοι
901 2846 996 2898 καὶ
1038 2847 1086 2898 oi
1115 2845 1289 2917 χοϊκοί
1309 2862 1323 2877 ο
1355 2847 1451 2902 καὶ
1491 2843 1604 2913 οἷος
1630 2850 1660 2902 6
1693 2850 2037 2924 ἐπουράνιος,

446 2935 723 2990 τουτέστιν
747 2938 777 2990 6
811 2936 1065 3009 Χριστὸς,
1107 2936 1336 2990 τοιοῦτοι
1363 2937 1455 2991 καὶ
1483 2939 1534 2992 οἱ
1566 2940 1899 3013 ἐπουράνιοι.
1949 2943 2040 2997 Ἐν

447 3026 526 3098 τῷ
548 3023 642 3080 οὖν
669 3026 833 3080 αὐτοῦ
868 3026 1025 3099 μέρει
1070 3027 1287 3100 οὐρανῷ
1314 3026 1426 3093 ἕξει
1471 3028 1746 3103 θησαυρὸν
1782 3032 1811 3084 6
1844 3031 2038 3104 βουλη-

449 3116 564 3180 θεὶς
586 3116 792 3179 τέλειος
822 3116 1098 3185 γενέσθαι,
1134 3118 1228 3171 καὶ
1267 3118 1527 3190 πωλήσας
1549 3120 1727 3174 πάντα
1754 3120 1825 3176 τά
1860 3122 2036 3195 ὑπάρ-

2147 560 2291 615 deat.
2327 560 2429 626 Qui
2465 561 2707 630 opinioni
2741 561 2868 615 huic
2894 562 3204 618 assentiens
3234 564 3326 620 hic
3354 565 3515 621 luerLt
3536 569 3732 637 depre-

2147 654 2372 717 hensus,
2410 668 2508 722 pro
2540 664 2885 718 peccatorum
2937 670 3164 710 suorum
3197 657 3408 711 ratione
3441 660 3728 727 spiritibus

2144 745 2410 814 repletum
2455 760 2576 800 esse
2619 756 2963 816 peecatorem
3012 747 3186 814 dicet;
3238 757 3296 802 ut
3340 750 3387 804 si
3434 760 3725 819 scortator,

2144 836 2295 891 verbi
2322 850 2509 901 causa,
2554 838 2737 903 fuerit,
2791 838 3141 895 sc0rtationis
3180 841 3324 895 dicto
3368 858 3396 895 a
3447 843 3728 912 prophetis

2146 926 2342 994 spiritu
2376 926 2450 991 °°;
2492 927 2538 981 si
2587 927 2905 991 iracundus,
2956 930 3151 999 spiritu
3189 932 3507 1000 iracundize,
3542 934 3588 987 si
3625 935 3729 989 ob—

2148 1028 2429 1085 trectator,
2460 1020 2653 1090 spiritu
2682 1021 3116 1079 obtrectationis.
3159 1023 3269 1078 llas
3314 1040 3443 1093 ergo
3482 1025 3729 1096 possidet

2145 1109 2434 1166 facultates
2479 1112 2575 1181 qui
2623 1113 2800 1167 malus
2847 1123 2952 1181 est,
3003 1124 3058 1169 et
3102 1116 3422 1184 nequiorum
3474 1132 3731 1172 commu-

2145 1202 2309 1255 nione
2342 1201 2635 1270 spirituum
2681 1200 2944 1273 Typhone
2988 1203 3299 1256 mutabilior
3322 1213 3426 1257 est.
3451 1202 3516 1257 Et
3536 1220 3731 1274 quem-

2146 1291 2437 1344 admodum
2486 1292 2766 1359 voluntate
2798 1294 2957 1349 malis
2999 1294 3407 1364 obtemperante
3440 1310 3503 1350 ea
3536 1311 3725 1351 emens

2145 1380 2248 1435 sibi
2289 1380 2656 1449 comparavit;
2687 1381 2763 1435 ita
2791 1379 2922 1436 Jesu
2955 1396 3160 1435 morem
3203 1381 3440 1452 gerendo
3472 1382 3557 1435 his
3584 1396 3727 1450 pau-

2143 1472 2365 1541 peribus
2393 1471 2482 1525 illa
2509 1472 2785 1536 divendat,
2815 1473 2909 1543 qui
2944 1473 3047 1528 isto
3074 1474 3244 1543 678
3266 1489 3521 1528 sermone
3550 1475 3725 1542 signi-

2144 1563 2397 1617 ficantur.
2429 1564 2501 1619 Ut
2528 1563 2673 1617 enim
2712 1565 3085 1634 apostolorum
3113 1581 3217 1634 pax
3258 1566 3324 1620 ad
3371 1565 3521 1635 ipsos
3546 1580 3731 1619 rever-

2144 1655 2298 1719 titur,
2327 1656 2372 1709 si
2415 1656 2565 1725 pacis
2594 1654 2732 1711 forte
2759 1656 2904 1712 filius
2954 1673 3061 1710 non
3099 1656 3283 1720 fuerit,
3315 1657 3410 1727 qui
3444 1656 3575 1710 illud
3623 1671 3729 1710 au-

2143 1748 2221 1803 dit
2246 1748 2322 1802 ":
2366 1767 2386 1799 ι
2432 1747 2541 1802 Pax
2582 1749 2767 1816 vobis;
2807 1767 2826 1800 ι
2860 1749 2933 1803 ita
2961 1748 3245 1815 scertatio,
3277 1757 3332 1803 et
3363 1750 3568 1817 reliqua
3607 1763 3731 1802 om-

2071 1826 2115 1880 Β
2144 1841 2235 1895 nia
2274 1849 2495 1911 peccata
2536 1840 2604 1895 ad
2653 1856 2920 1911 pauperes
2962 1848 3328 1905 revertentur,
3371 1841 3465 1909 qui
3497 1855 3724 1895 causam

2140 1933 2248 1989 illis
2279 1935 2648 2004 praebuerunt.
2674 1931 2788 1989 Nec
2820 1934 3049 1988 dubium
3086 1948 3207 1988 esse
3238 1940 3418 2002 potest
3441 1933 3574 2000 quin
3607 1930 3727 1985 effi—

2140 2026 2320 2080 ciatur
2361 2024 2635 2095 perfectus
2675 2025 2770 2096 qui
2818 2025 3106 2080 facultates
3154 2038 3368 2083 omnes,
3400 2038 3538 2089 quas
3578 2021 3727 2077 dixi-

2142 2131 2286 2182 mus,
2323 2117 2644 2181 vendiderit,
2685 2124 2742 2173 et
2779 2120 2965 2187 egenis
3003 2115 3167 2170 fuerit
3209 2114 3457 2185 largitus.
3487 2112 3642 2180 Quod
3677 2113 3727 2168 si

2141 2210 2402 2265 diuturno
2428 2217 2672 2280 tempore
2697 2210 3005 2264 venduntur
3030 2207 3315 2263 facultates
3340 2216 3392 2262 et
3415 2206 3481 2261 ad
3506 2222 3570 2261 ea
3600 2222 3729 2276 pauv

2140 2302 2364 2372 peribus
2407 2317 2548 2374 quos
2592 2301 2855 2367 diximus,
2898 2301 3195 2372 eroganda,
3243 2299 3468 2372 longum
3512 2308 3729 2368 tempus

2141 2394 2512 2463 desideratur;
2556 2410 2669 2450 non
2714 2393 2969 2464 impediet
3013 2392 3262 2463 profecto
3305 2392 3423 2447 haec
3471 2390 3731 2447 distribu-

2141 2481 2309 2539 tionis
2333 2483 2688 2551 diuturnitas,
2715 2483 3014 2553 quominus
3056 2482 3149 2552 qui
3180 2482 3279 2538 ista
3317 2480 3467 2546 facit,
3505 2495 3604 2550 pro
3641 2495 3731 2535 re-

2139 2588 2262 2628 rum
2296 2588 2326 2628 a
2378 2588 2438 2629 se
2473 2574 2661 2645 egenis
2705 2572 3123 2628 distributarum
3169 2570 3403 2637 ratione,
3451 2568 3730 2640 perfectus

2139 2664 2366 2731 evadat;
2408 2663 2653 2719 futurum
2688 2671 2869 2718 autem
2918 2669 2979 2716 ut
3013 2661 3334 2716 thesaurum
3368 2658 3424 2712 in
3459 2658 3598 2714 coelo
3629 2658 3731 2712 ba-

2137 2754 2283 2821 beat,
2311 2754 2549 2811 cmlcstis
2588 2763 2642 2809 et
2686 2754 2803 2824 ipse
2832 2752 3082 2816 enectus,
3120 2751 3213 2822 qui
3250 2751 3367 2806 haec
3400 2749 3571 2820 egerit
3602 2763 3731 2819 pen-

2139 2847 2391 2917 spicuum
2439 2854 2566 2902 est:
2603 2847 2783 2917 qualis
2829 2846 2977 2901 enim
3011 2851 3265 2900 terrenus
3307 2850 3414 2911 est,
3439 2841 3619 2896 malus
3643 2838 3732 2894 vi-

2138 2937 2353 3002 delicet,
2387 2937 2525 2993 tales
2550 2946 2678 2993 sunt
2705 2946 2759 2993 et
2787 2936 3018 3003 terreni;
3050 2943 3107 2990 et
3131 2934 3310 3005 qualis
3341 2942 3429 2989 est
3462 2930 3721 2997 ccelesﬁs,

2138 3042 2333 3098 nempe
2364 3026 2640 3093 Christus,
2666 3027 2804 3081 tales
2833 3033 2963 3081 sunt
2992 3031 3045 3078 et
3082 3023 3354 3079 caelestes.
3385 3022 3444 3077 In
3479 3020 3729 3092 portione

2138 3135 2270 3191 ergo
2319 3135 2441 3181 sua,
2488 3120 2631 3175 cwlo
2674 3119 2946 3185 videlicet,
2993 3118 3314 3172 thesaurum
3364 3113 3585 3169 habebit
3633 3112 3730 3182 qui

446 3222 631 3279 χοντα,
672 3208 766 3262 καὶ
808 3184 933 3271 δοὺς
973 3211 1087 3273 τοῖς
1135 3213 1393 3282 πτωχοῖς.
1409 3184 1419 3190 Ι
1433 3211 1593 3265 Ἀλλά
1639 3212 1715 3285 μὴ
1758 3184 2038 3289 ὐπολάσῇς

2142 3184 2414 3282 perfectus
2439 3211 2555 3266 fieri
2581 3211 2833 3275 voluerit,
2858 3218 2912 3265 ct
2949 3209 3093 3264 bona
3125 3224 3224 3265 sua
3264 3207 3447 3263 omnia
3474 3204 3734 3259 vendide-

445 3298 540 3353 τὸν
581 3300 898 3371 τηλικοῦτον
939 3299 1200 3355 δύνασθαι
1243 3303 1303 3356 ὲν
1351 3305 1465 3366 τοῖς
1514 3302 1655 3357 κατά
1699 3303 1770 3357 τά
1807 3304 2039 3376 βιωτικά

2142 3302 2235 3366 rit,
2261 3311 2314 3356 et
2346 3301 2674 3371 pauperibus
2707 3300 3085 3371 impertiverit.
3119 3297 3321 3354 Verum
3362 3313 3431 3351 ne
3460 3295 3603 3349 inter
3631 3294 3733 3348 ho-

445 3388 719 3452 πλουσίοις
752 3389 1038 3462 εὑρεθῆναι
1060 3406 1074 3421 ο
1101 3390 1187 3455 τίς
1213 3391 1323 3465 γὰρ
1356 3391 1535 3447 αὐτῶν
1559 3393 1788 3449 ἀπέδοτο
1816 3395 1917 3468 τὴν
1948 3414 2039 3467 φι-

2144 3393 2323 3448 ηιὶηυε
2349 3393 2537 3448 mundi
2566 3394 2730 3461 hujus
2755 3393 2961 3448 divitiis
2990 3390 3272 3446 afﬂuentes
3297 3397 3510 3444 tantum
3546 3386 3726 3440 virum

444 3481 786 3545 ὶοπλουτίαν,
833 3482 929 3535 καὶ
974 3481 1105 3554 τὴν,
1156 3483 1223 3537 ἶν’
1266 3483 1442 3548 οὕτως
1487 3484 1771 3557 ὀνομάσω,
1822 3486 2038 3558 φιλοκο-

2144 3484 2371 3555 reperiri
2404 3499 2562 3554 posse
2591 3484 2908 3549 existimes;
2950 3483 3076 3552 quis
3107 3483 3253 3537 enim
3300 3479 3519 3534 illorum
3562 3476 3726 3546 cupi-

447 3573 613 3645 σμίαν
637 3589 652 3639 ;
686 3572 783 3637 Τίς
813 3573 871 3627 δὲ
902 3572 1078 3643 πάντη
1108 3572 1339 3626 ἀπέδοτο
1365 3573 1426 3626 τὸ
1449 3572 1667 3645 πνεῦμα
1692 3575 1793 3645 τῆς
1819 3575 2033 3629 κενοδο-

2140 3573 2363 3631 ditatem
2392 3575 2730 3640 divitiarum,
2764 3584 2819 3627 et
2862 3573 3048 3642 hujus,
3092 3581 3153 3626 ut
3195 3572 3267 3625 ita
3295 3569 3499 3633 dicam,
3537 3567 3727 3622 mundi

444 3660 586 3732 ξίας,
616 3665 702 3718 ἵνα
725 3666 949 3737 χωρήσῃ
979 3666 1038 3719 ὲν
1069 3663 1149 3735 τῷ
1186 3663 1378 3717 ἑαυτοῦ
1407 3664 1621 3737 οὐρανῷ
1658 3663 1929 3735 θησαυρὸν
1950 3665 2038 3718 δό-

2140 3679 2387 3717 antorem
2423 3664 2707 3719 vendidit?
2730 3662 2864 3728 Quis
2889 3663 3070 3717 inanis
3101 3661 3287 3732 gloria:
3308 3659 3548 3715 studium
3573 3657 3730 3728 peni-

1652 3755 1888 3811 VETUS
1937 3754 2523 3811 INTEBPRETATIO.

441 3849 567 3906 dem
592 3847 869 3917 iustorum
898 3848 1027 3902 boni
1063 3855 1240 3910 actus.
1264 3847 1510 3917 ipsorum
1547 3854 1730 3903 autem
1767 3847 2060 3913 malorum,
2086 3845 2240 3902 mali.
2274 3845 2374 3900 Hic
2402 3861 2534 3914 ergo
2558 3845 2693 3917 dicit
2731 3860 2858 3900 eum
2888 3843 2979 3915 qui
3015 3842 3216 3898 multas
3245 3840 3481 3896 habebat
3503 3853 3727 3908 posses-

442 3916 653 3978 siones,
680 3918 902 3971 divitem
944 3919 1115 3990 fuisse
1148 3918 1201 3971 in
1235 3916 1499 3990 mysterio
1522 3917 1644 3986 ejus
1681 3917 1782 3990 qui,
1808 3918 1980 3971 multa
2004 3917 2437 3990 possidctvopera
2466 3916 2718 3990 mala._in
2754 3917 2955 3990 quibus
2980 3924 3159 3990 potest
3196 3928 3320 3990 esse
3352 3921 3407 3966 et
3437 3925 3593 3965 antor
3629 3924 3729 3990 pej-

444 3990 758 4052 cuniarum,
801 3998 854 4042 et
883 3985 1333 4057 concupiscentia
1367 3985 1574 4057 gloriae,
1617 3995 1672 4042 et
1701 3985 1838 4042 alia:
1869 4003 1955 4041 res
1990 3996 2222 4042 terrena:
2265 3987 2534 4057 replentes
2569 3986 2810 4057 animam
2858 3986 3001 4055 ejus.
3052 3985 3321 4057 Quoniam
3349 3996 3516 4057 __ergo_
3550 3989 3728 4057 potest

445 4049 855 4127 aliquandoqui
889 4059 993 4112 hoc
1026 4049 1195 4127 modo
1227 4049 1493 4113 dives'est
1527 4049 1802 4113 abstinere
1828 4058 2047 4127 quidem
2077 4071 2137 4111 se
2163 4072 2193 4110 a
2222 4049 2381 4110 mal-is
2401 4056 2752 4126 quibusdam,
2781 4049 2991 4126 utputa,
3029 4049 3537 4127 abhomicidiofab
3564 4049 3725 4127 adul-_

447 4125 610 4200 terio,
645 4145 674 4182 a
725 4125 894 4200 furto,
930 4144 986 4200 ag
1013 4126 1153 4183 falso
1199 4127 1618 4200 testimonio,_et
1647 4144 1771 4200 qua}
1799 4125 2133 4183 conveniunt
2170 4125 2486 4196 parentibus
2510 4127 2770 4200 reddere
2793 4125 2918 4200 cum
2966 4125 3205 4200 quodam
3254 4125 3497 4200 honore:
3537 4125 3729 4200 potest

446 4199 612 4253 etiam
656 4213 781 4252 esse
821 4198 1025 4266 aliquis
1046 4206 1103 4252 et
1149 4197 1468 4254 misericors
1499 4198 1568 4251 ad
1613 4193 1914 4267 proximos,
1946 4212 2053 4250 non
2098 4193 2277 4251 tamen
2309 4207 2362 4250 et
2402 4199 2716 4267 perfectus:
2759 4197 2881 4251 ideo
2914 4193 3212 4267 consilians
3258 4193 3572 4267 hujusmodi
3606 4193 3727 4244 viro

442 4270 679 4343 imperat
703 4261 959 4343 Christus
989 4268 1226 4324 vendere
1253 4284 1471 4324 omnem
1521 4261 2145 4343 substantiammalam,
2174 4277 2229 4322 et
2257 4261 2420 4343 quasi
2450 4268 2661 4343 tradere
2687 4282 2806 4321 eam
2854 4265 3150 4343 virtutibus
3192 4261 3545 4343 operantibus
3576 4274 3722 4343 eam,

445 4337 569 4410 qua:
606 4340 675 4393 ab
721 4341 871 4393 ntuni
912 4340 1058 4393 bono
1089 4347 1545 4410 pauperesgsunt,
1582 4347 1647 4410 et
1669 4349 1889 4408 propter
1936 4339 2042 4392 hoc
2070 4354 2178 4410 non
2213 4338 2480 4410 sufferunt
2529 4339 2730 4410 minas.
2771 4337 3071 4410 secundum
3107 4337 3253 4410 quod
3286 4337 3546 4410 scriptum
3583 4341 3724 4410 est:

446 4400 480 4481 ς’
504 4408 718 4479 Pauper
745 4422 927 4464 autem
960 4400 1288 4481 nonsuﬂ’ert
1312 4400 1575 4481 minas.)
1617 4400 1724 4463 sed
1750 4400 1866 4464 s'cio
1890 4412 2021 4478 quia
2057 4409 2211 4481 valde
2240 4408 2477 4481 violenta
2508 4407 2778 4481 videbitur
2805 4400 3232 4481 expositiqista,
3262 4402 3482 4481 solvens.
3502 4400 3725 4481 quidem

445 4472 673 4552 honeste
698 4497 829 4552 quae
844 4481 918 4552 de
958 4478 1291 4552 perfectione
1329 4478 1649 4552 suntdicta,
1674 4490 1782 4533 non
1816 4472 1995 4552 autern
2028 4480 2182 4552 valde
2218 4479 2572 4552 persuadens,
2607 4487 2664 4530 ut
2697 4472 2975 4546 deponens
3009 4474 3135 4552 quis
3163 4489 3285 4552 qua:
3319 4472 3727 4552 malitiazsunt,

443 4550 681 4605 vendere
704 4539 1458 4620 intelligatursubstantiam,
1485 4558 1540 4603 et
1560 4539 1693 4604 dare
1722 4550 2073 4620 pauperibus.
2103 4539 2272 4614 Qua-si
2302 4548 2354 4600 in
2387 4548 2479 4601 tali
2514 4539 2695 4620 autem
2738 4539 3044 4620 praeventus
3066 4539 3391 4599 loeo'dicam
3417 4558 3432 4594 :
3463 4540 3559 4610 qui
3586 4539 3729 4620 hanc

439 4621 840 4690 expositionem
870 4617 1351 4700 defenditndieere
1378 4630 1553 4700 potest
1584 4617 1848 4700 quoniam
1878 4620 2182 4700 plenusest
2212 4628 2463 4700 peccator
2485 4618 2776 4700 spiritibus
2793 4617 3091 4700 secundum
3125 4618 3728 4700 mensuram‘peccalo-

441 4681 567 4746 tuin
602 4706 826 4745 suorum
855 4707 869 4743 :
912 4698 1101 4760 utputa
1121 4681 1487 4760 fornicarius,
1520 4681 1822 4745 secundum
1854 4681 2000 4759 quod
2030 4681 2232 4760 dicitur
2258 4690 2311 4742 in
2338 4681 2659 4760 Sci-intigris,
2696 4687 2893 4760 spiritu
2921 4685 3338 4760 fornicationis;
3373 4681 3724 4760 furibundus,

441 4761 640 4833 spiritu
666 4760 868 4833 furoris
892 4777 906 4814 :
936 4750 990 4815 et
1016 4760 1145 4833 mali
1168 4759 1391 4833 loquax,
1421 4750 1615 4833 spiritu
1640 4750 2064 4833 criminationis.
2090 4759 2253 4833 Istam
2266 4750 2651 4833 substantiam
2674 4750 2968 4833 acquisivit
2993 4756 3089 4833 qui
3111 4755 3297 4833 malus
3313 4753 3438 4818 fuit,
3461 4760 3518 4807 et
3547 4750 3724 4833 factus

442 4827 528 4887 est
559 4830 976 4901 participatione
1006 4827 1275 4901 malorum
1305 4827 1596 4899 spirituum
1627 4830 1994 4901 abundantior
2022 4837 2078 4884 et
2114 4827 2478 4901 imultiplicior
2518 4830 2574 4884 in
2616 4828 2750 4901 ipsis
2780 4827 2963 4901 malis.
3011 4828 3168 4882 Sicut
3206 4831 3402 4901 autem
3425 4827 3724 4901 acquisivit

441 4890 572 4971 quis
597 4916 718 4956 eam
749 4890 939 4955 émens
965 4900 1196 4956 arbitrio
1221 4890 1443 4969 proprio
1471 4900 1820 4971 complacens
1856 4901 2046 4971 malis,
2080 4900 2160 4956 sic
2185 4890 2534 4971 ven'diteam,
2564 4907 2619 4954 et
2636 4890 2733 4971 dat
2766 4899 2967 4971 talibus
2992 4895 3348 4971 pauperibus,
3372 4893 3439 4946 de
3460 4890 3722 4961 qualibus

442 4964 687 5042 loquitur
715 4986 899 5027 sermo
927 4986 1024 5042 per
1057 4971 1163 5042 hoc
1186 4964 1346 5042 quod
1375 4964 1613 5025 credidit
1634 4970 2064 5042 verbisChristi,
2092 4979 2147 5025 et
2193 4968 2413 5042 reliquit
2451 4983 2593 5024 eam.
2630 4966 2782 5024 Sicut
2822 4968 2969 5024 enim
2993 4964 3510 5042 'pax’apostolorutn
3536 4975 3725 5039 rever-3

438 5033 576 5097 titur
598 5043 665 5097 ad
701 5043 866 5111 ipsos,
906 5033 1013 5096 nisi
1059 5033 1235 5095 fuerit'
1267 5040 1414 5096 filius
1442 5042 1603 5115 pacis
1623 5058 1636 5093 :
1684 5041 1766 5115 sic
1811 5040 2122 5115 fornicatio,
2153 5048 2209 5094 et
2257 5033 2533 5115 universa
2559 5050 2782 5109 peccata
2826 5033 3183 5115 revertuntur:
3208 5033 3278 5089 ad
3317 5047 3587 5115 pauperes
3630 5033 3725 5115 qui

442 5122 697 5187 auctores
721 5103 1252 5187 suntpeccatorum,
1283 5126 1409 5165 cum
1442 5103 1565 5187 non
1579 5109 1743 5165 fuerit
1772 5120 1933 5187 utens
1962 5103 2121 5166 malis
2149 5108 2461 5187 eor_um._Et
2490 5103 2577 5187 sic
2602 5124 2779 5180 neque
2807 5106 3075 5187 dubitatio
3107 5107 3213 5187 erit
3236 5103 3729 5187 quit-iustati‘nrlia‘t

442 5182 718 5252 perfectus
746 5184 839 5253 qui
877 5176 967 5238 sic
999 5176 1244 5253 vendidit
1271 5196 1484 5253 omnes,
1521 5182 1666 5237 sicut
1702 5183 2050 5248 tradidimus,
2077 5182 2328 5253 proprias
2364 5179 2671 5246 facultates,
2688 5176 2762 5234 ἐι
2789 5180 2940 5253 dedit
2966 5176 3321 5253 pauperibus,
3353 5176 3411 5227 Si
3455 5179 3636 5253 autem
3668 5178 3725 5223 et

445 5243 689 5322 tempore
721 5243 894 5307 multo
930 5252 1244 5322 hujusmodi
1287 5243 1576 5307 facultates
1622 5253 1935 5307 venduntur
1976 5243 2045 5307 et'
2068 5243 2301 5306 {nul-tum
2331 5260 2546 5319 tempus
2576 5243 3160 5322 necessarium—estut
3199 5246 3486 5322 tradantur
3497 5243 3722 5322 Iqu.bns

442 5313 936 5394 dixi'pauperibus,
966 5313 1103 5378 nihil
1128 5323 1469 5394 contrarium
1494 5331 1620 5394 est:
1657 5324 1753 5394 sed
1791 5323 2094 5378 secundum
2120 5313 2540 5394 aestimationem
2564 5320 2898 5394 traditurum
2940 5320 3218 5374 malorum
3264 5313 3601 5394 pauperibus
3625 5325 3721 5394 per

442 5383 766 5463 tetnp'ora'ﬁt
793 5383 1068 5464 perfectus
1091 5394 1187 5465 qui
1218 5393 1344 5448 talia
1370 5391 1517 5448 fecit.
1551 5392 1905 5448 Manifestum
1932 5402 2019 5449 est
2049 5400 2258 5458 autem,
2292 5399 2353 5446 ut
2383 5390 2479 5460 qui
2509 5390 2638 5445 talia
2666 5391 2778 5462 egit
2796 5391 2999 5447 habeat
3026 5383 3346 5445 thesaurum
3383 5383 3440 5436 in
3466 5383 3631 5446 celo,
3666 5390 3722 5436 et

516 5486 561 5518 ⁸⁸³
599 5481 725 5540 Ose.
759 5501 836 5552 tv,
868 5486 956 5554 12,
989 5496 1119 5552 etv,
1149 5487 1203 5543 4.
1280 5487 1325 5520 ⁵⁸
1365 5486 1501 5543 Luc.
1538 5504 1596 5557 ι,
1622 5488 1678 5542 6.

516 5576 630 5650 (65)
673 5577 1139 5649 Παριστάμενος.
1178 5579 1361 5637 Codex
1402 5579 1629 5651 Regius,
1673 5580 2034 5654 παραστησά-

672 5716 1536 5791 ηφῶνοςνπολνυπλοκώτερος.
1566 5723 1739 5790 Plato,
1777 5723 1831 5777 in
1866 5722 2024 5777 Plue-

439 5786 542 5847 ανδ
562 5805 583 5847 :
608 5786 737 5846 Εἴτε
755 5786 813 5844 τι
845 5786 1030 5861 θηρίον
1073 5790 1148 5847 ὢν
1186 5786 1439 5866 τυγχάνω
1470 5786 1733 5865 Τυφῶνος
1757 5793 2026 5849 πολυπλο-

2139 5576 2523 5651 κώτερον,λκαὶ
2551 5574 2861 5651 μᾶλλον-ἔτι
2892 5571 3303 5651 τετυφωμένον-ο
3342 5585 3526 5651 quenL
3541 5570 3725 5651 locum

2139 5641 2338 5732 repetit
2358 5641 2709 5732 lflutarchus,
2734 5646 3000 5732 Adversus
3036 5641 3723 5732 Qo‘l‘thSexétusllilinpirj,

2134 5713 2230 5775 lib'.
2256 5733 2332 5771 vn
2359 5718 2623 5789 Adversus
2647 5718 2867 5789 Iogicos,
2896 5731 3017 5789 cap.
3045 5716 3114 5770 de
3133 5713 3316 5784 Hom.,
3343 5713 3726 5786 Suidas,Apo-

2137 5789 2352 5856 stolius,
2380 5787 2677 5861 Gregorius
2701 5784 2873 5863 Cypr.
2912 5784 3177 5845 Hunnus.
