4086 6414
416 346 550 402 1511

1892 333 2216 391 ORIGENIS

3554 324 3692 381 1512

411 485 545 540 dum
571 481 627 539 in
666 483 782 554 lege
830 481 1159 554 perhibetur,
1194 480 1287 536 sed
1337 479 1500 534 etiam
1544 481 1691 551 quod
1737 478 1992 534 universo

2096 475 2275 542 δαξεν,
2297 474 2431 530 ἀλλὰ
2454 474 2548 529 ml.
2574 473 2672 546 τὴν
2701 473 2830 545 δλην
2862 467 3028 525 αὐτοῦ
3052 466 3374 541 σκολιότητα
3402 466 3537 537 (70)°
3566 466 3599 537 ἡ
3632 465 3691 518 δὲ

413 590 647 644 corpore
677 583 956 628 tortuosus
977 573 1066 627 sit.
1110 570 1180 625 At
1195 571 1458 626 caelorum
1486 586 1710 641 regnum
1736 569 1992 623 foramini

414 683 551 723 acus
574 668 927 729 assiniilatur,
970 672 1029 718 ut
1057 673 1341 733 angustam
1375 678 1497 718 esse
1535 673 1745 734 portam
1777 662 1993 732 utrique

413 759 592 822 diviti,
630 768 683 813 et
705 767 914 814 arctum
941 755 1091 827 regni
1115 755 1378 810 caelorum
1425 753 1632 808 aditum
1659 754 1995 809 demonstre-

412 860 524 921 tur.
560 848 806 905 Ostendit
834 858 1014 902 autem
1040 847 1156 901 fieri
1183 862 1279 916 per
1321 861 1442 901 sese
1470 846 1695 901 minime
1728 861 1889 916 posse
1934 854 1993 900 ut

412 941 655 997 camelos
708 955 805 1010 per
856 938 1098 993 foramen
1144 953 1276 992 acus
1338 935 1503 991 intret
1548 955 1562 991 :
1616 953 1741 992 cum
1804 946 1988 992 autem

411 1032 597 1089 oiunia
615 1033 669 1086 in
686 1039 949 1101 potestate
971 1030 1063 1085 Dei
1084 1031 1189 1085 sita
1209 1030 1337 1094 sint,
1370 1027 1611 1099 profecto
1632 1037 1686 1083 et
1710 1029 1839 1083 illud
1861 1029 1990 1083 dum

412 1123 673 1179 ineffabili
702 1124 901 1177 virtute
950 1121 1181 1191 improbi
1229 1121 1535 1177 crassitiem
1584 1128 1862 1185 attenuat,
1910 1120 1992 1175 vel

407 1216 595 1270 aditus
618 1215 927 1285 angustiam
954 1213 1056 1284 ipsi
1083 1212 1395 1283 amplificat.
1444 1212 1794 1279 Quodautem
1847 1211 1992 1267 fora-

407 1305 646 1361 miniset
670 1306 864 1360 cameli
881 1305 1132 1375 exetuplo
1150 1321 1283 1359 usus
1306 1303 1396 1367 sit,
1426 1312 1484 1359 ut
1509 1304 1821 1359 ostenderet
1855 1301 1991 1356 ditii-

409 1396 516 1452 cile
534 1396 754 1467 quidem
777 1412 899 1452 esse
917 1397 969 1450 in
993 1396 1255 1451 caalorum
1276 1411 1503 1466 regnum
1520 1394 1741 1449 divitem
1760 1395 1986 1462 intrare,

408 1495 468 1542 at
490 1488 831 1560 impossibile
861 1502 970 1542 non
994 1504 1139 1551 esse,
1165 1503 1231 1541 ex
1257 1503 1323 1542 eo
1345 1496 1558 1542 constat
1584 1486 1728 1557 quod
1751 1487 1992 1556 discipu—

407 1577 480 1633 lis
506 1578 817 1635 dicentibus
839 1579 881 1610 ετ
909 1597 922 1633 :
963 1598 981 1630 ι
1012 1577 1145 1645 Quis
1170 1592 1300 1646 ergo
1331 1578 1526 1647 poterit
1553 1577 1739 1633 salvus
1765 1594 1888 1633 esse
1910 1578 1933 1631 ’ἒ
1963 1598 1984 1631 ι

406 1669 573 1742 681
618 1683 939 1738 responsum
991 1668 1064 1724 sit
1098 1666 1183 1721 ⁶⁸ε
1225 1685 1243 1717 ι
1274 1666 1428 1736 Apud
1459 1666 1708 1722 homines
1744 1668 1848 1723 hoc
1887 1668 1990 1721 im-

408 1757 670 1829 possibile
700 1764 816 1817 est.
859 1756 1000 1826 apud
1043 1754 1211 1809 Deum
1259 1765 1439 1811 autem
1478 1757 1662 1810 omnia
1712 1758 1986 1827 possibilia

406 1856 555 1902 sunt.
587 1866 608 1898 ι
642 1845 785 1900 Fieri
842 1846 1024 1915 itaque
1072 1854 1250 1916 potest
1294 1853 1353 1899 ut
1395 1846 1637 1901 camelus
1683 1847 1849 1901 etiam
1897 1864 1993 1918 per

407 1938 650 1992 foramen
689 1952 822 1992 acus
860 1946 1124 2003 transeat,
1150 1946 1207 1991 at
1235 1937 1285 1991 id
1326 1935 1378 1990 in
1419 1937 1701 1992 hominum
1733 1947 1999 2007 potestate

408 2043 520 2083 non
548 2037 663 2093 est;
699 2028 771 2082 ita
803 2037 857 2083 et
889 2038 947 2083 ιιι
978 2029 1032 2083 iu
1062 2044 1288 2099 regnum
1319 2027 1413 2083 Dei
1451 2028 1603 2083 dives
1636 2028 1995 2098 ingrediatur.

408 2118 661 2186 Quanam
683 2134 814 2173 vero
839 2119 1049 2175 ratione
1074 2136 1161 2174 res
1187 2119 1455 2188 ejusmodi
1487 2120 1778 2189 possibiles
1802 2120 2001 2176 eiliciat

409 2209 587 2273 Deus,
624 2210 741 2280 ipse
777 2211 1023 2276 noverit,
1058 2210 1337 2281 ipsiusque
1369 2210 1652 2273 Christus,
1691 2220 1746 2266 et
1782 2212 1870 2266 cui
1909 2212 2000 2266 Fi-

409 2300 517 2355 lius
553 2304 676 2371 ejus
721 2302 1057 2358 revelaverit.
1097 2304 1198 2369 Qui
1236 2319 1365 2372 ergo
1400 2304 1451 2357 in
1493 2304 1758 2373 sapientia
1791 2314 1846 2360 et
1878 2321 1998 2361 ser-

409 2405 569 2445 mone
592 2391 828 2455 excellit,
857 2408 1021 2462 super
1055 2409 1179 2456 aeu,
1218 2393 1498 2463 ipsiusque
1544 2394 1836 2463 foramine,
1870 2396 1961 2465 plu
1979 2397 2016 2436 ι’

406 2480 560 2536 ribus
606 2484 963 2538 commentari
1024 2485 1293 2541 audebit:
1347 2502 1446 2540 nos
1491 2495 1670 2540 autem
1722 2488 1998 2557 quomodo

409 2587 525 2626 rem
562 2580 765 2627 tantam
806 2574 1237 2644 explicabimus?
1274 2577 1533 2642 quoniam
1569 2587 1700 2632 sunt
1742 2579 1993 2648 quaedam

406 2663 464 2718 in
512 2664 661 2733 lege,
709 2682 831 2735 qua:
868 2666 1001 2720 fiunt
1038 2676 1152 2721 arte
1183 2668 1387 2723 sut0iis
1428 2684 1530 2724 acu
1575 2671 1897 2740 indigentis,
1938 2681 1999 2726 ut.

400 2753 559 2824 juxta
614 2758 939 2826 sapientiam
996 2757 1086 2812 Dei
1126 2775 1288 2830 opera
1331 2761 1465 2816 artis
1499 2762 1627 2817 edat
1657 2779 1820 2833 quam
1873 2780 1996 2818 am-

388 2844 597 2923 plexus
635 2855 735 2900 est.
782 2846 903 2913 Quo
943 2864 1073 2919 ergo
1114 2850 1277 2903 modo
1321 2853 1529 2908 sutoris
1560 2854 1800 2922 opificia,
1835 2863 1999 2924 atque

408 2932 500 2988 illa
538 2950 693 3000 acus,
730 2939 918 2992 eodem
964 2949 1017 2993 et
1058 2955 1122 2994 ea
1154 2940 1524 3012 intelligentur
1567 2959 1689 3014 qua:
1729 2944 1818 3001 hic
1869 2961 2000 3000 nar-

411 3033 640 3092 rantur;
679 3043 802 3096 quar
835 3043 981 3083 nunc
1007 3045 1279 3100 exponere
1313 3040 1366 3085 et
1408 3032 1683 3088 illustrare
1715 3033 1858 3090 vires
1888 3033 2002 3091 for-

2100 570 2208 622 τῶν
2240 568 2485 641 οὐρανῶν
2520 566 2765 637 βασιλεία
2797 562 3071 636 τρυμαλιᾷ
3101 560 3342 631 ῥαφίδος,
3379 561 3458 622 εἰς
3505 556 3686 629 παρά-

2099 680 2289 718 στασιν
2335 662 2430 716 τοῦ
2482 662 2624 716 πάνυ
2677 659 2868 730 στενὴν
2912 652 3071 719 εἶναι,
3124 655 3216 709 ml.
3259 654 3340 717 εἰς
3375 651 3686 724 ὑπερϐολὴν

2093 754 2459 826 τεθλιμμένην
2494 752 2592 825 τὴν
2635 754 2718 815 εἰς
2758 748 2866 804 τῶν
2894 745 3139 819 οὐρανῶν
3173 743 3452 816 βασιλείαν
3482 742 3690 796 εἴσοδον

2094 846 2172 917 τῷ
2211 846 2457 917 ἑκατέρῳ
2492 843 2750 914 πλουσίῳ.
2795 841 2960 913 Δηλοῖ
2988 840 3032 893 δ’
3066 841 3147 893 ὅτι
3181 837 3407 891 αὐτόθεν
3444 837 3544 907 μὲν
3571 836 3685 907 (71)

2097 938 2359 993 ἀδύνατον
2394 938 2494 1008 τὴν
2525 935 2769 1006 κάμηλον
2801 932 2891 987 διὰ
2921 930 3223 1004 τρυμαλιᾶς
3259 929 3481 1001 ῥαφίδος
3507 927 3684 981 εἰσελ-

2094 1033 2205 1086 θεῖν
2221 1049 2233 1062 ·
2261 1030 2340 1101 τῷ
2366 1031 2422 1084 δὲ
2447 1029 2648 1083 δυνατὰ
2670 1024 2808 1081 εἶναι
2829 1025 2909 1097 τῷ
2936 1024 3054 1096 Θεῷ
3077 1026 3276 1087 πάντα,
3303 1021 3397 1076 καὶ
3418 1020 3478 1074 τὸ
3505 1019 3687 1075 τοιοῦο

2090 1135 2181 1171 τον
2222 1117 2371 1189 αὐτῷ
2418 1116 2641 1170 δυνατόν
2667 1118 2845 1187 ⁸ἐστιν,
2880 1114 3072 1184 ἀφάτῳ
3106 1112 3335 1183 δυνάμει
3367 1111 3469 1182 τὴν
3505 1109 3686 1182 παχύ-

2089 1226 2229 1281 τητα
2267 1209 2361 1263 τοῦ
2398 1208 2599 1280 φαύλου
2632 1206 2986 1270 λεπτύνοντος
3028 1203 3162 1277 (72),
3196 1203 3229 1275 ἢ
3265 1202 3554 1275 στενότητα
3582 1203 3688 1273 τῆς

2091 1301 2296 1355 εἰσόδου
2328 1299 2581 1373 χωρητὴν
2613 1297 2761 1370 αὐτῷ
2791 1297 3093 1361 ποιοῦντος.
3123 1297 3247 1351 Ὅτι
3284 1296 3394 1368 γάρ
3425 1296 3520 1351 τοῦ
3559 1296 3687 1350 δυσ-

2092 1392 2267 1456 κόλως
2300 1391 2565 1446 εἰσελθεῖν
2601 1394 2683 1455 εἰς
2727 1389 2826 1462 τὴν
2860 1388 3138 1461 βασιλείαν
3166 1387 3275 1441 τῶν
3302 1388 3552 1461 οὐρανῶν
3590 1389 3684 1442 τὸν

2092 1483 2346 1538 πλούσιον
2382 1483 2734 1556 παράδειγμα
2772 1481 2931 1536 ἔλαϐε
2963 1481 3063 1553 τὴν
3093 1479 3424 1551 τρυμαλιὰν,
3458 1481 3552 1535 καὶ
3583 1481 3685 1553 τὴν

2093 1576 2359 1648 κάμηλον,
2412 1574 2525 1629 ἀλλ’
2577 1575 2637 1629 οὐ
2678 1574 2773 1628 τοῦ
2816 1573 3098 1641 ἀδυνάτου,
3132 1572 3287 1639 δῆλον
3323 1576 3387 1627 ὲκ
3418 1572 3513 1627 τοῦ
3548 1574 3686 1645 πρὸς

2090 1668 2220 1731 τοὺς
2256 1666 2503 1739 μαθητὰς
2529 1663 2779 1737 εἰρῆσθαι
2806 1664 3083 1734 φήσαντας
3107 1678 3121 1693 ο
3157 1681 3174 1714 ι
3206 1662 3302 1725 Τίς
3328 1662 3434 1732 ἄρα
3462 1659 3685 1715 δύναται

2095 1759 2334 1830 σωθῆναι
2355 1776 2368 1824 ;
2398 1778 2415 1810 ι
2441 1757 2522 1810 τό*
2551 1776 2569 1808 ι
2596 1754 2755 1828 Παρὰ
2779 1752 3087 1827 ἀνθρώποις
3102 1753 3260 1807 τοῦτο
3276 1753 3530 1807 ἀδύνατόν
3544 1755 3681 1807 ἐστι’

2100 1851 2250 1923 παρὰ
2278 1850 2335 1903 δὲ
2362 1848 2479 1920 Θεῷ
2498 1848 2675 1903 πάντα
2691 1847 2921 1901 δυνατά.
2950 1866 2969 1899 ι
2999 1845 3207 1900 Οὐκοῦν
3235 1846 3458 1900 δυνατὸν
3478 1846 3569 1899 καὶ
3586 1846 3683 1916 τὴν

2099 1943 2343 2014 κάμηλον
2388 1940 2645 1995 εἰσελθεῖν
2685 1939 2773 1993 διά
2820 1938 3126 2010 τρυμαλιᾶς
3172 1937 3416 2011 ῥαφίδος,
3461 1937 3576 1994 ἀλλ’
3620 1938 3682 1990 οὐ

2100 2036 2253 2110 παρὰ
2285 2035 2381 2090 ἀνθ
2391 2035 2593 2106 ριἰῗνποις
2617 2032 2842 2087 δυνατόν
2865 2050 2879 2063 ο
2902 2031 3077 2095 οὕτως
3098 2031 3155 2084 δὲ
3187 2031 3281 2085 καὶ
3312 2030 3404 2085 τὸν
3430 2031 3683 2085 πλούσιον

2100 2132 2179 2193 εἰς
2205 2130 2303 2200 τὴν
2336 2125 2609 2199 βασιλείαν
2641 2125 2736 2179 τοῦ
2766 2123 2922 2178 Θεοῦ.
2955 2123 3067 2188 Τὰς
3093 2124 3150 2177 δὲ
3179 2123 3402 2192 ἐφόδους
3430 2123 3543 2188 τοῦ,
3568 2124 3683 2188 πῶς

2098 2220 2165 2274 ἂν
2208 2218 2278 2272 τὰ
2319 2216 2545 2272 τοιαῦτα
2574 2217 2795 2285 ποιήσαι
2823 2217 2852 2268 ὀ
2896 2214 3027 2277 Θεὸς
3058 2212 3277 2276 δυνατά,
3316 2214 3477 2277 αὐτὸς
3508 2213 3573 2267 ἂν
3605 2215 3685 2266 εἰς·

2097 2310 2234 2381 δείη,
2269 2309 2364 2363 ml.
2397 2311 2425 2361 ὁ
2457 2306 2693 2379 Χριστὸς
2741 2305 2930 2370 αὐτοῦ,
2974 2297 3137 2374 καὶῷ
3166 2305 3265 2374 μὲν
3299 2304 3622 2375 ἀποκαλύψῃ
3654 2305 3685 2359 δ

2099 2401 2227 2463 Υἱὸς
2261 2398 2448 2454 αὑτοῦ.
2500 2398 2561 2451 Ὀ
2598 2398 2697 2467 μὲν
2744 2392 2838 2451 οὖν
2883 2394 3220 2466 διαϐεϐηκὼς
3264 2396 3324 2448 ἐν
3380 2395 3542 2467 σοφίᾳ
3587 2395 3684 2450 ml.

2096 2491 2242 2564 λόγῳ
2271 2490 2629 2561 ὲπιτολμήσαι
2657 2489 2725 2543 ἂν
2757 2487 2851 2541 ἐπὶ
2882 2487 3065 2541 πλεῖον
3087 2487 3181 2540 καὶ
3207 2489 3271 2558 τῇ
3303 2488 3432 2559 περὶ
3457 2488 3554 2559 τῆς
3586 2492 3683 2560 ῥι-

2098 2585 2268 2656 φίδος,
2298 2584 2392 2637 ml.
2422 2583 2522 2653 τῆς
2566 2578 2870 2653 τρυμαλιᾶς
2917 2580 3087 2649 αὐτῆς
3126 2578 3375 2650 διηγήσει
3401 2596 3416 2609 ·
3464 2578 3583 2643 πῶς
3625 2578 3683 2633 δὲ

2098 2675 2348 2730 τοσοῦτον
2396 2670 2865 2745 παραθησόμεθα;
2904 2671 2986 2724 ὅτι
3015 2669 3132 2723 ὲστί
3173 2687 3293 2724 τινα
3337 2670 3397 2722 ὲν
3424 2670 3502 2741 τῷ
3534 2671 3683 2743 νόμῳ

2097 2763 2357 2835 γινόμενα
2395 2761 2559 2834 τέχνῃ
2608 2758 2930 2832 ῥαφιδευτοῦ
2976 2758 3269 2832 χρῄζοντος
3316 2759 3553 2831 ῥαφίδος,
3597 2759 3684 2813 ἵνα

2099 2853 2241 2910 κατὰ
2265 2852 2451 2924 σοφίαν
2476 2851 2612 2905 Θεοῦ
2634 2852 2835 2925 ποιήσῃ
2860 2851 2931 2905 τὰ
2948 2850 3085 2924 ἔργα
3104 2846 3172 2921 ἧς
3190 2851 3446 2923 ἀνείληφε
3465 2853 3683 2926 τέχνης⁶

2097 2947 2174 3012 ὡς
2199 2944 2292 3001 οὖν
2324 2944 2542 3018 νοηθείη
2586 2944 2657 2999 τὰ
2700 2943 2794 2998 τοῦ
2832 2942 3150 3015 ῥαφιδευτοῢ
3200 2942 3356 3016 ἔργα,
3384 2946 3614 3017 κάκείνη
3642 2947 3678 3018 ἡ

2102 3040 2284 3112 ῥαφὶς,
2315 3038 2636 3111 ωηθὴσεται
2667 3037 2760 3090 καὶ
2789 3036 2858 3089 τὰ
2886 3035 3010 3108 τῇδε
3052 3035 3374 3109 λελεγμένα,
3412 3037 3553 3110 ἅπερ
3586 3037 3685 3093 νῦν

408 3121 559 3169 tasse
589 3125 806 3171 nostras
846 3130 1102 3188 superat;
1136 3129 1188 3175 et
1220 3131 1279 3174 ut
1313 3137 1372 3175 ea
1426 3122 1703 3177 intellectu
1747 3139 1993 3194 compre-

2097 3133 2295 3203 λέγειν,
2318 3132 2413 3186 καὶ
2440 3129 2777 3202 σαφηνίζειν,
2794 3130 2935 3200 τάχα
2968 3130 3063 3201 μὲν
3088 3130 3181 3182 καὶ
3202 3129 3341 3201 ὑπὲρ
3369 3131 3517 3201 ἡμᾶς
3539 3132 3681 3184 ἐστι’

410 3205 724 3273 benderem,
760 3207 973 3278 longam
1024 3208 1257 3266 fortasse
1286 3219 1341 3265 et
1375 3211 1742 3280 importunam
1778 3212 1991 3282 digres-

409 3295 621 3351 sionem
651 3299 1017 3354 continerent.
1041 3299 1179 3354 Cum
1209 3300 1320 3355 duo
1349 3299 1515 3370 igitur
1552 3302 1831 3371 proposita
1859 3303 1990 3368 sint,

405 3388 672 3443 camelum
710 3405 808 3460 per
849 3389 1095 3445 foramen
1135 3406 1290 3457 acus,
1317 3401 1372 3446 et
1403 3391 1626 3447 divitem
1674 3394 1729 3447 in
1771 3394 1995 3450 cmleste

405 3493 632 3550 regnum
670 3482 897 3549 intrare,
933 3481 1152 3539 facilius
1185 3498 1309 3539 esse
1353 3484 1509 3554 prius
1539 3485 1671 3540 illud
1700 3486 1879 3542 docet.
1913 3487 1993 3543 Ac

408 3569 550 3625 inter
582 3572 832 3629 homines
859 3574 1080 3645 quidem
1113 3574 1282 3629 alium
1313 3578 1583 3633 camelum
1618 3593 1714 3648 per
1750 3578 1993 3634 foramen

406 3677 538 3717 acus
580 3662 911 3732 intrantem,
946 3675 999 3720 et
1044 3666 1211 3721 alium
1261 3667 1520 3735 divitem,
1564 3680 1760 3739 praeter
1809 3671 1991 3725 homi-

405 3769 559 3822 num,
591 3765 648 3811 at
678 3772 787 3811 non
813 3756 909 3812 Dei
937 3766 1281 3828 potestatem,
1313 3759 1367 3815 in
1397 3777 1622 3831 regnum
1653 3761 1745 3817 Dei
1781 3764 1991 3818 intran-

2092 3227 2235 3299 τάχα
2255 3225 2313 3278 δὲ
2345 3224 2442 3278 ml.
2465 3222 2541 3293 τῷ
2559 3221 2744 3287 εἰδότι,
2777 3220 2978 3291 πολλῆς
3007 3220 3072 3275 ἂν
3105 3221 3201 3274 ml.
3233 3221 3463 3293 ἀκαίρου
3507 3221 3685 3289 ἔχοιτο

2094 3318 2507 3392 παρεκϐάσεως.
2543 3314 2647 3369 Δύο
2664 3314 2723 3368 δὲ
2758 3314 3154 3386 προκειμένων,
3187 3313 3281 3367 τοῦ
3312 3314 3557 3384 κάμηλον
3593 3314 3683 3369 διὰ

2091 3405 2395 3479 τρυμαλιᾶς
2412 3403 2635 3475 ῥαφίδος
2666 3402 2947 3469 εἰσελθεῖν,
2980 3403 3074 3456 καὶ
3096 3400 3187 3456 τοῦ
3211 3402 3459 3457 πλούσιον
3479 3405 3561 3467 εἰς
3579 3404 3682 3475 τὴν

2098 3495 2375 3568 βασιλείαν
2413 3493 2507 3548 τοῦ
2542 3492 2699 3559 Θεοῦ,
2726 3492 3100 3566 εὐκοπώτερον
3134 3489 3271 3548 εἷναί
3299 3510 3429 3565 φησι
3463 3491 3523 3546 τὸ
3546 3490 3682 3565 πρό-

2097 3603 2276 3659 τερον.
2310 3586 2422 3640 Καὶ
2448 3585 2703 3656 ζητήσεις
2728 3577 2883 3654 γε’ὲν
2915 3587 3027 3647 τοῖς
3057 3583 3365 3657 ἀνθρώποις
3389 3582 3547 3638 ἄλλον
3582 3584 3681 3655 μὲν

2097 3678 2189 3732 τὸν
2236 3677 2483 3748 κάμηλον
2529 3675 2907 3748 εἰσερχόμενον
2956 3674 3046 3728 διὰ
3085 3675 3390 3748 τρυμαλιᾶς
3438 3674 3681 3747 ῥαφίδος,

2096 3766 2253 3822 ἄλλον
2283 3768 2339 3822 δὲ
2365 3766 2453 3821 τὸν
2483 3766 2738 3821 πλούσιον
2779 3764 3056 3830 ἀδυνάτως
3086 3763 3413 3838 ἀνθρώποις,
3444 3764 3687 3831 δυνατῶς

1606 3884 1839 3941 VETUS
1875 3885 2463 3942 INTEBPRETATIO.

405 4011 813 4083 congregatam,
847 4014 1063 4083 quaeres
1092 4002 1655 4083 quomod.o_vel_eum
1708 4004 2022 4083 difﬁcultate
2073 4006 2323 4083 introibit
2372 4007 2523 4063 dives
2556 4007 2644 4083 _in_
2690 4021 2914 4083 regnum
2951 4006 3241 4083 cmlorum.
3295 4002 3680 4083 Diﬂieultatem

406 4077 591 4147 autem
625 4072 881 4124 introitus
909 4072 1199 4147 utriusque
1230 4072 1417 4128 divitis
1455 4074 1521 4147 ad
1539 4075 1782 4147 salutem
1813 4077 2128 4132 manifestat
2153 4079 2398 4147 subjecta
2423 4078 2681 4147 parabola
2705 4072 2895 4133 dicens
2925 4094 2939 4131 :
2970 4095 2988 4128 ι
3024 4076 3261 4131 Facilius
3293 4084 3372 4129 est
3408 4074 3680 4147 camelum

407 4153 506 4208 per
537 4136 781 4219 foramen
815 4155 949 4196 acus
985 4136 1208 4219 intrare,
1241 4158 1405 4219 quam
1440 4145 1670 4219 divitem
1700 4144 1754 4198 in
1792 4161 2019 4219 regnum
2050 4136 2337 4203 cmloru'm.
2370 4166 2390 4219 ι
2423 4136 2479 4201 1η
2515 4163 2621 4217 qua
2646 4148 2899 4219 parabola
2922 4147 3072 4219 dives
3097 4153 3446 4219 comparatur
3468 4144 3680 4199 camelo

407 4223 530 4290 non
551 4210 730 4290 solum
764 4219 984 4279 propter
1010 4210 1417 4290 inmunditiam
1446 4215 1734 4290 animalis,
1759 4210 1901 4272 sicut
1928 4218 2253 4290 docuitulex,
2288 4218 2384 4274 sed
2413 4210 2576 4290 etiam
2605 4210 2825 4287 propter
2854 4216 3019 4272 totius
3050 4210 3299 4290 corporis
3325 4215 3445 4290 ejus
3473 4222 3680 4268 tortuo-

407 4279 646 4334 sitatem.
683 4278 944 4356 Regnum
965 4291 1147 4336 autem
1179 4283 1446 4356 cmlorum
1481 4278 1736 4356 foramini
1774 4301 1907 4341 acus
1938 4278 2300 4350 assimilatur,
2339 4296 2399 4341 ut
2425 4278 2834 4343 demonstretur
2852 4303 2918 4341 ex
2947 4302 3012 4340 eo
3034 4278 3294 4356 quoniam
3324 4278 3459 4356 satis
3486 4294 3678 4356 aretus

407 4356 512 4429 est,
540 4356 597 4402 et
616 4363 789 4429 supra
819 4352 1043 4429 _modum
1067 4353 1471 4429 contribulatus
1500 4354 1653 4429 regni
1682 4356 1923 4429 ctelestis
1952 4357 2232 4429 introitus.
2265 4356 2515 4413 Ostendit
2545 4371 2729 4429 autem
2759 4358 3022 4429 quoniam
3053 4352 3121 4410 ex
3149 4370 3235 4429 se
3256 4356 3376 4423 ipso
3423 4353 3681 4423 impossi-

409 4418 521 4497 bile
548 4426 631 4472 est
659 4420 927 4497 catnelum
960 4436 1056 4497 per
1083 4421 1325 4497 foramen
1361 4418 1741 4497 acus_inlrare,
1777 4427 2036 4495 possibile
2064 4436 2245 4481 autem
2275 4436 2539 4495 quantum
2571 4428 2637 4481 ad
2676 4418 2871 4482 Deum.
2902 4427 2997 4481 Sic
3031 4434 3086 4479 et
3131 4418 3378 4497 divitem,
3402 4418 3669 4497 quantuni

407 4486 1344 4571 gd‘ipsumApertiiietéjmpossibile
1373 4503 1457 4549 est
1490 4494 1696 4550 intrare
1713 4486 1792 4571 _in'
1811 4512 2040 4571 regnum
2071 4486 2365 4571 coriorum,
2395 4497 2655 4571 possibile
2671 4507 2867 4571 _autem
2905 4505 3176 4571 quantum
3224 4495 3291 4549 ad
3339 4486 3533 4558 Deum,
3568 4492 3678 4571 .qui

408 4563 603 4636 potens
633 4565 722 4636 est
745 4558 1000 4636 ineffabili
1031 4558 1128 4615 sua
1155 4562 1375 4636 virtute,
1404 4573 1501 4636 aut
1547 4558 1980 4621 crassitudinem
2029 4567 2302 4621 malorum
2352 4558 2485 4621 mali
2536 4567 2777 4623 hominis
2833 4558 3121 4623 suli'tiliare
3145 4604 3161 4628 ,
3218 4573 3334 4636 aut
3367 4558 3678 4636 angustiam

408 4625 666 4706 introitus
697 4625 878 4706 facere
891 4629 952 4706 _ei
977 4644 1255 4706 capacem.
1280 4625 1549 4706 Quoniam
1582 4643 1765 4690 autem
1796 4646 2016 4706 propter
2040 4637 2410 4693 difﬁcultatem
2452 4638 2711 4692 introitus
2731 4677 2745 4700 ,
2793 4649 2849 4691 et
2900 4652 3008 4691 non
3046 4625 3273 4706 propter
3322 4625 3679 4706 impossibili-

409 4702 581 4778 tat_em_
603 4698 812 4778 accepit
833 4698 902 4778 _ad
936 4700 1241 4778 egemplum
1273 4698 1596 4778 foramenet
1624 4698 1915 4778 caruelum,
1943 4708 2112 4761 claret
2144 4723 2209 4762 ex
2241 4722 2308 4761 eo
2356 4707 2502 4774 quod
2554 4707 2624 4778 ad
2660 4698 2960 4778 discipulos
3003 4698 3286 4778 dicentes:
3322 4722 3339 4755 ι
3371 4698 3676 4778 Qttisergo

406 4773 584 4887 potest
614 4766 727 4848 fieri
761 4768 951 4848 salvus
974 4769 1011 4835 ἰ,
1032 4787 1051 4821 ι
1086 4766 1377 4839 respondet
1408 4793 1421 4829 :
1461 4793 1481 4825 ι
1511 4775 1667 4844 Apud
1703 4766 1952 4832 homines
1982 4777 2322 4847 impossibile
2352 4766 2456 4841 est,
2487 4777 2629 4846 apud
2660 4766 2831 4831 Deum
2862 4787 3044 4831 autem
3088 4775 3269 4829 omnia
3304 4766 3632 4842 possibilia:
3647 4789 3671 4825 ι

428 4849 550 4887 ’1⁸20
572 4837 830 4887 DOSSIbIle
853 4848 938 4887 est.
961 4839 1229 4887 camelum
1259 4857 1353 4887 ηρι·
1376 4843 1620 4887 ίηιᾮηὶρη
1647 4861 1778 4887 9mm
1806 4848 2009 4887 inlrarn
2061 4863 2169 4887 mm
2198 4857 2376 4887 Ιειηιρη
2412 4849 2551 4887 nnnrl
2582 4847 2832 4887 Itnminpc
2877 4846 2969 4887 nml
2999 4846 3140 4887 annd
3171 4844 3360 4887 “NIHIL
3388 4842 3671 4887 ﬂunmmln

428 4837 550 4918 Srgo
572 4837 830 4918 possibile
853 4848 938 4893 est
961 4837 1229 4918 camelum
1259 4857 1353 4918 p_er
1375 4837 1620 4918 foramen
1646 4861 1778 4918 acus
1805 4848 2029 4918 intrare,
2061 4837 2169 4901 non
2198 4857 2377 4902 tamen
2411 4837 2552 4918 apud
2581 4847 2853 4918 homines,
2877 4846 2970 4918 sed
2999 4846 3150 4918 apud
3171 4837 3361 4918 Deum.
3388 4842 3679 4918 Quomodo

405 4915 603 4987 autem.
622 4907 787 4989 faciat
818 4908 931 4989 haec
960 4910 1241 4979 possibilia
1260 4907 1449 4989 '_D_eus,_
1469 4915 1584 4989 ipse
1608 4917 1734 4989 scit,
1761 4925 1816 4971 et
1850 4907 2106 4972 Christus
2145 4918 2285 4985 ejus,
2315 4926 2371 4970 et
2402 4907 2489 4971 cui
2522 4917 2781 4989 revelavit
2808 4907 3082 4989 Christus.
3116 4914 3218 4981 Qui
3248 4907 3427 4989 autem
3458 4912 3679 4983 proﬁcit

370 5044 373 5047 _
407 4982 461 5054 ip
492 4982 754 5054 sapientia
785 4986 838 5031 et
864 4995 1133 5054 sermone,
1171 4983 1393 5038 audebit
1425 4984 1652 5039 forsitan
1689 4987 2055 5042 abundantius
2085 4998 2137 5041 et
2167 4982 2234 5042 de
2255 4998 2448 5050 acu,et
2474 4989 2540 5041 de
2564 4987 2831 5040 foramine
2852 4986 2971 5054 ejus
3023 4999 3314 5054 exponere.
3342 4982 3673 5054 Nosautetn

408 5044 512 5098 huc
568 5047 856 5115 adjieimus
899 5051 1091 5125 _solum
1120 5044 1149 5125 ,_
1177 5054 1434 5125 quoniam
1466 5062 1596 5125 sunt
1623 5056 1869 5123 quaedam
1894 5072 2014 5124 quae
2044 5057 2181 5111 fiunt
2211 5058 2264 5111 in
2301 5044 2415 5125 lege
2442 5056 2675 5111 artilicio
2698 5044 2975 5116 consuiili,
3001 5044 3367 5109 necessariam
3412 5052 3673 5125 habentia

405 5127 676 5197 aeutn,_.ut
707 5119 1006 5197 secundum
1037 5119 1375 5197 sapientiam
1394 5122 1483 5178 Dei
1520 5119 1685 5179 faciat
1713 5141 1879 5197 opera
1906 5119 2030 5196 quis
2054 5128 2294 5191 artificii,
2338 5119 2484 5196 quod
2515 5128 2775 5196 suscepit.
2820 5126 3284 5197 Qualitercunque
3334 5139 3465 5197 ergo
3514 5122 3673 5197 intri-

406 5182 544 5240 lecta
582 5188 784 5268 fuerint
818 5203 979 5257 opera
1000 5182 1326 5268 con-sutilia,
1363 5192 1479 5268 ipsa
1507 5182 1804 5268 constitura
1832 5182 1982 5250 dabit
2032 5182 2331 5268 intelligere
2358 5182 2497 5268 lqure
2530 5182 2765 5267 intelligi
2817 5182 3059 5268 debeant
3096 5196 3149 5248 in
3197 5182 3306 5268 hoc
3347 5182 3491 5268 1οὲος
3538 5192 3675 5256 Ουε

405 5268 553 5309 nunc
578 5257 760 5336 dicere
783 5268 836 5312 et
868 5257 1476 5336 manifestareforsiian
1509 5265 1728 5333 quidem
1757 5276 1812 5320 et
1843 5282 2007 5334 supra
2043 5282 2143 5322 nos
2171 5257 2275 5331 est,
2307 5257 2534 5321 forsitan
2575 5257 2756 5336 autem
2785 5276 2838 5320 et
2870 5264 3087 5336 scienti
3112 5265 3341 5317 multum
3374 5273 3429 5317 et
3460 5263 3677 5336 impor-

409 5341 601 5381 .unum
637 5329 841 5382 exitum
873 5329 1073 5385 habere
1104 5332 1390 5387 videbitur.
1426 5329 1651 5389 Duobus
1679 5352 1809 5408 ergo
1838 5329 2151 5407 propositis,
2185 5329 2452 5391 camelum
2492 5352 2587 5407 per
2616 5335 2863 5391 foramen
2909 5348 3043 5389 acus
3076 5333 3302 5401 intrare,
3343 5345 3398 5389 et
3438 5329 3667 5388 divitem

473 5441 519 5473 °"
556 5441 748 5497 Matth.
784 5458 898 5507 xu,
927 5444 1020 5498 25.
1096 5444 1141 5476 “
1182 5445 1369 5501 Matth.
1403 5463 1516 5515 m,
1548 5447 1636 5502 26.

476 5558 590 5638 (70)
641 5561 818 5616 Ἀλλὰ
871 5561 999 5638 καί-.
1021 5561 1338 5638 τὴν-,ὅλην
1377 5566 1564 5621 αὑτοῦ
1597 5569 1980 5635 σκολιότητα.

407 5625 691 5710 Origenes,
717 5640 895 5710 -ll;l('l.
929 5632 1002 5686 25
1036 5625 1090 5687 ni
1116 5625 1319 5710 _ilfattli.
1353 5650 1436 5710 :_¢
1469 5638 1750 5710 Quomodo
1799 5625 1983 5710 autetn

408 5712 519 5779 non
571 5702 954 5779 existimentur
1002 5704 1153 5769 caeci,
1194 5722 1345 5779 quos
1393 5702 1521 5761 latet
1573 5709 1889 5779 magnitudo
1933 5716 1988 5761 ιί

409 5772 729 5825 tortuositas
777 5772 1132 5840 camelorum,
1193 5776 1243 5830 id
1289 5788 1372 5832 est
1420 5787 1640 5832 actuum
1665 5772 1987 5849 ’ρωποι-δυο

2091 5566 2251 5620 rum?
2281 5585 2298 5617 ι
2333 5563 2598 5621 Hunnus.
2682 5628 2685 5633 ι

2163 5636 2274 5706 (71)
2312 5637 2491 5691 Codex
2528 5630 2748 5704 llegius,
2780 5631 2911 5706 αρτδ
2944 5630 3065 5706 μέν.

2164 5696 2276 5775 (72)
2316 5696 2748 5776 Λεπτύνονῖτος.
2791 5696 2957 5758 Forte
2998 5699 3281 5776 legendum
3327 5696 3668 5769 λεπτύνυντι,

2095 5787 2148 5833 et
2180 5773 2340 5847 paulo
2366 5784 2509 5848 post,
2548 5773 2804 5829 ποιοῦντι.
