4086 6460
389 423 529 480 1515

1308 410 1666 468 COMMENT.
1705 410 1776 467 IN
1812 408 2232 468 MATTHIEUM
2271 408 2511 467 TOMUS
2543 407 2662 465 XV.

3544 411 3686 471 15η

386 539 445 593 δὲ
472 537 552 609 τῷ
574 535 697 607 Θεῷ
725 532 1108 605 εἰσερχόμενον
1132 531 1212 593 είς
1247 529 1346 602 τὴν
1382 530 1657 601 βασιλείαν
1683 529 1780 583 τοῦ
1804 528 1940 583 Θεοῦ
1965 545 1980 559 ·

2089 535 2198 584 tem
2231 543 2488 599 quaeres;
2526 528 2599 581 ita
2626 534 2679 580 et
2708 523 2777 580 de
2810 522 3080 583 foramine
3116 543 3272 597 acus,
3310 528 3571 602 quoniam
3612 533 3685 587 ab

387 629 562 694 οὕτως
605 629 663 684 δὲ
710 628 805 682 καὶ
832 625 926 680 ἐπὶ
969 625 1070 695 τῆς
1115 622 1424 696 τρυμαλιᾶς
1470 622 1583 694 (73)
1624 621 1867 693 ῥαφίδος,
1900 622 1985 675 ὅτι

389 722 654 778 ἀδύνατον
702 719 800 792 μὲν
844 715 1174 788 ἀνθρώποις,
1209 716 1361 779 ὅστις
1404 713 1602 768 ποτοῢν
1639 713 1738 768 ἐὰν
1784 713 1982 786 εὑρεθῇ

389 814 659 886 κάμηλος,
699 810 792 865 καὶ
820 810 875 864 εἴ
895 826 979 871 τις
1003 803 1096 861 οὗν
1124 806 1221 860 ὲάν
1249 805 1447 877 εὑρεθῇ
1476 805 1743 877 κάμηλος,
1779 822 1987 877 τρυμα-

388 906 477 962 λιὰ
510 904 751 978 ῥαφίδος,
780 902 814 974 ἢ
845 899 1210 955 εἰσελεύσεται
1238 899 1304 953 δι’
1331 898 1577 968 ἐκείνης’
1607 898 1760 970 παρά
1787 898 1845 951 δὲ
1867 897 1987 969 Θεῷ

389 996 670 1052 καὶτοῦτο
699 994 940 1048 δυνατόν.
972 993 1036 1045 El
1081 991 1138 1044 δὲ
1180 990 1436 1062 ἐμφαίνει
1477 988 1652 1043 ταῦτα
1696 989 1789 1042 καὶ
1842 1005 1985 1061 παρ-

392 1090 572 1159 ίστησι
615 1086 805 1140 τελικά
852 1102 976 1138 τινα
1033 1085 1309 1155 μυστήρια
1364 1081 1501 1152 (74),
1559 1081 1654 1135 καὶ
1684 1081 1778 1134 ἐπὶ
1834 1080 1987 1144 τέλος

387 1180 591 1251 ἄγοντα
635 1179 725 1233 διά
755 1195 918 1231 τινων
946 1176 1081 1230 όδῶν
1112 1174 1232 1247 Θεῷ
1268 1174 1413 1246 μόνῳ
1446 1173 1708 1240 δυνατῶν,
1742 1173 1776 1244 ἢ
1828 1172 1924 1244 μὴ,
1957 1174 1987 1227 ό

385 1273 687 1343 δυνάμενος
722 1266 1045 1335 ἐξεταζέτω.

472 1366 628 1435 Ἑξῆς
667 1366 814 1418 ἔστιν
850 1362 976 1415 ίδείν
1004 1359 1074 1413 τά
1104 1359 1234 1431 περὶ
1265 1355 1359 1412 τοῦ
1385 1374 1399 1388 ⁸
1438 1376 1457 1411 ι
1497 1357 1633 1410 Τότε
1666 1357 1986 1429 ἀποκριθεὶς

384 1457 420 1513 ὁ
450 1458 656 1529 Πέτρος
682 1450 837 1510 εἶπεν
864 1452 1013 1524 αὑτῷ
1033 1470 1047 1484 ⁸
1090 1452 1224 1505 Ἰδοὺ
1257 1452 1417 1522 ἡμεῖς
1464 1451 1756 1522 ἀφήκαμεν
1785 1450 1986 1513 πάντα,

388 1552 484 1605 καὶ
511 1547 960 1621 ἠκολουθήσαμέν
1009 1562 1089 1598 σοι
1113 1560 1126 1575 ·
1185 1544 1239 1596 τί
1273 1543 1382 1615 ἄρα
1412 1541 1565 1596 ἔσται
1605 1545 1768 1613 ἡμῖν;
1807 1561 1825 1593 ι
1875 1543 1989 1597 Καὶ

389 1640 563 1695 ταῦτα
591 1639 648 1693 δὲ
673 1639 702 1691 ό
735 1638 834 1709 μέν
876 1653 958 1698 τις
989 1635 1220 1705 τηρήσει
1253 1632 1394 1685 κατά
1425 1632 1525 1703 τὴν
1552 1630 1695 1697 λέξιν
1717 1647 1730 1660 ⁸
1761 1632 1790 1684 ὁ
1821 1629 1878 1682 δέ
1903 1647 1987 1694 τις

391 1730 772 1791 ἀνασκευάσας
789 1727 848 1781 τὸ
864 1728 960 1797 τῆς
984 1724 1202 1791 λέξεως,
1220 1723 1295 1788 ὡς
1317 1723 1377 1776 οὐ
1412 1720 1773 1794 μεγαλοφυὲς,
1790 1738 1988 1795 τροπο-

389 1822 641 1894 λογήσειο
677 1825 706 1876 ὁ
741 1821 840 1892 μὲν
882 1816 975 1874 οὖν
1029 1821 1095 1888 τῇ
1131 1817 1276 1883 λέξει
1329 1816 1729 1886 παριστάμενος
1762 1815 1987 1869 τοιαῦτα

2093 620 2411 678 hominibus
2440 620 2662 690 quidem
2694 617 2809 673 fieri
2850 620 3073 689 nequit;
3117 622 3434 694 quicunque
3461 626 3681 680 tandem

2088 713 2396 782 reperiatur
2425 714 2692 781 camelus,
2726 721 2780 768 et
2810 712 3055 767 foramen
3085 730 3240 781 acus,
3293 717 3338 772 si
3391 718 3553 773 modo
3583 718 3684 774 aii—

2087 805 2213 876 quis
2244 815 2495 875 repertus
2535 805 2699 860 fuerit
2742 808 2989 863 camelus
3034 807 3128 878 qui
3174 824 3273 878 per
3312 809 3443 864 illud
3478 810 3679 878 intret;

2088 906 2143 951 at
2171 912 2200 951 a
2237 897 2351 952 Deo
2376 897 2426 951 id
2466 898 2578 952 fieri
2614 908 2813 969 potest.
2853 898 3134 965 Disquirat
3162 908 3345 956 autem
3389 903 3483 972 qui
3524 914 3683 975 pote-

2089 991 2161 1045 rit
2206 1007 2276 1046 an
2314 993 2568 1064 mysteria
2618 994 2869 1064 quaedam
2914 996 2979 1049 ad
3026 996 3185 1051 linem
3241 998 3592 1068 pertinentia,
3623 1008 3683 1056 et

2086 1096 2185 1152 per
2215 1092 2392 1139 certas
2420 1083 2688 1154 quasdam
2730 1085 2849 1140 vias
2878 1084 2932 1140 in
2964 1085 3059 1142 Dei
3090 1089 3260 1145 solius
3302 1098 3568 1159 potestate
3601 1096 3681 1148 si-

2098 1183 2182 1229 tas
2221 1175 2286 1229 ad
2315 1175 2477 1231 {metu
2509 1176 2833 1232 deducentia
2869 1179 2985 1234 haec
3031 1181 3344 1248 exhibeant,
3389 1197 3583 1250 necne,
3615 1199 3681 1240 ac

2089 1266 2418 1333 significent.

2158 1355 2249 1413 2|.
2296 1355 2557 1426 Deinceps
2588 1374 2720 1413 vero
2745 1373 2808 1414 ca
2838 1360 3179 1416 discutienda
3209 1363 3533 1435 sunt,682
3559 1380 3682 1434 quze

2088 1448 2156 1504 ad
2187 1449 2237 1502 id
2273 1450 2546 1518 pertinent
2567 1451 2652 1506 °’:
2687 1471 2704 1502 ι
2739 1451 2894 1508 Tunc
2927 1456 3264 1523 respondens
3302 1454 3497 1512 Petrus
3543 1458 3684 1514 dixit
3768 1500 3795 1517 κ

2088 1539 2135 1594 ei
2169 1557 2182 1593 :
2213 1538 2352 1594 Ecce
2384 1554 2482 1594 nos
2517 1540 2841 1610 reliquimus
2870 1545 3079 1610 tuitnia,
3103 1553 3154 1599 et
3186 1560 3227 1599 Si
3246 1544 3356 1599 cuti
3390 1561 3583 1601 sumus
3608 1556 3678 1600 te.

2089 1628 2228 1696 Quid
2259 1646 2390 1699 ergo
2415 1630 2520 1685 erit
2546 1631 2744 1686 nobis?
2774 1652 2793 1685 ι
2827 1633 3005 1704 Atque
3039 1636 3155 1691 lucc
3189 1637 3408 1706 quidem
3441 1638 3506 1692 ad
3556 1653 3681 1690 ver-

2090 1721 2218 1775 bqu
2252 1721 2705 1791 iuterpretabitur
2730 1724 3039 1794 quispiam;
3060 1726 3204 1782 alius
3230 1738 3411 1783 autem
3442 1729 3681 1785 litteram

2091 1822 2349 1882 tanquam
2396 1828 2504 1867 non
2550 1814 2686 1868 satis
2735 1814 3024 1870 sublimem
3076 1824 3131 1870 et
3175 1817 3431 1874 eximiam
3486 1820 3686 1876 confu-

391 1882 537 1989 ιρέῑῖ
575 1882 784 1984 ’Ὠσπερ
818 1911 910 1965 ἐπὶ
936 1910 1037 1980 τῆς
1070 1882 1277 1972 δόσεως
1319 1909 1381 1961 οὐ
1408 1882 1490 1960 *τὸ
1520 1882 1816 1978 διδόμενον,
1849 1906 1980 1961 ἀλλὰ

2088 1915 2230 1969 laus,
2275 1902 2340 1956 ad
2388 1903 2775 1976 tropologicam
2809 1903 3208 1974 expositionem
3256 1916 3523 1964 recurret.
3574 1909 3681 1975 Qui

388 2007 490 2079 τὴν
547 2004 868 2077 προαίρεσιν
917 2001 1313 2072 ἀποδεχόμενος
1358 2000 1386 2051 ό
1433 1998 1588 2064 Θεὸς,
1640 1998 1847 2052 δικαιοῖ
1889 2000 1985 2054 καὶ

391 2096 713 2165 ἀποδέχεται
763 2094 854 2148 τὸν
912 2094 974 2147 τὸ
1023 2093 1242 2147 ἔλαττον
1300 2091 1619 2163 προαιρέσει
1673 2090 1985 2163 τελειοτέρᾳ

389 2187 681 2249 δεδωκότα,
720 2186 871 2256 παρὰ
897 2186 988 2240 τὸν
1021 2186 1081 2239 τὸ
1117 2184 1300 2238 πλεῖον
1332 2187 1396 2237 ἐκ
1428 2184 1711 2249 πλειόνων,
1745 2184 1839 2240 καὶ
1868 2185 1983 2240 δια-

391 2276 538 2331 θέσει
585 2277 969 2348 ὑποδεεστέρα,
1012 2274 1088 2338 ὡς
1139 2273 1297 2345 δῆλόν
1338 2276 1486 2327 ἐστιν
1525 2274 1591 2327 ὲκ
1628 2273 1738 2327 τῶν
1786 2275 1985 2345 ἀναγε-

391 2367 733 2439 γραμμένων
769 2368 898 2439 περὶ
922 2367 1024 2437 τῆς
1063 2366 1263 2429 δόσεως
1290 2365 1399 2417 τῶν
1428 2364 1722 2432 πλουσίων,
1748 2367 1842 2421 καὶ
1873 2366 1981 2421 τῶν

393 2460 490 2514 δύο
522 2459 756 2524 λεπτῶν,
795 2459 955 2514 ἅτινα
976 2459 1010 2529 ἡ
1047 2459 1192 2531 χήρα
1221 2460 1300 2521 είς
1323 2457 1480 2526 λόγον
1514 2460 1763 2530 πενήτων
1791 2459 1981 2514 ἔϐαλεν

389 2554 472 2616 εἰς
512 2550 573 2605 τὸ
617 2548 1059 2620 γαζοφυλάκιονο
1096 2547 1271 2612 οὕτως
1319 2548 1414 2601 καὶ
1459 2548 1554 2600 ἐπὶ
1599 2546 1707 2602 τῶν
1755 2547 1845 2602 διὰ
1882 2549 1983 2621 τὴν

391 2640 528 2712 πρὸς
572 2639 633 2693 τὸ
678 2639 833 2693 Θεῖον
874 2638 1098 2709 ἀγάπην
1145 2637 1555 2692 καταλιπόντων
1598 2637 1633 2692 ἃ
1664 2638 1981 2709 κέκτηνται,

389 2731 480 2785 ἱνα
507 2731 929 2803 ἀπερισπάστως
958 2729 1293 2785 ἀκολουθῶσι
1330 2727 1407 2800 τῷ
1441 2729 1660 2801 Χριστῷ
1693 2729 1788 2784 τοῦ
1818 2729 1976 2798 Θεοῦ,

389 2820 571 2874 πάντα
599 2820 929 2890 πράττοντες
970 2820 1112 2874 κατά
1139 2819 1232 2873 τὸν
1258 2819 1416 2889 λόγον
1443 2819 1606 2873 αὐτοῦ
1632 2839 1642 2852 ·
1666 2819 1727 2872 οὑ
1762 2820 1981 2885 πάντως

394 2911 600 2982 μᾶλλον
649 2913 944 2976 ἀπόδεκτος
985 2913 1015 2965 ό
1046 2912 1116 2966 τὰ
1158 2911 1380 2966 πλείονα
1421 2910 1738 2966 καταλιπὼν
1776 2911 1872 2967 τοῦ
1912 2911 1979 2967 τὰ

390 3004 670 3066 ἐλάττονα.
703 3007 798 3061 καὶ
825 3004 1058 3077 μάλιστα
1087 3005 1175 3058 ὅτε
1208 3002 1361 3075 τύχοι
1390 3003 1486 3075 ὅλῃ
1511 3003 1659 3076 ψυχῇ
1687 3021 1771 3069 τις
1809 3021 1981 3059 κατα-

388 3095 566 3151 λιπὼν
613 3096 681 3151 τὰ
727 3097 1003 3161 ἐλάττονα,
1031 3094 1182 3168 παρά
1223 3095 1314 3149 τὸν
1341 3094 1602 3148 δοκοῦντα
1631 3111 1981 3167 καταπεφροο

2086 1994 2254 2067 igitur
2288 1995 2480 2051 litterae
2511 1996 2780 2051 rationem
2826 1996 3065 2065 habebit,
3105 1999 3221 2055 haec
3261 2001 3447 2056 dicet:
3478 2001 3684 2069 Quem-

2084 2086 2380 2142 admodum
2418 2087 2471 2142 iu
2500 2087 2794 2143 donatione
2819 2104 2925 2143 non
2963 2089 3141 2159 ipsum
3173 2105 3398 2156 munus,
3442 2093 3539 2149 sed
3586 2108 3682 2148 vo-

2085 2178 2353 2252 luntatem
2390 2193 2455 2233 ac
2487 2178 2729 2232 studium
2765 2178 2994 2234 laudans
3024 2192 3075 2236 ct
3103 2182 3346 2252 probans
3391 2182 3551 2250 Deus,
3580 2201 3681 2240 ex-

2082 2281 2243 2328 cusat
2290 2281 2345 2326 et
2391 2271 2752 2341 acceptiorem
2805 2273 2973 2327 habet
3016 2274 3110 2345 qui
3146 2274 3404 2344 pauciora
3437 2275 3680 2346 quidem,

2087 2365 2181 2421 sed
2209 2363 2535 2436 perfectiore
2565 2363 2772 2432 studio,
2820 2380 2984 2435 quam
3034 2366 3131 2436 qui
3177 2368 3333 2437 plura
3371 2384 3440 2423 ex
3485 2370 3681 2440 majori

2083 2456 2275 2526 copia,
2327 2453 2421 2510 sed
2483 2455 2699 2510 minore
2747 2454 2943 2511 all'ectu
2995 2455 3174 2523 dedit;
3216 2468 3270 2512 ut
3306 2457 3474 2529 liquet
3511 2475 3578 2514 ex
3614 2460 3682 2517 iis

2082 2561 2206 2615 qua:
2237 2545 2304 2600 de
2344 2545 2574 2599 divitum
2616 2545 2904 2614 largitione
2951 2549 3258 2617 conscripta
3294 2559 3445 2615 sunt,
3485 2558 3540 2604 ct
3573 2553 3680 2604 mi-

2084 2635 2232 2690 nutis
2261 2634 2477 2690 duobus
2506 2650 2630 2704 quae
2660 2635 2819 2689 vidua
2851 2635 2905 2689 in
2936 2637 3385 2708 gazophylacium
3423 2655 3522 2709 pro
3544 2656 3681 2711 pau-

2082 2727 2305 2797 peribus
2344 2727 2622 2792 mittebat;
2670 2726 2812 2781 idem
2844 2736 2899 2782 et
2937 2728 3005 2783 iis
3038 2730 3305 2800 contingit
3328 2772 3343 2797 ,
3376 2731 3467 2801 qui
3508 2732 3680 2788 facul-

2082 2814 2286 2870 tatibus
2312 2814 2426 2868 suis
2451 2814 2710 2869 omnibus
2734 2831 2842 2884 pra:
2871 2832 3059 2872 amere
3090 2816 3181 2873 Dei
3213 2823 3462 2876 nuntiqu
3490 2825 3682 2879 remit-

2082 2916 2237 2975 tunt;
2263 2906 2401 2961 nihil
2433 2921 2540 2960 non
2561 2906 2718 2976 juxta
2748 2923 3058 2965 sermonem
3087 2909 3290 2968 Christi
3306 2912 3400 2969 Dei
3427 2924 3672 2985 agentes,

2081 3009 2143 3055 ut
2172 3016 2298 3057 eum
2344 2999 2713 3055 iudissolubili
2745 3016 2889 3056 nexu
2929 3001 3199 3059 haerentes
3231 3005 3675 3078 subsequantur;

2083 3091 2244 3162 plane
2273 3091 2545 3161 acceptior
2574 3092 2666 3148 ille
2708 3108 2819 3148 non
2865 3104 2951 3151 est
2997 3096 3091 3167 qui
3135 3097 3314 3167 plura,
3367 3115 3532 3170 quam
3580 3102 3677 3171 qui

392 3189 625 3259 νηκέναι
668 3187 774 3242 τῶν
830 3188 1109 3242 πλειόνων.
1140 3189 1203 3241 Εἰ
1236 3187 1330 3240 καὶ
1367 3186 1541 3260 μικρά
1591 3182 1684 3241 οὖν
1732 3188 1828 3241 καὶ
1890 3187 1980 3241 εὑ-

2084 3184 2343 3254 pauciora
2376 3184 2677 3254 reliquerit,
2707 3188 3009 3256 praesertim
3044 3187 3089 3242 si
3120 3187 3450 3247 ferventiore
3493 3181 3679 3248 studio

388 3278 521 3350 τελῆ
569 3278 680 3349 (75)
720 3279 748 3330 ό
795 3279 1000 3352 Πέτρος
1041 3277 1428 3332 καταλέλοιπεν
1486 3277 1601 3347 ἅμα
1648 3275 1726 3347 τῷ
1765 3275 1981 3348 ἀδελφῷ

385 3370 554 3426 αὑτοῦ
582 3370 692 3442 (76)
741 3370 980 3445 Ἀνδρέᾳ,
1019 3370 1181 3442 ἡνίκα
1212 3368 1546 3432 ἀκούσαντες
1574 3368 1876 3441 ἀμφότεροι
1894 3369 1975 3423 τό·

392 3483 415 3517 ‹
458 3464 624 3518 Δεῦτε
676 3463 1021 3518 ἀκολουθεῖτέ
1067 3481 1177 3536 μοι,
1221 3462 1315 3517 καὶ
1357 3463 1567 3534 ποιήσω
1612 3462 1759 3532 ὑμᾶς
1811 3460 1982 3526 ἁλιεῖς

385 3553 726 3625 ἀνθρώπων,
769 3554 971 3619 εὐθέως
1017 3554 1246 3625 ἀφέντες
1278 3552 1345 3607 τὰ
1377 3551 1568 3608 δίκτυα
1607 3550 1982 3623 ἠκολούθησαν

388 3644 562 3715 αὐτῷ,
601 3645 767 3699 »ἀλλ’
797 3646 857 3698 οὐ
889 3646 1060 3717 μικρά
1090 3645 1397 3714 λελόγισται
1424 3642 1577 3714 παρά
1603 3642 1683 3713 τῷ
1714 3642 1853 3713 Θεῷ,
1881 3660 1982 3697 κα-

387 3738 738 3808 τανοήσαντι,
768 3739 849 3792 ὅτι
882 3737 991 3791 ἀπὸ
1027 3738 1192 3803 ἕξεως
1223 3737 1355 3792 αὐτὸ
1384 3738 1640 3807 τοιαύτης
1678 3736 1983 3805 πεποιήκα-

2088 3275 2346 3345 pauciora
2402 3275 2715 3345 reliquerit,
2769 3293 2933 3349 quam
2989 3279 3083 3349 qui
3143 3281 3299 3350 plura
3353 3294 3680 3352 aspernatus

2088 3366 2259 3423 fuisse
2303 3368 2535 3425 videtur.
2582 3367 2845 3435 Quamvis
2878 3385 3009 3441 ergo
3047 3373 3338 3443 perexigua
3382 3384 3586 3443 essent,
3625 3388 3679 3434 et

2088 3461 2293 3517 nullius
2326 3461 2437 3516 fere
2465 3462 2624 3531 pretii
2655 3478 2777 3533 qua:
2800 3460 2997 3518 Petrus
3024 3480 3131 3518 una
3179 3481 3304 3520 cum
3351 3465 3518 3522 fratre
3564 3469 3679 3523 An-

2087 3553 2218 3608 drea
2252 3553 2488 3623 reliquit,
2521 3568 2645 3608 cum
2679 3563 2905 3623 uterque
2939 3555 3028 3609 his
3076 3556 3278 3612 auditis
3314 3558 3360 3589 "
3391 3580 3403 3615 :
3434 3578 3453 3610 ι
3486 3557 3678 3616 Venite

2086 3653 2211 3714 post
2238 3660 2345 3711 me,
2375 3654 2428 3699 et
2469 3643 2667 3699 faciam
2713 3660 2813 3701 vos
2850 3646 2965 3700 fieri
3010 3647 3310 3715 piscatores
3355 3650 3672 3717 hominum,

2088 3736 2352 3791 continuo
2390 3735 2594 3790 relictis
2628 3735 2837 3791 retibus
2880 3738 3053 3793 secuti
3094 3749 3225 3793 sunt
3262 3756 3420 3809 cum;
3453 3761 3471 3795 ι
3499 3756 3554 3796 at
3585 3743 3672 3799 illa

1601 3847 1834 3903 VETUS
1867 3846 2454 3903 INTERPRETATIO.

390 3964 448 4019 in
482 3978 706 4038 regnum
737 3964 1024 4038 caelorum,
1062 3962 1277 4020 facilius
1305 3978 1427 4038 esse
1459 3963 1597 4018 dixit
1632 3963 1892 4038 primum.
1924 3962 2123 4038 Quaere
2164 3973 2346 4038 autem
2396 3964 2558 4038 inter!
2588 3965 2837 4038 homines
2860 4007 2876 4032 ,
2923 3967 3090 4021 alium
3142 3968 3362 4038 quidem
3397 3970 3669 4026 camelum

390 4034 754 4107 constitutum
780 4050 874 4103 per
897 4034 1145 4089 foramen
1163 4051 1296 4091 acus
1319 4034 1825 4107 intrantemmlium
1859 4044 2042 4107 autem
2067 4035 2294 4089 divitem
2316 4035 2728 4107 impossibiliter
2747 4038 2988 4105 quidem,
3015 4034 3278 4107 quantum
3307 4042 3373 4094 ad
3399 4041 3671 4105 homines,

390 4102 726 4179 possibiliter
750 4102 956 4179 autem,
984 4114 1250 4179 quantum
1268 4105 1343 4179 ad
1363 4103 1879 4179 Deumtintrantem
1909 4105 1963 4179 iu
1993 4120 2235 4179 regnum
2255 4102 2541 4179 calorum.
2573 4102 2899 4179 Quicunque
2921 4102 3051 4178 ergo
3080 4111 3329 4164 iuventus
3357 4110 3524 4165 fuerit
3546 4102 3672 4179 esse

389 4176 662 4239 camelus,
712 4183 767 4229 et
800 4177 1169 4245 quodcunque
1197 4175 1528 4229 intellectum
1558 4174 1722 4228 fuerit
1748 4189 1884 4229 acus
1916 4174 2188 4245 foramen,
2222 4174 2451 4229 intrabit
2479 4191 2577 4245 per
2603 4177 2757 4230 illud.

2847 4187 2940 4231 uto
2983 4179 3224 4248 gentium
3261 4180 3548 4234 introitum
3613 4183 3669 4238 in

389 4260 622 4314 regnum
655 4242 920 4300 caelorum
948 4242 1244 4301 faciliorem
1276 4244 1562 4300 ostendere
1595 4245 1804 4308 volens,
1837 4260 2002 4314 quam
2029 4242 2341 4314 Qudnam-nm
2375 4242 2605 4300 divi—tum
2628 4287 2643 4311 ,
2696 4248 2836 4303 haue
2886 4242 3303 4304 siuﬁlitudiuem
3345 4250 3667 4307 introduxit.

391 4312 686 4385 lit—quibus
717 4326 899 4371 autem
931 4325 1121 4385 gentes
1151 4316 1471 4370 dicebantur
1499 4329 1785 4385 pauperes,
1818 4312 1872 4368 in
1911 4314 1996 4368 his
2029 4312 2202 4367 Judaei
2233 4315 2428 4369 divites
2462 4325 2639 4372 erant.
2679 4315 2876 4372 Utrum
2925 4328 3106 4374 autem
3152 4319 3498 4375 manifestent
3552 4322 3670 4377 lucc

389 4384 534 4440 fines
559 4386 772 4463 aliquos
796 4384 1096 4463 secundum
1132 4386 1387 4456 mysteria
1415 4384 1665 4455 quiedam
1696 4385 2029 4440 adducentes
2057 4385 2124 4439 ad
2146 4387 2285 4440 lines
2307 4386 2520 4455 aliquos
2543 4402 2639 4457 per
2662 4389 2927 4457 quasdam
2953 4392 3066 4444 vias
3090 4387 3201 4444 Deo
3227 4391 3327 4444 soli
3351 4391 3665 4463 possibiles,

388 4471 586 4521 necne,
618 4456 876 4525 discutiat
906 4456 997 4525 qui
1033 4456 1306 4511 discutere
1334 4464 1528 4525 potest.

461 4525 554 4577 2|.
603 4545 620 4576 ι
653 4524 711 4579 lu
753 4527 844 4580 illo
879 4523 1325 4596 tempore,__dixit
1362 4524 1551 4581 Simon
1583 4523 1781 4581 Petrus
1811 4526 1877 4580 ad
1911 4523 2096 4580 Jcsum
2124 4544 2137 4578 :
2171 4523 2309 4579 Ecce
2344 4541 2442 4581 nos
2475 4525 2796 4596 reliquimus
2825 4527 3032 4596 omnia,
3070 4539 3123 4582 et
3156 4531 3328 4584 secuti
3372 4546 3562 4586 sumus
3596 4540 3667 4589 le.

390 4593 693 4669 Qttit_|__et'go
723 4596 837 4669 erit
861 4593 1056 4669 uobiIs?
1087 4616 1105 4648 ι
1132 4594 1264 4669 _lloc
1294 4597 1494 4669 poterit
1518 4597 1641 4669 quis
1662 4598 1996 4669 _simpliciter
2027 4597 2395 4669 interpretari,
2423 4605 2480 4669 et
2516 4593 2828 4669 Antor-aliter.
2875 4600 2980 4666 Qui
3018 4593 3163 4669 ergo
3203 4601 3525 4669 simpliciter
3556 4601 3672 4658 vult

392 4664 877 4742 intclligcrc,__talia
913 4667 1096 4742 dicet:
1126 4664 1449 4742 Sicutcuim
1481 4664 1705 4721 iu’datis
1751 4664 1856 4720 non
1888 4668 2063 4742 ipsum
2095 4666 2307 4726 datum.
2341 4667 2434 4721 sed
2470 4666 2723 4721 aﬂ'eetum
2760 4664 2943 4742 dantis
2981 4664 3252 4742 aspiciens
3286 4664 3428 4742 Deus
3458 4671 3667 4742 justifi-

388 4747 500 4807 cat,
540 4734 593 4789 et
623 4736 819 4790 melius
847 4737 1077 4806 suscipit
1109 4752 1271 4807 parva
1306 4737 1526 4791 dantem
1559 4751 1685 4790 cum
1714 4734 1924 4807 magno
1956 4734 2176 4807 affectu,
2224 4752 2389 4805 quam
2432 4752 2629 4806 magna
2674 4753 2740 4792 ex
2784 4738 2978 4794 allectu
3018 4734 3256 4805 modico,
3301 4734 3668 4796 sicut'mani-

391 4805 421 4853 1³
444 4815 592 4860 Stum
624 4815 711 4882 est
735 4822 820 4882 ἐξ
831 4807 933 4882 __his
955 4805 1090 4882 qua:
1111 4805 1437 4882 scribuntur
1480 4815 1700 4876 propter
1745 4805 1870 4882 data
1913 4805 2099 4882 divitis
2149 4816 2451 4882 magna,__et
2498 4805 2609 4882 duo
2645 4808 2872 4882 minuta
2912 4811 3087 4864 viduae
3118 4827 3132 4864 :
3163 4809 3246 4864 sic
3274 4818 3329 4864 et
3355 4811 3410 4865 in
3446 4811 3532 4866 bis
3571 4811 3667 4882 qui

386 4885 617 4949 propter
653 4874 749 4949 Dei
788 4874 1131 4949 dilectionem
1165 4876 1450 4931 dimittunt
1477 4874 1602 4949 qua:
1633 4876 1933 4949 possident,
1968 4875 2809 4949 ut_inseparabiliterChristum
2862 4889 3185 4949 sequantur,
3230 4882 3412 4934 omnia
3465 4874 3667 4949 sectiu-

386 4944 525 4999 dum
557 4945 781 5003 verbum
813 4946 934 5016 ejus
962 4957 1205 5017 agentes,
1242 4961 1351 5000 nou
1388 4944 1561 5015 inagis
1593 4946 1945 5015 acceptabilis
1971 4945 2076 5001 erit
2105 4944 2199 5016 qui
2230 4947 2387 5015 plura
2421 4946 2724 5018 reliquerit,
2762 4963 2829 5004 eo
2864 4944 2959 5020 qui
3006 4964 3172 5018 parva
3198 4949 3489 5006 dimiserit.
3517 4948 3666 5022 Ergo

462 5040 506 5072 ⁸⁸
545 5036 737 5093 Matth.
768 5053 888 5102 xu,
917 5038 1008 5093 27.
1084 5038 1130 5070 ⁷⁸
1170 5035 1361 5091 Matth.
1394 5053 1467 5104 tv,
1498 5037 1585 5105 l9,
1616 5036 1707 5091 20.

462 5129 574 5254 (ἐξ)
612 5131 796 5186 Codex
822 5129 1044 5203 Regius,
1071 5129 1171 5201 τῆς
1199 5129 1448 5201 καμήλου
1477 5129 1572 5183 καὶ⁵
1601 5127 1695 5181 ἐπὶ
1723 5128 1822 5200 τῆς
1853 5146 1977 5201 τρυ-

396 5220 474 5274 μα
493 5218 612 5274 in"
714 5271 723 5274 -
935 5273 942 5274 ,
1287 5272 1297 5274 -
1390 5268 1401 5274 -
1837 5267 1850 5274 -

466 5271 580 5339 (74)
620 5271 731 5325 Kal
799 5273 1128 5340 παρίστησι
1197 5268 1407 5324 τελικά
1458 5284 1592 5322 τινα
1645 5267 1972 5337 μυστήρια.

393 5340 686 5411 Μυστήρια
712 5341 905 5396 τελικά
932 5343 1062 5411 quid
1098 5341 1225 5411 sint
1258 5342 1378 5411 ipse
1422 5340 1646 5411 exponit
1683 5339 1972 5411 Origenes,

393 5342 686 5463 Μυστὲρια
712 5342 905 5396 τελικά
932 5343 1062 5411 quid
1098 5342 1209 5397 sint
1258 5342 1377 5409 ipse
1422 5342 1646 5419 exponit
1683 5342 1972 5420 _0rigenes,

391 5410 487 5492 fni.
508 5427 561 5492 Δτ
581 5482 593 5492 _
624 5427 683 5474 ος
729 5411 948 5492 ᾶγρνλτα.
986 5410 1279 5492 Μελ-ἀγαθὰ
1305 5409 1494 5492 τελικά
1529 5406 1718 5492 δίψει.
1739 5410 1976 5492 appella-

393 5478 545 5549 bant,
580 5482 718 5535 bona
746 5477 813 5536 ad
845 5480 1005 5536 ﬁnem
1037 5477 1287 5535 ultimum
1318 5479 1654 5549 pertinentia.
1698 5477 1968 5549 Laertius,

392 5547 500 5620 lib.»
529 5543 599 5605 vu
634 5550 688 5620 in
722 5549 899 5605 Zenon
915 5552 1061 5605 :"E-ct
1093 5550 1200 5605 τῶν
1227 5543 1446 5620 ἀγαθῶν
1479 5548 1548 5603 τὰ
1579 5548 1680 5620 μὲν
1713 5543 1851 5602 εἶναι
1877 5543 1969 5602 τεὲ

387 5617 540 5686 λικά,
573 5618 723 5694 τὰδὲ
750 5617 1638 5694 mnqttatdﬂuaecujusmodi‘sint
1668 5618 1965 5694 ipse_(leitt-

389 5704 521 5758 ceps
547 5691 782 5761 explicat
815 5709 830 5746 :
862 5687 914 5746 et
934 5687 1146 5756 Cicero,
1172 5687 1272 5747 lib;
1301 5706 1360 5746 Ill
1396 5689 1467 5745 De
1492 5690 1647 5761 ﬁnib,
1670 5687 1741 5761 :19
1772 5687 1968 5761 Sequi-

389 5767 480 5814 tur
523 5758 860 5825 illa'divisio,
891 5770 950 5816 ut
989 5761 1259 5817 bonorum
1291 5761 1396 5815 alia
1431 5758 1540 5815 sint
1584 5759 1651 5814 ad
1689 5758 1818 5813 illud
1848 5758 1968 5814 ulti-

390 5844 545 5887 mum
595 5831 956 5904 pertinentia;
997 5832 1077 5888 sic
1102 5831 1247 5887 enim
1281 5830 1640 5904 appellequte
1665 5827 1857 5885 τελικά
1883 5829 1966 5885 di-

2081 5138 2300 5184 cuntur.
2333 5127 2670 5201 rOrigenes,
2702 5131 2756 5185 in
2809 5130 2948 5198 νισι.
2996 5148 3068 5199 tv,
3104 5133 3137 5187 6
3164 5151 3181 5188 :
3205 5133 3326 5189 Κᾶν
3371 5135 3448 5199 ὡς
3479 5137 3538 5190 ἐν
3581 5138 3664 5192 ta-

2079 5200 2392 5284 τρικοίςβὲ
2442 5199 2753 5289 βοηθήμασι
2799 5201 2973 5254 ταῦτα
3025 5202 3250 5284 λέγοιτο.
3291 5204 3491 5274 ἀγαθά,
3556 5209 3663 5329 χρὴ

2079 5268 2462 5329 ἐκλαμϐάνειν,
2483 5271 2565 5323 ὅτι
2589 5287 2691 5325 ουκ
2713 5272 2805 5323 ἐπὶ
2827 5270 3016 5326 τελικά
3038 5275 3291 5329 laturam:
3309 5274 3509 5329 ἀγαθὰ.
3526 5276 3560 5328 ἀ
3629 5277 3663 5329 ὰ

2079 5268 2462 5340 ἐκλαμϐάνειν,
2483 5268 2565 5323 ὅτι
2589 5268 2691 5325 ὀῦκ
2713 5272 2805 5323 ἐπὶ
2827 5270 3016 5326 τελικά
3038 5268 3291 5347 ἰατρικῆς
3309 5268 3509 5345 ἀγαθὰ,
3526 5268 3665 5331 ἀλλά

2080 5339 2648 5428 ποιητικάΑἱ-τελιξονᾉ
2793 5340 2935 5428 κατά
2978 5343 3075 5414 τὴν
3120 5346 3368 5417 ἰατρικὴν
3399 5344 3602 5414 ἀγαθὸν
3627 5348 3663 5420 ἡ

2077 5409 2172 5460 τοῦ
2198 5409 2450 5480 σώματος
2478 5409 2973 5479 ὑγίειαΛΙιπετιυει
3029 5409 3042 5414 ’
3208 5409 3222 5416 ’
3323 5409 3336 5417 ”
3447 5409 3460 5414 ⁷
3647 5409 3663 5420 ’

2151 5478 2263 5555 (75)
2302 5481 2370 5531 El
2388 5478 2485 5555 καί
2506 5480 2688 5548 μικρὰ
2714 5477 2829 5536 οὖν
2852 5480 3214 5555 aculeum/tri,
3249 5493 3355 5539 etc.
3396 5482 3663 5555 Augusti-

2075 5562 2181 5622 nus
2230 5549 2457 5622 iu_psa_l.
2504 5563 2635 5622 ειη,
2680 5566 2837 5605 conc.
2888 5549 3246 5622 m;_GregOr.
3299 5549 3554 5609 bomil.'5
3602 5557 3658 5610 in

2073 5618 2358 5742 gva'ngel:;
2397 5617 2577 5742 Βῖευὶι
2632 5622 2923 5690 enarratio,
2972 5617 3374 5695 ChrySostomo
3432 5625 3659 5694 tributa,

2123 5698 2422 5760 nt_iym_tus_.
2476 5703 2556 5760 οη
2641 5757 2652 5760 Α

2144 5757 2256 5829 (76)
2296 5757 2482 5812 Codex
2522 5757 2724 5830 Regius
2780 5769 2836 5819 et
2882 5760 3214 5836 Anglicanus
3254 5763 3444 5824 αὑτοῦ.
3480 5763 3663 5823 Editio

2077 5826 2259 5885 lluctii
2289 5827 2460 5902 αὑτῷ,
2494 5832 2654 5886 male.
3642 5890 3649 5897 .

2179 5869 2259 5885 ....
2289 5869 2356 5883 .,-
2371 5869 2460 5902 Ὗ,
2490 5869 2654 5906 tu“...
