4086 6426
433 391 575 450 1319

1879 376 2204 435 ORIGENIS

3567 382 3707 439 £320

432 524 486 568 et
506 520 777 582 quatenus
802 507 1022 572 veritas,
1037 513 1092 561 et
1120 512 1392 576 quatenus
1408 503 1497 558 via
1528 502 1595 558 ad
1620 502 1789 558 Deum
1812 500 2011 565 ferens,

2120 501 2214 555 τοῦ
2246 500 2605 569 ἀγωνοθέτου,
2639 502 2689 556 εί
2720 499 2874 572 τύχοι
2907 498 2981 574 μὴ
3013 499 3374 571 ἐπιστάμενος
3399 502 3467 555 τὰ
3505 502 3600 556 ἐπὶ
3624 502 3709 575 τῷ

432 614 488 658 et
516 610 786 672 quatenus
817 612 942 652 vera
977 598 1105 650 vita.
1142 594 1348 650 Idcirco
1387 593 1845 664 quemadmodum
1889 600 2014 661 post

435 702 714 749 certamen
749 690 917 760 pugil,
946 688 992 743 si
1030 686 1170 741 forte
1198 701 1319 756 qua
1340 686 1561 755 praemia
1595 686 1859 739 victorem
1894 698 2011 736 ma-

436 792 625 843 neant,
660 782 892 850 ignorat,
920 777 1302 848 agonothetam
1327 777 1665 846 interrogat;
1695 776 1766 829 ita
1800 774 1962 829 rebus
1983 788 2014 828 ιι

438 893 498 933 se
538 875 794 946 praeclare
837 871 1001 943 gestis
1038 869 1280 926 conlisus
1325 866 1670 923 Servatorem
1718 875 2013 937 perconta-

434 977 524 1020 tur
543 966 590 997 ⁸ο
611 984 623 1018 :
652 963 818 1030 «Quid
846 976 975 1032 ergo
994 960 1099 1016 erit
1119 959 1313 1015 nobis?
1333 978 1353 1012 ι
1373 957 1500 1014 Etsi
1517 973 1839 1028 responsum
1854 956 2014 1011 Petro

432 1060 642 1122 datum,
679 1056 964 1125 ipsiusque
1007 1052 1491 1122 interrogationem
1520 1066 1624 1105 nos
1666 1050 1769 1119 ipsi
1810 1048 2015 1104 referre

431 1148 685 1214 velimus,
713 1146 878 1218 685
904 1146 1089 1199 omnia
1119 1144 1306 1198 itidem
1338 1142 1730 1211 relinquamus,
1760 1155 1866 1195 non
1897 1154 2015 1194 am-

431 1240 578 1309 plius
612 1237 893 1308 nequitize,
930 1235 1213 1304 ipsiusque
1262 1232 1521 1303 operibus
1569 1232 1923 1295 adhaerentes,
1959 1239 2015 1285 ct

430 1330 661 1386 verbum
730 1327 827 1382 Dei
870 1340 1205 1396 sequamur,
1251 1332 1314 1378 ut
1355 1323 1533 1386 nobis,
1595 1322 1815 1392 suisque
1862 1336 2014 1378 assc-

431 1421 534 1476 clis
556 1418 816 1474 omnibus
849 1432 912 1472 ea
962 1416 1108 1470 dicat
1133 1429 1256 1485 quae
1306 1413 1707 1469 subneetuntur
1756 1413 1841 1468 his
1883 1428 2012 1467 ver-

432 1511 518 1565 bis
546 1510 592 1542 “
626 1528 641 1564 :
676 1527 696 1560 ι
740 1507 901 1563 Jesus
921 1515 1102 1561 autem
1134 1505 1273 1559 dixit
1300 1504 1410 1561 illis
1444 1522 1458 1558 :
1489 1505 1662 1559 Amen
1688 1504 1810 1559 dico
1836 1504 2011 1569 vobis,

431 1600 577 1669 quod
606 1614 705 1653 vos
741 1598 835 1668 qui
884 1596 1054 1651 secnt-i
1097 1594 1228 1649 estis
1276 1609 1382 1657 me,
1447 1612 1467 1646 ι
1526 1601 1581 1648 ct
1627 1595 1858 1665 reliqua,
1890 1610 2014 1665 quae

432 1689 822 1758 simpliciorem
875 1695 928 1740 et
977 1686 1092 1756 ipsa
1138 1685 1419 1739 continent
1450 1686 1795 1752 sententiam,
1827 1688 1892 1742 ad
1924 1704 2014 1741 re-

431 1778 721 1848 linquenda
744 1776 887 1830 bona
918 1790 1019 1829 nos
1049 1775 1453 1839 adhortantem,
1484 1773 1579 1830 sed
1604 1784 1655 1829 et
1693 1775 2013 1846 profundio-

430 1884 547 1923 rem
585 1867 746 1922 etiam
783 1874 1045 1936 praeterea
1071 1866 1530 1936 complectuntur.
1566 1864 1669 1932 Qui
1698 1882 1827 1935 ergo
1867 1868 2015 1923 hunc

431 1957 708 2027 Evangelii
764 1956 944 2011 locum
997 1955 1065 2009 ad
1116 1956 1344 2009 verbum
1396 1955 1863 2025 interpretabitur,
1897 1957 2014 2012 lucc

430 2048 598 2112 dicet,
632 2046 935 2116 unicuique
961 2045 1197 2100 edixisse
1227 2047 1479 2112 verbum,
1508 2057 1568 2101 ut
1598 2046 1784 2102 Jesum
1818 2063 2015 2117 sequa-

432 2150 542 2206 tur,
582 2153 772 2194 verum
814 2151 911 2192 eos
956 2136 1051 2205 qui
1099 2138 1328 2206 apostoli
1375 2147 1507 2194 tunc
1547 2140 1807 2209 temporis
1835 2148 2010 2205 erant,

434 2229 922 2300 apostolorumque
952 2228 1179 2296 similes,
1208 2229 1299 2298 qui
1336 2245 1461 2285 eum
1496 2239 1812 2286 constanter
1838 2230 2011 2286 secuti

433 2330 567 2377 sunt
638 2319 1033 2390 eompellasse;
1096 2330 1344 2390 posteros
1415 2330 1593 2377 autem
1653 2322 1738 2377 bis
1805 2321 2014 2392 signiti-

433 2429 591 2468 casse
624 2412 670 2445 ”
702 2431 716 2466 :
760 2430 778 2463 ι
813 2411 879 2466 Ει
905 2410 1084 2466 omnis
1116 2412 1207 2481 qui
1240 2413 1522 2482 reliquerit
1563 2412 1779 2480 fratres,
1812 2413 1897 2468 vel
1925 2429 2016 2469 so-

432 2519 605 2566 rores,
645 2522 663 2554 ι
698 2513 753 2559 et
789 2512 1004 2558 caetera.
1050 2503 1123 2557 At
1170 2504 1422 2558 vocabuli
1465 2504 1649 2573 hujus,
1698 2522 1719 2555 ι
1771 2505 1949 2574 sequi,
1986 2522 2005 2558 ι

430 2594 823 2665 expositionem
882 2592 1041 2663 quasi
1095 2593 1386 2649 violentam
1438 2592 1742 2649 confutabit
1788 2594 2010 2663 aliquis,

430 2687 500 2740 de
547 2685 801 2740 omnibus
856 2684 987 2737 illud
1060 2683 1269 2739 dictum
1323 2698 1446 2740 esse
1506 2684 1844 2740 contendens
1907 2685 2013 2742 hoc

432 2782 555 2837 loco
581 2781 627 2814 ⁸³
669 2799 684 2812 ·
726 2799 745 2832 ι
780 2780 884 2848 Qui
925 2796 1036 2836 non
1071 2780 1357 2837 sustulerit
1383 2794 1600 2836 crucem
1646 2795 1823 2843 suam,
1850 2789 1903 2835 et
1926 2796 2015 2836 se-

430 2884 593 2931 cutus
636 2869 801 2929 fuerit
833 2889 940 2942 me,
967 2889 1079 2929 non
1103 2882 1186 2928 est
1213 2873 1411 2943 dignus
1439 2872 1534 2943 qui
1560 2887 1714 2927 meus
1747 2871 1820 2927 sit
1846 2872 2013 2928 disci-

432 2966 614 3036 pulus.
655 2983 675 3017 ι
712 2963 815 3032 Qui
849 2979 980 3035 ergo
1014 2963 1359 3019 Servatorem
1393 2961 1567 3019 secuti
1603 2959 1827 3026 fuerint,
1856 2962 2013 3017 sede-

432 3057 570 3111 bnnt
594 3070 754 3126 super
781 3055 1007 3111 thronos
1038 3054 1349 3120 duodecim,
1373 3052 1686 3123 judicantes
1718 3054 2008 3108 duodecim

2113 593 2284 661 ἀγῶνι
2328 588 2501 657 ἆθλα,
2541 591 2868 645 πυνθάνεται
2914 591 3008 644 τοῦ
3054 590 3306 662 Σωτῆρος
3344 590 3520 659 λέγων
3566 593 3707 662 μετά

2112 685 2211 756 τὴν
2240 684 2333 738 ἐπὶ
2364 686 2475 748 τοῖς
2498 683 2955 755 ἀνδραγαθήμασι
2983 685 3295 754 παρρησίαν
3321 686 3411 738 τό·
3445 705 3465 736 ι
3499 686 3564 739 Τί
3595 686 3708 758 ἄρα

2113 776 2265 829 ἔσται
2299 777 2462 847 ἡμίν;
2501 794 2516 827 ο
2564 776 2672 829 Καὶ
2716 774 2875 845 εἴπερ
2911 773 3212 845 βουλόμεθα
3236 774 3304 828 τὰ
3334 776 3471 847 πρὸς
3496 775 3706 849 Πέτρον

2115 869 2378 940 εἰρημένα
2419 870 2513 923 καὶ
2556 867 2653 939 τὴν
2694 866 2889 922 πεῦσιν
2932 865 3096 920 αὑτοῦ
3144 867 3238 921 καί⁸
3304 868 3459 921 αὐτοὶ
3491 867 3705 933 λαϐεῖν,

2115 957 2341 1027 ἀφῶμεν
2373 957 2545 1022 οὕτως
2574 957 2773 1022 πάντα,
2814 956 3011 1029 μηκέτι
3051 957 3432 1029 περιεχόμενοι
3459 957 3559 1029 τῆς
3599 975 3704 1013 κα-

2116 1050 2258 1113 κίας,
2298 1049 2521 1120 καὶτῆς
2553 1050 2673 1103 κατ’
2718 1048 2887 1122 αὐτὴν
2930 1049 3234 1120 ἐνεργείας,
3272 1048 3366 1102 καὶ
3400 1049 3705 1121 ἀκολουθή-

2116 1157 2296 1211 σωμεν
2329 1140 2407 1211 τῷ
2439 1139 2534 1194 τοῦ
2584 1140 2718 1194 Θεοῦ
2761 1140 2925 1211 λόγῳ,
2979 1140 3066 1195 ἵνα
3096 1142 3227 1211 ἡμῖν
3270 1142 3398 1212 εἴπῃ
3428 1141 3523 1196 καὶ
3568 1144 3703 1196 πᾶσι

2110 1235 2224 1297 τοῖς
2281 1231 2707 1303 ἀκολουθήσασιν
2764 1233 2913 1305 αὑτῷ
2963 1232 3036 1287 τά
3092 1233 3465 1305 ἐπιφερόμενα
3528 1234 3705 1299 οὕτως

2113 1324 2336 1397 ἔχοντα·
2377 1343 2395 1378 ι
2461 1325 2518 1380 '0
2553 1327 2611 1380 δὲ
2652 1324 2861 1397 Ἰησοῦς
2908 1320 3060 1377 εἶπεν
3091 1325 3304 1389 αὐτοῖς’
3355 1326 3527 1398 Ἀμὴν
3557 1324 3703 1392 λέγω

2113 1415 2263 1487 ὑμῖν,
2314 1417 2397 1471 ὅτι
2431 1418 2587 1489 ὑμεῖς
2641 1418 2691 1471 ot
2749 1416 3212 1489 ἀκολουθήσαντές
3247 1434 3359 1488 μοι,
3421 1436 3439 1468 ι
3491 1418 3584 1471 καὶ
3632 1419 3702 1473 τὰ

2112 1505 2259 1576 ἑξῆς,
2282 1506 2423 1579 ᾶπερ
2463 1506 2558 1559 καὶ
2582 1507 2720 1560 αύτά
2752 1507 2846 1561 καὶ
2875 1507 3240 1578 ἁπλούστερον
3276 1507 3387 1578 ἔχει
3420 1506 3541 1560 τινὰ
3568 1524 3704 1577 προ-

2110 1592 2402 1662 τρεπτικὸν
2453 1595 2546 1647 ἐπὶ
2594 1594 2655 1647 τὸ
2700 1596 3019 1650 καταλιπεῖν
3061 1596 3130 1650 τὰ
3176 1596 3490 1668 ὑπάρχοντα
3539 1597 3699 1661 νοῦν,

2112 1683 2205 1735 καὶ
2233 1683 2418 1756 ἓτερον
2454 1685 2603 1757 παρά
2633 1686 2821 1753 τοῦτον
2857 1687 3173 1759 βαθύτερον.
3219 1688 3278 1739 ⁸0
3314 1687 3411 1758 μὲν
3441 1684 3533 1741 οὖν
3560 1688 3702 1742 κατὰ

2112 1772 2209 1843 τὴν
2234 1773 2377 1838 λέξιν
2408 1776 2725 1847 ἑρμηνεύων
2756 1777 2846 1830 τὸν
2884 1777 3044 1831 τόπον
3075 1776 3169 1830 τοῦ
3214 1778 3546 1847 Εύαγγελίου
3590 1796 3703 1832 τοι-

2113 1864 2253 1919 αὖτα
2281 1869 2428 1937 ἐρεῖ·
2465 1867 2676 1932 Πάντας
2701 1865 2852 1922 εἶπεν
2879 1868 3191 1923 ἀκολουθεῖν
3223 1869 3300 1940 τῷ
3346 1869 3519 1939 Ἰησοῦ
3548 1870 3577 1923 ό
3607 1869 3699 1924 λό-

2114 1972 2229 2023 γος,
2263 1957 2396 2011 ἀλλὰ
2429 1960 2551 2022 τοὺς
2575 1960 2672 2029 μὲν
2699 1959 2817 2013 τότε
2850 1960 3199 2024 ἀποστόλους,
3223 1961 3318 2014 καὶ
3338 1961 3556 2031 ὁμοίους
3584 1960 3695 2031 (82)

2115 2047 2345 2111 ἐκείνοις
2386 2049 2658 2118 ὲπιμόνως
2697 2050 2844 2121 αὐτῷ
2875 2050 3347 2122 ἀκολουθήσαντας
3382 2053 3693 2123 ὠνόμασενο

2112 2136 2207 2202 οὓς
2238 2139 2294 2192 δὲ
2329 2142 2819 2213 μεταγενεστέρους
2858 2143 3129 2214 ἐδήλωσεν
3183 2166 3211 2193 σ
3246 2144 3357 2198 Καὶ
3397 2147 3504 2208 πᾶς
3550 2146 3699 2208 ὅστις

2113 2229 2323 2301 ἀφῆκεν
2361 2232 2641 2302 ἀδελφοὺς,
2683 2234 2717 2305 ἦ
2753 2233 3009 2304 ἀδελφὰς,
3058 2254 3076 2287 ι
3128 2236 3223 2290 καὶ
3258 2240 3327 2289 τα
3364 2235 3512 2307 ἑξῆς.
3557 2237 3695 2290 Ἀλλ’

2114 2318 2189 2385 ὡς
2208 2320 2393 2390 βιαίως
2409 2322 2810 2395 διηγησάμενον
2833 2326 2911 2390 τὸ,
2939 2344 2957 2376 ι
2982 2325 3311 2391 ἀκολουθεῖν,
3344 2346 3362 2378 ι
3394 2328 3695 2398 ἀνατρὲιξσι

2111 2429 2197 2476 τις
2227 2411 2398 2481 λέγων
2428 2415 2557 2485 περὶ
2591 2415 2806 2471 πάντων
2839 2415 3091 2488 εἰρῆσθαι
3121 2416 3201 2481 τὸ,
3241 2435 3259 2467 ι
3293 2415 3626 2481 ἀκολουθεῖν,
3668 2436 3688 2469 ι

2113 2501 2173 2559 ὲν
2225 2502 2335 2574 τῷ·
2375 2523 2393 2556 ι
2454 2507 2552 2568 Ὃς
2594 2506 2660 2560 ἂν
2710 2506 2785 2578 μὴ
2822 2507 2928 2578 ἀρῃ
2961 2507 3052 2561 τὸν
3097 2507 3328 2578 σταυρὸν
3374 2508 3561 2573 αὑτοῦ,
3601 2510 3697 2563 καὶ

2112 2592 2454 2669 ἀκολουθήσῃ
2484 2596 2658 2649 ὀπίσω
2687 2614 2810 2667 μου,
2840 2597 2941 2650 οὐκ
2967 2598 3083 2651 ἔστι
3117 2616 3220 2669 μου
3248 2599 3397 2666 ἄξιος
3434 2596 3571 2655 εἶναι
3597 2618 3697 2673 μα-

2112 2688 2301 2760 θητής.
2345 2706 2365 2739 ι
2409 2689 2471 2741 Οῖ
2520 2689 2699 2742 τοίνυν
2732 2689 3193 2761 ἀκολουθήσαντες
3222 2692 3301 2764 τῷ
3343 2693 3555 2764 Σωτῆρι
3597 2710 3697 2747 κα-

2113 2776 2386 2831 θεδοῦνται
2420 2780 2511 2833 ἐπὶ
2536 2778 2743 2834 δώδεκα
2776 2780 3016 2852 θρόνους,
3055 2781 3328 2854 κρίνοντες
3359 2782 3458 2847 τὰς
3495 2784 3561 2837 ιϐ’
3596 2801 3695 2852 φυ-

2111 2866 2210 2931 λὰς
2239 2867 2335 2922 τού
2384 2868 2621 2941 Ἰσραὴλ,
2655 2870 2751 2925 καὶ
2785 2869 2989 2943 ταύτην
3025 2870 3286 2943 λήψονται
3318 2872 3415 2944 τὴν
3448 2871 3697 2938 ἐξουσίαν

2113 2962 2171 3015 ὲν
2196 2963 2261 3033 τῇ
2290 2961 2585 3016 ἀναστάσει
2616 2961 2724 3015 τῶν
2755 2962 2995 3034 νεκρῶν·
3030 2962 3168 3034 αὕτη
3197 2964 3306 3035 γάρ
3338 2963 3485 3017 ἐστιν
3518 2965 3551 3036 ἡ
3586 2984 3695 3019 πα-

2112 3053 2420 3124 λιγγενεσία
2460 3054 2621 3125 καινή
2653 3071 2736 3118 τις
2766 3054 2978 3122 γένεσις
3007 3050 3161 3116 οὖσα,
3191 3055 3278 3107 ὅτε
3316 3055 3547 3126 οὐρανὸς
3575 3074 3696 3110 και-

432 3147 609 3202 tribus
644 3144 829 3211 Israel,
862 3153 1027 3217 atque
1062 3145 1204 3199 hanc
1232 3144 1287 3198 in
1318 3143 1718 3197 resurrectione
1759 3152 2008 3198 mortuo-

2112 3143 2222 3209 νὸς,
2252 3145 2347 3199 καὶ
2375 3147 2409 3216 ή
2439 3146 2512 3217 γῆ
2550 3144 2711 3216 καινὴ
2741 3148 2855 3209 τοῖς
2885 3146 3111 3209 ἑαυτοὺς
3142 3145 3547 3202 ἀνακαινώσασι
3580 3151 3696 3201 κτί-

431 3251 554 3291 rum
598 3242 917 3305 potestatem
961 3233 1246 3304 accipient.
1296 3232 1473 3301 Atque
1504 3232 1619 3285 haec
1658 3240 1743 3286 est
1783 3232 2003 3302 quidem

431 3325 767 3397 regeneratio
815 3339 937 3395 quae
983 3338 1159 3378 novus
1205 3321 1427 3392 quidam
1457 3329 1612 3374 ortus
1656 3330 1759 3387 est,
1786 3322 2007 3390 quando

2112 3234 2286 3301 ξεται,
2315 3238 2407 3292 καὶ
2429 3237 2605 3310 Καινὴ
2622 3237 2865 3311 Διαθήκη
2894 3239 3267 3311 παραδίδοται,
3302 3241 3397 3295 καὶ
3434 3242 3497 3297 τὸ
3528 3242 3695 3314 ποτή·

2116 3343 2230 3397 ριον
2258 3327 2447 3399 αὐτῆς.

430 3430 636 3471 novum
660 3414 859 3470 caelum
887 3422 942 3469 et
964 3427 1106 3468 nova
1133 3420 1277 3467 terra
1314 3410 1382 3465 iis
1407 3410 1681 3474 conditur,
1717 3419 1771 3466 ct
1799 3409 2009 3468 Novum
2050 3416 2286 3472 traditur
2326 3417 2762 3488 Testamentum,
2798 3418 3076 3491 ipsiusque
3129 3419 3293 3485 calix,
3344 3420 3437 3491 qui
3480 3434 3542 3481 se
3584 3420 3691 3490 ipsi

430 3515 854 3564 renovaverunt.

502 3602 593 3657 25.
630 3601 803 3673 Hujus
831 3611 1012 3657 autem
1041 3600 1174 3656 illud
1209 3600 1422 3655 initium
1451 3608 1555 3664 est,
1589 3600 1733 3669 quod
1767 3617 1798 3656 a
1836 3599 2010 3658 Paulo

430 3694 705 3750 lavacrum
757 3692 1184 3764 regenerationis
1225 3692 1525 3762 appellatur
1565 3692 1632 3759 εἴ,
1668 3695 1921 3763 quodque
1950 3695 2003 3748 in

2202 3600 2449 3671 Ἐκείνης
2478 3600 2536 3653 δὲ
2561 3600 2662 3669 τῆς
2692 3598 3111 3669 παλιγγενεσίας
3133 3599 3241 3671 (83)
3263 3599 3546 3672 προοίμιόν
3571 3600 3690 3655 ἔστι

2113 3690 2173 3744 τὸ
2203 3688 2536 3759 καλούμενον
2583 3689 2734 3759 ποιρά
2773 3687 2849 3759 τῷ
2882 3688 3078 3759 Παύλῳ
3113 3688 3337 3759 λουτρὸν
3371 3689 3694 3759 παλιγγενε-

432 3782 538 3838 hac
582 3781 824 3835 novitate
874 3780 1151 3835 lavacrum
1208 3781 1637 3850 regenerationis
1675 3781 1727 3834 in
1787 3781 2005 3836 lavacro

2113 3784 2254 3847 σίας,
2285 3782 2379 3837 καὶ
2423 3780 2636 3852 ἐκείνης
2679 3781 2779 3852 τῆς
2827 3782 3146 3850 καινότητος
3186 3781 3247 3834 τὸ
3299 3782 3693 3854 ἐπιφερόμενον

433 3871 802 3929 renovationis
858 3871 1082 3941 spiritus
1124 3871 1388 3942 sequitur.
1422 3870 1486 3927 Et
1522 3873 1755 3928 fortasse
1784 3874 2002 3943 quidem

2112 3875 2185 3946 τῷ
2244 3872 2454 3945 λουτρῷ
2505 3872 2609 3942 τῆς
2667 3872 3089 3940 παλιγγενεσίας
3138 3873 3198 3925 ὲν
3255 3871 3334 3942 τῷ
3390 3872 3696 3927 ἀνακαινώ-

434 3965 489 4021 in
522 3964 869 4035 generatione
900 3984 918 4017 ι
945 3979 1105 4020 nemo
1133 3980 1163 4019 a
1183 3964 1438 4022 sordibus
1460 3968 1693 4022 mundus
1718 3986 1736 4019 ι
1759 3978 1863 4031 est,
1888 3986 1906 4019 ι
1938 3983 2006 4023 ne

2114 3983 2249 4029 σεως
2278 3964 2386 4036 (84)
2422 3963 2748 4035 πνεύματος.
2785 3964 2936 4034 Τάχα
2966 3963 3020 4016 δὲ
3053 3963 3144 4017 καὶ
3180 3962 3321 4017 κατά
3354 3964 3454 4035 μὲν
3483 3964 3583 4037 τὴν
3607 3964 3693 4036 γέ-

1630 4078 1864 4135 VETUS
1897 4078 2483 4135 INTERPRETATIO.

434 4174 733 4246 luctamen,
763 4172 1145 4246 agonotlietam
1193 4174 1492 4246 interrogat
1521 4190 1642 4245 quae
1681 4176 1790 4230 sint
1818 4177 2039 4246 prtemia
2066 4175 2381 4232 certaminis
2407 4173 2743 4246 liujusmodi,
2785 4173 3128 4246 quieuadlmc
3162 4175 3458 4246 nesciebat.
3492 4193 3512 4227 ι
3545 4174 3688 4241 Quid

436 4244 628 4313 utique
659 4244 764 4297 erit
796 4243 991 4317 nobis?
1014 4262 1034 4296 ι
1070 4244 1134 4298 Et
1168 4260 1268 4300 nos
1302 4245 1347 4299 si
1383 4243 1639 4317 volumus
1669 4243 1947 4317 percipere
1979 4262 2101 4316 qua:
2123 4256 2251 4301 sunt
2280 4246 2441 4300 Petro
2470 4243 2770 4317 promissa,
2791 4243 3040 4317 similiter
3070 4244 3254 4297 omnia
3287 4244 3685 4317 relinquamus,

435 4324 497 4368 ut
519 4318 585 4367 de
613 4322 812 4386 ert-tero
836 4314 985 4386 nulla
1009 4322 1293 4369 teneamur
1319 4315 1549 4378 malitia,
1584 4313 1762 4384 neque
1787 4313 2063 4386 aliquibus
2089 4317 2346 4385 operibus
2368 4313 2507 4384 ejus,
2533 4316 2624 4369 sed
2660 4315 2885 4386 verbum
2913 4313 3005 4386 Dei
3036 4328 3352 4386 sequamur,
3385 4313 3455 4368 ut
3470 4315 3690 4386 dicatur

433 4392 488 4437 et
514 4383 692 4455 nobis,
725 4392 779 4455 et
800 4384 1058 4455 omnibus
1098 4386 1456 4455 sequentibus
1479 4399 1628 4455 eumJ
1657 4383 1777 4454 quae
1803 4387 1855 4439 i-n
1881 4383 2240 4455 sequenti—bus
2272 4383 2443 4440 dicit:
2474 4403 2493 4435 ι
2528 4386 2699 4455 Amen
2730 4384 2852 4455 dico
2879 4383 3055 4445 vobis,
3088 4385 3233 4455 quod
3264 4398 3359 4438 vos
3387 4385 3481 4453 qui
3512 4383 3691 4439 secuti

435 4453 579 4526 estis
601 4466 708 4526 me,
740 4453 793 4526 in
821 4452 1328 4526 generatione—eum
1362 4455 1566 4526 sederit
1589 4452 1765 4526 Filius,
1805 4452 2248 4526 hOlIlllliSiSUpQI'
2283 4455 2466 4526 sedem
2488 4453 2809 4526 maiestatis
2837 4452 3267 4526 sum,_sedebiti_s
3304 4452 3477 4526 et‘v’os
3523 4468 3692 4522 super

437 4519 722 4593 duodecim
743 4519 1007 4593 thronos,
1045 4523 1354 4590 jndicantes
1384 4524 1668 4580 duodecim
1706 4525 1877 4581 tribus
1908 4524 2095 4580 Israel.
2130 4519 2167 4577 ι’
2185 4524 2341 4590 Quod
2388 4534 2441 4579 et
2484 4519 2662 4592 ipsum
2708 4532 2763 4577 et
2814 4524 3114 4591 simplicem
3159 4523 3322 4593 habet
3365 4519 3691 4592 interpreta-

439 4589 641 4664 tionem
670 4589 1059 4664 exhortantem
1080 4593 1384 4664 relinquere
1414 4594 1554 4664 bona
1589 4594 1768 4649 smculi
1798 4604 2015 4664 propter
2040 4589 2340 4660 Christum,
2363 4603 2415 4648 et
2446 4589 2768 4664 spiritalem.
2801 4603 2855 4647 et
2877 4589 3146 4664 altiorem.
3188 4591 3292 4658 Qui
3322 4606 3453 4664 e_rgo
3490 4589 3691 4647 secun-

439 4658 570 4741 dum
603 4657 838 4741 litteram
871 4660 987 4741 vult
1012 4657 1328 4741 intelligere,
1362 4664 1488 4741 talia
1514 4663 1731 4741 dicere:
1760 4657 1879 4719 Non
1899 4657 2100 4719 omnes
2142 4663 2274 4719 dicit
2303 4657 2457 4734 sequi
2476 4657 2999 4741 'Cliristumnsermo,
3027 4662 3122 4717 sed
3153 4657 3247 4716 eos
3276 4658 3372 4731 qui
3389 4657 3537 4741 tunc
3567 4664 3688 4741 fue-

376 4755 382 4769 ι
440 4728 1051 4803 τιιιιιηιιροειοιί,μοιχειιί
1081 4728 1330 4803 similiter
1359 4733 1438 4787 eis
1469 4734 1640 4787 secuti
1673 4734 1890 4789 fuerant
1918 4750 2066 4799 eum,
2105 4745 2322 4789 secutos
2353 4728 2410 4789 se
2428 4733 2732 4803 appellavit.
2757 4732 3094 4803 Posteriores
3113 4728 3688 4803 autem'manifestavit

438 4797 703 4879 perillud
737 4799 881 4867 quod
927 4797 1099 4879 dixit:
1134 4817 1151 4852 ι
1186 4799 1254 4854 Ει
1288 4803 1912 4879 omnisqui‘reliquerit
1954 4797 2173 4879 fratres,
2207 4813 2302 4858 aut
2332 4797 2623 4879 sorores.)
2659 4812 2713 4879 et
2752 4812 2971 4879 caetera.
3018 4800 3294 4879 Q_ui_ergo
3339 4801 3689 4879 secutisunt

436 4867 739 4943 Christum,
776 4884 903 4943 non_
917 4869 1188 4943 quaedam,
1214 4871 1307 4925 sed
1339 4867 1533 4925 omnia
1552 4867 1940 4943 relinquentes,
1969 4867 2232 4929 sedebunt
2260 4889 2424 4942 super
2447 4873 2732 4928 duodecim
2764 4873 2988 4928 thronos
3008 4867 3368 4943 ,judica'ntes
3394 4872 3684 4927 duodecim

439 4936 1101 5025 lii-1328‘l§r?t£l:”§t—llallc
1126 4950 1447 5025 potestatem
1477 4936 1743 5025 accipient
1766 4946 1818 5025 in
1849 4936 2264 5025 reSurrectiune
2282 4936 2657 5025 mortuorum;
2693 4945 2808 5025 ipsa
2843 4952 2929 5025 est
2956 4936 3104 5025 enim
3136 4944 3435 5025 generatio,
3463 4951 3518 4995 et
3547 4955 3687 4995 nova

431 5005 685 5071 quaedam
719 5008 975 5082 nativitas
1015 5005 1330 5082 constituta,
1375 5005 1683 5082 quando'et
1717 5014 1915 5068 coelum
1964 5028 2186 5080 novum,
2216 5022 2271 5068 et
2303 5022 2447 5068 terra
2478 5028 2620 5068 nova
2644 5005 2885 5068 creatur
2916 5014 3023 5077 his,
3063 5005 3165 5082 qui
3198 5005 3684 5082 seipsos'renova-

436 5082 739 5153 vergnt,__e_t
766 5074 976 5132 Novum
1004 5081 1235 5136 traditur
1265 5074 1694 5153 Testamentum,
1721 5092 1777 5138 et
1798 5084 1939 5137 calix
1972 5084 2162 5153 ipsius.

503 5143 605 5224 23.
638 5140 789 5224 Illius
817 5156 996 5224 autem
1024 5151 1452 5224 regenerationis
1488 5140 1766 5221 praemium
1802 5162 1905 5224 est,
1936 5140 2080 5224 quod
2112 5153 2252 5224 apud
2284 5151 2529 5224 Paulum
2559 5163 2789 5208 vocatur
2821 5153 3100 5208 lavacrum
3146 5149 3596 5221 regenerationis,
3629 5158 3688 5202 ct

442 5211 588 5270 illius
643 5216 902 5271 novitatis
932 5211 1258 5294 mysterium,
1281 5230 1366 5276 est
1413 5211 1530 5294 bte'c
1563 5223 1861 5294 renovatio
1894 5211 2241 5294 spiritus-Et
2273 5223 2504 5278 forsitan
2554 5224 2771 5294 quidem
2821 5225 3119 5278 secundum
3172 5211 3311 5294 hanc
3342 5211 3684 5294 nativitatem

440 5301 463 5336 ι
504 5300 666 5340 nemo
689 5295 773 5342 est
804 5289 1041 5346 mundus
1073 5305 1105 5346 a
1136 5292 1316 5356 sorde,
1348 5292 1451 5347 etsi
1482 5291 1646 5347 unius
1671 5292 1778 5346 diei
1804 5294 1876 5347 sit
1900 5289 2008 5349 vita
2032 5293 2172 5363 ejus,
2206 5312 2224 5346 ι
2250 5300 2471 5364 propter
2493 5289 2794 5349 nativitatis
2827 5302 3026 5348 nostra:
3048 5293 3284 5349 carnalis
3310 5293 3633 5363 mysterium
3658 5306 3676 5342 :

505 5375 552 5411 "
590 5372 780 5434 Matth.
818 5380 1048 5448 xtx,27.
1119 5382 1164 5416 “
1201 5382 1392 5439 Matth.
1430 5398 1544 5448 xix,
1571 5381 1661 5437 28.
1736 5382 1781 5414 "
1821 5383 1952 5439 ibid.
1983 5382 2073 5440 29.
2145 5384 2190 5417 ⁸³
2225 5382 2360 5440 Luc.
2391 5400 2502 5449 xw,
2530 5383 2619 5438 27.
2693 5383 2740 5416 ⁸⁵
2775 5381 2883 5438 Tit.
2924 5397 3008 5449 ιιι,
3036 5382 3090 5437 5.

2108 5477 2304 5534 lauit.
2334 5478 2599 5535 Hunnus.

2177 5549 2290 5619 (84)
2341 5545 2831 5614 Ἆνακαινώσεως.
2872 5546 3087 5619 Codex,
3119 5545 3321 5619 Regius
3339 5586 3361 5619 ,ν
3402 5546 3689 5619 ἀνακαινί-

2109 5618 2267 5695 σεως.
2292 5620 2498 5695 ibidem
2531 5618 2599 5673 ad
2630 5621 2744 5695 haec
2774 5618 3170 5695 κριθεὶς-Τάχα
3283 5618 3551 5695 καὶᾼκατὶι-
3569 5618 3686 5695 μὲν

2107 5687 2206 5809 ’ἰὴν
2243 5689 2474 5770 γένεσιν,
2523 5695 2627 5744 etc.
2667 5686 2870 5743 Confer
2916 5685 3166 5759 Origenis
3200 5690 3350 5745 hom.
3384 5687 3418 5744 8
3445 5698 3494 5743 et
3531 5687 3603 5742 l2
3628 5688 3687 5741 in

2157 5771 2421 5811 ιύιιιτιιηι.

2157 5774 2231 5811 ιδυι
2240 5774 2254 5811 Ι
2264 5775 2421 5812 ιτιιιιι.

506 5470 619 5544 (82)
657 5472 840 5547 codex
877 5475 1098 5547 ltegius,
1127 5476 1349 5547 ὁμοίως,
1396 5491 1504 5532 non
1548 5476 1708 5544 male,
1734 5478 1899 5547 modo
1926 5478 2002 5547 le-

435 5550 592 5609 gatur
636 5545 788 5616 τοὺςΔ
809 5545 1010 5616 ὁμοίως
1042 5545 1287 5611 ὲκείνοις.
1319 5547 1490 5602 Paulo
1521 5557 1643 5615 post
1672 5548 1792 5601 loco
1821 5546 1917 5610 οὓς
1942 5546 2000 5599 δὲ

439 5612 953 5690 μεταγενεστέρους,
979 5618 1103 5690 lege
1129 5620 1258 5690 τοὺς
1288 5617 1345 5670 δὲ
1383 5612 1892 5690 μεταγενεστέρους.

510 5680 619 5747 (85)
658 5680 945 5755 -Ἑκεῖνςηςν
968 5680 1191 5754 δὲ’τῆς
1230 5680 1713 5755 παλιγγενεσίας,
1742 5680 1845 5740 etc.
1887 5684 2004 5741 Ori-

439 5762 623 5816 genes,
658 5749 805 5805 hom.
834 5753 867 5805 8
887 5764 941 5808 et
969 5756 1054 5808 12.
1082 5749 1817 5823 in"chit.;'llilarius,'can.
1846 5756 1915 5810 ‘20
1948 5758 2001 5809 in
