4086 6426
470 358 499 415 ‘l
511 358 618 416 513

1979 343 2301 401 (lRlGENlS

3600 342 3739 405 43-?!

479 475 613 531 illud
654 488 874 545 quoque
923 472 1159 541 reperies
1186 470 1231 504 "
1268 488 1280 523 :
1322 485 1342 521 ι
1373 467 1640 538 Proposui
1671 468 1724 521 in
1753 475 2050 537 conspectu

2157 463 2373 518 πάντων
2411 464 2444 535 ἡ
2479 460 2611 535 ζωή.
2673 464 2759 517 Ἐν
2808 462 2863 517 δὲ
2904 461 2983 534 τῷ
3016 464 3166 535 νόμῳ
3204 455 3460 535 εὖρήσεις
3508 462 3603 518 καὶ
3642 464 3744 518 ἰδ’

477 583 575 623 tuo
619 569 786 623 vitam
831 575 884 620 et
934 573 1162 618 mortem
1190 603 1205 626 ,
1239 582 1258 614 ι
1292 570 1345 617 et
1376 562 1481 616 hoc
1510 563 1558 599 "
1597 580 1609 615 :
1667 579 1686 612 ι
1722 559 1789 614 Ει
1813 562 1918 614 erit
1944 560 2052 614 vita

476 672 573 715 tua
607 659 763 730 quasi
791 658 1030 726 pendens
1053 663 1179 709 ante
1204 662 1275 718 te,
1312 672 1330 706 ι
1368 663 1422 709 et
1446 653 1592 707 istud
1616 654 1662 685 ”
1696 672 1708 707 :
1743 671 1765 703 ι
1793 650 1912 707 Non
1934 666 2054 706 cre-

479 753 620 807 detis
644 752 769 806 vitae
801 758 1015 809 vestrae.
1054 766 1072 800 ι
1105 745 1268 801 Sedet
1294 754 1471 799 autem
1505 744 1559 798 in
1590 744 1718 801 sede
1750 742 2054 813 maiestatis

478 859 591 899 suae
618 842 790 896 Filius
817 839 1075 903 hominis,
1111 853 1236 893 eum
1269 838 1323 891 in
1356 837 1564 892 nullum
1590 836 1685 907 qui
1712 836 1764 889 in
1796 835 1906 889 Deo
1935 836 2054 889 sine

478 938 684 991 honore
709 948 774 989 ac
810 931 980 1004 gloria
1007 931 1101 997 sit,
1135 929 1343 983 obtinet
1376 928 1697 998 imperium;
1741 939 1874 982 tunc
1905 927 2050 980 enim

475 1026 789 1097 quicunque
834 1023 1004 1095 gloria
1054 1021 1122 1076 ab
1167 1019 1482 1075 hominibus
1528 1019 1705 1074 allecti
1756 1034 1863 1073 non
1902 1025 2051 1083 sunt,

476 1132 652 1188 neque
696 1117 752 1171 in
797 1131 867 1172 eo
907 1115 1229 1170 laborarunt
1276 1123 1337 1169 ut
1382 1113 1608 1184 gloriam
1643 1111 1713 1165 ab
1739 1108 2053 1164 hominibus

473 1215 983 1279 consequerentur,
1038 1206 1132 1261 sed
1183 1222 1203 1256 «ι
1259 1204 1489 1275 gloriam
1535 1218 1656 1272 qua:
1700 1217 1731 1255 a
1773 1200 1892 1255 solo
1941 1197 2052 1253 Deo

473 1310 557 1354 est
592 1301 634 1365 ¹,
672 1318 690 1350 ι
746 1299 1140 1368 quaesiverunt,
1194 1295 1343 1350 illius
1375 1309 1542 1365 regno
1570 1292 1930 1362 subiicientur
1957 1288 2051 1359 qui

474 1391 627 1448 sedet
652 1393 706 1444 in
735 1389 864 1444 sede
889 1387 1192 1457 maiestatis
1216 1402 1328 1442 sua:
1356 1404 1375 1440 τ
1396 1395 1524 1440 tunc
1548 1392 1727 1438 autem
1756 1383 2055 1438 exaudiun-

476 1491 566 1534 tur
619 1489 745 1534 vota
798 1476 1108 1532 Servatoris
1153 1474 1382 1530 dicentis
1413 1476 1479 1526 ἐ
1520 1491 1537 1523 ι
1580 1472 1769 1539 l‘ater,
1815 1470 2052 1525 clarilica

476 1589 565 1628 me
592 1571 838 1627 claritate
864 1585 1029 1641 quam
1063 1566 1246 1633 habui,
1270 1565 1588 1636 priusquam
1619 1562 1857 1618 mundus
1884 1569 2050 1628 esset,

476 1665 618 1735 apud
647 1673 714 1717 te.
753 1682 776 1715 ι

547 1755 639 1808 24.
684 1752 777 1807 Sin
807 1767 936 1806 vero
966 1749 1202 1805 Verbum
1244 1746 1429 1802 animo
1470 1743 1929 1815 comprehendere
1955 1759 2053 1815 po-

475 1856 554 1900 tes
580 1846 634 1899 in
666 1843 955 1915 pristinum
985 1850 1187 1897 statum
1228 1839 1539 1895 restitutum
1563 1877 1577 1902 ,
1608 1846 1894 1906 postquam
1923 1850 2052 1891 caro

472 1937 674 1991 factum
723 1944 826 2000 est,
881 1949 1091 1989 necnon
1132 1940 1188 1987 et
1218 1944 1559 2001 quacunque
1609 1928 1924 1983 hominibus
1973 1925 2054 1980 fa-

471 2037 619 2082 ctum
651 2034 754 2092 est,
785 2040 909 2080 cum
945 2032 1006 2079 ut
1033 2037 1226 2078 omnes
1252 2021 1559 2076 lucraretur
1586 2018 1640 2073 id
1680 2018 1931 2074 eﬂ'eetum
1969 2025 2054 2072 est

472 2116 617 2186 quod
647 2114 1023 2185 unusquisque
1049 2112 1265 2165 illorum
1308 2109 1444 2164 επὶ(ιὶ
1472 2107 1722 2173 volebat;
1746 2116 1799 2161 et
1833 2105 2053 2160 restitu-

475 2218 622 2275 tum,
668 2215 729 2261 ut
768 2206 873 2260 tale
912 2204 1239 2270 efﬁceretur,
1284 2202 1445 2273 quale
1480 2219 1498 2252 ι
1535 2210 1654 2256 erat
1684 2200 1739 2253 in
1785 2199 2052 2270 principio

473 2299 617 2371 apud
645 2297 813 2352 Deum
848 2295 889 2362 ³,
930 2314 951 2346 ›
982 2309 1106 2349 cum
1143 2293 1287 2347 Deus
1321 2301 1439 2347 erat
1475 2308 1538 2347 ac
1565 2290 1803 2346 Verbum
1837 2290 1892 2344 in
1921 2304 2052 2360 pro-

475 2391 590 2460 pria
624 2387 793 2460 gloria
819 2426 835 2452 ,
880 2386 1039 2456 quasi
1077 2385 1198 2440 talis
1242 2382 1403 2438 Verbi
1439 2383 1645 2454 gloria;
1681 2380 1890 2437 videbis
1921 2379 2051 2434 illud

474 2481 672 2537 sedens
720 2479 774 2533 in
821 2478 950 2535 sede
995 2475 1297 2546 maiestatis
1344 2490 1490 2539 suae,
1548 2488 1652 2528 nec
1693 2472 1858 2526 alium
1895 2471 1963 2524 ab
1988 2485 2063 2524 eo

474 2571 673 2626 Filium
705 2569 980 2633 hominis,
1014 2566 1109 2637 qui
1152 2567 1205 2620 in
1230 2564 1360 2620 Jesu
1392 2566 1559 2619 homo
1584 2562 1943 2632 intelligitur;
1978 2561 2050 2614 ita

470 2662 618 2718 enim
648 2675 818 2716 unum
850 2667 936 2714 est
964 2673 1088 2713 eum
1132 2657 1329 2719 Verbo.
1362 2656 1520 2725 longe
1557 2654 1730 2724 magis
1757 2667 1922 2723 quam
1957 2650 2052 2721 qui

474 2769 616 2809 unus
662 2752 891 2823 spiritus
937 2748 1248 2807 etlicituttur
1280 2762 1402 2803 cum
1439 2746 1671 2801 Domino
1695 2784 1711 2811 ,
1764 2751 2051 2813 propterea

471 2846 618 2919 quod
648 2845 723 2899 illi
750 2844 1065 2899 adhaereant
1091 2844 1133 2894 δ.
1203 2838 1357 2895 Tune
1386 2848 1591 2904 autem,
1619 2836 1838 2907 quando
1863 2833 2054 2889 videli-

473 2947 558 2993 ret
585 2937 642 2992 in
673 2934 981 2992 Servatoris
1029 2931 1430 2986 resurrectione
1477 2929 1591 2983 hare
1621 2928 1902 2993 evenient,
1956 2924 2053 2994 qui

475 3025 797 3095 reliquerint
820 3022 1006 3078 omnia
1027 3062 1042 3088 ,
1073 3030 1126 3075 et
1156 3021 1333 3090 ipsqu
1364 3018 1537 3073 secuti
1580 3015 1814 3079 fuerint,
1868 3025 2054 3083 utpote

2160 579 2179 612 ι
2223 559 2456 613 Τέθεικα
2487 560 2587 631 τὴν
2615 560 2759 631 ζωὴν
2798 562 2893 615 καὶ
2923 563 3014 615 τὸν
3054 562 3283 616 θάνατον
3309 563 3417 634 πρὸ
3447 562 3747 633 προσώπου

2156 668 2271 715 σου,
2311 670 2329 703 ι
2366 651 2458 705 καὶ
2485 652 2564 704 τό*
2604 671 2622 703 ι
2667 653 2859 706 Ἔσται
2884 655 2916 723 ἡ
2945 653 3054 725 ζωή
3090 671 3183 706 σου
3221 655 3541 727 κρεμαμένη
3571 654 3741 709 ἀπέν-

2156 759 2274 797 αντι
2324 741 2433 795 τῶν
2472 741 2766 813 ὀφθαλμῶν
2822 743 2996 813 ὑμῶν,
3032 763 3051 795 ι
3089 745 3207 798 καί·
3249 765 3267 797 ι
3313 745 3389 799 Οὐ
3419 745 3493 816 μὴ
3522 745 3742 799 πιστεύ-

2156 849 2285 904 σητε
2323 836 2389 904 τῇ
2427 831 2540 904 ζωῇ
2571 830 2724 904 ὑμῶν
2746 851 2761 865 ο
2804 854 2822 887 ι
2860 836 3165 900 Καθέζεται
3197 836 3253 889 δὲ
3294 838 3323 890 ό
3361 832 3490 899 Υἱὸς
3518 836 3614 891 τοῦ
3645 838 3742 891 ἀν-

2155 923 2373 996 θρώπου
2407 925 2499 979 ἐπὶ
2542 923 2730 996 θρόνου
2758 926 2916 998 δόξης
2945 928 3132 993 αὐτοῦ,
3173 928 3387 992 οὐδενὸς
3414 928 3612 999 ἀτίμου
3647 930 3743 985 καὶ

2154 1017 2340 1083 ἀδόξου
2369 1018 2425 1069 ὲν
2452 1015 2571 1087 Θεῷ
2600 1015 3013 1088 βασιλευομένου
3042 1020 3133 1071 ὑπ’
3172 1018 3367 1073 αὑτοῦ·
3399 1019 3599 1084 πάντες
3634 1019 3745 1093 γὰρ

2153 1107 2275 1159 τότε
2299 1107 2347 1159 οἱ
2382 1105 2457 1178 μὴ
2485 1104 2641 1170 δόξαν
2666 1107 2816 1179 παρὰ
2849 1108 3152 1179 ἀνθρώπων
3179 1109 3573 1180 λαμϐάνοντες,
3608 1110 3747 1182 μηδὲ

2156 1198 2438 1262 ποιοῦντες
2473 1198 2609 1268 πρὸς
2645 1198 2705 1251 τὸ
2743 1198 3075 1271 δοξασθῆναι.
3113 1199 3217 1253 ὑπὸ
3260 1198 3368 1253 τῶν
3417 1198 3742 1272 ἀνθρώπων,

2152 1290 2290 1344 ἀλλὰ
2332 1290 2430 1361 τὴν
2478 1290 2635 1356 δόξαν
2672 1291 2771 1361 τὴν
2801 1291 2908 1344 ἀπὸ
2949 1291 3041 1344 τοῦ
3085 1292 3246 1362 μόνου
3290 1290 3578 1363 ζητοῦντες
3606 1292 3750 1360 (87),

2155 1380 2640 1452 βασιλευθήσονται
2674 1383 2780 1435 ὑπὸ
2811 1382 2907 1436 τοῦ
2940 1382 3252 1453 καθημένου
3291 1384 3386 1436 ἐπὶ
3424 1383 3616 1454 θρόνου
3655 1383 3742 1438 δό-

2154 1472 2251 1544 ξης
2280 1472 2473 1527 αὐτοῦ’
2514 1474 2637 1527 τότε
2673 1473 2729 1526 δὲ
2759 1475 2853 1526 καὶ
2876 1474 3190 1529 ἀποδίδοται
3221 1474 3288 1528 τὰ
3322 1475 3420 1546 τῆς
3460 1474 3629 1545 εὐχῆς
3666 1475 3756 1545 τῷ⁸

2153 1566 2365 1635 Σωτῆρι
2393 1564 2673 1636 εὐξαμένῳ
2706 1566 2800 1619 καὶ
2834 1565 3062 1618 εἰπόντι·
3106 1584 3124 1616 ι
3173 1566 3378 1638 Πάτερ,
3417 1565 3644 1632 δόξασόν
3677 1585 3745 1639 με

2152 1660 2217 1727 τῇ
2247 1657 2370 1727 δόξῃ
2462 1652 2605 1727 εῐχον
2637 1656 2791 1727 παρὰ
2818 1656 2901 1709 σοὶ
2929 1656 3034 1727 πρὸ
3056 1655 3149 1709 τοῦ
3174 1657 3266 1711 τὸν
3294 1659 3498 1730 κόσμον
3525 1654 3684 1712 εἶναι.
3720 1677 3739 1710 ι

2223 1750 2284 1801 Ei
2307 1748 2363 1800 δὲ
2390 1747 2614 1801 δύνασαι
2637 1749 2827 1818 νοῆσαι
2855 1747 2946 1800 τὸν
2967 1748 3137 1817 Λόγον
3158 1748 3612 1802 ἀποκαταστάντα
3645 1750 3755 1822 μὲν

2157 1840 2293 1911 μετὰ
2327 1841 2385 1892 τὸ
2409 1840 2689 1908 γεγονέναι
2716 1840 2875 1892 αὑτὸν
2900 1838 3098 1911 σάρκα,
3133 1840 3227 1893 καὶ
3265 1841 3290 1893 ξ
3299 1857 3366 1892 σα
3406 1840 3598 1910 γέγονε
3633 1844 3745 1905 τοῖς

2151 1932 2448 2002 γεννητοῖς,
2507 1930 2792 2000 γινόμενος
2847 1931 3033 1995 αὐτοῖς
3094 1931 3233 2003 ὅπερ
3284 1932 3516 1996 ἕκαστος
3565 1932 3752 1986 αὐτῶν

2152 2020 2350 2092 ἔχρῃζε
2388 2020 2667 2089 γενέσθαι,
2694 2021 2781 2075 ἴνα
2801 2022 2928 2085 τοὺς
2959 2021 3167 2086 πάντας
3195 2022 3457 2093 κερδήσῃ,
3487 2023 3582 2076 καὶ
3611 2023 3752 2076 ἀπο-η

2153 2110 2519 2171 καταστάντα,
2548 2110 2637 2163 ἵνα
2668 2110 2889 2181 γένηται
2922 2113 3105 2175 ὁποῖος
3154 2129 3173 2161 ι
3209 2106 3277 2182 ἦν
3312 2113 3369 2165 ἐν
3417 2113 3560 2185 ἀρχῇ
3608 2113 3754 2185 πρὸς.

2151 2203 2242 2259 τὸν
2269 2201 2422 2265 Θεὸν,
2456 2221 2474 2253 ι
2506 2202 2639 2265 Θεὸς
2673 2204 2766 2256 καὶ
2792 2203 2963 2273 Λόγος
2993 2203 3068 2257 ὢν
3099 2204 3209 2274 (88)
3244 2205 3303 2259 ὲν
3334 2207 3399 2275 τῇ
3455 2204 3562 2276 ἰδίᾳ
3590 2204 3753 2279 δόξῃ,.

2152 2299 2228 2362 ὡς
2259 2297 2433 2366 Λόγου
2460 2297 2700 2352 τοιούτου
2734 2298 2888 2370 δόξῃο
2920 2298 3039 2370 ὕψει
3068 2300 3229 2353 αὐτόν
3263 2299 3626 2371 καθεζόμενον
3648 2302 3750 2356 ἐπὶ

2154 2389 2342 2460 θρόνου
2362 2388 2519 2458 δόξης
2540 2389 2726 2454 αὑτοῦ,
2750 2390 2843 2442 καὶ
2860 2389 2956 2460 οὐχ
2972 2390 3159 2460 ἕτερον
3183 2390 3348 2444 αὐτοῦ
3372 2391 3462 2444 τὸν
3488 2391 3613 2445 Υἰδν
3631 2392 3753 2463 (89)

2153 2480 2247 2534 τοῦ
2281 2479 2590 2551 ἀνθρώπου,
2627 2480 2721 2534 τὸν
2744 2480 2884 2534 κατὰ
2914 2480 3004 2534 τὸν
3046 2481 3252 2551 Ἰησοῦν
3277 2480 3562 2553 ἄνθρωπον
3593 2482 3747 2538 νοού-

2158 2589 2315 2643 μενον
2333 2588 2346 2601 ο
2386 2572 2443 2623 ἓν
2464 2572 2573 2641 γὰρ
2598 2569 2771 2635 οὕτως
2800 2571 2877 2642 τῷ
2907 2572 3065 2642 Λόγῳ
3096 2572 3328 2640 γίνεται,
3358 2572 3574 2636 πάντως
3609 2575 3747 2645 μᾶλ-

2153 2663 2243 2717 λον
2266 2662 2396 2726 τῶν,
2423 2661 2510 2715 διὰ
2538 2663 2600 2715 τὸ
2631 2661 2924 2716 κολλᾶσθαι
2959 2662 3036 2733 τῷ
3067 2662 3257 2733 Κυρίῳ
3278 2703 3292 2727 ,
3337 2663 3638 2732 γινομένων
3684 2663 3746 2717 ἓν

2157 2752 2374 2823 πνεῦμα
2404 2752 2539 2824 πρὸς
2578 2752 2769 2805 αὐτόν,
2805 2753 2938 2806 Τότε
2970 2753 3049 2817 δὲ,
3090 2753 3253 2824 ἡνίκα
3288 2752 3357 2806 ἂν
3381 2753 3549 2806 ταῦτα
3584 2755 3641 2806 ὲν
3674 2757 3742 2826 τῇ

2155 2842 2598 2896 ἀποκαταστάσει
2633 2841 2727 2894 τοῦ
2763 2842 3018 2914 Σωτῆρος
3058 2842 3289 2911 γίνεται,
3335 2844 3431 2896 καὶ
3477 2844 3527 2897 οἱ
3581 2843 3746 2912 ἀφέν-

2154 2950 2247 2997 τες
2293 2934 2470 2988 πάντα
2518 2934 2611 2987 καὶ
2660 2932 3125 3004 ἀκολουθήσαντες
3168 2932 3322 3006 αὐτῷ
3369 2933 3742 3000 καθεδοῦνται,

2157 3027 2234 3088 ὡς
2278 3044 2296 3076 ι
2348 3025 2661 3096 σύμμορφοι
2708 3024 2988 3094 γενόμενοι
3048 3023 3125 3094 τῷ
3170 3023 3416 3094 σώματι,
3461 3045 3479 3077 ι
3526 3025 3619 3078 καὶ
3665 3023 3756 3095 τῷι

472 3116 566 3189 qui
603 3135 625 3168 ι
656 3114 989 3184 οοιιθςιιηιί.
1007 3110 1225 3181 corpori
1252 3116 1307 3175 ⁸,
1345 3127 1364 3160 ι
1402 3117 1455 3161 et
1492 3108 1691 3162 throno
1731 3125 1751 3157 ι
1784 3106 2052 3160 claritatis

2158 3116 2332 3188 θρόνῳ
2368 3134 2387 3167 ι
2416 3116 2516 3187 τῆς
2537 3116 2694 3187 δόξης
2720 3114 2813 3169 τοῦ
2842 3114 3099 3187 Χριστοῦ,
3131 3117 3223 3169 ἐπὶ
3253 3115 3473 3187 θρόνους
3511 3115 3746 3181 δώδεκα,

473 3210 593 3281 eius
627 3227 647 3259 ι
686 3206 863 3263 ell‘eeti
897 3205 1038 3271 sint,
1093 3201 1365 3257 sedebunt
1398 3218 1427 3252 ιι
1456 3214 1620 3269 super
1656 3197 1814 3253 sedes
1840 3196 2047 3252 duode-

472 3304 600 3371 cim,
645 3301 956 3371 iudicantes
1007 3296 1294 3351 duodecim
1346 3293 1522 3347 tribus
1557 3289 1724 3346 Israel
1760 3291 1802 3345 ⁸.
1838 3309 1858 3342 ι
1912 3289 2048 3345 Tota

470 3394 617 3446 enim
657 3390 937 3462 iustorum
984 3388 1104 3442 vita
1144 3383 1432 3441 duodecim
1484 3382 1659 3437 tribus
1685 3380 1855 3436 Israel
1887 3381 2046 3435 ﬁdem

471 3481 698 3536 minime
740 3480 1025 3549 amplexas
1063 3475 1366 3546 iudicabit;
1417 3483 1472 3527 et
1516 3473 1750 3543 apostoli
1805 3473 2058 3543 quidem,

469 3574 674 3642 quique
719 3571 1076 3642 apostolicam
1105 3569 1269 3622 vitam
1308 3565 1547 3620 aemulati
1578 3573 1633 3619 et
1661 3565 1897 3619 assecuti
1934 3563 2054 3620 fuco

471 3665 611 3729 rint,
656 3662 983 3733 iudicabunt
1049 3672 1365 3731 generosos,
1411 3656 1557 3726 quod
1605 3656 1865 3710 Israelita
1913 3656 2046 3720 sint,

468 3772 569 3812 nec
599 3771 687 3810 res
719 3754 1085 3824 generositate
1115 3765 1214 3806 sua
1253 3750 1447 3819 dignas
1472 3746 1741 3818 gesserint
1774 3766 1786 3801 :
1821 3762 1887 3803 ac
1915 3748 2049 3804 illud

2152 3207 2432 3279 κρίνοντες
2467 3206 2567 3270 τὰς
2603 3205 2812 3260 δώδεκα
2852 3206 3026 3275 φυλὰς
3051 3206 3144 3260 τοῦ
3187 3206 3424 3279 Ἰσραήλ.
3458 3226 3478 3260 ι
3523 3208 3582 3262 '0
3630 3206 3743 3280 γὰρ

2153 3297 2272 3361 ὅλος
2307 3296 2419 3367 βίος
2459 3294 2569 3348 τῶν
2605 3294 2829 3348 δικαίων
2871 3297 3050 3367 κρινεῖ
3071 3294 3168 3359 τὰς
3206 3295 3279 3367 μὴ
3319 3293 3746 3362 πεπιστευκυίας

2153 3386 2361 3441 δώδεκα
2388 3384 2559 3454 φυλὰς
2585 3385 2677 3437 τοῦ
2726 3385 2962 3456 Ἰσραήλ.
2996 3385 3109 3439 Kal.
3143 3386 3389 3458 κρινοῦσί
3417 3404 3480 3455 γε
3517 3388 3567 3440 οἱ
3608 3386 3748 3440 ἀπό-

2157 3477 2355 3542 στολοι,
2382 3475 2477 3529 καὶ
2502 3477 2560 3528 oi.
2582 3475 2673 3527 τὸν
2705 3475 3059 3529 ἀποστολικὸν
3104 3474 3439 3548 ἐζηλωκότες
3483 3477 3618 3548 βίον,
3647 3478 3747 3531 καὶ

2155 3568 2583 3641 κατωρθωκότες
2620 3569 2744 3631 τοὺς
2773 3568 3012 3636 εὐγενεῖς
3040 3570 3158 3640 μὲν,
3191 3568 3280 3623 διὰ
3306 3569 3366 3622 τὸ
3393 3564 3526 3623 εἷναι
3548 3570 3747 3633 αὐτοὺς

2172 3661 2512 3735 Ἰσραηλίτας
2534 3701 2548 3725 ,
2576 3660 2636 3713 οὐ
2668 3659 2737 3712 τὰ
2774 3659 2900 3725 ἄξια
2926 3660 2982 3713 δὲ
3007 3662 3105 3731 τῆς
3129 3661 3410 3728 εὐγενείας
3446 3660 3745 3732 πεποιηκό-

2153 3770 2273 3816 τας.
2313 3751 2465 3822 Τάχα
2493 3751 2550 3803 δὲ
2579 3749 2641 3803 τὸ
2668 3749 2765 3821 μέν
2782 3766 2794 3779 ·
2828 3769 2847 3801 ι
2884 3751 2971 3803 Ἐν
2995 3751 3123 3821 ὑμῖν
3143 3752 3397 3822 κρίνεται
3421 3751 3450 3802 ό
3470 3753 3693 3823 κόσμος,
3721 3761 3749 3791 ι

469 3848 704 3902 fortasse
752 3846 899 3916 quod
945 3842 1246 3899 Corinthiis
1291 3841 1494 3896 dictum
1522 3848 1607 3894 est
1634 3841 1655 3871 '
1689 3858 1703 3894 :
1742 3858 1761 3891 ι
1799 3838 1857 3893 In
1890 3839 2049 3895 vobis

2156 3845 2289 3916 πρὸς
2321 3842 2641 3915 Κορινθίους
2668 3841 3011 3913 λελεγμένον,
3034 3842 3251 3911 λέγεται
3301 3843 3439 3914 πρὸς
3483 3845 3609 3907 τοὺς
3639 3844 3748 3897 ἀπὸ

461 3938 800 4009 iudicabitur
830 3936 1001 4008 688
1037 3935 1307 4000 mundus,
1344 3952 1363 3985 ι
1403 3934 1473 3989 iis
1498 3932 1701 3988 dicitur
1727 3931 1823 4000 qui
1849 3946 1880 3986 e
1911 3946 2045 4002 gen-

2156 3935 2255 3989 τῶν
2292 3933 2490 3987 ἐθνῶνο
2540 3933 2602 3986 τὸ
2634 3933 2725 3987 δέ·
2766 3953 2783 3984 ι
2838 3934 3145 3988 Καθίσεσθε
3184 3934 3279 3988 καὶ
3319 3934 3475 3988 αὐτοὶ
3506 3936 3598 3989 ἐπὶ
3641 3934 3749 3987 δώ-

467 4031 604 4084 tium
649 4042 877 4082 numero
922 4036 1080 4093 sunt;
1133 4024 1276 4080 istud
1330 4024 1505 4079 vero8
1544 4041 1557 4077 :
1603 4040 1621 4072 ι
1673 4022 1943 4081 Sedebitis
1989 4031 2045 4078 et

2156 4028 2277 4081 Βεκα
2290 4025 2533 4097 θρόνους,
2547 4042 2578 4077 κ
2588 4024 2821 4097 ρίνοντες
2835 4025 2931 4088 τὰς
2943 4024 3151 4080 δώδεκα
3166 4025 3334 4096 φυλὰς
3352 4025 3446 4079 τοῦ
3463 4026 3697 4098 Ἰσραὴλ,
3720 4046 3739 4077 ι

1690 4112 1918 4170 VETUS
1953 4112 2542 4173 INTERPRETATIO.

466 4211 598 4265 vita.
645 4207 821 4273 Morte
846 4209 993 4265 enim
1049 4208 1353 4265 constituta
1386 4216 1517 4278 ante
1549 4205 1753 4278 faciem;
1796 4206 2103 4278 hominum,
2139 4226 2247 4264 non
2283 4208 2524 4264 creditur
2568 4209 2677 4261 vita
2727 4208 2797 4263 ab
2827 4208 2913 4263 his
2944 4208 3036 4278 qui
3066 4216 3318 4278 tenentur
3346 4223 3387 4263 a'
3411 4217 3619 4275 morte;
3651 4208 3749 4264 de»

467 4291 677 4337 structa
704 4294 843 4335 vero:
861 4289 1054 4344 morte,
1085 4281 1155 4337 ab
1185 4278 1440 4349 omnibus
1473 4277 1580 4331 \ita
1601 4276 1872 4349 greditur.
1904 4275 2038 4332 Tale
2083 4280 2289 4349 aliquid
2327 4279 2565 4348 positum
2597 4285 2681 4332 est
2712 4278 2766 4349 in
2816 4278 2931 4348 lege
2962 4275 3033 4333 ita
3071 4297 3083 4332 :
3121 4296 3141 4329 ι
3188 4277 3355 4333 Posui
3395 4287 3523 4332 ante
3550 4278 3744 4334 faciem

469 4361 617 4405 tuam
644 4349 810 4418 vitam
855 4359 909 4405 et
960 4358 1212 4404 mortem.
1259 4367 1286 4418 ι
1316 4347 1494 4418 Item:
1534 4363 1553 4397 ι
1586 4344 1716 4418 ,Ετίι
1761 4345 1874 4401 vita
1912 4358 2095 4403 vestra
2128 4344 2395 4418 suspensa
2441 4356 2569 4401 ante
2601 4348 2790 4418 oculos
2826 4344 3058 4411 vestros,
3087 4357 3143 4402 et
3174 4364 3283 4401 non
3330 4349 3565 4403 credetis
3613 4352 3740 4404 vitae

466 4428 680 4474 vestrae.
718 4436 743 4469 ι
773 4417 1201 4488 Sedebitautein
1249 4416 1421 4472 Filius
1450 4415 1692 4488 hominis
1726 4431 1891 4488 super
1921 4418 2103 4488 sedem
2137 4415 2325 4487 gloriae
2346 4433 2495 4488 suae,
2529 4432 2655 4470 eum
2703 4417 2888 4472 nullus
2916 4418 3347 4487 contemptibilis
3386 4427 3441 4472 et
3474 4418 3745 4488 inglorius

467 4488 630 4558 fuerit
662 4489 718 4558 in
768 4502 937 4558 regno
967 4487 1109 4556 eius.
1141 4484 1344 4558 Omnes
1376 4487 1521 4541 enim
1556 4494 1695 4558 tunc
1713 4486 1807 4558 qui
1838 4486 2068 4558 gloriam
2103 4484 2173 4543 ab
2209 4487 2525 4558 hominiints
2560 4502 2669 4539 non
2705 4497 3055 4553 acceperunt,
3088 4484 3190 4541 nec
3238 4488 3488 4542 fecerunt
3533 4484 3742 4558 aliquid

470 4568 527 4611 ut
560 4557 629 4611 ab
664 4554 1471 4627 hominibus'glorilicareutur,
1515 4556 1618 4627 sed
1649 4554 1880 4627 gloriam
1928 4557 2103 4627 solam
2149 4572 2271 4627 qua:
2303 4573 2370 4627 ex
2412 4554 2524 4627 Deo
2552 4564 2637 4610 est
2665 4558 3023 4627 quaesierunt,
3066 4558 3537 4627 regenerabuntur
3571 4554 3643 4613 ab
3678 4575 3749 4613 eo

470 4627 563 4696 qui
600 4625 811 4707 sederit
824 4640 989 4695 super
1016 4624 1197 4707 sedem
1218 4626 1401 4707 gloria:
1427 4640 1559 4681 suae.
1578 4624 1734 4680 Tune
1756 4625 2071 4707 implebitnr
2087 4624 2274 4707 oratio
2294 4625 2521 4707 Christi,
2547 4640 2712 4695 quam
2747 4626 2925 4680 oravit
2952 4637 3005 4682 et
3031 4624 3168 4682 dixit
3194 4644 3208 4682 :
3242 4645 3269 4679 ι
3299 4626 3489 4695 Pater,
3504 4628 3758 4699 gloriﬁca

469 4694 557 4751 me
583 4711 646 4749 ea
678 4695 850 4765 gloria
883 4694 1046 4764 Quam
1084 4694 1617 4765 habui,priusqua_m
1648 4694 1887 4751 mundus
1928 4694 2100 4761 ﬁeret,
2135 4698 2281 4765 apud
2318 4705 2390 4751 te.
2429 4714 2449 4747 ι
2498 4694 2511 4765 _'
2564 4694 2579 4695 ί
2714 4764 2725 4765 7
3000 4728 3001 4731 η

538 4766 632 4821 24.
678 4762 734 4819 Si
774 4762 955 4820 autem
1002 4777 1156 4834 potes
1198 4762 1497 4838 intelligere
1530 4762 1771 4838 Verbum
1814 4765 2126 4838 restitutum
2163 4762 2667 4838 postquatn_factus
2706 4764 2885 4838 fuerat
2921 4780 3069 4829 caro,
3100 4776 3155 4821 et
3191 4768 3375 4822 omnia
3406 4783 3751 4838 quacunque

468 4834 647 4891 factus
674 4844 779 4901 est,
818 4838 1125 4906 secundum.
1150 4836 1299 4906 quod
1330 4835 2122 4906 unusquisquenecessarium
2162 4834 2657 4906 tierihahuiteum
2698 4836 2804 4906 sibi
2839 4844 2897 4889 ut
2936 4852 3127 4892 omnes
3177 4834 3439 4901 lueretur,
3473 4849 3527 4892 et
3556 4834 3751 4905 postea

466 4907 801 4976 restitutum,
846 4915 906 4959 ut
933 4905 1027 4959 ﬁat
1066 4905 1383 4976 qualisqt‘uit
1422 4924 1441 4957 ι
1479 4903 1533 4960 in
1567 4903 1835 4976 principio
1869 4905 2011 4976 apud
2046 4905 2237 4971 Deum,
2271 4905 2414 4961 Deus
2442 4905 2587 4976 enim
2619 4914 2740 4959 erat
2766 4903 3026 4968 Verbum,
3060 4925 3079 4958 ι
3135 4907 3189 4960 in
3225 4907 3397 4976 gloria
3434 4903 3749 4976 sum—quasi

472 4974 706 5029 Verbum
754 4975 963 5030 videbis
1007 4974 1131 5030 eum
1182 4974 1460 5031 sedentem
1508 4990 1673 5043 super
1720 4974 1911 5029 sedent
1949 4974 2135 5044 gloriae
2162 4992 2306 5040 sure,
2343 4975 2564 5044 quando
2610 4990 2719 5028 non
2767 4976 2931 5029 alium
2973 4976 3042 5030 ab
3073 4992 3138 5030 eo
3176 4974 3509 5031 intellexeris
3547 4974 3749 5031 Filium

469 5045 838 5115 hominisqui
877 5046 1177 5101 secundum
1219 5061 1418 5115 corpus
1462 5045 1628 5099 homo
1655 5044 2115 5115 existimabatur.
2185 5044 2341 5100 Tunc
2390 5052 2572 5098 autem
2606 5060 2751 5115 cum
2802 5046 2917 5100 hare
2965 5046 3019 5098 in
3051 5048 3398 5100 restitutione
3444 5045 3749 5101 Salvatoris

469 5115 675 5170 fuerint;
718 5113 883 5183 facta,
924 5125 979 5169 et
1017 5116 1108 5185 qui
1144 5113 1480 5187 reliquerunt
1520 5113 1737 5181 omnia,
1767 5124 1823 5168 et
1860 5114 2029 5169 secuti
2079 5128 2210 5170 sunt
2257 5129 2419 5180 eum,
2471 5114 2741 5170 sedebunt
2780 5118 2938 5184 quasi
2988 5115 3303 5172 conformes
3338 5116 3466 5171 facti
3497 5115 3748 5187 corporis

535 5253 580 5285 θ’
619 5252 836 5308 Denter.
880 5269 1005 5317 xxx,
1038 5253 1122 5307 15.
1198 5252 1249 5285 ’⁸
1288 5251 1508 5309 Denter.
1540 5266 1733 5316 xxvrtt,
1773 5249 1861 5305 66.
1937 5250 1982 5282 "
2024 5250 2155 5307 ibid.

466 5323 491 5356 ⁵ο
523 5322 542 5378 l
574 5323 701 5378 Cor.
732 5338 805 5387 vr,
842 5322 925 5377 l7.
1000 5323 1021 5354 ⁸
1059 5321 1255 5392 Philip.
1292 5339 1375 5387 ιιι,
1401 5324 1493 5378 21..
1570 5322 1591 5352 ⁸
1629 5321 1819 5376 Matth.
1849 5335 1962 5389 χιχ,
1997 5322 2055 5375 2E

2166 5323 2183 5353 ⁷
2224 5321 2242 5373 1
2272 5322 2398 5375 Cor.
2433 5338 2504 5388 γι,
2538 5322 2592 5375 2.

2261 5251 2276 5282 ⁸
2318 5249 2475 5306 Joan.
2516 5267 2568 5316 ιν,
2595 5249 2685 5305 44.
2765 5254 2784 5283 ³
2823 5249 2983 5307 Joan.
3038 5268 3172 5316 xm,
3235 5253 3289 5308 5.
3367 5252 3387 5284 ³
3424 5251 3585 5311 Joan.
3622 5268 3661 5320 1,
3688 5255 3725 5309 9.

2670 5322 2690 5349 '
2728 5320 2918 5377 Matth.
2955 5338 3067 5388 xix,
3094 5323 3184 5377 2:5.

691 5463 830 5534 Lege
859 5465 1017 5534 μόνου
1052 5462 1186 5515 Θεοῦ
1218 5461 1527 5534 ζητοῦντες.

536 5462 648 5604 ξϐἳζ
691 5463 830 5532 Lege
859 5465 1017 5534 μόνου
1052 5462 1186 5515 Θεοῦ
1218 5461 1527 5543 ζητοῦντες.
1879 5539 1883 5543 .
2158 5460 2320 5516 habet
2369 5462 2540 5541 codex
2592 5458 2831 5541 Regius,
2876 5476 3087 5516 necnon
3138 5461 3494 5532 Anglicanus,
3542 5464 3752 5533 quibus

559 5533 627 5588 88
689 5533 834 5604 Θεὸς
866 5535 961 5587 καὶ
995 5533 1315 5604 Adranam.
1348 5531 1439 5588 Stc
1469 5531 1532 5604 ll.
1564 5531 1714 5599 cod.;
1741 5543 1796 5585 at
1830 5529 1895 5584 ll.
1912 5529 2059 5604 θεὸς
2158 5539 2433 5604 consentit
2473 5539 2630 5604 vetns
2654 5540 2911 5604 _t_nterpr._
2944 5549 2957 5583 :
3001 5532 3289 5604 «Quando
3334 5548 3446 5604 non
3461 5534 3646 5604 alium
3679 5537 3752 5587 ab

559 5529 648 5602 88)
689 5529 834 5599 Θεός
860 5529 961 5587 καὶ
995 5534 1185 5602 Λόγος
1214 5529 1315 5586 ὦώε.
1348 5531 1439 5588 Sic
1469 5531 1532 5585 11.
1564 5531 1714 5599 cod.;
1741 5543 1796 5585 at
1830 5529 1895 5584 Π.
1912 5529 2059 5602 βεδς

2158 5532 2433 5585 consentit
2473 5539 2630 5585 vetns
2654 5532 2905 5600 _interpr.
2944 5549 2957 5583 :
3001 5548 3020 5581 ι
3055 5532 3287 5597 Quando
3334 5548 3446 5587 non
3478 5532 3646 5587 alium
3679 5537 3752 5587 ab

466 5598 639 5671 Λόγος
691 5598 918 5668 ὢν,ςυί
966 5598 1239 5657 consentit
1293 5612 1447 5657 vetus
1479 5598 1761 5670 interpret.
1796 5619 1809 5654 :
1847 5619 1865 5652 ι
1909 5599 2055 5654 Deus
2159 5615 2226 5654 eo
2271 5601 2606 5655 intellexeris
2652 5598 2851 5671 Filium
2900 5601 3159 5656 hominis.
3193 5621 3211 5653 ι
3252 5601 3432 5657 Editio
3460 5602 3640 5657 Hnetii
3690 5605 3750 5658 in

466 5669 756 5741 enituerat
789 5672 1026 5727 Verbum
1064 5673 1118 5727 in
1148 5672 1323 5741 gloria
1343 5688 1462 5727 sua.
1497 5691 1517 5724 ι
1559 5669 1825 5728 llucrtus.
1970 5737 2018 5741 μ

2159 5678 2309 5741 textu
2348 5671 2559 5741 omisit,
2615 5669 2803 5735 αὑτοῦ,
2857 5672 3014 5740 quasi
3062 5672 3202 5727 desit
3263 5672 3317 5725 in
3370 5673 3562 5728 codice
3613 5672 3747 5728 llol~

542 5739 651 5810 (89)
690 5742 799 5794 Καὶ
837 5745 949 5811 οὐχ
988 5737 1193 5810 ἑτεροῖα
1223 5741 1411 5796 αὐτοῦ
1453 5742 1558 5796 τόν
1609 5743 1767 5809 Υἱόν,
1811 5749 1919 5797 etc.
1964 5737 2055 5793 Sic

2162 5739 2385 5795 mieusi.
