4086 6446
396 440 535 497 11529
1349 433 1707 490 COMMENT.
1750 433 1818 489 ιΝ
1856 434 1978 489 ΜΛΊ

2086 434 2271 492 LEUM
2310 432 2547 491 TOMUS
2583 430 2699 489 XV.
3523 426 3669 483 1330

395 557 541 627 ζωὴν
575 555 864 626 μακάριον,
895 552 1183 617 τοσούτους
1198 552 1420 623 ἔχοντας
1446 553 1814 624 κληρονόμους
1847 552 1976 622 (97),

2086 563 2193 619 tur,
2218 568 2343 608 cum
2375 550 2634 620 suscipiet
2667 546 2882 614 eam“;
2916 565 2934 600 ι
2962 546 3038 601 ita
3070 545 3440 601 utdomorum
3481 544 3567 598 hic
3590 546 3667 599 si-

397 647 493 700 καὶ
543 643 783 699 τοσαῦτα
839 644 1031 715 δένδρα
1074 644 1180 697 ὑπὸ
1218 644 1352 698 Θεοῦ
1406 645 1795 717 γεωργούμενα
1818 686 1832 710 ,
1885 647 1977 699 καὶ

2086 653 2263 699 tarum
2310 643 2679 698 luereditatem
2732 635 3175 694 nanciscentihus
3222 634 3331 689 dici
3375 634 3549 705 possit
3571 634 3662 688 ¹⁶ι

389 736 571 801 οἰκίας
623 737 689 789 ἐκ
739 735 900 789 λίθων
952 734 1190 799 ζώντων,
1239 736 1300 788 ὲν
1328 730 1417 801 αἷς
1464 736 1838 791 ἀναπαύσεται
1871 739 1977 800 πᾶς

2090 753 2108 786 ι
2145 733 2298 789 Sicut
2330 733 2664 796 audivimus,
2693 732 2772 787 sic
2804 730 3040 786 vidimus
3090 729 3145 784 in
3193 727 3413 783 civitate
3447 724 3664 780 Domini

396 831 427 884 ὃ
444 844 542 890 ττις
577 826 790 897 ἀφῆκεν
809 826 1091 895 ἀδελφοὺς,
1118 827 1151 895 ἢ
1185 826 1438 893 ἀδελφάς,
1475 828 1569 880 καὶ
1594 828 1662 880 τὰ
1688 828 1870 882 λοιπά.

2086 826 2372 889 virtutum,
2416 826 2470 879 in
2510 824 2729 879 civitate
2774 822 2868 877 Dei
2910 820 3122 887 nostri;
3162 840 3182 873 ι
3217 820 3285 875 de
3311 834 3418 890 qua
3452 829 3505 873 et
3529 819 3661 873 illud

396 922 598 976 dicitur
617 922 657 952 "
691 940 704 975 :
738 939 758 972 ι
789 920 1110 976 Distribuite
1151 920 1344 977 domos
1376 922 1517 990 ejus.
1568 942 1585 974 ι
1645 920 1740 978 llis
1795 922 2038 992 profecto
2077 920 2482 975 conditionibus
2538 918 2702 972 vitam
2749 925 3004 971 aeternam
3055 915 3341 983 consequi,
3403 929 3527 969 cum
3585 922 3664 967 tot

396 1025 654 1077 agrorum
689 1010 995 1079 adeptione,
1047 1016 1128 1063 tot
1175 1009 1435 1063 arborum
1472 1025 1504 1065 a
1536 1009 1649 1065 Deo
1679 1011 1973 1077 cultarum,
2014 1012 2412 1078 domorumque
2440 1023 2471 1063 e
2502 1008 2638 1061 vivis
2687 1007 2953 1076 lapidibus
2985 1006 3376 1071 constantium,
3432 1005 3487 1058 in
3540 1007 3665 1075 qui-

394 1101 499 1157 bus
534 1103 842 1170 requiescet
872 1103 1185 1173 quicunque
1212 1102 1429 1170 fratres,
1462 1121 1768 1171 soruresve,
1798 1114 1853 1160 et
1888 1106 2094 1177 reliqua
2128 1104 2424 1166 dimiserit,
2456 1102 2771 1157 beatissima
2804 1116 2891 1154 res
2923 1109 3025 1154 est.

467 1196 623 1249 Μετὰ
647 1196 805 1250 τοῦτό
839 1198 957 1251 ὲστι
1001 1197 1062 1250 τό
1084 1214 1098 1228 ·
1151 1216 1170 1249 ι
1218 1197 1410 1251 Πολλοὶ
1446 1198 1505 1252 δὲ
1535 1199 1749 1253 ἔσονται
1779 1199 1978 1270 πρῶτοι

2161 1197 2252 1251 26.
2308 1196 2366 1250 ιιι
2417 1195 2673 1264 deinceps
2720 1194 2981 1263 scriptum
3045 1201 3300 1262 praetcrea
3354 1199 3531 1246 exstat
3566 1189 3659 1241 “':

394 1286 633 1357 ἔσχατοι,
660 1290 757 1343 καὶ
791 1289 1009 1360 ἔσχατοι
1041 1291 1266 1362 πρῶτοι.
1298 1311 1316 1342 ρ
1351 1292 1461 1345 Καὶ
1488 1292 1645 1345 τοῦτο
1673 1292 1731 1345 δὲ
1753 1293 1864 1363 ἔχει
1884 1292 1978 1363 μέν

2094 1305 2113 1339 ι
2145 1286 2295 1340 Multi
2314 1294 2494 1340 autem
2522 1293 2683 1338 erunt
2714 1283 2896 1353 primi,
2931 1282 3248 1345 novissimi;
3275 1292 3326 1335 et
3356 1280 3661 1341 novissimi,

394 1396 517 1433 τινα
546 1381 686 1434 κατὰ
720 1382 781 1434 τὸ
805 1382 1176 1452 ἁπλούστερον
1207 1381 1350 1447 νοῦν,
1378 1382 1785 1453 προτρέψασθαι
1821 1383 1978 1437 δυνά-

2087 1379 2267 1448 primi.
2306 1397 2325 1429 i
2361 1378 2539 1445 Atque
2577 1376 2691 1429 haec
2722 1374 2963 1445 quidem,
2991 1373 3147 1443 juxta
3174 1373 3560 1441 simpliciorem
3584 1373 3665 1424 in-

400 1488 560 1541 μενον
586 1473 714 1535 τοὺς
745 1474 867 1544 ἄρτι
899 1473 1376 1543 προσερχομένους
1420 1472 1498 1543 τῷ
1543 1471 1673 1543 θείῳ
1710 1472 1853 1543 λόγῳ
1892 1474 1978 1527 ἐπὶ

2086 1468 2555 1538 terpretationem,
2584 1481 2807 1521 sensum
2856 1464 3145 1534 quemdam
3197 1464 3501 1527 continent,
3555 1477 3665 1531 quo

394 1563 457 1615 τὸ
490 1563 740 1617 σπεύδειν
769 1564 856 1617 διὰ
877 1564 985 1617 τῶν
1010 1564 1498 1635 προστεταγμένων
1520 1565 1803 1635 ἀναϐῆναι,
1834 1564 1978 1635 παρὰ

2086 1559 2237 1613 verbi
2276 1558 2372 1612 Dei
2422 1557 2627 1613 tirones
2657 1556 2881 1611 excitari
2921 1563 3151 1624 possunt
3184 1563 3243 1609 ut
3288 1555 3542 1608 mandata
3570 1567 3664 1606 ca-

398 1654 625 1721 πολλοὺς
642 1656 752 1709 τῶν
784 1654 1152 1727 νομιζομένων
1193 1656 1631 1724 ὲγγεγηρακέναι
1679 1659 1745 1727 τῇ
1781 1656 1978 1721 πίστει,

2088 1650 2356 1721 pessendo
2382 1650 2451 1703 ad
2494 1649 2661 1703 vitam
2688 1663 2810 1718 quae
2832 1664 2997 1716 supra
3021 1648 3143 1702 illos
3160 1656 3246 1701 est
3276 1656 3332 1701 et
3355 1660 3664 1701 sermonem

399 1746 492 1798 ἐπὶ
525 1747 616 1800 τὸν
655 1747 794 1818 ὑπὲρ
830 1746 1028 1809 αὐτοὺς
1060 1746 1173 1816 βίον
1208 1746 1302 1799 καὶ
1337 1744 1529 1813 λόγον·
1574 1746 1649 1810 ὡς
1680 1748 1781 1799 οὐκ
1812 1747 1978 1817 ἐμπο-

2089 1742 2318 1801 evadere
2347 1741 2695 1807 contendant,
2723 1755 2833 1810 pra:
2866 1740 3052 1794 multis
3091 1739 3185 1809 qui
3227 1738 3281 1792 in
3330 1738 3436 1792 lide
3467 1753 3665 1791 conse-

396 1834 634 1899 δίζοντος
666 1835 789 1888 οὔτε
823 1832 1019 1906 χρόνου
1048 1837 1161 1897 τοῖς
1190 1834 1417 1905 ὕστερον
1444 1836 1791 1889 πιστεύουσιν
1814 1875 1830 1901 ,
1860 1832 1978 1888 οὔτε

2086 1831 2275 1885 nuisse
2299 1831 2624 1896 creduntur;
2658 1844 2781 1883 cum
2820 1842 2995 1897 neque
3034 1836 3250 1896 tempus
3282 1826 3439 1880 tidem
3473 1840 3668 1880 recens

398 1926 602 1993 γονέων
632 1925 921 1996 μοχθηρῶν
956 1928 1070 1987 τοῖς
1098 1925 1296 1987 αὐτοὺς
1328 1924 1676 1997 ἀνεγκλήτως
1720 1924 1978 1995 ἀγωνιζο-

2091 1922 2379 1991 amplexis,
2413 1936 2590 1991 neque
2623 1921 2856 1992 improbi
2898 1929 3148 1990 parentes
3172 1919 3242 1974 iis
3266 1918 3361 1988 qui
3394 1917 3667 1986 inculpate

402 2015 598 2085 μένους
631 2018 1073 2087 παραστήσασινο
1111 2014 1260 2084 ἀγὼν
1310 2016 1368 2069 δέ
1418 2017 1534 2069 ἐστι
1583 2017 1678 2070 καὶ
1738 2017 1978 2071 καθελεῖν

2090 2015 2369 2070 decertare
2403 2014 2696 2079 videntur,
2751 2013 3036 2069 obstaculo
3080 2012 3190 2067 sint
3223 2027 3237 2063 :
3279 2010 3575 2080 quinetiam
3610 2009 3664 2062 in

396 2106 566 2177 οῐημα
595 2106 684 2159 διὰ
711 2107 771 2159 τὸ
807 2108 870 2161 ἐκ
909 2107 1161 2178 πατέρων
1194 2107 1600 2178 ἀνατετράφθαι
1631 2110 1689 2161 ὲν
1720 2109 1978 2180 Χριστια-

2091 2107 2402 2177 arrogantia
2430 2121 2529 2161 sua
2566 2106 2917 2175 deprimcnda
2954 2120 3168 2160 summa
3214 2103 3282 2157 iis
3309 2118 3412 2171 0pc
3438 2111 3665 2156 conten»

396 2194 576 2265 νισμῷ
639 2196 1143 2268 μεγαερρονοῦντας’
1206 2197 1301 2249 καὶ
1357 2197 1593 2267 μάλιστα
1657 2198 1797 2251 ἐπὰν
1845 2198 1983 2272 τύχῃ

396 2286 668 2356 πατράσιν
715 2289 972 2357 ἐπαυχεῖν
1022 2290 1119 2344 καὶ
1163 2290 1449 2361 προγόνοις
1504 2288 1793 2361 προεδρίας
1821 2289 1984 2360 ἠξιω-

399 2376 581 2446 μένοις
644 2379 702 2431 ὲν
758 2382 824 2449 τῇ
889 2380 1185 2451 Ἐκκλησία
1254 2381 1610 2435 ἐπίσκοπικοῦ
1669 2381 1893 2452 θρόνου,
1946 2383 1979 2453 ἢ

398 2469 791 2543 πρεσϐυτερίου
829 2474 1029 2543 τιμῆς,
1082 2474 1115 2543 ἦ
1154 2474 1430 2536 διακονίας
1470 2475 1550 2536 είς
1593 2473 1687 2527 τὸν
1727 2473 1855 2527 λαὸν
1886 2472 1981 2526 τοῦ

396 2558 533 2612 Θεοῦ
558 2578 571 2591 ·
608 2561 904 2632 ἀμφότεροι
932 2563 1041 2634 γὰρ
1062 2561 1401 2631 διδαχθέντες
1427 2562 1490 2614 τό
1508 2578 1521 2592 ⁸
1554 2580 1572 2613 ι
1601 2561 1793 2615 Πολλοὶ
1830 2561 1980 2614 ἔσον-

395 2667 487 2705 ται
513 2651 718 2723 πρῶτοι
740 2653 977 2724 ἔσχατοι,
1013 2655 1111 2707 καὶ
1141 2655 1359 2725 ἔσχατοι
1385 2654 1591 2723 πρῶτοι
1612 2692 1626 2716 ,
1670 2672 1688 2704 ι
1736 2653 1980 2723 ὑπομνή-

399 2741 562 2813 σθητε
580 2742 692 2813 (98)
722 2745 858 2814 μήτε
891 2744 985 2797 ἐπὶ
1007 2742 1085 2814 τῷ
1110 2743 1353 2815 νομίζειν
1386 2738 1525 2796 εἶναι
1555 2740 1763 2812 πρῶτοι
1791 2741 1865 2813 μὴ
1886 2759 1981 2811 μεέ

397 2834 708 2904 γαφρονεῖν,
743 2835 883 2904 μήτε
919 2834 1299 2887 συστέλλεσθαι
1330 2834 1425 2887 καὶ
1462 2830 1869 2895 ταπεινοῦσθαι,
1905 2830 1980 2895 ὡς

396 2922 618 2977 ἔλαττον
646 2923 858 2993 ἔχοντες
884 2924 994 2976 τῶν
1024 2924 1326 2996 προτέρων,
1366 2924 1455 2977 διὰ
1478 2923 1540 2976 τὸ
1577 2923 1796 2993 ἔσχατοι
1832 2922 1979 2975 ὲκεί-

395 3031 504 3067 νων
542 3015 612 3069 τά
649 3013 742 3067 τοῦ
781 3015 1209 3087 Χριστιανισμοῦ
1264 3014 1657 3086 παρειληφέναι
1708 3014 1975 3085 δόγματα.

400 3106 552 3175 Ἔχει
584 3105 648 3170 δ’,
673 3102 845 3177 οἶμαι,
884 3107 945 3160 τὸ
973 3107 1132 3179 ῥητὸν
1159 3106 1316 3175 λόγον
1345 3106 1555 3178 ἀθρόως
1579 3108 1724 3177 ἡμᾶς
1750 3105 1976 3175 ἐπιστῆ-

2090 2199 2326 2253 dendum
2360 2207 2462 2263 est,
2487 2196 2580 2268 qui
2608 2196 2750 2267 quod
2779 2212 2807 2250 a
2837 2195 3218 2265 parentibusin
3247 2192 3666 2248 Christianisuio

2090 2287 2303 2343 educati
2338 2298 2486 2351 sunt,
2520 2289 2587 2342 dc
2618 2303 2678 2343 se
2705 2286 2991 2356 magniﬁce
3026 2287 3301 2351 sentiunt;
3343 2294 3398 2339 et
3433 2299 3665 2354 pressere

2092 2379 2188 2433 tim
2223 2380 2268 2434 si
2300 2379 2619 2449 parentibus
2642 2388 2696 2433 et
2738 2378 2955 2448 proavis
2987 2377 3283 2432 efferantur
3320 2377 3415 2446 qui
3454 2375 3668 2444 episco-

2091 2470 2226 2538 palis
2258 2470 2311 2523 in
2341 2469 2584 2525 Ecclesia
2613 2469 2760 2525 sedis
2802 2469 3222 2539 prmrogativum
3264 2469 3390 2538 jus,
3427 2468 3509 2521 vel
3545 2481 3663 2535 pre»

2089 2559 2312 2630 sbyterii
2362 2559 2681 2628 dignitatem
2738 2559 3045 2627 tenuerint"
3087 2559 3172 2612 vel
3220 2558 3435 2613 diaconi
3487 2556 3666 2611 ollicio

2088 2664 2214 2719 erga
2244 2650 2503 2720 p0pulum
2528 2648 2623 2704 Dei
2656 2648 2825 2704 functi
2858 2649 2989 2705 sint.
3023 2647 3249 2718 Utrique
3271 2647 3416 2703 enim
3446 2646 3497 2700 id
3529 2645 3665 2701 edo-

2088 2739 2159 2795 cti
2189 2755 2203 2791 :
2246 2758 2266 2790 ι
2299 2737 2453 2793 Multi
2487 2746 2650 2793 erunt
2679 2738 2862 2808 primi,
2895 2737 3220 2805 novissimi;
3267 2746 3322 2791 et
3356 2736 3664 2801 novissimi,

2088 2831 2268 2902 primi,
2302 2850 2320 2883 ι
2343 2846 2519 2902 neque
2547 2830 2692 2902 quod
2725 2832 2932 2901 primos
2957 2846 3017 2886 se
3044 2846 3165 2887 esse
3216 2838 3427 2901 putent,
3463 2831 3667 2884 nimios

2087 2922 2314 2993 spiritus
2344 2936 2562 2978 sumere
2589 2934 3040 2989 commonentur;
3082 2937 3259 2993 neque
3296 2923 3495 2976 timore
3538 2936 3665 2991 per-

2086 3013 2206 3069 celli
2222 3029 2288 3069 ac
2315 3013 2569 3084 deprimi,
2590 3013 2749 3083 quasi
2766 3013 3035 3069 deteriore
3054 3013 3180 3084 jure
3202 3015 3313 3069 sint
3338 3030 3403 3069 ac
3427 3013 3662 3085 priores,

2086 3104 2230 3174 quod
2262 3112 2385 3173 post
2427 3104 2552 3159 illos
2582 3103 2706 3158 lldei
2738 3102 3062 3159 Christianae
3091 3104 3347 3173 dogmata
3403 3103 3664 3174 postremi

398 3209 491 3249 σαι
514 3193 809 3266 δυνάμενον
831 3198 945 3259 τοῖς
977 3195 1193 3259 πολλοῖς
1234 3196 1340 3267 πρὸ
1392 3195 1550 3267 ἡμῶν
1579 3193 1819 3266 πρώτοις
1841 3211 1978 3265 χρη-

2086 3194 2446 3264 susceperint.
2498 3191 2612 3249 Hoc
2651 3203 2831 3248 autem
2873 3192 2995 3248 loco
3024 3192 3349 3248 sententiam
3392 3191 3662 3249 contineri

400 3285 691 3358 ματίσασιν
720 3288 829 3341 ἀπὸ
857 3287 952 3341 τοῦ
1016 3288 1252 3359 Ἰσραὴλ,
1279 3289 1593 3359 γενομένοις
1639 3285 1729 3341 διά
1774 3286 1874 3358 τὴν
1900 3287 1980 3349 είς

393 3376 490 3430 τὸν
531 3377 738 3448 Ἰησοῦν
771 3378 1029 3432 ἀπιστίαν
1076 3381 1171 3433 καὶ
1215 3379 1504 3451 προδοσίαν
1557 3378 1827 3449 ἐσχάτοις,
1883 3377 1980 3430 καὶ⁵

394 3468 526 3539 ἡμῖν
546 3472 658 3533 τοῖς
688 3470 937 3540 ἐσχάτοις
962 3469 1032 3523 τὰ
1052 3473 1294 3542 πρωτεῖα
1320 3470 1639 3542 δυναμένοις
1661 3469 1865 3533 λαϐεῖν,
1883 3469 1979 3523 ὲάν

394 3556 745 3627 ἐπιμένωμεν
770 3560 836 3629 τῇ
868 3559 1069 3624 πίστει,
1126 3578 1145 3609 ι
1178 3559 1253 3631 μὴ
1297 3558 1815 3631 ὑψηλοφρονοῦντες,
1845 3559 1980 3612 ἀλλὰ

391 3648 508 3710 τοῖς
538 3652 811 3713 ταπεινοῖς
841 3651 1329 3721 συναπαγόμενοι.»
1373 3648 1437 3703 Τί
1469 3650 1545 3714 δὲ,
1570 3650 1686 3713 ἐὰν,
1714 3650 1977 3719 κοινωνή-

397 3752 592 3801 σαντες
623 3741 692 3808 τῇ
723 3739 847 3810 ῥίζῃ
879 3739 989 3793 τῶν
1016 3740 1369 3810 πατριαρχῶν
1401 3740 1496 3793 καὶ
1522 3742 1588 3810 τῇ
1615 3739 1723 3792 ἀπὸ
1749 3738 1844 3792 τοῦ
1890 3739 1978 3791 λό-

392 3846 493 3896 γου
527 3827 635 3881 τῶν
668 3830 919 3900 πατέρων
944 3830 1162 3900 πιότητι
1188 3830 1326 3900 (99),
1382 3832 1651 3900 συμφυεῖς
1688 3829 1978 3900 γενώμεθα

392 3918 472 3988 τῷ
499 3917 799 3988 βουλήματι
827 3918 922 3971 τοῦ
969 3918 1340 3990 πνευματικοῦ
1384 3920 1550 3991 νόμου
1582 3919 1678 3974 καὶ
1707 3920 1817 3973 τῶν
1848 3921 1981 3976 ἀνά-

392 4012 550 4079 λογον
584 4010 732 4082 αὐτῷ
760 4012 1067 4082 νοουμένων
1096 4012 1426 4083 προφητῶν;
1477 4014 1638 4084 ἡμεῖς
1681 4013 1731 4067 οἱ
1762 4012 1979 4083 ἔσχατοι

395 4102 634 4175 ἐσόμεθα
663 4103 893 4176 πρῶτοι,
929 4104 1169 4159 κάκεῖνοι
1210 4104 1300 4159 διὰ
1339 4105 1436 4176 τὴν
1467 4106 1724 4160 ἀπιστίαν
1746 4107 1796 4159 οἱ
1826 4106 1980 4177 πρῶ-

391 4212 497 4260 τοι,
521 4196 847 4259 ὲκκοπέντες
874 4196 981 4250 ἀπὸ
1003 4196 1104 4267 τῆς
1120 4196 1459 4252 καλλιελαίου
1488 4199 1775 4267 γεγόνασιν
1805 4199 1970 4270 ἐσχα-

2086 3286 2359 3352 existimo,
2394 3285 2557 3358 691
2614 3301 2738 3356 qua
2770 3300 2870 3341 nos
2901 3284 2968 3340 ad
3000 3284 3054 3340 id
3098 3283 3499 3341 observandum
3530 3299 3664 3340 con-

2086 3378 2265 3433 festim
2293 3380 2532 3434 excitare
2559 3386 2744 3447 queat,
2772 3375 3048 3432 lsraelitas
3070 3378 3380 3447 complures
3411 3375 3506 3443 qui
3538 3385 3663 3431 ante

2087 3486 2188 3526 nos
2226 3469 2387 3538 primi
2432 3469 2683 3540 appellati
2737 3476 2885 3535 sunt,
2949 3475 3172 3537 propter
3230 3467 3662 3523 incredulitatem

2085 3578 2214 3631 erga
2241 3560 2430 3617 Jcsum
2457 3578 2522 3617 ac
2542 3562 2820 3629 perﬁdiam
2839 3570 3148 3631 postremos
3177 3575 3299 3616 esse
3327 3559 3534 3626 factos;
3561 3574 3664 3616 nos

2085 3664 2268 3709 autem
2292 3653 2387 3723 qui
2414 3653 2671 3723 postremi
2704 3668 2917 3718 sumus,
2954 3652 3161 3720 primas
3195 3649 3337 3704 ferre
3376 3665 3557 3719 posse,
3612 3648 3660 3703 si

2085 3744 2248 3798 modo
2278 3743 2436 3798 [idem
2469 3753 2786 3798 constanter
2811 3743 3168 3804 retineamus,
3204 3759 3223 3791 ι
3270 3755 3377 3794 non
3413 3738 3522 3793 alta
3571 3754 3662 3794 sa-

2081 3834 2312 3903 pientes,
2354 3834 2448 3889 sed
2475 3833 2775 3889 humilibus
2808 3832 3212 3889 consentientes
3239 3832 3303 3885 ιθ.
3339 3851 3358 3882 ι
3397 3830 3537 3897 Quid
3560 3847 3662 3885 au-

2087 3932 2193 3979 tem
2248 3924 2295 3978 si
2351 3923 2551 3978 radicis
2606 3923 3041 3993 patriarcharum
3073 3931 3128 3977 et
3180 3920 3658 3992 pinguitudinisa

2081 4015 2249 4069 verbo
2279 4021 2494 4084 patrum
2544 4013 2818 4069 manantis
2855 4011 3147 4084 participes
3199 4010 3327 4066 facti
3362 4009 3445 4075 '°,
3498 4010 3658 4080 spiri-

2088 4106 2250 4162 tualis
2281 4105 2415 4178 legis
2456 4114 2511 4161 et
2552 4106 2942 4176 pmphetarum
2976 4103 3132 4175 juxta
3172 4103 3320 4159 illam
3354 4103 3664 4159 intellecto-

2080 4214 2203 4254 rum
2233 4198 2515 4254 sententiae
2542 4197 2700 4268 quasi
2727 4196 2899 4251 innati
2923 4211 2986 4251 ac
3009 4196 3233 4267 ingeniti
3261 4195 3671 4251 adhazreamus!

389 4304 495 4347 τον
540 4288 635 4341 καὶ
683 4287 893 4359 γάρ(Ι)
921 4287 1006 4341 διὰ
1065 4288 1168 4361 τὴν
1221 4289 1458 4357 Χριστοῦ
1502 4291 1797 4363 ἐπιδημίαν
1831 4310 1849 4343 ι
1891 4292 1973 4355 εἰς

2086 4306 2187 4347 nos
2234 4287 2479 4361 profecto
2530 4289 2624 4361 qui
2654 4286 2916 4360 postremi
2967 4302 3158 4344 sumus
3185 4329 3200 4355 ,
3231 4285 3393 4358 primi
3422 4286 3657 4354 erimus;

1605 4429 1837 4487 VETUS
1877 4427 2463 4485 INTERPRETATIO.

385 4540 634 4614 intellige
666 4541 799 4596 mihi
838 4541 891 4596 in
921 4541 1109 4614 requie
1137 4540 1410 4614 paradisi.
1451 4550 1507 4595 et
1542 4541 1758 4614 civitate.
1788 4542 2001 4614 Dei,4de
2031 4558 2139 4613 qua
2167 4542 2324 4614 (dicta
2367 4543 2785 4614 suntgloriosa,
2840 4562 2858 4596 ι
2890 4544 2945 4599 in
2983 4545 3142 4614 cujus
3168 4543 3425 4614 gradibus
3465 4542 3658 4613 digno-

385 4609 903 4682 scetur'Deuscum
946 4609 1209 4682 suscipiet
1249 4626 1405 4674 eam,
1439 4630 1459 4664 ι
1511 4621 1572 4666 ιιι
1608 4613 1823 4667 dicatur
1858 4612 1924 4667 ad
1949 4609 2064 4668 eos'
2085 4612 2180 4681 qui
2226 4613 2336 4667 illic
2373 4609 2649 4682 possident
2686 4614 2882 4669 domos
2909 4629 2925 4669 :
2955 4632 2973 4664 ι
3007 4609 3550 4678 8ἷιιιιιίιυε1ἰνὶιῐιιιεζ
3582 4614 3657 4668 ita

383 4692 441 4754 et
483 4681 719 4754 vidimus
761 4681 816 4734 in
853 4682 1079 4754 civitate
1106 4680 1666 4754 Dominivirtutum,
1708 4684 1762 4737 in
1811 4683 2029 4737 civitate
2056 4680 2404 4754 Deijnostri‘,
2436 4702 2455 4736 ι
2500 4682 2567 4739 de
2609 4699 2717 4754 qua
2760 4684 2997 4740 dicitur:
3028 4703 3047 4737 ι
3097 4683 3417 4739 Distribuitc
3457 4682 3658 4752 gradus

383 4752 432 4822 ej
446 4766 535 4834 ιιεέ
577 4769 599 4804 ι
641 4751 819 4834 ξιιρξι-
851 4751 1178 4834 haeeautem
1210 4751 1603 4834 (ιιιιιιίιιμιίιοιιιιιΔ
1619 4761 1876 4834 aeternam
1906 4751 2224 4834 possidebit.

462 4821 553 4877 26.
596 4840 615 4872 ι
645 4819 798 4895 Multi
828 4830 990 4895 erunt
1021 4821 1182 4895 primi
1222 4820 1525 4895 novissimi,
1556 4829 1610 4876 ct.
1635 4819 1921 4895 novissimi
1954 4822 2137 4895 primi.
2170 4841 2194 4895 ξ
2228 4820 2294 4877 Ει
2326 4823 2432 4895 hoc
2454 4823 2618 4880 habet
2655 4824 2892 4895 aliquam
2931 4834 2983 4880 ct
3012 4823 3314 4881 secundum
3348 4821 3665 4895 simplicem

386 4907 618 4965 sensum
635 4892 913 4965 exhortari
942 4890 1239 4965 potentiam
1262 4905 1379 4957 eos,
1409 4891 1502 4960 qui
1522 4907 1694 4965 nuper
1718 4890 1983 4965 accedunt
1997 4892 2065 4965 ad
2088 4893 2311 4965 verbum
2327 4893 2594 4958 divinum,
2625 4904 2685 4948 ut
2712 4890 2969 4965 festinent
2995 4909 3091 4965 per
3116 4908 3180 4948 ea
3206 4909 3329 4965 quae
3353 4890 3659 4965 constituta

386 4971 522 5016 sunt
552 4961 1349 5033 hominibus,ad'provectum
1384 4962 1677 5016 ascendere
1707 4976 1818 5031 pra:
1852 4963 2041 5017 multis
2069 4962 2164 5030 qui
2192 4963 2445 5033 videntur
2476 4964 2724 5019 senuisse
2766 4965 2821 5019 in
2858 4964 2963 5019 [ide
2997 4961 3067 5019 ad
3104 4961 3328 5033 verbum
3381 4971 3436 5017 et
3461 4962 3649 5020 vitam.

427 5048 512 5086 ua
550 5039 637 5087 est
681 5046 846 5103 super
892 5031 1036 5103 illos,
1075 5046 1199 5103 cum
1246 5046 1424 5100 neque
1472 5041 1709 5103 tempus,
1751 5046 1928 5100 neque
1971 5031 2517 5103 parentesinlideles
2565 5034 2862 5103 impediant
2911 5049 3008 5088 eos
3048 5033 3143 5103 qui
3192 5031 3339 5088 nunc
3361 5034 3648 5103 accedunt.

430 5112 575 5157 otest
630 5102 799 5174 etiam
829 5101 1143 5174 liujusriiiidi
1176 5114 1374 5174 sensus
1402 5108 1457 5154 ct
1483 5100 1765 5174 destruere
1792 5111 1846 5156 et
1870 5103 2134 5174 extollere
2162 5102 2256 5171 qui
2292 5104 2595 5171 gloriantur
2631 5100 2697 5158 eo
2724 5104 2870 5174 quod
2911 5120 2942 5157 a
2974 5100 3303 5174 Christianis
3334 5102 3663 5174 parentibus

389 5181 519 5224 sunt
560 5171 782 5225 enutriti
833 5169 1053 5240 in’ipsa
1076 5169 1516 5243 Christianitate,
1559 5171 1797 5243 maxime
1837 5172 1883 5226 si
1923 5171 2127 5226 fuerint
2155 5169 2222 5243 ex
2247 5169 2497 5243 patribus
2543 5169 2866 5229 sacerdotali
2915 5175 3042 5228 sede
3091 5169 3437 5243 dignificatis,
3483 5173 3652 5243 idest

388 5243 785 5322 episcopatum
809 5250 906 5295 aut
946 5241 1373 5322 presbyteratus,
1412 5250 1509 5295 aut
1546 5241 1867 5322 diaconatus
1913 5242 1967 5295 in
2006 5241 2208 5322 populo
2244 5241 2366 5322 Dei.
2407 5243 2710 5322 Audientes
2748 5244 2893 5322 enim
2917 5244 3057 5322 quia
3097 5241 3260 5322 multi.
3290 5251 3452 5297 erunt
3489 5241 3667 5310 primi,

391 5309 698 5377 novissimi,
736 5319 793 5366 et
835 5309 1124 5366 novissimi
1171 5309 1355 5379 primi,
1410 5311 1840 5366 recordabuntur
1889 5322 1949 5366 ut
1989 5309 2099 5366 non
2142 5312 2442 5382 glorientur
2490 5314 2544 5367 in
2594 5328 2661 5367 eo
2698 5317 2845 5383 quod
2881 5309 3135 5369 videntur
3181 5313 3415 5384 priores,
3471 5309 3651 5381 neque

462 5441 507 5475 ⁸⁸
542 5440 687 5498 Psal.
720 5458 888 5513 XLVII,
921 5443 975 5499 4.
1056 5443 1100 5476 ²⁶
1139 5441 1272 5499 ibid.
1301 5442 1354 5498 9.
1435 5443 1475 5476 "
1517 5442 1648 5500 ibid.
1680 5445 1767 5500 14.
1847 5444 1891 5477 ¹⁸
1929 5443 1977 5499 Μ

2086 5462 2120 5500 ι.
2155 5461 2269 5510 xrx,
2302 5445 2393 5501 '50.
2474 5447 2516 5478 ¹⁹
2556 5444 2717 5501 Rom.
2745 5462 2841 5512 xu,
2884 5447 2970 5501 16.
3049 5447 3095 5480 ³⁸
3137 5448 3297 5504 Rom.
3333 5462 3410 5513 xl,
3444 5447 3530 5502 17.

481 5579 945 5653 θηγΤοσούτους
980 5583 1234 5652 ἔχοντας
1267 5586 1694 5653 κληρωιόμους.
1726 5585 1957 5641 Sensum

2141 5586 2253 5658 (98)
2293 5585 2473 5641 Colex
2513 5586 2740 5658 (Regius,
2784 5587 3190 5658 ὑπομνήσθητε.
3229 5584 3536 5657 Legendum
3564 5587 3659 5644 Via.

458 5580 569 5705 (97)
590 5582 945 5665 'Too'oiitovc
980 5583 1234 5652 ἔχοντας
1267 5586 1697 5667 κληρονόμους·ἶ
1726 5585 1957 5641 Sensum

388 5649 731 5728 inieahquis
765 5652 1020 5728 idoneum
1051 5654 1336 5720 extundat,
1367 5664 1417 5728 et
1444 5666 1546 5728 erit
1568 5659 1700 5709 mihi
1731 5672 1962 5728 magnus

2141 5586 2253 5658 (98)
2293 5585 2473 5641 Colex
2518 5586 2688 5657 ltcgiu

2086 5655 2226 5728 lctur
2252 5656 2693 5728 ὑπεμνήσθησαν.

385 5722 596 5846 apollo.
629 5722 938 5793 chendum
971 5722 1222 5789 fortasse,
1250 5726 1473 5779 τοσοῦτο
1513 5724 1733 5795 ἔχοντας
1765 5722 1962 5798 κλήρο-

449 5809 603 5846 μους.
635 5794 716 5846 vel
745 5791 1032 5846 τοσούτους
1064 5794 1286 5846 ἕνονταε
1323 5797 1525 5846 ἀγοοὺε
1567 5795 1957 5846 κληρονόμους.

489 5811 603 5869 ονς,
635 5794 716 5869 vel
745 5794 1032 5869 τοσούτους
1062 5794 1286 5869 ἔχοντας
1323 5794 1958 5869 ἀγροὺςκληρονόμους,

385 5863 471 5919 vel
506 5864 710 5936 aliquid
737 5863 1024 5937 ejusmodi.
1062 5863 1327 5925 ιιυεοιιυε.

2143 5726 2254 5797 (99)
2294 5726 2568 5790 Πιότήτιζ
2596 5727 2755 5781 Rom.
2798 5742 2874 5791 XI,
2909 5727 2992 5782 17.
3029 5726 3296 5783 Caeterum
3331 5727 3500 5785 codex
3522 5726 3645 5789 ,Λιι-

2068 5797 2313 5869 glicanus
2346 5797 2505 5869 habet
2534 5798 2797 5869 ποιότητι.

2142 5867 2216 5938 (ι)
2253 5866 2361 5926 Καὶ
2393 5865 2521 5939 γάρ.
2564 5867 2623 5924 1η
2649 5865 2771 5926 cdd.
2802 5867 2961 5940 Angl.
2989 5866 3289 5941 deest-16.9.
