4086 6422
488 394 625 462 MSS

1940 400 2265 457 ORIGENIS

3621 405 3761 460 1336

487 517 735 575 facinora
784 517 851 573 ad
898 517 953 574 id
988 517 1312 574 deducentia
1341 517 1630 575 ediderunt
1656 519 1879 591 quidam
1903 561 1920 588 ,
1948 535 2060 577 cum

2178 520 2617 587 ἀπολελοίπασιν,
2658 520 2797 575 ἐπὰν
2832 520 3121 592 ποιήσωσι,
3176 518 3545 591 κηρυχθείσης
3577 522 3760 584 αὐτοῖς

489 618 852 679 pervenerunt
877 612 942 665 ad
973 611 1289 683 angelorum
1313 612 1674 679 domicilium,
1705 614 2064 682 defecerunt;

490 717 616 757 nam
647 702 740 772 qui
767 717 928 772 supra
961 712 1159 761 terram
1185 703 1423 777 degunt,
1454 704 1771 761 ctelestibus
1798 706 2070 777 posterio-

487 809 576 847 res
606 803 762 858 sunt;
799 797 891 862 qui
921 808 1050 848 vero
1078 794 1278 851 ccelum
1321 796 1605 859 incolunt,
1639 797 1724 851 his
1755 798 2067 873 superiores

483 893 614 937 sunt
659 884 752 953 qui
802 884 855 937 in
908 892 1054 940 terra
1098 894 1420 953 versantur;
1449 895 1503 941 et
1553 887 1805 941 cmlestes
1846 887 2067 957 quidem

482 988 549 1037 ac
591 975 800 1047 priores
836 976 990 1029 multi
1028 976 1361 1046 posteriores
1390 975 1737 1045 eﬂieiuntur,
1772 997 1790 1029 ι
1822 978 1876 1030 in
1924 978 2069 1045 judi-

480 1067 628 1120 cium
680 1067 860 1136 magni
889 1066 1030 1131 dici,
1079 1068 1307 1123 vinculis
1338 1070 1562 1125 :eternis
1592 1069 1695 1124 sub
1725 1069 1955 1139 caligine
1981 1085 2069 1123 re-

480 1157 773 1223 servati“;
813 1176 832 1208 ι
865 1157 1225 1228 posteriorum
1251 1167 1431 1213 autem
1455 1168 1509 1213 et
1537 1161 1588 1213 in
1628 1167 1774 1213 terra
1813 1167 2064 1212 natorum

479 1247 871 1321 quan-.plurimi
923 1249 992 1303 ad
1045 1251 1333 1319 superiora
1388 1252 1807 1315 conscendunt,
1878 1251 1950 1305 ita
2008 1259 2066 1304 ut

482 1340 820 1397 conﬁdenter
861 1338 1044 1394 dicere
1087 1341 1402 1410 possint":
1449 1360 1467 1393 ι
1498 1340 1693 1397 Nostra
1721 1344 2066 1397 convchatio

479 1429 537 1487 In
570 1430 726 1485 caelis
752 1439 856 1486 est.
887 1450 906 1482 ι
939 1430 1083 1506 Quin
1118 1444 1171 1488 et
1198 1432 1244 1489 is
1288 1435 1401 1515 ipse
1429 1436 1521 1505 qui
1561 1454 1579 1486 ι
1612 1434 1754 1490 sicut
1781 1433 1965 1504 fulgur
1997 1436 2066 1489 de

480 1523 623 1580 ctelo
670 1523 966 1588 cecidit”,
1000 1543 1020 1576 ι
1076 1526 1282 1595 primas
1334 1527 1652 1591 obtinebat,
1709 1526 1951 1597 quandiu
2010 1527 2063 1580 in

483 1614 743 1674 omnibus
775 1614 876 1669 viis
902 1615 1017 1671 suis
1042 1615 1353 1685 inculpatus
1381 1616 1697 1675 ambulabat
1716 1656 1733 1681 ,
1755 1616 1931 1671 donec
1960 1617 2065 1671 ini-

485 1705 667 1780 quitas
696 1704 752 1759 in
784 1706 904 1779 ipso
937 1704 1156 1760 inventa
1201 1717 1314 1771 est,
1343 1716 1399 1761 et
1439 1708 1495 1761 in
1536 1707 1812 1765 infernum
1841 1708 2066 1764 devolu-

488 1804 594 1859 tus,
619 1804 929 1863 postremus
960 1795 1137 1851 factus
1166 1808 1245 1851 est
1265 1837 1279 1862 ,
1304 1796 1441 1852 adeo
1472 1807 1531 1853 ut
1562 1798 1944 1868 obstupuerint
1968 1799 2062 1869 qui

2172 605 2273 676 τῆς
2301 605 2411 659 τῶν
2442 605 2690 678 οὐρανῶν
2715 606 3012 675 βασιλείας,
3048 606 3118 660 τά
3150 607 3421 676 ἀνάγοντα
3444 610 3645 672 αὐτοὺς
3670 611 3760 661 ἐπ’

2175 696 2367 767 αὐτηνν
2399 697 2494 749 καὶ
2516 696 2626 768 γὰρ
2658 698 2708 750 oi
2746 698 2846 768 μὲν
2872 700 2929 751 ἐν
2960 699 3031 769 γῇ
3057 696 3168 752 τῶν
3194 698 3463 768 οὐρανίων
3513 698 3756 768 ἔσχατοι,

2172 789 2222 839 ot
2251 787 2308 840 δὲ
2341 791 2400 842 ἐν
2429 790 2647 860 οὐρανῷ
2677 790 2783 843 τῶν
2840 791 2900 842 ἐν
2943 794 3015 861 γῇ
3052 789 3281 861 πρῶτον
3343 790 3439 842 καὶ
3480 791 3760 859 γίγνονται

2173 879 2360 932 πολλοὶ
2389 881 2488 952 μὲν
2517 880 2629 934 τῶν
2674 882 2942 953 οὐρανίων
2988 883 3085 935 καὶ
3127 880 3358 952 πρώτων
3405 881 3625 951 ἔσχατοι
3656 882 3757 945 (9ι,

2178 990 2198 1023 ι
2228 974 2307 1036 εἰς
2337 974 2521 1043 κρίσιν
2549 974 2791 1045 μεγάλης
2812 973 3024 1045 ἡμέρας
3054 974 3273 1044 δεσμοῖς
3303 972 3492 1036 ἀϊδίοις
3523 974 3582 1026 ὲν
3610 972 3765 1044 ζόφῳ

2171 1067 2554 1137 τηρούμενοι-ι
2608 1067 2793 1121 πολλοὶ
2836 1067 2893 1119 δέ
2925 1068 3032 1120 τῶν
3068 1069 3332 1137 ἐσχάτων,
3373 1068 3466 1120 καὶ
3524 1068 3618 1120 ἐπὶ
3653 1069 3760 1137 γῆς

2171 1157 2386 1224 γένεσιν
2417 1158 2784 1229 ἀνειληφότων
2801 1158 3203 1222 ἀνασαίνοντες,
3242 1158 3383 1212 ὥστε
3417 1158 3760 1231 τεθαρρηκό-

2171 1263 2264 1311 τες
2289 1247 2490 1317 λέγειν’
2536 1267 2556 1299 ι
2590 1248 2776 1318 Ἡμῶν
2822 1249 2879 1302 δέ
2928 1249 2991 1301 τὸ
3047 1248 3347 1320 πολίτευμα
3396 1252 3455 1303 ἐν
3508 1250 3763 1320 οὐρανοῖς

2173 1340 2461 1410 ὑπάρχει.»
2494 1341 2603 1393 Καὶ
2636 1341 2798 1403 αὐτός
2831 1357 2895 1409 γε
2920 1341 2950 1392 ὁ
2975 1340 3051 1404 ὡς
3098 1340 3352 1412 ἀστραπὴ
3377 1343 3443 1394 ἐκ
3474 1340 3569 1394 τοῦ
3596 1340 3763 1412 οὐρα-

2171 1432 2264 1485 νοῦ
2300 1432 2482 1487 πεσὼν
2507 1433 2723 1505 πρῶτος
2751 1429 2840 1504 ἦν,
2889 1434 3052 1503 ἡνίκα
3096 1434 3418 1503 περιεπάτει
3463 1437 3521 1489 ἐν
3553 1434 3761 1496 πάσαις

2170 1528 2291 1588 ταῖς
2320 1526 2458 1588 ὁδοῖς
2487 1523 2654 1579 αὐτοῦ
2688 1524 2937 1596 ἄμωμος,
2963 1525 3068 1589 ἔως
3109 1523 3310 1595 εὑρέθη
3344 1525 3544 1596 ἀνομία
3573 1528 3631 1580 ἐν
3660 1527 3761 1579 αὐ-

2170 1616 2269 1687 τῷ,
2299 1619 2394 1670 καὶ
2420 1618 2641 1685 γέγονεν
2664 1616 2889 1687 ἔσχατος
2914 1619 2992 1680 εἰς
3024 1616 3151 1687 ᾅδου
3198 1617 3462 1681 καταϐὰς,
3509 1617 3586 1681 ὡς
3627 1619 3758 1683 τούς

2175 1709 2381 1771 ἰδόντας
2412 1709 2574 1763 αὐτὸν
2602 1707 2903 1779 θαυμάζειν
2929 1709 3017 1761 ἐπ’
3051 1707 3218 1778 αὐτῷ,
3241 1710 3336 1762 καὶ
3374 1709 3573 1778 λέγειν’
3606 1728 3625 1762 ι
3644 1712 3762 1764 Καὶ

2174 1804 2240 1855 σὺ
2273 1801 2447 1865 ἐάλως
2470 1800 2658 1871 ὥσπερ
2681 1801 2775 1853 καὶ
2798 1802 2981 1869 ἡμεῖς·
3007 1801 3065 1852 ἐν
3098 1800 3230 1869 ἡμῖν
3253 1797 3310 1851 δὲ
3340 1798 3756 1871 κατελογίσθηςδ

483 1898 608 1937 eum
654 1883 941 1949 viderunt,
969 1896 1024 1939 et
1051 1884 1289 1939 dixerint
1312 1886 1358 1917 "’
1390 1903 1402 1938 ς
1446 1905 1466 1940 ι
1500 1885 1566 1939 Et
1594 1894 1650 1940 tu
1685 1895 1877 1956 captus
1906 1904 1966 1942 es
1995 1888 2060 1940 si-

2170 1889 2392 1958 Κατέση
2440 1890 2522 1952 εἰς
2574 1887 2701 1957 ᾅδου
2750 1890 2782 1958 ἡ
2820 1886 2948 1951 δόξα
2979 1904 3097 1951 σου,
3149 1889 3183 1957 ἡ
3218 1887 3386 1960 πολλὴ
3438 1889 3752 1961 εὐφροσύνη

480 1986 573 2031 cut
601 1986 655 2033 et
683 1993 821 2045 nos;
873 1980 928 2033 in
977 1980 1135 2034 nobis
1174 1988 1355 2034 autem
1402 1989 1684 2050 reputatus
1711 1997 1791 2036 es.
1835 1980 2068 2036 Descen—

478 2071 560 2124 dit
588 2079 770 2125 autem
798 2072 866 2126 ad
895 2070 1102 2127 inferos
1134 2072 1306 2143 gloria
1331 2081 1444 2139 tua,
1481 2074 1653 2126 multa
1680 2072 1869 2127 laetitia
1903 2083 2017 2126 tua.
2042 2095 2058 2123 ι

480 2160 800 2217 Postremus
836 2161 1019 2227 itidem
1067 2172 1184 2217 erat
1206 2203 1222 2228 ,
1250 2164 1569 2233 quicunque
1594 2174 1715 2220 erat
1755 2181 1775 2215 ι
1803 2164 2065 2233 insipiens

477 2261 535 2308 et
579 2253 928 2319 incredulus,
979 2257 1222 2311 serviens
1260 2255 1550 2311 desideriis
1601 2264 1657 2311 et
1690 2255 2064 2326 voluptatibus

480 2345 668 2409 variis,
699 2346 755 2400 in
788 2346 994 2400 malitia
1035 2356 1089 2407 et
1121 2348 1324 2402 invidia
1358 2363 1562 2415 agens,
1591 2346 1813 2403 odibilis
1847 2357 1901 2404 et
1934 2349 2064 2403 odio

479 2456 853 2514 prosequens;
895 2461 914 2493 ι
943 2451 998 2497 at
1045 2445 1256 2513 primus
1286 2444 1492 2507 evasit,
1547 2463 1567 2496 ι
1593 2460 1720 2501 cum
1753 2446 2063 2518 benignitas

476 2540 532 2586 et
574 2532 889 2594 humanitas
934 2535 1184 2603 apparuit
1228 2535 1531 2592 Salvatoris
1576 2537 1751 2591 nostri
1784 2536 1915 2604 Dei,
1968 2554 2063 2607 per

477 2623 757 2689 lavacrum
796 2628 1263 2697 regenerationis,
1310 2637 1364 2683 et
1416 2629 1791 2685 renovationis
1825 2628 2061 2700 Spiritus

476 2718 649 2773 sancti
666 2717 736 2784 ³⁵,
770 2737 789 2771 ι
843 2727 899 2773 et
940 2733 1064 2774 eum
1114 2721 1318 2800 recepit
1362 2721 1455 2792 qui
1494 2720 1732 2776 dixit“:
1779 2740 1799 2773 ι
1828 2720 1934 2789 Qui
1975 2737 2063 2779 me

476 2809 690 2880 recipit,
721 2809 914 2881 recipit
937 2826 1063 2866 eum
1094 2813 1190 2883 qui
1226 2828 1312 2867 me
1342 2812 1513 2870 misit.
1551 2831 1571 2865 ι
1611 2813 1813 2867 Verum
1850 2814 2061 2886 primos

474 2918 598 2958 esse
626 2902 720 2974 qui
750 2904 980 2958 salutem
1012 2914 1420 2984 consequentur
1448 2921 1544 2976 per
1573 2906 1663 2959 illa
1697 2906 2058 2974 tradidimus;

476 3002 784 3065 postremos
811 3004 1024 3061 autem,
1055 2998 1150 3067 qui
1179 2997 1371 3052 eodem
1401 2997 1594 3053 ordine
1641 2998 1868 3053 tninime
1906 2998 2057 3069 digni

476 3095 626 3148 sunt,
651 3088 743 3143 sed
776 3087 1079 3157 punitione.
1105 3088 1309 3159 quique
1333 3089 1551 3159 penitus
1576 3090 2057 3159 derelinquantur,

473 3177 643 3255 694
672 3179 785 3245 vel,
817 3198 836 3230 ι
866 3178 1042 3236 donec
1087 3180 1370 3250 plenitudo
1398 3181 1639 3251 gentium
1687 3181 1906 3237 intrarit
1923 3182 1991 3250 ",
2033 3202 2052 3235 ι

477 3270 562 3324 vel
588 3270 764 3327 donec
788 3287 919 3327 suas
941 3287 1115 3328 noxas
1144 3272 1399 3328 eluerint.
1435 3271 1575 3328 Huic
1608 3281 1788 3329 autem
1816 3293 1831 3329 :
1856 3294 1875 3327 ι
1899 3274 2054 3331 Multi

474 3368 636 3416 erunt
674 3360 875 3429 primi,
911 3362 1235 3430 novissimi;
1286 3372 1339 3418 et
1392 3362 1700 3431 novissimi,
1750 3365 1913 3434 primi
1934 3366 2001 3428 ³⁸,
2027 3384 2047 3421 ι

475 3452 718 3507 subnexa
750 3453 1006 3522 parabola
1037 3455 1269 3510 salutem
1305 3455 1374 3511 iis
1408 3456 1694 3525 pollicetur
1727 3473 1966 3527 quorum
1995 3457 2052 3512 in

475 3543 731 3622 parabola
765 3544 970 3599 mentio
1002 3546 1095 3611 tit,
1128 3547 1222 3616 qui
1260 3546 1475 3616 priores
1511 3547 1732 3616 quidem
1760 3562 1940 3617 opera:
1971 3548 2055 3602 in-

471 3634 814 3703 cubucrunt,
846 3639 1103 3706 postremi
1133 3648 1315 3701 autem
1353 3639 1656 3696 mercedem
1690 3649 2050 3710 receperunt;

471 3735 522 3784 et
554 3736 836 3797 propterea
869 3744 995 3785 cum
1030 3730 1189 3799 primi
1218 3741 1425 3799 essent,
1463 3732 1605 3788 inter
1628 3745 1937 3802 postremos
1963 3749 2053 3788 re-

471 3818 622 3872 censi
671 3828 827 3885 sunt;
877 3829 934 3874 at
982 3823 1394 3891 praestantiores
1446 3839 1544 3879 eos
1593 3839 1716 3879 esse
1759 3824 1920 3879 docet
1957 3824 2052 3896 qui

471 3909 733 3987 postremi
783 3910 1005 3979 quidem
1059 3913 1128 3967 ad
1173 3927 1313 3982 opus
1350 3911 1659 3969 faciendum
1697 3913 1853 3973 missi
1888 3923 2050 3981 sunt,

474 4000 779 4059 mercedem
811 4010 993 4057 autem
1040 4020 1148 4058 non
1193 4004 1355 4075 primi
1388 4004 1657 4065 duntaxat
1683 4015 2048 4075 receperunt,

2170 1999 2285 2036 σου.
2302 2000 2321 2031 ι
2350 1980 2511 2034 Οὕτω
2536 1981 2593 2033 δὲ
2615 1982 2709 2033 καὶ
2738 1980 2966 2050 ἔσχατος
2987 1975 3055 2050 ἦν
3095 1981 3202 2043 πᾶς
3231 1979 3326 2034 καὶ
3361 1998 3379 2029 ι
3406 1981 3631 2052 ἀνόητος
3659 1984 3750 2036 κα)

2168 2072 2418 2143 ἀπειθὴς,
2448 2072 2712 2126 δουλεύων
2746 2072 3067 2142 ἐπιθυμίαις
3094 2072 3189 2126 καὶ
3210 2073 3424 2143 ἡδοναῖς
3453 2075 3756 2139 ποικίλαις,

2166 2166 2225 2217 ὲν
2260 2166 2429 2235 κακίᾳ
2468 2165 2563 2218 καὶ¹
2613 2163 2792 2234 φθόνῳ
2820 2163 3046 2232 διάγων,
3095 2164 3361 2235 στυγητὸς
3394 2167 3487 2218 καὶ
3522 2166 3755 2236 μισῶνοι

2129 2322 2138 2332 ⁸
2166 2256 2301 2311 ἀλλὰ
2333 2259 2523 2327 γέγονε
2553 2255 2791 2327 πρῶτος,
2832 2276 2850 2307 ι
2877 2258 2967 2310 ὅτε
2987 2257 3021 2327 ἡ
3043 2258 3376 2328 χρηστότης,
3402 2257 3497 2311 καὶ
3524 2257 3765 2329 ήφιλανυ.

2166 2349 2383 2422 θρωπία
2417 2348 2661 2419 ἐπεφάνη
2696 2347 2791 2400 τοῦ
2813 2348 3066 2419 Σωτῆρος
3103 2347 3260 2419 ἡμῶν
3285 2347 3446 2411 Θεοῦ,
3483 2349 3572 2402 διὰ
3626 2349 3752 2403 λου-

2164 2437 2295 2510 τροῦ
2332 2437 2773 2506 παλιγγενεσίας,
2834 2437 2930 2491 καὶ
2979 2437 3399 2502 ἀνακαινώσεως
3437 2438 3759 2511 ΙΙνεύματος

2165 2530 2376 2599 aviae,»
2409 2532 2503 2583 καὶ
2535 2530 2754 2597 ἐδέξατο
2773 2530 2863 2583 τὸν
2892 2530 3135 2583 εἰπόντω
3177 2549 3195 2580 ι
3245 2531 3305 2583 Ὁ
3331 2530 3621 2602 δεχόμενος
3652 2534 3757 2603 ἐμὲ

2164 2625 2379 2695 δέχεται
2403 2623 2493 2675 τὸν
2522 2622 2920 2675 ἀποστείλαντά
2944 2638 3031 2692 με.
3047 2641 3064 2671 ι
3100 2621 3260 2675 ’Δλλά
3292 2624 3436 2677 κατὰ
3452 2623 3552 2693 μὲν
3579 2623 3758 2693 ταῦτα

2164 2708 2417 2789 πρώτους
2446 2713 2869 2786 ἀποδεδώκαμεν
2921 2715 3050 2777 τοὺς
3092 2713 3531 2785 σωθησομένους
3584 2715 3757 2789 ἐσχάο

2161 2827 2288 2874 τους
2311 2809 2369 2864 δέ
2392 2810 2520 2872 τοὺς
2557 2807 2632 2880 μὴ
2665 2807 2849 2874 ἀξίους
2874 2806 2972 2877 τῆς
3016 2806 3273 2877 τοιαύτης
3291 2808 3403 2862 τῶν
3440 2809 3757 2881 σωθησομέ-

2163 2921 2270 2958 νων
2303 2900 2528 2967 τάξεως,
2559 2901 2654 2955 καὶ
2679 2899 2953 2963 κολάσεως
3000 2898 3135 2971 (10),
3187 2900 3284 2954 καὶ
3310 2900 3406 2954 τοῦ
3434 2901 3756 2970 ἐγκαταλει-

2163 2995 2383 3067 φθῆναι,
2412 2996 2555 3066 ήτοι,
2590 3014 2609 3046 ι
2633 2994 2738 3057 ἔως
2759 2991 2821 3046 τὸ
2846 2993 3121 3064 πλήρωμα
3149 2993 3257 3046 τῶν
3289 2993 3459 3048 ἐθνῶν
3473 2994 3748 3068 εἰσέλθῃ,›

2164 3087 2197 3160 ἢ
2232 3085 2339 3150 ἔως
2371 3084 2768 3158 ἐκπληρώσωσι
2796 3082 2866 3137 τὰ
2922 3084 3049 3155 περὶ
3083 3084 3193 3137 τῶν
3239 3085 3385 3138 ἰδίων
3416 3086 3755 3158 ἀμαρτημάτ

2160 3193 2289 3232 των.
2331 3177 2395 3231 Ἡ
2424 3178 2607 3248 μέντοι
2639 3175 3014 3247 ἐπιφερομένη
3036 3173 3133 3245 τῷ·
3183 3193 3201 3224 ι
3227 3173 3425 3229 Πολλοὶ
3453 3175 3513 3228 δὲ
3536 3175 3751 3241 ἔσονται

2165 3269 2373 3342 πρῶτοι
2405 3269 2644 3338 ἔσχατοι,
2663 3267 2756 3319 καὶ
2786 3265 3005 3336 ἔσχατοι
3033 3265 3293 3337 πρῶτοι,ι
3332 3266 3613 3338 παραδολὴ
3641 3267 3755 3328 σώιρ

2164 3357 2351 3424 ζεσθαι
2393 3358 2491 3429 μὲν
2525 3354 2932 3431 ἐπαγγέλλεται
2957 3355 3053 3415 καί
3100 3356 3228 3419 τοὺς
3278 3356 3376 3426 τῆς
3407 3355 3753 3427 παραϐολῆς,

2165 3447 2412 3519 πρώτους
2446 3447 2546 3517 μὲν
2572 3447 3002 3519 ἐργασαμένους,
3036 3443 3303 3514 ἐσχάτους
3349 3444 3406 3497 δὲ
3437 3444 3745 3515 λαμϐάνον-

2161 3558 2263 3604 τας
2284 3540 2375 3594 τὸν
2413 3538 2622 3610 μισθὸν,
2666 3541 2761 3594 καὶ
2805 3539 2895 3593 διὰ
2947 3538 3105 3591 τοῦτο
3137 3538 3386 3610 πρώτους
3443 3538 3622 3602 ὄντας,
3652 3539 3750 3593 καὶ

2163 3633 2244 3696 είς
2266 3634 2528 3703 ἐσχάτους
2562 3630 2995 3703 λελογισμένους·
3041 3629 3321 3701 διαφέρειν
3361 3630 3417 3684 δέ
3452 3630 3630 3684 αὐτῶν
3659 3630 3749 3684 λέ-

2162 3740 2249 3793 γει
2277 3726 2403 3788 τοὺς
2447 3723 2709 3793 ἐσχάτους
2749 3724 2849 3793 μὲν
2900 3723 2995 3784 ἐπὶ
3039 3720 3111 3785 τά
3156 3722 3293 3794 ἔργα
3357 3721 3748 3794 βεδλημένουςι

2157 3813 2531 3875 ἀπολαϐόντας
2560 3813 2619 3866 δὲ
2646 3811 2740 3866 τὸν
2776 3811 2968 3882 μισθὸν
2993 3812 3055 3865 οὐ
3107 3812 3267 3883 μόνον
3311 3812 3585 3884 πρώτους,
3610 3812 3751 3880 ἀλλὰ

2159 3906 2254 3958 καὶ
2281 3904 2393 3959 ἴσον
2416 3908 2527 3968 τοῖς
2564 3904 2868 3973 γογγύσασι
2895 3903 3038 3958 κατὰ
3065 3902 3160 3957 τοῦ
3197 3903 3605 3968 οἰκοδεσπότου,
3652 3906 3753 3958 καὶ

2156 3997 2461 4070 εἰρηκόσιν·
2491 4015 2509 4047 ι
2541 3988 2701 4051 Οὗτοι
2729 3996 2779 4048 oi
2826 3995 3044 4064 ἔσχατοι
3098 3990 3227 4065 μίαν
3274 3994 3426 4067 ὥραν
3458 3996 3747 4069 ἐποίησαν,

471 4090 566 4155 sed
603 4092 937 4147 tantumdem
983 4094 1189 4158 etiam,
1242 4104 1508 4166 quantum
1556 4095 1593 4149 ii
1643 4096 1737 4166 qui
1785 4097 2051 4155 adversus

2165 4089 2255 4142 καὶ
2281 4088 2426 4152 τσους
2482 4088 2682 4150 αὐτοὺς
2731 4087 2993 4155 ἐποίησας
3028 4087 3159 4156 ἡμῖν
3191 4089 3304 4150 τοῖς
3361 4086 3755 4157 βαστάσασιτδ

470 4182 922 4255 patremfamilias
965 4186 1423 4257 murmurabant,
1466 4195 1522 4242 et
1559 4186 1813 4243 dicebant
1853 4204 1868 4239 :
1921 4206 1942 4238 ι
1983 4185 2046 4240 ιιι

2165 4185 2325 4261 βάρος
2353 4185 2451 4255 τῆς
2482 4184 2695 4255 ἡμέρας
2725 4184 2932 4239 καὶτὸν
2961 4184 3271 4238 καύσωνα.»
3304 4187 3416 4241 Καὶ
3444 4188 3653 4260 πρῶτοί
3679 4206 3747 4257 γι

1670 4299 1903 4363 VETUS
1941 4297 2535 4357 INTERPRETATIU.

470 4390 565 4464 qui
591 4406 700 4446 non
740 4410 759 4444 ι
790 4404 1256 4449 conservaverunt
1285 4393 1648 4464 principatum
1681 4410 1864 4458 suum,
1897 4396 1990 4453 sed
2022 4392 2666 4464 reliqueruntipmpriam
2698 4392 3112 4464 habitationem,
3154 4412 3173 4446 ι
3209 4395 3546 4463 accipientes
3588 4395 3741 4463 prin-

471 4461 1044 4544 cipatumsecundu‘m
1079 4465 1223 4544 quod
1254 4461 1518 4544 scriptum
1553 4473 1636 4544 est
1669 4480 1680 4516 :
1715 4483 1734 4515 ι
1776 4464 1906 4544 Esto
1930 4461 2251 4544 potestatem
2296 4463 2503 4544 habens
2533 4461 2912 4544 superqdecetn
2947 4463 3219 4544 civitates,
3249 4461 3345 4519 aut
3386 4474 3550 4544 super
3579 4461 3743 4544 quin-

471 4546 579 4604 que
606 4531 876 4604 civitates.
909 4552 936 4604 ις
960 4531 1112 4587 Fac:i
1138 4551 1268 4603 ergo
1290 4534 1344 4586 in
1370 4531 1714 4604 habitatione
1736 4531 1961 4604 quidam
1982 4534 2306 4604 angelorum
2336 4531 2723 4597 derelinquunt
2748 4547 2876 4604 eam
2902 4552 2915 4586 :
2942 4534 3252 4589 clliciuntur
3281 4531 3468 4589 autem
3490 4531 3742 4590 homines

473 4599 657 4667 primi,
685 4602 729 4655 si
757 4602 977 4674 quando
1001 4599 1425 4674 praulicatoqsibi
1459 4621 1625 4674 regno
1650 4599 1941 4665 cazlorum,
1972 4599 2203 4658 fecerint
2232 4618 2356 4672 qua:
2379 4611 2610 4674 possunt
2636 4618 2734 4674 eos
2759 4602 3046 4657 sublevare
3071 4605 3137 4658 ad
3163 4604 3310 4659 illam
3343 4604 3743 4664 habitationem

473 4685 637 4743 quam
667 4672 841 4743 angeli
866 4672 1238 4743 reliquerunt.
1274 4672 1337 4727 Et
1370 4672 1614 4729 multi'ex
1647 4675 1963 4729 novissimis
1992 4683 2047 4728 et
2081 4674 2420 4728 nativitatem
2458 4672 2783 4727 habentibus
2806 4689 2971 4742 super
3004 4683 3227 4739 terram,
3275 4674 3654 4738 ascendentes,
3682 4685 3741 4732 ut

475 4741 796 4814 tiducialiter
823 4741 1012 4814 dicere
1034 4744 1282 4812 possint:
1331 4763 1349 4795 ι
1381 4743 1577 4800 Nostra
1604 4756 1785 4799 autem
1823 4747 2169 4799 conversatio
2204 4746 2257 4798 in
2290 4744 2445 4814 ctelis
2478 4752 2584 4806 est,
2621 4761 2641 4792 ι
2673 4741 2984 4814 elliciutitur
3010 4745 3194 4813 primi.
3235 4744 3303 4798 Et
3355 4746 3472 4813 ipse
3515 4760 3745 4814 quoque

473 4811 565 4934 qui
602 4832 619 4866 ι
664 4813 807 4867 sicut
837 4811 1248 4885 fulgtchorruit
1275 4816 1341 4869 de
1374 4816 1535 4880 cmlo,
1579 4837 1597 4867 ι
1644 4816 1854 4885 primus
1895 4814 1997 4869 fuit
2030 4818 2250 4883 quando
2294 4813 2577 4868 incedebat
2618 4811 3022 4868 immuculatus'
3048 4815 3101 4868 in
3158 4811 3419 4870 omnibus
3445 4811 3550 4869 viis
3597 4811 3739 4878 suis,

473 4896 647 4934 tonec
670 4883 932 4934 iniquitas
964 4884 1302 4934 inveniretur
1328 4886 1381 4934 in
1414 4901 1503 4934 eo-
1538 4896 1591 4934 et
1621 4886 1798 4934 factus
1826 4897 1911 4934 est
1935 4886 2267 4934 novissimus
2303 4886 2356 4934 in
2382 4883 2656 4934 infernum
2685 4884 3045 4934 descendens.
3079 4893 3139 4934 ut
3175 4884 3518 4934 admirentur
3545 4884 3739 4934 viden-

470 4883 647 4938 donec
670 4883 941 4953 iniquitas
964 4884 1302 4939 inveniretur
1328 4886 1381 4940 in
1414 4901 1503 4951 eo,
1538 4896 1591 4940 et
1621 4883 1798 4940 factus
1826 4897 1911 4940 est
1935 4886 2267 4940 novissimus
2303 4886 2356 4939 in
2382 4883 2656 4938 infernum
2685 4884 3045 4950 descendens,
3079 4893 3139 4938 ut
3175 4884 3518 4939 admirentur
3545 4884 3739 4938 viden-

472 4961 557 5025 tes
580 4968 728 5025 eum,
750 4966 807 5008 et
833 4955 1019 5009 dicant
1045 4970 1057 5005 :
1095 4972 1114 5005 ι
1151 4954 1215 5009 Ει
1260 4965 1316 5010 ιιι
1348 4966 1708 5025 consumptus
1735 4970 1795 5011 es
1827 4956 1969 5010 sicut
1996 4966 2049 5009 et
2080 4970 2200 5010 nos.
2258 4953 2313 5009 In
2348 4954 2506 5008 nobis
2540 4961 2720 5008 autem
2754 4954 3116 5025 existimatus
3149 4970 3230 5018 es,
3257 4966 3313 5010 et
3345 4954 3630 5025 descendit
3666 4955 3736 5008 ad

473 5019 677 5079 inferos
705 5024 881 5096 honor
911 5034 1057 5084 tuus.
1092 5034 1147 5078 et
1182 5028 1352 5081 multa
1382 5026 1555 5095 gloria
1585 5019 1699 5080 tua.
1742 5043 1761 5076 ι
1794 5025 1887 5080 Sic
1915 5041 2042 5096 cum
2072 5026 2589 5096 novissimusesset
2616 5024 2922 5096 omnisrqui
2952 5041 2971 5079 ι
3005 5025 3270 5096 insipiens
3295 5034 3350 5079 et
3374 5024 3730 5096 incredulus-

471 5098 611 5165 erat,
657 5112 676 5144 ι
720 5095 963 5165 serviens
988 5096 1362 5165 voluptatibus
1390 5093 1576 5160 variis,
1614 5105 1670 5165 et
1701 5096 1989 5150 desideriis
2020 5094 2074 5148 in
2106 5096 2311 5150 malitia
2343 5106 2400 5149 et
2420 5093 2646 5159 invidia,
2677 5095 2895 5149 odibilis
2922 5102 2977 5165 et
3005 5093 3221 5160 odiens,
3265 5115 3284 5147 ι
3322 5096 3418 5150 scd
3443 5095 3629 5165 factus
3648 5103 3739 5150 est

473 5161 681 5235 primus
707 5163 929 5233 quando
970 5184 989 5215 ι
1029 5161 1337 5235 benignitas
1368 5168 1622 5234 apparuit
1648 5164 1863 5219 Domini
1895 5165 2198 5221 Salvatoris
2225 5181 2321 5233 per
2352 5165 2628 5218 lavacrum
2673 5164 3106 5235 regenerationis
3127 5176 3179 5235 et
3209 5166 3582 5220 renovationis
3609 5164 3738 5232 Spi-

470 5231 629 5305 ritus,
666 5253 686 5286 ι
719 5231 772 5289 et
800 5235 1043 5304 suscepit
1074 5231 1200 5290 eum
1243 5237 1335 5305 qui
1364 5231 1542 5291 diiit:
1580 5257 1599 5289 ι
1635 5235 1740 5302 Qui
1772 5251 1857 5288 me
1883 5235 2144 5304 suscepit,
2170 5231 2413 5304 suscepit
2443 5249 2568 5289 eum
2596 5234 2692 5305 qui
2728 5231 2816 5288 me
2854 5234 3021 5289 misit.
3065 5255 3083 5289 ι
3126 5234 3239 5291 Sed
3278 5235 3581 5292 secundum
3618 5231 3741 5291 hiec.

470 5302 691 5377 quidem
718 5302 1079 5377 primosesse
1116 5302 1442 5361 tradidimus
1493 5323 1591 5373 eos
1619 5307 1713 5377 qui
1768 5302 2089 5377 salvantur,
2140 5302 2472 5377 novissimos
2519 5302 2703 5377 autem
2752 5306 2847 5377 qui
2894 5320 3003 5377 non
3054 5317 3186 5360 sunt.
3217 5305 3505 5377 dignitali
3538 5305 3741 5363 ordine.

470 5373 827 5439 salvatorem,
854 5375 948 5430 sed
984 5391 1167 5444 pinna,
1199 5385 1257 5430 ut
1290 5373 1706 5447 relinquantur,
1744 5376 1859 5431 sive
1897 5395 1913 5425 ι
1956 5376 2131 5430 donec
2168 5375 2453 5431 intraverit
2487 5376 2729 5445 gentium
2765 5373 3078 5445 plenitudo,
3118 5393 3136 5427 ι
3193 5373 3313 5433 sive
3366 5375 3542 5432 donec
3580 5390 3736 5431 como

538 5462 767 5541 ‘fAJud;
803 5468 858 5541 ρ.
935 5465 980 5497 ³³
1022 5464 1215 5541 Philip.
1249 5483 1326 5541 ιιιΣ
1354 5468 1444 5541 ‘2_!_l.
1504 5469 1567 5541 ‘3'
1607 5467 1828 5541 Luc._x,
1866 5467 1949 5520 18.
2028 5466 2060 5497 ³⁸

2165 5485 2215 5541 a.
2242 5482 2353 5541 xt‘v,
2380 5467 2467 5541 lt),
2499 5467 2591 5541 fl,
2618 5466 2707 5522 1‘2.
2781 5467 2827 5498 ⁸⁸
2866 5464 2975 5519 Tit.
3013 5481 3094 5530 ιιι,
3125 5467 3179 5531 5,
3204 5466 3259 5532 ι,
3289 5466 3343 5541 5.
3453 5466 3499 5500 ³⁸
3538 5464 3729 5520 Matth.

470 5548 528 5596 Χ,
557 5532 645 5588 Αθ.
722 5536 767 5566 ³⁷
813 5534 969 5589 Rom.
1006 5551 1082 5600 ιιι,
1116 5537 1207 5592 25.
1283 5538 1329 5569 ³⁸
1369 5537 1555 5592 Matth.
1599 5538 1823 5605 unﬁt).

2176 5538 2181 5543 ι
2295 5532 2303 5541 ι
2404 5536 2407 5541 γ
2428 5532 2435 5538 -
2523 5532 2529 5540 ι
2583 5538 2594 5550 ι

541 5628 618 5759 ἕθ)
655 5628 835 5683 Codex
871 5631 1090 5697 Regius,
1119 5635 1166 5687 οἱ
1199 5633 1406 5705 πρῶτοι
1437 5633 1674 5703 ἔσχατοι,
1705 5648 1810 5687 non
1840 5634 2001 5689 male.

571 5698 650 5759 ιο)
689 5698 794 5753 Kal
821 5701 1144 5759 κολάσεως.
1191 5704 1325 5759 Luce
1354 5703 1489 5756 ἀλλὰ
1515 5704 1802 5759 κολάσεως.
1837 5702 1969 5755 Nam
1997 5728 2001 5750 ε

571 5698 650 5762 ιο)
689 5698 794 5775 l_(_al
821 5701 1144 5768 κολάσεως.
1191 5698 1325 5771 Lege
1354 5698 1802 5773 ᾁλλὰᾶολάσεως.
1837 5702 1969 5775 Nam
1997 5715 2051 5775 et

2165 5704 2258 5767 ἕως
2309 5704 2368 5755 τὸ
2417 5702 2709 5775 πλήρωμα,
2758 5711 2887 5775 ete.,
2936 5703 3111 5775 ptenis
3144 5698 3527 5775 damnatorum
3565 5698 3739 5775 liuent,

472 5780 670 5823 sensus
701 5769 751 5847 id
786 5775 1043 5847 postulat,
1078 5766 1322 5847 armis
1355 5766 1623 5847 interpres
1654 5776 1851 5847 vertit:
1895 5792 1911 5822 ι
1937 5772 2042 5838 Qui
2148 5766 2399 5847 imponit.
2437 5766 2566 5836 Vide
2613 5766 3054 5842 Origettianoruut
3099 5773 3199 5847 lib.
3250 5788 3322 5840 ιι,
3369 5783 3566 5847 quaest.
3621 5772 3679 5827 ll
3709 5766 3737 5845 ,ξ

474 5852 583 5898 non
615 5845 744 5892 sunt
766 5839 914 5915 digni
946 5842 1038 5897 tali
1073 5844 1261 5911 ordine
1288 5839 1642 5910 salvatorutn,
1675 5844 1767 5899 sed
1794 5859 1973 5919 ptena.
2010 5864 2028 5896 ι
2144 5860 2195 5898 ιι.
2227 5839 2322 5898 ⁷16.
2714 5839 2728 5842 ⁷
3196 5842 3199 5847 ’
3312 5839 3315 5840 ⁷
3387 5839 3403 5847 ⁷
3442 5844 3448 5850 ’

2156 5632 2357 5688 Ibidem
2402 5633 2489 5688 his
2526 5632 2706 5691 verbis
2738 5650 2749 5686 :
2783 5632 2891 5683 Καὶ
2935 5630 3027 5685 τοῦ
3060 5631 3571 5701 ἐγκαταλειφθῆναι,
3612 5630 3731 5702 ἢτοι
