4086 6438
359 454 382 511 1
394 451 495 508 53‘!

1317 446 1673 502 COMMENT.
1714 446 1778 501 IN
1818 446 2232 503 MATTHJZUM
2268 445 2507 502 TOMUS
2542 444 2658 500 XV.

3480 421 3615 504 1338

355 578 405 622 ot
431 567 646 636 ἔσχατοι
677 562 964 634 κληθέντες
990 563 1084 615 ἐπὶ
1110 560 1171 614 τὺ
1204 560 1363 632 ἔργον
1410 562 1661 632 λέγονται
1695 562 1845 632 παρὰ
1876 563 1937 615 τὺ

2042 563 2325 617 novissimi
2364 578 2471 616 tina
2506 563 2635 615 hora
2671 560 2941 624 fecerunt,
2974 560 3214 631 et’pares
3245 560 3407 619 trahis
3439 562 3620 620 fecisti

360 659 606 730 πρώτους
639 655 834 718 αὐτοὺς
860 652 1138 722 εἰληφέναι
1169 652 1261 705 τὸν
1314 653 1523 723 μισθόν.
1549 652 1670 723 Θεῷ
1694 652 1750 705 δὲ
1777 651 1935 716 εὐξά-

360 765 531 821 μενοι,
550 747 644 800 καὶ
665 744 1118 814 ἐπικαλεσάμενοι
1148 743 1210 797 τὸ
1234 744 1403 814 δνομα
1428 743 1524 797 τοῦ
1551 744 1756 814 Κυρίου
1780 743 1936 815 ἡμῶν

369 840 542 912 Ἰησοῦ
570 838 826 912 Χριστοῦ,
850 835 1142 906 ὲκθώμεθα
1182 837 1282 908 τὴν
1325 835 1660 908 παραϐολὴν,
1689 835 1785 888 καὶ
1816 833 1938 886 ἴδω-

357 949 456 1005 μεν
476 932 597 985 τίνα
625 932 756 1001 ἡμῖν
786 929 1039 996 ἐξετάσαι
1089 929 1185 981 καὶ
1238 931 1411 981 εἰπεῖν
1441 930 1522 991 είς
1553 927 1746 998 αὐτὴν,
1778 926 1813 996 ἢ
1839 923 1936 978 καὶ

353 1020 721 1093 ὐπαγορεῦσαι
743 1019 1046 1091 δοθήσεταιο
1079 1019 1192 1089 ἔχει
1212 1018 1270 1071 δὲ
1296 1018 1458 1073 οὕτω.

2039 652 2133 721 qui
2194 653 2531 721 portavimus
2564 654 2777 721 pondus
2803 652 2910 707 diei
2941 662 2995 707 et
3026 661 3218 708 aestum
3239 655 3304 708 ³⁸.
3356 674 3375 707 ι
3422 654 3486 711 Et
3522 657 3619 726 qui

2042 743 2300 812 postremi
2336 743 2555 812 quidem
2587 743 2653 797 ad
2679 758 2819 813 opus
2850 745 3008 800 acciti
3037 753 3196 812 sunt,
3240 747 3384 815 quod
3415 763 3622 803 merce-

2042 833 2164 886 dem
2216 836 2426 902 priores
2475 839 2812 902 receperint,
2840 837 3001 905 primi
3034 838 3310 893 dicuntur.
3355 837 3625 894 Precibus

2044 932 2223 978 autem
2256 925 2323 978 ad
2375 923 2542 979 Deum
2582 924 2720 980 fusis
2743 966 2759 991 ,
2794 938 2847 980 et
2881 926 3132 983 invocato
3185 930 3397 984 Domini
3446 932 3618 986 nostri

2043 1012 2174 1069 Jesu
2229 1013 2438 1071 Christi
2490 1017 2731 1092 nomine,
2764 1019 3080 1086 parabolam
3138 1022 3505 1091 explicemus,
3562 1030 3619 1077 et

353 1126 603 1181 quaenam
659 1110 819 1165 nobis
848 1110 1233 1181 pervestigare,
1267 1125 1333 1165 ac
1388 1125 1553 1181 super
1587 1109 1678 1164 illa
1734 1105 2003 1180 proferre,
2043 1120 2256 1160 necnon
2304 1114 2360 1161 et
2402 1098 2567 1177 quasi
2614 1109 3025 1167 adhortationes
3069 1127 3371 1182 preponcre
3425 1116 3616 1184 liccat,

354 1203 655 1259 videamus.
690 1200 781 1257 Sic
801 1210 982 1257 autem
1005 1203 1096 1257 illa
1124 1216 1185 1257 se
1217 1202 1401 1258 habet.

634 1296 776 1365 Περὶ
798 1295 918 1349 τῶν
929 1296 1349 1366 μισθουμένων
1368 1297 1653 1366 ἐργατῶν.

426 1408 446 1441 ι
498 1387 694 1460 Ὁμοία
726 1388 873 1441 ἐστὶν
899 1390 932 1460 ὴ
966 1388 1215 1459 βασιλεία
1246 1389 1355 1443 τῶν
1383 1388 1629 1461 οὐρανῶν
1660 1388 1934 1461 ἀνθρώπῳ

348 1478 724 1551 οἰκοδεσπότῃ,
758 1479 907 1541 ὅστις
953 1478 1177 1547 ἐξῆλθεν
1205 1479 1323 1551 ἅμα
1364 1479 1508 1552 πρωῒ
1559 1478 1936 1549 μισθώσασθαι

351 1571 644 1642 ἐργάταις»
681 1569 871 1623 καὶτὰ
905 1570 1032 1640 ἑξῆς
1079 1569 1185 1634 ἕως
1234 1570 1349 1623 τοῖν
1408 1588 1428 1620 ι
1458 1570 1649 1623 Πολλοὶ
1688 1570 1798 1643 γάρ
1828 1572 1936 1623 είσι

354 1658 556 1730 κλητοὶ,
583 1658 753 1727 ὀλίγοι
776 1658 832 1713 δὲ
861 1658 1127 1712 ἐκλεκτοί.
1160 1678 1179 1711 ι
1215 1659 1447 1713 Δύναται
1478 1659 1578 1729 μὲν
1598 1656 1692 1713 οὖν
1721 1662 1754 1730 ἡ
1785 1662 1934 1714 πᾶσα

349 1746 633 1819 παραϐολὴ
660 1748 749 1801 διὰ
774 1748 934 1801 τοῦτο
965 1747 1351 1818 παρειλῆφθαι,
1372 1750 1452 1811 εἰς
1481 1748 1543 1800 τὸ
1573 1749 1762 1819 μαθεῖν
1788 1751 1936 1821 ἡμᾶς

2361 1284 2440 1340 De
2468 1285 2702 1341 mercede
2727 1286 3000 1340 conductis
3025 1289 3302 1357 operariis.

2109 1379 2202 1434 28.
2247 1395 2268 1430 ι
2301 1376 2494 1432 Simile
2528 1386 2612 1431 est
2643 1392 2870 1447 regnum
2918 1380 3181 1434 caelorum
3216 1380 3423 1434 homini
3453 1382 3620 1451 patri-

2038 1469 2311 1532 familias,
2359 1467 2453 1537 qui
2489 1467 2619 1522 exiit
2666 1470 2844 1537 primo
2872 1485 3036 1525 mane
3078 1471 3389 1526 conducere
3425 1488 3620 1541 opera-

2038 1562 2148 1617 rios
2170 1603 2184 1628 ,
2218 1580 2237 1612 ι
2272 1570 2326 1615 et
2367 1572 2594 1627 caetera,
2631 1575 2805 1630 usque
2834 1563 2900 1615 ad
2942 1563 3033 1617 id:
3070 1581 3089 1613 ι
3123 1563 3272 1617 Multi
3316 1564 3462 1619 enim
3493 1575 3620 1619 sunt

2039 1654 2250 1718 vocati,
2290 1653 2447 1723 pauci
2482 1667 2612 1706 vero
2636 1652 2793 1706 electi
2817 1652 2884 1706 ⁸⁸⁵.
2919 1672 2938 1705 ι
2969 1655 3051 1708 Ad
3100 1655 3152 1709 id
3187 1654 3422 1711 fortasse
3456 1671 3619 1710 usur-

2042 1755 2165 1816 pata
2196 1755 2281 1801 est
2311 1753 2421 1800 tota
2458 1745 2573 1798 hmo
2607 1745 2895 1814 parabola,
2944 1753 3004 1799 ut
3046 1747 3325 1801 discamus
3356 1747 3621 1816 quemad-

352 1838 471 1902 πῶς
494 1840 545 1892 oi
577 1838 793 1909 ἔσχατοι
826 1838 1072 1901 ἐλθόντες
1098 1841 1178 1902 εἰς
1232 1839 1292 1892 τὸ
1331 1838 1511 1910 ἔργον,
1545 1840 1621 1903 ὡς
1649 1842 1698 1893 οἱ
1732 1841 1936 1912 πρῶτοι

2045 1838 2265 1891 modum
2302 1838 2395 1905 qui
2439 1836 2504 1890 ad
2536 1852 2674 1905 opus
2720 1834 3029 1890 faciendum
3078 1839 3338 1905 postremi
3369 1853 3618 1893 accesse-

350 1928 663 2000 κληθέντες,
693 1928 787 1982 τὸν
823 1928 1014 1999 μισθὸν
1053 1929 1245 1983 ἔλαϐον
1270 1932 1494 2003 πρῶτοι·
1531 1933 1626 1985 καὶ
1657 1932 1779 1985 τίνα
1811 1934 1936 2004 τρό-

348 2039 452 2074 πον
481 2023 529 2073 οί
567 2021 773 2092 πρῶτοι
800 2022 1090 2092 κληθέντες
1121 2026 1178 2076 ὲν
1212 2026 1415 2096 ἐσχάτῃ
1460 2023 1612 2096 χώρᾳ
1656 2025 1808 2095 παρὰ
1858 2025 1936 2096 τῷ

348 2112 706 2186 οἰκοδεσπότῃ
728 2112 1057 2183 ἐτάχθησαν,
1085 2115 1164 2167 διὸ
1195 2116 1289 2168 καὶ
1310 2116 1606 2169 τελευταῖοι
1627 2117 1719 2169 τὸν
1745 2117 1937 2188 μισθὸν

347 2201 706 2273 ἀπειλήφασι.
743 2205 862 2276 Χρὴ
912 2205 969 2257 δὲ
1018 2206 1236 2270 εἰδέναι,
1271 2208 1373 2271 ὅτι,
1421 2208 1497 2271 ὡς
1548 2209 1725 2279 Ἰησοῦ
1759 2225 1938 2277 παρα-

346 2292 500 2364 ϐολὴ,
540 2312 559 2344 ι
584 2296 642 2346 ὲν
668 2288 712 2361 ᾧ
741 2296 790 2346 ol
826 2294 1089 2366 θησαυροὶ
1134 2297 1235 2367 τῆς
1292 2297 1485 2366 σοφίας
1528 2299 1622 2351 καὶ
1678 2298 1937 2367 γνώσεώς

346 2387 488 2437 εἰσιν
527 2385 889 2457 ἀπόκρυφοι,ι
950 2385 1335 2458 ἐξεταζομένη,
1393 2388 1630 2443 τοσαῦτα
1691 2386 1936 2460 δόγματα

346 2479 447 2546 τῆς
499 2477 557 2529 ὲν
610 2477 892 2549 μυστηρίῳ
958 2478 1457 2552 ἀποκεκρυμμὲνης
1521 2482 1715 2551 σοφίας
1780 2483 1939 2554 εὐρε-

348 2568 577 2640 θήσεται
608 2572 721 2634 τοῖς
752 2571 821 2623 τὰ
849 2568 1075 2624 τοιαῦτα
1107 2572 1382 2643 εὑρίσκειν
1413 2573 1730 2643 δυναμένοις
1773 2576 1939 2627 αίνισ-

349 2660 576 2729 σομένη,
627 2658 767 2713 ὥστε
828 2661 1066 2729 εὐλόγως
1123 2660 1189 2714 ἂν
1235 2663 1327 2715 ἐπὶ
1375 2662 1548 2736 ταύτῃ
1601 2664 1835 2734 μάλιστα
1862 2668 1937 2718 εἰ·-

346 2750 471 2801 πεῖν
529 2751 594 2818 τῇ
628 2749 910 2821 παραϐολῇ
965 2750 1059 2803 τὸν
1121 2751 1350 2822 Σωτῆρα
1406 2751 1487 2804 τό·
1539 2773 1556 2803 ι
1602 2754 1822 2819 Ἀνοίξω
1877 2756 1937 2808 ἐν

347 2839 683 2910 παραϐολαῖς
743 2841 805 2894 τὸ
863 2842 1041 2911 στόμα
1106 2860 1240 2912 μου,
1305 2842 1612 2913 φθέγξομαι
1691 2845 1937 2915 προϐλή-

350 2947 498 3000 ματα
528 2932 621 2984 ἀπ’
649 2931 877 3004 ἀρχῆς,›
906 2933 1017 2985 καί⁸
1045 2952 1063 2984 ι
1101 2932 1421 3004 Ἐρεύξομαι
1446 2936 1802 3006 κεκρυμμένα
1827 2936 1936 2989 ἀπὸ

345 3020 672 3091 καταϐολῆς.
700 3041 718 3073 ι
755 3024 1073 3091 Ἀναγκαῖον
1100 3022 1209 3094 γὰρ
1237 3023 1364 3076 ἰδεῖν
1399 3023 1491 3075 τὸν
1526 3022 1785 3093 μέλλοντα
1812 3025 1935 3094 νοή-

345 3129 465 3168 υειν
490 3113 589 3184 τὴν
609 3114 948 3185 παραϐολὴν,
970 3115 1071 3187 τὴν
1099 3117 1156 3169 ὲν
1177 3115 1311 3185 αὐτῇ
1337 3115 1673 3186 δηλουμένην
1698 3116 1932 3188 ἡμέραν,

2039 1936 2188 1993 runt,
2223 1927 2525 1981 mercedem
2572 1929 2817 1980 eamdem
2872 1926 3032 1995 primi
3066 1927 3398 1995 receperint,
3427 1944 3490 1982 ac
3524 1931 3620 1998 qui

2037 2020 2249 2088 priores
2277 2016 2491 2071 fuerant
2529 2016 2721 2079 acciti,
2774 2032 2991 2085 quoque
3021 2017 3184 2071 modo
3215 2019 3308 2087 qui
3341 2019 3499 2088 primi
3529 2035 3621 2073 ac-

2038 2110 2220 2166 cersiti
2265 2117 2438 2171 sunt,
2486 2118 2761 2178 postremo
2809 2110 2930 2163 loco
2980 2109 3122 2179 apud
3169 2110 3619 2179 patremfamilias

2037 2202 2315 2258 constituti
2346 2202 2475 2266 sint,
2512 2203 2654 2256 unde
2676 2212 2729 2256 et
2757 2203 3061 2257 mercedem
3100 2204 3360 2272 postremi
3399 2221 3619 2275 recepe-

2039 2300 2185 2347 runt.
2221 2292 2516 2346 Sciendum
2545 2301 2630 2346 est
2657 2292 3189 2358 autem,discussam
3224 2293 3366 2349 bane
3390 2297 3622 2365 parabo-

2036 2384 2145 2436 lam
2173 2422 2188 2447 ,
2241 2390 2425 2450 utpote
2469 2396 2592 2450 quas
2631 2381 2702 2435 sit
2746 2378 2900 2446 Jesu,
2955 2399 2974 2433 ι
3022 2381 3076 2434 in
3105 2398 3216 2451 quo
3254 2392 3383 2437 sunt
3429 2396 3623 2440 omnes

2039 2469 2282 2523 thesauri
2332 2469 2613 2537 sapientia:
2659 2476 2712 2523 et
2758 2469 3007 2524 scientia:
3048 2471 3436 2539 absconiditi“,
3469 2492 3488 2523 ι
3545 2482 3623 2528 tot

2038 2559 2280 2614 involuta
2344 2560 2810 2629 comprehendere
2869 2561 3129 2631 mysteria
3203 2564 3488 2632 sapientiae
3565 2565 3620 2618 in

2039 2655 2300 2721 mysterio
2361 2651 2688 2717 reconditae,
2747 2652 2817 2706 ah
2873 2651 2942 2707 iis
3000 2654 3205 2723 quibus
3277 2655 3396 2709 haec
3441 2657 3614 2710 extri-

2036 2741 2197 2795 candi
2239 2739 2473 2795 facultas
2523 2751 2627 2808 est,
2686 2740 3033 2811 reperienda,
3078 2754 3137 2797 ut
3184 2758 3350 2813 super
3393 2745 3496 2799 hac
3528 2761 3624 2815 po.

2039 2835 2136 2889 tiss
2165 2848 2313 2887 mum
2391 2834 2653 2903 parabola
2721 2850 2790 2890 ex
2868 2850 3029 2904 aequo
3108 2834 3373 2891 Servator
3442 2838 3623 2893 dicere

2036 2924 2257 2995 queat“
2286 2940 2301 2976 :
2341 2944 2361 2977 ι
2389 2924 2644 2995 Aperiam
2679 2926 2733 2981 in
2767 2927 3046 2996 parabolis
3068 2943 3133 2983 os
3166 2942 3349 2982 meum
3375 2970 3391 2994 ,
3430 2929 3625 2998 loquar

2036 3016 2439 3087 propositiones
2478 3017 2549 3071 ab
2596 3018 2787 3085 initio;
2822 3037 2839 3070 ι
2898 3027 2953 3074 et
2976 3020 3067 3074 δί
3105 3037 3124 3071 ι
3168 3018 3446 3076 Eructabo
3491 3022 3622 3076 abs-

2037 3109 2257 3165 condita
2309 3107 2477 3179 695
2521 3124 2551 3163 a
2620 3110 3035 3167 constitutione.
3097 3131 3119 3166 ι
3168 3113 3434 3184 Quisquis
3475 3115 3622 3169 enim

348 3206 445 3259 καὶ
475 3206 576 3267 τὰς
596 3205 656 3258 ὲν
683 3206 820 3277 αὐτῇ
846 3205 1013 3276 ὥρας,
1049 3205 1144 3259 καὶ
1175 3206 1256 3258 ὅτι
1288 3206 1349 3258 οὐ
1383 3207 1523 3259 κατὰ
1550 3206 1935 3279 ἀποκλήρωσιν

2040 3201 2354 3271 parabolam
2399 3201 2774 3257 intellecturus
2799 3211 2906 3267 est,
2951 3218 3078 3258 eum
3113 3204 3257 3259 seire
3295 3219 3517 3260 necesse
3540 3215 3626 3261 est

346 3296 376 3347 ὁ
403 3295 792 3368 οἷκοδεσπότης
826 3296 943 3368 (Η)
972 3297 1132 3350 πέντε
1162 3299 1437 3368 τάγμασιν
1476 3298 1727 3371 ἐργατῶν
1751 3316 1936 3371 παραη

345 3386 533 3440 δίδωσι
566 3387 636 3441 τὰ
659 3387 796 3460 ἔργα
831 3389 926 3443 τοῦ
960 3389 1301 3461 ἀμπελῶνος.
1339 3391 1615 3455 Ἐξετάσει
1636 3393 1693 3445 δὲ
1714 3395 1743 3446 ὁ
1779 3393 1938 3447 δυνά-

351 3493 512 3546 μενος
540 3477 639 3546 τὴν
668 3478 846 3533 αἰτίαν
879 3478 970 3531 τοῦ
996 3479 1145 3552 πρωῒ
1175 3480 1553 3550 μισθώσασθαί
1585 3498 1738 3545 τινας
1769 3482 1936 3553 ἐργά-

344 3584 446 3631 τας
482 3568 566 3631 είς
591 3568 683 3623 τὸν
701 3569 997 3640 ἀμπελῶνα
1017 3611 1031 3633 ,
1074 3571 1168 3633 καὶ
1209 3570 1346 3649 μετὰ
1373 3571 1531 3625 τοῦτο
1562 3572 1621 3624 οὗ
1658 3572 1785 3644 περὶ
1819 3572 1940 3625 δευ-

348 3659 512 3731 τέραν
557 3660 679 3730 μὲν,
726 3662 855 3747 περὶ
905 3663 1094 3732 τρίτην
1129 3663 1187 3715 δὲ
1231 3662 1380 3729 ὥραν
1416 3661 1644 3728 ἄλλους,
1685 3662 1780 3719 καὶ
1812 3662 1937 3733 ἑξῆς

349 3750 523 3825 ταύτῃ
563 3752 625 3803 οὐ
664 3753 1158 3823 περιτετάρτηνῆ
1196 3754 1472 3823 πέμπτην,
1511 3753 1647 3806 ἀλλὰ
1674 3755 1804 3825 περὶ
1844 3753 1939 3806 ’ἐκ-

348 3857 483 3912 την
521 3836 639 3894 εἶτα
685 3841 823 3911 μετὰ
850 3841 1010 3894 τοῦτο
1050 3842 1178 3912 περὶ
1221 3842 1319 3913 τὴν
1366 3843 1692 3914 ἐνδεκὰτηνη
1732 3844 1938 3913 ὀφείλει

349 3932 462 4004 γάρ
511 3948 596 3995 τις
634 3931 792 4001 λόγος
835 3928 972 3998 εἶναι
1008 3930 1158 3997 ἄξιος
1203 3932 1375 4004 Ἰησοῦ
1418 3934 1498 3997 είς
1542 3934 1633 3986 τὸν
1680 3933 1819 4009 μετὰ
1846 3936 1939 3988 τὸν

352 4024 575 4079 ἑωθινὸν
602 4025 792 4096 καιρὸν
810 4025 938 4096 τρία
963 4025 1051 4078 ἴσα
1075 4025 1419 4095 διαστήματα
1442 4026 1633 4097 τρίτης
1658 4027 1753 4084 καὶ
1775 4026 1940 4097 ἕκτης

352 4117 447 4169 καὶ
477 4116 705 4188 ἑννάτης
736 4117 914 4189 ὥρας,
949 4118 1042 4171 καὶ
1072 4118 1190 4189 μετ’
1223 4116 1386 4170 αὑτὸν
1418 4116 1635 4170 ἔλαττον
1664 4116 1937 4188 διάστημα

2037 3308 2289 3364 quaenam
2315 3293 2388 3349 sit
2419 3293 2474 3347 in
2511 3308 2576 3348 ea
2610 3304 3041 3350 commemorata
3072 3295 3213 3362 dies,
3246 3312 3499 3366 quamam
3522 3297 3623 3352 ho—

2038 3402 2134 3454 ras,
2184 3396 2349 3457 atque
2386 3386 2518 3442 illud
2559 3387 2724 3441 etiam
2759 3402 2943 3454 nosse,
2973 3389 3219 3458 quinque
3246 3390 3622 3458 operariorum

2037 3479 2274 3535 catervis
2298 3480 2539 3535 colendae
2561 3481 2731 3535 vinea:
2756 3480 2902 3535 vices
2929 3480 3378 3551 patremfamilias
3399 3481 3625 3536 fortuito

2040 3586 2152 3625 non
2198 3571 2461 3626 tribuere.
2497 3568 2808 3636 Quinetiam
2859 3585 3084 3625 causam
3138 3570 3483 3640 investigahit
3525 3572 3621 3641 qui

2040 3662 2185 3731 potis
2217 3662 2341 3726 erit,
2380 3676 2480 3717 cur
2514 3670 2695 3716 certos
2733 3662 2999 3730 quosdam
3031 3662 3311 3731 operarios
3342 3663 3409 3716 ad
3438 3663 3622 3717 colen—

2039 3754 2166 3807 dam
2202 3753 2412 3806 vineam
2440 3768 2601 3807 mane
2627 3752 2981 3818 conduxerit;
3021 3753 3158 3808 alios
3190 3767 3317 3808 vero
3348 3767 3458 3807 non
3487 3753 3620 3806 hora

2043 3846 2263 3914 quidem
2296 3837 2580 3912 secunda,
2611 3845 2704 3900 sed
2734 3845 2923 3908 tertia;
2962 3853 3017 3898 et
3046 3851 3446 3913 consequenter
3472 3843 3619 3910 huic,

2042 3951 2149 3991 non
2179 3945 2394 4006 quarta,
2426 3936 2507 3991 vel
2543 3934 2756 4006 quinta,
2794 3935 2888 3989 sed
2935 3942 3125 4000 sexta;
3164 3942 3278 3988 tum
3308 3948 3438 3987 vero
3470 3932 3620 3987 dein-

2042 4026 2132 4091 de,
2158 4026 2465 4080 undecima.
2494 4025 2692 4095 Aliqua
2715 4024 2860 4079 enim
2886 4024 3115 4079 subesse
3140 4024 3301 4079 debet
3323 4024 3465 4078 ratio
3492 4021 3621 4077 Jesu

2041 4119 2202 4189 digna
2226 4129 2448 4188 propter
2485 4133 2649 4188 quam
2672 4127 2888 4187 tempus
2915 4117 3048 4171 illud
3077 4115 3223 4185 quod
3251 4124 3373 4186 post
3401 4116 3596 4171 matuti
3614 4142 3627 4152 -

2041 4225 2172 4264 num
2202 4208 2425 4275 ellluxit,
2459 4209 2634 4264 tribus
2655 4207 2956 4277 aequalibus
2984 4206 3282 4261 intervallis
3306 4205 3621 4261 distinctum

2043 4300 2133 4365 sit,
2170 4301 2344 4356 tertia:
2384 4314 2601 4369 nempe,
2643 4309 2829 4360 sextae,
2860 4308 2915 4352 ct
2938 4314 3095 4353 nonae
3128 4298 3310 4364 horae;
3347 4307 3461 4353 tum
3492 4313 3623 4351 vero

2043 4392 2239 4447 deinde
2266 4393 2449 4448 minus
2494 4393 2567 4448 sit
2610 4390 2955 4445 intervallum
2985 4404 3178 4450 eorum
3223 4390 3319 4460 qui
3350 4394 3497 4445 circa
3525 4391 3626 4445 ho-

1564 4487 1794 4544 VETUS
1832 4486 2419 4548 INTERPRETATIO.

351 4578 607 4648 pleantur
636 4595 758 4649 quae
786 4581 1028 4649 peccatis
1063 4581 1300 4649 propriis
1355 4589 1696 4635 meruerunt.
1733 4579 2001 4634 Parabola
2036 4589 2217 4634 autem
2247 4596 2368 4650 quae
2397 4579 2753 4649 subsequitur
2786 4578 2922 4635 istos
2968 4594 3253 4634 sermones
3277 4619 3293 4642 ,
3352 4578 3627 4650 signiﬁcat

350 4662 474 4720 esse
507 4648 803 4706 salva’ndos
827 4651 990 4720 etiam
1024 4648 1376 4713 noviSsimos,
1418 4651 1511 4720 qui
1541 4651 1701 4719 primi
1731 4652 1952 4719 quidem
1980 4660 2109 4705 sunt
2139 4648 2369 4720 operati,
2403 4648 2687 4706 novissimi
2722 4657 2903 4720 autem
2937 4648 3625 4720 acceperuntmercedem,

350 4728 406 4773 et
430 4718 556 4777 ideo
583 4736 708 4774 cum
742 4720 902 4789 primi
935 4719 1188 4784 fuissent,
1223 4718 1509 4775 novissimi
1543 4718 1687 4774 sunt
1717 4718 2013 4777 esistintati
2054 4739 2067 4777 :
2104 4718 2358 4777 meliores
2406 4734 2587 4777 autem
2618 4720 2700 4775 eis
2745 4719 2899 4784 dicit,
2934 4718 3028 4789 qui
3087 4718 3373 4789 novissimi
3402 4719 3622 4789 quidem

352 4790 420 4847 ad
450 4806 624 4867 opera
654 4785 784 4867 sunt
808 4791 1008 4853 vocati,
1045 4798 1372 4859 receperunt
1418 4799 1601 4867 autem
1627 4792 1943 4867 mercedem
1961 4806 2067 4845 non
2095 4792 2487 4867 sulpur-primi,
2520 4791 2615 4867 sed
2643 4790 2808 4867 etiam
2835 4785 3098 4859 aequalem
3134 4790 3215 4843 eis
3235 4785 3627 4867 quiadversus

353 4855 811 4925 patremfamilias
845 4855 1349 4926 murmuraverunt,
1382 4861 1756 4919 etdixerunt:
1796 4878 1814 4910 ι
1854 4861 1946 4914 Isti
2000 4861 2282 4915 novissimi
2306 4855 2481 4918 'unam
2524 4862 2712 4914 horam
2744 4855 3027 4924 fecerunt,
3075 4869 3129 4913 et
3172 4855 3411 4926 aequales
3446 4855 3623 4911 fecisti

351 4942 447 4987 eos
474 4930 801 5001 nobis,_qui
828 4931 1163 4999 portavimus
1197 4932 1409 4999 pondus
1434 4930 1540 5001 diei
1569 4938 1624 4985 et
1651 4940 1871 4987 azstutu.
1911 4950 1931 4982 ι
1960 4930 2028 4986 Et
2055 4931 2219 5001 primi
2255 4942 2522 4989 vocantur
2541 4931 2633 5000 qui
2656 4929 2727 4985 ad
2751 4944 2915 5000 Opera
2943 4928 3228 4984 novissimi
3259 4936 3390 4982 sunt
3421 4926 3625 4993 vocati,

349 5012 521 5078 exeo
548 4999 886 5078 quodiprimi
917 5011 1245 5078 acceperunt
1273 5000 1604 5078 mercedum
1654 5012 1663 5037 ί
1764 5068 1799 5078 __
1871 5071 1882 5078 _
1968 5070 2000 5078 η
2058 4999 2073 5001 ἢ
2131 5072 2142 5078 _
2272 5073 2324 5078 __
2392 5073 2424 5078 __
2560 4999 2574 5000 ί
2791 4999 2801 5000 “
2986 5068 3000 5078 _
3211 5067 3224 5078 _
3342 5064 3355 5078 .
3403 5065 3415 5078 _
3522 5064 3585 5078 __

423 5070 523 5144 ἓξ,
555 5065 581 5122 ι’
602 5070 661 5124 In
693 5065 787 5144 illo
814 5065 1077 5144 tempore.
1112 5069 1249 5124 dixit
1273 5068 1540 5124 Dominus
1560 5067 1721 5125 Iesus
1748 5068 2033 5144 discipulis
2060 5072 2177 5144 suis
2207 5090 2221 5127 :
2269 5073 2461 5128 Simile
2500 5083 2584 5132 est
2624 5089 2854 5144 regnum
2899 5068 3166 5144 coglorum
3211 5065 3417 5144 homini
3448 5065 3623 5144 patri-

357 5135 619 5217 familias,
646 5140 743 5210 qui
765 5140 903 5217 exiit
928 5135 1108 5211 primo
1133 5156 1293 5194 tuane
1321 5144 1628 5217 conducere
1659 5135 1940 5209 Operatios
1979 5141 2044 5217 _in
2099 5143 2311 5217 vineam
2334 5160 2530 5217 suam.
2576 5165 2596 5198 ι
2629 5135 2857 5217 Videtur
2890 5139 3108 5210 quidem
3151 5138 3332 5217 omnis
3358 5136 3624 5217 parabole

364 5207 478 5283 haec
510 5207 737 5283 propter
765 5210 871 5267 hoc
893 5207 1016 5266 esse
1045 5222 1323 5283 suscepta,
1356 5219 1414 5265 ut
1446 5207 2030 5283 discamusquomotlo
2061 5213 2347 5283 novissimi
2383 5215 2662 5269 venientes
2688 5214 2756 5268 ad
2784 5207 2971 5283 opera,
3011 5208 3169 5283 quasi
3204 5207 3374 5283 primi
3418 5207 3622 5268 vocali.

361 5276 533 5354 primi
579 5276 911 5349 acceperunt
962 5276 1267 5354 mercedem
1335 5297 1349 5334 :
1404 5291 1459 5334 et
1504 5276 1782 5354 quomodo
1821 5281 1938 5354 qui
1979 5284 2166 5354 vocati
2230 5282 2449 5338 fuerant
2507 5285 2691 5354 primi,
2743 5276 3147 5354 injinvissimo
3204 5280 3321 5354 loco
3377 5292 3409 5330 a
3444 5286 3628 5345 patre-

359 5342 599 5425 fastidias
627 5342 755 5406 sunt
791 5351 1005 5425 statuti,
1065 5360 1350 5425 propterea
1406 5342 1553 5425 quod
1605 5359 1667 5425 et.
1708 5342 1993 5425 novissimi
2046 5363 2376 5425 acceperunt
2429 5342 2754 5425 mercedem.
2793 5351 2945 5407 Scire
2976 5356 3158 5425 autem
3202 5342 3623 5425 debentneque-

363 5419 507 5471 uiam
557 5419 601 5474 si
656 5421 915 5489 pataltola
959 5416 1090 5475 Jesu
1129 5416 1236 5474 (in
1263 5436 1373 5490 quo
1422 5416 1671 5473 thesauri
1708 5421 1986 5490 sapientiae
2014 5433 2068 5477 et
2117 5416 2362 5478 scientiae
2401 5423 2704 5479 absconditi
2741 5432 2892 5489 sunt,
2919 5440 2938 5472 ι
2978 5420 3227 5472 discussa
3258 5416 3442 5481 fuerit,
3469 5424 3624 5469 tanta

431 5511 476 5542 ’°
515 5510 706 5564 Matth.
741 5527 833 5578 xx,
860 5512 949 5568 12.
1025 5512 1071 5543 ⁸⁸
1110 5511 1244 5566 ibid.
1280 5512 1333 5578 Ι,
1366 5512 1450 5567 l6.
1526 5514 1570 5543 "
1594 5511 1712 5569 Col.
1748 5529 1810 5578 ιι,
1841 5514 1895 5568 5.

433 5602 544 5673 (Η)
584 5601 694 5656 Καὶ
732 5602 823 5656 ὅτι
869 5605 943 5673 οὐ
989 5603 1139 5658 κατὰ
1165 5605 1593 5673 ἀποκνίήρωσιν
1640 5608 1674 5658 ὀ
1712 5607 1940 5660 οἰκοδε-

362 5672 613 5741 σπότης.
657 5672 818 5735 infra,
855 5672 970 5737 πῶς
1002 5675 1062 5727 οὐ
1098 5675 1240 5729 κατὰ
1270 5672 1655 5746 ἀποκλήρωσιν
1679 5677 1709 5729 ὁ
1739 5676 1941 5729 οἰκοδε-

365 5742 568 5799 σπότης
591 5744 751 5797 πέντε
770 5743 1044 5799 τάγμασιν
1074 5744 1321 5799 ἐργατῶν
1348 5745 1680 5799 παραδίδωσι
1710 5744 1778 5797 τὰ
1803 5746 1940 5799 ἔργα

365 5757 568 5814 σποτης
591 5757 751 5797 πέντε
770 5760 1044 5812 ταγμασιν
1074 5757 1321 5817 εργατων
1348 5763 1424 5798 πα
1464 5757 1680 5799 αοιοωσι
1710 5757 1778 5797 τα
1803 5757 1939 5817 εργα

364 5810 455 5886 «οὗ
481 5813 839 5886 ,ἀμπελῶνοςς
866 5823 919 5868 et
1074 5831 1104 5867 v
1130 5826 1323 5886 contra
1349 5763 1587 5886 ρι’ῗςιιηι,
1616 5816 1710 5869 καὶ
1734 5815 1808 5886 μὴ
1842 5833 1939 5868 κα·-

364 5880 435 5949 ἳὰ
476 5880 858 5961 αποκλήρωσιν
910 5882 1086 5939 σέϐειν
1115 5884 1215 5951 ὄϊς,
1246 5885 1279 5959 ἢ
1313 5883 1492 5958 αἶγας,
1530 5885 1562 5956 ἣ
1592 5886 1688 5951 τὰς
1721 5880 1939 5959 θηλείας

347 4206 460 4267 τῶν
484 4209 614 4280 περὶ
629 4209 728 4280 τὴν
744 4210 1030 4280 ὲνδεκᾴτην
1049 4207 1319 4274 ἑστώτων,
1355 4209 1550 4262 ὁπόσον
1573 4204 1640 4279 ἦν
1663 4208 1934 4280 διάστημα

350 4297 461 4351 ἀπὸ
492 4298 587 4351 τοῦ
618 4298 734 4369 ἅμα
773 4300 918 4372 πρωῒ
951 4300 1043 4352 ἐπὶ
1074 4300 1173 4372 τὴν
1206 4299 1418 4372 τρίτην.
1457 4300 1530 4353 Οὐ
1558 4299 1852 4373 παρέργως
1878 4301 1936 4354 δὲ

354 4346 457 4351 ’⁷⁷⁷⁷
505 4346 582 4351 ⁷⁷⁷
621 4346 733 4369 ”Γ”’
780 4346 917 4372 ’⁷Γ“”’
952 4346 1042 4352 ”’”
1085 4346 1167 4372 "l'
1218 4346 1418 4372 'l'"'|"
1462 4346 1526 4353 "
1565 4346 1849 4373 ""r't't"'
1881 4346 1936 4354 "

352 4390 687 4462 προσεκτέον
717 4393 811 4446 καὶ
838 4391 916 4464 τῷ
947 4410 1011 4445 συ
1019 4392 1442 4463 μπεφωνηκέναι
1479 4392 1577 4463 μὲν
1607 4391 1699 4444 τὸν
1736 4391 1939 4445 οἰκοδε-
1970 4346 2013 4398 D

1974 5515 2020 5547 "
2053 5515 2200 5571 Psal.
2229 5533 2436 5582 Lxxvn,
2458 5519 2514 5572 2.
2593 5517 2639 5548 “
2654 5515 2845 5570 Matth.
2872 5529 2993 5581 xm,
3017 5514 3105 5567 '55.

2053 5610 2181 5682 βοῦς
2202 5629 2215 5642 ·
2243 5611 2385 5665 κατὰ
2412 5610 2817 5682 ἀποκλήρωσιν,
2844 5609 2928 5682 his
2958 5607 3091 5662 locis
3126 5606 3375 5682 idemnest
3400 5618 3465 5658 ac
3490 5603 3626 5682 ἀπο-

2051 5674 2427 5755 κληρωτικῶς,
2466 5682 2568 5736 hoc
2755 5678 2981 5755 fortuito
3001 5692 3181 5755 casu.
3218 5694 3235 5725 ι
3265 5674 3543 5755 Caeterum
3557 5675 3628 5731 de

2048 5745 2447 5875 aigiiiticatione
2481 5753 2627 5808 vocis
2656 5752 2819 5817 illius,
2853 5746 3259 5821 ἀποκλήρωσις,
3291 5745 3413 5801 vide
3459 5745 3624 5804 infra.

2099 5838 2313 5878 uenus.
