4086 6442
429 430 574 491 {339
1896 423 2030 482 οιιιι

2128 422 2227 482 .‘t'lS
3578 420 3719 478 15ἆο

439 564 558 604 rem
577 546 922 602 undecimam
947 545 1184 611 stabant,
1199 559 1366 615 quam
1396 543 1543 613 quod
1570 558 1849 599 summum
1872 558 2030 598 mane

2138 543 2343 613 σπότην
2375 542 2489 606 τοῖς
2519 539 2637 610 ἅμα
2667 541 2738 612 τῇ
2768 539 2845 611 ἕῳ
2883 537 3286 611 παραληφθεῖσι
3320 537 3382 590 τὸ
3407 536 3511 590 ἀνὰ
3547 537 3711 608 δηνά-

442 640 585 698 inter
606 647 662 694 et
699 640 887 693 horam
912 638 1127 693 tertiam
1164 635 1491 691 intercessit.
1536 633 1680 701 Quin
1710 646 1766 690 et
1807 634 2030 705 perfun-

2137 650 2249 704 ριον
2268 673 2284 697 ,
2317 630 2411 695 οὒς
2444 629 2764 684 ἀπέστειλεν
2798 631 2878 693 εἰς
2909 628 3000 682 τὸν
3031 627 3330 698 ἀμπελῶνα
3368 625 3533 680 αὑτοῦ
3552 645 3564 657 ·
3598 630 3716 693 τοῖς

439 732 616 786 cterie
653 730 718 785 ad
769 729 900 784 illud
938 728 1329 784 advertendum
1367 742 1476 779 non
1509 736 1614 792 est,
1656 737 1876 797 pactum
1908 742 2030 782 esse

2131 724 2189 778 δὲ
2221 723 2353 795 περὶ
2379 723 2480 795 τὴν
2518 722 2711 791 τρίτην
2745 721 3017 792 κληθεῖσιν
3040 721 3100 773 οὺ
3132 720 3476 791 τεταγμένως
3498 719 3590 773 τὸν
3619 739 3713 791 μι-

440 816 896 886 patremfamilias
937 832 1062 872 cum
1105 815 1373 886 operariis
1404 816 1770 871 dilucescente
1792 817 2029 887 primum

2133 814 2258 868 σθδν
2310 813 2677 883 ὠνομακέναι,
2718 810 2854 866 ἀλλά
2885 812 2945 865 τό
2969 828 2982 842 ·
3024 830 3042 862 ι
3080 812 3145 863 Ὅ
3180 805 3305 883 ἀνῇ
3341 809 3451 880 (12)
3483 809 3714 872 δίκαιον.

434 909 531 961 .die
556 909 873 977 assumptis,
897 924 1041 978 quos
1070 908 1125 962 in
1151 909 1367 963 vineam
1397 924 1554 965 suam
1580 909 1747 972 misit,
1775 923 1886 963 uno
1918 909 2033 963 sin-

443 998 666 1068 gulatim
696 998 954 1063 denario;
986 1016 1112 1055 cum
1146 1001 1213 1055 iis
1246 1010 1428 1054 autem
1456 1000 1551 1070 qui
1585 1000 1719 1055 hora
1744 1000 1900 1053 tertia
1933 1014 2031 1054 ac‘

442 1088 537 1142 citi
583 1098 713 1144 sunt
764 1101 971 1145 certam
1018 1092 1325 1147 mercedem
1358 1103 1576 1161 pactum
1618 1107 1727 1147 non
1757 1106 1900 1155 esse.
1932 1091 2027 1145 sed

443 1178 573 1232 illud
604 1179 651 1211 “
686 1200 700 1235 :
739 1199 756 1232 ι
792 1181 950 1247 Quod
982 1183 1195 1251 justum
1227 1182 1411 1246 fuerit,
1442 1183 1581 1237 dabo
1602 1182 1795 1246 vobis;
1839 1202 1857 1234 ι
1902 1197 2027 1235 cum

442 1268 725 1324 accersitis
751 1270 878 1324 item
904 1271 1048 1326 circa
1078 1281 1287 1326 sextam
1322 1280 1374 1326 et
1396 1286 1594 1326 nonam
1622 1271 1811 1325 horam
1842 1272 2025 1326 itidem

442 1353 622 1421 egisse
650 1356 951 1411 notandum
979 1366 1083 1421 est,
1120 1374 1330 1413 necnon
1358 1368 1411 1413 et
1448 1359 1516 1414 iis
1545 1359 1637 1429 qui
1668 1360 2024 1414 circalmram

444 1447 794 1502 undecimam
852 1450 1259 1505 excusationem
1311 1452 1574 1506 dederant
1628 1465 1729 1506 cur
1779 1461 1893 1507 toto
1939 1453 2028 1509 die

443 1538 608 1593 otiosi
634 1541 935 1608 stetissent,
959 1542 1166 1596 dixisse
1193 1542 1239 1574 “
1262 1561 1273 1595 :
1300 1561 1318 1592 ι
1353 1544 1430 1597 Ite
1454 1552 1506 1597 et
1531 1558 1627 1598 vos
1653 1544 1708 1599 in
1741 1543 1973 1609 vineam;
2001 1558 2022 1596 ι

447 1638 562 1684 tum
595 1640 797 1687 etcum
828 1642 982 1688 extra
1013 1634 1227 1688 vineam
1262 1642 1427 1699 esset,
1465 1634 1701 1690 inventis
1736 1635 1807 1690 ibi
1832 1650 2028 1705 opera-

444 1722 564 1786 riis,
594 1723 802 1791 priores
833 1725 1050 1793 quidem
1085 1725 1139 1779 in
1182 1725 1401 1780 vineam
1433 1727 1671 1792 misisse,
1702 1728 2026 1797 posteriori-

444 1815 548 1870 bus
580 1827 759 1871 autem
785 1816 988 1872 dixisse
1016 1834 1031 1870 :
1070 1836 1090 1868 ι
1122 1819 1200 1873 Ite
1226 1827 1280 1872 et
1312 1833 1410 1874 vos
1444 1820 1497 1873 in
1533 1820 1783 1887 vineam;
1816 1839 1835 1873 ι
1870 1820 2027 1876 simi-

445 1906 568 1960 liter
597 1922 745 1972 vero,
774 1909 964 1962 eadem
1004 1910 1168 1963 verba
1199 1908 1267 1965 iis
1293 1908 1500 1966 dixisse
1537 1914 1631 1981 qui
1674 1912 1819 1965 circa
1852 1913 2027 1966 unde-
2056 1884 2099 1938 Β

442 1995 644 2050 cimam
677 1999 856 2052 vocati
891 2007 1018 2054 sunt
1051 2016 1065 2053 :
1102 2016 1121 2050 ι
1157 2000 1230 2055 Ite
1249 2008 1302 2053 ct
1330 2015 1429 2055 vos
1471 2000 1524 2053 in
1560 2000 1797 2055 vineam.
1833 2022 1852 2053 ι
1893 2000 2024 2057 Per-

443 2099 723 2143 scrutetur
751 2090 879 2144 item
913 2090 1009 2159 qui
1037 2092 1256 2160 poterit,
1286 2092 1563 2161 quodnam
1590 2092 1723 2147 illud
1749 2092 1926 2148 forum
1953 2094 2026 2149 sit

445 2180 498 2234 in
546 2197 657 2250 quo
684 2183 887 2238 alteros
911 2183 1088 2237 otiose
1127 2192 1335 2260 stantes
1378 2184 1587 2239 invenit
1622 2199 1879 2253 egressus
1924 2201 2023 2254 pa-

443 2270 799 2337 terfamilias;
824 2273 1047 2340 quinam
1072 2273 1235 2328 etiam
1265 2274 1410 2328 circa
1436 2273 1780 2328 undecimam
1829 2278 2021 2330 horam

443 2371 651 2418 stantes
705 2365 900 2433 reperti
954 2366 1086 2429 sint,
1142 2365 1340 2435 quibus
1390 2365 1469 2418 ait
1516 2364 2022 2434 paterfamilias":

446 2471 468 2505 ι
525 2453 664 2520 Quid
702 2456 791 2511 hic
840 2457 998 2512 statis
1039 2464 1150 2512 tota
1193 2455 1282 2512 die
1322 2446 1520 2511 otiosi?
1580 2475 1609 2508 ι
1665 2456 1809 2512 haud
1855 2454 2024 2527 696

444 2560 604 2601 secus
625 2549 1100 2619 pervestigandum
1129 2557 1231 2604 est.
1262 2548 1343 2603 Ad
1373 2564 1563 2604 eorum
1586 2549 1753 2605 etiam
1784 2549 1877 2619 qui
1902 2558 2021 2604 telo

440 2639 526 2694 die
560 2641 722 2697 otiosi
761 2649 1030 2698 steterunt
1069 2641 1481 2698 excusationem
1529 2641 1730 2712 aliquis
1758 2641 2019 2707 attendat,

439 2730 646 2801 quique
670 2746 766 2802 per
795 2740 970 2788 totum
1012 2734 1153 2789 diem
1189 2733 1369 2789 standi
1398 2732 1630 2787 tolerato
1666 2734 1851 2789 labore
1888 2748 2025 2788 con-

440 2823 667 2879 fidenter
697 2824 956 2880 dixerunt
983 2840 1041 2880 se
1071 2835 1292 2896 paratos
1318 2814 1543 2896 quidem
1567 2824 1634 2878 ad
1661 2825 2020 2895 operandam,

2130 905 2287 959 δώσω
2318 906 2447 975 ὑμῖν
2470 921 2484 935 ο
2525 923 2544 956 ι
2590 902 2918 975 προσεκτέον
2953 902 3029 966 δὲ,
3071 902 3157 956 ὅτι
3194 899 3454 963 ὡσαύτως
3486 899 3714 972 ἐποίησε

2130 999 2241 1061 τοῖς
2280 997 2410 1068 περὶ
2459 996 2561 1067 τὴν
2602 997 2770 1066 ἑκτην
2815 995 2963 1067 ῶραν
3014 1006 3108 1047 και
3155 993 3382 1062 ὲννάτην
3428 992 3709 1063 κληθεῐσι·

2130 1089 2225 1143 καὶ
2254 1089 2335 1142 ὃτι
2367 1091 2479 1153 τοῖς
2516 1089 2645 1159 περὶ
2668 1089 2767 1159 τὴν
2798 1087 3091 1157 ἑνδεκάτην
3117 1082 3271 1139 εἶπεν
3294 1084 3717 1156 ἀπολογησαμέ-

2130 1196 2242 1243 νοις
2283 1179 2412 1251 περὶ
2451 1179 2551 1250 τῆς
2586 1179 2654 1231 δι’
2686 1178 2815 1249 ὅλης
2851 1178 3067 1250 ἡμέρας
3098 1175 3297 1248 ἀργίας
3330 1176 3425 1229 τόο
3467 1195 3486 1227 ι
3540 1175 3717 1230 ’Υπά-

2128 1285 2256 1337 γςτε
2289 1269 2384 1322 καὶ
2417 1269 2576 1338 ὑμεῖς
2615 1269 2697 1332 εἰς
2740 1267 2830 1320 τὸν
2877 1266 3175 1338 ἀμπελῶνα
3201 1283 3216 1297 ο
3263 1284 3283 1318 ι
3326 1265 3463 1319 ἀλλὰ
3510 1266 3605 1319 καὶ
3636 1266 3716 1331 t'og

2129 1363 2235 1429 ἔξω
2264 1362 2361 1416 τοῦ
2395 1361 2717 1432 ἀμπελῶνος
2754 1361 3045 1431 γενόμενος
3067 1398 3082 1423 ,
3115 1358 3212 1412 καὶ
3244 1355 3421 1430 εὑρὼν
3450 1358 3568 1411 ἐκεῖ
3585 1359 3716 1421 τοὺς

2130 1457 2389 1529 ἐργάτας,
2438 1456 2566 1518 τοὺς
2602 1455 2701 1525 μὲν
2733 1451 2982 1526 πρώτους
3012 1450 3330 1505 ἀποστέλλει
3361 1452 3442 1513 εἰς
3476 1445 3567 1501 τὸν
3599 1450 3713 1520 ἀμ-

2129 1549 2365 1613 πελῶνα,
2398 1549 2511 1611 τοῖς
2554 1547 2612 1600 δὲ
2653 1545 2925 1615 δευτέροις
2970 1542 3170 1615 φησιν·
3225 1560 3244 1593 ι
3304 1541 3575 1609 Ὑπάγετε
3617 1540 3718 1594 καὶ⁵

2130 1642 2289 1711 ὑμεῖς
2338 1641 2420 1703 εἰς
2464 1639 2557 1692 τὸν
2598 1635 2929 1708 ἀμπελῶναο
2986 1653 3006 1686 ο
3050 1633 3252 1705 ὁμοίως
3293 1632 3352 1686 δὲ
3385 1632 3485 1703 τὴν
3540 1626 3717 1702 αὐτὴν

2128 1731 2270 1797 λέξιν
2286 1730 2505 1792 καὶτοῖς
2522 1728 2650 1799 περὶ
2664 1725 2761 1797 τὴν
2781 1725 3073 1795 ἑνδεκάτην
3094 1723 3449 1794 κεκλημένοις
3470 1739 3484 1753 ·
3497 1740 3515 1772 ι
3534 1721 3717 1775 ’Υπάμ-

2128 1840 2253 1892 γετε
2286 1821 2381 1874 καὶ
2401 1821 2558 1892 ὑμεῖς
2586 1821 2667 1881 εἰς
2706 1817 2799 1870 τὸν
2829 1815 3150 1887 ἀμπελῶνα.
3187 1834 3204 1866 ι
3244 1816 3302 1869 ’0
3326 1815 3385 1869 δὲ
3411 1813 3714 1885 δυνάμενος

2129 1912 2521 1983 κατανοησάτω
2551 1910 2637 1974 τίς
2666 1911 2701 1981 ἡ
2733 1907 2928 1978 ἀγορὰ,
2952 1910 3009 1961 ὲν
3088 1906 3327 1972 ἑστῶτας
3361 1907 3486 1969 τοὺς
3504 1905 3715 1976 ἀργοὺς

2128 1998 2255 2077 εὗρε
2284 2004 2409 2065 τοὺς
2440 2000 2725 2071 δευτέρους
2771 1997 3001 2065 ἐξελθὼν
3043 1999 3072 2049 ὀ
3112 1996 3526 2066 οἰκοδεσπότηςο
3567 1994 3715 2050 οὕτω

2127 2096 2184 2149 δὲ
2208 2094 2303 2148 καὶ
2342 2092 2682 2163 ἑξετασθήτω
2714 2090 2859 2153 τίνες
2889 2091 2939 2143 oi
2975 2089 3289 2161 εὑρεθέντες
3324 2089 3558 2151 ἑστῶτες
3582 2087 3717 2158 περὶ

2126 2187 2227 2263 τῂν
2250 2185 2563 2254 ἑνδεκάτην,
2593 2177 2675 2247 οἷς
2704 2182 2852 2250 λέγει
2881 2184 2910 2235 ὁ
2934 2181 3314 2251 οἰκοδεσπότης
3342 2179 3425 2233 τό·
3455 2200 3475 2232 ι
3516 2180 3582 2232 Τί
3606 2173 3713 2233 ὧδε

2126 2279 2394 2349 ἑστήκατε
2420 2275 2548 2346 ὃλην
2570 2274 2668 2345 τὴν
2697 2274 2911 2344 ἡμέραν
2931 2274 3124 2343 ἀργοί;
3159 2291 3177 2324 ι
3220 2273 3599 2343 Ἐπιστησάτω
3623 2288 3714 2336 τις

2126 2370 2222 2423 καί
2252 2372 2318 2441 τῇ
2353 2366 2618 2437 ἀπολογίᾳ
2647 2365 2756 2419 τῶν
2782 2366 2909 2436 ὃλην
2941 2366 3040 2437 τὴν
3080 2365 3293 2437 ἡμέραν
3325 2364 3574 2418 ἑστώτων
3606 2366 3711 2435 ἀρ-

2126 2461 2240 2532 γῶν
2263 2499 2278 2526 ,
2333 2461 2428 2514 καὶ⁵
2459 2459 2550 2513 τὸν
2581 2459 2740 2513 πόνον
2783 2458 2879 2511 τοῦ
2923 2458 3209 2529 ἑστηκέναι
3240 2458 3309 2511 δι’
3336 2458 3465 2529 ὅλης
3493 2458 3714 2529 ἡμέρας

2128 2552 2575 2625 ὑπομεινάντων,
2613 2549 2752 2620 μετά
2784 2550 3097 2622 παρρησίας
3137 2549 3428 2612 εἰπόντων,
3459 2549 3542 2602 ὅτι
3577 2548 3715 2619 πρό-ν

2129 2645 2289 2715 θυμοι
2338 2645 2435 2714 μὲν
2466 2640 2604 2714 ἦσαν
2641 2642 2735 2696 τοῦ
2780 2640 3137 2713 ἐργάσασθαι,
3179 2640 3354 2704 οὐδεὶς
3400 2639 3458 2693 δὲ
3510 2639 3713 2703 αὐτοὺς

2130 2733 2472 2807 ἐμισθώσατο
2487 2776 2501 2801 ,
2543 2734 2622 2798 ὡς
2668 2733 2879 2788 πολλῶν
2920 2733 3091 2787 όντων
3122 2732 3232 2786 τῶν
3277 2732 3712 2805 μισθωσαμένων

2132 2826 2231 2897 μὲν
2258 2825 2325 2880 ἂν
2359 2826 2492 2897 (15),
2524 2827 2586 2880 οὐ
2617 2824 3048 2897 μισθωσαμένων
3064 2824 3144 2877 δέ.

437 2930 472 2971 a
496 2916 648 2972 nullo
669 2929 849 2973 autem
882 2918 1053 2975 fuisse
1083 2920 1421 2985 conductos;
1467 2918 1625 2989 quasi
1668 2930 1849 2989 Opera:
1880 2920 2100 2990 quidem
2131 2921 2380 2991 plurima
2407 2920 2640 2987 fuerint;
2666 2920 3051 2984 conductores,
3080 2934 3189 2973 non
3232 2918 3384 2974 item.

511 3009 603 3064 39.
638 3008 826 3081 Neque
845 3027 977 3066 vero
1000 3014 1334 3083 negligenter
1355 3012 1489 3068 illud
1514 3014 1817 3068 notandum
1838 3023 1922 3069 est
1940 3016 2018 3070 δτι

2196 3016 2287 3088 Μὴ
2324 3016 2619 3089 παρέργως
2649 3015 2707 3068 δὲ
2749 3015 3101 3085 ἐπιστησάτω
3131 3031 3219 3079 τις
3249 3014 3345 3068 καὶ
3370 3013 3451 3085 τῷ
3487 3033 3509 3067 ι
3547 3013 3713 3086 ὀψίας

446 3122 469 3155 ι
500 3101 638 3156 Cum
670 3118 797 3157 sero
842 3103 1044 3159 iactum
1082 3114 1249 3169 esset,
1294 3106 1502 3160 dixisse
1533 3105 1817 3162 dominum
1850 3106 2023 3162 vinea

2128 3108 2305 3177 λέγειν
2343 3109 2435 3163 τὸν
2464 3109 2561 3163 τοῦ
2604 3107 2925 3179 ἀμπελῶνος
2958 3106 3146 3179 κύριον
3177 3106 3257 3177 τῷ
3291 3107 3573 3180 ἐπιτρόπῳ
3602 3108 3709 3164 αὑ-

440 3196 788 3261 procuratori
819 3210 923 3251 suo
953 3213 968 3251 :
999 3195 1146 3253 Voca
1181 3198 1484 3268 operarios,
1526 3206 1581 3252 et
1609 3197 1777 3253 redde
1811 3212 2022 3253 merce-

2128 3200 2218 3253 τοῦ
2238 3218 2252 3232 ο
2290 3200 2532 3255 Κάλεσον
2566 3200 2693 3261 τοὺς
2723 3198 2961 3269 ἐργάτας
2980 3237 2994 3261 ,
3026 3198 3122 3252 καὶ
3149 3198 3344 3262 ἀπόδος
3371 3198 3464 3253 τὸν
3494 3199 3704 3270 μισθὸν,

437 3287 587 3352 dem,
626 3285 894 3356 incipiens
944 3303 977 3343 a
1019 3263 1338 3346 novissimis
1388 3306 1567 3363 usque
1610 3291 1677 3345 ad
1721 3290 1952 3360 primos.
1992 3308 2012 3342 ι

2128 3291 2429 3362 ἀρξάμενος
2454 3290 2563 3344 ἀπὸ
2588 3288 2697 3343 τῶν
2726 3263 2973 3361 asia-cm
3010 3289 3115 3353 ἕως
3146 3288 3258 3342 τῶν
3290 3263 3542 3361 πρώτων.
3580 3310 3598 3343 ι
3639 3263 3707 3345 Ti

1642 3381 1878 3438 VETUS
1912 3381 2495 3439 INTERPRETATIO.

439 3472 696 3546 dogmata
726 3474 1008 3546 sapientiae
1037 3474 1090 3527 in
1121 3475 1381 3546 mysterio
1415 3476 1731 3530 abscondita
1765 3476 2117 3529 inveniuntur
2140 3475 2225 3529 his
2263 3476 2359 3545 qui
2404 3484 2636 3544 possunt
2666 3476 2792 3530 talia
2830 3476 3093 3546 invenire,
3126 3474 3450 3546 utimaxime
3484 3474 3700 3546 de__ista

440 3545 694 3616 paranda
729 3545 876 3616 dicat
902 3543 1150 3599 Salvator
1178 3543 1193 3600 Ξ
1229 3564 1246 3597 t
1298 3546 1553 3616 Aperiam
1589 3547 1642 3600 in
1682 3546 1957 3616 parabolis
1987 3559 2050 3600 os
2080 3543 2295 3616 meum,
2329 3543 2522 3616 loquar
2562 3547 2958 3614 propositiones
2990 3544 3058 3600 ab
3087 3545 3268 3608 initio,
3299 3564 3319 3596 ι
3350 3557 3404 3600 et
3437 3562 3509 3616 th!
3561 3543 3701 3598 Eruo

436 3612 600 3685 ctabo
622 3614 941 3685 abscondita
971 3630 1000 3668 a
1033 3612 1421 3671 constitutione
1450 3616 1657 3671 mundi.
1684 3612 1719 3669 ἰ
1750 3614 1980 3670 Necesse
2003 3624 2088 3669 est
2109 3614 2252 3669 enim
2294 3622 2355 3685 ut
2382 3612 2677 3685 videat—qui
2709 3617 2822 3671 vult
2854 3616 3172 3685 intelligere,
3202 3630 3324 3685 quae
3344 3617 3416 3670 sit
3442 3612 3559 3669 dies
3580 3630 3704 3684 qua:

443 3681 679 3755 refertur
706 3683 758 3736 in
784 3699 868 3745 ea,
894 3693 948 3737 et
978 3686 1275 3755 quaehora:
1302 3686 1469 3749 illius,
1514 3694 1567 3739 et
1597 3687 1739 3755 quod
1776 3700 1883 3738 non
1916 3695 2109 3740 eventu
2146 3683 2541 3753 paterfamilias
2573 3681 2814 3755 quinque
2855 3681 3140 3741 ordinibus
3182 3681 3558 3754 operariorum
3589 3681 3704 3739 tra-

440 3752 580 3826 didit
613 3766 777 3822 opera
805 3752 1007 3826 vincau
1035 3754 1236 3810 Deinde
1265 3756 1556 3826 quaerenda
1578 3752 1662 3810 est
1693 3769 1861 3810 causa
1888 3755 1938 3826 ei
1966 3756 2060 3823 qui
2086 3752 2329 3826 quaerere
2355 3764 2552 3825 potest,
2583 3752 2753 3825 quare
2782 3757 3003 3826 quidam
3031 3752 3263 3825 cperar‘ii
3281 3770 3455 3826 imaue
3491 3755 3703 3809 condu-

443 3821 515 3876 cli
542 3821 712 3877 sunt:
755 3832 810 3878 et
842 3834 965 3892 post
998 3825 1101 3879 huc
1149 3840 1256 3880 non
1284 3821 1450 3880 'circa
1486 3826 1677 3879 horam
1710 3821 2030 3888 secundam,
2074 3821 2168 3881 sed
2204 3821 2615 3880 circa'tertiam'
2644 3821 2834 3880 horam
2872 3827 2960 3880 alii
2994 3821 3123 3881 sunt
3155 3825 3407 3880 conducti
3444 3841 3458 3878 :
3490 3834 3544 3878 et
3578 3834 3703 3893 post

444 3906 635 3965 eorum
683 3894 1125 3965 conductioncm,
1156 3911 1326 3964 quare
1367 3911 1471 3965 non
1507 3895 1652 3950 circa
1689 3896 1880 3950 horam
1925 3904 2176 3965 quartam
2228 3896 2312 3949 vel
2348 3896 2618 3965 quintam.
2654 3896 2747 3965 sed
2773 3897 2918 3950 circa
2965 3896 3154 3950 horam
3188 3903 3396 3965 sextam
3433 3913 3446 3949 :
3482 3894 3557 3965 ita
3591 3911 3700 3965 non

439 3961 588 4016 circa
619 3964 925 4032 septimam,
960 3964 1043 4017 vel
1077 3961 1346 4025 octavam,
1377 3964 1471 4018 sed
1501 3967 1643 4019 circa
1674 3979 1872 4019 nonam
1910 3961 2015 4019 {et
2055 3961 2488 4020 novissimc'non
2515 3966 2657 4019 circa
2685 3964 2974 4028 decimam,
3004 3967 3097 4019 sed
3137 3963 3505 4019 undecimam.
3534 3962 3705 4021 Debet

439 4032 589 4085 enim
616 4046 739 4085 csse
761 4033 1006 4105 quaedam
1047 4036 1185 4089 ratio
1228 4035 1388 4103 digna
1418 4032 1571 4096 Jesu,
1609 4049 1779 4103 quare
1813 4034 1954 4088 inter
1979 4035 2301 4105 matutinum
2333 4043 2388 4088 et
2434 4035 2647 4090 tertiam
2682 4044 2894 4105 tempus
2921 4037 3195 4091 modicum
3227 4043 3311 4089 est
3330 4043 3699 4105 assumptum,

442 4108 635 4155 etnon
665 4103 965 4157 secundum
999 4111 1242 4173 tempora
1269 4119 1393 4173 quin
1418 4107 1592 4172 posita
1630 4113 1759 4160 sunt
1786 4105 1927 4157 inter
1955 4104 2170 4159 tertiam
2203 4115 2258 4159 et
2288 4113 2519 4164 sextam.
2551 4105 2637 4159 vel
2672 4103 2812 4160 inter
2845 4116 3056 4160 sextam
3082 4114 3137 4158 et
3172 4119 3396 4158 nonam.
3431 4103 3565 4158 Post
3594 4104 3706 4160 hoc

443 4180 832 4244 autemhquare
871 4189 978 4228 una
1010 4174 1082 4228 sit
1120 4174 1252 4227 hora
1282 4174 1423 4227 inter
1450 4190 1649 4229 nonam
1678 4182 1732 4227 ct
1759 4174 2128 4239 undecimam,
2170 4174 2631 4243 quemadmodum
2669 4177 2921 4244 superius
2963 4176 3104 4229 inter
3136 4174 3458 4229 matutinum
3496 4182 3551 4229 et
3590 4183 3701 4228 ter-

438 4240 594 4294 tiam.
621 4238 736 4295 Nou
761 4251 956 4314 autem
996 4244 1330 4314 negligenter
1358 4252 1441 4314 est
1484 4244 1895 4314 attendendum,
1929 4259 2070 4314 qua
2091 4238 2302 4299 ratione
2340 4238 2883 4314 paterfamilias-cum
2935 4244 3285 4299 mercenariis
3314 4245 3532 4314 quidem
3561 4259 3702 4313 quos

442 4326 612 4383 mane,
630 4313 992 4383 conduxerat,
1024 4311 1243 4381 pactum
1277 4311 1404 4367 fecit
1445 4313 1753 4383 specialiter
1804 4312 1859 4366 in
1906 4313 1994 4368 die
2040 4311 2377 4368 denarium':
2409 4315 2697 4369 conductis
2725 4324 2906 4369 autem
2936 4315 3078 4369 circa
3122 4311 3344 4368 tertiam
3367 4314 3556 4367 horam
3581 4311 3701 4368 non

438 4381 726 4453 constituit
760 4382 1084 4453 nonninatim
1113 4393 1318 4437 certam
1346 4381 1676 4448 mercedem,
1703 4385 1796 4439 sed
1831 4384 1904 4438 ita
1939 4402 1954 4439 :
1985 4401 2004 4434 ι
2046 4382 2422 4452 Quodcunque
2450 4384 2660 4453 justum
2700 4384 2866 4440 fuerit
2913 4385 3053 4440 dabo
3078 4385 3253 4439 vobis.
3293 4403 3313 4436 ι
3359 4384 3622 4439 Similiter
3647 4393 3705 4438 et

438 4451 585 4503 circa
619 4452 1040 4522 sextamhoram
1067 4461 1121 4505 et
1150 4468 1348 4506 nouam
1382 4453 1508 4507 fecit
1545 4454 1786 4522 vocatis;
1816 4463 1873 4509 et
1912 4454 2041 4521 quia
2097 4454 2182 4508 his
2220 4453 2313 4522 qui
2335 4451 2488 4509 eirea
2516 4455 2856 4510 undecimam
2888 4463 3046 4509 erant
3085 4454 3282 4518 vocati,
3308 4453 3702 4510 excusantibus

441 4535 509 4595 se
529 4530 749 4588 propter
771 4521 942 4595 otium
977 4522 1142 4595 totius
1164 4524 1295 4595 diei,
1337 4523 1415 4595 sic
1445 4523 1582 4578 dixit
1611 4542 1624 4578 :
1666 4542 1683 4574 ι
1724 4516 1798 4579 Ite
1826 4532 1885 4595 et,
1911 4516 2006 4595 vos
2036 4523 2089 4595 in
2119 4516 2370 4595 vineam;
2405 4542 2425 4574 ι
2454 4524 2546 4595 sed
2578 4534 2639 4595 et
2652 4525 2915 4595 quoniam
2944 4525 3100 4595 quasi
3132 4516 3284 4595 extra
3316 4524 3699 4595 vineamﬂcon-

442 4587 668 4662 stitutus
706 4588 1117 4662 pateriamilias,
1155 4600 1209 4646 et
1241 4587 1522 4649 inveniens
1543 4596 1824 4662 operarios
1856 4593 1949 4656 lhi,
1975 4593 2181 4662 primos
2213 4587 2432 4662 quidem
2469 4592 2617 4648 misit
2646 4587 2698 4647 in
2740 4587 2978 4657 vineam;
3017 4594 3275 4648 secundis
3301 4603 3482 4647 autem
3511 4593 3651 4662 dixit
3682 4610 3698 4647 τ

444 4675 468 4713 .t
510 4656 583 4733 Ite
610 4668 797 4733 et‘vos
824 4660 875 4713 in
908 4661 1150 4733 vineam;
1183 4680 1201 4714 ι
1230 4663 1480 4717 similiter
1509 4656 1759 4718 eumdem
1786 4656 2113 4725 sermonem,
2144 4656 2284 4717 etiis
2315 4664 2407 4733 qui
2433 4665 2574 4718 circa
2609 4656 3193 4719 undecimam'fuerant
3227 4664 3408 4717 νοτ-Διί
3436 4680 3450 4717 :
3480 4676 3499 4714 ι
3535 4660 3614 4717 Ite
3644 4670 3702 4717 et

439 4743 537 4782 vos
566 4730 619 4783 in
645 4730 878 4786 vineam.
915 4748 935 4783 ι
970 4730 1238 4803 Intelligat
1263 4743 1440 4803 autem
1471 4735 1563 4803 qui
1600 4742 1795 4803 potest,
1836 4734 1965 4802 quid
1996 4733 2063 4787 sit
2098 4733 2298 4800 forum,
2320 4730 2465 4803 quod
2492 4733 2547 4787 in
2572 4733 2762 4789 Graeco
2789 4734 3031 4789 nundina
3063 4734 3303 4802 ponitur,
3336 4733 3391 4786 in
3423 4746 3533 4801 quo
3555 4733 3702 4787 otio-

436 4812 548 4873 sos
584 4809 790 4873 stantes
836 4802 1043 4873 invenit
1090 4800 1272 4873 Jrsus.
1327 4800 1692 4858 Secundo—cst
1734 4800 1985 4858 simi—liter
2029 4800 2438 4873 requirendum,
2492 4804 2584 4873 qui
2625 4812 2754 4859 sunt
2785 4805 2874 4873 qui
2906 4800 3112 4858 inventi
3148 4811 3277 4859 sunt
3318 4800 3525 4857 stantes
3550 4806 3700 4858 circa

438 4870 807 4944 undecimam,
841 4872 1040 4942 quibus
1067 4871 1198 4927 dicit
1232 4893 1245 4928 :
1280 4891 1300 4924 ι
1338 4874 1476 4940 Quid
1511 4875 1666 4928 statis
1700 4873 1787 4928 hic
1842 4882 1951 4928 tota
2004 4870 2327 4944 die'otiosi?
2373 4893 2393 4926 ι
2434 4870 2680 4943 Aspiciat
2727 4870 2906 4929 autem
2951 4874 3097 4944 quis,
3138 4887 3260 4942 quae
3307 4873 3379 4944 sit
3416 4873 3702 4944 excusatio

435 4954 627 4999 eorum
661 4942 752 5008 qui
788 4951 902 4997 tuto
931 4944 1019 5015 die
1041 4952 1314 5015 steterant
1348 4945 1533 5003 otiosi,
1564 4953 1619 4998 et
1650 4945 1775 5012 quis
1806 4952 1954 4999 esset
1994 4943 2152 5015 dolor
2194 4944 2371 5015 standi
2411 4942 2622 5009 eormn,
2661 4945 2755 5015 qui
2790 4953 2902 4999 toto
2927 4942 3015 4999 die
3044 4951 3193 4998 stare
3219 4942 3382 4996 otiosi
3411 4943 3701 5015 sustinue-

438 5019 596 5085 runt,
635 5021 693 5085 ut
727 5027 849 5085 cum
890 5013 1086 5068 liducia
1138 5015 1547 5083 responderent,
1582 5015 1841 5082 quoniam
1869 5013 2041 5083 parati
2075 5014 2293 5083 quidem
2335 5014 2551 5085 fuerunt
2582 5015 2648 5068 ad
2680 5013 2838 5085 opus,
2871 5029 3031 5070 nemo
3057 5023 3239 5069 autem
3265 5026 3360 5068 eos
3382 5013 3648 5069 conduxit
3681 5030 3697 5071 :

436 5080 598 5154 quasi
632 5081 849 5154 plurimi
880 5094 1066 5138 essent
1090 5085 1183 5154 qui
1214 5080 1670 5147 conducerentur,
1698 5096 1806 5137 non
1837 5080 2017 5138 autem
2048 5080 2108 5137 et
2125 5085 2217 5153 qui
2255 5084 2643 5138 conducerent.

509 5149 598 5236 ἓξ).
641 5149 859 5207 Necnon
877 5165 936 5233 'et
964 5149 1254 5236 diligenter
1275 5160 1490 5236 oportet
1542 5154 1929 5236 attende.re,.et
1974 5153 2119 5223 quod
2147 5149 2310 5236 sero.
2332 5155 2475 5235 facto
2505 5154 2644 5208 dixit
2677 5152 2935 5236 dominus
2967 5153 3141 5236 vinea}
3173 5153 3511 5236 procuratori
3546 5164 3657 5235 suo
3682 5170 3697 5236 ξ

439 5236 465 5279 ᾳ
497 5216 642 5293 Voca
675 5225 974 5291 operarios,
998 5216 1249 5280 ct'redde
1276 5216 1356 5279 eis
1388 5225 1719 5286 mercedem,
1752 5216 2018 5293 incipiens
2047 5240 2075 5278 a
2109 5225 2423 5280 novissimis
2464 5238 2641 5293 usque
2672 5224 2741 5279 ad
2771 5226 2999 5293 primos.
3040 5244 3059 5276 ι
3097 5216 3321 5289 Quaeres
3351 5233 3535 5279 autem
3561 5223 3698 5292 quid

438 5292 611 5364 movit
641 5292 922 5347 dominum
954 5296 1126 5348 vincte
1162 5304 1221 5348 ut
1247 5295 1464 5364 juberet
1510 5302 1921 5363 procuratorem
1961 5295 2134 5348 vineae
2176 5308 2371 5350 vocare
2404 5294 2704 5363 operarios,
2739 5292 2794 5350 et
2837 5296 3064 5349 reddere
3093 5298 3175 5349 eis
3212 5296 3517 5350 mercedem
3558 5293 3701 5346 inci-

434 5361 671 5431 tientem
700 5379 730 5416 a
763 5364 1101 5427 novissimis,
1128 5371 1181 5418 et
1212 5361 1592 5419 ascendentem
1626 5379 1797 5434 usque
1826 5364 1893 5419 ad
1929 5366 2137 5434 primos
2172 5384 2187 5420 :
2220 5375 2276 5421 ut
2300 5361 2459 5433 primi
2484 5366 2701 5433 quidem
2727 5366 3017 5434 accipiant,
3047 5365 3142 5433 qui
3170 5365 3314 5419 circa
3350 5365 3700 5434 undecimam

431 5442 591 5487 erant
622 5435 897 5500 conducti,
925 5435 1150 5490 secundi
1176 5447 1357 5489 autem
1391 5436 1481 5504 qui
1514 5435 1660 5489 circa
1697 5433 2105 5501 nonam,’tertii
2148 5437 2242 5505 qui
2282 5436 2427 5491 circa
2455 5444 2688 5500 sextam,
2720 5433 2902 5505 quarti
2941 5435 3035 5503 qui
3066 5436 3211 5489 circa
3248 5436 3488 5502 tertiam,
3519 5433 3702 5487 novis.

504 5520 551 5552 ⁸⁸
568 5521 757 5576 Matth.
796 5525 963 5588 ειμι.
1038 5523 1085 5557 ⁸⁵
1126 5524 1259 5583 ibid.
1300 5525 1352 5581 7.
1430 5526 1476 5559 “
1514 5526 1647 5582 ibid.
1672 5526 1725 5581 6.
1804 5528 1847 5559 ⁸⁷
1889 5528 2022 5583 ibid.
2052 5525 2106 5582 8.

505 5610 727 5694 (_l'2)_:'0
748 5616 826 5694 ᾷν
848 5612 910 5689 ᾖ.
956 5616 1132 5674 Editio
1166 5616 1346 5674 Huetii
1374 5619 1562 5676 omisit
1607 5620 1637 5673 ὅ
1673 5620 1819 5691 quod
1851 5619 2015 5677 habet
2117 5620 2262 5694 enim
2313 5622 2530 5694 passive
2574 5623 2738 5694 etiam
2789 5626 3106 5694 usurpatur.
3156 5617 3326 5675 Vetus
3380 5614 3695 5687 interpres;

432 5683 613 5766 codex
636 5683 881 5766 itegius."
902 5760 919 5766 Α
936 5754 962 5766 _
1042 5756 1065 5766 _
1292 5758 1315 5766 _
1689 5683 1732 5766 '_

2128 5713 2143 5747 ι
2173 5683 2340 5758 Quasi
2368 5693 2799 5766 plurimiessent
2823 5683 3407 5766 quilconducerentur;
3454 5683 3560 5745 non
3591 5701 3698 5749 au—

509 5753 737 5836 (15)]Ωῤ
763 5754 1011 5836 ατςλλῶν
1032 5756 1223 5813 ὄντων
1246 5758 1365 5836 τῶν
1386 5760 2006 5836 μισθωαμργωνηθιο.

2128 5753 2227 5823 rem
2260 5774 2314 5823 ct
2343 5753 2436 5836 qui
2465 5753 2856 5820 conducerent:
2884 5781 2903 5813 ο
2930 5760 3195 5818 Hunnus.

436 5820 748 5893 Legenium
814 5824 1042 5883 fortasse
1111 5820 1626 5902 μεμισθωᾶομένων.
1657 5820 2008 5904 ’Μισθοῦμαι
