4086 6420
491 415 636 473 1343

1979 410 2307 470 ORIGENIS

3632 408 3787 462 15-ὶᾷ

489 536 791 606 quidquam
839 532 966 591 Jesu
1012 534 1236 606 dignum
1282 549 1449 605 super
1489 549 1552 589 ea
1600 532 1834 604 proferri
1889 535 2080 604 possit.

2195 532 2341 597 ἄξιον
2405 532 2579 603 Ἰησοῦ
2618 531 2696 594 εἰς
2733 531 2925 601 αὑτήν.
2971 531 3080 585 Καὶ
3123 530 3173 583 εί
3203 528 3428 584 τοιαῦτα
3457 544 3517 597 γε
3551 529 3777 600 ἐζήτουν

491 627 636 694 Quin
671 637 727 683 et
761 628 805 682 si
849 629 1003 698 juxta
1053 626 1181 682 Jesu
1230 627 1474 694 effatum,
1529 628 1659 683 talia
1709 644 1739 682 a
1799 626 2082 683 Paracleto

492 720 874 789 quaesii/issent
889 721 1204 790 quicunque
1221 720 1575 791 Evangelium
1596 720 1898 776 secundum
1915 719 2081 775 Joan-

495 824 618 863 nem
646 809 922 870 evolvunt.
960 811 1185 865 minime
1234 826 1368 865 sane
1411 810 1774 865 attendissent
1812 810 2082 874 nonnulli,

495 906 754 967 tanquam
792 897 1098 963 Paracleto,
1132 899 1211 954 sic
1252 918 1270 950 ι
1313 901 1598 971 spiritibus
1629 900 1854 963 erroris,
1893 908 1949 955 et
1982 900 2085 955 do-

491 992 687 1046 ctrinis
714 991 1135 1058 daemoniorum,
1174 992 1227 1045 in
1263 994 1538 1063 hypocrisi
1572 991 1911 1062 loquentium
1941 1006 2088 1045 men-

491 1079 734 1145 dacium,
775 1092 830 1136 et
855 1082 1217 1137 cauteriatam
1250 1083 1566 1137 habentium
1606 1098 1761 1137 suam
1802 1081 2089 1137 conscien-

496 1174 628 1227 tiam
661 1173 727 1239 ⁵⁸,
766 1192 785 1225 ι
820 1174 957 1228 adeo
984 1182 1044 1228 ut
1075 1174 1304 1243 spiritus
1331 1174 1535 1229 erroris
1565 1184 1616 1228 et
1659 1173 1927 1227 daemonia
1967 1188 2086 1226 ma-

494 1280 604 1335 gno
637 1263 904 1320 Paracleti
932 1266 1158 1320 nomine
1197 1266 1501 1335 appellent;
1534 1263 1678 1333 quod
1712 1264 1997 1333 apostolis,
2036 1273 2091 1318 et

496 1357 541 1410 si
576 1356 704 1424 quis
731 1357 1106 1425 apostolorum
1150 1358 1347 1412 similis
1376 1365 1480 1420 est,
1531 1357 1790 1411 Servatur
1818 1357 2088 1426 promisit.

498 1446 677 1515 Atque
734 1447 865 1500 illud
931 1446 1150 1515 quidem
1212 1462 1532 1515 persuasum
1596 1445 1793 1510 habeo,
1835 1446 2091 1515 mysteria

498 1538 685 1590 omnia
726 1552 849 1605 qua:
882 1537 997 1591 haec
1038 1537 1265 1591 involvit
1306 1536 1582 1606 parabola,
1627 1535 1772 1588 haud
1821 1550 1981 1589 secus
2028 1550 2094 1589 ac

499 1642 623 1695 quae
674 1627 727 1679 in
770 1628 1132 1682 seininatione
1183 1635 1239 1681 et
1297 1626 1582 1681 seminatis
1626 1640 1791 1695 supra
1848 1625 2091 1680 triticum

501 1716 725 1770 zizaniis
749 1717 1119 1782 continentur,
1171 1716 1424 1772 Matthaao
1480 1717 1762 1785 explorata
1815 1716 1988 1771 fuisse
2014 1716 2091 1782 ﬂ‘;

499 1815 556 1860 at
599 1806 785 1876 hujus,
828 1806 1055 1875 perinde
1104 1822 1168 1862 ac
1233 1808 1452 1862 illorum
1498 1808 1917 1877 explicationem
1964 1823 2096 1862 con-

498 1899 739 1954 scribere
778 1900 1005 1954 minime
1045 1910 1478 1955 consentaneum
1539 1917 1661 1956 esse
1715 1900 1960 1963 duxisse,
2029 1916 2096 1954 ne

499 1991 706 2045 tantilla
780 1991 1001 2061 quidem
1068 1991 1342 2060 parabolae
1409 1991 1576 2059 hujus
1652 1991 2097 2059 interpretatione

498 2083 694 2138 litteris
740 2083 1021 2149 mandata,
1072 2082 1537 2152 quemadmodum
1600 2083 1814 2152 plenam
1875 2082 2090 2135 illorum

499 2175 900 2244 expositionem
930 2175 1148 2245 scriptis
1196 2175 1455 2243 prodidit.
1517 2173 1671 2240 Quod
1729 2174 1773 2227 si
1824 2173 2095 2243 parabolas

499 2262 940 2337 explanationem
970 2281 1095 2321 cum
1135 2266 1346 2320 ratione
1377 2265 1665 2320 Mattlueus
1705 2266 1922 2319 silentio
1954 2280 2092 2334 prie-

503 2358 755 2424 termisit,
791 2358 836 2412 si
875 2359 999 2428 quis
1051 2367 1260 2428 partem
1303 2357 1423 2426 ejus
1468 2357 1959 2427 comprehensione
2000 2372 2091 2411 as-

502 2450 657 2519 sequi
690 2450 882 2512 valeat,
917 2449 1243 2519 patefactam
1290 2448 1396 2504 sibi
1446 2448 1953 2519 interpretationem
1996 2448 2095 2502 ob-

502 2555 661 2596 scure
686 2540 1032 2609 depromens,
1060 2549 1205 2595 recte
1237 2539 1472 2596 fortasse
1508 2540 1711 2610 egerit;
1758 2549 1813 2594 at
1852 2539 1897 2593 si
1911 2511 2096 2609 ,ψίαθ-

501 2647 721 2703 cunque
755 2632 857 2687 sibi
876 2632 1113 2686 revelata
1142 2641 1269 2686 sunt
1292 2632 1472 2702 palam
1495 2631 1788 2701 aperuerit,
1814 2645 1869 2686 et
1894 2631 2095 2686 litteris

500 2723 676 2796 698
729 2724 1036 2788 tradiderit,
1086 2724 1224 2778 citra
1272 2725 1650 2788 evulgatoruni
1706 2722 2093 2794 mysteriorum

501 2816 799 2871 discrimen
833 2816 1252 2885 haudquaquam
1291 2815 1414 2869 erit.

576 2907 666 2962 51.
685 2909 819 2977 Age,
843 2922 997 2977 ergo,
1023 2923 1124 2962 nos
1153 2907 1247 2976 qui
1272 2922 1303 2960 a
1329 2920 1512 2961 rerum
1540 2906 1594 2960 in
1629 2906 1890 2975 parabola
1919 2920 2104 2962 recon-

2189 627 2331 681 κατά
2361 627 2460 698 τὴν
2512 626 2689 698 Ἰησοῦ
2726 626 2920 697 ¹φωνὴν
2967 625 3075 680 ἀπὸ
3114 624 3208 678 τοῦ
3241 623 3601 695 Παρακλήτου
3641 625 3781 679 πάν·

2183 735 2276 782 τες
2309 718 2421 788 (14)
2460 719 2510 770 οἱ
2548 719 2612 771 τὸ
2658 717 2804 771 κατὰ
2849 718 3099 787 Ἰωάννην
3134 716 3464 785 Εὐαγγέλιον
3508 713 3779 783 ἀναγινώ-

2186 826 2427 874 σκοντες,
2461 810 2562 863 οὐκ
2595 810 2661 864 ἂν
2719 809 3018 880 προσέσχον
3058 808 3204 871 τινὲς
3228 846 3243 871 ,
3289 809 3366 871 ὡς
3412 806 3779 878 Παρακλήτῳ,

2193 919 2212 952 ι
2253 898 2528 969 πνεύμασι
2568 896 2780 968 πλάνης
2804 936 2818 961 ,
2854 898 2951 950 καὶ
2978 896 3353 960 διδασκαλίαις
3378 896 3695 967 δαιμονίων,
3722 898 3778 949 ὲν

2188 990 2479 1061 ὑποκρίσει
2507 989 2846 1059 ψευδολόγων
2865 1027 2880 1052 ,
2921 988 3478 1059 κεκαυτηριασμένων
3514 987 3612 1057 τὴν
3644 987 3781 1041 ἰδίαν

2188 1082 2513 1152 συνείδησιν,
2561 1100 2579 1131 ι
2611 1082 2757 1136 ὥστε
2780 1080 2849 1133 τὰ
2878 1081 2980 1151 τῆς
3017 1080 3228 1150 πλάνης
3263 1081 3549 1151 πνεύματα
3580 1079 3678 1133 καὶ
3711 1079 3781 1131 τὰ

2187 1175 2442 1246 δαιμόνια
2491 1174 2858 1245 ἀναγορεῦσαι
2905 1174 2984 1245 τῷ
3021 1174 3241 1245 μεγάλῳ
3275 1174 3372 1227 τοῦ
3419 1172 3783 1246 Παρακλήτου

2188 1266 2435 1336 ὀνόματι,
2483 1265 2622 1334 ὅπερ
2660 1266 2689 1316 ὀ
2721 1265 2912 1334 Σωτὴρ
2949 1267 3061 1327 τοῖς
3091 1265 3443 1327 ἀποστόλοις,
3478 1264 3572 1316 καὶ
3612 1262 3667 1315 εἴ
3698 1277 3783 1325 τις

2189 1359 2303 1421 τοῖς
2364 1356 2687 1419 ἀποστόλοις
2736 1354 3115 1425 παραπλήσιός
3166 1356 3333 1418 ἐστιν,
3395 1351 3778 1423 ἐπηγγείλατο.

2191 1450 2305 1502 Καὶ
2331 1446 2587 1517 πείθομαί
2618 1463 2682 1515 γε
2705 1487 2720 1511 ,
2750 1446 2833 1499 ὅτι
2876 1449 2904 1498 ὁ
2936 1443 3213 1509 Ματθαίος
3235 1445 3349 1516 ᾔδει
3385 1444 3483 1515 μὲν
3516 1443 3660 1497 κατά
3681 1443 3782 1516 τὴν

2195 1539 2506 1611 παραϐολὴν
2528 1538 2730 1608 ταύτην
2758 1538 3053 1609 μυστήρια,
3093 1536 3170 1599 ὡς
3202 1537 3297 1591 καὶ
3317 1537 3387 1590 τὰ
3409 1535 3552 1590 κατὰ
3574 1536 3672 1605 τὴν
3686 1534 3782 1590 τοῦ
3836 1532 3857 1544 ’

2196 1634 2400 1704 σπόρου
2433 1632 2564 1703 (l5),
2603 1633 2700 1685 καὶ
2731 1629 2840 1683 τῶν
2877 1629 3310 1700 ὲπεσπαρμένων
3336 1627 3418 1698 τῷ
3458 1628 3592 1698 σίτῳ
3632 1627 3788 1692 ζιζα-

2195 1726 2351 1778 νίων’
2386 1725 2486 1777 οὐκ
2521 1724 2701 1796 ἔκρινε
2740 1722 2798 1776 δὲ
2833 1721 3053 1791 εὔλογον
3090 1719 3230 1775 εἶναι
3259 1721 3462 1791 ὁμοίως
3487 1722 3610 1783 ταῖς
3654 1720 3785 1790 περὶ

2198 1815 2420 1869 ἐκείνων
2451 1815 2736 1887 διηγήσεσι
2769 1814 2869 1867 καὶ
2894 1813 2992 1884 τὴν
3024 1814 3154 1884 περὶ
3188 1811 3393 1883 ταύτης
3425 1811 3742 1883 ἀναγράψαι
3765 1848 3784 1873 ,

2202 1908 2275 1978 μὴ
2307 1907 2602 1970 πιστεύσας
2641 1906 2935 1975 γράμμασι
2978 1903 3081 1958 κᾶν
3108 1905 3208 1975 τὴν
3241 1904 3333 1956 ἐπὶ
3367 1902 3531 1955 ποσὸν
3556 1902 3654 1972 τῆς
3677 1918 3788 1955 πα»-

2202 1998 2434 2070 ραὸολῆς
2465 1998 2668 2068 ταύτης
2702 1998 3034 2067 σαφήνειαν,
3077 1995 3265 2066 ὥσπερ
3297 1993 3519 2048 ἐκείνων
3550 1991 3613 2056 ἐξ
3648 1992 3786 2046 ὅλων

2198 2089 2297 2159 τήν
2353 2089 2604 2159 διήγησιν
2659 2087 2978 2159 ἀνέγραψαν
3036 2085 3170 2156 (16).
3215 2087 3278 2138 El
3339 2085 3396 2138 δὲ
3459 2084 3695 2150 εὐλόγως
3756 2085 3789 2137 ό

2198 2178 2476 2242 Ματθαῖος
2508 2179 2607 2250 τὴν
2640 2180 2767 2249 περὶ
2796 2178 2897 2248 τῆς
2928 2176 3245 2249 παραϐολῆς
3272 2176 3522 2246 διήγησιν
3549 2171 3791 2227 ἀπεσιώ-

2201 2288 2365 2339 πησε,
2399 2269 2640 2340 δηλονότι
2669 2270 2773 2323 κᾶν
2802 2272 2867 2322 ὲκ
2905 2269 3105 2340 μέρους
3140 2284 3223 2331 τις
3257 2266 3427 2337 αὐτὴν
3468 2266 3658 2336 νοῆσαι
3698 2265 3789 2317 δυ-

2200 2361 2359 2432 νηθῇ,
2394 2361 2535 2430 τάχα
2575 2360 2674 2431 μὲν
2704 2361 2939 2428 εὐλόγως
2972 2359 3038 2413 ἂν
3077 2358 3341 2423 αἰνίξεται
3376 2358 3440 2411 τὸ
3468 2357 3571 2426 τῆς
3598 2372 3789 2426 φαινο-

2205 2453 2375 2524 μένης
2417 2453 2567 2521 αὐτῷ
2609 2452 2936 2521 διηγήσεως,
2971 2452 3030 2504 οὐ
3073 2450 3177 2522 μὴν
3207 2450 3386 2504 πάντα
3416 2450 3485 2503 τά
3515 2447 3792 2501 ἀποκαλυ-

2202 2547 2451 2616 πτόμενα
2482 2544 2632 2617 αὐτῷ
2668 2543 2998 2615 σαφηνίξων,
3023 2544 3115 2596 καὶ
3136 2545 3322 2615 γραφῇ
3356 2540 3647 2605 πιστεύων,
3684 2540 3792 2604 ἔξω

2202 2635 2449 2690 κινδύνου
2498 2635 2593 2690 τοῦ
2641 2634 2772 2706 περὶ
2822 2635 2922 2705 τῆς
2971 2632 3240 2697 ἐκθέσεως
3302 2631 3413 2686 τῶν
3473 2630 3791 2703 μυστηρίων

2203 2724 2385 2778 ἔσται.

2270 2906 2406 2976 Φέρε
2436 2901 2529 2960 οὖν
2558 2907 2716 2976 ἡμεῖς
2743 2906 2792 2958 οἱ
2822 2903 3025 2975 σφόδρα
3052 2901 3481 2973 ἀπολειπόμενοι
3514 2900 3610 2955 τοῦ
3644 2904 3790 2958 κατά

505 2997 745 3052 ditarum
775 2995 1150 3066 profunditate
1168 2995 1330 3066 longe
1348 2994 1639 3057 absumus,
1668 3003 1723 3049 et
1748 2993 1905 3048 valde
1928 3008 2091 3064 pauca

2196 2997 2297 3068 τὴν
2327 2998 2643 3070 παραϐολὴν
2674 2998 2871 3069 βάθους
2896 2996 3008 3050 τῶν
3048 2995 3388 3068 πραγμάτων
3407 3038 3422 3062 ,
3454 2997 3551 3051 καὶ
3583 2995 3787 3068 σφόδρα

506 3102 674 3159 super
710 3103 833 3144 eam
872 3089 1057 3141 animo
1103 3086 1472 3156 concipimus,
1532 3085 1715 3155 aliqua
1758 3084 1948 3139 leviter
1991 3100 2091 3139 non

2195 3089 2352 3156 ὀλίγα
2390 3092 2470 3153 εἰς
2515 3088 2683 3161 αὐτὴν
2729 3088 3154 3160 φανταζόμενοι,
3204 3088 3281 3159 πὴ
3327 3089 3426 3159 μὲν
3468 3091 3583 3159 μετ’
3621 3089 3792 3161 εὐχῆς

507 3178 631 3233 sine
684 3177 940 3247 precibus
981 3193 1376 3247 proponamus,
1431 3177 1698 3232 sententia
1740 3177 1868 3231 item
1913 3183 2091 3230 nostra

2200 3197 2323 3233 τινα
2352 3182 2417 3234 ἐκ
2446 3181 2646 3252 μέρους
2677 3180 2986 3253 ἀποδῶμεν,
3007 3180 3129 3234 τινὰ
3150 3180 3209 3234 δὲ
3238 3180 3327 3235 ἐπ’
3356 3181 3535 3249 ὀλίγον
3563 3181 3658 3237 καὶ
3679 3180 3801 3234 τῶν

509 3269 693 3337 aliqua
727 3284 795 3323 ex
819 3276 971 3335 parte
996 3268 1188 3338 paucis
1226 3277 1434 3338 aperta,
1482 3276 1769 3343 postquam
1806 3281 1969 3334 super
1998 3280 2098 3335 pa-

510 3359 699 3413 rabola
746 3358 993 3433 apposite
1037 3358 1485 3425 disseruerimus,
1535 3358 1602 3413 ad
1662 3357 1871 3425 reliqua
1911 3371 2102 3426 perga-

514 3467 658 3507 mus.
687 3450 932 3504 Primum
963 3451 1148 3520 itaque
1185 3453 1316 3521 quid
1350 3452 1423 3505 sit
1445 3450 1563 3504 dies
1591 3450 1704 3515 illa,
1734 3449 1803 3504 de
1831 3465 1939 3518 qua
1969 3463 2098 3518 pro»

2207 3271 2547 3341 φαινομένων
2596 3270 2888 3337 δείξαντες,
2939 3269 3083 3323 οὕτω
3122 3268 3505 3340 παρέλθωμεν,
3549 3269 3690 3340 μετά
3726 3270 3797 3322 τὸ

2205 3361 2380 3413 εἰπεῖν
2432 3359 2782 3428 καθηκόντως
2830 3361 2911 3423 είς
2950 3358 3047 3430 τὴν
3080 3358 3395 3431 παραϐολὴν
3413 3398 3429 3424 ,
3472 3360 3564 3412 καί
3592 3360 3689 3413 ἐπὶ
3718 3362 3792 3414 τὰ

2206 3448 2334 3519 ἑξῆς
2359 3450 2547 3520 αὐτῆς.
2585 3450 2807 3521 Πρῶτον
2835 3450 3013 3504 τοίνυν
3039 3448 3237 3520 ἴδωμεν
3265 3448 3491 3519 τάδπερὶ
3517 3449 3616 3519 τῆς
3635 3450 3695 3502 ὲν
3716 3453 3790 3522 τῇ

512 3544 692 3615 posita
727 3543 841 3614 agit
872 3543 1154 3612 parabola,
1199 3543 1579 3612 disputemus;
1603 3557 1667 3595 ac
1706 3539 1986 3595 videamus
2031 3556 2091 3593 an

2206 3539 2514 3611 ζητουμένη
2560 3540 2840 3611 παραϐολῇ
2875 3540 3107 3611 ἡμέρας·
3143 3540 3247 3608 ,καὶ
3286 3540 3387 3610 ὅρα
3415 3539 3464 3591 ει
3512 3537 3794 3609 δυνάμεθα

1223 3700 1231 3709 .
1746 3631 1781 3684 ν
1792 3630 1923 3687 ETU
1935 3631 1973 3686 S
2011 3630 2594 3687 INTERPRETATIO.

513 3740 705 3781 versus
729 3724 1201 3794 patremfamilias.
1255 3725 1349 3779 sed
1384 3723 1477 3779 uni
1511 3739 1701 3794 eorum
1735 3722 1874 3777 dixit
1910 3741 1922 3775 :
1954 3741 1971 3773 ι
2006 3722 2212 3794 Amice,
2239 3739 2346 3778 non
2371 3725 2465 3778 tibi
2498 3724 2639 3778 facio
2670 3723 2950 3794 injuriam.
2990 3721 3281 3794 Denarium
3319 3722 3551 3794 conveni
3593 3730 3776 3794 tecum

523 3794 592 3849 Et
623 3793 749 3850 volo
781 3796 907 3850 huic
942 3796 1242 3851 novissimo
1271 3794 1402 3849 dare
1434 3793 1894 3864 quemadmodum
1948 3802 2001 3864 et
2042 3793 2159 3846 tibi.
2210 3813 2228 3844 ι

2268 3794 2541 3861 Quoniam
2592 3791 2772 3847 autem
2831 3793 2946 3848 hare
2982 3801 3034 3845 et
3062 3792 3189 3846 talia
3242 3791 3475 3860 suscipit
3528 3793 3794 3861 parabole

520 3880 784 3932 praasens.
816 3874 994 3933 potest
1016 3866 1232 3933 quidem
1272 3858 1554 3935 requirere
1580 3864 1703 3934 quis
1741 3863 1795 3917 in
1819 3879 1881 3917 ea
1906 3878 1920 3927 ;
1950 3863 2112 3931 digna
2133 3858 2317 3918 autem
2350 3863 2532 3919 dicere
2554 3871 2637 3919 est
2671 3862 2896 3928 nullius,
2940 3861 3047 3916 nisi
3078 3862 3197 3933 ejus
3240 3861 3332 3933 qui
3370 3858 3508 3917 dixit
3528 3858 3562 3915 ':
3599 3879 3619 3912 ι
3679 3858 3790 3916 Nos

516 3944 701 3988 autem
733 3949 956 3989 sensum
992 3935 1194 3989 Christi
1228 3936 1513 3991 habemus.
1556 3952 1575 3986 ι

593 4004 685 4057 5t.
719 4004 831 4075 Age
865 4019 966 4059 nos
994 4008 1086 4074 qui
1116 4006 1344 4059 multum
1369 4007 1634 4060 desumus
1665 4019 1695 4057 a
1718 4001 2087 4075 profunditate
2114 4003 2416 4075 parabolae,
2447 4002 2694 4075 quaedam
2718 4001 2942 4075 modica
2962 4017 3086 4073 quas
3117 4002 3467 4071 suspicamur
3495 4002 3557 4075 in_
3575 4015 3661 4064 ea,
3694 3999 3789 4055 di-

520 4088 732 4144 camus.
765 4070 830 4127 Et
850 4070 1086 4144 primum
1110 4075 1330 4143 quidem
1366 4076 1669 4129 videbimus
1697 4070 1765 4127 de
1794 4073 1882 4126 die
1908 4070 2199 4144 parabolae,
2226 4091 2348 4142 qua:
2367 4074 2439 4128 sit
2465 4070 2603 4144 dies.
2635 4071 2703 4126 Et
2749 4071 2871 4144 vide
2901 4072 2946 4128 si
2981 4070 3288 4141 possumus
3328 4080 3500 4144 totum
3544 4070 3650 4126 hoc
3681 4086 3788 4144 ste-

519 4143 704 4199 culutn
731 4140 973 4212 praesens
1001 4140 1183 4199 dicere
1206 4160 1374 4199 unum
1400 4146 1566 4207 diem,
1601 4158 1857 4211 magnum
1884 4142 2124 4209 quidem,
2159 4140 2421 4210 quantum
2447 4143 2513 4197 ad
2546 4160 2668 4208 nos,
2699 4142 2973 4197 modicum
2996 4140 3182 4197 autem
3213 4150 3267 4195 et
3288 4141 3468 4212 exigui
3505 4140 3787 4212 temporis,

524 4211 788 4283 quantum
820 4213 885 4268 ad
923 4213 1015 4267 Dei
1056 4213 1255 4275 Patris,
1283 4223 1335 4266 et
1368 4214 1593 4275 tlhristi,
1621 4222 1673 4265 ct
1704 4213 1874 4266 sancti
1909 4212 2146 4281 Spiritus
2177 4212 2359 4266 vitam.
2391 4212 2603 4281 thuid
2630 4213 2750 4267 dico
2782 4222 3047 4281 quantum
3084 4212 3151 4266 ad
3176 4211 3341 4283 vitam

3423 4212 3576 4275 atris,
3612 4208 3664 4263 et
3698 4208 3790 4262 Fi-

522 4282 601 4347 lii,
629 4292 684 4338 et
707 4283 943 4353 Spiritus
969 4284 1192 4340 sancti?
1225 4284 1539 4353 forsitanet
1562 4293 1828 4352 quantum
1865 4283 1931 4334 ad
1967 4284 2128 4335 vitam
2157 4283 2519 4352 quarumdam
2560 4284 2838 4353 beatarum
2871 4283 3134 4335 virtutum
3170 4290 3224 4353 et
3260 4282 3604 4353 sublimium,
3631 4294 3789 4353 cum-

520 4350 803 4425 paratione
833 4355 1051 4423 generis
1084 4354 1400 4425 multorum.
1432 4352 1563 4406 Nam
1582 4350 1860 4425 quantum
1894 4360 1978 4425 est
2009 4368 2113 4405 una
2151 4350 2264 4406 haec
2288 4354 2406 4407 dies
2427 4363 2692 4425 quantum
2722 4350 2789 4406 ad
2809 4354 2992 4425 _vitai_n
3041 4351 3286 4406 omnium
3325 4351 3416 4406 diu
3465 4350 3786 4425 viventium,

524 4418 734 4478 iantum
774 4418 861 4477 est
882 4439 1046 4477 omne
1069 4427 1328 4478 saeculum
1367 4422 1469 4477 hoc
1491 4418 1756 4493 quantum
1785 4422 1850 4475 ad
1884 4422 2055 4493 vitain
2087 4418 2458 4493 super-narum
2484 4422 2767 4493 virtutum.
2807 4418 2875 4474 Et
2919 4421 2962 4474 si
3008 4429 3217 4493 tantum
3270 4429 3350 4474 est
3403 4429 3668 4493 quantum
3716 4420 3785 4472 ad

525 4494 690 4572 vitam
716 4508 1085 4572 sttpcrnarunr
1107 4495 1404 4572 virtutum,
1431 4487 1543 4561 jam
1578 4491 1699 4572 vide
1721 4506 1884 4572 quam
1927 4492 2131 4545 nullius
2161 4487 2428 4572 inminenti
2451 4501 2535 4572 est
2561 4507 2721 4544 omne
2755 4490 2858 4570 hoc
2885 4490 3164 4572 saeculum.
3206 4487 3490 4572 quantuli:
3517 4489 3584 4572 ad
3622 4487 3786 4542 vitam

528 4562 622 4615 Dei
654 4557 852 4625 Patris,
882 4574 935 4615 et
971 4561 1112 4627 Filii,
1150 4575 1202 4616 et
1231 4557 1467 4631 Spiritus
1495 4562 1686 4618 sancti.
1730 4557 1926 4616 Utrum
1957 4571 2136 4614 autem
2178 4561 2397 4630 aliquod
2435 4562 2538 4615 tale
2568 4561 2887 4631 mysterium
2921 4557 3325 4615 demonstretur
3359 4561 3410 4631 in
3454 4557 3790 4631 Deuterono-

527 4633 622 4686 inii
665 4632 878 4715 cantico
909 4634 1095 4701 inquo
1126 4634 1253 4713 dicit
1276 4628 1302 4685 ἐ
1339 4652 1357 4682 ι
1382 4631 1720 4715 Mementote
1754 4630 1872 4715 dies
1899 4632 2104 4711 swcuh,
2151 4628 2302 4715 iiath
2333 4646 2464 4696 non,
2505 4628 2715 4715 quierat
2753 4630 2846 4699 qui
2874 4640 3057 4715 potest
3090 4648 3104 4684 :
3157 4641 3210 4684 et
3242 4631 3288 4685 si
3323 4630 3456 4684 tales
3495 4637 3630 4710 sunt
3669 4628 3790 4682 dies

527 4703 733 4768 szeculi,
760 4698 1104 4771 consequens
1141 4704 1243 4756 erit
1279 4702 1621 4757 traditionem
1655 4702 1890 4757 similem
1922 4716 2043 4755 esse
2069 4702 2369 4771 intelligere
2398 4698 2536 4770 quae
2560 4700 2689 4754 dicit
2729 4718 2740 4753 :
2772 4698 2817 4750 “‹
2872 4698 2939 4753 Et
2992 4716 3166 4771 annos
3203 4713 3436 4754 aeternos
3494 4699 3548 4752 in
3605 4706 3790 4771 mente

530 4773 717 4838 habui,
749 4782 802 4827 et
831 4768 1125 4827 meditatus
1165 4789 1284 4827 sum
1328 4783 1485 4827 nocte
1516 4789 1639 4827 cum
1670 4774 1835 4828 corde
1871 4786 2011 4835 meo,
2046 4768 2359 4833 exercebar,
2394 4768 2446 4825 et
2480 4771 2913 4825 contribulahain
2962 4770 3211 4839 spiritum
3266 4784 3443 4839 meum
3490 4787 3503 4822 :
3538 4776 3593 4823 et
3622 4768 3784 4839 dixi:

526 4841 646 4898 Non
680 4836 732 4897 in
764 4844 960 4898 saecula
994 4843 1237 4913 projiciet
1272 4843 1431 4898 Deus.
1472 4862 1491 4893 ι
1538 4842 1602 4896 Ει
1626 4841 1876 4913 ἴοι-ιθηυι
1902 4843 2383 4913 audacter-dicam,
2415 4841 2467 4894 in
2505 4841 2702 4913 saecula
2739 4840 2959 4913 quidem
2993 4836 3101 4894 non
3127 4840 3377 4913 projiciet
3416 4838 3560 4913 Deus
3590 4854 3604 4891 ;
3642 4836 3787 4913 inul-

527 4923 642 4967 tum
670 4923 754 4992 est
779 4914 924 4970 enim
960 4907 1015 4968 et
1042 4907 1104 4967 ἰιῖ
1124 4929 1231 4969 uno
1256 4914 1456 4992 saeculo
1490 4913 1756 4992 projicere
1790 4912 1958 4992 Deum
1993 4928 2007 4965 :
2061 4912 2310 4992 projiciet
2352 4907 2797 4992 autem-forsitan
2831 4920 2885 4965 et
2910 4911 2992 4991 in.
3018 4907 3257 4992 secundo
3306 4907 3789 4992 saaculo.,”quan_do

527 4987 773 5053 quaedam
802 4993 1017 5053 peccata
1052 5001 1156 5037 non
1186 4984 1561 5046 remittuntur,
1590 4999 1691 5036 nec
1716 4983 1776 5053 in
1816 4983 1942 5045 hoc,
1971 4997 2071 5053 nec
2099 4983 2150 5035 in
2188 4982 2368 5035 futuro
2395 4982 2615 5053 sarculo.

2648 4980 2782 5047 Quis
2809 4997 2947 5051 ergo
2980 4980 3210 5051 idoneus
3241 4988 3326 5051 est
3369 4994 3465 5051 se;
3506 4978 3629 5032 illos
3666 4977 3789 5031 dies

525 5048 583 5123 et
605 5048 894 5123 septimum
922 5054 1275 5122 requietionis
1306 5053 1373 5107 ad
1410 5052 1725 5122 hujusmodi
1757 5053 1873 5123 dies
1896 5051 2138 5123 thei're,
2172 5060 2376 5123 etpost
2412 5050 2646 5123 Sabbata
2688 5059 2742 5105 et
2778 5048 3128 5123 Neo'menias,
3163 5057 3217 5103 et
3258 5049 3312 5102 in
3365 5048 3543 5118 primo
3593 5062 3786 5123 mense

527 5117 871 5189 festivitates,
903 5133 956 5178 et
986 5117 1038 5178 in
1072 5135 1264 5195 quarta
1300 5117 1509 5195 decima
1540 5123 1629 5177 die
1663 5122 1866 5176 mensis
1893 5117 2131 5195 Pascha,
2154 5130 2219 5195 et
2239 5117 2291 5174 in
2327 5121 2920 5195 cieteris-Azymorum?
2944 5119 3041 5195 _Sie
3063 5128 3243 5195 autem
3270 5132 3504 5195 sequens
3537 5117 3664 5186 quis
3696 5131 3786 5169 ra-

534 5195 759 5259 tionem,
788 5195 839 5249 in
860 5187 1124 5265 abyssum
1157 5196 1315 5249 cadet
1345 5193 1744 5257 intellectuum,
1781 5201 2006 5265 caeteras
2044 5190 2365 5265 festivitates
2390 5187 2718 5265 existimans
2753 5191 3052 5265 secundum
3088 5188 3402 5265 hqjusmodi
3438 5187 3575 5265 dies,
3608 5195 3784 5265 et-to-

526 5277 640 5319 tum
665 5255 1021 5334 septimanale
1047 5280 1326 5335 magnum,
1358 5265 1410 5317 in
1434 5279 1544 5333 quo
1573 5255 1923 5335 pauperibus,
1948 5268 2002 5315 et
2023 5262 2267 5327 advenis,
2294 5271 2348 5316 et
2390 5261 2578 5335 bestiis
2605 5270 2761 5315 terra:
2788 5260 2955 5335 donat
2980 5259 3120 5314 Deus
3146 5255 3375 5323 fructus,
3406 5259 3498 5335 qui
3520 5273 3586 5312 ex
3611 5255 3787 5326 prima

526 5345 684 5389 terra:
711 5329 1029 5403 operatione
1057 5329 1166 5389 sint
1194 5334 1359 5405 geniti
1391 5329 1716 5402 iii—tempore
1743 5348 1879 5405 cum
1900 5330 2012 5400 jam
2048 5346 2207 5405 nemo
2252 5331 2567 5405 Oper-abitur
2610 5339 2831 5384 terram.
2877 5329 3151 5405 Abyssuni
3187 5338 3368 5405 autem
3399 5329 3524 5405 dico
3563 5336 3788 5404 propter

524 5398 864 5460 altitudinem
894 5398 1231 5471 dogmatutn',
1268 5414 1325 5456 ut
1351 5398 1653 5459 ascendens
1679 5404 1802 5472 quis
1834 5398 2011 5455 videat
2052 5398 2565 5472 quinquagesimum
2602 5415 2804 5472 annum
2833 5441 2846 5461 ,
2892 5398 3099 5472 etquae
3123 5400 3187 5452 dc
3214 5413 3281 5452 eo
3316 5398 3370 5451 in
3421 5399 3537 5468 lege
3581 5398 3791 5451 consti-

530 5486 778 5541 tuuntur,
813 5484 869 5530 et
899 5469 1287 5544 adimplentur.
1318 5473 1422 5528 Sed
1451 5469 1755 5542 quietem—cs
1786 5488 1948 5544 unam
1985 5469 2274 5544 proposita:
2305 5469 2575 5544 parabolae
2596 5470 2763 5544 diem,
2798 5479 2857 5544 et
2888 5469 3263 5544 existimantes
3300 5483 3419 5522 eam
3445 5482 3568 5522 esse
3611 5474 3787 5544 totum

530 5546 633 5627 hpc
659 5536 919 5627 saeculum
959 5536 1219 5627 praisens,
1254 5536 1662 5623 intravimusin
1695 5536 2030 5621 altitudines,
2050 5536 2209 5620 opus
2244 5536 2503 5622 habentes
2541 5562 2557 5591 ι
2591 5540 2797 5608 Spiritu
2828 5537 3040 5619 Dciqui
3071 5539 3257 5618 omnia
3291 5546 3591 5627 scrutatur,
3613 5536 3780 5627 etiam

529 5616 844 5671 altitudines
880 5606 995 5670 Dei.
1032 5637 1051 5666 ι
1089 5606 1411 5685 Εευτιυιοω
1443 5614 1701 5669 existimo
1725 5612 1985 5682 quoniam
2019 5606 2159 5666 sicut
2198 5610 2250 5665 in
2309 5614 2455 5667 exitu
2488 5606 2980 5666 consummationis
3013 5608 3141 5661 anni
3188 5606 3437 5676 quaedam
3469 5607 3614 5664 dicta
3659 5613 3791 5660 sunt

601 5726 647 5756 ⁸³
687 5727 705 5777 l
744 5723 887 5779 Tim.
921 5742 994 5793 tv,
1030 5727 1080 5793 λι,
1118 5728 1174 5779 ‘2.
1251 5726 1507 5780 “Matth.
1544 5742 1639 5780 xm

603 5838 715 5909 (lii)
755 5837 1002 5909 Πάντες.
1043 5840 1224 5893 Codex
1257 5839 1477 5909 Regius,
1515 5840 1708 5893 πάντα.

605 5907 716 5977 (15)
756 5905 937 5961 Codex
988 5905 1449 5980 Auglicatius,"di;
1473 5909 1567 5964 καὶ
1596 5911 1734 5964 κατὰ
1756 5907 1845 5963 τοῦ
1879 5908 2102 5980 σπόρου.

2287 5842 2397 5914 (16)
2452 5837 2842 5909 Ἀφ’·ἐκιαψαν.
2884 5835 3024 5907 Lege
3053 5833 3375 5906 ἀνέγραψεν.
