4086 6412
325 347 463 401 1343

1258 340 1616 401 COMMENT.
1659 343 1726 398 ΙΝ
1765 337 2186 401 ΜΑΤἸῚΙᾹΞΕΜ
2223 338 2462 401 TOMUS
2494 341 2609 403 XV.

3464 348 3602 409 1546

321 466 440 520 ελον
469 465 582 535 (17)
615 465 887 520 ἐνεστῶτα
915 467 1084 519 αἰῶνα
1118 466 1330 538 ἡμέραν
1351 467 1475 521 τινὰ
1510 469 1705 529 εἰπεῖν,
1733 467 1901 538 μεγά-

2010 478 2178 522 totam
2234 477 2555 539 prmsentem
2612 476 2823 524 aetatem
2880 469 3022 525 diem
3071 472 3363 542 quamdam
3421 476 3603 531 dicere

320 558 421 630 ὶην
457 558 559 629 μὲν
592 558 668 619 ὡς
705 559 842 629 πρὸς
883 560 1051 629 ἡμᾶς.
1099 558 1302 629 μικρὰν
1334 558 1391 611 δέ
1425 575 1547 611 τινα
1590 560 1685 611 καὶ
1730 559 1904 628 ὀλιγο-

319 647 534 718 χρόνιον
564 648 640 711 ὡς
669 647 809 718 πρὸς
835 648 933 719 τὴν
958 648 1052 700 τοῦ
1083 646 1241 710 Θεοῦ,
1271 648 1365 700 καὶ
1396 648 1490 701 τοῦ
1519 649 1777 721 Χριστοῦ,
1810 651 1906 702 καὶ

319 736 417 791 τοῦ
454 739 612 808 ἀγίου
648 738 965 809 Πνεύματος
1007 737 1151 811 ζωήν
1175 756 1188 769 ο
1229 740 1368 810 τάχα
1401 740 1511 811 γὰρ
1539 740 1633 793 καί
1656 758 1765 793 τισι
1797 741 1906 793 τῶν

322 828 611 898 μακαρίων
627 827 928 900 δυνάμεων,
962 830 1057 882 καὶ
1082 830 1590 902 ὲπαναϐεόηκυιῶν,
1622 835 1905 906 συγκρίσει

320 918 429 972 τῶν
477 919 685 973 πολλῶν
727 921 971 991 γενητῶν
1022 920 1156 993 (l8),
1206 922 1274 975 τὰ
1327 923 1477 975 κάτω
1525 925 1625 994 τῆς
1670 926 1907 997 ἀρχικῆς

322 1010 575 1082 Τριάδος,
610 1011 766 1080 λόγον
798 1011 909 1083 ἔχει
931 1013 1052 1076 ὅλος
1073 1014 1102 1065 ὁ
1127 1013 1361 1078 ἐνεστὼς
1391 1015 1523 1068 αἰὼν
1543 1015 1620 1079 ὡς
1653 1017 1788 1088 πρὸς
1810 1016 1907 1088 τὴν

319 1100 468 1173 ζωὴν
497 1102 706 1167 αὐτῶν,
736 1104 799 1157 ὃν
829 1104 988 1173 λόγον
1020 1103 1188 1175 ἔχειὴ
1227 1107 1357 1175 παρ’
1385 1103 1692 1175 ἀνθρώποις
1723 1107 1908 1176 ἡμέρα

318 1191 459 1262 πρὸς
502 1194 623 1247 ὅλον
668 1194 761 1248 τὸν
814 1195 1037 1248 δυνατὸν
1070 1195 1342 1267 ἀνθρώπῳ
1368 1194 1467 1267 ζῇν
1499 1197 1710 1268 χρόνον.
1761 1199 1823 1251 Εἰ
1850 1198 1907 1251 δὲ

317 1283 558 1337 τοιοῦτον
601 1303 655 1338 τι
713 1287 1009 1358 μυστήριον
1077 1288 1134 1339 ὲν
1187 1288 1592 1360 Δευτερονομίῳ
1652 1288 1906 1360 δηλοῦται

318 1373 461 1426 κατά
504 1374 603 1445 τὴν
630 1375 775 1447 ᾠδὴν
814 1371 936 1450 ὲνῇ
971 1377 1310 1448 γέγραπται·
1360 1398 1379 1430 ι
1440 1379 1730 1451 Μνήσθητε
1774 1381 1909 1451 ἡμέ-

321 1484 423 1538 ρας
453 1467 653 1531 αἰῶνος
681 1508 695 1533 ,
749 1486 768 1519 t
807 1468 840 1538 ἢ
878 1468 972 1539 μὴ,
1017 1467 1243 1540 ζητήσει
1270 1472 1299 1523 ὁ
1336 1469 1662 1539 δυνάμενος·
1708 1469 1826 1523 εἷτα
1860 1473 1907 1524 εἰ

316 1557 563 1612 τοιαῦται
591 1559 649 1613 αἱ
682 1560 888 1631 ἡμέραι
929 1560 1146 1624 αἰῶνος,
1177 1561 1253 1623 ὡς
1280 1561 1575 1615 ἀκόλουθον
1599 1563 1664 1616 ἂν
1696 1563 1782 1635 εἴη
1808 1566 1908 1635 τὴν

319 1651 702 1724 παραπλήσιον
736 1650 963 1723 ἐκδοχὴν
1003 1652 1202 1705 ἐννοεῖν
1237 1653 1318 1716 εἰς
1350 1652 1441 1705 τόδ
1482 1672 1500 1704 ι
1549 1654 1682 1725 Ἕτη
1718 1653 1909 1710 αἰώνια

318 1743 637 1814 ἐμνήσθην,
692 1744 785 1796 καὶ
821 1743 1133 1814 ἐμελέτησα
1183 1744 1380 1807 νυκτὸς
1441 1743 1580 1814 μετά
1627 1746 1725 1816 τῆς
1773 1764 1910 1818 καρ-

314 1833 435 1898 δίας
480 1834 590 1906 (19)
629 1852 766 1905 μου·
804 1834 1154 1905 ἡδολέσχουν,
1196 1837 1289 1889 καὶ
1331 1835 1560 1889 ἔσκαλλε
1597 1837 1658 1889 τὸ
1688 1838 1907 1909 πνεῦμά

321 1941 423 1993 μου
449 1964 464 1988 ,
501 1926 595 1977 καὶ
640 1920 797 1977 εῖπαο
834 1925 926 1997 Ml)
962 1927 1043 1990 εἰς
1068 1928 1196 1991 τοὺς
1235 1927 1440 1989 αἰῶνας
1476 1928 1757 1982 ἀπώσεται
1790 1930 1903 1985 Κύ-

321 2031 475 2086 ριος;
520 2034 538 2066 t
576 2016 685 2068 Καὶ
719 2015 880 2086 τάχα,
915 2017 1001 2069 ἵνα
1042 2018 1441 2091 τολμηρότερον
1477 2020 1638 2085 εἴπω,
1683 2024 1763 2086 εἰς
1806 2025 1906 2093 μὲν

314 2103 446 2167 τοὺς
479 2103 683 2168 αἰῶνας
705 2105 804 2157 οὐκ
837 2104 1115 2158 ἀπώσεται
1154 2107 1378 2177 Κύριος,
1408 2107 1541 2162 πολὺ
1564 2108 1673 2179 γὰρ
1700 2109 1795 2163 καὶ
1826 2113 1906 2175 εἰς

314 2193 415 2245 ἕνα
440 2195 610 2247 αἰῶνα
633 2194 956 2249 ἀπώσασθαι
977 2195 1180 2267 Κύριον
1204 2215 1219 2229 ·
1255 2197 1535 2252 ἀπώσεται
1567 2199 1624 2253 δὲ
1651 2200 1789 2270 τάχα
1812 2203 1906 2255 καὶ

313 2284 399 2347 εἰς
428 2285 679 2357 δεύτερον
710 2285 881 2340 αἰῶνα
906 2326 920 2348 ,
954 2288 1040 2340 ὅτε
1075 2290 1174 2342 οὒκ
1204 2290 1422 2359 ἀφίεται
1458 2292 1490 2362 ἡ
1516 2291 1694 2345 τοιάδε
1724 2293 1904 2364 ἀμαρ-

312 2376 408 2428 τία
457 2374 579 2428 οὔτε
633 2379 691 2430 ὲν
742 2375 820 2448 τῷ
883 2378 978 2434 νῦν
1019 2379 1198 2438 αἰῶνι.
1234 2380 1358 2434 οὔτε
1407 2383 1465 2435 ὲν
1509 2381 1589 2453 τῷ
1635 2383 1900 2454 μέλλοντι.

316 2466 419 2528 Τίς
459 2461 554 2519 οὖν
612 2465 720 2538 ἄρα
785 2468 968 2532 ἱκανὸς
1013 2468 1113 2532 τὰς
1138 2469 1197 2534 ἒξ
1226 2470 1456 2542 ἡμέρας,
1491 2472 1585 2525 καὶ
1627 2473 1725 2544 τὴν
1774 2473 1905 2527 ἀνα-

318 2557 566 2621 στάσεως
608 2558 842 2629 ὲϐδόμην
882 2559 975 2611 ὲπί
1020 2560 1274 2623 τοιαύτας
1320 2562 1619 2629 ἀναγαγεῖν
1666 2561 1901 2632 ἡμέρας,

313 2645 412 2698 καὶ
428 2646 566 2715 μετά
578 2646 644 2699 τά
666 2646 911 2701 σάϐϐατα
922 2645 1021 2712 τὰς
1032 2649 1347 2720 νουμηνίας,
1367 2650 1571 2713 καὶτὰς
1584 2653 1642 2703 ὲν
1657 2650 1736 2720 τῷ
1750 2650 1902 2722 πρώ-

310 2749 393 2803 τῳ
425 2736 557 2805 μηνὶ
589 2735 801 2807 ἑορτὰς,
846 2736 937 2789 καὶ
970 2739 1036 2807 τῇ
1070 2739 1639 2812 τεσσαρεσκαιδεκάτῃ
1667 2738 1762 2792 τοῦ
1795 2757 1902 2812 μη-

311 2824 407 2887 νὸς
436 2825 621 2897 ἡμέρᾳ
650 2827 861 2897 Πάσχα,
893 2830 987 2881 καὶ
1009 2832 1131 2891 ταῖς
1169 2828 1298 2898 ἑξῆς
1337 2828 1447 2899 (20)
1480 2829 1590 2884 τῶν
1634 2829 1899 2901 ἀζύμων;

309 2915 476 2969 Οὕτω
498 2916 555 2970 δὲ
580 2917 841 2987 ἀνάλογον
866 2921 946 2982 εἰς
974 2918 1208 2972 ἄϐυσσον
1238 2937 1323 2983 τις
1353 2921 1672 2990 ἐμπεσεῖται
1694 2925 1902 2993 νοημά-

306 3023 446 3082 των,
492 3008 587 3060 καὶ
617 3009 717 3072 τὰς
752 3007 944 3072 λοιπὰς
976 3010 1171 3080 ἑορτὰς
1216 3011 1275 3063 ὲν
1315 3009 1594 3076 τοιαύταις
1639 3015 1904 3082 φανταζό-

293 3066 480 3166 κμενος
505 3066 759 3169 ἡμέραις,
802 3100 895 3153 καὶ
923 3066 1050 3154 ὃ).οᾴ
1073 3066 1165 3153 τὸν
1194 3100 1544 3171 ἑϐδοματικὸν
1573 3066 1686 3175 (εἰ)

2007 559 2304 627 possimus,
2342 560 2512 613 nostri
2548 559 2767 629 quidem
2821 562 3030 615 ratione
3068 561 3274 627 habita,
3305 578 3599 631 magnam;

2008 650 2260 718 exiguam
2286 665 2418 704 vero
2451 657 2506 704 et
2528 652 2768 714 brevem,
2806 652 2850 706 si
2877 668 3001 706 cum
3043 652 3160 718 Dei,
3191 662 3245 706 et
3276 655 3504 719 Christi,
3547 663 3604 709 et

2009 738 2251 810 Spiritus
2301 742 2477 795 sancti
2527 742 2637 795 vita
2696 743 3104 798 contendatur:
3158 745 3426 814 siquidem
3464 758 3602 815 pra!-

2008 848 2138 887 sens
2171 841 2302 886 tetas
2329 833 2575 888 eamdem
2620 834 2854 889 fortasse
2898 835 3162 891 rationem
3207 837 3369 892 habet
3417 840 3482 891 ad
3516 840 3599 893 vi-

2010 932 2118 977 tam
2146 924 2428 979 beatarum
2464 925 2824 993 quarumdam
2861 934 3213 994 potestatum,
3243 944 3477 998 qumque
3506 947 3598 1001 ge.-

2008 1015 2141 1069 nitis
2170 1015 2548 1085 compluribus
2581 1016 2811 1080 collatae,
2850 1020 3163 1087 superiores
3189 1020 3273 1074 his
3302 1028 3599 1077 evaserunt

2010 1122 2135 1176 quae
2168 1106 2307 1160 infra
2342 1123 2526 1162 rerum
2550 1109 2792 1162 omnium
2823 1111 3236 1166 moderatticem
3277 1112 3596 1169 Trinitatem

2009 1195 2184 1265 posita
2217 1208 2366 1259 sunt,
2417 1212 2580 1265 quam
2627 1200 2881 1253 humanae
2943 1200 3066 1253 vita:
3122 1202 3237 1256 dies
3294 1203 3362 1256 ad
3422 1212 3597 1258 totum

2009 1296 2224 1354 tempus
2249 1287 2514 1341 rationem
2559 1288 2741 1348 habet.
2769 1290 2834 1343 ad
2876 1293 3021 1358 quod
3058 1291 3295 1347 hominis
3325 1293 3431 1346 vita
3475 1310 3600 1363 pro—

2010 1378 2159 1447 gredi
2195 1386 2393 1447 potest.
2422 1377 2504 1430 An
2529 1388 2709 1433 autem
2735 1380 2840 1434 tale
2868 1380 3088 1450 aliquod
3122 1382 3437 1451 mysterium
3468 1399 3600 1453 ape-

2011 1467 2206 1526 riatur,
2260 1481 2447 1527 necne,
2511 1467 2564 1519 in
2620 1482 2685 1521 co
2746 1467 3157 1523 Deutcronomii
3213 1471 3448 1535 cantico,
3507 1474 3598 1527 ulti

2011 1558 2272 1626 scriptum
2299 1560 2493 1613 est“:
2532 1576 2551 1608 ι
2596 1559 2919 1615 Mementote
2964 1563 3069 1617 dici
3116 1564 3324 1627 saeculi,
3367 1583 3385 1615 ι
3415 1564 3598 1634 ἰηίμιίο·

2010 1656 2091 1703 ret
2118 1648 2208 1716 qui
2234 1647 2461 1716 poterit;
2490 1655 2606 1701 tum
2646 1648 2842 1702 deinde
2878 1649 2923 1703 si
2981 1652 3118 1707 tales
3170 1662 3299 1707 sunt
3332 1654 3449 1708 dies
3497 1669 3601 1709 sae-

2011 1740 2142 1803 culi,
2178 1748 2237 1794 ut
2264 1741 2580 1795 necessario
2603 1750 2971 1809 consequatur
3012 1742 3264 1797 similiter
3314 1745 3598 1814 explican‘

1938 1812 1980 1866 Β
2009 1831 2139 1885 dum
2165 1845 2288 1885 esse
2317 1831 2463 1885 hunc
2495 1831 2677 1885 locum
2703 1830 2782 1882 l“z
2803 1849 2821 1880 ι
2852 1831 3041 1885 Annos
3069 1843 3301 1888 internus
3326 1812 3599 1890 inplente

2008 1921 2196 1988 habui,
2233 1930 2287 1976 et
2319 1922 2612 1975 meditatus
2641 1935 2766 1975 sum
2799 1932 2958 1976 nocte
3006 1937 3129 1976 cum
3171 1923 3336 1978 corde
3364 1939 3508 1990 meo,
3542 1935 3598 1980 et

2006 2012 2365 2075 exercitabar,
2402 2019 2457 2065 et
2482 2010 2771 2080 scopebam
2822 2010 3074 2078 spiritum
3107 2026 3312 2078 meum,
3345 2023 3400 2067 et
3431 2012 3540 2067 dixi
3578 2032 3592 2067 :

2006 2101 2261 2173 Nunquid
2289 2105 2341 2156 in
2371 2102 2569 2157 saecula
2591 2101 2842 2172 projiciet
2878 2100 3057 2156 Deus?
3093 2121 3111 2154 t
3155 2102 3219 2157 Et
3250 2102 3503 2172 fortasse,
3535 2113 3595 2159 ut

2007 2193 2301 2247 audentius
2339 2193 2541 2257 dicam,
2584 2193 2638 2246 in
2670 2191 2867 2247 saecula
2903 2192 3117 2260 quidem
3170 2190 3434 2249 Dominus
3484 2210 3593 2249 non

2006 2285 2253 2355 pt‘ojicict
2296 2306 2307 2341 :
2339 2285 2566 2339 multum
2592 2286 2793 2353 quippe
2818 2293 2902 2338 est
2920 2284 3002 2336 vel
3034 2285 3086 2337 in
3124 2299 3295 2338 unum
3331 2286 3593 2341 smculuut

2011 2374 2304 2430 Dominum
2337 2375 2632 2444 projicere;
2659 2375 2753 2429 sed
2782 2375 2917 2426 etin
2958 2373 3188 2427 alterum
3229 2372 3459 2430 fortasse
3486 2390 3592 2431 sae-

2007 2465 2190 2519 culum
2219 2464 2493 2534 projiciet,
2520 2478 2645 2517 cunt
2669 2472 2878 2516 certum
2908 2462 3074 2515 hocce
3096 2470 3379 2530 peccatum
3415 2477 3513 2518 nec
3538 2464 3591 2517 itt

2004 2534 2258 2625 praesenti
2298 2557 2501 2611 saeculo
2549 2555 2880 2619 remittatur,
2916 2568 3092 2623 neque
3126 2554 3179 2607 in
3223 2553 3423 2609 futuro.
3457 2553 3593 2620 Qui:

2004 2662 2135 2717 ergo
2161 2647 2227 2701 ad
2258 2646 2529 2716 ejusmodi
2562 2645 2700 2711 dies,
2727 2658 2820 2699 sex
2846 2643 2985 2709 dies,
3004 2653 3059 2698 et
3091 2645 3383 2714 septimum
3409 2660 3593 2701 resur-

2005 2740 2264 2795 rectionis
2284 2740 2427 2795 diem
2451 2738 2652 2793 referre
2671 2736 2887 2806 poterit,
2904 2744 3100 2805 etpost
3118 2735 3356 2792 Sabbata
3370 2736 3603 2794 Neomc-

2003 2831 2146 2897 nias,
2168 2830 2336 2901 699
2360 2837 2415 2884 et
2438 2829 2597 2898 primi
2627 2825 2834 2882 mensis
2860 2826 3179 2882 festivitates
3195 2867 3211 2892 ,
3252 2836 3307 2883 et
3329 2830 3472 2898 quod
3489 2831 3589 2885 de-

2003 2921 2149 2975 cimo
2176 2928 2374 2989 quarto
2403 2917 2610 2972 mensis
2631 2915 2719 2971 die
2740 2955 2755 2981 ,
2780 2915 3116 2985 reliquisque
3135 2930 3450 2986 azymorum
3471 2915 3589 2970 die-

2004 3013 2106 3067 bus
2130 3009 2340 3066 Pascha
2362 3008 2713 3065 celebratur?
2741 3007 3000 3077 Reliquas
3034 3007 3162 3060 item
3191 3006 3510 3061 festivitates
3534 3008 3590 3060 in

2002 3104 2270 3173 ejusmodi
2288 3103 2480 3157 diebus
2504 3102 2620 3171 pari
2652 3100 2865 3155 ratione
2895 3098 3104 3168 [lugens
3134 3099 3429 3168 quispiam,
3459 3113 3589 3153 nec-

301 3190 426 3253 τὸν,
452 3189 511 3241 ὲν
535 3180 581 3256 ᾧ
624 3193 858 3261 πτωχοῖς
883 3190 979 3244 καὶ
1013 3190 1396 3262 προσηλύτοις,
1428 3195 1522 3247 καὶ
1549 3197 1662 3258 τοῖς
1693 3195 1901 3268 Θηρίοις

2008 3211 2116 3251 non
2146 3205 2202 3250 et
2228 3195 2680 3249 hebdomadicum
2713 3206 2918 3246 annum
2945 3190 3000 3245 in
3029 3206 3140 3262 quo
3183 3191 3370 3260 egenis
3400 3200 3457 3245 et
3490 3192 3591 3246 ad-

303 3276 413 3347 τὴς
446 3276 550 3346 γῆς
578 3277 860 3347 χαρίζεται
881 3281 910 3333 ὁ
935 3279 1068 3343 Θεὸς
1093 3280 1219 3344 τοὺς
1245 3283 1310 3335 ὲκ
1337 3283 1610 3355 προτέρας
1628 3286 1902 3357 γεωργίας

302 3364 702 3431 ἀνατέλλοντας
756 3369 1031 3440 καρποὺς,
1087 3371 1147 3423 ἐν
1207 3370 1385 3442 καιρῷ
1436 3371 1512 3443 μὴ
1552 3378 1902 3447 γεωργουμέ-

303 3474 409 3529 νην
441 3457 574 3527 (2ο).
605 3459 702 3522 Τίς
744 3459 802 3513 δὲ
848 3461 1071 3514 δύναται
1105 3462 1375 3533 ἀναϐῆναι
1407 3464 1499 3517 ἐπὶ
1543 3466 1636 3518 τὸν
1667 3467 1899 3538 ἀριθμὸν

303 3548 421 3599 τῶν
470 3547 572 3617 τῆς
607 3548 848 3603 ἀϐύσσου
882 3553 942 3605 ὲν
982 3554 1048 3622 τῇ
1095 3554 1642 3628 πεντηκονταετηρίδι
1680 3557 1903 3628 ἡμερῶν

303 3637 578 3706 (ἀϐύσσου
610 3640 667 3694 δὲ
698 3642 842 3711 λέγω
875 3644 965 3698 διὰ
1002 3645 1064 3697 τὸ
1100 3643 1265 3714 βάθος
1309 3646 1417 3699 τῶν
1449 3646 1781 3717 δογμάτων),
1816 3650 1904 3702 ἵνα

299 3746 393 3793 τις
425 3731 604 3802 ἀναϐῇ
633 3732 727 3785 καὶ
757 3733 841 3804 ἰτδῃ
882 3734 974 3787 τὸν
1015 3735 1380 3807 πεντηκοστὸν
1408 3736 1676 3798 ἑνιαυτὸν,
1702 3739 1796 3791 καὶ
1833 3738 1904 3792 τὰ

300 3821 366 3873 ὲν
429 3819 579 3890 αὐτῷ
627 3822 1098 3892 νενομοθετημένα
1144 3822 1530 3894 πληρούμενα;
1590 3823 1750 3876 Ἀλλὰ
1792 3826 1902 3896 γὰρ

297 3908 604 3980 ζητοῦντες
629 3910 731 3979 τὴν
765 3910 890 3979 μίαν
917 3911 1019 3981 τῆς
1052 3911 1379 3983 ὲκκειμένης
1418 3911 1735 3984 παραϐολῆς
1757 3915 1897 3984 ἡμέ-

300 4016 434 4071 ραν,
459 3998 558 4051 atati.
595 3998 917 4068 νομίσαντες
939 4000 1112 4072 αὐτὴν
1143 4001 1262 4055 ὂλον
1291 4001 1384 4054 τὸν
1406 4001 1678 4056 ἐνεστῶτα
1703 4003 1897 4067 αἰῶνα,

297 4090 577 4159 ἐλάθομεν
600 4090 866 4161 ἐμϐάντες
899 4094 980 4156 εἰς
1013 4091 1151 4164 βάθη
1185 4091 1346 4157 Θεοῦ,
1390 4091 1634 4163 δεόμενοι
1672 4111 1691 4143 ι
1733 4092 1898 4145 πνεύ-

298 4199 484 4255 ματος
508 4182 602 4235 τοῦ
628 4183 804 4237 πάντα
830 4186 1181 4256 ἐρευνῶντος,
1210 4184 1388 4238 καὶτὰ
1410 4182 1551 4254 βάθη
1569 4183 1665 4237 τοῦ
1691 4183 1846 4237 Θεοῦ.
1875 4204 1892 4235 t

309 4272 464 4342 Ἐγὼ
496 4272 542 4326 δ’
571 4269 745 4345 οἶμαι,
781 4276 883 4340 ὅτι,
914 4274 1103 4346 ῶσπερ
1142 4276 1228 4328 ἐπ’
1262 4274 1426 4345 ἐξόδῳ
1469 4275 1775 4338 συντελείας
1798 4273 1893 4328 τοῦ

292 4363 557 4420 ἐνιαυτοῦ
590 4364 806 4438 εἴρηταί
829 4384 953 4421 τινα
976 4366 1087 4421 δεῖν
1109 4367 1373 4437 γίνεσθαι,
1407 4367 1580 4430 οὕτως
1616 4368 1776 4421 οἱονεὶ
1801 4367 1894 4420 ἐπὶ

292 4456 573 4510 πλειόνων
600 4455 813 4510 αἰώνων
843 4457 1139 4528 συντελείᾳ,
1171 4458 1280 4511 εἴτε
1312 4458 1559 4511 ἐνιαυτόν
1590 4474 1715 4511 τινα
1750 4473 1892 4528 συμ-

2009 3288 2182 3351 venis,
2209 3294 2264 3341 et
2302 3286 2493 3341 bestiis
2531 3295 2691 3339 terrae
2724 3283 2790 3337 ad
2832 3291 3046 3353 tempus
3081 3282 3294 3337 cultura
3345 3284 3591 3337 vacantis

2005 3393 2075 3432 ex
2097 3380 2276 3447 priore
2309 3375 2698 3447 agricolatione
2716 3374 3097 3444 provenientes
3129 3372 3335 3428 fructus
3362 3373 3591 3443 largitur

2006 3466 2172 3531 Deus,
2205 3468 2258 3521 in
2289 3467 2681 3537 cogitationum
2722 3465 3038 3532 voraginem
3074 3463 3409 3517 devolvetur.
3439 3462 3586 3529 ‘Quis

2002 3572 2131 3613 vero
2166 3573 2454 3612 numerum
2482 3558 2719 3621 dierum,
2749 3555 2841 3623 qui
2891 3557 2945 3609 in
2979 3554 3142 3623 spatii
3189 3555 3583 3624 quinquaginta

2001 3664 2268 3703 annorum
2298 3650 2487 3718 pelago
2517 3648 2849 3710 continetur,
2883 3654 3063 3701 mente
3091 3646 3353 3714 consequi
3409 3645 3585 3700 valeat

2001 3739 2248 3809 (pelagus
2275 3738 2422 3803 dico,
2447 3746 2668 3808 propter
2691 3736 3084 3791 sententiarum
3110 3734 3529 3805 profunditatem
3539 3747 3578 3799 ).

2001 3843 2064 3887 ut
2110 3832 2622 3902 quinquagesimum
2668 3842 2912 3894 annum,
2960 3842 3190 3897 quaeque
3247 3827 3299 3880 in
3347 3841 3414 3881 eo
3462 3826 3582 3883 ίίοεὶ

1999 3925 2268 3979 sancitum
2303 3929 2407 3987 est,
2454 3920 2640 3975 animo
2674 3926 2894 3974 evectus
2927 3919 3191 3989 completa
3242 3918 3582 3991 cognoscat?

1998 4010 2201 4066 Verum
2245 4010 2523 4066 enimvero
2576 4009 2705 4063 dum
2756 4023 2923 4064 unam
2966 4009 3258 4077 propositae
3311 4008 3583 4077 parabolae

1997 4104 2138 4160 diem
2166 4103 2593 4173 investigamus,
2628 4116 2857 4171 eamque
2900 4109 3071 4156 totum
3109 4102 3213 4156 hoc
3249 4116 3374 4157 esse
3402 4118 3576 4157 stet-u-

2001 4197 2113 4250 lum
2144 4210 2384 4266 praesens
2413 4193 2767 4259 arbitramur,
2796 4194 2851 4247 in
2885 4191 2978 4247 Dei
3025 4192 3422 4262 profunditates
3451 4208 3577 4246 nee.-

2004 4288 2152 4358 0pini
2179 4286 2503 4354 decidimus,
2524 4301 2661 4356 Opus
2693 4285 2956 4339 habentes
2985 4303 3004 4335 ι
3033 4283 3235 4353 Spiritu
3264 4284 3356 4354 qui
3390 4284 3577 4341 omnia

2001 4385 2296 4443 scrutatur,
2325 4376 2486 4431 etiam
2518 4373 2781 4445 profunda
2815 4372 2904 4428 Dei
2930 4374 2997 4428 ⁸⁷.
3037 4391 3056 4424 t
3092 4372 3206 4443 Ego
3227 4388 3357 4428 vero
3382 4374 3573 4429 existi-

2002 4484 2113 4533 mo,
2146 4466 2604 4536 quemadmodum
2652 4466 2706 4520 in
2760 4464 2866 4519 ﬁne
2906 4464 3400 4520 consummationis
3445 4467 3572 4520 anni

291 4546 682 4620 πληρούντων,
713 4547 823 4602 εἴτε
850 4549 879 4603 ὃ
913 4566 967 4602 τι
1001 4548 1222 4621 δήποτε,
1259 4569 1277 4601 ι
1314 4551 1395 4614 εἰς
1426 4548 1681 4619 ἀθέτησιν
1714 4549 1894 4623 ἀμαρ-

2004 4554 2247 4623 quzedain
2275 4553 2588 4624 contingere
2607 4553 2804 4607 debere
2829 4552 3035 4607 dictum
3065 4561 3172 4618 est,
3204 4552 3279 4608 ita
3318 4562 3573 4623 tauquam

1515 4684 1750 4743 VETUS
1787 4685 2379 4741 INTERPBETATIO.

288 4802 410 4876 ﬁeri
443 4812 726 4876 oportere,
759 4805 859 4876 sic,
879 4805 1045 4876 verbi
1081 4816 1275 4876 gratia,
1302 4814 1356 4859 et
1381 4806 1433 4860 in
1467 4804 1944 4876 consummatione
1969 4804 2301 4876 saeculorum
2334 4804 2631 4859 multorum
2661 4804 2776 4860 sive
2801 4819 3003 4859 annum
3033 4804 3268 4876 aliquem
3294 4802 3571 4876 complen-

288 4873 460 4938 tium,
483 4872 608 4928 sive
629 4874 788 4945 aliud
819 4874 1048 4944 aliquid,
1076 4872 1130 4928 i'n
1164 4875 1471 4945 abjeetione
1501 4875 1707 4943 peccati
1755 4875 2008 4945 apparuit
2034 4872 2192 4945 Jesus
2219 4884 2419 4945 noster
2452 4892 2467 4929 :
2500 4883 2559 4928 ut
2610 4882 2733 4944 post
2769 4874 3292 4945 consummationem
3339 4872 3571 4945 saeculo-

290 4959 445 5014 rutn,
475 4943 641 5014 quasi
677 4945 805 4997 anni
835 4942 1001 4998 unius
1032 4942 1269 5010 dierum,
1298 4942 1511 4999 iterum
1536 4945 1682 4999 aliud
1702 4942 1976 5014 succedat
2004 4943 2351 5012 principium,
2382 4952 2437 4998 et
2472 4964 2489 4994 ι
2525 4942 2775 4999 ostendat
2807 4943 2860 4997 in
2897 4943 3122 5014 saeculis
3137 4942 3570 5014 supervenienti-

289 5013 402 5067 bus
437 5011 919 5083 supereminentes
946 5015 1168 5069 divitias
1202 5015 1463 5069 bonitatis
1498 5029 1611 5068 suae
1643 5033 1661 5065 ι
1696 5013 1750 5067 in
1780 5027 1876 5067 eos
1906 5011 2044 5082 ques
2069 5011 2192 5079 ipse
2225 5014 2396 5077 novit,
2442 5015 2731 5069 ostendere
2774 5019 3043 5083 oportere.
3084 5011 3148 5065 Et
3182 5013 3295 5067 haec

3384 5012 3565 5066 uidetn

289 5082 550 5149 diximus
584 5093 807 5154 propter
835 5085 981 5139 diem
1009 5087 1102 5154 qui
1138 5085 1194 5138 in
1226 5085 1484 5154 parabola
1513 5085 1830 5138 nominatur
1862 5083 2135 5152 praesenti,
2166 5098 2329 5153 quem
2357 5092 2535 5154 potest
2558 5084 2682 5154 quis
2708 5082 3034 5137 conﬁrmare
3056 5084 3219 5136 etiam
3246 5097 3312 5135 ex
3339 5082 3572 5137 Joannis

368 5197 418 5229 ⁸³
462 5195 689 5251 Denter.
744 5211 920 5263 um,
973 5196 1027 5250 7.
1104 5197 1152 5229 "
1190 5194 1337 5250 Psal.
1371 5211 1558 5259 miri,
1592 5194 1647 5258 6,
1688 5195 1740 5260 7,
1772 5194 1826 5248 8.
1904 5194 1949 5226 "
1988 5193 2009 5246 Ι
2040 5193 2167 5247 Cor.
2202 5210 2261 5256 lt,
2293 5195 2381 5250 t0.

366 5288 486 5361 (Π)
529 5289 640 5341 Καὶ
675 5288 784 5357 ὅρα
808 5292 861 5344 εἰ
886 5288 1190 5361 δυνάμεθα
1219 5288 1328 5343 τὸν
1353 5287 1524 5354 ὅλον,
1559 5296 1664 5343 etc.
1706 5285 1885 5343 Theo-

283 5360 615 5435 phylactus.
1044 5360 1047 5361 ⁷

366 5430 488 5500 ('8)
530 5425 713 5500 deex
750 5427 972 5500 Regius,
1004 5428 1298 5500 γεννητῶν.

392 5492 487 5570 19)
536 5497 674 5570 ’ῌτη
696 5492 1264 5570 ᾳὶώνῗιαμέμίρήσέῖην,
1287 5492 1388 5570 ξς(ιί
1417 5495 1753 5570 ἐμελέτησα
1773 5512 1881 5551 νυ-

283 5565 436 5636 κτὸς
458 5565 618 5638 μετὰ
648 5565 757 5638 τῆς
795 5565 1060 5635 καρδίας,
1092 5565 1198 5624 etc;
1239 5568 1642 5638 Lxxapsahn.
1695 5582 1879 5638 uxrt,

280 5646 317 5697 ti
345 5662 358 5697 :
384 5635 530 5719 ’ίΕτη
584 5635 778 5719 αἰώνια
827 5638 1153 5719 ἐμνήσθηνμ
1179 5639 1274 5691 καὶ
1318 5636 1645 5719 ἐμελέτησαο
1673 5636 1881 5719 Δνυκτὸς

284 5713 431 5784 μετὰ
460 5706 565 5776 τῆς
598 5707 825 5779 καρδίας
864 5706 973 5777 μου
1004 5706 1361 5778 ἡδολέσχουνζ
1396 5710 1464 5763 At
1496 5706 1737 5775 Vulgata:
1769 5723 1885 5759 στιι

1987 5282 2138 5406 BM»:
2179 5286 2464 5354 altjiciunt,
2508 5299 2630 5355 quae
2680 5285 2927 5355 sequitur
2972 5299 3187 5353 vocem,
3235 5286 3560 5357 ἐμελέτησα.

2040 5369 2252 5406 υετιυε.

2023 5369 2319 5524 ἲ(ζῶυῇξαί
2370 5424 2500 5490 ταῖς
2547 5422 2709 5491 ἑξῆς.
2770 5423 2932 5478 Forte
2991 5423 3278 5493 legendum
3330 5424 3423 5478 καὶ
3466 5408 3569 5489 τὰς

1989 5495 2172 5634 ﬁgi)
2223 5564 2663 5632 Ἔὸδοματικόν.
2708 5563 2848 5633 Lege
2873 5562 3244 5634 ὲὸδομαδικόν.

2058 5636 2170 5706 (22)
2210 5634 2693 5714 Γεωργυτίμὲνην.
2747 5633 3052 5704 Legendum
3103 5633 3247 5689 forte
3293 5649 3564 5708 γεωργου-

1989 5708 2181 5777 μένης,
2216 5720 2407 5773 ncmpe
2432 5708 2555 5775 γῆς.
