4086 6412
323 429 464 486 I353

1256 420 1603 478 COMMENT.
1645 421 1711 476 IN
1749 419 2164 476 MATTIIASUM
2206 421 2442 478 TOIIUS
2480 421 2594 476 XV.

3445 413 3584 469 I351

317 545 613 616 ἀμπελῶνα
653 545 704 598 οἱ
742 544 1156 616 τεθαρρηκότως
1202 537 1647 612 ἀπολογούμενοι,
1687 543 1781 595 καὶ
1816 540 1904 593 λέ-

2009 555 2264 595 arcanam
2313 543 2637 597 sententiam
2676 540 2729 594 in
2774 541 2874 593 hac
2911 538 3077 592 totius
3125 536 3232 591 diei
3281 535 3346 589 ad
3393 536 3584 589 horam

318 652 527 702 γοντες·
560 654 578 686 ι
611 635 799 697 Οὐδεὶς
831 635 978 704 ἡμᾶς
1008 631 1367 702 ἐμισθώσατο.
1411 652 1428 683 ι
1463 633 1654 702 Ἡμεῖς
1689 631 1787 702 μὲν
1812 627 1905 684 οὖν

318 727 695 797 ἐτολμήσαμεν
735 724 959 778 τοιαῦτά
1002 741 1124 776 τινα
1169 724 1262 776 καὶ
1301 726 1365 776 ἐκ
1393 722 1602 775 πολλῶν
1635 722 1733 791 μὲν
1775 739 1907 790 φαν-

317 815 607 879 τασθέντες
639 815 890 887 Γραφῶν,
919 815 1014 867 καὶ
1037 815 1102 866 ἐκ
1124 813 1225 882 τῆς
1254 811 1620 883 προκειμένης
1647 811 1703 864 δέ
1733 821 1934 882 παρα-κ

315 905 480 976 ϐολῆς
512 907 710 970 εἰπεῖν,
737 907 818 968 εἰς
842 905 902 957 τὸ
943 904 1282 974 καταστῆσαι
1313 903 1430 965 πῶς
1467 903 1596 974 ὃλην
1629 903 1728 973 τὴν
1764 901 1904 971 ἠμέ-

321 1012 422 1064 ραν
448 996 743 1064 ἑστήκασιν
774 995 935 1064 ἀργοὶ
969 993 1119 1063 παρά
1157 993 1218 1044 τὸ
1253 992 1454 1061 μηδένα
1494 992 1691 1053 αὐτοὺς
1743 1007 1908 1059 μεμι-

319 1085 559 1140 σθῶσθαι
589 1087 638 1138 οἱ
671 1087 800 1156 περὶ
833 1085 930 1156 τὴν
958 1084 1246 1154 ἑνδεκάτην
1283 1084 1432 1155 ὦραν
1460 1081 1802 1152 κεκλημένοι.

2011 646 2184 699 usque
2217 631 2558 685 undecimam
2602 631 2910 685 cessatione
2943 628 3159 682 illorum
3190 641 3255 680 ac
3299 626 3412 681 otio
3451 625 3587 677 deli-
3618 624 3624 632 '

2009 731 2216 776 tescere
2261 724 2489 791 opinor;
2537 731 2788 792 prompto
2832 721 2979 777 enim
3027 731 3183 775 erant
3230 719 3298 774 ad
3342 719 3582 774 laborem

2008 813 2212 877 animo,
2241 827 2306 866 ac
2335 812 2610 880 expedito,
2641 813 2707 866 ad
2754 813 2968 867 vineam
3016 820 3196 865 autem
3227 809 3582 866 excolendam

2010 915 2118 953 non
2151 899 2598 953 conducebantur
2620 901 2713 968 qui
2736 901 3072 956 conﬁdenter
3097 916 3216 956 sese
3247 899 3583 954 excusabant

2009 991 2253 1045 dicentes
2303 991 2349 1020 ⁷³
2389 1009 2401 1042 ;
2447 1009 2464 1040 ι
2501 989 2673 1044 Nemo
2717 1007 2816 1046 nos
2855 992 3136 1047 conduxit.
3195 1012 3212 1043 ι
3260 990 3371 1046 Nos
3420 991 3579 1061 igitur

2014 1085 2129 1130 tum
2156 1076 2322 1130 variis
2348 1075 2668 1146 Seripturis,
2685 1087 2796 1132 tum
2820 1073 2874 1134 et
2897 1081 3172 1149 pr0posita
3199 1082 3301 1135 hac
3326 1079 3580 1150 parabola

318 1179 550 1242 inducti,
583 1179 710 1232 talia
734 1178 984 1247 quadam
1010 1179 1254 1246 proferre
1277 1176 1396 1230 ausi
1432 1175 1658 1235 fuimus,
1685 1183 1744 1226 ut
1766 1182 2001 1240 quonam
2035 1177 2194 1236 pacto
2228 1176 2342 1221 toto
2364 1168 2451 1222 die
2477 1169 2636 1223 otiosi
2662 1169 2908 1225 steterint
2939 1172 3034 1240 qui
3063 1173 3208 1224 circa
3237 1171 3580 1226 undecimam

314 1270 568 1324 advocati
594 1278 741 1332 sunt,
770 1267 915 1337 quod
963 1283 993 1321 a
1037 1267 1251 1322 nemine
1278 1267 1730 1327 conducerenlur,
1766 1261 2190 1317 deelararemus.

386 1363 448 1414 υἱ
476 1362 531 1414 δέ
578 1361 652 1432 μὴ
696 1362 1052 1432 ἀρεσκόμενοι
1086 1364 1199 1424 τοῖς
1237 1361 1497 1422 τοιούτοις
1543 1358 1776 1429 δόγμασι
1806 1358 1897 1410 λε-

2075 1355 2238 1424 703
2257 1353 2345 1409 55.
2383 1354 2594 1422 Quibus
2615 1364 2796 1412 autem
2821 1358 3046 1413 minime
3082 1358 3323 1412 arrident
3351 1361 3431 1412 liae
3453 1372 3584 1414 sen~

312 1452 561 1518 γέτωσαν
602 1456 734 1522 ἡμῖν
770 1455 868 1524 τὴν
901 1454 1028 1523 ὃλην
1071 1453 1301 1524 ἡμέραν,
1352 1453 1445 1504 καὶ
1482 1450 1609 1513 τοὺς
1657 1449 1900 1512 ἑστῶτας

2006 1447 2207 1509 tentias,
2266 1447 2429 1500 totius
2477 1447 2641 1516 hujus
2683 1449 2789 1503 diei
2837 1449 3284 1519 significationem
3339 1465 3438 1505 nos
3483 1451 3585 1505 do.

311 1543 446 1613 ὅλην
489 1543 704 1614 ἡμέραν
744 1545 969 1614 ἀργοὺς,
1006 1544 1256 1605 θέλοντας
1302 1540 1660 1613 ἐργάσασθαι,
1699 1539 1772 1610 μὴ
1806 1557 1898 1593 κε-

2003 1549 2184 1602 ccant,
2213 1553 2425 1592 necnon
2449 1549 2504 1592 et
2531 1553 2722 1592 eorum
2752 1540 2844 1608 qui
2869 1544 3218 1607 cum,animo
3248 1541 3314 1595 ad
3344 1541 3581 1596 laborem

315 1631 418 1701 κλη
429 1631 621 1700 μένους
649 1632 728 1694 εἰς
757 1632 848 1684 τὸν
878 1630 1196 1702 ἀμπελῶνα,
1228 1630 1323 1682 καὶ¹
1359 1627 1896 1700 παρρησιαζομένους

2003 1632 2198 1701 parati,
2245 1640 2360 1685 toto
2397 1632 2484 1685 die
2529 1632 2694 1686 otiosi
2717 1633 2988 1698 steterint,
3035 1635 3100 1687 ad
3154 1635 3366 1687 vineam
3423 1636 3584 1690 acciti

317 1725 374 1774 ἐν
407 1721 520 1791 τῷ·
569 1740 586 1771 ι
637 1722 823 1785 Οὐδεὶς
871 1724 1017 1793 ἡμᾶς
1067 1720 1440 1792 ἐμισθώσατο·
1479 1739 1497 1771 ι
1549 1722 1596 1772 εἰ
1624 1720 1732 1790 γὰρ
1771 1736 1896 1772 συν-

315 1813 530 1884 εσπάρη
560 1816 592 1883 ἡ
623 1813 770 1883 ψυχὴ
814 1813 894 1882 τῷ
923 1813 1156 1884 σώματι,
1207 1811 1324 1874 πῶς
1368 1811 1500 1880 ὃλην
1539 1811 1638 1880 τὴν
1678 1809 1895 1880 ἡμέραν

317 1907 661 1976 εἱστήκεισαν
711 1906 902 1974 ἀργοί;
956 1905 988 1974 ἢ
1043 1905 1349 1972 λεγέτωσαν
1403 1903 1535 1972 ἡμῖν
1589 1901 1672 1964 τίς
1711 1903 1744 1971 ἡ
1799 1899 1894 1973 ὅλη

315 1995 520 2066 ἡμέρα,
573 1995 667 2047 καὶ
708 1997 765 2046 ἐν
813 1995 947 2065 αὐτῇ
993 1994 1256 2064 διάφοροι,
1286 1995 1427 2046 κατὰ
1466 1991 1567 2054 τὰς
1607 1991 1896 2062 διαφόρους

314 2084 486 2154 ὥρας,
509 2084 728 2153 κλήσεις
744 2083 852 2136 τῶν
874 2085 1118 2155 ἐργατῶν
1143 2101 1156 2114 ο
1186 2084 1315 2136 πότε
1324 2099 1412 2151 ρον
1435 2082 1491 2134 δὲ
1518 2081 1776 2154 μακάριοι
1799 2081 1896 2152 μὲν

315 2176 364 2227 οἱ
407 2174 512 2227 ὑπὸ
543 2175 636 2227 τοῦ
673 2176 813 2228 κατά
841 2175 938 2245 τὴν
981 2173 1290 2246 παραϐολὴν
1317 2173 1693 2226 οἰκοδεσπότου
1729 2190 1894 2243 μεμι-

318 2264 607 2334 σθωμένοι,
639 2261 778 2336 ἦσαν
803 2265 860 2318 δὲ
903 2265 997 2318 καὶ
1026 2264 1173 2318 ἄλλοι
1221 2263 1626 2335 μεμισθωμένοι
1667 2264 1895 2334 ἐργάται

315 2357 435 2426 ἦτοι
461 2357 566 2408 ὑπὸ
592 2357 792 2428 ἑτέρων
821 2353 1232 2417 οἰκοδεσποτῶν,
1261 2355 1294 2424 ἢ
1325 2352 1418 2406 τοῦ
1445 2351 1607 2406 αὐτοῦ
1627 2368 1640 2381 ·
1666 2353 1758 2406 καὶ
1779 2353 1894 2423 ἢτοι
1940 2384 1952 2390 -

313 2448 377 2500 οὐ
411 2448 667 2518 μακάριοι
699 2447 732 2517 ἢ
777 2447 876 2517 οὐχ
913 2445 1086 2510 οὕτως
1126 2445 1403 2516 μακάριοι,
1434 2444 1574 2515 ὑπὲρ
1604 2445 1752 2514 ἡμᾶς
1777 2430 1894 2496 ἐστί

314 2540 440 2591 κατ’
470 2537 624 2603 ἀξίαν
655 2537 717 2589 τὸ
758 2537 998 2590 τοιοῦτον
1037 2536 1248 2605 νοῆσαι,
1295 2534 1328 2605 ἢ
1374 2534 1470 2587 καὶ
1516 2534 1592 2598 ῶς
1645 2533 1892 2604 νοοῦμεν,

314 2634 500 2704 γραφῇ
554 2630 622 2684 τά
666 2630 932 2702 νοούμενα
987 2629 1292 2683 πιστεῦσαι.
1336 2626 1477 2696 Ἐγὼ
1514 2627 1662 2698 ζητῶ
1690 2627 1783 2682 καὶ
1823 2627 1893 2682 τά

313 2726 422 2790 ἔξω
445 2723 537 2776 τοῦ
563 2723 902 2794 ἀμπελῶνος,
930 2724 1064 2776 ὅπου
1091 2722 1434 2793 εὑρίσκονται
1462 2720 1513 2772 οἱ
1536 2721 1763 2790 ἐργάται
1790 2721 1895 2774 ύπὺ

313 2815 410 2869 τοῦ
459 2814 764 2881 ἐξελθόντος
799 2815 999 2878 αὐτοὺς
1036 2813 1432 2884 μισθώσασθαι,
1481 2815 1576 2868 καὶ
1611 2815 1894 2867 ἐπισκοπῶ

317 2909 530 2977 μήποτε
555 2909 589 2977 ή
617 2905 768 2977 χώρα
794 2905 901 2959 τῶν
932 2904 1038 2976 πρὸ
1062 2903 1156 2956 τοῦ
1177 2904 1424 2974 σώματος
1449 2904 1637 2975 ψυχῶν
1663 2907 1832 2969 ἐστιν,
1863 2907 1893 2958 ὁ

2002 1741 2108 1778 non
2154 1735 2302 1790 sunt,
2328 1734 2382 1779 et
2413 1726 2465 1779 id
2514 1729 2846 1796 respondere
2881 1731 3000 1782 ausi
3050 1728 3304 1783 fuerunt:
3363 1749 3382 1781 ι
3413 1729 3586 1788 Nemo

2001 1830 2101 1870 nus
2135 1817 2430 1871 conduxit:
2489 1835 2508 1868 ι
2559 1833 2681 1871 nam
2728 1819 2773 1872 si
2809 1835 2914 1872 una
2961 1834 3085 1873 cum
3134 1835 3361 1888 corpore
3397 1822 3584 1876 anima

2002 1919 2118 1961 sata
2141 1916 2241 1970 est,
2273 1908 2548 1976 quomodo
2569 1917 2680 1962 toto
2703 1910 2790 1963 die
2819 1918 3082 1963 steterunt
3109 1910 3309 1964 otiosi?
3335 1911 3418 1965 vel
3437 1922 3584 1966 certe

2001 1997 2185 2050 dicant
2216 1997 2372 2051 nobis
2405 1997 2534 2067 quid
2581 1998 2651 2051 sit
2694 2005 2839 2051 totus
2876 1997 2965 2050 ille
2995 1998 3131 2063 dies,
3173 1995 3444 2066 variaeque
3481 2013 3579 2068 pro

2000 2087 2168 2141 variis
2185 2088 2334 2142 horis
2357 2087 2736 2157 operariorum
2764 2087 3074 2142 vocationes
3099 2105 3113 2142 :
3137 2103 3204 2141 an
3231 2098 3412 2142 autem
3434 2087 3577 2142 beati

2003 2177 2204 2232 fuerint
2230 2193 2369 2247 quos
2393 2178 2646 2233 laudatus
2677 2178 2729 2232 in
2749 2179 3008 2248 parabola
3035 2178 3428 2248 paterfamilias
3445 2193 3581 2234 con-

2001 2268 2183 2332 duxit;
2216 2278 2269 2322 et
2311 2277 2496 2323 utrum
2530 2269 2623 2323 alii
2673 2277 2860 2323 essent
2907 2269 3160 2325 conducti
3204 2273 3460 2340 operarii,
3493 2273 3579 2327 vel

2002 2357 2071 2412 ab
2101 2358 2220 2413 aliis
2263 2359 2769 2428 patribusfamilias.
2808 2360 2893 2414 vel
2935 2360 3004 2414 ab
3035 2361 3263 2427 eodem;
3295 2371 3350 2415 ct
3381 2377 3448 2416 an
3489 2378 3580 2420 ca-

2002 2460 2123 2505 Sent
2157 2450 2321 2517 beati,
2367 2451 2451 2506 vel
2499 2467 2607 2505 non
2650 2465 2804 2520 reque
2843 2451 3007 2515 beati,
3045 2466 3151 2520 pro
3194 2452 3270 2505 rei
3317 2453 3579 2520 dignitate

1999 2537 2420 2608 haudquaquam
2465 2547 2646 2592 mente
2692 2539 2976 2608 consequi,
3019 2540 3103 2594 vel
3151 2539 3293 2594 sicut
3323 2543 3574 2610 assequi-

1985 2643 2146 2694 .mur,
2177 2629 2251 2684 ita
2287 2629 2504 2700 scriptis
2537 2629 2754 2684 tradere
2803 2629 3066 2684 valemus.
3118 2628 3232 2700 Ego
3259 2633 3479 2700 quidem
3520 2643 3576 2687 et

1999 2719 2120 2775 loca
2151 2736 2272 2790 qua:
2324 2729 2452 2775 sunt
2494 2729 2648 2775 extra
2691 2722 2903 2776 vineam
2931 2722 3255 2792 pervestigo,
3291 2725 3345 2778 in
3374 2725 3575 2794 quibus

1991 2813 2233 2880 operarii
2265 2814 2333 2866 ab
2353 2827 2420 2866 eo
2453 2813 2546 2881 qui
2573 2813 2640 2866 ad
2666 2812 3050 2868 conducendos
3086 2814 3208 2869 illos
3237 2816 3394 2878 exiit,
3424 2832 3576 2886 repe-

2000 2903 2250 2968 riuntur;
2295 2911 2349 2956 et
2381 2915 2562 2957 utrum
2605 2905 2914 2958 animorum
2965 2906 3290 2974 corporibus
3331 2908 3574 2962 nondum

312 2998 421 3062 ἔξω
446 2997 545 3050 τοῦ
573 2995 888 3067 ἀμπελῶνος
916 2996 1078 3058 τόπος
1101 3011 1114 3026 ο
1153 2994 1413 3066 ἀμπελὼν
1449 2995 1506 3048 δέ
1543 2996 1602 3048 οὐ
1645 2997 1804 3066 μόνον
1824 2995 1894 3050 τὰ

2001 2993 2371 3048 immissorum
2404 2993 2543 3047 idem
2574 2994 2664 3049 ille
2689 2995 2761 3049 sit
2791 2995 2885 3064 qui
2916 3005 2969 3049 et
2997 3007 3147 3050 extra
3187 2998 3398 3053 vineam
3425 3001 3576 3056 locus

311 3088 465 3158 τῇδε,
496 3087 630 3139 ἀλλά
653 3087 746 3140 καὶ
771 3088 838 3140 τὰ
859 3087 962 3154 ἔξω
993 3087 1086 3141 τοῦ
1113 3086 1382 3158 σώματος,
1417 3087 1564 3151 ἔνθα,
1597 3083 1767 3158 οἶμαι,
1800 3090 1892 3159 ἐρ-

310 3173 572 3242 γάζονται
599 3175 644 3226 οἱ
669 3175 923 3245 ἐργάταιο
952 3177 1011 3228 οὐ
1045 3176 1152 3247 γὰρ
1184 3177 1242 3229 ἐν
1272 3176 1438 3247 ἀργίᾳ
1469 3177 1606 3230 εἰσὶν
1639 3179 1694 3231 αἱ
1723 3178 1895 3230 ἀπαλ-

310 3265 566 3333 λαγεῖσαι
603 3265 698 3318 τοῦ
739 3265 987 3336 σώματος
1022 3268 1268 3339 ἐργατῶν
1313 3267 1774 3338 παραληφθέντων
1813 3271 1893 3334 εἰς

309 3356 372 3409 τὸ
397 3357 596 3427 χωρίον
623 3357 716 3410 τοῦ
740 3357 1113 3412 οἰκοδεσπότου
1135 3359 1322 3430 ψυχαί.
1350 3360 1459 3412 Καὶ
1489 3359 1739 3431 Σαμουὴλ
1762 3359 1892 3428 γοῦν

236 3517 242 3524 l
310 3449 420 3515 ἔξω
466 3447 716 3520 σώματος
753 3450 1046 3520 εἰργάσατο
1081 3453 1441 3523 προφητεύων
1476 3452 1610 3521 (54),
1653 3453 1746 3505 καὶ
1792 3453 1878 3506 Ἱει

313 3537 512 3609 ρεμίας
543 3539 830 3608 εὐχόμενος
860 3540 1002 3612 ὑπὲρ
1031 3539 1125 3593 τοῦ
1156 3540 1304 3593 λαοῦ.
1347 3539 1760 3611 Φιλοτιμὼμεθα
1799 3537 1892 3596 οὖν

311 3630 408 3682 καὶ
463 3627 824 3701 ἐργαζώμεθα
871 3632 962 3684 τὸν
1013 3631 1313 3702 ἀμπελῶνα
1355 3633 1465 3684 εἴτε
1511 3631 1888 3703 ἐνδημοῦντες,

307 3719 420 3771 εἴτε
440 3719 828 3790 ἐκδημοῦντες,
864 3719 1155 3791 ληψόμενοι
1183 3721 1211 3773 ὃ
1235 3722 1330 3775 ἐὰν
1419 3721 1622 3773 δίκαιον
1649 3736 1662 3749 ·
1689 3721 1781 3772 καὶ
1807 3721 1906 3774 οὑ-’

2001 3101 2216 3139 mecum
2253 3085 2546 3154 perpendo,
2571 3093 2625 3140 et
2650 3101 2718 3140 an
2749 3087 2904 3141 vinea
2947 3103 3056 3142 non
3091 3104 3176 3144 res
3209 3091 3384 3144 solum
3412 3091 3577 3161 huius

1999 3178 2140 3240 vitae,
2173 3179 2266 3232 sed
2299 3185 2351 3232 et
2390 3193 2512 3247 quze
2547 3187 2701 3232 extra
2732 3194 2933 3248 corpus
2967 3188 3115 3243 sunt,
3165 3182 3455 3251 signiticet,
3485 3185 3574 3240 ubi

1999 3285 2138 3339 Opus
2181 3286 2343 3325 suum
2395 3270 2572 3326 facere
2617 3271 2898 3341 operarios
2938 3274 3226 3340 existimo;
3278 3291 3379 3332 nec
3427 3277 3575 3331 enim

1999 3363 2374 3431 Oper-ariorum
2398 3363 2465 3418 ad
2495 3363 2754 3433 praedium
2783 3363 3191 3434 patrisfamilias
3216 3368 3574 3425 excolendum

2000 3465 2406 3524 assumptorum
2439 3455 2633 3509 animae
2661 3456 2852 3510 otiosa:
2880 3466 3030 3519 sunt,
3075 3466 3363 3527 postquam
3389 3475 3423 3515 e
3449 3475 3573 3516 cor-

1999 3561 2131 3613 pore
2159 3546 2481 3614 migrarunt.
2512 3545 2671 3600 Certe
2694 3561 2833 3615 opus
2857 3544 3108 3612 faciebat,
3138 3559 3427 3619 postquam
3451 3567 3572 3606 cor-

1999 3651 2130 3704 pore
2160 3637 2443 3704 expeditus
2476 3645 2580 3698 est,
2616 3637 2835 3690 Samuel
2885 3638 3186 3692 vaticinans
3234 3640 3312 3706 ’³;
3358 3656 3572 3697 necnon

1995 3735 2050 3780 et
2076 3725 2338 3781 Jeremias
2364 3741 2464 3795 pro
2506 3729 2707 3796 populo
2747 3744 2912 3783 orans
2952 3729 3014 3782 ⁷⁸.
3055 3729 3250 3800 Magno
3297 3747 3429 3802 ergo
3457 3741 3574 3788 stu-

302 3809 419 3872 δείς
454 3825 540 3877 γε,
577 3810 700 3864 ὅσον
738 3811 831 3863 ἐπὶ
875 3814 938 3881 τῇ
974 3811 1276 3882 παραϐολῇ,
1315 3811 1389 3882 μὴ
1425 3811 1789 3882 ἐργασόμενος
1830 3811 1899 3894 τὰ

2001 3813 2087 3868 dio
2117 3815 2259 3868 vires
2292 3816 2344 3868 in
2384 3816 2680 3870 excolenda
2722 3816 2900 3883 vinea,
2949 3817 3064 3872 sive
3105 3818 3158 3872 in
3203 3819 3305 3876 hoc
3342 3835 3573 3890 corpore

305 3901 405 3955 τοῦ
437 3901 757 3971 ἀμπελῶνος
793 3902 928 3972 ἔργα
973 3899 1416 3966 ἐξαποστέλλεται
1449 3907 1529 3966 εἰς
1574 3903 1767 3957 αὐτόν·
1809 3903 1900 3954 ού-

2001 3905 2306 3968 consrituti,
2339 3907 2452 3960 sive
2487 3915 2640 3961 extra
2673 3907 2804 3963 illud
2844 3909 3249 3979 peregrinantes
3273 3915 3569 3970 contende-

1520 4015 1752 4072 VETUS
1790 4014 2368 4072 INTERPRETATIO.

311 4132 452 4203 dem
469 4131 834 4203 operati,_non
877 4142 1056 4187 autem
1099 4133 1518 4203 assumebantur
1550 4133 1603 4203 in
1636 4132 1872 4194 vineam,
1908 4132 2266 4203 qui-fideliter
2294 4149 2352 4203 se
2383 4134 2716 4188 excusabant
2739 4135 2979 4190 dicentes
3008 4153 3020 4188 :
3061 4154 3079 4185 ι
3109 4134 3247 4201 Quia
3277 4151 3438 4192 nemo
3463 4154 3568 4193 nos

309 4200 610 4275 conduxit?
645 4220 663 4253 ι
705 4201 814 4257 Nos
857 4212 1037 4275 autem
1057 4204 1200 4275 _aus_i
1236 4202 1440 4258 luimus
1475 4201 1602 4256 talia
1633 4203 1906 4275 quadam,
1926 4200 1989 4257 ἐι
2018 4203 2302 4275 demultis
2329 4202 2623 4275 scripturis
2651 4205 3018 4273 suspicionem
3045 4200 3390 4275 accipientes,
3421 4217 3477 4262 et
3500 4209 3567 4264 de

308 4271 570 4346 praesenti
600 4286 818 4346 quoque
853 4273 1124 4346 parabola,
1147 4273 1346 4346 dicere,
1387 4281 1447 4326 ut
1484 4271 1836 4346 ostendamus
1865 4273 2284 4346 quomodo_tota
2327 4273 2416 4328 die
2442 4271 2603 4328 otiosi
2634 4271 2916 4338 stetérunt,
2949 4271 3234 4343 propterea
3262 4271 3404 4346 quod
3441 4280 3564 4332 nul-

310 4341 550 4412 luscos
573 4342 916 4412 conduceret,
941 4342 1034 4412 qui
1063 4344 1207 4397 circa
1236 4343 1422 4396 horam
1454 4341 1796 4396 undecimam
1831 4353 1960 4395 sunt
1991 4342 2190 4396 vocati.

385 4408 722 4482 553_Quiblls
747 4421 926 4465 autem
960 4408 1068 4466 non
1101 4413 1312 4480 placent
1333 4412 1585 4481 dogmata
1615 4412 1740 4472 ista,
1773 4413 2199 4482 interpretentur
2238 4411 2396 4466 nobis
2418 4410 2560 4482 diem
2595 4410 2736 4464 illam
2773 4419 2964 4474 totam,
2996 4421 3049 4466 et
3082 4427 3179 4468 eos
3223 4413 3315 4482 qui
3350 4414 3569 4472 stabant

309 4488 424 4533 tota
450 4479 754 4550 diegotiosi,
783 4482 1028 4550 volentes
1067 4479 1284 4550 quidem
1327 4479 1562 4549 operari,
1591 4496 1700 4535 non
1731 4490 1912 4534 autem
1945 4481 2282 4534 vocabantur
2320 4482 2372 4534 in
2425 4480 2659 4550 vineam.
2691 4489 2745 4534 et
2777 4482 2921 4550 quod
2963 4479 3280 4538 tiducialiter
3308 4499 3368 4539 se
3399 4500 3568 4540 excu-

309 4559 501 4603 santes
531 4549 829 4605 dixerunt:
872 4570 890 4602 ι
928 4549 1097 4605 Nemo
1126 4566 1225 4605 nos
1257 4552 1537 4604 conduxit.
1581 4569 1600 4602 ι
1639 4550 1695 4620 Si
1729 4549 1874 4604 enim
1917 4551 2292 4604 conseminata
2330 4559 2475 4620 esset
2516 4549 2698 4603 anima
2739 4549 2981 4619 corpori,
3016 4555 3294 4620 quomodo
3334 4564 3442 4609 tota
3478 4555 3567 4610 die

311 4628 590 4694 steterunt
618 4621 824 4694 otiosi?
859 4620 968 4694 Aut
996 4621 1178 4694 i_l_icant
1203 4621 1379 4684 nobis,
1409 4636 1531 4694 quae
1563 4621 1633 4694 sit
1664 4619 1895 4694 ill_a-dies
1927 4627 2057 4694 tota,
2087 4620 2216 4694 etin
2242 4635 2306 4674 ea
2332 4619 2580 4694 diversae,
2611 4622 2909 4694 secundum
2940 4619 3185 4694 diversas
3219 4623 3403 4690 horas.
3437 4641 3568 4694 ope-

311 4690 588 4771 rariorum
621 4689 971 4744 vocationes?
998 4688 1597 4771 Utrumnautemfbeati
1638 4689 1856 4771 quidem
1886 4689 1980 4771 qui
2015 4689 2315 4771 secundum
2351 4689 2666 4771 parabolam
2705 4689 2953 4771 istarn_a
2996 4688 3390 4771 patrcfamilias
3423 4688 3568 4771 sunt

311 4758 576 4831 conducti
605 4775 618 4810 :
650 4768 812 4831 erant
832 4769 1012 4813 autem
1043 4768 1098 4813 et
1131 4760 1567 4831 aliioperatores
1599 4759 1690 4826 qui
1717 4759 2185 4831 conducebantur,
2216 4759 2330 4813 sive
2355 4759 2424 4831 ab
2463 4759 2585 4814 aliis
2630 4758 3136 4828 patribusfamilias,
3171 4762 3286 4816 sive
3311 4763 3379 4816 ab
3421 4763 3562 4831 ipso,

308 4836 365 4880 et
391 4827 508 4902 sive
539 4843 646 4902 no_n
677 4829 838 4892 beati,
869 4838 963 4882 aut
994 4844 1100 4882 non
1129 4831 1208 4884 sie
1236 4827 1399 4902 beati,
1431 4844 1594 4897 supra
1634 4842 1732 4882 nos
1758 4839 1854 4902 est
1888 4829 1991 4902 hoc
2019 4829 2314 4902 intelligere
2341 4827 2525 4895 digne,
2560 4827 2981 4902 autsecundum
3025 4831 3168 4902 quod
3215 4827 3566 4902 intelligimus

311 4899 562 4969 credere,
585 4896 700 4969 Ego
725 4914 910 4969 quaero
930 4908 982 4953 et
1003 4914 1125 4966 qua:
1159 4906 1312 4969 extra
1342 4896 1555 4952 vineam
1585 4906 1733 4961 sunt,
1763 4898 1857 4951 ubi
1883 4905 1938 4950 et
1972 4896 2326 4953 inveniuntur
2359 4899 2594 4966 operarii
2626 4900 2696 4954 ab
2731 4915 2796 4954 eo
2833 4896 3082 4969 quiexiit
3115 4896 3418 4956 conducere
3445 4917 3559 4957 eos.

312 4965 379 5020 Et
403 4965 692 5022 considera
727 4965 795 5023 ne
833 4968 972 5023 forte
999 4965 1152 5023 Iccus
1178 4968 1484 5022 animarum
1519 4975 1603 5021 est
1634 4977 1758 5020 ante
1780 4981 2002 5034 corpus.
2035 4969 2127 5036 qui
2161 4979 2245 5022 est
2277 4965 2431 5022 extra
2463 4969 2672 5023 vineam
2705 4965 2878 5024 locus.
2917 4967 3087 5024 Vinea
3115 4981 3298 5024 autem
3333 4985 3441 5026 non
3471 4987 3566 5027 so-

313 5037 427 5088 lum
462 5037 552 5108 hic
593 5037 643 5090 in
675 5052 904 5108 corpore
939 5047 1042 5108 est,
1077 5037 1171 5092 sed
1198 5039 1375 5108 etiam
1400 5045 1552 5092 extra
1588 5051 1788 5105 corpus
1829 5037 1919 5091 ubi
1952 5046 2256 5105 operantur
2281 5046 2614 5106 operatores.
2644 5037 2759 5108 Nec
2784 5040 2927 5094 enim
2961 5040 3014 5093 in
3056 5040 3168 5094 otio
3211 5048 3340 5094 sunt
3367 5042 3568 5097 anima:

311 5107 694 5180 operariorum
744 5106 787 5161 a‘
816 5106 1215 5180 patrel‘amilias
1242 5107 1655 5180 conductorum,
1690 5121 1815 5162 cum
1853 5121 1884 5159 a
1910 5121 2160 5180 corpore
2183 5117 2310 5162 sunt
2341 5108 2598 5162 liberate.
2644 5107 2959 5180 EtSamuel
3005 5123 3136 5179 ergo
3179 5120 3332 5164 extra
3363 5125 3564 5180 corpus

311 5176 654 5259 operabatur
671 5175 1024 5259 proplietans,
1052 5185 1106 5231 et
1144 5175 1409 5258 Ieremias
1430 5191 1596 5259 orans
1634 5191 1733 5246 pro
1762 5175 1997 5246 populo:
2031 5175 2438 5259 proptereaque
2473 5178 2960 5259 contend_imus,_et
2984 5175 3279 5248 opéramur
3322 5175 3559 5239 vineam.

313 5245 432 5318 sive
459 5245 823 5318 constitutiin
850 5261 1098 5318 corpore,
1123 5248 1238 5300 sive
1267 5255 1526 5300 exeuntes
1544 5261 1586 5300 'a
1629 5245 1879 5318 σοι-μοιβ,
1915 5249 2188 5318 accepturi
2231 5245 2377 5315 quod
2413 5245 2576 5318 fuerit
2601 5247 2834 5318 justum.
2864 5247 2932 5302 Et
2971 5245 3260 5318 nemoiest,
3296 5259 3560 5318 quantam

313 5311 382 5366 ad
415 5313 726 5387 parabolam
752 5311 1054 5387 istam,'qui
1089 5331 1198 5371 non
1221 5325 1306 5370 est
1327 5323 1594 5387 Oper-atus
1605 5311 1770 5387 opera
1795 5315 1984 5387 vinea,
1997 5311 2104 5387 qui
2135 5311 2315 5370 tamen
2346 5311 2698 5372 transmissus
2729 5315 2833 5371 fuit
2855 5318 2911 5372 in
2939 5333 3081 5374 eam.
3109 5311 3385 5374 Neminem
3414 5319 3562 5372 enim

313 5381 478 5449 quasi
517 5383 609 5456 qui
657 5387 837 5456 minus
865 5381 1051 5456 fecerit
1077 5401 1266 5456 opera,
1296 5381 1684 5456 paterfamilias
1712 5381 2078 5456 reprehendit,
2113 5401 2432 5456 quanquam
2454 5387 2522 5440 de
2560 5387 2804 5440 mercede
2836 5387 3042 5456 majore
3080 5388 3164 5442 vel
3196 5387 3416 5444 minore
3438 5402 3562 5456 spe-

314 5403 478 5449 quas:
517 5403 609 5450 qut
657 5403 837 5463 minus
865 5403 1051 5442 Ieoertt
1077 5403 1266 5511 arere,
1296 5403 1684 5464 paterlammas
1712 5403 2078 5453 reprenenatt,
2113 5403 2425 5454 quanquam
2454 5403 2522 5440 ae
2560 5403 2804 5440 nterceae
2836 5403 3042 5456 maiore
3080 5403 3164 5442 vel
3196 5403 3416 5444 minore
3438 5403 3562 5456 spe-

314 5458 434 5528 rata
471 5453 730 5528 culpavit.
762 5453 828 5509 Et
855 5455 1086 5528 forsitan
1134 5471 1274 5528 oeus
1299 5454 1393 5528 qui
1419 5464 1575 5528 extra
1607 5451 2177 5528 vrneam_est,_forum
2209 5466 2313 5528 est,
2349 5455 2438 5512 ubi
2467 5464 2623 5528 erant
2648 5456 3063 5528 stantes‘otiosi,
3095 5473 3346 5528 magnam
3391 5472 3562 5528 excu-

315 5521 590 5575 sationem
623 5523 878 5580 babentes
907 5527 974 5580 ad
1008 5528 1111 5581 hoc
1143 5535 1201 5580 ut
1224 5521 1375 5596 digni
1417 5523 1722 5580 eciantur
1751 5522 1922 5578 totius
1957 5522 2064 5579 diei
2099 5525 2698 5589 meroede,secundum
2738 5525 2884 5594 quod
2913 5521 3320 5582 excusaverunt
3350 5527 3560 5596 seipsos

386 5658 434 5692 τ’
467 5655 664 5714 Matth.
701 5676 794 5728 xx,
829 5662 876 5714 7.
952 5661 1040 5716 ⁷³1
1071 5661 1200 5733 Reg.
1231 5677 1425 5718 xxvm.
1503 5661 1550 5694 ’δ
1574 5658 1618 5715 ll
1653 5660 1787 5715 Mae.
1851 5676 1942 5726 xv,
1975 5659 2060 5715 Μ.

384 5795 499 5868 (δι)
531 5797 638 5852 Καὶ
673 5796 954 5866 Σαμουὴλ
982 5798 1130 5865 γοῦν
1148 5799 1263 5863 ἔξω
1282 5798 1554 5870 σώματος
1576 5796 1892 5868 εἰργάσατο

2001 5795 2330 5868 ιοφητεύωικ
2375 5792 2500 5852 Vide
2524 5795 2811 5866 Origenem
2840 5797 2893 5852 in
2931 5796 2952 5850 I
2991 5795 3124 5867 Reg.
3154 5810 3274 5864 cap.
3299 5806 3481 5852 xxmt.

641 5893 908 5953 ΡΑτιιοι..
943 5894 1057 5951 (in.
1100 5893 1276 5953 XIII.

3142 5888 3219 5945 153
