4086 6428
528 410 673 474 {355

1997 411 2273 472 ὉΒΙΟΕΝ
2281 412 2341 470 IS

3665 419 3805 475 1556

530 550 677 601 mus,
727 534 973 590 mercede
1004 535 1130 589 olim
1163 548 1315 605 aequa
1356 532 1631 599 donandi;
1675 545 1838 587 nemo
1883 544 2016 587 sane
2046 532 2102 586 in

2204 533 2330 588 δένα
2367 530 2474 603 γὰρ
2500 532 2575 598 ὡς
2608 533 2994 607 ἐκλιπέστερον
3026 536 3086 591 τὸ
3110 538 3271 608 ἔργον
3297 536 3636 609 πεποιηκότα
3660 539 3689 590 ὁ
3719 541 3802 592 oi-

492 626 686 689 ,vinea
723 626 1015 681 excolenda
1057 639 1275 695 operam
1315 623 1541 680 minime
1574 625 1877 695 positurus,
1914 638 1981 680 es
2013 641 2099 695 pa-

513 716 733 774 Tabolze
762 718 1046 782 sententia,
1074 716 1128 770 in
1154 731 1272 771 eam
1302 716 1569 782 mittitur;
1598 716 1804 771 nemini
1835 717 1981 772 enim
2008 717 2111 771 im-

529 806 825 878 perfectum
872 823 1012 877 opus
1062 806 1281 863 crimini
1326 808 1475 863 dedit
1524 807 1942 877 paterfamilias,
1985 807 2112 862 licet

527 897 702 968 ipsius
748 896 981 953 fortasse
1029 898 1258 967 majoris
1298 899 1602 954 minorisve
1646 899 1917 956 mercedis
1957 912 2107 968 spem

523 988 953 1058 reprehenderit.
984 990 1062 1044 Ac
1090 989 1181 1045 ille
1204 988 1454 1045 fortasse
1481 997 1636 1044 extra
1681 989 1896 1045 vineam
1933 989 2107 1054 locus,

524 1077 706 1134 forum
737 1087 823 1134 est
844 1081 897 1132 in
929 1094 1038 1148 quo
1070 1080 1435 1135 versabantur
1459 1080 1553 1151 qui
1583 1080 1749 1136 otiosi
1776 1081 2013 1137 stabant.
2044 1080 2111 1135 Et

525 1182 663 1226 sane
687 1169 782 1239 (ιυί
822 1169 1079 1225 dixerunt
1105 1170 1193 1224 ":
1241 1190 1260 1222 ι
1295 1168 1469 1226 Nemo
1496 1186 1599 1225 nos
1628 1172 1907 1238 conduxit,
1945 1190 1964 1224 ι
2007 1187 2108 1241 0p-

525 1259 660 1314 tima
683 1259 767 1314 usi
790 1268 921 1314 sunt
939 1259 1320 1327 excusatione,
1342 1268 1405 1315 ut
1426 1259 1573 1330 digni
1601 1260 1764 1334 704
1782 1269 1967 1317 essent
1987 1261 2112 1331 qui-

525 1349 632 1405 bus
659 1350 828 1405 totius
851 1349 958 1404 diei
1002 1365 1210 1405 merces
1239 1351 1600 1421 penderetur;
1626 1350 1982 1421 quamobrem
2013 1366 2109 1406 eos

523 1439 813 1502 conduxit,
847 1446 923 1504 et,
968 1449 1028 1495 ut
1058 1440 1132 1495 ita
1162 1440 1372 1508 dicam,
1406 1441 1712 1497 mercedem
1749 1441 1855 1497 illis
1888 1440 2106 1508 refudit,

521 1542 627 1599 pro
651 1542 718 1584 co
759 1528 905 1596 quod
942 1536 1058 1583 toto
1089 1527 1177 1582 die
1206 1529 1476 1598 patienter
1518 1530 1788 1596 steterint,
1824 1538 1876 1585 et
1916 1530 1985 1584 ad
2018 1545 2109 1584 ve-

525 1634 741 1689 speram
770 1633 945 1688 usque
985 1619 1372 1674 conductorem
1401 1621 1856 1690 exspectaverint.
1903 1621 2109 1676 Deinde

523 1723 655 1765 vero
695 1724 818 1764 cum
864 1709 1178 1779 appetiisset
1223 1724 1470 1779 vespera,
1510 1712 1613 1766 hoc
1655 1718 1774 1778 est,
1813 1710 1999 1767 saeculi
2054 1721 2108 1765 et

522 1802 938 1857 commemorati
967 1801 1020 1855 in
1046 1801 1302 1872 parabola
1326 1801 1435 1856 diei
1456 1803 1882 1866 consummatio,
1912 1816 2107 1873 procu-

2214 622 2545 695 κοδεσπότης
2577 623 2887 695 ἐμέμψατο,
2921 629 2970 680 εἰ
2998 628 3094 681 καὶ
3117 629 3211 681 ἐπὶ
3231 627 3292 683 τὸ
3319 627 3541 681 πλείονα
3570 627 3669 681 καὶ
3691 629 3807 698 μεί-
3874 652 3877 653 ν

2213 713 2343 778 ζονα
2377 713 2595 767 ἐλπίσαι
2629 715 2818 784 μισθὸν
2847 716 3153 787 ἐμέμψατο.
3187 719 3298 773 Καὶ
3339 719 3482 789 τάχα
3513 719 3543 771 ὁ
3575 717 3682 782 ἔξω
3706 715 3804 773 τοῦ

2211 803 2534 875 ἀμπελῶνος
2553 805 2718 869 τόπος
2740 808 2889 861 ἐστὶν
2923 809 2956 878 ἡ
2990 809 3188 881 ἀγορά,
3217 809 3348 863 ἔνθα
3374 805 3516 881 ἦσαν
3546 812 3596 861 οἱ
3628 808 3801 863 ἐστῶ-

2208 912 2300 959 τες
2326 895 2506 967 ἀργοί.
2536 896 2763 968 Μεγάλη
2785 896 2829 949 δ’
2863 898 2898 967 ἡ
2930 898 3196 967 ἀπολογία
3233 900 3372 971 πρὸς
3400 898 3462 953 τὸ
3493 898 3680 963 ἀξίους
3710 897 3808 951 αύ-
3847 952 3857 982 ι

2208 984 2336 1048 τοὺς
2368 985 2621 1054 γενέσθαι
2665 986 2760 1040 τοῦ
2799 988 2899 1058 τῆς
2936 989 3066 1058 ὅλης
3111 989 3327 1063 ἡμέρας
3370 989 3561 1060 μισθοῦ
3585 991 3700 1051 τοῖς
3728 989 3810 1042 εί-

2209 1075 2369 1127 ποῦσι
2404 1074 2675 1138 λέλεκται,
2730 1077 2836 1139 ὃτι,
2876 1095 2896 1127 ι
2941 1077 3132 1141 Οὐδεὶς
3172 1080 3320 1149 ἡμᾶς
3365 1077 3746 1150 ἐμισθώσατοο
3781 1096 3803 1128 ι

2206 1162 2396 1234 διόπερ
2420 1165 2615 1228 αὐτοὺς
2648 1165 3010 1235 ἐμισθώσατο,
3041 1169 3156 1232 καὶ,
3184 1168 3252 1221 ἵν’
3279 1169 3452 1232 οὕτως
3476 1168 3637 1232 εἴπω,
3665 1169 3807 1221 ἀπο-

2206 1252 2439 1307 δέδωκεν
2486 1255 2672 1319 αὐτοῖς
2706 1256 2894 1326 μισθὸν
2941 1256 3039 1311 τοῦ
3086 1259 3461 1331 μακροθύμως
3503 1260 3805 1330 ἐστηκέναι

2205 1343 2334 1414 ὃλην
2364 1344 2462 1415 τὴν
2488 1344 2722 1415 ἡμέραν,
2758 1346 2854 1399 καὶ⁵
2891 1346 3211 1417 περιμένειν
3239 1346 3402 1419 μέχρι
3433 1346 3676 1419 ἑσπέρας
3711 1346 3805 1399 τὸν

2210 1433 2631 1503 μισθωσόμενον.
2677 1433 2832 1488 Μετὰ
2879 1434 3051 1489 ταῦτα
3091 1434 3252 1504 ὀψίας
3297 1435 3618 1506 γενομένης,
3649 1452 3807 1489 τουτ-

2205 1522 2322 1575 έστι
2358 1522 2456 1593 τῆς
2490 1524 2796 1590 συντελείας
2835 1525 2937 1596 τῆς
2969 1525 3066 1579 τοῦ
3112 1525 3344 1591 αἰῶνος,
3390 1526 3488 1581 καὶ
3527 1527 3629 1598 τῆς
3659 1525 3806 1580 κατὰ

2206 1612 2305 1682 τὴν
2341 1610 2655 1683 παραϐολὴν
2685 1612 2922 1684 ἡμέρας,
2963 1612 3110 1682 λέγει
3136 1612 3215 1682 τῷ
3239 1614 3519 1687 ἐπιτρόπῳ
3546 1612 3745 1667 ἐαυτοῦ
3772 1616 3803 1668 ὁ

2206 1701 2433 1773 Κύριος,
2471 1701 2582 1755 εἴτε
2608 1719 2713 1755 τινι
2744 1703 2989 1772 ἀγγέλων
3025 1703 3104 1774 τῷ
3143 1704 3239 1756 ἐπὶ
3276 1704 3387 1757 τῶν
3422 1703 3652 1775 μισθῶν,
3687 1703 3802 1757 εἴτε

2208 1794 2303 1846 καὶ
2330 1793 2411 1846 ἐνὶ
2433 1795 2497 1847 ἐκ
2525 1792 2732 1846 πολλῶν
2761 1795 3270 1865 ἐπιτροπευσάντων
3291 1795 3604 1867 ἐπιτρόπων
3622 1811 3635 1824 ·
3661 1794 3801 1848 καθὸ

519 1893 690 1948 ratori
716 1907 819 1948 suo
845 1893 923 1947 ait
951 1892 1237 1958 Dominus,
1267 1892 1382 1947 sive
1411 1892 1574 1948 alicui
1610 1907 1678 1948 ex
1709 1893 1919 1964 angelis
1960 1908 2103 1946 mer-

2204 1887 2451 1940 λέλεκται
2497 1886 2602 1939 ὑπὸ
2646 1886 2975 1957 ἐπιτρόπους
3020 1888 3115 1940 καὶ
3160 1887 3480 1958 οἰκονόμους
3523 1883 3662 1941 εἶναι
3705 1888 3799 1943 τὸν

519 1983 715 2042 cedum
747 1983 1143 2055 dispensationi
1171 1981 1451 2052 praefecto,
1480 1985 1595 2039 sive
1624 1983 1720 2038 uni
1760 1983 1998 2053 cuipiam
2035 1983 2105 2040 de

518 2075 710 2131 multis
738 2073 1162 2144 dispensationis
1190 2086 1380 2128 curam
1426 2073 1741 2143 gerentibus
1781 2082 2105 2144 procurato-

517 2166 699 2231 ribus,
742 2164 1204 2237 quemadmodum
1256 2163 1361 2219 sub
1405 2164 1681 2227 tutoribus
1724 2174 1779 2221 et
1823 2165 2103 2222 actoribus

519 2273 647 2315 esse
676 2257 878 2314 dicitur
903 2257 1098 2324 haeres,
1126 2255 1366 2327 quandiu
1398 2256 1662 2327 parvulus
1686 2264 1774 2313 est
1800 2258 1868 2313 ⁷⁸.
1895 2259 1976 2313 Ex
2008 2272 2106 2328 pa-

522 2348 866 2406 trisfamilias
898 2348 1067 2420 igitur
1110 2347 1370 2404 mandato
1397 2349 1681 2419 operarios
1714 2349 2099 2420 accersit.pro-

507 2451 765 2507 curator,
807 2450 866 2497 ut
894 2448 1176 2512 postremo
1204 2440 1325 2495 loco
1351 2439 1545 2509 primis
1571 2454 1782 2497 merces
1804 2449 2097 2512 erogetnr:

514 2535 679 2607 primi
712 2534 913 2606 quippe
935 2531 1171 2603 operarii
1202 2549 1223 2583 ι
1261 2531 1575 2588 testimonio
1601 2530 1725 2587 ﬁdei
1748 2532 1963 2602 probati
1990 2546 2098 2588 non

507 2633 844 2696 acceperunt
881 2622 1389 2694 repromissionem,
1432 2620 1545 2676 Deo
1590 2635 1689 2691 pro
1719 2620 1901 2686 nobis,
1934 2638 1953 2672 ι
2003 2620 2101 2691 qui

504 2719 651 2793 hora
682 2715 974 2772 undecima
993 2713 1174 2771 vocati
1200 2728 1413 2779 sumus,
1449 2729 1469 2763 ι
1502 2711 1700 2768 melius
1733 2711 1939 2783 aliquid
1965 2726 2096 2782 pro-

513 2808 753 2872 vidente,
792 2812 855 2860 ut
886 2819 997 2861 non
1036 2804 1155 2861 sine
1192 2804 1354 2859 nobis
1387 2812 1907 2859 consummarentur
1954 2802 2023 2857 ⁷⁷.
2072 2822 2092 2856 ι

506 2897 589 2955 Et
612 2897 762 2972 quod
793 2905 908 2952 toto
929 2897 1018 2952 die
1042 2895 1380 2963 steterimus,
1410 2902 1465 2949 et
1489 2894 1880 2950 conductorem
1902 2894 1972 2949 ad
1997 2909 2099 2950 nos

504 2986 704 3043 -venire
734 2984 1126 3056 optaverimus,
1157 2992 1211 3037 et
1242 2982 1403 3037 otiosi
1434 2979 1724 3047 fuerimus,
1757 2989 1814 3035 et
1846 2979 1973 3036 data
2002 2994 2100 3035 ex-

508 3075 800 3132 cusatione
830 3074 977 3143 digni
1014 3071 1185 3127 habiti
1235 3071 1411 3126 simus
1462 3071 1664 3141 quibus
1706 3084 1845 3140 opus
1891 3068 2098 3125 facien-

516 3165 646 3221 dum
689 3165 1335 3233 traderetur,vpropterea
1377 3160 1814 3217 misericordiam
1850 3174 2097 3217 commo-

498 3258 718 3325 nimus,
759 3270 867 3327 qua
917 3263 1210 3319 commota,
1251 3253 1556 3309 mercedem
1600 3253 1784 3324 priore
1832 3254 1952 3310 loco
1993 3268 2095 3309 nos
2121 3222 2169 3286 ο

514 3349 721 3411 Christi
742 3348 1041 3419 discipulos
1068 3346 1368 3417 adepturos
1402 3361 1725 3416 speramus:
1758 3354 1876 3402 tum
1902 3346 2098 3403 deinde

506 3442 900 3515 progressione
924 3439 1089 3505 facta,
1117 3438 1421 3495 mercedem
1450 3439 1519 3494 iis
1555 3438 1814 3510 largietur
1841 3438 1937 3510 (ιυί
1960 3453 2099 3508 opus

514 3543 643 3591 ante
672 3548 774 3590 nos
818 3531 1065 3600 fecerint,
1110 3539 1276 3601 atque
1319 3532 1400 3586 eis
1446 3531 1795 3602 postmodum
1830 3531 1925 3601 qui
1972 3530 2096 3585 illos

498 3626 913 3700 praecesserint,
948 3633 1004 3681 et
1028 3624 1109 3680 sic
1140 3623 1313 3679 donec
1352 3623 1417 3677 ad
1444 3622 1652 3693 primos
1683 3621 2009 3693 pervenerit.
2038 3619 2094 3675 Si

502 3719 639 3791 quis
668 3726 851 3776 autem
883 3717 1065 3772 locum
1103 3716 1160 3771 in
1204 3730 1315 3786 quo
1356 3715 1804 3770 commorabatur
1847 3713 2092 3780 Samuel,

498 3817 856 3881 perspectum
881 3808 1151 3873 habuerit,
1177 3814 1232 3862 et
1259 3821 1324 3862 ea
1350 3806 1547 3863 deinde
1567 3822 1691 3878 qua
1712 3804 1781 3861 ad
1801 3806 2096 3861 accersitos

494 3901 807 3959 ~undeeima
832 3901 965 3956 hora
991 3900 1274 3971 operarios
1308 3899 1605 3970 pertinent,
1638 3898 1726 3954 his
1752 3913 2096 3968 consequen-

494 4003 601 4050 ter
627 3992 1004 4066 perpenderit;
1037 4000 1151 4047 tum
1178 3991 1400 4049 demum
1428 3990 1634 4047 videbit
1671 3990 1762 4045 ille
1794 4004 1905 4061 quo
1936 3999 2094 4060 pacto

519 4084 733 4157 pondus
760 4083 867 4140 diei
911 4091 965 4139 et
993 4092 1187 4139 aestum
1232 4081 1602 4136 toleraverunt
1634 4080 1846 4151 primi:
1898 4089 1954 4135 at
2000 4080 2094 4156 qui

493 4179 665 4237 ~circa
701 4177 1042 4233 undecimam
1070 4177 1321 4232 accersiti
1346 4183 1497 4240 sunt,
1533 4188 1643 4229 non
1687 4172 1832 4229 sicut
1870 4171 1946 4226 illi
1974 4173 2098 4243 qui-

2208 1977 2543 2049 κληρονόμον
2578 1979 2729 2050 παρά
2779 1979 2869 2030 τὸν
2902 1979 3092 2049 χρόνον
3137 1978 3196 2031 ὃν
3235 1979 3427 2050 νήπιός
3454 1980 3593 2032 ἐστι.
3637 1980 3801 2034 Κατὰ

2202 2071 2265 2125 τὺ
2291 2072 2622 2144 πρόσταγμα
2654 2070 2833 2125 τοίνυν
2875 2069 2971 2122 τοῦ
3004 2070 3383 2123 οἰκοδεσπότου
3428 2068 3722 2125 καλοῦνται
3747 2074 3799 2125 οἱ

2204 2163 2435 2235 ἐργάται
2466 2163 2573 2217 ὑπὸ
2603 2162 2698 2216 τοῦ
2728 2163 3048 2233 ἐπιτρόπου,
3080 2162 3167 2215 ἵνα
3200 2164 3229 2217 ό
3256 2162 3449 2233 μισθὸς
3481 2166 3592 2227 τοῖς
3631 2165 3801 2235 ἐσχά-

2203 2275 2318 2322 τοις
2358 2255 2596 2328 πρώτοις
2623 2255 2750 2326 δοθῇ
2772 2274 2785 2286 ·
2821 2257 2871 2309 oi
2908 2255 3017 2327 γὰρ
3053 2255 3311 2328 πρότεροι
3338 2255 3567 2327 ἐργάται
3598 2275 3617 2307 ι
3656 2274 3803 2328 μαρ-

2201 2347 2534 2420 τυρηθέντες
2577 2345 2666 2399 διὰ
2708 2346 2809 2417 τῆς
2864 2344 3101 2409 πίστεως
3157 2346 3258 2399 οὐκ
3315 2346 3646 2416 ἐκομίσαντο
3695 2348 3800 2419 τὴν

2203 2437 2559 2507 ἐπαγγελίαν,
2588 2437 2683 2492 τοῦ
2731 2435 2868 2490 Θεοῦ
2913 2438 3043 2509 περὶ
3083 2437 3240 2509 ἡμῶν
3273 2437 3522 2509 κρεῖττόν
3567 2455 3621 2491 τι
3661 2456 3801 2511 προ-

2204 2527 2542 2600 ϐλεψαμένου
2577 2546 2594 2579 t
2644 2527 2752 2583 τῶν
2784 2529 2841 2580 ἐν
2875 2531 2944 2599 τῇ
2980 2527 3239 2599 ἑνδεκάτῃ
3272 2526 3392 2600 ῶρᾳ
3418 2528 3797 2599 κεκλημένων,

2209 2639 2228 2672 ι
2263 2620 2351 2674 ἴνα
2401 2618 2476 2691 μὴ
2504 2620 2673 2692 χωρὶς
2713 2619 2871 2690 ἡμῶν
2899 2619 3243 2673 τελειωθῶσι.
3276 2639 3296 2672 ι
3337 2620 3447 2673 Καὶ
3487 2618 3799 2692 ἐλεήθημέν

2201 2730 2267 2781 γε
2293 2712 2388 2765 ἐπὶ
2412 2710 2490 2782 τῷ
2518 2711 2644 2781 ὃλην
2674 2711 2772 2783 τὴν
2803 2710 3019 2784 ἡμέραν
3046 2710 3261 2780 στῆναι,
3297 2711 3392 2764 καὶ⁵
3432 2710 3798 2782 βεϐουλῆσθαι

2199 2805 2358 2875 ἥκειν
2394 2805 2528 2875 ἡμῖν
2572 2802 2664 2856 τὸν
2720 2802 3149 2874 μισθωσόμενον,
3191 2802 3498 2875 ὴργηκέναι
3548 2802 3638 2869 δὲ,
3698 2805 3799 2859 καὶ

2205 2895 2343 2966 μετά
2380 2893 2675 2963 ἀπολογίας
2716 2893 2981 2964 ἠξιῶσθαι
3007 2894 3101 2948 τοῦ
3141 2893 3329 2967 ἔργου,
3354 2896 3449 2949 καὶ
3481 2894 3795 2966 ἐλεηθέντες

2201 2985 2410 3058 πρῶτοι
2429 2986 2519 3040 τὸν
2551 2984 2739 3057 μισθὸν
2769 2984 3146 3057 ἀπολήψεσθαι
3170 2987 3560 3060 προσδοκῶμεν
3584 2989 3636 3042 oi
3658 2990 3793 3061 Xpt-

2203 3077 2328 3132 στοῦ
2374 3077 2672 3149 γνώριμοι·
2708 3073 2806 3132 εἶτ’
2840 3079 3218 3133 ἐπαναϐαίνων
3250 3078 3414 3134 δώσει
3456 3080 3550 3135 τὸν
3597 3080 3794 3153 μισθὸν

2199 3171 2314 3233 τοῖς
2339 3168 2446 3241 πρὸ
2474 3169 2630 3240 ἡμῶν
2664 3170 3083 3240 ἐργασαμένοις,
3123 3164 3245 3224 εἷτα
3266 3172 3380 3235 τοῖς
3407 3172 3514 3243 πρὸ
3540 3171 3792 3238 ἐκείνων,

2199 3261 2293 3316 καὶ
2314 3261 2485 3324 οὕτως
2513 3259 2673 3331 μέχρι
2705 3260 2815 3313 τῶν
2847 3259 3101 3333 πρώτων.
3137 3260 3283 3314 Ἰδὼν
3306 3260 3363 3314 δέ
3391 3279 3475 3326 τις
3503 3261 3594 3316 τὸν
3618 3262 3791 3316 τόπον

2199 3353 2327 3408 ἔνθα
2384 3352 2619 3425 διέτριϐε
2667 3353 2956 3425 Σαμουὴλ,
3006 3354 3101 3407 καὶ
3151 3353 3461 3419 ἀκολούθως
3506 3355 3795 3425 σκοπήσας

2201 3447 2331 3517 περὶ
2369 3445 2477 3499 τῶν
2506 3444 2604 3515 τῆς
2634 3444 2927 3515 ἑνδεκάτης
2959 3445 3265 3516 κληθέντων
3296 3445 3559 3518 ἐργατῶν,
3591 3444 3793 3516 ὄψεται

2198 3539 2320 3593 τίνα
2358 3537 2559 3608 τρόπον
2598 3536 2903 3591 ἐϐάστασαν
2940 3537 3002 3590 τὸ
3053 3536 3218 3609 βάρος
3262 3538 3358 3593 καὶ
3397 3537 3485 3591 τὸν
3528 3536 3793 3594 καύσωνα

2198 3629 2300 3699 τῆς
2322 3626 2533 3699 ἡμέρας
2556 3627 2812 3700 πρότεροι
2835 3647 2850 3660 ’
2881 3630 2930 3682 oi
2959 3628 3017 3682 δὲ
3047 3628 3146 3699 τὴν
3178 3630 3470 3701 ἑνδεκάτην
3494 3631 3790 3703 κληθέντες

2200 3720 2276 3785 ὡς
2315 3720 2510 3773 ἐκεῖνοι
2545 3720 2642 3791 μὲν
2674 3719 2776 3773 ούκ
2803 3719 3111 3775 ἐϐάστασαν
3143 3720 3206 3774 τὸ
3247 3721 3413 3793 βάρος
3442 3724 3541 3794 τῆς
3572 3724 3789 3795 ἡμέρας

2205 3811 2302 3864 καὶ
2335 3810 2427 3864 τὸν
2475 3809 2753 3873 καύσωνα,
2781 3811 3087 3866 ἐϐάστασαν
3112 3812 3169 3866 δὲ
3211 3812 3270 3865 τὸ
3308 3812 3475 3885 βάρος
3500 3812 3593 3866 τοῦ
3628 3816 3791 3884 ἐο-ιη-

2201 3899 2350 3952 κέναι
2386 3898 2566 3970 ἀργοί.
2600 3898 2715 3971 Πρὸ
2755 3901 2854 3971 τῆς
2892 3902 2974 3970 ἐφ’
3007 3903 3157 3973 ἡμᾶς
3202 3897 3294 3956 οὖν
3340 3903 3639 3974 παρουσίας
3690 3905 3788 3958 τοῦ

2194 3990 2485 4057 δεσπότου,
2520 3991 2578 4053 ὃς
2622 3989 2776 4046 εἶπεν
2807 3995 2971 4064 ἡμῖν’
3024 4011 3042 4044 ι
3082 3992 3248 4046 Δεῦτε
3281 3994 3417 4066 πρὸς
3464 3995 3552 4066 μὲ,
3587 3994 3790 4061 πάντες

2204 4084 2253 4135 οἱ
2305 4082 2600 4148 κοπιῶντες
2655 4084 2749 4138 καὶ
2792 4084 3234 4156 πεφορτισμένοι,
3286 4084 3440 4154 κάγὼ
3486 4087 3791 4141 ἀναπαύσω

2202 4174 2382 4245 ὑμᾶς’
2414 4194 2435 4227 ι
2469 4175 2706 4248 (φορτίον
2738 4174 2848 4247 γάρ
2875 4172 2944 4248 ἦν
2972 4178 3005 4248 ἡ
3034 4178 3220 4248 ἀργία,
3251 4178 3344 4233 καὶ
3386 4178 3447 4232 τὸ
3492 4178 3567 4250 μὴ
3600 4179 3790 4244 ἀξίους

1724 4284 1957 4365 VETUS:
1997 4284 2578 4345 INTERPRETATIO.

502 4411 803 4467 dicentes:
840 4428 863 4459 ι
897 4406 1070 4463 Nemo
1097 4421 1197 4462 nos
1220 4405 1500 4462 conduxit.
1543 4422 1561 4455 ι
1604 4401 1832 4472 Propter
1860 4400 2005 4472 quod
2039 4410 2092 4457 et
2123 4401 2515 4471 paterfamilias
2544 4405 2776 4459 libenter
2806 4404 3071 4460 conduxit
3114 4420 3229 4469 eos,
3259 4414 3333 4471 et,
3367 4415 3427 4460 ut
3474 4405 3548 4461 ita
3577 4406 3783 4471 dicam,

513 4479 763 4535 reddidit
797 4480 877 4533 eis
905 4478 1211 4533 mercedem
1234 4492 1335 4546 pro
1354 4491 1421 4531 eo
1445 4474 1592 4545 quod
1623 4471 2049 4555 magnanimiter
2088 4479 2201 4552 tota
2228 4473 2316 4528 die
2346 4482 2633 4556 steterunt,
2668 4484 2730 4530 et
2763 4484 3225 4599 .esspectaverunt
3271 4493 3445 4545 usque
3486 4477 3789 4557 advespe—

516 4548 1084 4599 nm-eonductorem.
1112 4546 1248 4599 Post
1277 4560 1499 4599 vescere
1529 4543 1695 4599 facto.
1728 4544 1781 4597 id
1805 4551 1908 4599 est.
1933 4542 2118 4596 saeculi
2140 4552 2621 4599 consummatione
2645 4552 2700 4599 et
2723 4544 2829 4599 die:
2856 4562 2875 4599 ι
2897 4545 3003 4599 ltus
3041 4561 3163 4599 uuae
3197 4563 3250 4599 tn
3282 4545 3540 4599 natabula
3569 4554 3672 4599 Ista
3695 4562 3789 4599 re-

516 4548 1084 4605 a‘am-conductorem.
1112 4542 1251 4601 Post
1277 4542 1499 4615 veSpere
1529 4542 1781 4615 facto,gid
1805 4551 1908 4605 est,
1930 4542 2118 4615 saeculi
2140 4543 2621 4615 consummatione
2645 4552 2700 4599 et
2723 4544 2829 4599 diei
2856 4542 3003 4600 illius
3041 4561 3163 4615 qua:
3197 4547 3250 4600 in
3282 4542 3540 4615 parabole
3569 4545 3672 4600 ista
3694 4542 3789 4601 re-

523 4617 732 4696 fertur,
746 4618 876 4696 dicit
903 4616 1166 4696 Dominus
1185 4617 1358 4669 vinea:
1374 4611 1720 4696 procuratori
1745 4627 1869 4675 suo,
1885 4612 2012 4696 sive
2038 4611 2198 4666 alicui
2223 4613 2433 4696 angelo,
2461 4614 2556 4696 qui
2586 4628 2749 4696 super
2783 4611 3071 4696 mercedes
3092 4611 3414 4696 tribuendas
3442 4616 3659 4696 positus
3677 4625 3785 4696 est,

526 4688 643 4744 sive
665 4687 825 4743 alicui
856 4703 925 4742 ex
953 4686 1138 4756 multis
1163 4681 1609 4756 procuratoribus
1643 4681 2008 4756 procuratori,
2038 4681 2338 4756 secundum
2372 4681 2517 4753 quod
2557 4681 2822 4754 scriptum
2857 4695 2941 4739 est
2972 4681 3459 4756 sub_curatoribus
3487 4694 3543 4740 et
3580 4681 3786 4741 actori;

528 4759 632 4814 bus
667 4772 790 4814 esse
822 4755 1088 4813 haeredem
1131 4751 1186 4809 in
1216 4765 1458 4824 tempore
1487 4768 1599 4823 quo
1632 4751 1889 4824 parvulus
1914 4760 2015 4824 est.
2050 4751 2361 4824 Secundum
2382 4751 2717 4824 praeceptum
2751 4768 2880 4823 ergo
2900 4754 3313 4823 patrisfamilias
3349 4764 3619 4809 vocantur
3655 4770 3789 4824 cpe-

526 4839 735 4902 ratores
774 4843 804 4882 a
836 4835 1210 4899 procuratore,
1248 4835 1304 4879 ut
1327 4821 1539 4902 merces
1576 4821 1894 4902 novissimis
1925 4821 2084 4874 detur
2111 4821 2410 4902 inprimis}
2436 4821 2604 4902 Primi
2626 4823 2772 4902 enim
2798 4821 3032 4902 operarii
3068 4844 3088 4876 ι
3117 4821 3789 4902 testimoniuni__l_tabentes

530 4914 626 4967 per
651 4891 852 4978 fidem,"
865 4913 974 4953 non
1006 4903 1332 4978 acceperuut
1365 4893 1459 4948 Dei
1495 4893 2070 4978 promissio.nem,ypro
2083 4891 2263 4978 nobis
2278 4892 2477 4978 melius
2510 4891 2718 4978 aliquid
2748 4891 3117 4978 prospiciente
3151 4913 3171 4946 ι
3223 4892 3637 4978 patrisfamilias,
3686 4896 3782 4963 qui

529 4960 705 5022 vocati
731 4960 918 5022 sumus
955 4960 1242 5021 undecima
1274 4964 1429 5031 hora,
1463 4960 1576 5018 (nt
1613 4978 1723 5018 non
1752 4962 1871 5017 sine
1894 4960 2059 5033 nobis
2082 4960 2452 5030 perﬁciantur.
2498 4981 2517 5015 ι
2556 4960 2619 5016 Εἰ
2642 4960 3082 5033 misericordiam
3127 4960 3405 5019 con—secuti
3438 4980 3655 5027 sumus,
3683 4960 3787 5033 pro

525 5052 599 5108 eo
618 5038 765 5108 quod
801 5046 911 5092 tota
950 5035 1038 5089 die
1066 5037 1336 5108 stetimus,
1372 5030 1730 5108 etAvoluimus
1767 5030 2158 5108 conductorem
2199 5032 2358 5108 nobis
2391 5033 2596 5108 venire.
2628 5032 2793 5088 Otiati
2823 5043 3009 5088 autem
3052 5034 3260 5108 fuimus
3295 5044 3351 5089 et
3387 5049 3512 5108 cum
3547 5030 3776 5108 excusa-

529 5099 677 5163 tinn'e
706 5107 770 5162 ad
791 5122 939 5176 ppus
969 5105 1253 5176 assumpti,
1293 5103 1804 5176 etmisericordiam
1830 5099 2129 5176 consecuti,
2164 5101 2325 5171 primi
2352 5103 2658 5176 mercedem
2699 5119 2984 5176 speramus
3015 5104 3283 5176 accipere,
3311 5103 3418 5176 qui
3446 5104 3561 5157 noti
3588 5118 3785 5158 sumus

527 5176 753 5233 Christi.
788 5169 919 5231 Post
946 5191 1045 5232 nos
1071 5169 1255 5243 autem
1281 5174 1432 5243 dabit
1461 5173 1764 5228 mercedem
1795 5169 1995 5243 eisqui
2026 5181 2152 5224 ante
2166 5169 2279 5243 nos
2307 5171 2514 5243 operati
2550 5182 2698 5236 sunt,
2729 5169 2783 5227 et
2824 5174 2907 5229 sic
2948 5176 3113 5243 etiam
3140 5169 3238 5228 ’eis
3267 5169 3360 5243 qui
3388 5171 3620 5243 fuerunt
3659 5184 3790 5229 ante.

528 5246 671 5313 illos,
701 5247 781 5303 sic
808 5261 988 5315 usque
1013 5245 1087 5300 ad
1106 5240 1331 5315 primos.
1352 5241 1571 5315 rVidens
1601 5251 1784 5315 autem
1812 5239 1951 5315 quis
1966 5242 2148 5295 locum
2184 5239 2938 5315 illum'ubicommorabatur
2962 5242 3207 5315 Samuel,
3233 5239 3401 5311 et'qui
3435 5257 3776 5315 consequen-

526 5324 612 5372 ter
636 5311 1001 5373 consideravit
1025 5311 1235 5380 de’eis,
1269 5314 1363 5383 qui
1400 5321 1530 5367 ante
1560 5312 1903 5383 undecimam
1938 5311 2128 5365 horam
2175 5320 2307 5364 sunt
2340 5312 2619 5383 conducti,
2656 5312 2873 5383 videbit
2905 5312 3184 5382 quomodo
3220 5321 3579 5382 portaverunt
3623 5311 3784 5383 primi

527 5388 740 5458 pondus
766 5385 871 5448 dici
904 5393 965 5439 et
984 5380 1331 5458 metum,_nos
1369 5392 1550 5437 autem
1578 5382 1673 5451 qui
1698 5380 1989 5458 undecima
2019 5394 2210 5458 sumus
2239 5380 2437 5458 vocati,
2479 5380 2727 5458 sicutjlli
2760 5380 3006 5451 quidem,
3050 5398 3159 5435 non
3188 5380 3543 5458 portavimus
3570 5380 3790 5458 pendus

528 5448 636 5512 diei
661 5465 715 5512 et
742 5463 975 5511 aestum:
1008 5454 1345 5519 portavimus
1389 5461 1573 5521 autem
1598 5448 1848 5521 'pondus,
1882 5464 1947 5505 eo
1993 5448 2156 5521 quod
2186 5451 2439 5521 stetimus
2470 5451 2646 5513 otiosi
2676 5448 2975 5516 rantequam
3018 5448 3417 5521 paterfamilias
3458 5448 3671 5506 veniret
3715 5451 3785 5503 ad

528 5541 653 5593 nos,
687 5527 781 5595 qui
824 5525 962 5582 dixit
987 5518 1143 5595 nobis
1161 5540 1191 5595 ξε,
1219 5541 1237 5573 ι
1269 5521 1470 5595 AVenite
1493 5520 1563 5595 ad
1601 5518 1690 5595 me
1717 5533 1909 5595 omnes
1951 5518 2370 5595 qui_‘labor_atis_,
2414 5530 2483 5595 et
2496 5521 2709 5576 onerati
2747 5521 2898 5576 estis.
2952 5539 2971 5572 ι
3000 5518 3160 5575 Onus
3200 5521 3346 5576 enim
3385 5530 3505 5595 erat
3529 5520 3787 5595 otiositas

530 5586 666 5664 ipsa,
697 5586 917 5665 etquod
940 5609 1049 5650 non
1079 5593 1464 5665 iudicabantur
1492 5589 1705 5645 interim
1735 5590 1803 5665 a_d
1826 5586 1991 5657 opera
2011 5586 2194 5665 _vine§e
2220 5589 2390 5660 digni.
2418 5590 2633 5665 Estum
2679 5598 2859 5665 autem
2889 5601 3263 5665 portaverunt,
3309 5591 3404 5661 qui
3443 5600 3571 5665 ante
3608 5589 3787 5665 unde~

531 5657 727 5720 cimam
756 5657 913 5719 erant
938 5657 1135 5730 vocati,
1170 5662 1548 5732 unusquisque
1580 5659 1881 5715 secundum
1908 5657 2329 5713 aestimationem
2361 5660 2681 5716 vocationis.
2718 5657 2836 5714 Non
2863 5657 3042 5714 autem
3060 5676 3067 5681 λ
3088 5657 3344 5716 scientes
3372 5659 3786 5731 patrisfamilias

584 5801 632 5830 "
666 5795 850 5852 Matth.
881 5812 970 5862 xx,
993 5797 1046 5852 7.
1121 5798 1308 5854 "Gal.
1330 5815 1408 5865 tv,
1435 5799 1491 5853 2.
1565 5800 1612 5832 "
1645 5794 1809 5853 Hebr.
1846 5812 1921 5862 xl,
1953 5796 2041 5865 59,
2071 5795 2157 5852 ω.
