4086 6488
423 428 561 485 15131

1406 422 1764 481 αυλιιιεκτ.
1806 423 1875 477 uv
1912 381 2331 476 minimest
2372 415 2610 472 'rouvs
2647 415 2764 471 xv.

3566 421 3705 479 {362

423 526 740 586 τε.νοοῦντες
768 524 1104 598 ἐργάσασθαι
1149 523 1238 577 τὸν
1291 523 1610 594 ἀμπελῶνα,
1659 523 1719 574 οὑ
1761 519 1999 574 δύνανται

2120 516 2240 579 liut,
2273 514 2413 569 haud
2441 523 2587 568 certe
2614 508 2995 582 patrifamilias
3024 511 3203 567 dicere
3226 515 3522 585 queant":
3549 534 3568 568 ι
3598 515 3706 569 Ne-

422 621 604 687 λέγειν
623 618 703 690 τῷ
729 619 1082 691 οἰκοδεσπότῃ
1102 635 1114 648 ·
1154 637 1172 668 ι
1206 616 1395 680 Οὐδεὶς
1425 616 1572 686 ἡμᾶς
1601 612 1942 685 ἐμισθώσατο
1960 628 1972 640 ·
1990 630 2008 660 ι

417 711 806 782 ὲμισθώθησαν
837 711 947 783 γὰρ
995 710 1114 763 καθ’
1163 710 1222 762 ὃν
1270 708 1460 780 καιρὸν
1502 707 1765 778 πρότερον
1811 705 1902 757 ἐπὶ
1953 705 2013 757 τὸ

415 798 699 854 πιστεύειν
723 800 1052 872 ἐκλήθησαν,
1075 800 1188 853 ἀλλ’
1217 799 1339 853 οὐδὲ
1361 797 1635 862 λελέξεται
1657 797 1840 859 αὐτοῖς
1856 812 1868 824 ·
1904 814 1922 847 ι
1947 796 2012 848 Τί

409 883 522 946 ὦδε
559 891 829 959 ἑστήκατε
857 892 984 962 ὃλην
1013 892 1111 964 τὴν
1139 891 1350 964 ἡμέραν
1381 889 1537 960 ἀργοί
1563 906 1576 955 ;
1611 909 1629 940 ι
1675 889 1907 960 μάλιστα
1940 889 2010 950 εἰ,

413 1002 442 1035 ι
471 981 766 1055 ἀρξάμενοι
790 984 1084 1055 πνεύματι,
1125 1004 1143 1036 ι
1176 965 1276 1036 καὶ
1311 983 1536 1055 ὕστερον
1569 1003 1586 1034 ‹
1631 983 1793 1054 σαρκὶ
1827 982 2011 1034 ἐπιτε-

404 1072 687 1144 λούμενοι,
723 1094 742 1126 ι
779 1075 940 1129 πάλιν
969 1075 1368 1147 ἐπανέρχεσθαι
1401 1074 1676 1145 βούλοιντο
1721 1073 1816 1126 ἐπὶ
1859 1072 1920 1125 τὸ
1953 1069 2012 1136 ἐξ

404 1162 670 1236 ὑπαρχῆς
698 1165 970 1237 πνεύματι
999 1165 1176 1219 θέλειν
1197 1166 1315 1238 ζῇν.
1349 1165 1461 1218 Καὶ
1487 1163 1547 1218 οὕ
1595 1181 1774 1234 φαμεν
1815 1162 2007 1226 ταῦτα,

402 1255 850 1327 ἀποτρεπόμενοι
883 1255 1204 1312 ἀνίστασθαι
1238 1257 1363 1319 τοὺς
1393 1255 1771 1320 πεπτωκότας,
1806 1254 1840 1326 ἢ
1871 1255 2010 1308 ἐπα-

400 1347 737 1419 ναστρέφειν
767 1347 878 1418 (45)
911 1349 1038 1412 τοὺς
1061 1347 1528 1420 πεπλανημένους,
1553 1347 1586 1418 ἢ
1623 1346 2010 1417 παλινδρομεῖν

399 1438 508 1492 ἐπὶ
533 1439 626 1492 τὸν
665 1439 917 1512 πατρῷον
944 1438 1092 1494 οἷκον
1117 1442 1242 1505 τοὺς
1279 1439 1869 1510 κατασωτευσαμένους
1908 1439 2008 1508 τὴν

393 1527 514 1599 τῆς
539 1530 905 1602 εὒαΠελικῆς
936 1531 1286 1595 διδασκαλίας
1332 1531 1550 1584 οὐσίαν·
1599 1530 1873 1602 ἐχέτωσαν
1910 1529 2008 1599 μὲν

394 1620 543 1690 γὰρ,
572 1620 662 1674 διὰ
691 1622 790 1694 τὴν
831 1623 1122 1693 μετάνοιαν
1166 1624 1260 1676 κει)⁵
1304 1623 1365 1676 τὸ
1405 1620 1916 1692 καταλαμϐάνεσθαι
1949 1622 2006 1673 ἐν

393 1714 508 1766 ἐπε
516 1730 651 1787 στρα
658 1733 696 1785 μ
705 1715 850 1786 μένῳ
868 1714 987 1786 βίῳ,
1007 1715 1292 1787 κρείττονα
1307 1713 1418 1768 τῶν
1434 1713 1645 1767 καταλα
1652 1712 1824 1784 μὸανο
1831 1711 2006 1781 μένων

393 1803 468 1855 ὲν
483 1806 602 1867 ταῖς
624 1804 942 1876 ἁμαρτίαις·
970 1805 1030 1858 οὐ
1067 1807 1172 1877 μήν
1194 1806 1299 1876 χρὴ
1332 1803 1731 1876 ὑπολαμϐάνειν
1755 1805 1883 1874 περὶ
1912 1804 2008 1856 αὺ-

391 1889 502 1943 τοῦ
535 1891 668 1963 (44),
701 1893 783 1946 ὃτι
806 1891 983 1963 ὅμοιοί
1021 1894 1127 1946 εἰσι
1161 1896 1275 1956 τοῖς
1302 1892 1455 1965 παρὰ
1480 1892 1640 1945 τοῦτο
1685 1894 2005 1964 ἡμαρτηκό-

394 2000 495 2036 σιν
527 1984 584 2036 ἐν
613 1987 678 2054 τῇ
713 1984 949 2056 νεότητι,
983 1985 1132 2058 παρὰ
1153 1985 1213 2038 τὸ
1260 1986 1394 2057 μηδὲ
1433 1985 1532 2057 τὴν
1576 1985 1750 2058 ἀρχὴν
1786 1985 1854 2039 τά
1902 1985 2003 2056 τῆς

388 2074 645 2137 πίστεως
679 2075 1080 2146 μεμαθηκέναι.
1115 2077 1269 2130 Θέλει
1303 2073 1395 2130 οὖν
1426 2079 1454 2130 ό
1490 2077 1877 2147 οἰκοδεσπότης
1908 2079 2003 2131 καὶ

389 2167 517 2228 τοῖς
549 2165 798 2236 ἐσχάτοις
823 2168 1037 2232 δοῦναι,
1077 2169 1152 2234 ὼς
1184 2171 1278 2223 καὶ
1306 2173 1420 2232 τοῖς
1450 2168 1722 2240 πρώτοις,
1752 2170 1813 2222 τὸ
1839 2169 2002 2241 δηνά-

389 2272 540 2325 ριον,
574 2257 672 2324 τὴν
701 2260 997 2329 σωτηρίαν,
1029 2259 1153 2312 ἐπεὶ
1186 2258 1362 2324 ἔξεστι
1391 2263 1564 2312 ποιεῖν
1582 2258 1610 2311 ὃ
1637 2259 1778 2313 θέλει
1803 2261 1862 2314 ἐν
1885 2263 1996 2326 τοῖς

388 2350 592 2414 αὑτοῦ,
625 2353 720 2405 καὶ
742 2353 985 2426 ἐλέγχειν
1008 2354 1097 2407 τὸν
1119 2353 1312 2424 ἔχοντα
1340 2354 1576 2426 πονηρὸν
1601 2353 1877 2426 ὀφθαλμὸν
1905 2355 1996 2409 ἐπὶ

384 2440 482 2512 τῷ
503 2442 595 2496 τὸν
623 2444 1010 2517 οἰκοδεσπότην
1039 2441 1178 2499 εἶναι
1212 2447 1416 2515 ἀγαθόν
1440 2465 1453 2479 ·
1486 2449 1698 2503 ἔσονται
1747 2444 1840 2504 οὖν
1871 2449 1998 2504 πολ-

383 2534 482 2586 λοὶ
510 2532 620 2586 τῶν
651 2535 897 2606 ἐσχάτων
919 2535 1146 2608 πρῶτοι,
1183 2537 1277 2592 καί
1311 2556 1457 2603 τινες
1477 2539 1584 2593 τῶν
1608 2539 1840 2612 πρώτων
1864 2541 1998 2613 κλη-

381 2626 603 2680 θέντων
633 2625 850 2697 ἔσχατοι
872 2647 885 2659 ·
931 2648 949 2680 ι
992 2630 1086 2683 καὶ
1117 2629 1227 2702 γὰρ
1259 2631 1308 2683 οί
1341 2631 1529 2703 κλητοί
1571 2633 1675 2702 μὲν
1703 2633 1909 2699 πολλοὶ,
1945 2637 1994 2688 οἱ

379 2715 452 2768 δὲ
480 2714 728 2770 ἐκλεκτοί
763 2718 898 2770 εἰσιν
945 2717 1135 2786 ὀλίγοι.
1175 2739 1192 2770 ι
1223 2719 1380 2783 Εἰκὸς
1430 2720 1528 2790 μὲν
1558 2716 1672 2787 οὖν,
1705 2720 1798 2773 τὸν
1832 2722 1992 2792 ἡμῶν

383 2807 730 2880 σοφώτερον,
759 2809 854 2863 καὶ
880 2810 1134 2881 κριθέντα
1165 2811 1316 2884 παρὰ
1337 2811 1457 2883 Θεῷ
1489 2811 1636 2877 ἄξιον
1669 2814 1992 2886 τρανοτέρου

383 2899 492 2952 τοῦ
516 2900 574 2952 ἐν
608 2901 751 2970 λόγῳ
782 2902 975 2971 σοφίας
1005 2903 1094 2956 διὰ
1116 2903 1434 2974 Πνεῦματος
1469 2904 1606 2958 Θεοῦ
1655 2905 1994 2977 χαρίσματος

381 2992 487 3044 καὶ
513 2992 936 3064 πλουσιωτέρου,
969 2995 1064 3048 καὶ¹
1096 2995 1306 3065 δωρεᾶς
1339 2997 1438 3067 τῆς
1473 2998 1531 3051 ἐν
1559 2997 1701 3070 λόγῳ
1737 2999 1992 3067 γνώσεως

380 3082 538 3136 κατὰ
561 3084 622 3137 τὸ
655 3083 904 3156 Πνεῦμα,
937 3085 1266 3159 ὑψηλότερα,
1320 3091 1414 3142 καί
1445 3089 1687 3160 μείζονα,
1729 3093 1824 3145 καὶ
1853 3093 1992 3164 μετὰ

377 3175 987 3276 πάσης-καταλήψεως
1015 3177 1270 3249 εὑρήσειν
1301 3180 1382 3242 εἰς
1409 3180 1510 3250 τὴν
1538 3181 1873 3254 παραϐολὴν,
1894 3184 1988 3236 καὶ
2015 3219 2057 3276 C

376 3265 721 3330 ἀποδείξεων
762 3269 1094 3340 εὐπορήσειν
1146 3270 1645 3342 παραλαμϐάνοντα
1687 3277 1765 3337 εἰς
1817 3274 1986 3339 αὐτὰς

377 3356 532 3430 ῥητά
557 3358 1075 3431 μεγαλοφυέστερον.
1104 3360 1212 3413 Καὶ
1231 3362 1390 3433 ἡμεῖς
1413 3362 1492 3429 δὲ,
1526 3363 1602 3426 ὡς
1624 3366 1983 3437 ἐχωρήσαμεν

375 3449 671 3520 ὲκθέμενοι
699 3451 790 3504 τὸν
817 3450 941 3504 νοῦν
970 3452 1070 3523 τῆς
1095 3453 1428 3525 παραϐολῆς.
1461 3455 1718 3526 αἰτοῦμεν
1741 3457 1848 3511 ἀπὸ
1874 3459 1981 3512 τῶν

372 3542 826 3612 ἐντυγχανόντων
850 3543 1201 3616 συγγνώμην,
1222 3547 1269 3600 εἰ
1301 3545 1395 3600 καὶ
1422 3547 1496 3618 μὴ
1526 3549 1644 3601 κατ’
1666 3546 1821 3614 ἀξίαν
1845 3551 1980 3604 καθ-

376 3632 600 3687 ικέσθαι
646 3633 740 3688 τοῦ
795 3634 1136 3707 βουλήματος
1167 3636 1277 3690 τῶν
1313 3638 1547 3692 ἐνταῦθα
1575 3641 1976 3712 γεγραμμένων

371 3723 754 3796 δεδυνήμεθαο
811 3725 950 3795 τάχα
999 3726 1108 3796 γὰρ
1146 3730 1246 3796 τῆς
1286 3729 1594 3800 προθυμίας
1631 3731 1727 3783 καὶ
1769 3731 1862 3784 τοῦ
1898 3733 1974 3802 μὴ

373 3816 774 3886 ἀπωκνηκέναι
805 3816 964 3886 χάριν
996 3816 1216 3888 δόξομεν
1241 3817 1382 3888 ἔχειν
1403 3820 1674 3892 ἀποδοχῆς
1717 3840 1769 3874 τι
1803 3823 1971 3887 ἄξιον.

2119 621 2210 660 mo
2231 622 2331 661 nos
2354 605 2647 670 conduxit;
2689 624 2706 656 ›
2736 613 2849 659 tum
2874 605 3020 660 enim
3037 606 3290 660 conducti
3315 617 3464 673 sunt,
3487 624 3610 661 eum
3635 613 3698 664 ad

2119 696 2279 766 707
2306 696 2464 750 fidem
2499 696 2650 764 prius
2690 694 2910 749 fuerunt
2935 696 3218 762 accersiti;
3247 712 3345 751 nec
3371 696 3436 753 iis
3467 714 3595 754 vero
3622 698 3707 752 di-

2116 797 2268 843 cetur
2299 787 2345 819 ⁸³
2377 805 2389 841 :
2425 806 2442 838 ι
2474 786 2618 853 Quid
2653 787 2739 842 hic
2764 789 2920 843 statis
2944 799 3054 844 tota
3083 791 3169 844 die
3186 789 3385 844 otiosi?
3417 809 3435 842 ι
3476 803 3707 856 [παιδοτ-

2116 881 2213 935 tim
2251 879 2297 934 si
2343 899 2362 930 ‹
2391 895 2514 934 cum
2577 879 2771 948 spiritu
2833 882 3122 950 cmperint,
3185 889 3240 934 et
3288 896 3454 935 carne
3503 880 3702 936 deinde

2115 968 2488 1026 consummati
2525 967 2728 1022 fuerint
2747 968 2850 1034 “,i
2880 970 2947 1024 ad
2975 970 3143 1024 vitam
3171 970 3366 1040 spiritu
3390 974 3457 1025 de
3486 971 3701 1040 integro

2116 1059 2422 1115 ducendam
2459 1059 2637 1113 redire
2663 1058 2856 1114 velint.
2912 1058 3032 1114 Non
3066 1069 3248 1115 autem
3285 1061 3401 1116 haec
3430 1075 3496 1114 eo
3527 1061 3698 1130 perti-

2116 1173 2249 1214 nere
2283 1158 2563 1223 volumus,
2599 1170 2710 1226 quo
2762 1155 2859 1226 qui
2911 1156 3226 1212 ceciderunt
3280 1173 3310 1210 a
3362 1155 3700 1226 resurgendo

2117 1250 2522 1314 deterreantur,
2556 1247 2641 1303 vel
2667 1256 2916 1303 errantes
2967 1248 3021 1302 in
3069 1249 3212 1302 viam
3249 1248 3451 1312 redire,
3494 1249 3578 1303 vel
3625 1248 3695 1302 ad

2112 1350 2398 1412 paternam
2440 1341 2665 1395 domum
2717 1340 2916 1395 reverti
2954 1340 3212 1405 nolimus,
3245 1339 3340 1408 qui
3369 1339 3696 1409 evangelica:

2112 1434 2374 1489 doctrinae
2411 1448 2544 1504 opes
2575 1449 2670 1503 per
2715 1435 2990 1488 luxuriam
3016 1433 3430 1503 dilapidarunt:
3464 1443 3522 1487 ut
3544 1433 3692 1486 enim

2114 1534 2338 1594 propter
2390 1525 2796 1594 penitentiam,
2848 1534 2905 1580 et
2957 1525 3103 1596 quod
3157 1525 3322 1578 vitam
3367 1540 3693 1579 conversam

2110 1615 2378 1669 ducentes
2412 1614 2742 1684 deprehensi
2797 1614 2930 1682 sint,
2969 1617 3179 1685 potiora
3233 1618 3412 1672 ferant
3461 1628 3626 1686 atque
3656 1616 3694 1670 ii

2111 1709 2204 1778 qni
2238 1709 2291 1762 in
2317 1709 2561 1779 peccatis
2591 1709 2838 1778 oppressi
2884 1721 3046 1777 sunt;
3101 1727 3209 1766 non
3270 1713 3473 1768 idcirco
3509 1721 3692 1767 tamen

2112 1800 2321 1855 similes
2349 1799 2416 1855 iis
2449 1815 2571 1855 esse
2594 1800 2950 1855 existimandi
2982 1811 3134 1868 sunt,
3183 1803 3277 1872 qui
3311 1812 3597 1872 pr0ptcrea
3634 1803 3692 1856 in

2039 1865 2081 1923 Β
2107 1892 2398 1960 juventute
2429 1899 2816 1961 peccaverunt,
2844 1891 2990 1960 quod
3015 1865 3139 1946 fldei
3168 1865 3435 1962 praecepta
3473 1893 3693 1962 penitus

2107 1984 2501 2053 ignoraverint.
2531 1983 2834 2039 Postremis
2857 1996 2990 2054 ergo
3019 1983 3242 2052 perinde
3277 1992 3339 2036 ut
3364 1982 3558 2053 primis
3586 1983 3686 2036 de-

2105 2076 2349 2140 narium,
2383 2076 2615 2131 salutem
2654 2075 2938 2140 nimirum,
2967 2074 3174 2130 donare
3201 2075 3321 2128 vult
3369 2073 3689 2145 paterfami-

2102 2167 2227 2234 lias,
2273 2168 2534 2239 quoniam
2572 2167 2699 2224 licet
2735 2167 2784 2222 ei
2837 2167 2983 2236 quod
3040 2167 3153 2221 vult
3189 2164 3370 2221 facere
3413 2165 3470 2220 in
3523 2165 3682 2220 rebus

2103 2261 2240 2328 suis,
2276 2269 2330 2315 et
2359 2276 2485 2316 eum
2537 2260 2786 2330 increpat
2815 2260 2908 2330 qui
2932 2259 3079 2329 quod
3132 2257 3313 2314 bonus
3345 2257 3418 2313 sit
3449 2255 3689 2326 paterfa-

2103 2353 2306 2418 milias,
2330 2353 2552 2407 oculum
2589 2353 2794 2406 malum
2837 2351 3000 2406 habet
3041 2351 3109 2404 ⁸⁸.
3140 2349 3550 2405 Postremorum
3578 2349 3686 2420 igi-

2101 2454 2192 2498 tur
2212 2442 2373 2514 primi
2405 2451 2568 2500 erunt
2595 2437 2985 2513 quamplurimi
3011 2461 3026 2510 ;
3061 2451 3116 2496 et
3139 2441 3319 2511 primo
3343 2442 3466 2496 loco
3495 2455 3684 2496 accer-

2099 2536 2330 2590 sitorum
2359 2535 2609 2590 nonnulli
2656 2533 2918 2603 postremi
2951 2551 2965 2599 ;
3009 2551 3028 2584 ι
3063 2533 3219 2587 multi
3251 2534 3397 2587 enim
3422 2542 3553 2589 sunt
3580 2547 3682 2588 vo-

2097 2628 2225 2692 cati,
2260 2627 2418 2697 pauci
2445 2642 2575 2682 vero
2607 2625 2764 2681 electi
2791 2626 2858 2678 '9.
2894 2645 2913 2677 1
2956 2623 3091 2679 Eum
3121 2624 3367 2693 profecto
3392 2624 3489 2694 qui
3522 2624 3684 2681 nobis

2097 2719 2264 2775 fuerit
2285 2721 2604 2791 peritior,et
2621 2720 2902 2789 judicatus
2929 2718 3096 2772 fuerit
3119 2719 3263 2788 apud
3285 2717 3453 2772 Deum
3479 2717 3681 2786 dignus

2095 2811 2472 2868 manifestiora
2494 2827 2559 2867 ac
2593 2810 2949 2881 locupletiore
3005 2810 3058 2863 in
3104 2824 3359 2864 sermone
3399 2807 3683 2877 sapientiae

2094 2921 2191 2975 per
2222 2905 2315 2960 Dei
2349 2903 2614 2975 Spiritum
2644 2902 2842 2974 gratia,
2877 2908 2932 2955 et
2975 2900 3121 2954 dono
3151 2898 3396 2954 scientiae
3428 2914 3551 2967 quae
3597 2908 3684 2956 est

2094 2998 2148 3052 in
2183 3012 2437 3052 sermone
2468 2995 2770 3051 secundum
2824 2992 3091 3064 Spiritum
3134 2992 3206 3058 ⁸⁷,
3237 2991 3582 3056 sublimiora,
3613 3005 3681 3048 ac

2092 3091 2322 3160 majora,
2351 3101 2405 3144 et
2448 3104 2572 3144 cum
2630 3088 2780 3142 omni
2837 3085 3176 3156 intelligendi
3219 3084 3479 3141 facultate
3512 3100 3680 3154 super

2092 3183 2196 3237 hac
2225 3181 2482 3252 parabola
2529 3188 2904 3250 reperturum,
2955 3188 3011 3234 et
3063 3177 3401 3249 depromptis
3452 3177 3680 3234 solerter

2093 3273 2394 3343 Scriptura
2417 3270 2599 3327 verbis
2627 3277 3076 3340 argumentorum
3120 3267 3333 3338 copiam
3385 3277 3676 3323 nacturum

2089 3365 2390 3420 verisimile
2446 3359 2689 3418 est.Nos
2712 3370 2895 3415 autem
2925 3375 3025 3430 pro
3095 3361 3295 3415 virium
3360 3369 3677 3415 nostrarum

2089 3457 2311 3512 modulo
2339 3454 2610 3527 parabolae
2633 3453 2903 3523 explicata
2935 3453 3230 3518 sententia,
3271 3453 3317 3509 si
3372 3468 3554 3506 rerum
3585 3453 3677 3506 hic

2083 3550 2411 3619 scriptarum
2433 3545 2750 3615 dignitatem
2782 3543 2964 3598 minus
2994 3544 3213 3612 assequi
3245 3544 3544 3612 potuimus.
3578 3559 3675 3599 ve-

2082 3645 2230 3698 niam
2264 3660 2294 3698 a
2325 3640 2625 3697 lectoribus
2647 3639 3040 3708 deprecamur;
3075 3638 3159 3691 vel
3188 3637 3334 3691 enim
3364 3637 3537 3692 solius
3557 3646 3674 3691 stu-

2081 3735 2157 3789 dii
2195 3742 2251 3788 et
2276 3731 2570 3801 diligentia:
2601 3731 2824 3784 nomine
2867 3727 3402 3783 commendationem
3439 3727 3674 3782 fortasse

2081 3825 2350 3880 meruisse
2387 3823 2712 3877 videbimur.

1611 4015 1837 4072 VETUS
1888 4016 2464 4073 INTERPRETATIO.

375 4175 528 4228 unde
559 4189 742 4229 sermo
778 4173 1095 4251 Dominicus
1124 4181 1327 4250 accepit
1360 4197 1455 4236 eos
1481 4183 1574 4251 qui
1603 4193 1867 4238 vocantur
1894 4199 1924 4238 a
1953 4185 2174 4242 Christo
2210 4207 2222 4241 :
2251 4196 2307 4241 et
2334 4186 2501 4241 mittit
2530 4186 2583 4240 in
2613 4186 2848 4247 vineam,
2889 4184 2939 4238 id
2967 4193 3070 4250 est,
3103 4185 3156 4238 in
3189 4182 3512 4238 Eeclesiam.
3545 4181 3664 4238 Non

372 4253 564 4327 autem
601 4247 1055 4327 numerabantur,
1090 4247 1391 4305 secundum
1433 4247 1826 4323 expositionem
1863 4255 2047 4321 istam,
2078 4258 2221 4311 inter
2243 4257 2524 4327 operarios
2548 4256 2740 4327 vineae,
2771 4247 3254 4327 quotquot'vocati
3281 4253 3662 4327 sun_t_quidel_n

373 4314 620 4438 Erinitim
657 4315 739 4398 ad.
760 4315 854 4371 Dei
883 4319 1177 4385 culturam,
1204 4337 1312 4375 non
1353 4314 1534 4377 autem
1565 4333 1951 4381 conservantes
1994 4314 2116 4396 qua:
2142 4328 2262 4382 fidei
2281 4314 2475 4391 'eraut,
2504 4326 2630 4381 victi
2661 4314 2864 4392 egressi
2905 4314 3033 4381 s'unt
3067 4325 3133 4379 de
3163 4323 3342 4384 vinea.
3383 4323 3435 4377 id
3461 4314 3568 4386 est,
3594 4322 3664 4378 de

422 4385 624 4438 eclesra
648 4383 765 4438 Del.
800 4389 884 4438 vel
913 4389 978 4438 de
1007 4389 1109 4438 fide
1139 4391 1407 4438 veritatis-
1439 4393 1520 4438 vel
1552 4394 1619 4438 de
1653 4393 1860 4438 inclitis:
1903 4398 2049 4438 ιορωιί
2079 4397 2333 4438 ιιαδΙραΙῖςγ
2367 4407 2654 4438 mam-antae
2706 4403 2760 4438 ρι
2795 4404 2914 4438 nnat
2942 4393 3380 4438 mlimnlplinnem
3411 4393 3662 4438 volunta-

422 4385 624 4440 cclesia
648 4383 884 4469 Dei,ch
913 4389 978 4442 de
1007 4389 1109 4469 fide
1139 4383 1408 4469 veritatis,
1439 4393 1521 4447 vel
1552 4394 1619 4449 de
1647 4393 1860 4469 justitia
1903 4383 2050 4469 regni
2079 4397 2336 4460 caelestis,
2367 4383 2760 4469 peccanqtes,'et
2793 4404 2915 4464 post
2942 4383 3380 4469 adimpletionem
3411 4383 3662 4469 volupta-

372 4466 741 4540 tum‘suarum
772 4461 826 4540 in
868 4461 1106 4540 peccatis
1141 4462 1592 4540 suisnvoluerunt
1630 4461 1786 4540 quasi
1811 4461 2145 4540 _p<enit_entes
2177 4461 2475 4540 iterum'ah
2503 4461 2667 4522 initio
2687 4461 2900 4540 vineam
2935 4461 3172 4534 Operari.
3210 4461 3496 4540 Nec_enim
3529 4461 3658 4532 pos-

371 4535 506 4608 sunt
525 4525 713 4608 dicere
743 4525 1126 4608 patrifamilias
1156 4551 1175 4608 :_
1213 4552 1230 4580 ‹
1261 4529 1563 4608 Nemonos
1589 4525 1870 4608 conduxit.
1897 4557 1928 4608 _»
1960 4537 2224 4592 Conducti
2263 4539 2406 4593 enim
2436 4525 2986 4608 fueruntsecundum
3021 4543 3234 4608 tempus
3261 4525 3661 4608 pri_mu_m_,'quo

371 4598 712 4677 suptvocati
749 4598 817 4653 ad
856 4599 1038 4677 fidem.
1071 4599 1178 4655 Sed
1213 4617 1390 4672 neque
1421 4605 1632 4677 dicetur
1659 4604 1739 4660 eis
1778 4623 1790 4658 :
1832 4625 1850 4657 ι
1883 4606 2024 4673 Quid
2059 4609 2146 4662 hic
2173 4609 2330 4663 statis
2357 4617 2467 4662 tota
2493 4608 2579 4662 die
2606 4606 2809 4660 otiosi?
2852 4625 2869 4657 ι
2905 4598 3147 4659 πηιιίωὲ
3180 4598 3289 4677 si}
3337 4598 3662 4677 incipientes

368 4671 571 4749 ερῑςίιιι
596 4706 612 4728 ο
644 4737 655 4749 .
691 4671 1034 4749 postmodum
1080 4687 1246 4726 carne
1276 4671 1622 4742 Del'licientur
1644 4716 1663 4749 ,
1718 4693 1738 4726 ι
1772 4684 1826 4749 et
1852 4671 1924 4749 si'
1940 4687 2061 4747 post
2087 4694 2148 4733 ea
2180 4679 2386 4748 regredi
2419 4679 2624 4740 volunt,
2665 4686 2724 4730 ut
2749 4677 2944 4731 iterum
2977 4677 3172 4745 spiritu
3200 4676 3406 4749 vivant.
3454 4671 3520 4726 Et
3548 4689 3658 4749 non

370 4735 615 4820 diximus
642 4737 1162 4820 hiecdissuadentes
1189 4735 1412 4820 surgere
1438 4735 1666 4820 eosuqui
1702 4735 2045 4820 ροςίόοιῇιιι,
2086 4757 2181 4802 aut
2213 4735 2571 4820 impedientes
2597 4735 2663 4802 ne
2697 4735 3084 4820 convertant-ur
3127 4745 3326 4820 aversi,
3372 4754 3430 4797 ut
3479 4758 3546 4797 ne
3587 4745 3658 4797 ad

367 4805 600 4889 domum
633 4808 866 4889 patriam
898 4820 1240 4889 revertantur
1266 4805 1451 4869 lascivi
1483 4805 1716 4889 lilii-qui
1745 4816 1976 4889 vivendo
2022 4805 2305 4873 luxuriose
2336 4819 2659 4889 evangelicae
2704 4817 2966 4889 doctrinae
2989 4805 3367 4889 substantiam
3391 4828 3656 4889 consum-

370 4886 620 4961 pserunt.
675 4877 888 4961 Habent
925 4880 1103 4961 ,eni_|u_
1127 4892 1348 4961 propter
1380 4877 1755 4961 pmnit_en_liam
1803 4888 2063 4961 quoniam
2097 4889 2221 4943 victi
2260 4898 2389 4942 sunt
2417 4907 2445 4944 a
2477 4877 2626 4961 vitiis
2656 4888 2960 4961 perversis,
2999 4887 3278 4940 meliorem
3313 4885 3401 4961 eis
3455 4883 3652 4961 qui__in

372 4949 614 5030 peccatis
652 4949 1027 5030 comprehensi
1078 4949 1313 5019 fuerint,
1366 4949 1795 5030 consolationem
1821 4949 2076 5015 'salutis:
2115 4975 2222 5030 non
2248 4971 2428 5013 tamen
2472 4949 2735 5030 debemus
2772 4957 3123 5030 existimare,
3151 4955 3417 5030 quoniam
3449 4953 3655 5030 similes

372 5020 484 5101 sint
509 5020 590 5073 eis
617 5020 720 5101 qui
759 5031 1042 5101 propterea
1072 5033 1435 5101 pec_ca_ver_uut
1484 5025 1537 5079 in
1573 5025 1861 5101 juventute
1889 5044 2008 5094 sua,
2045 5029 2304 5100 quoniam
2338 5030 2577 5101 nondum
2629 5027 2948 5101 didicissent
2991 5020 3114 5101 quae
3143 5020 3268 5101 fidei
3309 5031 3496 5101 erant:
3527 5020 3654 5076 Vult

371 5098 516 5171 ergo.
537 5089 933 5171 paterfamilias
963 5089 1279 5171 novissimis
1310 5095 1440 5151 dare
1482 5089 1946 5171 quemadmodum
1996 5089 2289 5169 et'primis
2336 5100 2621 5171 denarium
2659 5099 2849 5153 salutis
2873 5135 2887 5160 ,
2939 5089 3369 5171 quoniamdicet
3391 5094 3439 5148 ei
3473 5093 3653 5171 facere

377 5157 762 5238 σιυηοάέυιινίη
801 5161 1036 5238 propriis
1065 5162 1202 5230 suis,
1233 5157 1550 5238 et‘arguere
1583 5182 1708 5221 eum
1739 5167 1828 5236 qui
1862 5171 2066 5224 malum
2097 5157 2318 5226 oculum
2345 5170 2526 5235 habet,
2560 5181 2842 5238 prepterea
2870 5157 3014 5236 quod
3046 5164 3438 5238 paterfamilias
3471 5163 3652 5238 bonus

376 5217 496 5313 est;
527 5217 853 5313 Ειριιηιετέᾳ
879 5217 1035 5313 multi
1076 5248 1144 5313 ex.
1183 5217 1508 5313 amissam;
1524 5217 1706 5296 togati
1731 5217 2610 5311 sein};"zi"£,.;ia;'.;."s.1iar.;.¥:..a'
2628 5217 2969 5293 aurigena“;
2991 5217 3211 5292 satis.
3229 5217 3439 5289 .‘i's‘um
3473 5217 3648 5287 vocati

379 5302 523 5359 sunt,
563 5302 720 5365 pauci
753 5309 934 5357 autem
965 5302 1318 5360 inveniuntur
1343 5306 1519 5362 electi.
1557 5327 1577 5361 ι

2603 5465 2647 5496 ³⁸
2678 5463 2809 5519 ibid.
2841 5463 2926 5518 16.
3003 5463 3046 5494 ⁸⁷
3079 5460 3099 5515 Ι
3132 5460 3258 5516 Cor.
3288 5475 3384 5524 xu,
3410 5461 3460 5513 8.

449 5447 496 5478 “
522 5446 708 5506 Matth.
744 5470 835 5518 xx,
869 5457 920 5511 7.
997 5458 1044 5490 ⁸³
1069 5459 1256 5519 Matth.
1285 5477 1374 5528 xx,
1407 5461 1460 5519 6.
1547 5464 1593 5496 ”
1629 5463 1746 5521 Gal.
1779 5481 1860 5535 111,
1888 5465 1938 5521 3-

2101 5466 2280 5523 .llatth.
2319 5483 2412 5531 xx,
2445 5465 2524 5521 lii.

448 5601 557 5674 (i3)
589 5605 770 5662 Codex
805 5608 1025 5683 Regius,
1051 5615 1418 5690 ἐπιστρέφειν.

2133 5623 2243 5695 (Η)
2278 5623 2412 5688 Περὶ
2440 5619 2643 5675 αὐτοῦ.
2680 5618 2838 5676 Forte
2868 5617 3176 5689 legendum,
3207 5619 3330 5691 περὶ
3366 5613 3565 5672 αὐτῶν.
