4086 6484
388 412 557 485 ’rscs
1366 416 1716 475 conamur.
1759 416 1827 472 IN
1865 416 2001 472 MA'I

2086 403 2283 474 UEUM
2324 415 2561 474 'ronus
2601 401 2751 472 xvi;
3550 409 3699 468 me

411 547 596 607 αὐτοῖς
630 541 769 596 κατά
796 542 856 594 τὸ
884 541 1102 609 εὔλογον
1133 539 1494 610 χωρήσωμεν,
1526 538 1784 600 λαϐόντες
1816 536 1996 607 παρά-

2105 535 2222 605 plar
2244 535 2402 588 nobis
2425 549 2606 587 rerum
2623 531 2892 602 ejusmodi
2913 531 3304 601 Sospitatorem
3334 529 3497 600 709
3514 544 3694 600 primo

409 639 615 707 δειγμα
635 635 742 689 τῶν
770 634 1023 687 τοιούτων
1041 631 1465 702 προηγουμένως
1511 632 1608 701 μὲν
1636 630 1727 682 τὸν
1751 629 1996 700 Σωτῆρα,

2082 636 2160 680 .et
2176 627 2460 696 praecipue,
2489 625 2659 694 ipsius
2687 638 2814 677 vero
2843 623 3037 678 deinde
3055 623 3369 692 Apostolum
3387 635 3695 692 preponen-

414 726 556 791 μετὰ
584 725 642 779 δέ
667 723 854 778 τοῦτον
887 723 979 775 καὶ
1004 719 1422 774 τὺνᾺπόστολον
1448 718 1630 772 αὑτοῦ.
1660 717 1751 788 Μὴ
1770 717 1998 787 νομίσῃς

2110 729 2210 774 tes.
2242 718 2310 772 At
2334 733 2433 772 nec
2464 733 2549 780 ea,
2593 732 2694 770 nec
2728 731 2850 786 quae
2882 715 3134 785 superius
3178 713 3531 784 protulimus,
3560 726 3693 766 con-

403 817 470 870 δὲ
513 814 884 869 ἐναντιοῦσθαι
921 811 1114 875 ταῦτα,
1142 813 1236 864 καὶ
1265 811 1332 864 τὰ
1372 813 1458 863 ἐπ’
1493 813 1678 874 αὐτοῖς
1723 811 1813 878 ὑφ’
1844 809 2000 879 ἡμῶν

2112 810 2278 864 traria
2318 809 2427 863 illis
2491 823 2613 862 esse
2666 807 2948 862 existimes
2991 807 3083 860 “z
3131 823 3150 857 ι
3193 806 3250 859 Si
3298 810 3693 874 persequentur

403 907 678 978 εἰρημένα
712 906 823 977 τῷ·
869 923 886 955 ι
947 902 1072 956 Ἐὰν
1099 901 1365 955 διώκωσιν
1399 902 1542 970 ὑμᾶς
1564 902 1628 954 ἐκ
1653 901 1751 970 τῆς
1795 898 2001 960 πόλεως

2108 917 2209 956 vos
2243 915 2308 954 ex
2335 898 2559 954 civitate
2589 898 2717 965 ista,
2754 896 2921 968 lugite
2950 897 3006 952 in
3052 896 3268 960 aliam,»
3325 903 3379 950 et
3428 891 3688 962 reliquis;

407 997 615 1068 ταύτης
641 996 775 1066 (45),
813 994 1044 1064 φεύγετε
1072 995 1152 1057 είς
1187 994 1286 1063 τὴν
1322 991 1510 1063 ἀλλην,
1540 1011 1558 1044 ι
1590 993 1684 1045 καὶ
1711 993 1822 1053 τοῖς
1848 989 1998 1058 ἐξῆς,

2111 1005 2288 1060 neque
2327 989 2568 1046 recessui
2597 988 2750 1053 Jesu,
2803 997 3093 1060 postquam
3127 988 3392 1042 Joannem
3423 986 3478 1040 in
3506 998 3692 1040 carce-

407 1093 507 1146 καὶ
541 1089 617 1160 τῷ
647 1090 740 1142 τὸν
783 1087 990 1158 Ἰησοῦν
1017 1085 1347 1149 ἀκούσαντα,
1389 1087 1470 1140 ὃτι
1530 1083 1781 1154 Ἰωάννης
1831 1097 2002 1152 παρε-

2111 1099 2227 1137 rem
2251 1090 2592 1152 compactum
2632 1083 2875 1152 accepit;
2913 1081 2993 1137 sic
3049 1082 3195 1136 enim
3244 1079 3558 1142 statuimus,
3590 1091 3691 1131 ne-

401 1181 540 1252 δόθη
574 1183 653 1244 είς
683 1179 949 1250 φυλακὴν,
985 1177 1464 1249 ἀνακεχωρηκέναι
1486 1193 1499 1206 ·
1538 1175 1717 1246 φαμὲν
1759 1173 1888 1243 γὰρ,
1919 1175 2001 1226 ὅτι

2110 1184 2217 1238 que
2251 1183 2465 1237 semper
2494 1167 2787 1223 devitanda
2835 1183 2957 1224 esse
3004 1169 3271 1238 pericula,
3321 1181 3497 1236 neque
3543 1180 3691 1220 sem-

400 1273 537 1325 οὔτε
575 1272 806 1325 πάντοτε
841 1269 1071 1342 καθήκει
1105 1269 1372 1322 ἐκκλίνειν
1397 1269 1521 1332 τοὺς
1548 1266 1847 1329 κινδύνους,
1876 1263 2001 1317 οὒτε

2110 1273 2207 1328 per
2239 1257 2308 1312 iis
2331 1272 2453 1312 esse
2481 1257 2917 1325 occurrendum;
2965 1266 3020 1313 at
3079 1261 3343 1328 prudente
3385 1258 3439 1311 in
3468 1255 3688 1311 Christo

399 1365 500 1417 ἀεὶ
531 1363 696 1435 ὁμόσε
743 1365 940 1435 χωρεῖν
971 1361 1107 1431 πρὸς
1155 1359 1351 1423 αὐτούς
1377 1377 1390 1390 ·
1449 1358 1614 1427 σοφοῦ
1651 1354 1706 1409 δέ
1750 1373 1893 1419 τινος
1943 1357 2003 1408 ἐν

2111 1347 2230 1402 viro
2255 1362 2392 1416 opus
2417 1357 2522 1414 est,
2560 1356 2620 1403 ut
2648 1363 2886 1419 quonam
2953 1357 3194 1419 tempore
3240 1347 3688 1402 retrocedendum

402 1453 635 1524 Χριστῷ
673 1455 832 1525 χρεία
865 1454 946 1515 είς
993 1451 1054 1503 τὸ
1095 1448 1408 1520 δοκιμάζειν
1453 1451 1598 1511 ποῖος
1639 1448 1739 1518 μὲν
1782 1446 2004 1500 ἀπαιτεῖ

2111 1439 2204 1501 sit,
2273 1439 2624 1505 exploretur;
2683 1447 2798 1492 tum
2865 1447 2922 1494 et
2981 1454 3091 1508 quo
3149 1448 3394 1508 tempore
3441 1447 3693 1507 prompto

403 1545 607 1619 καιρὸς
634 1543 1003 1616 ἀναχώρησιν,
1036 1544 1186 1604 ποῖος
1207 1541 1264 1593 δέ
1288 1542 1386 1611 τὴν
1407 1541 1486 1603 είς
1508 1539 1600 1592 τὸν
1638 1537 1825 1606 ἀγῶνα
1865 1553 2001 1608 προ-

2110 1530 2294 1584 animo
2320 1528 2666 1583 subeundum
2697 1530 2767 1583 sit
2785 1538 3061 1585 certamen
3083 1531 3290 1600 absque
3319 1528 3430 1582 ullo
3450 1543 3691 1590 recessu,

403 1635 613 1706 θυμίαν
646 1635 818 1704 χωρὶς
847 1631 1269 1701 ἀναχωρήσεως,
1311 1629 1406 1680 καὶ
1439 1625 1618 1695 πολλῷ
1643 1624 1802 1678 πλέον
1833 1624 2000 1694 χωρὶς

2110 1619 2271 1689 longe
2298 1634 2428 1673 vero
2462 1619 2640 1688 magis
2671 1620 2878 1688 absque
2906 1619 3053 1690 fuga.
3096 1621 3273 1690 Atque
3313 1622 3429 1675 haec
3471 1619 3693 1689 quidem

404 1724 611 1794 φυγῆς.
645 1723 754 1775 Kal
785 1719 958 1774 ταῦτα
989 1718 1087 1789 μὲν
1109 1717 1251 1770 κατά
1283 1716 1344 1768 τὸ
1389 1715 1636 1784 βούλημα
1672 1713 1771 1783 τῆς
1819 1715 2002 1765 ἐκκει-

2110 1710 2396 1779 praesentis
2470 1709 2576 1763 loci
2634 1709 3021 1777 signiﬁcationi
3075 1727 3317 1766 consona
3373 1711 3517 1765 dicta
3561 1710 3694 1774 sint;

406 1817 588 1887 μένης
612 1812 837 1885 Γραφῆς
858 1808 1116 1879 λελέχθω,
1148 1809 1228 1869 είς
1257 1803 1572 1877 προτροπὴν
1598 1803 1698 1873 τὴν
1748 1800 1875 1872 περὶ
1907 1798 2000 1853 τοῦ

2113 1801 2179 1855 ad
2229 1801 2425 1855 mortis
2491 1801 2968 1870 periculorumque
3033 1802 3380 1856 excitandum
3450 1810 3707 1857 content--

402 1905 646 1959 Θανάτου
677 1903 770 1955 καὶ
799 1899 1058 1954 κινδύνων
1081 1897 1458 1966 καταφρονεῖν.
2037 1895 2080 1950 Β
2109 1899 2285 1961 ptum.

494 1994 654 2063 Ἑξῆς
678 1993 734 2045 δέ
765 1988 1202 2062 παρατηρητέον,
1227 1988 1309 2038 ὅτι
1347 1983 1552 2054 μέλλων
1578 1985 1606 2036 6
1632 1981 1840 2053 Ἰησοῦς
1872 1983 2006 2034 ἀνα-

2178 1982 2234 2036 2.
2265 1982 2528 2052 Deinceps
2559 1981 2965 2037 observandum
3002 1982 3149 2037 venit
3193 1982 3340 2051 quod
3397 1997 3518 2034 cum
3545 1979 3695 2035 Jeru-

402 2089 620 2142 ϐαίνειν
649 2088 729 2148 εἰς
767 2081 1134 2154 Ἰεροσόλυμα,
1162 2073 1308 2152 ᾗπερ
1340 2073 1615 2146 παρέλαϐε
1638 2075 1764 2136 τοὺς
1798 2073 2004 2125 δώδεκα

2109 2073 2376 2145 solymam
2434 2086 2764 2127 ascensurus
2813 2081 2958 2126 esset
3008 2071 3202 2136 Jesus,
3266 2073 3356 2126 ubi
3404 2071 3691 2128 duodecim

403 2182 533 2234 κατ’
583 2177 737 2240 ίδίαν,
766 2172 846 2238 εἷς
878 2174 984 2226 τῶν
1009 2171 1214 2224 δώδεκα
1247 2169 1329 2221 ἔτι
1359 2171 1388 2221 6
1432 2165 1632 2229 Ἰούδας
1655 2161 1744 2236 ἦν,
1780 2165 1874 2217 καὶ
1914 2163 2005 2218 τὸν

2107 2180 2355 2220 seorsum
2414 2164 2732 2234 assumpsit,
2776 2177 2919 2218 unus
2965 2179 2996 2218 e
3043 2164 3330 2224 duodecim
3388 2165 3692 2220 etiamnum

425 2268 633 2322 Ἰούδαν
661 2265 935 2336 παρέλαϐε
963 2265 1082 2318 κατ’
1110 2261 1267 2315 ίδίαν·
1298 2260 1378 2312 έτι
1403 2260 1533 2330 γὰρ,
1569 2256 1738 2321 εἰκὸς,
1763 2255 1910 2320 ἄξιος
1935 2250 2002 2324 ἦν

2107 2263 2225 2308 erat
2260 2251 2452 2317 ludas,
2476 2269 2539 2306 ac
2563 2267 2812 2308 seorsum
2836 2251 3032 2306 ludam
3073 2255 3403 2324 assumpsit;
3465 2254 3693 2324 dignum

407 2359 510 2412 τοῦ
535 2357 673 2429 μετά
705 2357 816 2410 τῶν
841 2355 1046 2409 λοιπῶν
1079 2352 1272 2406 ἕνδεκα
1313 2346 1836 2421 παραλαμϐάνεσθαι
1882 2346 2003 2399 κατ’

2105 2346 2252 2400 enim
2280 2345 2459 2399 adhuc
2489 2360 2614 2399 eum
2671 2343 2840 2400 fuisse
2869 2346 3129 2400 credibile
3177 2355 3260 2400 est
3308 2346 3402 2415 qui
3445 2361 3693 2401 seorsum

411 2450 557 2504 ἰδίαν
576 2465 590 2480 ο
623 2449 719 2502 καὶ
747 2449 835 2500 ὅτε
867 2449 924 2500 ἐν
951 2449 1018 2517 τῇ
1038 2444 1142 2516 6δῷ
1164 2443 1318 2497 εἶπεν
1340 2442 1521 2504 αὐτοῖς
1547 2439 1632 2493 τό·
1674 2457 1692 2490 ι
1728 2438 1858 2491 Ἰδοὺ
1875 2439 2005 2490 ἀνα-

2105 2453 2230 2492 cum
2260 2436 2484 2507 reliquis
2515 2435 2770 2491 undecim
2808 2446 3204 2502 assumeretur,
3247 2446 3301 2492 et
3338 2453 3462 2492 cum
3515 2438 3570 2492 in
3607 2439 3692 2492 via

403 2540 672 2612 ϐαίνομεν
701 2541 779 2603 είς
813 2538 1198 2609 Ἱεροσόλυμα,
1257 2554 1274 2587 ι
1322 2534 1417 2588 καὶ
1461 2533 1528 2586 τὰ
1571 2530 1718 2602 ἑξῆς,
1763 2529 2004 2600 δηλονότι

2105 2528 2240 2584 dixit
2276 2527 2356 2582 eis
2385 2528 2430 2560 ⁸⁸
2469 2545 2482 2581 :
2525 2545 2554 2578 ι·
2587 2527 2728 2581 Ecce
2760 2529 3111 2582 ascendimus
3133 2527 3583 2600 Jerosolytnam,’
3637 2538 3695 2584 et

403 2630 508 2684 καὶ
537 2628 722 2682 τοῦτον
757 2627 968 2699 ἔκρινεν
1000 2627 1096 2681 ’ἐνα
1131 2624 1267 2679 εἶναι
1299 2623 1408 2676 τῶν
1430 2621 1736 2676 ἀκουόντων
1755 2619 1791 2673 ἀ
1822 2619 2005 2672 πείσε-

2104 2634 2226 2689 quae
2256 2619 2500 2672 subnexa
2529 2626 2679 2683 sunt,
2713 2619 2861 2673 hunc
2902 2619 3094 2689 procul
3121 2618 3287 2673 dubio
3329 2635 3497 2673 unum
3529 2635 3595 2674 ex
3625 2621 3692 2674 iis

403 2737 499 2774 ται
535 2722 563 2773 6
593 2718 946 2784 Διδάσκαλος,
971 2719 1070 2772 οὐκ
1101 2714 1516 2784 ἀπογινώσκων,
1545 2714 1628 2766 ὅτι
1679 2711 1759 2764 ἔτι
1805 2710 2003 2775 Ἰούδας

2103 2727 2227 2768 esse
2253 2710 2462 2774 statuit,
2499 2711 2594 2779 qui
2628 2712 2908 2767 toleranda
2945 2727 2976 2765 a
3001 2710 3260 2782 Magistro
3286 2727 3386 2766 suo
3416 2711 3556 2765 mala
3597 2727 3694 2765 au-

402 2811 598 2882 ὴγνόει
623 2811 660 2865 ἀ
681 2812 918 2882 ποιήσει,
942 2811 1017 2874 ὼς
1040 2811 1270 2871 ἕκαστος
1293 2806 1449 2879 ἡμῶν
1471 2823 1483 2836 ⁸
1538 2805 1631 2858 καὶ
1679 2804 1790 2876 γὰρ
1838 2805 2003 2857 πᾶσιν

2103 2802 2282 2857 diret:
2319 2817 2428 2855 non
2457 2816 2582 2855 cum
2633 2816 2663 2855 a
2722 2817 2779 2855 se
2815 2801 3088 2871 repellens
3138 2817 3203 2855 ac
3247 2801 3519 2869 rejiciens,
3547 2803 3693 2871 quod

403 2902 545 2971 ἡμῖν
571 2901 852 2953 λέλεκται*
891 2918 908 2952 ι
948 2899 1040 2971 Μὴ
1070 2899 1258 2970 καυχῶ
1296 2898 1364 2950 τὰ
1411 2900 1491 2961 είς
1534 2896 1753 2968 αὖριοψ
1803 2897 1864 2949 οὐ
1893 2897 2003 2969 γὰρ

2105 2907 2299 2962 nempe
2327 2907 2414 2946 res
2443 2907 2472 2945 a
2513 2906 2570 2946 se
2599 2891 2858 2961 agendas,
2910 2891 3372 2961 quemadmodum
3397 2892 3694 2961 unusquis-

403 2988 558 3054 οἶδας
590 2990 641 3043 τί
663 2991 871 3056 τέξεται
899 2993 931 3062 ἡ
967 2990 1219 3044 ἐπιοῦσα·
1259 3009 1276 3041 ι
1309 2987 1461 3043 οὔπω
1491 2988 1570 3050 δὲ,
1594 2984 1766 3060 οἶμαι,
1805 2988 2000 3060 βεϐλή-

2105 2999 2210 3052 que
2242 2991 2513 3048 nostrum,
2541 2981 2818 3052 ignoraret
2847 2981 3017 3038 Judas
3045 3000 3060 3038 :
3113 2983 3269 3038 nobis
3295 2982 3494 3052 quippe
3516 2984 3688 3038 omni~

405 3099 501 3136 κει
521 3084 550 3135 6
578 3081 822 3146 διάὂολος
850 3084 930 3146 είς
956 3081 1052 3152 τὴν
1079 3081 1302 3152 καρδίαν
1347 3079 1516 3133 ’ἰούδα
1545 3079 1788 3150 Σίμωνος
1826 3081 2002 3132 Ἰσκα-

2105 3077 2210 3130 bus
2243 3075 2450 3129 dictum
2501 3084 2586 3128 est
2635 3075 2678 3105 ’⁷
2721 3091 2735 3128 ;
2782 3093 2799 3123 ι
2841 3073 2918 3129 Ne
2967 3074 3218 3144 glorieris
3271 3075 3324 3128 in
3368 3075 3692 3138 crastinum,

406 3176 633 3244 ριώτου,
669 3173 756 3226 ῐνα
788 3173 1014 3244 παραδῷ
1057 3173 1150 3225 τὸν
1201 3171 1426 3244 Ἰησοῦν.
1477 3171 1586 3224 Καὶ
1624 3171 1745 3223 ἐπεὶ
1771 3171 1832 3224 τὸ
1861 3172 2002 3225 κατὰ

2109 3167 2367 3237 ignorans
2401 3165 2533 3236 quid
2568 3176 2962 3237 superventura
2990 3167 3165 3236 pariat
3201 3165 3349 3232 dies;
3388 3185 3405 3217 ›
3451 3167 3693 3222 nondum

405 3225 705 3320 ἰίάτόαίον
729 3225 1013 3335 πρόκειται
1055 3262 1150 3316 νῦν
1183 3225 1455 3328 ἐξεστάζειν
1479 3300 1493 3324 ,
1530 3262 1950 3334 ἐπιμελέστερον
1977 3264 2005 3316 6

2111 3266 2314 3320 autem,
2344 3257 2563 3326 opinor,
2593 3259 2646 3312 in
2682 3274 2778 3313 cor
2809 3257 2963 3313 Judae
2993 3257 3235 3312 Simonis
3262 3257 3536 3314 lscariota:
3568 3274 3693 3329 pro-

402 3351 705 3421 δυνάμενος
740 3351 976 3423 ἀρχῆθεν
1012 3351 1106 3404 τοῦ
1162 3350 1494 3419 Εὐαγγελίου
1547 3352 1846 3422 ἐπιστήσας
1893 3355 2004 3415 τοῖς

2109 3349 2271 3404 dendi
2333 3348 2462 3406 Jesu
2534 3351 2871 3406 voluntatem
2940 3350 3242 3404 immiserat
3300 3351 3570 3405 diabolus.
3629 3349 3695 3403 Et

407 3441 710 3513 μέχριῒῶν
743 3440 1150 3512 προκειμένων,
1203 3439 1496 3510 ζητησάτω
1540 3441 1750 3510 μήποτε
1791 3439 2004 3494 οὐδέπω

2109 3440 2367 3509 quoniam
2397 3441 2553 3496 nobis
2589 3441 2971 3510 explicandum
3008 3441 3278 3496 incumbit
3311 3441 3364 3494 in
3401 3441 3692 3508 praesentia

419 3533 624 3597 Ἰούδας
655 3533 1028 3606 κατηγόρηται
1057 3533 1163 3586 ὑπὸ
1186 3531 1281 3584 τοῦ
1327 3531 1628 3596 Ματθαίου,
1663 3531 1802 3586 ἀλλά
1845 3532 2003 3603 μόνον

2111 3530 2470 3602 Evangelium
2525 3535 2833 3587 secundum
2899 3531 3234 3597 Matthreutn,
3287 3533 3357 3587 ab
3417 3533 3573 3587 initio
3621 3533 3692 3586 ad

405 3629 471 3680 ἐν
523 3625 602 3696 τῷ
658 3625 945 3694 καταλόγῳ
1000 3623 1108 3676 τῶν
1152 3623 1361 3678 δώδεκα
1407 3620 1528 3677 εἷπε
1571 3623 1664 3676 τόο
1719 3642 1738 3674 ι
1801 3623 2002 3688 Ἰούδας

2109 3623 2256 3678 hunc
2281 3639 2455 3693 usque
2507 3623 2684 3678 locum
2737 3623 3084 3692 Evangelium
3129 3632 3382 3676 accurate
3438 3623 3693 3678 evolvens

403 3715 656 3784 Σίμωνος
701 3713 1070 3786 Ἰσκαριώτου,
1088 3713 1147 3776 ὃς
1180 3713 1276 3766 καὶ
1299 3713 1616 3784 παρέδωκεν
1641 3712 1803 3765 αὐτόν
1831 3712 1960 3782 (46).
1977 3731 1996 3763 ι

2108 3715 2379 3785 disquirat
2408 3715 2500 3784 qui
2529 3715 2747 3785 poterit,
2779 3729 2846 3767 an
2877 3731 2906 3768 a
2943 3714 3196 3768 Mattlueo
3254 3713 3496 3767 nondum
3538 3714 3693 3768 incu-

407 3805 641 3858 Ῐίλείονα
658 3805 714 3856 δὲ
743 3805 824 3866 είς
857 3802 1201 3873 κατασκευὴν
1223 3802 1318 3855 τοῦ
1340 3803 1433 3855 καὶ
1460 3801 1660 3855 Ἰούδαν
1683 3803 1866 3872 ὅμοιον
1889 3806 2004 3864 τοῖς

2109 3814 2261 3860 satus
2297 3804 2460 3859 fuerit
2488 3803 2692 3871 ludas;
2729 3803 2822 3860 sed
2869 3805 3155 3860 duodecim
3208 3805 3507 3875 discipulos
3551 3821 3690 3860 enu-

406 3896 620 3956 λοιποῖς
641 3893 957 3957 ἀποστόλοις
971 3894 1233 3964 πρότερον
1263 3893 1547 3961 γεγονέναι
1573 3892 1822 3945 λέλεκται
1846 3895 1997 3964 ἡμῖν,

2109 3910 2327 3949 merans
2363 3893 2562 3949 dixerit
2594 3902 2801 3948 tantum
2846 3895 2892 3926 "'
2925 3913 2937 3948 :
2984 3913 3002 3946 ι
3033 3893 3205 3950 Judas
3261 3893 3569 3959 lscariotes,
3595 3898 3693 3967 qui

407 3983 577 4052 ἡνίκα
618 3983 954 4053 ἐξητάζομεν
996 3983 1086 4036 τό·
1125 4001 1142 4034 ι
1185 3982 1419 4047 Τούτους
1456 3984 1582 4046 τοὺς
1627 3982 1836 4037 δώδεκα
1866 3984 2000 4038 ἀπέ-

2106 3992 2159 4040 et
2178 3984 2394 4039 tradidit
2410 3984 2581 4039 illum.
2598 4004 2615 4034 ι
2639 3984 2834 4040 Verum
2860 3994 2918 4039 ut
2935 3986 3160 4055 reliquis
3176 3988 3438 4056 apostolis
3455 3987 3691 4044 similem

408 4073 624 4127 στειλεν
668 4077 696 4128 6
744 4075 950 4146 Ἰησοῦς
995 4075 1373 4146 παραγγείλας
1417 4076 1619 4140 αὐτοῖς,
1671 4073 1844 4142 λέγων
1880 4094 1898 4126 ι
1931 4074 2000 4127 τὰ

2107 4077 2258 4146 prius
2317 4075 2486 4131 fuisse
2528 4075 2722 4132 ludam
2783 4077 3284 4133 demonstraremus
3340 4079 3504 4150 710
3534 4081 3693 4150 plura

406 4167 897 4237 ἀναγεγραμμένα.
925 4166 1249 4238 Συγκριτέον
1271 4166 1327 4219 δὲ
1348 4166 1414 4220 τὰ
1437 4165 1669 4220 ἐνταῦθα
1699 4166 1999 4236 λελεγμένα

2106 4181 2135 4218 a
2175 4165 2332 4220 nobis
2361 4175 2473 4220 tum
2509 4167 2772 4236 producta
2813 4177 2964 4232 sunt,
2991 4183 3115 4222 cum
3141 4169 3288 4224 hunc
3315 4171 3496 4225 locum
3523 4187 3689 4226 excu-

406 4259 526 4320 τοῖς
548 4257 806 4328 ἀνωτέρω
830 4259 1226 4330 παραπλησίως
1263 4257 1776 4330 ἀναγεγραμμένοις
1795 4275 1806 4286 ’
1846 4258 1996 4310 ἐπεί-

2107 4257 2441 4311 teremus":
2477 4277 2492 4306 ι
2528 4256 2636 4314 llos
2668 4259 2954 4314 duodecim
2977 4259 3122 4314 misit
3154 4258 3336 4327 Jesus,
3366 4263 3687 4332 prtecipiens

1623 4370 1852 4425 VETUS
1890 4371 2474 4427 INTERPRETATIO.

408 4464 646 4536 traditus
671 4473 788 4518 erat
848 4465 900 4517 in
947 4480 1245 4536 carcerem,
1308 4463 1736 4536 secessit__inde_.
1800 4461 1902 4517 Sed
1970 4463 2288 4536 sciendum,
2355 4465 2614 4534 quoniam
2674 4482 2773 4519 nec
2841 4481 3056 4536 semper
3111 4468 3365 4521 convenit
3411 4468 3689 4527 declinare

411 4535 680 4610 pericula,
710 4551 807 4588 nec
840 4550 1054 4610 semper
1095 4535 1321 4610 .obv‘iare
1367 4533 1643 4610 periculis.
1693 4532 1894 4610 Tamen
1936 4535 2199 4610 sapientis
2225 4545 2320 4610 _es_t
2373 4532 2604 4603 alicujus
2640 4532 3033 4610 _in_(‘.hristo,_
3076 4546 3137 4610 u_t
3181 4547 3476 4610 cognoscat
3527 4541 3691 4610 quale

409 4599 636 4674 quidem
706 4613 920 4676 tempus
959 4599 1132 4676 exigit
1175 4599 1632 4676 declinationem,
1695 4603 1856 4671 quale
1909 4599 2479 4676 autemiobviationent
2515 4599 2930 4673 'periculorum.
2996 4605 3058 4659 Et
3102 4607 3215 4661 hare
3251 4599 3488 4676 “quidem
3543 4599 3691 4666 dixi-

412 4673 900 4755 tnus.secundum
931 4673 1263 4728 voluntatem
1317 4673 1613 4744 Scriptura:
1694 4673 2012 4743 praesentis,
2091 4675 2372 4729 hortantes
2439 4674 2686 4729 homines
2756 4676 3052 4745 aliquando
3125 4673 3383 4746 spernere
3443 4681 3687 4748 pericula

412 4753 630 4800 lllOl‘llS.

480 4839 537 4892 2.
573 4837 702 4911 Post
729 4840 832 4894 hoc
862 4839 1260 4911 observandum
1313 4846 1417 4911 est,
1468 4837 1729 4911 quoniam
1771 4837 2074 4911 ascendens
2102 4839 2154 4892 in
2207 4839 2661 4911 Hierosolymam,
2699 4842 2987 4896 duodecim
3053 4842 3264 4909 accepit
3317 4856 3588 4897 seorsum.
3623 4841 3681 4898 In

413 4909 706 4964 duodecim
735 4917 920 4982 autem
947 4910 1125 4963 adhuc
1149 4917 1268 4982 erat
1300 4917 1353 4962 et
1379 4908 1548 4982 ludas
1573 4925 1587 4960 :
1619 4923 1748 4978 ergo
1778 4917 1833 4961 et
1859 4906 2054 4962 Judam
2087 4911 2296 4982 accepit
2325 4906 2610 4982 iseorSum.
2645 4911 2836 4965 Adhuc
2876 4912 3020 4965 enim
3084 4906 3310 4982 forsitan
3346 4911 3544 4982 dignus
3571 4922 3689 4967 erat

413 4995 540 5050 cum
567 4981 778 5050 caeteris
808 4995 1054 5034 seorsum
1083 4979 1285 5050 accipi,
1316 4989 1370 5032 et
1403 4977 1592 5032 audire
1607 4993 1738 5050 quae
1763 4993 2030 5050 passurus
2058 4988 2175 5033 erat
2199 4977 2452 5050 Magister
2485 4999 2496 5033 :
2542 4990 2596 5035 et
2647 4997 2754 5035 non
2809 4982 3058 5050 reprobo,
3092 4981 3350 5050 quoniam
3385 4977 3563 5036 adhuc
3591 4997 3688 5036 ne-

415 5048 625 5102 sciebat
649 5047 820 5104 Judas
866 5051 995 5117 quid
1028 5056 1174 5103 esset
1208 5049 1474 5108 facturus,
1525 5046 1621 5102 sed
1671 5063 1770 5100 nec
1800 5047 2002 5116 aliquis
2034 5046 2315 5104 nostrum:
2362 5049 2497 5104 Nam
2540 5064 2592 5105 et
2623 5046 2882 5104 omnibus
2912 5051 3065 5104 nobis
3104 5046 3187 5104 est
3234 5050 3439 5105 dictum
3470 5069 3480 5103 :
3521 5070 3538 5101 ‹
3562 5051 3684 5106 Noli

417 5117 637 5186 gloriari
669 5119 721 5172 in
758 5120 1083 5183 crastinum,
1114 5133 1213 5172 nec
1239 5119 1386 5172 enim
1415 5118 1524 5186 scis
1573 5117 1704 5186 quid
1739 5118 1912 5185 pariet
1940 5129 2332 5186 superventura
2388 5120 2560 5174 dies.)
2593 5119 2832 5175 Necdum
2867 5121 3034 5177 enim.
3079 5119 3335 5186 arbitror,
3384 5122 3691 5176 immiserat

420 5185 474 5259 in
498 5204 594 5259 cur
621 5187 773 5243 Judaa
802 5187 1035 5243 Satanas
1057 5197 1115 5243 ut
1139 5188 1377 5259 traderet
1424 5185 1630 5241 Jesuni.
1660 5185 1732 5259 Et
1757 5185 2082 5259 _videatgqui
2117 5199 2316 5258 potest,
2371 5192 2629 5259 quooiam
2671 5192 2739 5244 ab
2789 5190 2945 5243 initio
2990 5189 3268 5259 Evangelii
3325 5185 3503 5259 usque
3541 5206 3688 5246 nunc

429 5253 710 5328 Mattheus
740 5274 1010 5328 nusquam
1041 5257 1316 5328 accusavit
1346 5255 1542 5328 Judarn
1565 5275 1579 5322 ;
1619 5257 1721 5311 nisi
1756 5256 1806 5309 in
1837 5253 2085 5328 catalogo
2117 5253 2422 5314 ’duodecim
2455 5261 2828 5324 apostolorum
2857 5260 2998 5314 dixit
3034 5271 3048 5307 :
3095 5278 3113 5310 ‹
3144 5253 3214 5313 Et
3238 5253 3684 5316 Judas'Simonis

431 5324 736 5390 lseariotes,
764 5324 947 5397 qui'et
977 5327 1200 5383 tradidit
1230 5342 1410 5382 eum.»
1438 5325 1604 5381 Multa
1631 5336 1814 5381 autem
1841 5327 1908 5382 de
1939 5324 2062 5392 hoc,
2094 5332 2355 5399 quoniam
2383 5339 2438 5384 et
2479 5328 2678 5383 Judam
2714 5329 2946 5384 similem
3003 5330 3130 5385 fecit
3157 5330 3388 5394 caeteris,
3423 5330 3683 5384 tractavi-

496 5463 541 5495 ”
569 5461 757 5517 Matth.
790 5482 846 5530 ιι,
879 5467 970 5520 Ξό.
1047 5467 1092 5498 ³⁸
1118 5465 1308 5520 Matth.
1344 5481 1436 5527 xx,
1476 5465 1562 5520 l8.
1637 5465 1682 5496 θ’
1713 5465 1869 5520 Prov.
1905 5482 2075 5532 xxvn,

1476 5465 1562 5520 l8.
1637 5465 1682 5496 θ’
1713 5465 1869 5520 Prov.
1905 5482 2075 5532 xxvn,
2113 5469 2197 5521 ll.
2272 5469 2315 5498 ³⁸
2349 5467 2534 5522 Matth.
2571 5485 2625 5535 χ,
2662 5469 2716 5524 4.
2802 5467 2846 5497 ⁹⁹
2882 5467 3089 5522 ibid.

495 5597 608 5664 (45)
656 5598 750 5650 Ἐκ
795 5597 904 5682 τῆς
959 5603 1190 5682 πόλεως
1241 5601 1478 5667 ταύτης.
1528 5597 1608 5654 lla
1668 5599 2000 5670 exemplaria
2179 5602 2287 5674 (46)
2327 5601 2553 5668 Ἰούδας
2585 5603 2850 5724 Eatur-oc
2895 5601 3280 5682 'Ip’xapubrov,
3312 5603 3378 5670 ὃς
3405 5605 3500 5657 καὶ
3536 5618 3688 5674 παρη

497 5670 692 5722 tedam.
727 5667 782 5721 ld
807 5681 1040 5724 retinere
1069 5673 1321 5724 videntur
1344 5671 1554 5724 Arabs.
1584 5678 1637 5724 et
1674 5669 1855 5724 l'ersa.
1900 5672 2002 5724 lte-
2105 5673 2328 5724 ἐδωκεν
2367 5674 2570 5724 αὐτόν.
2676 5673 2801 5724 ultro
2835 5673 3028 5724 lenitur
3067 5671 3258 5724 Matth.
3293 5690 3349 5724 ι.
3395 5673 3448 5724 4.
3486 5674 3687 5724 Ἰούδας

426 5670 692 5744 quaedam.
727 5667 782 5721 ld
807 5672 1040 5744 retinere
1069 5667 1321 5744 videntur
1344 5671 1518 5744 Arabs
1539 5709 1554 5732 ,
1584 5678 1637 5724 et
1674 5667 1870 5744 Persa.
1899 5672 2002 5744 lte-

2105 5667 2328 5728 ἐδὼκὲν
2350 5667 2570 5744 αὐτόθ’.
2628 5667 2801 5744 Vulgo
2835 5667 3258 5744 legiturililattb.
3293 5667 3368 5738 ιζ
3395 5673 3448 5738 4,
3486 5667 3686 5738 Ἰούδας

425 5737 572 5822 liqua
599 5739 818 5822 habent,
848 5739 904 5790 ἐν
929 5742 993 5822 τῇ
1025 5740 1400 5822 πόλειςταύτῃἱ
1428 5738 1688 5822 liuentis.
1715 5769 1779 5781 -—
1799 5739 2002 5795 Ibidem

1868 5741 2002 5795 idem
2121 5743 2492 5816 Ἰσκαριώτης,
2525 5746 2552 5797 ὁ
2587 5745 2679 5798 καὶ
2704 5737 2974 5813 παραδόὺς
3000 5743 3181 5796 αὐτόν.
3218 5741 3481 5799 Hunnus.

427 5807 596 5864 codex
637 5807 858 5880 Regius,
887 5807 1113 5878 φεύγετε
1143 5812 1221 5874 είς
1250 5807 1597 5881 τὴνέτέραν.
