4086 6438
356 414 498 470 1339

1282 412 1638 471 (ΖΟΜΞῙΕἩΤ.
1675 412 1746 469 IN
1804 411 2220 470 MATTH/EUM
2255 412 2490 472 TOMUS
2513 413 2651 472 XVI.

3468 421 3606 476 1570

352 529 439 601 τῷ
466 529 647 601 ἐχθρῷ
677 527 912 602 Χριστοῦ
938 527 1171 601 θανάτῳο
1199 532 1292 584 κοιλ¹
1320 531 1685 601 ἐμπαίξαντες
1707 528 1785 599 τῷ
1827 530 1921 599 Ἰη-

2036 538 2090 582 ct
2111 545 2234 584 rum
2263 529 2448 587 Jesutn
2472 533 2729 589 ludiﬁcati
2760 544 2967 603 essent,
2996 534 3125 592 facti
3160 544 3287 591 sunt
3315 534 3417 605 ipsi
3445 534 3607 604 iocus

357 622 478 688 σοῦ,
511 625 591 687 είς
614 623 924 693 ἐμπαιγμὸν
946 622 1221 691 γεγόνασι,
1245 622 1618 692 κυκλωθείσης
1639 621 1744 675 ὑπὸ
1767 638 1930 693 στραο

352 706 609 768 τοπέδων
637 712 1006 785 Ἰερουσαλὴμ,
1040 715 1128 767 ὅτε
1161 714 1255 766 καὶ
1290 733 1309 764 ι
1339 713 1616 783 ἧγγισενή
1651 714 1930 784 ἐρήμωσις

353 802 549 875 αὐτῆς.
576 824 596 857 ι
637 804 796 859 Ἀλλά
816 805 1021 858 καὶτὸν
1052 803 1258 875 Ἰησοῦν
1290 802 1752 875 μαστιγώσαντες,
1778 802 1930 855 αὐτοὶ

352 894 834 967 ἐμαστιγώθησαν,
866 896 961 949 καὶ
992 895 1381 967 μαστιγοῦνται
1408 914 1426 947 ι
1453 895 1558 958 ἕως
1575 894 1635 947 τὸ
1661 894 1930 965 πλήρωμα

350 988 467 1042 τῶν
495 988 664 1042 ἐθνῶν
694 987 908 1061 εἰσέλθῃ
926 1005 940 1018 ·
968 1008 987 1040 ι
1024 989 1053 1041 ὁ
1076 986 1187 1059 γὰρ
1218 1007 1236 1040 ι
1263 987 1469 1057 βάλλων
1496 986 1641 1041 λίθον
1662 988 1740 1049 είς
1773 985 1926 1055 ῦιξος,

351 1079 449 1132 ἐπὶ
464 1079 565 1150 τὴν
589 1078 831 1150 κεφαλὴν
856 1080 1023 1134 αὐτοῦ
1053 1080 1251 1151 βάλλει’
1278 1099 1300 1131 ι
1330 1080 1423 1132 καὶ
1444 1078 1623 1132 πάντα
1643 1080 1816 1131 ταῦτα
1834 1094 1928 1144 γε-

352 1168 604 1241 γένηται,
649 1171 716 1224 ἵν’
755 1170 977 1225 ἐκείνων
1024 1172 1122 1243 μὲν
1158 1173 1370 1241 ἀποστῇ
1406 1172 1439 1241 ἡ
1492 1168 1783 1240 ἐπισκοπὴ,
1836 1169 1929 1221 ἐπὶ

349 1259 411 1313 δὲ
443 1259 571 1323 τοὺς
619 1259 726 1313 ἀπὺ
766 1260 874 1313 τῶν
916 1260 1086 1315 ἐθνῶν
1136 1261 1375 1330 μεταστῇ
1427 1258 1766 1328 σωζομένους
1809 1257 1929 1328 ἅμα

356 1369 377 1401 ε
418 1347 501 1418 τῷ
544 1352 664 1404 κατ’
722 1351 951 1423 ἐκλογὴν
994 1352 1292 1422 λείμματι·
1348 1351 1398 1403 εί
1434 1351 1543 1422 γὰρ
1596 1349 1670 1420 μὴ
1724 1349 1928 1421 Κύριος

349 1438 580 1494 Σαϐαὼθ
640 1442 997 1510 ἐγκατέλιπεν
1049 1444 1231 1505 αὐτοῖς
1285 1442 1528 1513 σπέρμα,
1586 1441 1662 1504 ὡς
1718 1441 1927 1511 Σόδομα

348 1530 420 1583 ἂν
455 1530 815 1602 ἐγενήθησαν,
844 1533 939 1586 καὶ¹
983 1532 1060 1596 ώς
1106 1532 1359 1604 Γόμορρα
1385 1529 1452 1584 ἂν
1482 1528 1865 1601 ώμοιώθησαν.
1900 1549 1919 1582 ι

360 1620 507 1690 Ἐγὼ
561 1621 609 1674 δ’
657 1618 841 1692 οἶμαι,
893 1624 974 1676 ὅτι
1006 1622 1194 1694 ὥσπερ
1244 1622 1601 1693 ὑποδείγματι
1654 1625 1753 1677 καὶ
1798 1622 1927 1691 σκιᾷ

345 1709 577 1780 λατρεία
623 1711 790 1764 πάλαι
832 1712 1218 1782 ἐπιτελουμένη
1264 1710 1373 1765 τῶν
1411 1711 1747 1783 ἐπουρανίων
1791 1728 1918 1765 κατ·

345 1797 515 1871 ελύθη
546 1799 636 1854 διὰ
671 1800 740 1854 τά
771 1802 1087 1873 ἐπουράνια,
1119 1801 1214 1854 καὶ
1260 1800 1502 1863 ἐλθόντος
1539 1800 1790 1870 ἀληθινοῦ
1822 1803 1922 1872 ἀρ-

344 1891 596 1962 χιερέως,
626 1893 655 1944 ὁ
688 1891 1013 1963 συμϐολικὸς
1046 1892 1334 1963 ἀρχιερεὺς
1365 1891 1660 1945 ἐπαύσατο·
1693 1893 1787 1946 καὶ
1816 1893 1924 1947 τῶν

342 1981 619 2053 ἀληθινῶν
652 1982 792 2053 ὑπὲρ
825 1982 1108 2055 ἁμαρτιῶν
1141 1982 1341 2037 θυσιῶν
1389 1982 1838 2054 ἐπιτελουμένων,
1868 1986 1925 2039 ai.

344 2073 675 2144 συμϐολικαὶ
704 2074 1113 2147 καθῃρέθησαν·
1143 2073 1317 2138 οὕτως
1347 2075 1437 2128 ὅτε
1482 2078 1514 2146 ἡ
1552 2075 1780 2147 ἀληθινὴ
1823 2077 1923 2130 Ἰε-

345 2164 632 2236 ρουσαλὴμ
661 2166 753 2221 τὸν
792 2165 999 2236 Ἰησοῦν
1028 2165 1244 2231 ἐδέξατο
1276 2166 1553 2221 ἀναϐάντα
1580 2168 1673 2220 ἐπὶ
1704 2168 1764 2221 τὸ
1793 2168 1926 2221 ὑπο-

342 2252 534 2322 ζύγιον
559 2255 751 2309 ἐαυτοῦ
782 2254 963 2326 σῶμα,
998 2258 1083 2326 ἐφ’
1115 2249 1160 2324 ᾧ
1189 2257 1284 2309 καὶ
1315 2275 1332 2307 ι
1365 2256 1551 2329 ἐχαιρε
1596 2257 1800 2329 σφόδρα
1827 2257 1923 2311 θυ-

341 2345 528 2416 γάτηρ
569 2345 742 2412 Σιὼν,
793 2346 888 2400 καὶ
946 2348 1246 2419 ἐκήρυσσεν
1286 2350 1321 2419 ἡ
1370 2347 1619 2421 θυγάτηρ
1665 2349 1765 2419 τῆς
1811 2348 1923 2402 ἄνω

355 2435 742 2509 Ἰερουσαλὴμ,
785 2456 804 2488 ι
836 2436 958 2491 τότε
995 2437 1273 2511 καθῃρέθη
1315 2438 1668 2510 Ἰερουσαλὴμ
1701 2440 1734 2509 ἡ
1773 2438 1919 2504 σκιά,

340 2529 440 2583 καὶ
469 2528 904 2583 καταπέπτωκεν
928 2529 958 2582 ὁ
985 2528 1108 2593 ναὸς
1136 2531 1164 2583 ό
1200 2531 1264 2582 ἐκ
1289 2528 1498 2601 νεκρῶν
1525 2528 1687 2583 λίθων
1714 2528 1802 2583 διά
1832 2530 1923 2583 τὸν

339 2622 409 2673 ἐκ
448 2620 664 2685 ζώντων
702 2620 865 2674 λίθων
907 2618 1065 2673 ναὸνο
1097 2618 1419 2690 κατεσκάφη
1459 2619 1516 2673 δὲ
1556 2619 1651 2673 καὶ
1686 2619 1746 2672 τὸ
1771 2618 1922 2673 κάτω

339 2710 749 2783 θυσιαστήριον,
774 2710 1004 2781 ἐπείπερ
1033 2708 1367 2780 ἐχρημάτισε
1394 2709 1454 2762 τὸ
1478 2709 1819 2780 ἐπουράνιον,
1852 2708 1921 2763 τὰ

339 2801 593 2871 ἐγκαίνια
631 2799 795 2855 αὐτοῦ
842 2799 1018 2871 Ἰησοῦ
1060 2802 1118 2853 ἐν
1149 2801 1215 2870 τῇ
1247 2798 1474 2870 ἀληθινῇ
1511 2798 1733 2871 λατρεία
1760 2802 1920 2873 ποιή-

342 2909 556 2955 σαντος.
591 2892 655 2944 El
683 2890 741 2945 δέ
772 2889 913 2945 κατά
938 2906 993 2942 τι
1034 2888 1142 2943 τῶν
1173 2889 1586 2961 σημαινομένων
1630 2892 1681 2944 οἱ
1714 2889 1922 2961 ἄνθρω-

340 3000 434 3038 ποι
457 2986 490 3054 ἠ
526 2982 680 3046 πόλις
714 2981 839 3045 εἰσὶ,
865 2980 961 3034 καὶ
992 2978 1087 3033 νῦν
1127 2981 1185 3033 ἐν
1229 2979 1621 3052 Ἰεροσολύμοις
1661 2978 1836 3051 (οὕτω
1862 2981 1920 3034 δέ

337 3074 492 3130 καλῶ
516 3075 643 3136 τοὺς
674 3072 895 3142 ἔχοντας
934 3070 1037 3133 τὰς
1071 3069 1291 3134 ἐλπίδας
1320 3071 1413 3123 ἐπὶ
1445 3071 1538 3125 τὸν
1563 3071 1656 3123 ἐπὶ
1686 3070 1791 3140 γῆς
1833 3071 1921 3124 τό·

2030 634 2193 692 atque
2218 623 2535 688 ludibrium,
2556 643 2680 681 cum
2698 629 3029 684 exercitibus
3052 628 3385 684 circumdata
3403 622 3608 681 fuitJe-

2031 712 2264 767 rusalem
2281 731 2296 778 ;
2315 730 2423 784 quo
2454 714 2653 772 scilicet
2674 724 2913 787 tempore
2934 737 2953 769 ί
2974 716 3426 789 appropinquavit
3442 715 3603 769 deso-

2030 799 2161 856 latio
2199 802 2318 871 ejus
2345 804 2399 858 ³ε
2441 824 2459 856 ι
2496 806 2794 876 quinetiam
2843 822 2967 862 cum
3005 806 3190 862 Jcsum
3236 806 3421 876 ﬂagris
3458 804 3605 860 ceci-

2029 891 2261 955 dissent,
2309 893 2414 961 ipsi
2452 894 2706 967 ﬂagellati
2747 906 2895 961 sunt,
2929 909 2984 952 et
3024 897 3366 967 ﬂagellantur
3413 911 3601 966 porro,

2036 1000 2055 1033 ι
2085 984 2258 1040 donec
2279 987 2556 1055 plenitudo
2590 991 2828 1059 gentium
2854 990 3140 1046 intrarit‘:
3167 1009 3186 1042 ι
3208 1005 3329 1043 nam
3359 1007 3377 1039 ‹
3416 989 3509 1058 qui
3544 989 3600 1043 ln

2028 1073 2200 1130 altum
2241 1078 2405 1132 mittit
2457 1079 2727 1149 lapidem,
2767 1081 2821 1135 in
2885 1089 3049 1151 caput
3082 1096 3241 1136 suum
3292 1080 3499 1134 mittit“
3527 1097 3542 1145 ;
3573 1094 3597 1133 ι

2030 1172 2194 1233 atque
2246 1167 2362 1219 hare
2404 1168 2587 1222 omnia
2638 1168 2780 1224 facta
2838 1179 2996 1236 sunt,
3043 1178 3102 1224 ut
3130 1170 3197 1223 ab
3228 1168 3334 1224 illis
3383 1168 3602 1239 quidem

2030 1254 2246 1309 recedat
2278 1257 2538 1322 visitatio,
2570 1259 2638 1314 ad
2698 1274 2795 1315 eos
2827 1274 2958 1315 vero
3003 1275 3034 1314 e
3066 1259 3317 1330 gentibus
3361 1267 3602 1313 transeat

2027 1345 2121 1415 qui
2173 1347 2402 1401 salutem
2453 1360 2902 1419 consequuntur,
2952 1366 3059 1406 una
3111 1366 3234 1405 cum
3285 1368 3304 1401 ι
3355 1349 3600 1418 reliquiis

2028 1438 2328 1492 secundum
2358 1441 2677 1494 electionem
2718 1442 2779 1508 ⁶;
2818 1443 2923 1498 nisi
2962 1444 3108 1499 enim
3141 1441 3404 1495 Dominus
3439 1456 3600 1494 exer-

2027 1528 2233 1583 cituum
2280 1530 2589 1600 reliquisset
2619 1532 2698 1588 eis
2736 1549 2957 1598 semen,
3002 1535 3157 1604 quasi
3196 1533 3431 1587 Sodoma
3457 1529 3596 1584 luis—

2027 1626 2189 1684 sent,
2231 1629 2281 1675 ct
2322 1621 2480 1690 quasi
2529 1622 2837 1679 Gomorrha
2883 1624 3091 1680 similes
3134 1625 3381 1680 essem".
3417 1643 3436 1677 ι
3489 1624 3603 1693 Ego

2029 1723 2158 1763 vero
2187 1709 2268 1764 sic
2296 1711 2573 1778 existimo,
2598 1714 3059 1784 quemadmodum
3083 1714 3225 1769 sacri
3252 1715 3392 1770 ritus
3415 1729 3600 1768 exem-

2028 1799 2163 1868 plari
2212 1809 2266 1855 et
2298 1802 2507 1857 umbrae.
2559 1804 2862 1859 caelestium
2909 1804 3038 1860 olim
3090 1805 3324 1875 peracti,
3377 1813 3603 1874 propter

2027 1891 2269 1946 coelestia
2302 1892 2546 1964 abrogati
2592 1904 2759 1959 sunt;
2804 1906 2860 1950 et
2890 1895 3217 1950 adventante
3251 1910 3381 1950 vero
3410 1908 3595 1947 sacer-

2025 1981 2151 2037 dote
2203 1982 2439 2038 cessavit
2487 1986 2745 2040 sacerdos
2802 1984 3175 2057 symbolicus:
3211 1994 3266 2038 et
3310 1985 3457 2039 veris
3497 1999 3599 2053 pro

2026 2072 2264 2142 peccatis
2295 2072 2458 2130 factis
2494 2075 2781 2132 sacriﬁciis
2802 2116 2817 2142 ,
2867 2076 3162 2147 symbolica
3202 2076 3400 2131 abolita
3433 2084 3597 2142 sunt;

2025 2162 2100 2217 ita
2140 2179 2263 2218 cum
2316 2164 2570 2236 subjugi,
2614 2181 2842 2236 corpore
2891 2167 3142 2222 videlicet
3188 2182 3320 2234 suo,
3382 2175 3595 2220 vectum

2023 2250 2208 2307 Jesum
2236 2256 2446 2325 excepit
2474 2271 2600 2310 vera
2631 2256 2956 2324 Jerusalem,
2985 2260 3339 2329 quamobrem
3373 2277 3392 2310 ι
3414 2257 3597 2314 exsul-

2025 2345 2159 2399 tavit
2194 2346 2329 2400 satis
2379 2348 2489 2401 lilia
2527 2346 2698 2413 Sion,
2742 2358 2796 2402 et
2827 2350 3140 2419 praedicavit
3195 2350 3302 2405 tilia
3349 2364 3598 2420 superna

2021 2432 2323 2491 Jerusalem
2341 2437 2417 2505 ⁸,»
2446 2446 2574 2493 tunc
2595 2438 2913 2508 dissipatam
2934 2438 3106 2495 fuisse
3130 2438 3453 2505 Jerusalem,
3476 2454 3599 2508 quae

2021 2528 2217 2583 umbra
2245 2536 2347 2596 est,
2375 2539 2429 2584 et
2456 2529 2759 2600 collapsum
2801 2528 2975 2586 fuisse
3004 2532 3260 2600 templum
3299 2546 3330 2585 e
3366 2529 3599 2585 mortuis

2021 2619 2312 2676 conﬂatum
2358 2621 2663 2690 lapidibus,
2715 2631 2937 2692 propter
2985 2624 3246 2694 templum
3291 2622 3600 2677 viventibus

2020 2710 2168 2765 saxis
2225 2710 2584 2779 aediﬁcatum;
2619 2713 2752 2782 quin
2793 2722 2847 2768 et
2887 2713 3178 2768 subrutum
3216 2712 3389 2768 fuisse
3424 2713 3595 2767 altare

2021 2800 2544 2872 inl‘erius,quoniam
2568 2803 2789 2859 cmlcste
2819 2804 3010 2859 edebat
3029 2804 3275 2870 oracula,
3302 2820 3398 2875 per
3437 2818 3595 2858 veros

2021 2907 2300 2946 sacrorum
2358 2894 2499 2947 ritus
2530 2894 2770 2949 encaruia
2804 2895 3111 2950 celebrante
3154 2896 3272 2965 ipso
3308 2875 3459 2951 Jesu'.
3498 2895 3593 2950 Sin

2020 2990 2202 3035 autem
2254 2980 2409 3049 juxta
2467 2981 2708 3051 aliquam
2763 2981 3257 3052 significationem,
3341 2982 3593 3036 homines

2020 3079 2149 3124 sunt
2177 3070 2410 3138 civitas;
2466 3073 2767 3127 etiamnum
2834 3070 3190 3144 Jerosolymis
3232 3071 3355 3144 (sic
3409 3079 3593 3126 autem

343 3166 474 3237 πον)
519 3164 875 3236 παραδίδοται
912 3165 941 3218 ό
986 3162 1212 3235 Ἰησοῦς,
1250 3163 1346 3216 καὶ
1380 3164 1430 3216 οἱ
1460 3162 1919 3234 ἐπαγγελλόμενοι

2022 3164 2340 3234 quicunque
2385 3173 2602 3219 terreno
2648 3166 2778 3221 huic
2828 3166 2949 3222 loco
2979 3166 3311 3234 considunt,
3348 3164 3598 3237 appello)

334 3257 440 3329 τὴν
469 3255 565 3310 τοῦ
605 3254 741 3308 Θεοῦ
775 3254 1071 3326 θεραπείαν
1128 3252 1391 3317 Ἰουδαῖοι,
1439 3255 1532 3308 καὶ⁵
1557 3254 1797 3325 ὡσπερεὶ
1819 3255 1919 3323 ἀρ-

335 3351 544 3421 χιερεῖς
557 3348 934 3418 τυγχάνοντες,
957 3346 1051 3401 καὶ
1066 3348 1113 3400 οί
1138 3345 1208 3400 τὰ
1235 3345 1353 3399 θεῖα
1368 3346 1675 3417 Γράμματα
1694 3344 1920 3416 αὐχοῦν-

337 3457 433 3504 τες
451 3438 756 3511 διηγεῖσθαι
780 3440 1150 3510 γραμματεῖς,
1174 3437 1562 3509 κατακρίνουσι
1583 3437 1797 3508 θανάτῳ
1825 3437 1917 3492 τὸν

351 3531 582 3602 Ἰησοῦν,
612 3531 679 3585 δι’
717 3526 792 3585 ὧν
820 3518 1004 3595 κακῶς
1034 3530 1283 3599 λέγουσιν
1306 3530 1499 3584 αὐτόν’
1532 3529 1625 3583 καὶ
1647 3530 1746 3582 οὐκ
1771 3528 1917 3583 ἐστιν

335 3624 428 3676 ὅτε
459 3623 519 3675 οὐ
546 3621 898 3694 παραδιδόασι
929 3625 1043 3685 τοῖς
1066 3622 1272 3674 ἔθνεσιν
1302 3620 1530 3690 Ἰησοῦν,
1560 3619 1917 3691 ἐμπαίζοντες

339 3712 513 3784 αὐτῷ,
544 3715 638 3768 καὶ
666 3715 731 3784 τῇ
761 3710 1080 3782 διδασκαλίᾳ
1109 3709 1275 3764 αὑτοῦ
1305 3710 1434 3782 παρ’
1462 3711 1675 3773 αὐτοῖς’
1708 3710 1801 3763 καὶ
1830 3711 1916 3764 ἀεὶ

336 3808 461 3869 ταῖς
509 3804 782 3874 γλώσσαις
825 3802 1004 3855 αὐτῶν
1070 3799 1394 3871 μαστιγοῦσι
1445 3798 1544 3870 τὴν
1599 3798 1689 3852 διὰ
1737 3798 1913 3869 Ἰησοῦ

334 3897 575 3970 Χριστοῦ
606 3894 937 3958 θεοσέϐειαν,
964 3895 1058 3948 καὶ
1086 3893 1239 3946 αὐτοὶ
1275 3892 1373 3963 μὲν
1399 3892 1561 3945 αὑτὸν
1600 3890 1913 3966 σταυροῦσι,

336 3990 404 4042 δι’
439 3982 516 4041 ὧν
549 3986 1022 4056 ἀναθεματίζουσι,
1059 3985 1152 4037 καὶ
1175 3984 1416 4055 ἀναιρεῖν
1446 3981 1661 4035 θέλουσι
1692 3981 1790 4054 τὴν
1832 3984 1912 4036 δι-

336 4078 636 4135 δασκαλίαν
675 4075 872 4131 αὐτοῦ·
902 4076 931 4128 ὁ
961 4075 1038 4140 δὲ,
1085 4073 1346 4147 κρείττων
1391 4072 1571 4127 αὐτῶν
1609 4072 1912 4144 τυγχάνων,

335 4173 517 4242 ὀλίγον
548 4167 807 4224 διαλιπὼν
837 4167 1128 4239 ἐγείρεται,
1164 4165 1260 4218 καὶ
1297 4164 1404 4229 ζῶν
1430 4166 1543 4227 τοῖς
1579 4163 1822 4235 είληφόσι
1852 4162 1915 4217 τὸ

337 4265 558 4336 βλέπειν
615 4261 881 4332 φαίνεται.
934 4256 1049 4311 Νῦν
1100 4255 1208 4326 γὰρ
1259 4273 1278 4305 ι
1332 4254 1416 4317 τίς
1469 4253 1685 4322 τυφλὸς,
1759 4272 1778 4303 ι
1838 4252 1915 4317 ὡς

344 4356 577 4419 Ἡσαΐας
608 4355 672 4408 ἐκ
713 4348 1002 4420 προσώπου
1044 4346 1138 4400 τοῦ
1185 4344 1319 4399 Θεοῦ
1349 4343 1458 4416 (48)
1496 4360 1680 4416 φησιν,
1723 4362 1742 4394 ι
1792 4344 1825 4414 ἢ
1862 4344 1912 4397 οἱ

332 4449 529 4512 παῖδές
570 4463 707 4519 μους
745 4443 838 4497 καὶ
868 4442 1010 4505 τίνες
1039 4437 1234 4508 κωφοὶ,
1279 4436 1391 4491 ἀλλ’
1419 4435 1452 4508 ἢ
1486 4438 1534 4490 oi
1570 4435 1914 4507 κυριεύοντες

2024 3253 2188 3308 Jesus
2217 3254 2499 3324 proditur;
2529 3255 2733 3326 quique
2764 3255 2857 3311 Dei
2898 3258 3135 3313 cultores
3163 3271 3222 3311 se
3251 3256 3593 3326 proﬁtentur,

2019 3352 2072 3398 et
2102 3344 2260 3414 quasi
2315 3346 2661 3400 sacerdotum
2701 3346 2974 3417 principes
3021 3344 3222 3410 Judaei,
3257 3346 3466 3416 quique
3505 3362 3597 3402 sa-

2018 3448 2140 3489 cras
2188 3433 2502 3505 Scripturas
2550 3437 2845 3507 explanare
2899 3452 2958 3492 se
3010 3437 3315 3508 gloriantur
3368 3437 3593 3504 scribae,

2017 3522 2204 3578 Jesum
2221 3525 2383 3595 712
2400 3527 2593 3596 capitis
2611 3526 2894 3595 damnant,
2918 3542 3042 3581 cum
3071 3526 3372 3581 maledictis
3389 3542 3510 3580 eum
3528 3543 3594 3581 ac

2016 3616 2280 3671 conviciis
2357 3617 2750 3686 proscindunt;
2814 3626 2868 3672 et
2923 3617 3354 3686 quotiescunque
3401 3614 3590 3671 Jesum

2017 3705 2297 3773 ipsiusque
2349 3705 2657 3760 doctrinam
2706 3704 2848 3760 inter
2889 3714 3076 3775 gentes
3119 3706 3404 3773 derident,
3452 3723 3593 3761 nun-

2016 3809 2180 3864 quam
2222 3809 2330 3848 non
2382 3795 2491 3850 illis
2527 3811 2651 3850 eum
2689 3796 2935 3862 tradunt;
2978 3804 3189 3851 etcum
3239 3797 3415 3867 ipsius
3454 3812 3595 3867 prae.

2015 3895 2170 3956 cepta
2205 3897 2562 3942 exsecrantur
2603 3897 2658 3943 et
2688 3888 2908 3942 abolere
2942 3887 3191 3958 cupiunt,
3236 3887 3436 3959 linguis
3473 3887 3592 3944 suis

2016 3979 2223 4034 cultum
2253 3977 2365 4034 Deo
2400 3993 2497 4049 per
2524 3978 2709 4033 Jesum
2740 3978 3018 4034 Christum
3051 3977 3351 4033 exhibitum
3376 3993 3599 4049 semper

2016 4069 2324 4140 ﬂagellant,
2364 4069 2656 4139 ipsumque
2700 4068 2980 4123 Christum
3016 4068 3166 4124 cruci
3209 4068 3498 4139 suﬂiguut;
3532 4076 3585 4125 at

2014 4161 2101 4217 his
2136 4161 2225 4216 ille
2259 4161 2452 4216 melior
2479 4160 2624 4215 haud
2656 4160 2828 4214 multo
2855 4169 2977 4228 post
3013 4161 3270 4231 resurgit,
3303 4162 3595 4231 visumque

2014 4252 2283 4308 assecutis
2331 4253 2520 4307 vivens
2570 4251 2926 4320 conspicitur.
2988 4248 3146 4303 Nune
3202 4251 3347 4305 enim
3413 4269 3432 4303 ι
3464 4251 3593 4321 quis

2014 4357 2212 4406 caecus,
2247 4360 2266 4393 ι
2298 4350 2356 4395 ut
2389 4357 2458 4396 ex
2493 4340 2587 4395 Dei
2632 4355 2864 4411 persona
2908 4341 2985 4395 ait
3031 4340 3221 4406 lsaias,
3265 4358 3284 4390 α
3308 4339 3413 4395 nisi
3444 4342 3589 4398 servi

2016 4436 2160 4501 mei;
2188 4442 2241 4490 et
2272 4433 2363 4503 qui
2393 4433 2569 4497 surdi,
2602 4433 2704 4489 nisi
2737 4435 2830 4504 qui
2871 4448 3061 4488 eorum
3093 4432 3488 4488 dominantur’
3511 4433 3535 4488 τ
3562 4451 3584 4488 ι

333 4541 549 4606 αὑτῶν;
572 4515 604 4590 -ι
628 4540 767 4609 Φησὶ
797 4534 909 4607 γὰρ
960 4530 1101 4604 μετά
1147 4528 1381 4602 μεγάλου
1437 4529 1531 4581 καὶ
1574 4526 1911 4599 προφητικοῦ

2022 4524 2152 4580 Cum
2210 4540 2411 4595 magno
2468 4522 2739 4594 siquidem
2792 4533 2846 4579 et
2901 4524 3219 4594 prophetico
3262 4523 3481 4594 ingenio
3522 4537 3591 4584 ac

333 4635 502 4708 ἤθους
534 4632 627 4687 καὶ
655 4626 964 4699 πνεύματος
985 4641 1001 4654 ·
1041 4641 1061 4675 ι
1099 4623 1162 4676 Οί
1195 4620 1388 4690 κωφοὶ,
1414 4617 1702 4682 ἀκούσατε,
1730 4620 1827 4673 καὶ
1863 4621 1911 4673 οί

2022 4618 2211 4688 spiritu
2240 4618 2317 4671 ait
2351 4616 2395 4648 ³⁸
2422 4632 2435 4667 :
2472 4634 2491 4667 ί
2521 4615 2683 4670 Surdi
2703 4655 2720 4681 ,
2748 4616 2960 4681 audite,
2992 4624 3046 4671 et
3086 4615 3214 4670 caeci
3236 4655 3252 4684 ,
3302 4614 3591 4672 intuemini

1574 4731 1809 4789 VETUS
1846 4729 2408 4786 INTERPRETATIO

334 4841 490 4906 facti,
522 4835 860 4906 Hierusalem
888 4832 1129 4906 exercitu
1160 4827 1555 4906 circumdante,
1590 4828 1811 4906 quando
1843 4835 1897 4881 et
1927 4826 2384 4906 venitdesolatio
2419 4824 2577 4906 ejus:
2612 4832 2668 4878 et
2688 4825 2800 4906 qui.
2829 4821 3457 4906 ﬂagellavertttr_t_le_sun_t
3485 4822 3587 4877 ﬂa-

335 4893 702 4982 gellatisunt,
729 4915 782 4959 et
824 4903 1169 4982 ﬂagellaptur
1194 4899 1375 4982 donec
1405 4916 1424 4949 ι
1464 4893 1628 4980 intret
1652 4897 1896 4982 gentium
1939 4896 2302 4982 plenitudo“
2351 4895 2608 4982 quoidam
2653 4912 2672 4945 ι
2709 4893 3276 4982 qjui‘lapidem-mit'tit!
3309 4894 3586 4982 insitum,

335 4962 874 5052 gﬁiiér'carm'suum
900 4962 1148 5052 ἶηίειίιτ)
1194 4967 1264 5052 Et.
1284 4968 1423 5052 ηφυ,
1443 4967 1626 5052 omnia
1653 4962 1821 5052 Ϊτξεὶιε
1867 4962 2824 5052 99min};i'!‘§fﬂ'i‘l€'1!‘?9?§?l
2841 4962 3316 5052 ,ἔρξεινέἕίὲ-ίέἓίτ,
3343 4972 3591 5052 Ρηηὲἓὲι

336 5030 884 5114 ξιῇἷέὴι-ᾆῗιηεεηιεε,
928 5040 1152 5114 salvatis
1178 5037 1431 5114 videlicet
1453 5051 1582 5114 cum
1606 5036 1859 5114 gentibus
1891 5030 2286 5114 etcreliquiisg
2310 5030 2962 5114 Judmorumtsecundum
2982 5034 3357 5114 'eleetionem;
3399 5047 3597 5114 r_quo-.

338 5101 548 5175 ἧίξέῖπῖε
569 5101 705 5173 “nisi.
718 5101 982 5168 Dominus
1007 5109 1244 5165 Sabaoth
1274 5107 1583 5171 reliquisset
1610 5101 1720 5161 illis
1745 5121 1955 5168 semen,
2006 5105 2151 5160 sicut
2179 5103 2417 5175 Sodoma
2460 5103 2588 5158 facti
2638 5102 2944 5175 fuissent.)
2982 5101 3094 5175 Ego
3139 5112 3318 5157 autem
3351 5102 3594 5157 arbitror.

338 5171 597 5256 quoniam
624 5187 767 5241 sicut
804 5182 1113 5256 exemplum
1140 5187 1195 5256 et
1233 5176 1425 5256 umbnra
1461 5176 1688 5256 culturae
1712 5177 1856 5256 quod
1891 5184 2049 5230 antea
2085 5173 2432 5256 implebatur,
2462 5180 2680 5256 propter
2705 5171 2947 5227 caelestia
2993 5171 3232 5256 solutum
3266 5180 3371 5235 est,
3398 5182 3593 5252 et.ve-.

340 5244 523 5311 nieute
546 5272 675 5309 vero
703 5244 1317 5324 principesacerdotum
1346 5246 1589 5315 ﬁguralis
1613 5244 1873 5324 sacerdos
1896 5246 2232 5324 cessavitLet
2253 5244 2397 5324 veris
2421 5244 2829 5324 saeritieiis'prp
2856 5252 3077 5309 peccato
3103 5244 3153 5295 in
3184 5257 3341 5324 usum
3369 5244 3595 5295 venien-.

342 5310 486 5381 tibus
506 5310 755 5395 ﬂguralia
790 5310 1214 5395 sacriﬁciasunt
1234 5310 1509 5371 destructa
1530 5333 1545 5381 ;
1570 5317 1662 5395 _si_c
1692 5312 2475 5395 quoniamveranl'liemsalem
2500 5310 2972 5395 suscepitvlesum
3003 5313 3389 5395 ascendentem
3421 5324 3589 5378 super

340 5379 679 5467 auibjugalem
721 5393 968 5463 corporis
996 5390 1105 5467 sui,
1135 5389 1189 5442 in
1222 5402 1331 5467 qu_o
1355 5397 1409 5439 et
1443 5379 1728 5467 gaudebati
1744 5386 1897 5467 valde
1936 5385 2059 5467 lilia‘
2095 5382 2336 5467 SioiiL‘et
2368 5381 2678 5467 praedicavit
2706 5381 2816 5467 lilia
2838 5379 3172 5467 ilict-uselem
3203 5394 3589 5467 quae‘su‘rsunt

340 5450 597 5529 estiftu'nc
628 5450 902 5518 destructa
931 5470 1015 5515 est
1046 5450 1382 5513 Hierusalem
1408 5450 1530 5529 qua;
1556 5454 1984 5529 fuerat__umbra_.
2010 5463 2066 5529 _et
2093 5452 2287 5529 cecidit
2319 5450 2576 5529 templum
2607 5450 2769 5529 quoii
2786 5451 2852 5504 de
2896 5450 3166 5529 lapidibus
3213 5450 3589 5529 Inortuiserat

342 5518 736 5598 constructum,
772 5540 991 5601 prepter
1019 5529 1279 5598 templum
1309 5518 1452 5594 quod
1499 5527 1565 5581 de
1602 5525 1873 5594 lapidibus
1914 5523 2055 5578 vivis
2096 5522 2274 5577 fuerat
2308 5518 2645 5590 erigendum.
2683 5518 2963 5574 Eﬂ‘ossum
2990 5528 3073 5574 est
3110 5528 3291 5573 autem
3327 5527 3379 5571 et
3416 5518 3592 5579 altare

407 5654 428 5687 ³
456 5653 590 5708 Luc.
627 5664 743 5714 ut,
771 5648 863 5702 20.
934 5647 957 5679 ⁸
987 5647 1144 5701 Rom.
1179 5660 1253 5710 x1,
1280 5642 1370 5697 25.
1447 5642 1469 5673 ⁸
1504 5640 1851 5708 Eceli.xxvlt,
1875 5638 1921 5693 ‘21

2045 5641 2067 5672 ⁶
2101 5640 2237 5694 Rom
2270 5653 2376 5710 αι,
2405 5637 2458 5693 5.
2533 5637 2554 5669 ⁷
2581 5635 2684 5695 lsa.
2710 5652 2750 5706 ι,
2776 5637 2830 5694 θ.
2932 5635 2955 5667 ⁸
2981 5635 3145 5695 Zach.
3173 5650 3249 5705 lx,
3277 5634 3332 5695 9.
3437 5635 3595 5699 ’lsa.

345 5740 470 5788 ml,
494 5724 580 5779 19.
656 5720 700 5753 ³⁸
725 5718 852 5773 ibid.
885 5717 1085 5782 18,19.

411 5813 521 5884 (48)
550 5812 717 5870 Θεοῦ.
738 5809 920 5866 Codex
951 5808 1172 5875 Regius,
1207 5806 1407 5879 Ἰησοῦ.
