4086 6490
411 429 550 488 1579

1889 419 2213 476 ORIGENIS

3547 416 3686 472 1380

409 549 684 618 disposuit
727 565 740 614 ;
785 556 842 600 ut
893 545 984 616 qui
1033 546 1099 600 iis
1144 544 1236 614 qui
1281 543 1500 598 Christo
1545 543 1983 612 appropinquant

2095 557 2248 612 μενος
2278 537 2381 590 τῶν
2413 536 2737 604 ἐγγιζόντων
2831 539 2894 591 ἐκ
2917 537 3126 604 δεξιῶν,
3161 537 3254 591 καὶ
3282 530 3394 591 οἷον
3430 536 3681 608 ἀπτόμε-

410 637 702 706 praecellet,
739 636 809 690 sit
844 651 872 689 a
910 635 1136 699 dextris,
1170 641 1224 687 et
1257 633 1404 685 velut
1453 633 1633 701 ipsum
1678 632 1989 700 contingat,

410 734 469 779 et
509 725 711 779 dextra:
759 722 915 778 Verbi
969 723 1304 776 adhazrescat
1340 739 1354 787 ;
1395 722 1488 790 qui
1549 735 1678 774 vero
1729 720 1993 790 dignitate

411 815 640 870 inferior
669 814 775 870 erit
799 829 864 867 ac
897 813 1127 879 meritis,
1160 827 1328 882 prope
1353 812 1639 866 sinistram
1680 811 1853 881 ipsius
1899 810 1988 864 sit.

410 908 490 962 Ac
520 908 638 960 vide
664 921 794 959 num
822 921 852 958 a
884 904 1090 959 Christi
1119 905 1327 958 dextris
1373 920 1438 958 ea
1479 920 1620 968 esse,
1669 902 1855 956 animo
1891 901 1992 954 fin-

409 1016 537 1070 gere
565 998 764 1065 possis,
801 1013 922 1066 qua-
952 997 1167 1066 Opificia
1205 996 1297 1052 Dei
1334 997 1436 1051 sub
1468 1013 1691 1052 sensum
1733 994 1991 1050 cernendi

409 1103 518 1143 non
549 1089 797 1142 cadentia
834 1089 1179 1157 appellantur
1209 1107 1223 1153 ;
1270 1104 1301 1142 a
1342 1088 1586 1142 sinistris
1614 1096 1823 1152 autem,
1871 1100 1994 1156 quae

406 1184 758 1254 aspectabilia
803 1193 856 1238 et
899 1199 1164 1254 corporea
1209 1191 1338 1236 sunt
1366 1200 1380 1249 ;
1412 1182 1466 1235 in
1509 1181 1763 1235 universa
1809 1185 1992 1230 autem

407 1290 634 1346 regnum
669 1284 814 1330 tenet
841 1274 1115 1329 Christus.
1145 1271 1265 1326 Jam
1295 1288 1442 1325 nunc
1470 1279 1651 1324 autem
1679 1282 1867 1322 eorum
1898 1265 1991 1336 qui

407 1365 476 1418 ad
504 1365 682 1434 ipsum
721 1365 950 1434 propius
978 1362 1266 1425 accedunt,
1294 1361 1515 1415 dextera
1559 1358 1750 1427 aliqui,
1787 1365 1840 1411 et
1871 1370 1993 1424 qua;

409 1454 688 1508 intellectu
724 1452 1287 1524 comprehenduntur,
1331 1449 1510 1504 sortiti
1556 1457 1726 1514 sunt;
1769 1449 1988 1503 sinistra

407 1554 590 1599 autem
622 1545 735 1606 alii,
765 1553 820 1599 et
855 1560 977 1614 quae
1004 1543 1224 1599 sensilia
1268 1550 1417 1596 sunt.
1466 1539 1767 1595 Videndum
1808 1548 1988 1594 autem

408 1650 592 1690 annon
628 1651 751 1689 vera
789 1635 1024 1690 filiorum
1063 1633 1306 1688 Zebedaei
1337 1641 1531 1698 mater,
1572 1646 1714 1702 quos
1749 1631 1992 1686 Boancr»

409 1745 528 1799 ges,
564 1730 665 1784 hoc
701 1737 785 1784 est
823 1730 1060 1782 tonitrus
1111 1728 1276 1793 filios,
1307 1726 1390 1780 vel
1432 1725 1694 1780 tonitrum
1737 1723 1994 1779 Servator

411 1822 719 1892 appellavit,
756 1836 1008 1890 magnam
1036 1819 1102 1874 de
1141 1819 1268 1872 ﬁliis
1308 1820 1424 1873 suis
1462 1816 1670 1872 Jacobo
1700 1825 1755 1872 et
1782 1815 1994 1872 Joanne

2101 647 2188 693 νος
2221 627 2407 692 αὑτοῦ,
2435 629 2527 681 καὶ
2559 627 2898 699 κολλώμενος
2926 632 3039 692 τοῖς
3071 629 3166 683 τοῦ
3199 631 3372 698 Λόγου
3414 627 3624 696 δεξιοῖς·
3652 629 3686 685 ὁ

2098 723 2153 775 δὲ
2192 720 2578 791 ὑποδεέστερος
2611 723 2776 790 ἐγγὺς
2809 721 2917 774 τῶν
2959 722 3260 793 ἀριστερῶν
3300 721 3484 774 αὑτοῦ.
3523 720 3685 786 Δεξιά

2097 813 2154 866 δὲ
2180 815 2284 885 ὄρσ.
2311 815 2360 866 εί
2393 812 2616 866 δύνασαι
2650 816 2839 884 νοῆσαι
2878 814 3115 884 Χριστοῦ
3139 814 3208 868 τὰ
3251 814 3457 886 ἀόρατα
3484 814 3684 885 ὀνομα-

2100 905 2300 976 ζόμενα
2327 905 2624 976 κτίσματα,
2657 906 2923 977 ἀριστερά
2954 906 3009 958 δὲ
3051 906 3121 959 τὰ
3151 905 3320 974 ὁρατὰ
3348 906 3443 959 καὶ
3494 923 3686 977 σωμα-

2099 997 2246 1050 τικά·
2272 995 2408 1050 ἀλλά
2439 998 2670 1068 Χριστὸς
2709 997 2809 1068 μὲν
2855 997 3072 1051 πάντων
3124 995 3415 1067 βασιλεύει.
3458 997 3600 1067 Ἤδη
3624 998 3684 1051 δὲ

2099 1089 2210 1142 τῶν
2237 1090 2569 1157 ἐγγιζόντων
2597 1089 2747 1160 αὑτῷ
2800 1091 2850 1143 οί
2893 1091 2992 1160 μὲν
3047 1090 3420 1162 κεκλήρωνται
3445 1089 3515 1143 τά
3534 1090 3682 1154 δεξιά

2098 1179 2192 1232 καὶ
2216 1177 2404 1249 νοητὰ,
2438 1179 2488 1230 οί
2536 1177 2593 1231 δὲ
2641 1176 2711 1230 τά
2761 1177 3028 1250 ἀριστερά
3058 1177 3154 1232 καὶ
3179 1176 3433 1248 αίσθητά.
3463 1176 3574 1230 Καὶ
3589 1188 3696 1242 μηο

2098 1288 2228 1324 ποτε
2256 1273 2289 1343 ἡ
2319 1269 2547 1342 ἀληθινὴ
2579 1271 2763 1340 μήτηρ
2791 1269 2898 1323 τῶν
2928 1269 3060 1322 υἱῶν
3089 1268 3395 1332 Ζεϐεδαίου,
3428 1266 3523 1331 οὒς
3549 1266 3684 1320 ἐκα-

2097 1363 2220 1417 λεσε
2250 1364 2547 1434 Βοανεργὲς
2568 1365 2596 1416 ό
2627 1349 2839 1433 Σωτῆρ,
2865 1362 2893 1414 δ
2925 1363 3071 1414 ὲστιν
3096 1361 3206 1431 (54)
3238 1361 3343 1413 υἱοὶ
3363 1359 3611 1431 βροντῆς,
3646 1357 3682 1427 ἢ

2101 1455 2316 1526 βροντὴ,
2340 1454 2547 1526 μεγάλα
2563 1455 2796 1525 κρίνασα
2813 1452 3062 1524 περὶτῶν
3078 1452 3208 1505 υἱῶν
3227 1452 3396 1523 αὑτῆς
3423 1448 3686 1504 Ἰακώϐου

2097 1548 2192 1600 καὶ
2226 1547 2465 1602 Ἰωάννου
2493 1545 2750 1616 (καὶγὰρ
2777 1539 2915 1616 ἦσαν
2944 1540 3212 1615 μεγᾶλοι),
3229 1539 3687 1597 καὶὺπολαϐοῦσα.

2082 1638 2297 1700 αὐτοὺς
2327 1637 2396 1690 τά
2430 1638 2674 1708 πρωτεῖα
2705 1633 2966 1687 δύνασθαι
2999 1633 3140 1704 ἔχειν
3172 1632 3323 1704 παρὰ
3350 1632 3532 1684 πᾶσαν
3551 1646 3681 1697 γεν-

2098 1728 2266 1798 νητὴν
2289 1726 2470 1796 φύσιν,
2500 1727 2575 1789 ὡς
2603 1725 2961 1796 χωρήσαντας
2993 1723 3092 1793 τὴν
3122 1721 3534 1793 μεγαλοφωνίαν
3567 1718 3682 1787 (55)

2099 1820 2287 1890 αὑτῆς,
2350 1815 2723 1889 προσελθοῦσα
2771 1816 2925 1886 ἠξίου
2958 1815 3050 1868 τὸν
3085 1813 3309 1883 Κύριον,
3354 1813 3439 1864 ἵνα
3491 1809 3687 1882 ἱδρύσῃ

407 1913 866 1968 existimationem
901 1912 1085 1966 animo
1116 1911 1443 1982 praecipiens
1475 1910 1564 1980 (et
1587 1909 1772 1981 magni
1796 1910 1989 1979 quippe

2096 1911 2187 1964 τὸν
2222 1912 2318 1981 μὲν
2374 1910 2560 1980 ἕτερον
2617 1907 2798 1961 αὑτῶν
2839 1911 2903 1961 ὲκ
2934 1906 3146 1972 δεξιῶν,
3206 1905 3298 1957 τὸν
3346 1903 3391 1955 δ’
3436 1901 3594 1956 ἄλλον
3623 1900 3687 1964 ἐξ

406 2018 594 2058 revera
625 2000 816 2071 erant)
845 2009 902 2055 et
930 2016 1040 2070 prae
1071 2000 1330 2054 universa
1354 2008 1550 2054 natura
1582 2008 1762 2055 creata
1789 1999 1992 2070 primas

408 2093 549 2148 ferre
566 2108 727 2162 posse
746 2102 1062 2158 autumans,
1081 2099 1267 2161 utpote
1283 2090 1374 2161 qui
1396 2089 1569 2160 ipsius
1582 2091 1998 2160 grandiloquen-

407 2187 539 2240 tiam
585 2187 747 2256 717
791 2185 1021 2241 fuissent
1055 2187 1330 2249 assecuti,
1377 2186 1445 2239 ad
1501 2183 1792 2240 Dominum
1840 2201 1995 2241 acce-

406 2278 565 2341 dens,
598 2286 658 2331 ut
688 2293 719 2331 a
747 2278 954 2332 dextris
979 2278 1234 2343 alterum,
1265 2276 1498 2331 alterum
1527 2290 1558 2328 a
1586 2275 1827 2330 sinistris
1861 2289 1995 2330 con-

409 2369 699 2432 stitueret,
743 2369 1090 2438 postulabat:
1125 2368 1388 2423 Servator
1432 2373 1615 2421 autem
1651 2382 1824 2434 usque
1863 2367 1995 2422 adeo

408 2462 822 2532 grandiloquam
842 2459 1032 2514 Jacobi
1058 2457 1355 2513 etJoannis
1381 2464 1613 2526 matrem
1641 2455 1991 2524 redarguens,

409 2561 471 2608 ut
513 2567 634 2622 quae
669 2551 1079 2621 praestantiores
1128 2549 1356 2602 minime
1403 2548 1780 2616 dignosceret,
1831 2554 1994 2614 atque

407 2644 674 2712 ejusmodi
716 2643 920 2697 donum
973 2640 1208 2695 nesciret
1231 2654 1354 2693 esse
1384 2639 1615 2708 gratiam
1647 2636 1740 2691 Dei
1775 2637 1868 2707 qui
1900 2652 1995 2692 su-

407 2751 506 2805 pra
542 2734 726 2789 omnia
759 2743 842 2788 est
867 2775 882 2800 ,
913 2733 1117 2802 quique
1149 2725 1390 2784 favorem
1437 2744 1597 2784 suum
1629 2737 1683 2783 et
1725 2728 1990 2782 auxilium

407 2825 659 2890 confert,
693 2834 748 2879 et
781 2826 835 2877 iu
874 2825 967 2878 tali
1003 2821 1360 2878 sublimitatis
1401 2820 1572 2890 gradu
1601 2835 1696 2874 eos
1727 2820 1989 2884 collocat,

407 2932 547 2987 quos
575 2917 642 2972 ad
671 2917 723 2971 id
750 2917 976 2970 idoneos
1003 2929 1127 2970 esse
1152 2913 1324 2978 novit,
1361 2912 1413 2966 id
1439 2911 1580 2964 dixit
1601 2912 1642 2942 ³⁷
1679 2929 1692 2966 :
1729 2909 1992 2966 «Nescitis

408 3011 540 3080 quid
593 3010 828 3080 petatis;
861 3027 882 3061 ι
911 3017 1004 3062 et:
1048 3027 1066 3059 ι
1097 3006 1299 3062 Sedere
1326 3006 1392 3059 ad
1415 3005 1694 3058 dexteram
1729 3019 1905 3058 meam
1939 3013 1994 3057 et

409 3102 725 3165 sinistram,
764 3116 869 3155 non
913 3107 998 3153 est
1049 3113 1232 3153 meum
1267 3097 1418 3162 dare,
1467 3096 1561 3149 sed
1595 3095 1795 3164 quibus
1829 3108 1992 3163 para-

408 3202 526 3246 tum
569 3196 654 3245 est
683 3203 713 3242 a
745 3188 907 3242 Patre
939 3203 1082 3242 meo.
1116 3206 1134 3237 i
1200 3186 1517 3241 Observabit
1549 3200 1676 3240 vero
1705 3185 1795 3254 qui
1833 3192 1988 3254 pote-

2097 2001 2464 2072 εὐωνύμωνιό
2487 2001 2543 2054 δὲ
2577 2001 2768 2072 Σωτὴρ
2802 1999 3092 2069 διελέγχων
3143 1999 3237 2051 καὶ
3289 1995 3386 2065 τὴν
3421 1992 3683 2065 τηλικαὺ-

2095 2112 2194 2165 την
2233 2092 2614 2163 μεγαλόφωνον
2650 2091 2863 2162 μητέρα
2909 2090 3003 2144 τοῦ
3049 2088 3307 2142 Ἰακώϐου
3345 2087 3440 2140 καὶ
3497 2085 3683 2139 Ἰωάνι

2096 2202 2211 2248 νου,
2247 2184 2322 2246 ώς
2351 2183 2648 2251 ἀγνοοῦσαν
2677 2183 2823 2245 τίνες
2877 2182 2926 2234 οἱ
2963 2180 3346 2252 ὑπερέχοντες,
3380 2179 3476 2231 καὶ
3518 2177 3601 2229 ὅτι
3647 2176 3684 2245 ἡ

2095 2275 2398 2347 τηλικαύτη
2427 2274 2604 2346 δωρεὰ
2625 2275 2784 2345 χάρις
2815 2273 2931 2325 ἐστὶ
2955 2271 3050 2325 τοῦ
3085 2272 3178 2324 ἐπὶ
3211 2272 3346 2324 πᾶσι
3367 2268 3507 2322 θεοῦ
3544 2285 3686 2338 συμ-

2098 2368 2370 2429 πνέοντος,
2394 2367 2488 2419 xui.
2514 2365 2926 2437 συνεργοῦντος,
2958 2365 3050 2418 καὶ
3081 2362 3354 2434 ἱδρύοντος
3386 2363 3444 2414 ὲν
3473 2363 3539 2431 τῇ
3568 2375 3685 2413 τοι·

2099 2460 2236 2530 αὑτῃ
2265 2460 2530 2528 ὑπεροχῇ,
2561 2457 2655 2521 οὓς
2683 2453 2825 2511 οἶδεν
2857 2457 3217 2527 ἐπιτηδείους,
3245 2451 3364 2507 εἶπε
3393 2452 3476 2504 τό⁸
3514 2471 3532 2502 ι
3567 2451 3687 2504 Οὑκ

2095 2551 2272 2604 οἴδατε
2297 2550 2353 2602 τί
2383 2548 2674 2610 αίτεῖσθε,›
2713 2548 2828 2601 καί·
2873 2567 2891 2597 ι
2916 2549 2989 2600 Τὸ
3017 2546 3238 2600 καθίσαι
3269 2547 3332 2597 ἐκ
3356 2541 3546 2609 δεξιῶν
3578 2559 3684 2612 μου

2095 2644 2128 2714 ἢ
2153 2643 2211 2710 ἐξ
2245 2642 2542 2711 εὑωνὺμων
2573 2642 2672 2694 οὑκ
2704 2641 2851 2694 ἔστιν
2882 2641 3013 2711 ἐμὸν
3042 2639 3248 2704 δοῦναι,
3280 2637 3395 2692 ἀλλ’
3425 2631 3507 2699 οἷς
3535 2635 3685 2705 ἡτοί-

2099 2748 2300 2803 μασται
2335 2729 2440 2782 ὑπὸ
2470 2729 2563 2782 τοῦ
2589 2731 2803 2802 Πατρός
2839 2747 2992 2800 μου.»
3035 2728 3350 2798 Ἐπιστήσει
3381 2726 3439 2779 δὲ
3464 2728 3493 2779 ὁ
3523 2725 3685 2778 δυνά-

2099 2838 2258 2892 μενος
2283 2821 2403 2874 τίνα
2435 2821 2533 2894 μὲν
2583 2820 2686 2873 ὑπὸ
2734 2820 2826 2873 τοῦ
2861 2821 3109 2891 Σωτῆρος
3136 2819 3359 2882 δίδοται,
3396 2817 3516 2870 τίνα
3576 2816 3683 2869 ὑπὸ

2094 2913 2188 2966 τοῦ
2221 2914 2452 2986 Πατρὸς,
2478 2913 2641 2984 ὁρῶν,
2675 2914 2757 2966 ὅτι
2789 2912 2904 2966 ἐστι
2929 2913 3051 2966 τινὰ
3082 2911 3118 2966 ὃ.
3149 2913 3212 2965 οὑ
3243 2911 3352 2982 δῴη
3379 2911 3444 2964 ἂν
3470 2912 3498 2963 ὁ
3527 2909 3679 2972 Υἱὸς,

2096 3006 2210 3060 ἀλλ’
2241 3006 2402 3070 αὑτὸς
2423 3008 2451 3059 ὁ
2487 3009 2696 3078 Πατήρ.
2730 3008 2793 3059 Ei
2825 3007 2882 3060 δὲ
2914 3006 3151 3061 τοιοῦτόν
3173 3025 3225 3061 τι
3256 3005 3553 3078 παρίστησι
3585 3003 3681 3059 καὶ

2096 3097 2168 3150 τὰ
2201 3097 2531 3166 Εὑαγγέλια.
2561 3099 2697 3151 ὅπου
2751 3099 2849 3168 μὲν
2883 3097 3171 3166 είσάγοντα
3217 3099 3308 3151 τδν
3333 3097 3564 3168 Σωτῆρα
3587 3095 3679 3148 εὑ-

2096 3188 2322 3258 χόμενον
2355 3188 2484 3259 περί
2513 3207 2670 3242 τινων
2700 3189 3003 3261 δυνάμεων,
3041 3190 3125 3243 ἴνα
3156 3189 3304 3260 αὑτῷ
3332 3187 3584 3260 ὑπαρχθῇ
3611 3187 3681 3242 τὰ

408 3281 502 3348 rit,
533 3295 782 3350 quaenam
819 3294 849 3332 a
897 3279 1236 3346 Sospitatore
1257 3318 1270 3339 ,
1303 3291 1425 3345 qua:
1455 3277 1580 3330 item
1611 3291 1642 3329 a
1671 3274 1830 3329 Patre
1859 3276 1989 3330 den-

2095 3281 2370 3350 αἰτήματα
2397 3282 2504 3334 ἀπὸ
2529 3282 2622 3335 τοῦ
2654 3283 2885 3355 Πατρός·
2917 3285 3050 3336 ὅπου
3079 3284 3134 3336 δὲ
3162 3283 3332 3355 χωρὶς
3359 3283 3523 3353 εὐχῆς
3555 3299 3678 3335 ποι-

411 3382 521 3435 tur,
547 3388 673 3427 cum
711 3371 958 3442 quaedam
995 3385 1102 3423 non
1134 3386 1162 3424 a
1190 3368 1349 3433 Filio,
1374 3384 1560 3423 verum
1588 3368 1657 3422 ab
1680 3368 1796 3435 ipso
1829 3367 1990 3423 Patre

411 3467 528 3520 dari
564 3466 763 3519 videat.
813 3463 894 3516 An
931 3472 1114 3516 autem
1149 3461 1421 3531 ejusmodi
1454 3461 1732 3530 quidpiam
1770 3468 1824 3514 et
1870 3459 1987 3528 ipsa

408 3559 641 3614 doceant
674 3545 995 3626 Evangelia,
1035 3570 1157 3608 cum
1211 3569 1307 3624 pro
1339 3553 1614 3623 aliquibus
1647 3568 1991 3621 consequen-

408 3647 494 3702 dis
528 3646 819 3701 virtutibus
863 3654 1144 3715 rogantem
1178 3644 1520 3698 Servatorem
1549 3643 1874 3713 quandoque
1902 3658 1989 3698 re-

408 3747 755 3810 praesentant,
789 3747 850 3792 ut
880 3737 1153 3806 postulata
1194 3751 1292 3791 sua
1345 3752 1374 3790 a
1420 3735 1582 3790 Patre
1608 3745 1830 3802 exoret;
1873 3743 1986 3789 tum

407 3846 540 3887 vero
571 3832 779 3902 absque
818 3831 1072 3900 precibus
1117 3839 1362 3900 agentem
1387 3868 1402 3892 ,
1449 3827 1607 3898 quasi
1634 3828 1746 3898 jam
1790 3829 1843 3882 in
1893 3844 1990 3899 po-

2095 3369 2278 3431 οῦντα,
2306 3371 2381 3434 ὡς
2413 3372 2514 3444 ἤδη
2542 3372 2732 3442 ἔχοντα
2770 3377 2952 3427 ἐκεῖνα
3005 3375 3134 3448 περὶ
3181 3368 3257 3428 ὧν
3305 3374 3521 3444 ἠξίωτο,
3554 3369 3678 3424 τολ-

2100 3465 2274 3535 μηρὸν
2308 3465 2406 3536 μὲν
2438 3466 2688 3537 ζητῆσαι,
2717 3469 2865 3540 ὅμως
2887 3469 2940 3522 δὲ
2966 3470 2993 3521 ό
3027 3468 3324 3538 δυνάμενος
3349 3465 3485 3536 μετὰ
3514 3463 3673 3516 εὑλα-

2097 3557 2245 3615 ϐείας
2290 3558 2383 3610 καὶ
2438 3558 2608 3611 ταῦτα
2658 3559 2979 3625 ἐξεταζέτω.
3013 3561 3368 3632 Παραστῆσαι
3399 3557 3465 3621 δ’,
3498 3552 3676 3625 οἶμαι,

2097 3647 2420 3718 βουλόμενος
2445 3651 2511 3720 τῇ
2542 3652 2709 3722 μητρὶ
2738 3651 2847 3705 τῶν
2878 3652 3012 3705 υἱῶν
3041 3652 3324 3706 Ζεϐεδαίου
3353 3650 3448 3704 καὶ
3471 3649 3675 3710 αὐτοῖς,

2093 3741 2176 3793 ὅτι
2209 3742 2304 3794 καὶ
2329 3742 2540 3795 ἔλειπεν
2574 3743 2755 3807 αὐτοῖς
2777 3744 2914 3816 πρὸς
2941 3744 3001 3797 τὸ
3031 3743 3316 3798 τελειῶσαι
3362 3743 3432 3796 τὰ
3472 3744 3529 3794 ὲν
3580 3741 3679 3793 ἀν-

2098 3829 2336 3902 θρώποις
2365 3832 2582 3902 ἐφικτὰ,
2640 3835 2701 3886 οὑ
2757 3833 2827 3888 τὰ
2879 3835 3132 3906 τυχόντα,
3180 3833 3499 3906 ἀποκριθεὶς
3554 3827 3676 3885 εἶπε

1615 3939 1850 3997 VETUS
1885 3939 2465 4003 INTERPRETATIO.

413 4056 663 4112 homines
697 4053 979 4111 constituti
1012 4055 1312 4127 secundum
1345 4071 1662 4111 mensuram
1697 4071 1853 4127 suam
1888 4056 2147 4112 habentes
2177 4059 2365 4113 sedere
2390 4058 2458 4113 ad
2488 4059 2790 4127 dexteram,
2827 4060 2907 4116 vel
2942 4061 3008 4115 ad
3042 4059 3326 4115 sinistram
3378 4056 3583 4112 Christi
3616 4056 3673 4110 in

409 4128 748 4200 regnoejus,
782 4141 923 4195 quos
951 4126 1196 4200 restituet
1232 4128 1372 4200 Dens
1405 4141 1708 4200 cooperans
1727 4126 1830 4200 ci_s_,
1854 4138 1904 4200 et
1932 4142 2135 4196 parans
2168 4128 2339 4200 eisiut
2371 4131 2693 4200 appropient
2723 4126 3034 4186 eminentiae
3060 4131 3286 4185 Christi.
3315 4127 3418 4194 Qui
3445 4127 3668 4197 quidem

410 4195 727 4266 praecellunt
760 4212 873 4266 pra:
900 4196 1110 4276 caeteris
1144 4195 1712 4318 appropinquantibus
1746 4195 1987 4260 Christo,
2019 4207 2146 4252 sunt
2173 4213 2204 4252 a
2237 4195 2457 4255 dextris
2488 4195 2693 4254 Christi
2723 4220 2736 4255 :
2773 4201 3042 4267 videlicet,
3080 4200 3176 4271 qui
3231 4195 3476 4269 tangunt
3515 4212 3667 4263 eum,

410 4268 687 4318 coniuncti
723 4275 854 4318 sunt
881 4267 1084 4318 dextris
1115 4266 1288 4318 iusius
1364 4267 1480 4318 erbi
1509 4283 1523 4318 :
1552 4267 1644 4318 oui
1673 4274 1852 4318 autem
1889 4265 2180 4318 inferiores
2234 4279 2382 4318 sunt-
2419 4285 2449 4318 a
2481 4269 2720 4318 sinistris
2769 4271 2892 4318 eius
2938 4281 3086 4318 simi-
3145 4269 3432 4318 Dexteram
3488 4276 3667 4318 autem

408 4265 687 4335 conjuncti
723 4265 854 4320 sunt
881 4265 1084 4320 dextris
1115 4266 1288 4334 ipsius

1364 4265 1480 4320 erbi
1507 4283 1523 4339 _;
1552 4267 1646 4339 qui
1673 4274 1852 4320 autem
1889 4265 2180 4323 inferiores
2234 4279 2382 4334 sunt,
2419 4285 2450 4324 a
2481 4269 2720 4325 sinistris
2769 4271 2892 4339 ejus
2938 4265 3114 4326 suntf
3145 4265 3432 4324 Dexteram
3488 4276 3670 4339 autent

409 4337 536 4410 vide
559 4338 601 4392 si
641 4336 1128 4410 potesintelligere
1153 4336 1355 4390 Christi
1410 4336 1737 4410 invisibilem
1785 4347 2093 4410 creaturam
2140 4356 2152 4392 :
2192 4339 2471 4410 sinistram
2517 4349 2698 4394 autem
2755 4335 3027 4397 visibilem
3075 4352 3128 4396 et
3181 4335 3672 4410 corporalemiﬁt

409 4406 908 4485 C_l_i_ristus__quidem
941 4407 1198 4485 omnibus
1234 4415 1422 4476 regnat
1454 4425 1466 4459 :
1496 4407 2053 4485 _appr0anqtiantium
2087 4416 2270 4462 autem
2299 4410 2350 4462 ei
2384 4409 2607 4485 quidam
2659 4411 2906 4485 dextram
2940 4406 3299 4485 sortiuntur;
3319 4423 3374 4485 et
3415 4407 3674 4485 intelligi-

408 4477 537 4553 bilia
561 4493 576 4542 ;
604 4477 904 4553 aliiuautem
940 4475 1242 4553 sinistram,
1276 4475 1328 4553 et
1362 4477 1665 4553 sensibilia.
1707 4475 1771 4530 Et
1786 4475 1864 4530 ’ne
1893 4475 2672 4553 forte_verao_mater'filiorum
2706 4480 2976 4553 Zebedaei,
3007 4497 3147 4553 quos
3179 4479 3468 4550 appellavit
3521 4475 3666 4553 lilios

409 4546 638 4626 tonitrui
664 4545 939 4626 Christus,
977 4546 1344 4626 magniloquia
1383 4547 1497 4626 ipsa
1529 4545 1774 4601 indicans
1801 4563 1998 4617 magna
2029 4547 2098 4602 de
2132 4548 2259 4602 [iliis
2291 4549 2429 4614 suis,
2455 4548 2660 4626 Jacobo
2689 4561 2744 4605 et
2771 4545 3176 4616 Joanne,'nain
3215 4545 3285 4604 et
3318 4565 3445 4603 vere
3484 4548 3670 4615 magni

409 4624 612 4695 crant.:_
635 4623 690 4668 et
717 4616 1038 4694 existimans
1062 4629 1154 4670 eos
1180 4616 1353 4695 prima
1383 4616 1580 4695 habere
1612 4631 1778 4695 posse
1801 4616 1964 4684 super
1990 4630 2486 4695 omuem_naturam
2513 4621 2832 4695 humanam,
2857 4624 3017 4691 quasi
3041 4622 3134 4692 qui
3161 4629 3454 4695 potuerunt
3474 4631 3674 4687 capere

412 4685 844 4762 magniloquium
898 4684 1040 4751 ejus,
1077 4685 1341 4739 accedens
1381 4684 1554 4762 Deum
1601 4684 2058 4762 precabatu_r,_ut
2103 4688 2454 4762 confirmaret
2502 4706 2670 4744 unum
2721 4684 2940 4762 quidem
2986 4707 3016 4745 a
3059 4684 3298 4762 ilex-tris,
3350 4684 3582 4762 alterum
3623 4701 3672 4762 _a

413 4753 685 4836 sinistris.
711 4753 962 4836 Salvator
990 4764 1168 4836 autem
1221 4753 1624 4836 reprehendens
1671 4757 1834 4809 etiam
1889 4756 2205 4836 hujusmodi
2235 4753 2794 4836 magniloquentiam,
2823 4771 3052 4836 maligni
3101 4753 3293 4816 Jacobi
3347 4769 3400 4813 et
3438 4757 3672 4836 Joannis

413 4825 576 4895 quasi
613 4825 954 4905 ignorantem
981 4825 1075 4905 qui
1115 4832 1299 4879 essent
1331 4825 1742 4905 eminentiores,
1773 4825 2117 4905 etquoniam
2155 4825 2475 4905 hujusmodi
2507 4825 2712 4884 donum
2747 4825 2917 4886 solius
2954 4831 3044 4884 Dei
3066 4842 3148 4885 est
3176 4832 3269 4900 qui
3294 4844 3460 4899 super
3481 4827 3670 4905 omnia

410 4905 514 4963 est,
544 4895 935 4965 conspirantis,
971 4903 1021 4948 et
1054 4895 1419 4965 cooperantis,
1446 4904 1500 4951 et
1527 4895 1905 4951 conﬁrmantis
1930 4896 1987 4950 in
2012 4895 2324 4968 hujusmodi
2353 4902 2649 4955 eminentia
2678 4917 2820 4971 quos
2841 4903 3036 4956 viderit
3058 4895 3236 4971 aptos,
3265 4911 3321 4955 et
3353 4895 3474 4955 ideo
3489 4899 3627 4953 dixit
3651 4914 3667 4950 :

479 5010 522 5040 ³⁷
548 5007 736 5063 Matth.
765 5024 858 5074 xx,
881 5005 974 5073 22,
997 5008 1085 5064 25.

480 5127 591 5198 (54)
625 5128 742 5194 Οὓς
763 5128 1021 5184 ἐκάλεσε
1044 5127 1374 5198 Βοανεργὲς
1403 5131 1436 5181 ὀ
1479 5129 1703 5198 Σωτὴρ,
1733 5128 1767 5180 ὅ
1793 5128 1985 5196 ἐστιν,

408 5207 516 5252 etc.
547 5209 670 5259 wn
713 5207 821 5261 ιλιι,
858 5199 1024 5256 Marc.
1068 5216 1161 5261 ιιι,
1202 5199 1290 5265 Π,
1335 5215 1365 5252 a
1407 5207 1565 5268 tau-1,
1616 5219 1634 5252 i
1682 5199 1983 5255 tumultua-

409 5279 499 5324 tus
523 5280 624 5336 est,
655 5289 674 5322 ι
701 5286 823 5340 quae
851 5286 953 5325 vox
976 5270 1206 5325 Arabice
1233 5279 1392 5323 sonat
1419 5287 1450 5326 :.
1468 5288 1487 5320 ι
1516 5271 1690 5326 valide
1713 5270 1889 5340 tonuit
1913 5286 1926 5321 :
1958 5291 1978 5324 ι

448 5341 670 5394 reducta
702 5339 897 5406 nempe
931 5343 997 5396 ad
1050 5340 1284 5409 Speciem
1339 5341 1552 5402 generis
1598 5339 1977 5409 appellatione.

448 5354 670 5394 rouucta
702 5356 897 5406 nempe
931 5354 997 5396 ad
1050 5355 1284 5409 specnem
1339 5354 1552 5402 generis
1598 5359 1626 5395 a
1670 5354 1977 5409 peuauone.

406 5354 670 5481 grigeues
702 5413 891 5467 homil.
937 5413 960 5464 l
1004 5413 1057 5465 iu
1092 5409 1280 5464 Cenes.
1318 5410 1536 5478 scripsit
1571 5430 1589 5461 ι
1625 5358 1918 5480 Kanerges,
1957 5429 1975 5463 ι

408 5483 552 5538 quod
614 5485 788 5538 magis
836 5483 902 5537 ad
955 5480 1242 5536 llebrazum
1303 5480 1543 5538 accedit;
1599 5483 1693 5536 sed
1744 5477 1982 5535 fortasse

408 5497 552 5566 quod
614 5497 788 5562 magis
836 5497 902 5537 au
955 5497 1242 5536 Hebraeum
1303 5497 1543 5562 accepre;
1599 5497 1693 5536 seu
1744 5497 1980 5562 iortasse

407 5551 626 5619 (saldaza
652 5553 916 5607 dialectus
952 5561 1153 5606 rectam
1190 5559 1687 5618 pronuntiationem
1718 5559 1980 5619 corrupit.

407 5618 582 5692 Aliam
624 5623 907 5692 profitetur
952 5621 1277 5692 sententiam
1321 5620 1683 5692 Hieronymus
1735 5618 1977 5692 inopen.

411 5703 462 5760 ι,
488 5688 517 5739 7
545 5688 765 5760 :rc’Filii
796 5690 1062 5757 Zebcdaai,
1093 5691 1290 5760 inquit,
1321 5688 1568 5759 appellati
1617 5703 1745 5746 sunt
1772 5689 1868 5743 ﬁlii
1901 5701 1984 5744 to-

410 5758 598 5829 nitrui,
627 5762 770 5827 quod
799 5777 908 5814 non
934 5775 993 5815 ut
1023 5758 1266 5829 plerique
1295 5758 1486 5828 putant
1518 5761 1848 5829 Boanerges,
1882 5761 1980 5813 sed

410 5778 598 5820 nurui,
627 5778 770 5827 quou
799 5778 908 5814 non
934 5778 993 5815 ιιι
1061 5778 1266 5828 Iertque
1295 5778 1486 5828 pntant
1518 5778 1848 5829 noanerges,
1882 5778 1976 5813 seu

409 5828 750 5885 emendatius
786 5829 984 5901 legitur
1017 5778 1382 5899 generabant;
1415 5850 1431 5882 ι
1468 5832 1517 5887 id
1568 5841 1672 5896 est,
1712 5840 1836 5895 mh
1867 5838 1976 5889 ’13.

2093 5132 2237 5187 Idem
2270 5135 2460 5203 repetit
2483 5136 2621 5191 libro
2648 5137 2724 5190 De
2748 5137 3044 5191 nominibus
3070 5135 3368 5191 Hebraicis.
3397 5135 3665 5191 Hunnus.

2165 5203 2275 5274 (55)
2320 5205 2412 5270 Ὡς
2440 5207 2844 5277 ,χωρήσαντας
2881 5208 2996 5277 τὴν
3037 5205 3668 5277 μεγαλοφίιηοίαν.-Ι³ιι-

2089 5289 2212 5328 rum
2265 5276 2617 5343 probabiliter
2664 5278 2868 5332 dixisse
2929 5274 3330 5332 Nazianzeuum
3390 5279 3465 5331 ait
3523 5274 3667 5331 Beza

2087 5344 2287 5415 Adnot.
2321 5346 2453 5415 niaj.
2498 5347 2550 5399 in
2595 5346 2763 5401 Marc.
2810 5365 2891 5410 ιιι,
2925 5349 3013 5411 17,
3055 5349 3124 5400 ita
3159 5357 3381 5403 vocatos
3414 5346 3665 5401 Zcbeda’i

2088 5414 2229 5496 filios
2254 5414 2343 5496 διὰ
2378 5417 2804 5496 μεγαλοφωνίαν.
2845 5419 2913 5472 At
2949 5433 3123 5487 neque
3153 5420 3220 5496 de
3268 5423 3430 5473 rebus
3461 5417 3665 5473 divinis

2086 5484 2660 5542 sublimiusdiSseruit
2681 5490 2968 5557 quisquam
2995 5484 3157 5557 quam
3181 5486 3450 5555 Joannes;
3484 5501 3662 5555 neque

2087 5560 2332 5625 apertius
2376 5559 2636 5627 majorive
2700 5561 2884 5612 animo
2946 5557 3148 5612 Christi
3201 5575 3424 5614 causam
3483 5557 3662 5626 egisse

2086 5629 2801 5699 apostolorumrquempiam
2843 5628 3133 5699 vei-isimile
3162 5639 3265 5699 est,
3303 5645 3467 5699 quan.
3501 5627 3663 5699 Jaco-

2086 5695 2236 5759 bum,
2267 5699 2358 5767 qui
2399 5695 2608 5767 primus
2647 5695 2789 5752 inter
2840 5698 3115 5768 apostolos
3159 5695 3487 5754 Christianae
3534 5696 3662 5752 reli-

2087 5768 2263 5836 gionis
2301 5768 2649 5824 fumlameuta
2687 5771 2952 5838 sanguine
2982 5785 3083 5823 suo
3111 5769 3364 5826 tirmavit.
3403 5770 3478 5824 In.
