4086 6484
382 423 523 483 ἴδε]
1314 426 1670 484 ΕΟΜΜΕΝΤ.
1714 425 1782 482 IN
1824 425 1965 482 MAT

2069 426 2238 485 ASUM
2278 429 2521 486 TOMUS
2558 427 2696 485 XVI.
3517 429 3654 490 15εὲ

383 545 536 617 μετὰ
558 545 638 600 τό·
680 563 700 598 ι
737 546 850 601 οὐκ
880 545 1053 600 οἴδατε
1087 544 1140 599 τί
1196 545 1451 607 αἰτεῖσθε,
1478 565 1498 597 ι
1548 544 1633 598 τό·
1692 544 1965 598 «Δύνασθε

2074 554 2267 601 testate
2297 563 2396 601 sua
2428 547 2737 613 habentem,
2765 560 2889 617 qua:
2918 545 2988 602 ab
3019 546 3137 617 ipso
3163 547 3327 618 petita
3371 556 3520 614 sunt,
3552 563 3662 604 aty-

382 640 540 691 πιεῐν
570 638 634 691 τὸ
682 639 961 710 ποτήριον,
992 639 1021 691 ὃ
1052 637 1165 706 ἐγὼ
1204 637 1381 708 μέλλω
1426 638 1640 703 πίνειν;
1670 657 1689 690 ι
1728 638 1784 709 ἢ,
1823 638 1899 701 ὡς
1940 639 1965 690 ό

2074 638 2178 692 dax
2224 640 2443 709 quidem
2476 649 2562 694 est
2594 641 2957 710 perscrutari;
3011 649 3250 695 attamen
3294 641 3409 696 ha:c
3437 653 3660 711 quoque

380 731 621 802 Μάρκος
654 731 950 803 ἀνέγραψεο
1014 749 1033 782 ι
1055 729 1295 784 Δύνασθε
1337 731 1399 783 τὸ
1444 733 1704 802 ποτήριον
1738 733 1900 796 πιεῖν,
1940 731 1965 784 δ

2075 744 2200 783 cum
2234 731 2536 784 reverentia
2569 730 2878 798 disquirat,
2925 730 3012 784 cui
3058 729 3289 787 facultas
3327 733 3451 787 erit.
3494 730 3655 786 Matri

376 820 507 890 ἐγὼ
532 822 692 887 πίνω,
718 822 833 893 ἢτὸ
862 822 1144 895 βάπτισμα
1189 821 1218 876 ὃ
1249 822 1358 891 ἐγὼ
1390 821 1742 893 βαπτίζομαι,
1772 821 1965 892 βαπτι-

2078 832 2282 887 autem,
2313 824 2527 892 Opinor,
2561 823 2796 878 filiorum
2831 823 3093 888 Zebedaei,
3130 824 3375 895 ipsisque
3403 826 3538 881 adeo
3568 826 3663 881 de-

385 913 621 983 σθῆναις
654 933 672 966 ι
2076 914 2286 969 clarare
2313 915 2502 970 volens
2528 915 2787 970 nonnulla
2819 915 2953 984 ipsis
2985 916 3164 972 adhuc
3188 916 3414 983 deesse,
3450 925 3510 970 ut
3542 931 3655 974 non

381 1005 462 1059 ad
521 1005 845 1061 mediocrem
894 1002 1241 1072 perfectionis
1306 1003 1572 1074 gradum,
1638 1001 1732 1057 sed
1792 1000 1858 1055 ad
1916 1016 2228 1069 summum,
2291 1017 2453 1073 quem
2507 1002 2726 1073 quidem
2798 1002 3046 1058 homines
3118 992 3335 1075 assequi
3388 1016 3655 1074 possunt,

376 1097 757 1166 pervenirent,
789 1106 913 1166 post
959 1097 1073 1152 haec
1100 1096 1330 1153 verba“
1357 1113 1371 1150 :
1402 1095 1675 1151 «Nescitis
1725 1094 1856 1163 quid
1901 1095 2134 1163 petatis,
2168 1113 2188 1147 ι
2241 1094 2293 1149 id
2350 1095 2601 1165 responsi
2667 1094 2904 1165 adjecit:
2949 1113 2969 1146 ι
2999 1093 3236 1150 Potestis
3287 1096 3471 1150 bibere
3525 1097 3659 1152 cali-

380 1207 542 1258 cem,
574 1206 735 1261 quem
761 1206 862 1261 ego
890 1191 1162 1247 bibiturus
1198 1192 1364 1246 sum?
1393 1209 1411 1242 ι
1445 1190 1528 1243 vel
1560 1190 1633 1243 ita
1662 1198 1721 1244 ut
1751 1188 1967 1258 scripsit
2006 1188 2222 1245 Marcus
2238 1190 2282 1222 ”
2304 1206 2318 1242 :
2342 1208 2361 1241 ι
2398 1189 2633 1246 Potestis
2662 1190 2850 1246 bibere
2887 1190 3113 1245 calicem
3153 1205 3314 1260 quem
3358 1206 3459 1262 ego
3491 1192 3652 1261 bibo;

373 1291 489 1337 aut
514 1283 805 1353 baptismo,
830 1297 938 1353 quo
969 1297 1071 1352 ego
1098 1282 1364 1352 baptizor,
1396 1280 1698 1350 baptizari?
1732 1298 1751 1330 ι

462 1376 577 1430 Καὶ
605 1377 663 1429 ὲν
691 1374 902 1440 τούτοις
940 1393 1000 1430 τε
1028 1375 1254 1449 ζητήσει
1279 1392 1363 1440 τις
1389 1375 1443 1430 τί
1471 1375 1532 1430 τὸ
1562 1375 1841 1446 ποτήριον,
1877 1374 1971 1427 καὶ

375 1467 443 1521 τί
474 1465 537 1521 τὸ
581 1465 882 1539 βάπτισμα,
906 1466 981 1532 ὡς
1007 1466 1170 1540 ἕτερα
1194 1467 1457 1540 ἀλλήλων,
1485 1467 1581 1521 καὶ
1625 1466 1851 1536 δεόμενα
1906 1464 1969 1517 οὐ

380 1559 492 1629 τῆς
542 1557 810 1629 τυχούσης
856 1557 1156 1630 δυνάμεως,
1195 1560 1294 1631 τῆς
1341 1559 1438 1613 τοῦ
1499 1557 1782 1627 πιομένου,
1812 1554 1967 1627 ἢτοῦ

384 1651 920 1722 βαπτισθησομένου,
947 1650 1042 1704 καὶ
1063 1649 1319 1721 πιομένου
1351 1650 1453 1705 οὐκ
1481 1648 1609 1702 ἄλλο
1634 1648 1892 1719 ποτήριον
1932 1646 1966 1717 ἢ

378 1742 414 1796 ὃ
444 1742 635 1814 ἔμελλε
659 1743 831 1797 πίνειν
855 1744 885 1795 ό
925 1741 1151 1815 Ἰησοῦς,
1176 1740 1679 1812 βαπτισθησομένου
1711 1756 1771 1792 τε
1799 1755 1971 1811 παρα-

383 1833 637 1903 πλησίως
669 1832 982 1905 βάπτισμα,
1027 1833 1057 1886 δ
1109 1833 1273 1896 αὐτὸς
1321 1831 1513 1902 ἔμελλε
1555 1828 1912 1903 βαπτίζεσθαι
1938 1830 1968 1882 ὁ

2147 1369 2201 1424 6.
2243 1370 2420 1438 Atque
2466 1368 2572 1425 hoc
2621 1369 2839 1439 quidem
2895 1370 3018 1424 loco
3064 1369 3377 1437 quaesiverit
3417 1371 3653 1440 aliquis,

2075 1461 2208 1531 quid
2236 1460 2308 1516 sit
2343 1461 2508 1524 calix,
2537 1460 2667 1531 quid
2701 1461 2990 1530 baptisma,
3018 1459 3174 1530 quasi
3199 1460 3414 1516 diversa
3440 1462 3550 1517 sint
3580 1462 3650 1517 ab

2077 1551 2306 1606 invicem
2331 1591 2346 1616 ,
2391 1566 2493 1605 nec
2524 1551 2853 1605 mediocrem
2886 1550 3144 1605 virtutem
3174 1551 3490 1619 requirant,
3530 1567 3651 1606 eam

2076 1639 2284 1695 scilicet
2309 1655 2415 1710 qua
2446 1639 2669 1709 pollebit
2692 1640 2787 1709 qui
2813 1640 3087 1695 bibiturus
3115 1649 3220 1708 est,
3245 1642 3329 1696 vel
3362 1643 3457 1713 qui
3483 1642 3660 1713 bapti-

2076 1734 2285 1788 zandus
2318 1742 2425 1798 est,
2457 1741 2510 1786 et
2537 1732 2629 1802 qui
2657 1733 2929 1788 bibiturus
2954 1743 3039 1790 est
3060 1749 3168 1789 non
3199 1735 3366 1789 alium
3401 1736 3654 1808 calicem,

2075 1840 2239 1897 quam
2273 1840 2436 1895 quem
2474 1824 2745 1879 bibiturus
2775 1833 2890 1878 crat
2923 1822 3104 1892 Jesus,
3138 1825 3341 1896 quique
3372 1828 3657 1897 baptizan-

380 1923 616 1993 Κύριος.
652 1923 716 1976 Οἱ
739 1904 924 1976 πολλοὶ
964 1923 1062 1995 μὲν
1088 1918 1180 1977 οῦν
1222 1922 1291 1976 τὰ
1319 1922 1606 1995 ἀμφότερα
1637 1920 1862 1989 ἄγουσιν
1889 1922 1965 1983 είς

2071 1917 2176 1971 dus
2218 1925 2302 1971 est
2342 1917 2535 1971 eodem
2587 1914 2699 1970 fere
2747 1916 3105 1985 baptismate,
3144 1932 3255 1987 quo
3295 1919 3650 1987 baptizandus

376 2012 489 2085 τὴν
521 2011 661 2067 κατὰ
697 2012 757 2065 τὸ
809 2011 1107 2085 μαρτύριον
1160 2012 1489 2084 οἰκονομίαν,
1518 2013 1577 2066 οὐ
1610 2011 1970 2085 παριστάντες

369 2102 514 2157 οὔτε
540 2105 588 2157 εί
619 2103 712 2157 δύο
740 2106 982 2169 ἐπινοίας
1005 2104 1117 2176 ἔχει
1142 2105 1476 2178 δηλουμένας
1499 2105 1588 2159 διὰ
1616 2093 1726 2160 τῶν
1741 2105 1834 2159 δύο
1857 2105 1973 2158 ὀνο-

384 2194 582 2265 μάτων
615 2196 673 2247 ὲν
703 2198 770 2267 τῇ
806 2196 1100 2250 ὑποστάσει
1132 2196 1527 2267 τυγχανόντων,
1572 2194 1682 2249 οὔτ’
1714 2197 1762 2249 εἰ
1813 2195 1973 2249 δύνα-

368 2302 481 2339 νται
508 2284 603 2339 καὶ
628 2284 721 2339 δύο
740 2284 1028 2358 δηλοῦσθαι
1055 2290 1114 2341 ὲν
1150 2286 1371 2352 τούτοις
1414 2289 1736 2361 πράγματα.
1779 2288 1970 2358 Ἡμεῖς

372 2371 444 2422 δὲ
476 2371 578 2425 οὐκ
605 2373 1079 2447 ἀποδοκιμάζομεν
1105 2376 1204 2448 μὲν
1245 2377 1339 2431 καὶ
1365 2377 1569 2448 ταύτην
1592 2377 1691 2448 τὴν
1724 2376 1968 2449 ἐκδοχὴν,

365 2463 687 2535 ὲφίσταμεν
743 2465 802 2519 δὲ
852 2468 900 2520 εί
933 2465 1156 2521 δύναται
1187 2469 1280 2522 καλ⁸
1325 2469 1455 2525 ἄλλο
1498 2486 1550 2522 τι
1597 2469 1789 2541 δηλοῦν
1820 2471 1972 2542 παρὰ

375 2552 558 2608 ταῦτα
580 2554 651 2609 τὰ
697 2555 792 2609 δύο
840 2556 1099 2628 ὀνόματα.
1142 2560 1252 2613 Καὶ
1294 2561 1417 2615 ἐπεὶ
1468 2561 1603 2615 πολύ
1647 2565 1763 2615 ἐστι
1793 2563 1854 2615 τὸ
1875 2563 1970 2616 νῦν

379 2644 630 2716 ἀκριϐῶς
662 2646 938 2701 διαλαϐεῖν
962 2649 1090 2721 περὶ
1118 2650 1321 2713 αὐτῶν,
1381 2650 1539 2720 ὀλίγα
1570 2653 1651 2715 είς
1680 2651 1743 2706 τὸ
1778 2653 1970 2724 στῆναι

374 2734 457 2789 τὰ
491 2737 864 2809 ἐμφαινόμενα
909 2741 1043 2811 ἡμῖν
1075 2742 1502 2813 παραστήσομεν
1532 2743 1613 2805 είς
1638 2743 1731 2796 τὸν
1782 2744 1965 2797 τόπον⁹

365 2828 482 2883 καὶ
506 2829 586 2894 είς
605 2830 703 2900 μὲν
718 2829 778 2883 τὸ
795 2829 1083 2901 δηλοῦσθαι
1100 2832 1212 2903 (56)
1242 2832 1300 2885 ἐν
1328 2831 1537 2898 τούτοις
1556 2831 1617 2886 τὺ
1648 2833 1966 2906 μαρτύριον,

366 2916 447 2969 πού
477 2918 623 2991 μόνῳ
648 2921 907 2992 χρήσεταί
928 2939 1013 2985 τις
1032 2920 1129 2992 τῷ·
1173 2941 1191 2973 ι
1215 2922 1419 2996 Πάτερ,
1451 2926 1499 2977 εί
1521 2923 1765 2988 δυνατὸν,
1800 2925 1971 2995 παρέ-

374 3027 547 3081 νεγκε
582 3012 744 3066 τοῦτο
779 3012 842 3066 τὸ
869 3015 1126 3085 ποτήριον
1174 3014 1269 3067 ἀπ’
1291 3015 1424 3085 ἐμοῦ
1461 3015 1626 3087 (57),›
1668 3017 1744 3080 ὡς
1780 3018 1971 3072 ἐπιπό-

386 3121 490 3167 νως
515 3104 801 3175 πινόμενον
832 3105 937 3158 ὑπὸ
955 3105 1049 3158 τοῦ
1080 3107 1477 3178 ἀναδεχομένου
1496 3109 1623 3172 τοὺς
1647 3111 1705 3161 ὲν
1728 3109 1806 3181 τῷ
1830 3127 1969 3183 μαρ-

376 3195 555 3267 τυρίῳ
591 3195 827 3264 ἀγῶνας,
851 3196 955 3260 ἕως
980 3214 1064 3261 τις
1093 3198 1257 3270 ἐκπίῃ
1284 3199 1584 3271 ὑπομείνας
1605 3200 1672 3253 τὰ
1700 3204 1840 3256 κατὰ
1872 3203 1965 3257 τὸν

364 3289 442 3341 ’ὲν
470 3286 550 3357 τῷ
575 3290 859 3360 μαρτυρίῳ
896 3290 1203 3361 πειρασμὸν
1248 3290 1426 3344 πάντα
1460 3291 1531 3346 τὰ
1575 3294 1964 3364 προσαγόμενα

374 3380 553 3453 αὐτῷ·
597 3381 732 3435 ἀλλὰ
766 3383 859 3436 καὶ
908 3383 986 3454 τῷ
1035 3386 1094 3438 ὲν
1128 3383 1227 3457 ριε¹
1275 3383 1476 3456 ψαλμῴ
1520 3385 1813 3457 εἰρημένῳ·
1850 3407 1868 3439 ι
1898 3388 1963 3441 Τί

373 3470 747 3527 ᾱνταποδώσω
767 3473 845 3545 τῷ
871 3475 1061 3546 Κυρίῳ
1092 3475 1220 3547 περὶ
1263 3474 1481 3528 πάντων
1513 3468 1588 3528 ὧν
1612 3475 1964 3531 άνταπέδωκέ

377 3581 504 3638 μοι;
539 3567 808 3639 Ποτήριον
841 3569 1109 3640 σωτηρίου
1142 3569 1381 3642 λήψομαι
1403 3570 1516 3636 καὶ,
1552 3569 1613 3623 τὸ
1641 3571 1810 3641 ὄνομα
1846 3570 1960 3622 Κυ-

376 3655 502 3726 ρίου
542 3657 959 3730 ὲπικαλέσομαι.
1003 3658 1114 3722 Τὰς
1136 3658 1302 3729 εὐχάς
1338 3675 1439 3729 μου
1478 3658 1554 3729 τῷ
1593 3659 1782 3729 Κυρίῳ
1818 3660 1957 3711 ἀπο-

364 3745 535 3800 δώσω
566 3746 808 3800 ἐναντίον
835 3747 1037 3811 παντὸς
1064 3746 1159 3801 τοῦ
1182 3748 1312 3803 λαοῦ
1344 3747 1531 3802 αὐτοῦ.
1566 3749 1760 3819 Τίμιος
1806 3750 1949 3801 ὲναν-

370 3836 493 3891 τίον
520 3837 728 3908 Κυρίου
753 3840 781 3891 ὁ
814 3837 1042 3902 Θάνατος
1074 3836 1184 3890 τῶν
1212 3837 1373 3891 ὁσίων
1409 3837 1630 3891 αὐτοῦ’»
1672 3838 1824 3890 οὐδὲν
1849 3837 1960 3908 γὰρ

366 3926 650 3996 δυνάμεθα
681 3926 862 3980 πλεῖον
892 3925 1178 3981 ἀποδοῦναι
1205 3927 1282 3998 τῷ
1310 3928 1500 3999 Κυρίῳ
1530 3929 1616 3997 ἐφ’
1633 3922 1715 3992 οἷς
1740 3928 1960 3995 εὐεργε-

372 4015 650 4088 τήθημεν,
686 4017 720 4088 ἢ
752 4016 815 4070 τὺ
841 4016 934 4070 τοῦ
959 4018 1228 4087 σωτηρίου
1262 4019 1520 4089 ποτήριον
1544 4016 1839 4089 προθύμως
1867 4018 1962 4071 λα-

374 4107 518 4173 Salv,
543 4107 638 4162 καὶ
671 4109 1095 4164 ἐπικαλέσασθαι
1125 4108 1187 4163 τὸ
1227 4109 1319 4163 τοῦ
1347 4108 1553 4179 Κυρίου
1584 4109 1754 4181 δνομα
1795 4111 1875 4173 είς
1898 4109 1960 4162 τὸ

372 4201 525 4252 πιεῖν
553 4200 703 4254 αὑτό·
736 4200 795 4252 ὲν
895 4199 1241 4271 ὲκπινομένῳ
1278 4197 1572 4252 ἀποδίδωσί
1611 4215 1693 4262 τις
1721 4197 1819 4261 τὰς
1870 4200 1959 4252 εὐ-

2070 2017 2189 2064 erat
2237 2007 2522 2063 Dominus.
2571 2005 2798 2061 Plurimi
2838 2023 2970 2062 sane
2999 2009 3065 2063 ad
3093 2009 3411 2079 martyrium
3439 2020 3651 2064 utrum-

2071 2115 2177 2169 que
2226 2098 2509 2165 referunt,
2556 2100 2703 2154 haud
2738 2099 2877 2154 satis
2918 2099 3295 2170 signiﬁcantes
3328 2118 3395 2157 an
3435 2101 3652 2157 duobus

2070 2187 2415 2253 nominibus,
2452 2204 2574 2258 quae
2606 2197 2805 2243 natura
2843 2188 3063 2257 quidem
3099 2206 3270 2245 unum
3300 2200 3458 2258 sunt,
3491 2193 3652 2247 exhi-

2070 2278 2212 2333 bitas
2245 2279 2385 2334 duas
2432 2279 2861 2350 signiﬁcationes
2887 2280 3193 2341 contineat.
3225 2291 3279 2336 et
3310 2298 3378 2337 an
3406 2283 3528 2338 dua:
3565 2299 3655 2340 res

2071 2368 2180 2423 illis
2203 2370 2433 2439 exprimi
2468 2371 2699 2441 possint.
2727 2369 2839 2427 Nos
2866 2373 3033 2443 718
3054 2374 3272 2443 quidem
3310 2376 3452 2431 hanc
3484 2376 3651 2429 inter»

2071 2462 2425 2530 pretationem
2474 2462 2700 2517 minime
2746 2463 3063 2534 rejicimus,
3113 2478 3168 2521 at
3216 2474 3397 2522 utrum
3446 2469 3651 2538 aliquid

2071 2561 2265 2620 praeter
2290 2553 2407 2608 haec
2431 2553 2542 2608 duo
2575 2554 2841 2608 voeabula
2871 2556 3177 2625 signiﬁcet,
3213 2558 3554 2626 dispicitnus.
3583 2559 3652 2613 Et

2070 2643 2332 2711 quoniam
2374 2643 2440 2698 de
2487 2643 2558 2699 iis
2600 2661 2747 2701 nunc
2797 2657 3051 2703 accurate
3100 2649 3378 2716 disputare
3422 2649 3648 2702 nimium

2069 2741 2186 2800 est,
2230 2734 2462 2802 paucula
2497 2736 2746 2804 quaedam
2796 2737 2848 2792 in
2902 2737 3048 2794 hunc
3076 2740 3255 2794 locum
3287 2739 3649 2810 proferemus,

2069 2840 2179 2895 quo
2210 2826 2493 2880 sententiae
2525 2834 2727 2882 nostrae
2775 2827 2943 2882 robur
2995 2830 3255 2894 accedat;
3305 2845 3370 2885 ac
3405 2841 3462 2885 ut
3498 2848 3648 2885 mar—-

2070 2918 2271 2988 ty‘rium
2304 2916 2391 2971 his
2416 2917 2712 2985 signiﬁcari
2744 2920 3026 2988 probetur,
3082 2937 3187 2975 non
3222 2937 3288 2977 eo
3317 2924 3492 2978 solum
3528 2924 3651 2979 loco

2070 3017 2255 3061 utetur
2278 3007 2478 3078 aliquis
2504 3024 2517 3060 :
2554 3025 2573 3058 ι
2602 3007 2785 3075 Pater,
2817 3009 2864 3063 si
2893 3010 3159 3079 possibile
3181 3021 3284 3076 est,
3335 3012 3573 3068 transfer
3612 3029 3643 3068 a

2069 3114 2156 3154 me
2188 3099 2412 3155 calicem
2440 3101 2588 3154 hunc
2604 3099 2670 3166 ⁸ο,
2696 3119 2716 3153 ι
2747 3101 2903 3170 quasi
2928 3117 3070 3172 aegre
3089 3111 3143 3157 et
3164 3119 3271 3158 non
3301 3106 3420 3158 sine
3448 3105 3651 3159 labori-

2070 3190 2173 3247 bus
2198 3207 2262 3248 ac
2289 3193 2552 3247 aerumnis
2602 3193 2672 3247 ab
2714 3208 2781 3248 eo
2824 3194 3078 3248 ebibatur
3109 3194 3205 3265 qui
3236 3197 3480 3268 martyrii
3510 3196 3651 3251 diﬁi-

2071 3284 2302 3338 cultates
2328 3298 2394 3339 ac
2424 3292 2695 3339 tormenta
2723 3285 2958 3354 patitur;
2992 3287 3249 3343 omnibus
3284 3287 3458 3343 donec
3494 3289 3646 3344 illum

2071 3373 2255 3427 ebibat
2308 3373 2571 3441 toleratis,
2607 3389 2730 3443 quae
2758 3379 2811 3427 in
2845 3375 3090 3446 martyrii
3122 3377 3517 3446 periclitatione
3544 3379 3649 3434 sibi

2069 3463 2413 3531 inferuntur;
2443 3481 2633 3520 verum
2668 3475 2722 3519 ct
2752 3466 2869 3532 illo,
2903 3470 2997 3535 qui
3029 3468 3082 3520 in
3114 3468 3326 3535 psalmo
3350 3471 3649 3526 centesimo

2067 3553 2280 3608 decimo
2307 3554 2499 3623 quinto
2532 3554 2803 3609 exstat“:
2838 3572 2858 3606 ι
2888 3553 3028 3621 Quid
3075 3557 3370 3615 retribuam
3415 3558 3649 3614 Domino

2066 3659 2166 3714 pro
2192 3645 2448 3699 omnibus
2480 3661 2603 3714 qua:
2628 3644 2878 3700 retribuit
2922 3646 3098 3700 mihi?
3120 3646 3354 3702 Calicem
3389 3648 3647 3705 salutaris

2067 3735 2353 3805 accipiam,
2373 3745 2427 3790 et
2456 3752 2654 3790 nomen
2684 3735 2901 3790 Domini
2939 3736 3223 3793 invocabo.
3251 3737 3386 3795 Vota
3411 3739 3644 3798 Domino

2066 3825 2288 3879 reddam
2318 3840 2503 3880 coram
2537 3828 2687 3881 omni
2714 3829 2915 3897 populo
2942 3830 3085 3898 ejus.
3133 3828 3378 3886 Pretiosa
3418 3831 3471 3885 in
3506 3846 3642 3888 con-

2068 3924 2252 3983 spcctu
2277 3913 2490 3969 Domini
2524 3932 2673 3972 mors
2704 3930 3018 3974 sanctorum
3049 3919 3189 3988 ejus.
3223 3939 3242 3973 ι
3266 3919 3377 3976 Nec
3406 3922 3643 3993 amplius

2066 4005 2212 4059 enim
2252 4006 2551 4076 quidquam
2582 4006 2695 4062 Deo
2728 4025 2824 4079 pro
2854 4010 3112 4066 omnibus
3149 4013 3219 4067 ab
3246 4028 3312 4070 eo
3339 4014 3551 4070 collatis
3584 4014 3641 4070 in

2067 4110 2169 4150 nos
2203 4096 2483 4152 beneﬁciis
2508 4098 2735 4155 reddere
2763 4115 3081 4170 possumus,
3112 4118 3275 4173 quam
3302 4104 3524 4160 calicem
3554 4120 3643 4160 sa-

2064 4185 2257 4241 lutaris
2283 4199 2535 4259 prompto
2567 4193 2754 4247 animo
2781 4192 3048 4261 accipere,
3078 4193 3145 4248 ad
3177 4208 3413 4264 eumque
3431 4194 3640 4250 exhau-

368 4290 481 4363 χὰς
527 4291 695 4345 αὑτοῦ
735 4291 919 4355 πάσας
967 4291 1046 4363 τῷ
1087 4292 1279 4363 Κυρίῳ
1322 4289 1561 4344 ἐναντίον
1619 4290 1820 4355 παντὸς
1859 4289 1954 4344 τοῦ

2069 4287 2313 4343 riendunt
2347 4305 2544 4344 nomen
2585 4288 2801 4347 Domini
2831 4291 3114 4359 invocare;
3145 4306 3307 4362 quem
3343 4291 3473 4347 dum
3501 4293 3641 4352 bibit

1586 4401 1817 4459 VETUS
1856 4399 2440 4457 lNTERPltET-ATIO.

376 4517 398 4551 ι
421 4496 667 4555 Nescitis
690 4499 818 4569 quid
850 4504 1064 4568 petatis.
1096 4499 1298 4555 Sedere
1325 4507 1506 4554 autem
1537 4514 1754 4554 mecum
1786 4513 1895 4553 non
1929 4506 2015 4569 est
2039 4512 2223 4569 meum
2252 4497 2384 4569 dare
2412 4496 2584 4562 vobis,
2617 4495 2710 4569 sed
2743 4495 2945 4569 quibus
2993 4509 3240 4566 paratum
3286 4507 3370 4554 est
3401 4514 3431 4553 a
3471 4497 3634 4557 Patre

368 4583 533 4639 meo.
556 4587 575 4620 ι
613 4566 863 4623 Arbitror
888 4582 1067 4624 autem
1097 4571 1243 4639 quod
1276 4570 1462 4624 volens
1493 4569 1783 4624 ostendere
1809 4569 1970 4639 matri
1998 4567 2235 4623 ﬁliorum
2284 4567 2552 4639 Zebedaei,
2588 4576 2659 4639 et
2690 4566 2824 4635 ipsis
2849 4608 2864 4632 ,
2909 4569 3173 4639 quoniam
3221 4570 3409 4639 adhuc
3453 4573 3636 4625 minus

367 4637 654 4709 habebant
687 4639 755 4693 de
780 4637 1127 4709 perfectione
1134 4655 1304 4709 quam
1335 4639 1586 4693 homines
1617 4647 1850 4709 possunt
1882 4637 2084 4692 habere
2115 4654 2223 4693 non
2254 4638 2577 4709 mediocres,
2613 4637 2733 4709 ideo
2766 4637 3046 4709 respondit
3071 4645 3358 4709 postquam
3381 4637 3630 4694 dixerat:

367 4727 393 4760 ί
423 4705 672 4779 Nescitis
700 4705 828 4777 quid
866 4710 1097 4779 petatis:
1131 4705 1839 4779 Potestiscalicent—bibge
1868 4722 2032 4778 quem
2081 4723 2184 4779 ego
2232 4707 2506 4779 bibiturus
2551 4723 2679 4779 sum
2692 4706 2724 4779 7?
2754 4714 2851 4779 aut
2886 4705 3158 4779 baptismo

3246 4711 3473 4779 aptizari
3521 4725 3633 4779 quo

363 4791 481 4847 ego
508 4775 802 4849 baptiror?
827 4797 846 4830 ι
867 4775 1140 4849 Ἢεηίιιυθ
1183 4794 1309 4834 cum
1344 4778 1660 4849 dixissent:
1699 4795 1717 4828 ι
1747 4775 2074 4849 Possumus,
2108 4775 2140 4828 i'
2167 4793 2275 4832 non
2327 4778 2399 4831 ita
2428 4777 2749 4849 respondit»
2780 4775 3033 4849 Christus
3072 4794 3085 4830 :
3124 4775 3362 4837 Calicem
3412 4775 3631 4849 quidem

368 4844 785 4918 meum'bibere
818 4844 1077 4918 potestis;
1114 4850 1207 4903 sed
1235 4849 1301 4903 ad
1333 4848 1572 4903 futuram
1608 4862 1799 4902 eorum
1851 4845 2242 4916 perfectionem
2296 4844 2598 4917 respiciens
2646 4847 2780 4902 dicit
2809 4863 2822 4900 :
2856 4863 2875 4897 ι
2906 4844 3143 4902 Calicem
3194 4864 3375 4903 meum
3411 4844 3632 4917 quidem

366 4916 594 4987 bibetis,
627 4927 680 4972 et
707 4916 976 4987 baptismo
1008 4919 1436 4987 baptizabimini.
1468 4938 1486 4968 ι

440 4986 500 5059 6.
541 4987 735 5059 Adhuc
772 4985 953 5044 autem
980 4985 1225 5059 quaerere
1259 4998 1468 5059 oportet
1508 4989 1559 5041 in
1593 4988 1734 5059 loco.
1764 4988 1893 5058 quid
1938 4997 2022 5059 est
2057 4988 2219 5051 calix,
2246 4997 2300 5042 et
2334 4989 2463 5059 quid
2492 4996 2577 5044 est
2610 4989 2902 5059 baptisma.
2940 4986 3106 5054 Quasi
3143 4986 3345 5059 distent
3372 4985 3514 5059 enim
3560 4986 3632 5042 ab

371 5055 632 5119 invicem,
668 5058 749 5113 sic
794 5055 1085 5129 utrumque
1130 5067 1214 5114 est
1265 5055 1628 5129 nominatum.
1666 5055 1819 5113 Multi
1865 5058 2012 5114 enim
2058 5055 2365 5128 utrumque
2387 5060 2578 5114 dicunt
2606 5055 3015 5129 ad'passionem
3051 5057 3296 5127 martyrii
3339 5058 3634 5127 pertinere,

375 5141 487 5181 non
512 5130 854 5184 attendentes
884 5128 1145 5198 quoidam
1178 5128 1284 5183 nisi
1314 5130 1452 5184 duos
1478 5138 1531 5182 et
1552 5130 1799 5196 diversos
1826 5129 2131 5183 intellectus
2168 5130 2485 5185 ostenderet
2512 5130 2652 5184 calix
2678 5128 2732 5184 et
2761 5128 3084 5196 baptismus,
3113 5142 3395 5196 nunquam
3428 5135 3637 5181 utrum-

374 5210 483 5263 que
516 5196 914 5269 nominaretur.
959 5196 1070 5253 Nos
1094 5208 1290 5269 autem
1319 5208 1379 5269 et
1404 5200 1827 5269 istantqnidem
1864 5198 2209 5253 traditionem
2254 5214 2362 5269 non
2393 5201 2773 5269 reprobamus,
2808 5200 3039 5253 alterum
3072 5205 3255 5269 autem
3299 5198 3591 5269 statuimus
3610 5213 3631 5255 ,ε

377 5265 636 5339 quoniam
658 5269 812 5339 calix
834 5269 1061 5339 quidem
1090 5268 1205 5338 ipsa
1240 5268 1423 5338 passio
1468 5265 1787 5339 intelligitur
1829 5284 1952 5323 esse
1991 5269 2268 5322 dolorum.
2311 5265 2472 5335 Quod
2505 5268 2860 5339 conﬁrmatur
2884 5283 3002 5339 non
3038 5267 3222 5339 solum
3272 5282 3338 5321 eo
3382 5266 3633 5339 exemplo

379 5334 522 5400 quod
562 5335 693 5408 dicit
731 5355 745 5392 :
784 5356 804 5390 ι
833 5334 1013 5400 Pater,
1040 5339 1085 5392 si
1110 5334 1379 5408 possibile
1408 5348 1511 5402 est,
1544 5334 1780 5393 transfer
1827 5339 2053 5394 calicem
2107 5340 2252 5393 hunc
2281 5355 2311 5393 a
2340 5334 2450 5402 me,
2486 5359 2504 5390 ι
2538 5340 2629 5408 qui
2660 5354 2784 5392 cum
2809 5336 3090 5392 dolat-ibus
3117 5337 3319 5408 bibitur
3347 5336 3416 5408 ab
3441 5350 3507 5389 eo
3536 5337 3631 5403 qui

376 5404 619 5478 suscepit
644 5416 931 5478 certamen
957 5404 1226 5477 martyrii,
1265 5408 1438 5463 donec
1467 5408 1663 5463 biberit
1694 5424 1823 5462 eum
1850 5410 2127 5465 sustinens
2161 5410 2212 5478 in
2239 5408 2536 5462 tentatinne
2555 5404 2810 5478 'martyrii
2844 5408 3095 5462 universa
3124 5422 3251 5478 qua:
3280 5406 3626 5478 inferuntur:

376 5472 474 5527 sed
501 5472 668 5530 etiam
697 5491 764 5532 eo
790 5477 937 5548 quod
967 5478 1020 5532 in
1054 5472 1163 5532 alio
1192 5478 1313 5532 loco
1335 5479 1573 5533 dicitur:
1609 5495 1627 5528 ι
1659 5478 1801 5544 Quid
1837 5478 2133 5533 retribuam
2168 5477 2399 5531 Domino
2435 5492 2531 5547 pro
2559 5472 2816 5532 omnibus
2847 5493 2970 5545 quae
3007 5472 3252 5530 retribuit
3291 5475 3421 5528 mihi
3443 5475 3465 5527 ?
3485 5472 3631 5529 Cali-

444 5587 491 5622 ⁸⁸
516 5589 708 5645 Matth.
737 5607 829 5656 xx,
860 5592 951 5659 22,
971 5592 1066 5648 25.
1142 5594 1187 5627 ³⁸
1220 5592 1387 5650 Marc.
1420 5611 1477 5660 x,
1510 5594 1600 5650 58.
1676 5597 1723 5628 ἰθ
1751 5594 1919 5651 Marc.
1953 5610 2067 5661 xw,
2093 5594 2197 5661 '56;
2230 5593 2419 5649 Matth.
2445 5609 2592 5661 xxvn,
2621 5594 2711 5650 '59.
2788 5593 2833 5626 ἰι
2863 5593 3010 5651 Psal.
3033 5608 3158 5658 cxv,
3186 5591 3380 5647 l2-15.

443 5708 557 5780 (56)
596 5709 705 5765 Kat
747 5711 840 5780 εἰς
871 5692 994 5779 ’μὲν
1029 5710 1095 5764 τὸ
1136 5710 1492 5780 δηλοῦσθαι,
1536 5722 1640 5768 etc.
1686 5711 1946 5779 Hilarius,

377 5776 772 5919 gigronymus,
806 5776 949 5849 opus
987 5776 1283 5850 inrperféct.
1330 5776 1768 5855 Theopbylactus
1789 5821 1803 5849 ,
1836 5776 1948 5838 Eu;

418 5867 432 5903 ι
473 5866 636 5906 mnus.
1344 5865 1348 5869 ’

2129 5712 2243 5788 (57)
2285 5710 2494 5788 Πάτερ,
2522 5711 2597 5788 Δει
2627 5707 2942 5788 furator,
2975 5707 3308 5788 παρένεγκε
3351 5707 3526 5788 τοῦςρ
3566 5708 3632 5788 t6-

2055 5776 2343 5849 ποτήριον
2380 5776 2482 5836 ἀπ’
2508 5781 2674 5849 ἐμοῦ.
2711 5780 2866 5833 Prior
2897 5779 3057 5849 hujus
3101 5776 3219 5834 loci
3247 5794 3375 5847 pars
3407 5793 3436 5833 e
3463 5776 3634 5833 Marci

2058 5868 2170 5919 xlv,
2199 5852 2287 5917 56,
2319 5853 2482 5921 petita
2505 5861 2606 5908 est.
2648 5849 2912 5907 Hunnus.
2940 5870 2945 5875 ο
3092 5872 3097 5875 Α
