4086 6446
484 381 620 438 1535
1935 376 2096 434 ORIG

2125 377 2257 434 ENIS
3600 357 3738 428 138’.

483 497 705 567 aliquis,
730 506 851 551 vota
885 510 980 550 sua
1017 494 1199 547 omnia
1232 491 1461 546 Domino
1490 492 1663 546 reddit
1696 505 1880 547 coram
1903 493 2054 546 omni
2084 519 2096 552 Α

2157 493 2286 546 λαοῦ
2331 492 2514 547 αὑτοῦ.
2564 491 2758 562 Σαφῶς
2795 492 2852 545 δὲ
2901 492 3138 556 ἐδίδαξεν
3176 492 3234 546 tv
3277 491 3507 557 τούτοις,
3563 493 3646 547 ὅτι
3680 495 3744 550 τὸ

483 591 684 660 populo
724 589 860 658 ejus.
910 586 1226 656 Martyrium
1275 594 1456 638 autem
1503 601 1624 639 esse
1677 586 1905 640 calicem
1959 587 2064 640 hoc

2169 583 2424 653 ποτήριόν
2477 586 2620 636 ἐστιν
2649 581 2760 653 (58)
2791 584 2818 634 6
2847 580 3141 650 ἐπαγαγὼν
3173 583 3285 646 τοῖς
3326 582 3468 636 κατὰ
3494 583 3556 636 τὸ
3581 586 3748 656 ποτή-

483 677 602 745 ipso
641 676 815 744 palam
874 673 997 726 fecit
1051 673 1196 740 quod
1242 676 1423 725 statim
1483 684 1603 742 post
1655 675 1882 728 calicem
1933 675 2065 728 sub-

2169 687 2283 739 ριον
2342 672 2420 722 τό·
2473 689 2490 720 t
2524 671 2714 740 Τίμιος
2763 671 3003 723 ἐναντίον
3040 671 3245 742 Κυρίου
3300 673 3328 724 ὁ
3377 672 3606 738 θάνατος
3637 673 3748 727 τῶν

476 767 657 837 junxit
686 781 698 816 :
733 783 750 814 ι
791 764 1033 816 Pretiosa
1070 764 1123 816 in
1174 774 1470 832 conspectu
1506 764 1720 818 Domini
1755 781 1906 820 mors
1937 782 2066 820 san-

2165 762 2326 832 ὁσίων
2355 762 2540 815 αὐτοῦ.
2558 783 2575 813 ι
2610 764 2686 834 Τῇ
2717 763 2773 815 δὲ
2797 763 3010 834 ἐπινοίᾳ
3036 767 3096 816 τὸ
3128 763 3426 836 μαρτύριον
3454 763 3550 820 δύο
3573 767 3744 829 ἐστὶν,

480 866 694 911 ctorum
725 855 863 924 ejus.
904 873 921 904 ι
967 854 1109 908 Duas
1151 864 1334 909 autem
1365 855 1687 926 martyrium
1720 856 2067 926 signiﬁcatio-

2165 848 2239 907 ὧν
2261 855 2321 908 τὸ
2351 855 2448 924 μὲν
2476 854 2533 906 ἓν
2560 855 2803 907 καλεῖται
2839 856 3100 925 ποτήριον
3137 857 3426 926 σωτηρίου,
3451 856 3512 909 τὸ
3542 856 3600 910 δὲ
3641 855 3743 909 λοι-

478 962 577 1001 nes
610 945 1020 1014 comprehendit
1047 985 1062 1006 ,
1101 961 1336 1014 quarum
1385 947 1553 1000 altera
1605 947 1746 1000 calix
1808 947 2066 1001 salutaris

2164 947 2265 998 πον
2296 946 2597 1016 βάπτισμα·
2631 946 2725 1000 καὶ
2766 945 2900 1000 καΟὸ
2942 947 3039 1016 μὲν
3073 947 3333 1018 ὑπομένει
3377 964 3463 1010 τις
3494 948 3623 1011 τοὺς
3652 948 3749 1002 πό-

477 1041 806 1109 appcllatur;
835 1040 940 1093 alia
981 1049 1162 1092 autem
1193 1079 1207 1101 ,
1257 1038 1561 1107 baptisma;
1593 1049 1646 1093 et
1675 1047 1949 1108 quatenus
1984 1039 2064 1092 la-

2164 1055 2308 1100 νους,
2350 1039 2604 1108 ποτήριόν
2635 1040 2784 1089 ἐστιν
2813 1039 3168 1108 ἐκτεινόμενον
3211 1037 3314 1090 ὑπὸ
3346 1037 3440 1090 τοῦ
3488 1038 3748 1109 φέροντος

477 1133 638 1186 liores
665 1132 864 1199 aliquis
915 1130 1170 1193 sustinet,
1209 1130 1349 1182 calix
1382 1137 1465 1183 est
1491 1129 1560 1182 ab
1592 1145 1658 1183 eo
1697 1129 1935 1184 cbibitus
1967 1129 2061 1198 qui

2166 1132 2345 1186 πάντα
2375 1131 2441 1184 τὰ
2472 1131 2856 1202 προσαγόμενα
2886 1133 2965 1194 είς
2994 1131 3208 1194 ἑαυτὸν,
3248 1130 3745 1202 ἀναλαμϐάνοντος,

477 1224 627 1278 illata
658 1223 762 1278 sibi
790 1221 971 1275 omnia
1004 1219 1226 1290 perfert,
1257 1221 1473 1274 dolores
1500 1221 1750 1288 suscipit,
1801 1236 1865 1275 ac
1894 1220 2062 1275 veluti

2164 1226 2258 1276 καί
2291 1225 2450 1276 οἱονεὶ
2480 1223 2727 1286 πίνοντος
2755 1223 2854 1286 τὰς
2903 1222 3220 1292 ἀλγηδόνας,
3260 1222 3353 1274 καὶ
3387 1221 3460 1294 μὴ
3494 1221 3745 1275 άπωθοιμ

481 1314 682 1378 haurit,
711 1329 917 1382 eosque
947 1328 1047 1366 nec
1076 1313 1307 1380 repellit,
1367 1327 1543 1381 neque
1575 1312 1769 1380 rejicit,
1808 1313 1887 1365 vel
1932 1329 2062 1368 evo-

2167 1317 2328 1386 μένου
2351 1317 2540 1379 αὐτὰς,
2569 1315 2702 1386 μηδὲ
2736 1315 3150 1378 ἁποϐάλλοντος,
3182 1314 3276 1368 καὶ
3306 1313 3583 1384 ἐμοῦντος
3610 1315 3746 1370 καθὸ

478 1408 613 1471 mit;
665 1405 934 1474 baptisma
981 1412 1162 1458 autem
1214 1413 1297 1459 est
1326 1445 1340 1468 ,
1372 1414 1642 1472 quatenus
1677 1405 2060 1460 remissionem

2162 1408 2218 1461 δὲ
2267 1409 2459 1476 ἄφεσιν
2521 1407 2788 1478 λαμϐάνει
2850 1408 3263 1479 ἁμαρτημάτων
3319 1410 3348 1460 ὁ
3411 1406 3744 1476 ὑπομείνας,

478 1507 828 1566 peccatorum
860 1496 1217 1565 adipiscitur,
1243 1498 1336 1564 qui
1369 1495 1507 1550 mala
1543 1499 1798 1552 sustinet.
1824 1496 1882 1550 Si
1912 1499 2058 1551 enim

2167 1499 2452 1569 βάπτισμά
2519 1501 2702 1551 ἐστιν’
2763 1500 2812 1551 εί
2877 1499 2988 1569 γὰρ
3064 1498 3125 1550 τὸ
3195 1498 3480 1569 βάπτισμα
3549 1499 3747 1567 ἄφεσιν

479 1596 827 1656 peccatorum
851 1586 1224 1640 remissionem
1251 1587 1534 1654 pollicetur
1556 1588 1846 1656 baptisma,
1869 1604 2059 1657 quem-

2163 1591 2576 1661 ἁμαρτημάτων
2643 1590 3068 1658 ἐπαγγέλλεται,
3142 1589 3324 1652 καθὼς
3401 1589 3742 1661 παρειλήφα-

479 1679 774 1733 admodum
788 1678 1097 1746 accepimus
1111 1676 1176 1731 de
1200 1678 1522 1744 baptismate
1536 1680 1588 1732 in
1607 1696 1750 1748 aqua
1769 1688 1823 1735 et
1841 1680 2058 1748 spiritu;

2165 1699 2264 1752 μεν
2316 1682 2443 1752 περὶ
2493 1679 2588 1733 τοῦ
2641 1682 2700 1733 tv
2757 1679 2908 1734 ὕδατι
2955 1681 3047 1734 καὶ
3100 1679 3369 1748 πνεύματι
3427 1678 3743 1750 βαπτίσμα-

478 1770 858 1824 remissionem
914 1779 1095 1822 autem
1154 1778 1503 1836 peccatorum
1572 1771 1773 1838 recepit
1831 1771 2056 1835 itidem,

2163 1790 2272 1836 τος,
2325 1772 2518 1840 ἄφεσιν
2563 1771 2620 1824 δὲ
2680 1771 2945 1842 λαμϐάνει
2994 1771 3402 1842 ἁμαρτημάτων
3462 1771 3558 1823 καὶ
3605 1771 3635 1823 6
3682 1771 3745 1826 τὸ

477 1861 643 1930 719
687 1861 777 1929 qui
822 1859 1066 1928 martyrii
1112 1829 1380 1927 baptisma
1435 1861 1670 1930 peifert;
1699 1829 2057 1932 Imartyriuni

2130 1861 2254 1919 ’τοῦ
2303 1865 2598 1937 μαρτυρίου
2648 1863 2944 1935 ὑπομείνας
2992 1864 3299 1934 βάπτισμα·
3353 1863 3635 1934 βάπτισμα
3681 1863 3743 1917 τὸ

475 1967 608 2006 sane
635 1961 778 2006 recte
812 1951 1081 2020 baptisma
1122 1950 1226 2004 dici
1257 1960 1434 2019 potest
1470 1970 1482 2005 :
1537 1963 1757 2022 peccata
1791 1963 1971 2006 autem
2007 1955 2054 2008 ei

2164 1956 2461 2028 μαρτύριον
2483 1955 2718 2024 εὐλόγως
2733 1956 2931 2023 λέγοιτ’
2965 1955 3029 2008 ἄν
3053 1972 3065 1984 ’
3087 1956 3169 2008 ὅτι
3191 1955 3248 2008 δὲ
3273 1954 3466 2024 ἄφεσις
3493 1957 3745 2027 ἁμαρτη-

473 2041 700 2102 remitti.
745 2041 837 2110 qui
884 2042 1204 2112 martyrium
1263 2043 1488 2111 patitur,
1535 2043 1660 2097 inde
1722 2044 1891 2112 liquet
1948 2044 1992 2076 ⁸⁵³
2040 2063 2055 2098 :

2163 2048 2345 2118 μάτων
2361 2048 2567 2116 γίνεται
2586 2047 2696 2115 (ῡ9)
2715 2045 2790 2116 τῷ
2805 2045 2865 2098 τὸ
2881 2044 3175 2116 μαρτύριον
3193 2045 3565 2115 ὑπομείναντι,
3581 2045 3743 2116 δῆλον

478 2150 499 2184 ι
535 2130 729 2187 Omnis
757 2133 849 2201 qui
879 2133 1225 2188 coutitebitur
1254 2150 1339 2186 me
1362 2149 1547 2189 coram
1574 2136 1911 2199 hominibus,
1935 2151 2060 2190 con-

2159 2141 2224 2192 ὲκ
2254 2137 2346 2191 τοῦ
2370 2154 2384 2167 ’
2419 2157 2438 2188 ‹
2480 2139 2595 2200 Πᾶς
2627 2136 2685 2200 ὃς
2718 2136 2816 2188 ἐὰν
2847 2136 3158 2207 ὁμολογήσῃ
3192 2138 3248 2188 tv
3281 2137 3404 2206 ἐμοὶ
3434 2136 3743 2207 ἔμπροσθεν

475 2223 667 2278 ﬁtebor
706 2232 760 2276 ct
805 2239 905 2293 ego
938 2224 1088 2277 illum
1124 2239 1311 2278 eoo-am
1343 2223 1505 2278 Patre
1535 2240 1664 2290 meo
1693 2226 1786 2295 qui
1823 2226 1875 2280 in
1905 2227 2058 2283 ccelis

2157 2230 2266 2283 τῶν
2298 2228 2617 2300 ἀνθρώπων,
2646 2227 2967 2300 ὁμολογήσω
2998 2225 3152 2296 κὰγὼ
3180 2228 3236 2279 ὲν
3261 2227 3412 2298 αὐτῷ
3433 2227 3743 2299 ἔμπροσθεν

473 2322 578 2368 εει.
613 2332 630 2366 ι
659 2313 858 2368 Coram
886 2314 1045 2369 Patre
1072 2330 1199 2368 vero
1229 2330 1331 2369 suo
1362 2315 1456 2384 qui
1489 2316 1542 2370 iu
1574 2317 1728 2372 caelis
1749 2327 1834 2372 est
1863 2334 2058 2373 unum-

2156 2321 2250 2375 τοῦ
2286 2319 2500 2392 Πατρός
2529 2336 2630 2390 μου
2660 2317 2754 2371 τοῦ
2784 2322 2841 2372 tv
2868 2322 2980 2382 τοῖς
3013 2319 3279 2390 οὐρανοῖς.
3315 2337 3333 2370 ι
3378 2319 3660 2390 Ὁμολογεῖ
3684 2319 3744 2374 δὲ

474 2420 747 2475 quemque
777 2407 1067 2461 conﬁtetur
1099 2405 1382 2472 Servator,
1413 2407 1508 2476 qui
1537 2423 1594 2462 se
1625 2407 1790 2464 fuerit
1837 2409 2056 2467 confes-

2157 2411 2464 2484 ἔμπροσθεν
2506 2409 2600 2463 τοῦ
2646 2411 2703 2463 tv
2754 2413 2868 2474 τοίς
2915 2412 3163 2482 οὐρανοῖς
3210 2410 3420 2482 Πατρὸς
3468 2413 3496 2464 6
3548 2411 3743 2484 Σωτὴρ

473 2513 589 2562 sus,
623 2499 841 2551 etiamsi
889 2507 1015 2551 ante
1056 2497 1460 2554 confessionem
1513 2501 1806 2568 cujuslibet
1850 2503 2056 2572 peccati

2157 2506 2334 2559 πάντα
2364 2504 2454 2557 τὸν
2487 2503 2914 2574 ὁμολογήσαντα,
2956 2503 3060 2556 κᾶν
3091 2501 3229 2575 τύχῃ
3260 2501 3367 2573 πρὸ
3396 2503 3496 2572 τῆς
3545 2501 3741 2573 ὁμολο-

472 2603 599 2643 reus
630 2589 767 2652 erit;
796 2603 922 2640 nam
954 2587 999 2641 si
1030 2589 1322 2656 cujuslibet
1351 2591 1557 2658 peccati
1596 2607 1722 2646 reos
1751 2608 1859 2647 non
1889 2609 2058 2664 agno-

2157 2597 2282 2666 γίας
2317 2597 2427 2668 (60)
2476 2595 2756 2650 ὁτιποτοῦν
2805 2593 3065 2670 ἁμαρτών
3089 2612 3102 2624 ·
3139 2597 3187 2648 εί
3231 2594 3341 2665 γὰρ
3376 2594 3504 2658 τοὺς
3524 2597 3740 2648 ὁτιποτ-

470 2687 606 2745 seet,
639 2678 784 2732 haud
817 2693 1006 2732 verum
1031 2679 1135 2732 erit
1157 2679 1286 2733 illud
1318 2699 1330 2734 :
1371 2699 1391 2732 ι
1431 2679 1622 2736 Omnis
1651 2698 1782 2753 ergo
1808 2685 1900 2754 qui
1932 2700 2058 2740 con-

2155 2689 2250 2742 οὖν
2279 2689 2703 2760 ἁμαρτήσαντας
2751 2687 2850 2756 οὐχ
2881 2686 3223 2757 ὁμολογήσει,
3270 2688 3370 2739 οὐκ
3415 2687 3568 2740 ἔσται
3601 2686 3737 2757 άλη-

470 2770 713 2824 ﬁtebitur
743 2784 852 2830 me,
908 2787 926 2819 ι
966 2776 1019 2822 et
1046 2780 1261 2824 caetera.
1297 2769 1414 2826 Non
1447 2771 1690 2828 futurum
1726 2785 1904 2830 autem
1937 2776 2055 2831 exi-

2156 2783 2246 2846 θὲς
2271 2783 2356 2835 τὸ’
2391 2801 2408 2832 ι
2438 2782 2552 2843 Πᾶς
2584 2775 2676 2832 οὖν
2704 2781 2853 2842 ὅστις
2884 2779 3208 2850 ὁμολογήσει
3231 2781 3289 2831 tv
3319 2779 3462 2849 ἐμοὶ,
3498 2799 3514 2830 ι
3544 2781 3638 2834 καὶ
3668 2781 3737 2834 τὰ

471 2863 658 2925 stimo,
687 2871 746 2916 ut
787 2861 1028 2930 cujusvis
1059 2877 1216 2916 noxa:
1242 2879 1394 2918 reum
1426 2879 1610 2920 coram
1640 2865 1798 2923 Patre
1823 2883 1926 2924 suo
1959 2869 2054 2939 qui

2156 2872 2306 2944 ἑξῆς,
2348 2874 2462 2926 Οὐκ
2508 2867 2659 2942 οἶμαι
2705 2871 2748 2924 δ’
2792 2872 2873 2924 ὅτι
2917 2870 3224 2942 ἔμπροσθεν
3255 2870 3349 2924 τοῦ
3392 2873 3450 2924 tv
3491 2873 3738 2944 οὐρανοῖς

471 2954 526 3007 in
562 2953 717 3008 cmlis
745 2963 831 3008 est
875 2949 1182 3020 Sospitator
1208 2953 1568 3023 conﬁteatur;
1607 2959 1752 3013 illius
1783 2959 2052 3028 siquidem

2155 2964 2366 3034 Πατρὸς
2395 2963 2714 3036 ὁμολογήσει
2757 2965 2785 3014 ὁ
2811 2961 3000 3032 Σωτὴρ
3032 2961 3123 3014 τὸν
3155 2962 3526 3032 ὁποιῳποτούν
3554 2963 3735 3035 ἔνοχον

469 3045 765 3110 confessio,
818 3060 940 3098 cum
995 3044 1162 3098 libere
1203 3054 1256 3099 ct
1299 3047 1555 3102 audacter
1599 3050 1835 3120 aliquem
1866 3067 2051 3106 coram

2155 3054 2542 3126 ἁμαρτήματι·
2583 3050 3092 3123 παρρησιαζομένου
3124 3050 3233 3121 γὰρ
3264 3049 3493 3106 ἐνώπιον
3527 3053 3739 3124 Πατρός

470 3137 632 3193 Patre
655 3142 945 3194 conlitetur
971 3146 1024 3192 et
1063 3140 1330 3206 agnoscit,
1361 3141 1628 3210 ejusmodi
1661 3153 1764 3208 est,
1798 3145 1955 3214 quasi
1985 3160 2049 3200 ea
2079 3197 2083 3227 ε

2155 3149 2302 3199 ἐστιν
2353 3148 2386 3215 ἡ
2437 3143 2697 3214 ὁμολογία
2742 3143 2835 3194 ἐπὶ
2882 3141 2957 3211 τῷ
3007 3141 3444 3214 ὁμολογουμένῳ,
3482 3144 3557 3208 ὡς
3602 3145 3738 3215 ἀξίῳ

468 3245 655 3284 coram
689 3229 850 3284 Patre
878 3229 1222 3287 confessione
1247 3233 1447 3302 dignus
1479 3235 1548 3289 sit
1589 3237 1682 3303 qui
1715 3237 2048 3305 agnoscitur.

2152 3239 2249 3308 τῆς
2283 3237 2375 3290 ἐπὶ
2407 3236 2498 3289 τοῦ
2530 3236 2740 3306 Πατρος
2777 3234 3085 3306 ὁμολογίας.
3122 3235 3212 3306 Μή
3249 3235 3479 3289 σαινέτω
3504 3237 3560 3290 δὲ
3591 3239 3738 3308 ἡμᾶς

469 3321 549 3377 Νε
576 3339 676 3378 nos
700 3332 883 3377 autem
914 3333 1276 3388 commoveat,
1315 3327 1457 3393 quod
1490 3329 1632 3396 apud
1656 3327 1896 3383 Marcum
1927 3331 2053 3384 Ser-

2152 3331 2200 3381 εἰ
2229 3329 2256 3380 6
2287 3327 2475 3398 Σωτὴρ
2509 3327 2659 3398 παρὰ
2699 3325 2775 3396 τῷ
2805 3325 3016 3396 Μάρκῳ
3054 3325 3146 3377 καὶ
3177 3325 3238 3377 τὸ
3277 3329 3534 3398 ποτήριον
3568 3329 3733 3391 πίνει,

467 3421 624 3468 vator
651 3415 874 3469 calicem
907 3417 1060 3479 bibit.
1094 3427 1148 3473 et
1177 3418 1507 3488 baptismate
1545 3419 1889 3489 baptizatur;
1925 3437 2051 3476 cum

2152 3419 2246 3472 καὶ
2274 3419 2334 3470 τὸ
2360 3418 2639 3489 βάπτισμα
2665 3416 2980 3488 βαπτίζεται
3005 3434 3018 3446 ·
3048 3417 3138 3470 καὶ
3169 3416 3278 3487 γὰρ
3306 3419 3465 3488 ήνίκα
3490 3419 3518 3470 6
3559 3417 3735 3471 Ἰωάν-

466 3507 611 3559 enim
635 3505 877 3562 Joannes
909 3525 927 3558 ι
957 3509 1106 3564 venit
1127 3511 1180 3564 in
1213 3527 1432 3565 omnem
1456 3512 1731 3581 regionem
1764 3513 2049 3567 ﬁnitimam

2151 3529 2248 3582 νης
2288 3529 2306 3560 t
2342 3507 2502 3582 ἦλθεν
2533 3513 2611 3572 εἲς
2642 3511 2821 3561 πᾶσαν
2853 3507 3157 3579 περίχωρον
3192 3507 3285 3561 τοῦ
3333 3509 3594 3579 Ἰορδάνου
3629 3525 3731 3578 κη-

463 3595 743 3665 Jordanis,
776 3601 1080 3670 prmdicans
1124 3603 1456 3671 baptismum
1495 3605 1827 3672 paenitentiae
1875 3606 1927 3659 in
1962 3623 2048 3662 te

2157 3604 2370 3677 ρύσσων
2405 3601 2685 3671 βάπτισμα
2730 3599 3013 3670 μετανοίας
3043 3602 3120 3662 είς
3143 3599 3335 3668 ἄφεσιν
3363 3599 3668 3671 ἁμαρτιῶν,
3707 3619 3727 3652 ι

463 3693 785 3748 missionem
837 3702 1187 3762 peccatorum
1233 3693 1299 3760 ⁸³,
1355 3713 1372 3745 ι
1421 3695 1488 3748 ad
1513 3694 1777 3750 Joannem
1829 3712 2048 3767 quoque

2155 3698 2249 3753 καὶ
2294 3695 2498 3768 Ἰησοῦς
2527 3693 2884 3766 παραγίνεται
2912 3692 3047 3762 πρὸς
3079 3692 3167 3745 τὸν
3208 3693 3480 3763 Ἰωάννην,
3512 3693 3606 3746 τοῦ
3637 3691 3731 3762 βα-

1673 3836 1852 3894 VETU
1865 3838 1903 3893 S
1941 3834 2525 3893 INTERPRETATIO.

462 3991 584 4033 cem
633 3976 888 4046 salutaris
937 3977 1222 4046 accipiam,
1257 3987 1312 4033 et
1346 3992 1543 4033 nomen
1581 3978 1794 4033 Domini
1843 3980 2126 4035 invocabo.
2166 3979 2298 4034 Vota
2329 3992 2448 4031 mea
2476 3977 2709 4032 Domino
2740 3976 2964 4046 reddam
2998 3973 3051 4028 in
3085 3981 3381 4046 conspectu
3413 3971 3597 4028 omnis
3630 3987 3730 4042 po-

464 4047 578 4118 puli
641 4047 779 4115 ejus.
855 4044 1099 4118 Pretiosa
1137 4050 1187 4101 in
1223 4057 1517 4118 conspectu
1548 4047 1765 4103 Domini
1793 4065 1941 4105 mors
1969 4060 2284 4106 sanctorum
2312 4049 2452 4116 ejus.
2487 4068 2505 4100 ι
2548 4047 2687 4100 Nihil
2720 4046 2865 4100 enim
2915 4045 3138 4118 dignum
3182 4044 3404 4098 reddere
3435 4058 3732 4118 possumus

468 4111 582 4186 Deo
608 4111 708 4186 pro
741 4116 998 4172 omnibus
1027 4117 1186 4172 bonis
1215 4133 1336 4186 quae
1361 4111 1493 4172 fecit
1531 4118 1586 4172 in
1620 4120 1800 4182 nobis.
1843 4120 1944 4174 nisi
1985 4131 2046 4174 ut
2072 4120 2297 4176 calicem
2328 4111 2621 4172 salutarem
2655 4124 2903 4185 prompte
2927 4115 3277 4186 accipiamus,
3298 4121 3362 4186 _et
3388 4111 3586 4186 nomen
3617 4111 3724 4186 Do-

464 4180 973 4252 mini'invocemus,
1007 4195 1066 4240 ut
1113 4180 1390 4257 possimus
1433 4180 1853 4256 magnanimiter
1883 4189 2069 4244 bibere
2098 4205 2222 4244 eum
2257 4207 2270 4242 :
2314 4189 2366 4242 in
2403 4203 2513 4257 quo
2549 4180 2782 4240 bibendo
2815 4180 2937 4239 vota
2959 4180 3151 4257 nostra
3182 4183 3460 4257 reddimus
3489 4180 3727 4237 Domino

462 4257 517 4310 in
564 4265 860 4332 conspectu
907 4258 1087 4311 omnis
1107 4254 1308 4332 populi
1345 4256 1488 4332 ejus.
1533 4254 1826 4332 Manifeste
1864 4268 2046 4332 autem
2081 4259 2330 4332 ostendit
2363 4254 2532 4332 in'his
2576 4257 2834 4332 quoniam
2869 4255 3007 4332 calix
3039 4254 3358 4332 martyrium
3393 4261 3501 4312 est,
3545 4267 3613 4332 ex
3655 4267 3722 4305 eo

463 4328 609 4395 quod
641 4324 826 4380 statim
859 4339 1078 4395 propter
1107 4324 1336 4380 bibitum
1367 4324 1592 4382 calicem
1618 4329 1844 4392 addidit,
1871 4330 1951 4383 sic
1980 4346 1992 4381 :
2032 4348 2050 4380 ι
2081 4328 2328 4383 Pretiosa
2369 4329 2420 4380 in
2449 4324 2743 4394 conspectu
2779 4324 2993 4379 Domini
3016 4330 3514 4395 _mors__sanctorum
3539 4324 3660 4395 ejus
3697 4341 3714 4372 ›

461 4391 753 4468 Intellectu_
775 4391 973 4468 aut—em'
995 4411 1158 4468 omne
1192 4397 1513 4468 martyrium
1543 4397 1738 4468 duplex
1768 4391 1871 4464 est,
1902 4413 2137 4468 quorum
2170 4413 2338 4452 unum
2367 4391 2603 4468 vocatur
2624 4397 2766 4450 calix
2803 4393 3080 4468 salutaris,
3109 4393 3374 4468 reliquum
3405 4399 3586 4468 autem
3611 4391 3720 4468 _ba-

463 4414 738 4450 lntCIIeCtu
775 4414 954 4450 autem
995 4414 1158 4450 omne
1192 4414 1334 4451 man
1374 4414 1513 4450 rtum
1543 4414 1738 4466 duplex
1768 4414 1871 4464 εει,
1902 4414 2137 4468 quorum
2170 4414 2338 4452 unum
2367 4414 2592 4450 vocatur
2624 4414 2766 4450 callx
2803 4414 3080 4456 saIUtarIs,
3109 4414 3374 4461 rcuquuul
3405 4414 3586 4444 antem
3620 4414 3720 4444 νει-

461 4466 684 4587 ριὶεηιιι.
717 4465 783 4518 Ει
813 4467 913 4545 hoc
948 4467 1166 4534 quidem
1207 4414 1500 4536 queriquis
1531 4467 1733 4535 perfert
1757 4469 1994 4529 dolores,
2028 4469 2169 4522 calix
2205 4477 2289 4521 est
2313 4481 2475 4535 quem
2504 4466 2648 4545 bibet
2671 4465 2848 4544 omnis
2880 4465 2974 4545 qui
3043 4463 3286 4543 SUSlillfil-
3307 4462 3488 4514 omnia
3521 4460 3624 4514 sibi
3655 4461 3722 4512 ilo

482 4543 594 4587 ata.
628 4549 728 4587 nec
758 4543 952 4587 reiicit.
987 4550 1085 4587 nec
1105 4537 1306 4587 evomit
1335 4537 1538 4587 alinuid
1569 4552 1756 4587 eorum
1783 4556 1797 4587 :
1822 4539 1968 4587 nuod
1996 4548 2178 4587 autem
2206 4537 2330 4587 ouis
2357 4536 2408 4587 in
2435 4550 2688 4587 nassrone
2715 4549 3089 4587 remrssronem
3119 4540 3317 4587 aecum
3343 4539 3716 4587 peccatorum.

482 4543 605 4608 ata,_
628 4549 728 4587 nec
758 4534 1306 4608 rejicit_,__nec_evomit
1335 4534 1546 4608 aliquid
1569 4552 1756 4591 eorum
1783 4556 1797 4591 :
1822 4539 1968 4608 quod
1996 4548 2178 4591 autem
2206 4534 2408 4605 quis’in
2435 4535 2688 4608 passione
2715 4535 3089 4608 remissionem
3119 4534 3317 4608 accipit
3342 4539 3716 4608 peccatorum,

462 4603 764 4676 baptismus
791 4612 890 4657 est.
930 4604 986 4676 Si
1017 4606 1159 4676 enim
1193 4601 1493 4674 baptismus
1523 4601 1906 4676 indulgentiam
1942 4601 2287 4676 peccatorum
2324 4601 2608 4674 promittit,
2639 4603 3134 4676 sicut_accepimus
3167 4601 3248 4676 de_
3263 4601 3545 4676 baptismo
3561 4615 3719 4668 aqua:

460 4681 516 4726 et
539 4670 773 4750 ‘spiritus
800 4691 812 4725 :
841 4674 1216 4750 remiSsionem
1248 4670 1426 4750 autem
1453 4677 1645 4745 accipit
1675 4670 2038 4750 peccatorum,
2062 4685 2117 4750 et
2142 4677 2232 4744 qui
2265 4670 2505 4745 martyrii
2539 4675 2772 4750 suscipit
2801 4670 3128 4740 baptiémum
3161 4689 3174 4724 :
3207 4671 3323 4724 sine
3341 4670 3716 4750 dubioipsum

461 4743 782 4816 martyrium
821 4745 1216 4816 rationabiliter
1250 4747 1549 4814 baptismus
1573 4743 1892 4816 appellatur.
1933 4743 2202 4813 Quoniam
2231 4743 2419 4799 autem
2452 4745 2704 4816 remissio
2745 4747 2802 4796 lit
2831 4752 3174 4816 peccatorum
3206 4743 3354 4816 omni
3390 4743 3715 4809 martyrium

461 4810 772 4885 sustinenti,
797 4814 1144 4885 manufestum
1172 4825 1254 4869 est
1280 4810 1344 4868 ex
1377 4830 1442 4870 eo
1469 4810 1622 4885 quod
1644 4810 1716 4870 ait
1743 4835 1756 4870 :
1793 4837 1811 4867 ι
1842 4810 2032 4870 Omnis
2071 4818 2163 4885 qui
2197 4817 2484 4869 confessus
2513 4815 2671 4870 fuerit
2702 4829 2787 4885 me
2815 4810 3360 4885 coram~ho_minibus,
3383 4819 3438 4863 et
3456 4825 3557 4878 ego
3583 4824 3717 4885 con-

460 4884 654 4958 ﬁtehor
688 4884 740 4936 in
774 4884 866 4958 illo
899 4899 1081 4958 coram
1115 4883 1273 4958 Patre
1304 4900 1423 4939 meo
1447 4879 1539 4956 qui
1571 4897 1654 4941 est
1685 4888 1737 4939 in
1769 4889 1940 4958 cmlis.
1975 4906 1992 4935 ι
2031 4879 2334 4958 conﬁtetur
2365 4898 2496 4954 ergo
2533 4900 2722 4958 coram
2757 4882 2913 4936 Patre
2951 4897 3051 4958 suo
3087 4879 3336 4958 salvator
3361 4894 3581 4932 omnem
3616 4879 3716 4958 Ιιρτ

460 4954 661 5006 minem
695 4954 787 5021 qui
818 4952 1108 5008 confessus
1140 4954 1300 5009 fuerit
1324 4947 1670 5009 eum'coram
1703 4957 2038 5014 hominibus.
2076 4957 2177 5010 etsi
2208 4957 2311 5008 fuit
2347 4947 2470 5007 ant'e
2494 4953 2887 5008 confessionem
2917 4953 3096 5019 aliqua
3121 4950 3338 5021 _babens
3379 4961 3625 5021 peccata.
3655 4947 3714 5000 Si

459 5025 606 5099 enim
639 5017 734 5076 eos
761 5024 852 5092 qui
896 5024 1074 5099 aliqua
1097 5023 1378 5099 habentes
1409 5035 1632 5099 peccata
1659 5026 1892 5099 confessi
1930 5034 2077 5099 sinit,
2110 5040 2218 5099 non
2241 5025 2528 5078 conﬁtetur
2545 5032 2600 5077 et
2627 5022 2878 5099 Christus
2903 5017 3084 5075 coram
3120 5017 3280 5073 Patre
3309 5017 3430 5081 suo,
3459 5019 3713 5099 jammon

458 5093 564 5145 erit
597 5108 781 5145 verum
810 5094 965 5164 _quod
1000 5095 1170 5147 dixit:
1212 5114 1230 5146 ‹
1261 5092 1451 5148 Omnis
1479 5095 1573 5164 qui
1609 5110 1694 5148 me
1727 5095 2020 5164 confessus
2052 5095 2239 5157 fuerit,
2277 5102 2626 5164 reticagtera.
2670 5092 2819 5164 Alias
2850 5102 3030 5146 autem
3061 5099 3401 5160 peccatorem
3448 5092 3635 5142 nescio
3665 5092 3712 5142 si

458 5165 748 5216 conﬁtetur
794 5162 1047 5218 Christus
1093 5180 1275 5218 coram
1329 5162 1512 5218 Patre'
1538 5180 1658 5219 suo.
1707 5163 1995 5218 Confessio
2043 5166 2189 5219 enim
2230 5163 2324 5218 ﬁlii
2361 5163 2643 5232 gloriantis
2683 5173 2767 5217 est
2796 5163 2849 5216 in
2875 5168 3168 5230 conspectu
3197 5167 3424 5227 paterno
3458 5170 3715 5230 supereo

530 5301 573 5332 “
601 5299 790 5354 Matth.
817 5318 870 5363 κ,
893 5301 986 5356 52.
1062 5303 1106 5333 ⁸³
1133 5302 1263 5356 an.
1297 5321 1377 5367 Ill,
1413 5305 1464 5357 5.

526 5417 636 5487 (58)
682 5417 777 5471 Ἑν
800 5419 1052 5484 τούτοις,
1083 5419 1171 5472 ὅτι
1206 5419 1269 5472 τὸ
1311 5418 1596 5488 ποτήριόν
1619 5418 1770 5472 ἐστι.
1802 5415 1913 5473 Nos
1940 5419 2029 5474 hic
2136 5421 2139 5434 “

2136 5417 2506 5474 Tertullianus
2529 5419 2582 5472 in
2614 5417 2909 5488 Apologet.,
2930 5429 3054 5488 cap.
3085 5414 3183 5488 50;
3207 5413 3513 5488 Cyprianus
3545 5415 3707 5483 epist.

455 5484 779 5559 asteri'scum
825 5488 1157 5544 infersimus.
1177 5498 1381 5559 contra
1410 5484 1569 5543 ﬁdem
1605 5504 1736 5559 mss.
1773 5488 1836 5542 il.
1872 5501 1924 5542 et
1955 5489 2024 5543 Β.
2139 5490 2234 5556 73;
2265 5488 2518 5559 Prosper.
2544 5489 2636 5543 lib.
2663 5484 2808 5559 Sent.
2842 5487 2894 5539 in
2925 5484 3054 5550 H9;
3081 5484 3423 5559 ᾼιιειιειιιιιιε
3444 5484 3578 5559 _libr.
3610 5499 3709 5540 xm

454 5554 762 5630 [fegcndnm
795 5559 941 5612 enim
973 5576 985 5612 :
1017 5559 1099 5611 ὅτι
1141 5558 1208 5630 το
1249 5559 1504 5630 ποτήριον
1558 5558 1853 5630 μαρτύριόν
1887 5561 2023 5630 ἐστι.

2135 5552 2231 5614 θα
2252 5552 2538 5625 σίυὶι.ὐεί,
2572 5557 2773 5630 cap._7.
2805 5565 2859 5610 et
2879 5552 3262 5630 set'm._1?_)'De
3302 5552 3480 5608 Verbis
3512 5565 3706 5623 apem,

459 5623 624 5680 Vetus
651 5625 939 5695 interpres,
975 5647 994 5678 ‹
1037 5629 1322 5684 manifeste
1354 5623 1531 5683 autem
1559 5623 1815 5684 ostendit
1852 5630 1904 5682 in
1941 5629 2027 5684 his
2135 5639 2187 5684 ct
2214 5630 2451 5685 Thomas
2480 5623 2559 5692 In,
2587 5623 2755 5697 q.'87,
2787 5642 2834 5697 ar.
2874 5625 2923 5697 1,
2948 5623 3093 5697 ιιᾱβ.
3134 5623 3208 5679 ln.

452 5693 878 5772 quoniamcalix
912 5700 1230 5772 martyrium
1263 5707 1362 5753 est.
1397 5718 1415 5748 ι
1447 5698 1708 5772 liuentis.

1587 5714 1708 5772 rius.
2206 5703 2318 5772 (60)
2353 5700 2532 5755 Codex
2561 5693 2781 5767 Regius,
2807 5693 3200 5764 ὁμολογήσεως.

527 5762 635 5828 (59)
669 5764 786 5816 ’Ὁτι
817 5765 885 5816 δὲ
930 5762 1144 5834 ἅφεὸις
1185 5768 1615 5837 ἁμαρτημάτων
1645 5770 1887 5838 γίνεται,
1915 5774 2020 5820 etc.
