4086 6424
472 448 614 505 1595

1937 440 2262 498 ORlGENlS

3596 436 3736 493 1398

478 580 699 639 tequam
734 574 1064 631 conteratur,
1097 565 1368 619 exaltatur
1394 579 1491 619 cor
1526 565 1786 631 hominis,
1815 573 1871 618 et
1900 572 2047 618 ante-

2157 562 2231 626 τίς
2260 561 2380 615 ἐστί
2424 579 2526 633 μου
2567 561 2827 633 πλησίον;
2871 580 2890 612 ι
2928 560 3073 613 Ἔδει
3119 558 3175 612 δέ
3215 559 3309 611 καλ⁸
3360 555 3471 611 ἀπὸ
3521 555 3737 610 Παύλου

476 675 641 729 quam
659 658 1011 729 glorificetur,
1042 656 1392 723 bumiliatur;
1413 674 1431 707 ι
1453 671 1519 711 ac
1546 656 1894 712 devitandum
1921 655 2048 710 item

476 762 561 806 est
595 768 665 806 ne
688 751 743 803 in
772 765 892 804 eam
920 748 1239 804 delabamur
1275 748 1601 803 sententiam
1623 787 1640 812 ,
1692 748 2053 813 eumdemque

477 840 818 909 proferamus
846 854 1184 907 sermonem,
1213 856 1278 896 ac
1312 841 1408 909 qui
1438 842 1796 896 excusatione
1824 856 1883 897 se
1913 841 2052 896 tueri

474 933 662 986 volens
690 947 818 1002 erga
854 930 1040 987 JeSum
1074 947 1105 986 a
1144 948 1256 1002 quo
1286 940 1615 1001 praeceptum
1651 932 1783 987 illud
1823 948 2049 1002 accepe-

474 1035 558 1078 l‘nt
592 1023 637 1053 ⁵⁵
668 1039 684 1076 :
721 1041 744 1074 ι
775 1022 973 1092 Diliges
997 1024 1306 1094 proximam
1340 1032 1492 1077 tuum
1534 1023 1677 1079 sicut
1718 1026 1989 1093 teipsum;
2026 1043 2049 1075 ι

477 1110 752 1167 Servatori
785 1113 1115 1182 respondere
1146 1129 1256 1168 non
1289 1113 1508 1168 erubuit
1537 1113 1583 1147 ⁸⁸
1618 1133 1631 1167 :
1674 1133 1694 1166 ι
1728 1113 1794 1168 Ει
1822 1114 1946 1185 quis
1970 1124 2053 1171 est

476 1218 630 1258 meus
663 1203 982 1273 proximus?
1018 1202 1120 1259 »ιιι
1160 1204 1325 1259 etiam
1379 1222 1409 1261 a
1438 1204 1610 1260 Paulo
1655 1206 1910 1263 didicisse
1951 1223 2051 1277 par

474 1305 633 1349 erat:
668 1313 686 1346 ι
720 1294 856 1349 Cum
897 1310 1183 1364 possemus
1210 1296 1362 1351 vobis
1390 1297 1541 1352 oneri
1578 1313 1718 1362 esse,
1749 1307 1807 1352 ut
1848 1296 2051 1352 Christi

475 1388 709 1455 apostoli
742 1403 757 1441 :
791 1386 886 1441 sed
928 1386 1056 1441 facti
1087 1402 1278 1443 sumus
1312 1386 1458 1442 lenes
1490 1387 1544 1441 in
1574 1388 1757 1443 medio
1780 1376 2059 1454 vestrum;

478 1486 738 1546 tanquam
767 1477 816 1532 si
845 1477 1029 1532 nutrix
1065 1476 1242 1532 foveat
1276 1476 1415 1532 ﬁlios
1442 1491 1572 1533 suos
1594 1477 1660 1533 “.
1693 1497 1712 1529 ι
1745 1476 1860 1533 Hoc
1885 1478 2049 1532 etiam

478 1566 681 1621 imitari
712 1567 999 1636 oportebat
1030 1566 1072 1596 "
1107 1584 1119 1620 :
1158 1585 1176 1616 ι
1211 1566 1318 1621 Aut
1340 1567 1583 1636 nunquid
1610 1579 1890 1636 peccatum
1920 1566 2047 1634 feci,

480 1655 750 1726 meipsum
782 1654 1101 1717 humilians,
1136 1663 1195 1708 ut
1221 1669 1317 1710 vos
1357 1656 1705 1711 exaltemini?
1740 1677 1758 1708 ι
1798 1655 2051 1712 Gentium

478 1759 609 1814 ergo
656 1745 925 1814 principes
973 1760 1074 1800 suo
1117 1746 1171 1800 in
1214 1762 1311 1801 eas
1338 1747 1566 1817 imperio
1601 1750 1860 1804 violenter
1891 1757 2050 1804 utan-

476 1846 597 1903 tur;
650 1836 903 1905 Ecclesiae
951 1848 1130 1891 autem
1178 1836 1452 1907 principes
1497 1838 1596 1909 ipsi
1644 1840 1884 1895 serviant
1935 1857 1948 1893 :
1999 1847 2053 1893 et

477 1927 719 1998 gentium
746 1926 1017 1996 primores
1051 1935 1375 1996 potestatem
1410 1928 1464 1982 in
1491 1944 1587 1983 eos
1620 1930 1863 2000 iniquam
1898 1941 2050 1986 tene-

477 2026 606 2081 ant;
661 2016 903 2070 fidelium
947 2025 1166 2082 autem,
1218 2017 1363 2072 dicto
1392 2018 1522 2073 huic
1550 2018 1925 2089 obtemperent
1952 2021 1996 2052 ⁸⁸
2033 2040 2047 2076 :

483 2119 501 2150 ι
541 2101 741 2158 Discite
774 2118 804 2156 a
832 2120 920 2159 me
944 2105 1072 2175 quia
1101 2105 1250 2161 mitis
1280 2121 1403 2160 sum
1434 2114 1488 2160 et
1525 2107 1750 2163 humilis
1779 2110 1964 2172 corde,
1997 2117 2053 2165 et

480 2191 768 2249 invenietis
800 2195 1041 2266 requiem
1076 2196 1362 2251 animabus
1390 2198 1613 2253 vestris.
1648 2217 1666 2251 ι
1704 2199 2047 2256 Assentatio-

481 2282 643 2338 nibus
687 2294 951 2354 praeterea
979 2302 1087 2341 non
1116 2286 1468 2342 admittendis
1500 2288 1839 2354 erudiamur,
1876 2306 2052 2361 neque

479 2387 764 2444 propterea
808 2376 954 2447 quod
1002 2377 1069 2432 de
1112 2378 1387 2447 aliquibus
1415 2379 1553 2434 bene
1592 2381 1771 2435 meriti
1802 2397 1923 2437 csse
1949 2382 2050 2438 visi

479 2466 671 2530 simus,
722 2469 946 2524 benefici
974 2470 1235 2541 appellari
1273 2470 1629 2540 gaudeamus.
1696 2470 1823 2527 llaec
1869 2483 2048 2528 autem

480 2570 546 2611 eo
576 2572 685 2612 non
717 2558 971 2626 dicimus,
996 2575 1105 2631 quo
1132 2576 1234 2614 nos
1264 2560 1367 2629 ipsi
1395 2560 1704 2616 inconsulto
1736 2580 1754 2613 ι
1793 2562 2050 2619 ὺυωίιίοο

482 2662 607 2703 mus
643 2647 746 2703 sub
770 2651 979 2718 potenti
1003 2666 1169 2705 manu
1197 2650 1292 2705 Dei
1325 2652 1390 2716 σθ,
1431 2671 1450 2704 ι
1485 2660 1537 2706 ct
1554 2652 1709 2721 juxta
1737 2654 1907 2725 ipsius
1936 2671 2054 2710 ser-

479 2751 722 2800 monem,
771 2738 875 2793 sub
914 2738 1284 2794 ecclesiastico
1338 2740 1671 2808 ministerio,
1726 2743 2053 2814 quandoque

477 2836 658 2899 autem
712 2830 869 2898 juxta
919 2830 1165 2900 Apostoli
1216 2831 1437 2886 eﬂ'atum
1496 2832 1544 2864 ⁷⁸³
1603 2851 1616 2886 :
1684 2852 1701 2884 ι
1758 2834 2054 2892 Peccantes

478 2917 640 2989 725
684 2933 867 2974 coram
910 2921 1167 2977 omnibus
1210 2923 1473 2993 arguendi
1504 2934 1666 2990 sunt,
1700 2934 1760 2980 ut
1789 2935 1842 2981 et
1871 2928 2054 2983 caueri

481 3010 730 3064 timorem
780 3012 1058 3069 habeant:
1084 3030 1108 3067 ι
1149 3029 1546 3085 nonnunquam
1574 3016 1738 3071 etiam
1783 3027 2053 3087 potestate

481 3114 580 3152 sua
612 3100 686 3154 uti
719 3101 843 3158 licet
883 3104 1121 3174 aliquos,
1158 3123 1177 3158 ι
1213 3104 1476 3161 tradendo
1509 3104 1724 3161 Satanae
1768 3108 1825 3162 iu
1864 3109 2054 3175 interi:

481 3199 599 3244 tum
624 3193 830 3259 carnis,
858 3205 917 3249 ut
940 3194 1167 3264 spiritus
1191 3198 1376 3253 salvus
1400 3201 1472 3254 sit
1495 3199 1549 3253 in
1578 3199 1666 3255 die
1686 3198 1899 3255 Domini
1922 3203 1999 3269 “;
2030 3223 2049 3255 ι
2081 3228 2125 3287 c

482 3290 538 3336 at
572 3281 623 3336 id
654 3298 780 3338 raro
814 3282 1123 3341 faciendum
1149 3297 1265 3355 est,
1299 3288 1393 3344 sed
1432 3308 1450 3342 ι
1485 3292 1760 3361 corripere
1788 3311 1807 3343 ι
1841 3304 2056 3364 oportet

485 3389 507 3424 ι
548 3373 847 3445 inquietos,
882 3378 1155 3435 consolari
1202 3381 1603 3451 pusillanimes,
1658 3385 1939 3454 suscipere
1968 3387 2056 3441 in-

487 3463 706 3530 firmos,
762 3476 816 3521 et
849 3468 1113 3537 patientes
1157 3485 1279 3526 esse
1325 3487 1452 3543 erga
1495 3488 1728 3541 omnes,
1769 3485 1824 3530 et
1856 3477 2061 3533 nemini

480 3556 687 3611 malum
738 3574 835 3627 pro
877 3560 1021 3614 malo
1068 3561 1295 3619 reddere
1321 3564 1368 3595 ⁷²
1416 3582 1431 3619 :
1489 3584 1509 3617 ι
1563 3581 1738 3636 neque
1786 3582 1915 3622 vero
1964 3569 2061 3638 qui

480 3656 668 3715 peccat
706 3649 915 3706 inimici
968 3650 1091 3707 loco
1140 3653 1426 3710 habendus
1464 3667 1585 3723 est,
1630 3658 1725 3713 sed
1754 3658 2061 3716 audiendus

479 3738 769 3808 Apostolus
812 3742 907 3813 qui
936 3744 1011 3800 ait
1034 3745 1120 3799 7’:
1156 3763 1174 3796 ι
1212 3744 1392 3803 Nolite
1420 3748 1576 3819 quasi
1617 3750 1900 3806 inimicum
1934 3753 2055 3807 exi-

480 3831 740 3899 Stimare,
792 3836 888 3891 sed
936 3838 1198 3908 corripite
1241 3849 1299 3895 ut
1348 3840 1594 3896 fratrem.
1632 3860 1653 3895 ι
1710 3840 1837 3899 Haec
1875 3852 2055 3899 autem

481 3925 666 3980 omnia
714 3936 1001 3997 propterea
1033 3945 1064 3984 a
1089 3946 1177 3986 me
1207 3932 1351 3988 dicta
1390 3942 1552 4001 sunt,
1598 3935 1745 4003 quod
1773 3934 1933 4004 juxta
1964 3934 2057 3990 Dei

482 4031 789 4092 sermonem
836 4022 1016 4091 palam
1064 4023 1247 4081 facere
1290 4027 1482 4082 vellem
1527 4027 1762 4098 principi
1803 4027 2059 4085 Ecclesia:

484 4107 808 4165 imitandum
857 4127 967 4168 non
991 4129 1113 4170 esse
1157 4116 1460 4186 principem
1509 4118 1787 4188 gentium.
1836 4134 1938 4174 nec
1961 4134 2057 4176 eos

479 4200 818 4259 aemulandos
846 4205 940 4274 qui
970 4206 1260 4276 imperium
1286 4246 1301 4271 ,
1347 4218 1741 4278 potestatemve
1766 4225 1923 4265 suam
1950 4211 2056 4265 im-

480 4301 733 4364 potenter
778 4305 1067 4363 exercent,
1118 4299 1322 4369 quique
1364 4300 1513 4370 regia
1559 4299 1820 4371 dignitate
1850 4301 2057 4370 pra-diti

481 4390 611 4437 sunt
643 4401 656 4437 :
690 4384 786 4439 sed
815 4384 1071 4443 Christus
1105 4389 1287 4458 potius
1336 4389 1392 4443 in
1433 4390 1702 4459 ejusmodi
1754 4390 1921 4446 rebus
1960 4406 2059 4460 pro

2155 655 2521 723 ἀνεγνωκέναι
2546 654 2641 708 τό·
2674 673 2692 705 ι
2734 653 3031 724 Δυνάμενοι
3058 652 3116 704 ἐν
3133 650 3287 721 βάρει
3317 645 3455 703 εἶναι
3487 648 3564 712 ὡς
3595 649 3732 720 Χρι-

2156 746 2279 800 στοῦ
2306 746 2612 808 ἀπόστολοι,
2643 745 2982 816 ἐγενήθημεν
3004 744 3154 814 ἧπιοι
3184 745 3243 795 ἐν
3274 743 3423 812 μέσῳ
3449 740 3626 811 ὑμῶν,
3658 740 3736 803 ὡς

2154 839 2247 892 ἐὰν
2269 839 2465 910 τροφὸς
2498 837 2678 910 θάλπῃ
2709 837 2779 891 τὰ
2804 837 3002 906 ἑαυτῆς
3028 834 3209 888 τέκνα.
3260 853 3279 885 ι
3325 833 3520 903 Ἐχρῆν
3565 833 3737 902 μιμήο

2155 930 2351 984 σασθαι
2379 928 2473 984 καὶ
2503 929 2594 982 τό·
2637 947 2656 979 ι
2690 931 2761 981 Ἢ
2795 926 3066 999 ἁμαρτίαν
3095 925 3344 994 ἐποίησα,
3371 922 3609 994 ἐμαυτὸν
3642 937 3733 973 τα·

2153 1020 2372 1084 πεινῶν,
2422 1020 2509 1074 ἵνα
2545 1020 2703 1090 ὑμεῖς
2731 1016 3011 1087 ύψωθῆτε;
3053 1034 3075 1067 ι
3103 1015 3167 1067 Oi.
3193 1013 3451 1083 ἄρχοντες
3494 1005 3589 1063 οὖν
3625 1008 3739 1064 τῶν

2155 1112 2252 1180 μὲν
2284 1110 2453 1164 ἐθνῶν
2486 1108 3034 1180 κατακυριευέτωσαν
3053 1103 3259 1158 αὐτῶν·
3278 1102 3375 1172 τῆς
3403 1100 3462 1154 δέ
3503 1098 3738 1168 Ἐκκλη-

2154 1203 2273 1267 σίας
2302 1202 2699 1257 δουλευέτωσαν
2727 1200 2863 1269 αὐτῇ
2884 1214 2896 1228 ·
2953 1197 3087 1254 ἀλλὰ
3137 1196 3231 1250 καὶ
3275 1195 3326 1248 οἱ
3373 1192 3598 1264 μεγάλοι
3638 1189 3739 1261 μέι

2152 1295 2262 1348 τῶν
2290 1294 2464 1348 ἐθνῶν
2497 1289 3061 1356 κατεξουσιαζέτωσαν
3084 1285 3261 1340 αὐτῶν
3276 1303 3291 1316 ·
3310 1283 3418 1337 τῶν
3444 1282 3501 1336 δέ
3526 1281 3740 1335 πιστῶν

2152 1382 2495 1437 ἀκουέτωσαν
2523 1378 2654 1433 τού·
2684 1398 2704 1430 ι
2741 1377 2958 1433 Μάθετε
2980 1377 3074 1430 ἀπ’
3097 1375 3253 1446 ἐμοῦ,
3273 1376 3354 1429 ὅτι
3384 1373 3565 1446 πραΰς
3594 1373 3737 1441 εἰμι,

2154 1475 2249 1528 καὶ
2270 1473 2522 1536 ταπεινὸς
2547 1474 2614 1541 τῇ
2646 1470 2864 1543 καρδίᾳ,
2886 1470 2977 1522 καὶ
2998 1468 3260 1539 εὑρήσετε
3289 1465 3595 1519 ἀνάπαυσιν
3613 1466 3740 1526 ταῖς

2152 1565 2349 1635 ψυχαῖς
2366 1562 2573 1633 ὑμῶν.»
2592 1560 2980 1633 Παιδευώμεθα
3010 1560 3069 1613 δὲ
3101 1558 3354 1628 καὶπρὸς
3388 1556 3450 1610 τὸ
3491 1556 3565 1627 μὴ
3594 1557 3743 1609 ἀπο-

2154 1655 2404 1727 δέχεσθαι
2450 1654 2736 1718 κολακείας
2756 1692 2772 1716 ,
2811 1652 2945 1724 μηδὲ
2985 1651 3156 1723 ἡδέως
3188 1648 3471 1703 καλεῖσθαι
3496 1647 3601 1701 ὑπὸ
3625 1646 3743 1700 τῶν

2155 1747 2476 1821 ἀνθρώπων,
2504 1746 2589 1817 ἐφ’
2619 1740 2699 1809 οἷς
2728 1745 2794 1799 ἂν
2826 1742 3066 1815 δόξωμεν
3084 1738 3144 1796 εὖ
3166 1759 3321 1806 τινας
3354 1738 3745 1810 πεποιηκέναι,

2157 1840 2461 1911 εὐεργέται.
2498 1839 2573 1892 Ού
2602 1837 2776 1892 ταῦτα
2804 1837 2861 1890 δέ
2884 1850 3064 1907 φαμεν
3100 1832 3547 1903 ἀνεπιστημόνως
3590 1850 3608 1882 ι
3638 1845 3742 1882 τα-

2157 1931 2372 1986 πεινοῦν
2399 1951 2417 1984 ι
2450 1930 2673 1992 ἐαυτοίις
2703 1927 2946 1990 θέλοντες
2966 1945 2984 1977 ι
3023 1925 3129 1979 ὑπὸ
3154 1925 3252 1997 τὴν
3295 1921 3566 1995 κραταιὰν
3580 1923 3741 1992 χεῖρα

2150 2022 2245 2076 τοῦ
2285 2021 2446 2085 Θεοῦ,
2480 2040 2498 2072 ι
2551 2019 2646 2075 καὶ
2678 2019 2819 2072 κατὰ
2845 2018 2937 2072 τὸν
2964 2017 3120 2085 λόγον
3155 2015 3342 2079 αὐτοῦ,
3377 2015 3482 2068 ὑπὸ
3513 2013 3614 2084 τὴν
3640 2013 3741 2066 ἐκ-

2152 2113 2539 2185 κλησιαστικὴν
2582 2111 2891 2165 διακονίαν·
2938 2108 3053 2162 ἐστι
3083 2107 3130 2162 δ’
3167 2109 3257 2161 ὅτε
3286 2106 3423 2178 χρὴ,
3453 2106 3596 2159 κατά
3635 2104 3745 2176 τὴν

2152 2204 2512 2274 ἀποστολικὴν
2552 2202 2766 2274 φωνὴν,
2816 2220 2835 2252 ι
2871 2200 3021 2263 τοὺς
3044 2198 3458 2271 ἁμαρτάνοντας
3506 2195 3745 2249 ἐνώπιον

2153 2298 2369 2352 πάντων
2393 2296 2655 2365 ἐλέγχειν,
2686 2295 2775 2347 ἴνα
2802 2294 2899 2346 καὶ
2928 2294 2977 2345 οἱ
3010 2292 3192 2346 λοιποὶ
3223 2288 3388 2359 φόῦον
3439 2287 3637 2358 ἔχωσιν
3655 2302 3669 2317 ·
3712 2306 3732 2338 ι

2152 2388 2267 2442 ἐστι
2292 2389 2338 2442 δ’
2368 2390 2455 2443 ὅτε
2480 2387 2579 2452 δεῖ,
2607 2387 2951 2458 χρησάμενον
2981 2386 3048 2455 τῇ
3081 2383 3320 2452 ἐξουσίᾳ,
3353 2401 3371 2433 ι
3402 2378 3742 2451 παραδοῦναὲ

2151 2498 2275 2535 τινα
2284 2479 2363 2551 τῷ
2381 2480 2595 2549 Σατανᾷ
2614 2479 2696 2541 εἰς
2714 2476 2932 2548 ὄλεθρον
2953 2476 3052 2546 τῆς
3074 2475 3294 2546 σαρκὸς,
3318 2474 3406 2527 ἵνα
3424 2473 3488 2526 τὸ
3518 2470 3743 2543 πνεῦμα

2154 2569 2299 2639 σωθῇ
2324 2570 2381 2621 ἐν
2410 2570 2474 2638 τῇ
2496 2566 2679 2638 ἡμέρᾳ⁸
2706 2563 2800 2618 τοῦ
2833 2564 3072 2635 Κυρίου·
3109 2581 3130 2616 ι
3181 2562 3421 2625 σπανίως
3458 2559 3515 2614 δὲ
3548 2559 3609 2613 τὸ
3629 2576 3739 2613 τοι-

2156 2661 2284 2716 οῦτο
2330 2657 2614 2729 ποιητέον·
2653 2675 2671 2707 ι
2713 2654 3058 2724 νουθετητέον
3089 2651 3236 2725 »γὰρ
3265 2671 3284 2704 ι
3310 2654 3437 2716 τοὺς
3469 2650 3740 2714 ἀτάκτους

2154 2752 2246 2808 καὶ
2276 2747 2702 2823 παραμυθητέον
2730 2747 2856 2810 τοὺς
2883 2745 3235 2815 ὀλιγοψύχους
3256 2784 3273 2809 ,
3320 2745 3416 2798 καὶ
3447 2741 3740 2797 ἀνθεκτέον

2153 2840 2261 2895 τῶν
2294 2836 2557 2900 ἀσθενῶν,
2595 2836 2688 2890 καὶ
2724 2834 2862 2907 πρὸς
2896 2834 3107 2897 πάντας
3153 2833 3213 2887 δέ
3266 2832 3740 2905 μακροθυμητέον,

2155 2933 2249 2989 καὶ
2276 2931 2449 2985 οὐδενὶ
2477 2930 2644 2985 κακὸν
2668 2927 2789 2981 ἀντὶ
2818 2926 2990 2981 κακοῦ
3014 2926 3322 2980 ἀποδοτέον.
3348 2944 3370 2977 ι
3406 2926 3516 2979 Καὶ
3548 2928 3609 2980 οὐ
3631 2928 3740 2998 χρὴ

2155 3020 2404 3092 ἡγεῖσθαι
2437 3017 2631 3089 ἐχθρὸν
2662 3010 2802 3070 εἶναι
2830 3015 2923 3070 τὸν
2958 3015 3373 3086 ἁμαρτάνοντα,
3415 3014 3531 3068 an?
3576 3017 3738 3069 ἀκου-

2158 3111 2308 3165 στέον
2354 3108 2449 3163 τοῦ
2519 3107 2841 3161 Ἀποστόλου
2888 3107 3139 3176 λέγοντος
3158 3122 3171 3136 ·
3209 3125 3229 3158 ι
3276 3106 3369 3178 Μὴ
3416 3107 3495 3171 ὡς
3546 3107 3743 3179 ἐχθρὸν

2158 3200 2395 3273 ἡγεῖσθε,
2432 3198 2568 3253 ἀλλὰ
2604 3198 2902 3253 νουθετεῖτε
2948 3198 3023 3263 ὡς
3078 3197 3321 3267 ἀδελφόν.
3372 3218 3391 3251 ι
3431 3199 3541 3252 Καὶ
3566 3197 3739 3253 ταῦτα

2155 3292 2335 3346 πάντα
2370 3308 2459 3361 μοι
2477 3289 2721 3344 λέλεκται
2749 3289 3056 3361 βουλομένῳ
3086 3291 3229 3346 κατά
3254 3291 3346 3345 τὸν
3368 3290 3528 3360 λόγον
3557 3307 3743 3363 παρα-

2159 3384 2375 3455 στῆσαι,
2408 3383 2491 3436 ὃτι
2518 3383 2581 3435 ού
2607 3384 2872 3454 μιμητέον
2892 3381 2971 3453 τῷ
3001 3383 3222 3454 ἄρχοντι
3266 3383 3368 3455 τῆς
3416 3382 3746 3452 Ἐκκλησίας

2162 3478 2249 3532 τὸν
2272 3477 2506 3548 ἄρχοντα
2537 3474 2644 3530 τῶν
2668 3472 2860 3537 ἐθνῶν,
2898 3473 3021 3527 οὐδέ
3049 3472 3318 3544 ζηλωτέον
3338 3475 3462 3536 τοὺς
3496 3489 3745 3527 κατακυ-

2164 3568 2459 3644 ριεύοντας,
2489 3566 2582 3620 καὶ
2606 3562 3145 3632 κατεξουσιάζοντας,
3180 3565 3277 3620 καὶ
3309 3564 3574 3637 βασιλεῖς·
3623 3564 3745 3619 ἀλλ’

2156 3668 2260 3733 ὅση
2312 3660 2540 3730 δύναμις
2571 3659 2666 3713 καὶ
2713 3660 2772 3712 ἐν
2819 3657 3030 3721 τούτοις
3075 3658 3310 3729 Χριστὸν
3341 3657 3606 3729 μιμητέον
3650 3658 3745 3711 τὸν

2161 3751 2659 3814 εύεντευκτότατον,
2678 3749 2771 3802 καί
2794 3747 3039 3817 γυναιξὶν
3057 3748 3371 3819 ὁμιλοῦντα,
3389 3748 3484 3802 καὶ
3509 3746 3755 3814 παιδίοις

2162 3840 2474 3896 ἐπιτιθέντα
2499 3842 2707 3910 χεῖρας.
2743 3840 2806 3893 Ei
2834 3839 2927 3893 καὶ
2972 3839 3193 3909 μείζονα
3223 3840 3266 3893 δ’
3295 3839 3409 3910 ἔχει
3445 3839 3601 3908 λόγον
3650 3842 3746 3894 τὸν

2175 3932 2383 4005 Ἰησοῦν
2408 3931 2728 4003 βεϐληκέναι
2755 3930 2900 4003 ὕδωρ
2923 3932 3004 3995 εἰς
3026 3932 3283 4006 νιπτῆρα,
3310 3933 3404 3985 καὶ⁸
3422 3933 3546 3995 τοὺς
3576 3931 3745 3997 πόδας

2160 4025 2269 4080 τῶν
2292 4024 2549 4096 μαθητῶν
2564 4024 2985 4094 κεκαθαρκέναι,
3009 4023 3160 4078 οὐδὲν
3180 4020 3343 4096 ἦττον
3366 4023 3460 4077 καὶ
3488 4023 3630 4077 κατά
3644 4024 3748 4093 τὴν

2159 4118 2304 4185 λέξιν
2326 4118 2617 4172 ἀκουστέον
2649 4115 2815 4171 αὑτοῦ
2848 4116 3197 4188 περὶτούτων
3210 4117 3455 4184 λέγοντος
3474 4132 3488 4145 ·
3514 4134 3531 4166 ι
3555 4116 3745 4186 Ὑμεῖς

2158 4209 2383 4277 φωνεῖτέ
2418 4226 2510 4280 με,
2536 4211 2565 4262 6
2590 4208 2925 4271 διδάσκαλος,
2960 4207 3055 4261 καὶ
3083 4209 3112 4260 6
3140 4206 3344 4278 Κύριος
3363 4245 3380 4269 ,
3428 4206 3520 4261 καὶ
3560 4204 3745 4269 καλῶς

2160 4300 2376 4368 λέγετε·
2409 4300 2524 4370 εἰμὶ
2555 4298 2682 4371 γὰρ,
2718 4319 2737 4350 ι
2773 4301 2868 4353 καὶ
2888 4299 2957 4353 τὰ
2990 4298 3147 4369 ἑξῆς·
3175 4299 3263 4352 διὰ
3283 4297 3488 4353 τούτων
3530 4297 3639 4368 γὰρ
3663 4297 3746 4351 δι-

2160 4390 2348 4446 δάσκει
2397 4387 2640 4460 μιμητὰς
2666 4387 2835 4441 αὑτοῦ
2875 4388 2974 4457 τῆς
3025 4389 3315 4459 ἐπαινετῆς
3357 4388 3747 4458 ταπεινότητος

481 4471 624 4572 virili
657 4473 959 4531 imitandus
1002 4487 1104 4545 est,
1137 4480 1203 4534 ad
1230 4495 1394 4550 quem
1427 4481 1670 4536 facillimi
1697 4494 1827 4537 sunt
1855 4483 2055 4547 aditus,

2162 4480 2406 4551 γίνεσθαι
2439 4481 2565 4544 τοὺς
2596 4478 2862 4550 μαθητάς.
2893 4479 3046 4550 Τάχα
3071 4479 3129 4533 δὲ
3158 4480 3252 4533 καὶ
3280 4477 3402 4532 ἐπεὶ
3432 4478 3635 4550 Κύριος
3665 4477 3745 4530 ὢν

481 4565 577 4631 qui
627 4578 752 4617 cum
781 4565 1107 4621 mulieribus
1139 4576 1494 4627 conversatur
1514 4609 1529 4635 ,
1561 4581 1615 4625 et
1640 4572 1822 4640 pueris
1863 4587 2055 4626 manus

2163 4576 2474 4631 ἐδούλευσεν
2502 4574 2643 4645 ὑπὲρ
2664 4571 2965 4644 ἀνθρώπων
2995 4572 3267 4641 σωτηρίας
3287 4568 3365 4640 τῷ
3389 4569 3535 4637 γένει
3561 4567 3741 4639 ἡμῶν.

482 4652 715 4721 imponit
746 4673 761 4709 :
797 4653 983 4712 Jesum
1018 4672 1147 4713 vero
1172 4659 1228 4713 in
1259 4660 1456 4730 pelvim
1492 4677 1690 4731 aquam
1727 4662 2059 4731 profudisse,

480 4753 535 4799 ct
563 4744 957 4815 discipulorum
1005 4750 1169 4823 pedes
1208 4754 1470 4821 tersisse,
1510 4754 1761 4823 quamvis
1799 4754 2059 4823 majorem

481 4850 707 4893 sensum
764 4842 1061 4910 contineat,
1117 4843 1479 4900 nihilominus
1531 4856 1712 4899 tamen
1760 4845 1826 4899 de
1872 4845 1938 4899 iis
1980 4845 2061 4901 sic

483 4926 602 4996 ipse
628 4929 859 5000 loquens
888 4931 942 4985 in
977 4947 1138 4988 sacro
1165 4942 1424 4989 contextu
1465 4933 1834 4990 audiendus"
1868 4953 1881 4989 :
1918 4932 2059 4991 «Vos

479 5021 691 5077 Vocatis
720 5038 840 5089 me,
871 5023 1161 5096 Magister,
1197 5035 1252 5081 et
1279 5024 1536 5091 Domine,
1566 5034 1621 5081 et
1660 5026 1798 5082 bene
1826 5026 2006 5082 dicitis
2041 5046 2054 5081 :

481 5127 605 5168 sum
638 5113 863 5181 etenim,
895 5135 914 5169 ι
948 5126 1002 5173 et
1035 5125 1267 5185 caztera;
1299 5117 1367 5173 ad
1400 5117 1723 5173 laudabilem
1761 5117 1906 5172 enim
1938 5134 2055 5174 mo-

2162 4663 2303 4720 κατά
2331 4663 2490 4717 τοῦτο
2519 4663 2736 4731 λέγεται
2766 4663 2977 4734 μορφὴν
3004 4660 3190 4716 δούλου
3228 4658 3596 4728 ἀνειληφέναι,
3649 4657 3747 4711 καὶ

2161 4754 2616 4811 τεταπεινωκέναι
2637 4753 2830 4807 ἐαυτὸν
2863 4752 3140 4823 γινόμενον
3176 4752 3414 4821 ὑπήκοον
3444 4749 3607 4820 μέχρι
3646 4746 3748 4801 θα·-

2162 4847 2320 4901 νάτου
2341 4863 2353 4876 ·
2388 4845 2483 4900 καὶ
2510 4845 2668 4915 εἴπερ
2683 4844 2771 4897 διὰ
2795 4842 2951 4897 τοῦτο
2974 4844 3003 4895 6
3029 4842 3161 4905 Θεὸς
3179 4840 3339 4895 αὐτὸν
3364 4840 3747 4911 ὑπερύψωσεν,

2164 4938 2192 4991 6
2227 4937 2547 5009 βουλόμενος
2579 4935 2845 5005 ὑψοῦσθαι
2868 4934 2936 4989 τὰ
2961 4934 3317 5006 παραπλήσια
3353 4933 3635 5002 ποιησάτω
3666 4932 3748 5003 τῷ

2164 5027 2251 5082 διὰ
2278 5029 2404 5081 τάδε
2436 5027 2558 5081 τινὰ
2586 5026 2993 5098 ὑπερυψοῢσθαι
3014 5044 3025 5056 ·
3065 5026 3159 5080 καὶ
3199 5025 3307 5097 γὰρ
3358 5025 3486 5089 Υἱὸς
3517 5023 3610 5077 τοῦ
3649 5024 3745 5078 ἀν-

2166 5119 2385 5191 θρώπου
2407 5120 2456 5173 εἰ
2482 5119 2575 5172 καὶ
2601 5117 2911 5191 διηκονήθη,
2930 5120 3094 5190 ἡνίκα
3129 5137 3148 5171 ι
3166 5118 3390 5187 ἄγγελοι
3414 5115 3744 5189 προσῆλθον,

1702 5255 1934 5312 VETUS
1978 5253 2561 5313 lNTERPBETATlO.

483 5406 695 5473 tantum
727 5397 901 5473 erevit
940 5397 1297 5473 ministrans,
1322 5407 1384 5473 ut
1416 5399 1655 5454 animam
1684 5392 2027 5473 suamdaret
2053 5401 2619 5473 redemptionempro
2652 5397 2960 5473 multis‘qui
2987 5393 3335 5473 crediderunt
3363 5391 3418 5447 in
3448 5407 3598 5473 eum.
3640 5390 3744 5473 Cu}

481 5470 632 5544 dedit
659 5469 1090 5544 a_nim_am_suam
1117 5468 1544 5544 redemptionem
1579 5485 1678 5539 pro
1706 5470 1929 5544 multis?
1963 5469 2074 5544 Nec
2108 5462 2262 5544 enini
2289 5462 2539 5544 convenit
2571 5471 2751 5544 dicere
2769 5510 2802 5544 ,_
2830 5462 2981 5544 Déo._
3009 5463 3085 5518 Ne
3128 5462 3734 5544 forteergomalignu?

487 5538 578 5593 Ille
608 5539 754 5611 enim
783 5537 1175 5611 dominabatur
1204 5538 1259 5611 in
1289 5534 1469 5611 nobis,
1505 5534 1678 5595 donec
1709 5541 1937 5594 daretur
1962 5542 2012 5596 ei
2044 5543 2200 5597 nobis
2233 5542 2532 5611 redemptio
2562 5541 2753 5611 anima
2775 5535 3179 5611 Jcsu,_decepto
3206 5534 3455 5611 videlicet
3475 5541 3529 5587 et
3553 5534 3748 5586 existi-

485 5610 655 5663 manti
688 5608 849 5678 quasi
877 5608 1051 5678 possit
1087 5608 1360 5665 dominari
1402 5609 1555 5680 ejus,
1603 5618 1657 5664 et
1685 5624 1793 5663 non
1823 5610 2024 5666 videnti
2065 5613 2195 5681 quia
2228 5628 2336 5667 non
2383 5604 2583 5682 poterit
2618 5609 2891 5665 sustinere
2939 5606 2994 5658 in
3027 5604 3261 5660 tenendo
3290 5618 3411 5658 eam
3444 5612 3741 5657 tormenta.

557 5767 603 5798 θ’·
635 5765 768 5822 Luc.
796 5783 849 5833 ς,
875 5768 965 5823 27.
1063 5768 1110 5807 ⁸⁸
1145 5764 1276 5822 ibid.
1300 5768 1393 5824 εξ).
1493 5769 1538 5800 ⁸⁸
1572 5766 1588 5821 l
1620 5767 1814 5823 Thess.
1843 5783 1902 5833 ιι,
1946 5766 1995 5820 7.

2180 5766 2223 5822 ll
2254 5768 2380 5822 Cor.
2445 5781 2520 5830 xl,
2549 5763 2598 5816 7.
2700 5762 2744 5795 ⁸⁸
2772 5760 3067 5833 Maltin._xr,
3098 5759 3190 5816 29.
3302 5757 3386 5833 fil
3420 5756 3563 5814 Pclr.
3598 5773 3648 5824 v,
3684 5758 3744 5817 6.

489 5835 576 5889 "l
607 5834 746 5889 Tim.
778 5829 948 5904 v,'°20.
1023 5839 1064 5870 ⁷¹
1091 5837 1111 5891 l
1140 5837 1266 5895 Cor.
1313 5854 1366 5909 ν,
1393 5838 1446 5895 5.
1522 5840 1566 5870 ⁷’
1593 5841 1613 5892 l
1648 5838 1839 5894 Thess.
1872 5829 1924 5905 ν,
1952 5837 2037 5905 Η,

2157 5879 2177 5905 .,
2240 5838 2285 5870 ⁷³
2312 5839 2354 5891 ll
2385 5835 2575 5892 Thess.
2612 5849 2693 5897 ιιι,
2728 5833 2809 5887 15.
2887 5832 2932 5864 τ’·
2961 5829 3118 5886 Joan.
3154 5844 3273 5895 χιιι,
3305 5830 3385 5885 l5.
