4086 6414
478 392 502 446 ί
511 393 616 449 399

1917 373 2244 432 ORIGENIS

3603 401 3743 458 ιιοο

476 508 643 563 tionis
675 527 688 565 :
725 508 822 565 sed
866 509 1107 580 pretioso
1151 509 1454 582 sanguine;
1492 528 1516 563 ν
1562 511 1640 566 ait
1665 525 1796 569 vero
1825 509 2043 580 Aposto-

2161 513 2365 585 λείψεις
2414 517 2510 590 τὴν
2550 518 2726 598 ψυχή-ν
2775 539 2875 590 μου
2917 523 2996 586 εἰς
3068 522 3224 594 ᾅδην.
3275 540 3295 573 ι
3337 520 3631 592 Γενόμενος
3684 523 3744 575 δὲ

476 597 566 652 lus
589 599 636 629 ⁸²
683 615 697 652 :
743 616 762 650 ι
795 597 976 653 Pretio
1009 600 1173 668 empti
1208 601 1340 656 estis
1362 641 1378 668 ,
1425 600 1592 656 nolite
1622 601 1739 656 fieri
1771 599 1912 656 servi
1950 600 2050 653 ho-

476 689 686 742 minum
725 707 739 742 :
773 708 792 741 ι
831 690 1067 758 pretioso
1113 704 1244 761 ergo
1270 689 1397 746 Jesu
1443 693 1714 762 sanguine
1759 695 1926 762 empti
1955 709 2050 748 su-

475 792 628 844 mus;
673 779 852 832 anima
896 793 1025 833 vero
1073 779 1166 834 Dei
1217 778 1341 833 Filii
1393 781 1786 850 redemptionis
1814 782 2048 850 pretium

473 883 572 938 pro
599 869 756 922 nobis
781 869 904 923 data
939 881 1059 935 est,
1104 885 1212 925 non
1240 880 1424 925 autem
1453 873 1681 941 spiritus
1706 873 1858 942 ejus,
1893 882 2051 928 antea

469 958 616 1012 enim
661 958 806 1012 Patri
849 974 975 1013 eum
1025 960 1531 1017 tradideratdicens
1554 962 1601 993 ⁸⁸
1653 980 1665 1016 :
1705 981 1724 1012 ι
1767 960 1960 1024 Pater,
1995 963 2049 1015 in

470 1064 666 1103 manus
691 1059 812 1105 tuas
839 1051 1169 1106 commendo
1217 1052 1470 1120 spiritum
1503 1068 1686 1108 meum
1725 1069 1741 1108 :
1771 1073 1790 1106 ι
1826 1053 1918 1107 sed
1954 1067 2049 1105 ne-

468 1156 574 1208 que
603 1155 838 1209 corpus,
894 1141 1028 1194 nihil
1075 1143 1220 1195 enim
1271 1141 1541 1209 ejusmodi
1591 1143 1657 1196 de
1705 1142 1799 1195 illo
1831 1143 2049 1210 scriptis

468 1231 726 1285 traditum
793 1232 1182 1300 comperimus.
1261 1230 1330 1288 Et
1388 1233 1648 1302 quoniam
1714 1248 1811 1302 pro
1862 1233 2048 1288 multis

468 1323 650 1375 anima
699 1323 873 1391 ipsius
927 1323 1318 1391 redemptionis
1371 1323 1604 1392 pretium
1635 1323 1761 1376 data
1796 1331 1900 1390 est,
1947 1339 2048 1376 nec

468 1414 613 1483 apud
664 1430 788 1467 eum
839 1415 1124 1479 remansit,
1156 1416 1241 1468 cui
1270 1415 1657 1483 redemptionis
1682 1415 1914 1484 pretium
1948 1430 2048 1484 pro

468 1504 658 1558 multis
687 1505 810 1558 data
845 1504 1266 1569 fuerat,idcirco
1297 1504 1348 1558 in
1372 1505 1584 1560 decimo
1610 1505 1804 1576 quinto
1833 1506 2047 1576 psalmo

465 1601 544 1654 ait
576 1599 666 1653 “z
715 1619 734 1651 ι
769 1599 886 1653 Νοιι
931 1600 1284 1669 derelinques
1328 1601 1572 1654 animam
1620 1616 1798 1655 meam
1851 1602 1904 1655 in
1958 1604 2033 1656 in-

467 1692 641 1746 l'erno.
677 1710 696 1742 ι
742 1689 940 1745 Verum
985 1691 1206 1760 quando
1237 1691 1303 1745 ad
1339 1690 1484 1746 hunc
1509 1691 1694 1746 locum
1723 1693 1892 1748 semel
1925 1709 2046 1762 per-

465 1783 610 1845 veni,
645 1796 899 1850 perversa
929 1797 993 1835 ae
1031 1782 1306 1838 malesana
1341 1797 1400 1836 se
1432 1783 1579 1851 loqui
1607 1797 1710 1838 eos
1732 1798 2046 1838 commone-

2158 605 2308 671 ἅπαξ
2334 608 2474 661 κατὰ
2507 611 2599 662 τὸν
2645 613 2842 675 τόπον,
2893 614 3263 683 ὑπομνήσαιμ’
3319 612 3384 666 ἂν
3434 612 3561 675 τοὺς
3609 629 3746 678 φαν-

2156 698 2324 769 τασίᾳ
2345 697 2652 768 δοξολογίας
2676 703 2776 772 τῆς
2814 705 2941 773 περὶ
2982 704 3075 756 τοῦ
3126 703 3361 776 Χριστοῦ
3406 705 3745 774 συγχέαντας

2155 789 2224 841 τὰ
2251 789 2378 860 περὶ
2399 791 2493 843 τοῦ
2518 792 2868 861 Πρωτοτόκου
2893 795 3002 864 (75)
3022 795 3202 865 πάσης
3222 796 3451 858 κτίσεως
3480 798 3590 859 τοῖς
3611 797 3744 868 περὶ

2155 876 2334 948 ψυχῆς
2369 879 2463 930 καὶ
2491 879 2593 932 τοῦ
2607 879 2856 951 σώματος
2888 883 3084 952 Ἰησοῦ,
3102 885 3312 954 τάχαδὲ
3344 887 3439 937 καί
3465 884 3558 937 τοῦ
3574 884 3743 939 πνεύ-

2159 985 2326 1038 ματος
2357 971 2541 1034 αὑτοῦ,
2573 973 2685 1035 καὶ,
2710 972 2768 1025 ἒν
2808 974 2982 1044 πάντη
3012 974 3310 1029 ἀσύνθετον
3337 977 3622 1045 οίομένους
3664 972 3744 1029 εἷο

2156 1076 2244 1112 ναι
2271 1060 2332 1112 τὸ
2363 1059 2525 1129 όφθὲν
2557 1063 2649 1114 καὶ
2678 1063 3023 1132 ὲπιδημῆσαν
3061 1063 3141 1134 τῷ
3173 1064 3290 1135 βίῳ,
3339 1067 3424 1118 ὅτε
3463 1065 3538 1136 μὴ
3569 1065 3744 1134 ὑγιῶς

2155 1148 2400 1219 λέγουσι·
2435 1150 2734 1222 πυθώμεθα
2771 1152 2880 1224 γὰρ
2927 1152 3106 1206 αὐτῶν
3153 1156 3202 1206 εἰ
3242 1155 3274 1224 ή
3318 1154 3534 1226 θειότης
3585 1173 3604 1206 ι
3636 1155 3742 1226 τῆς

2153 1242 2360 1306 είκόνος
2392 1243 2486 1296 τοῦ
2529 1243 2665 1296 Θεοῦ
2693 1243 2789 1296 τοῦ
2813 1243 3069 1314 ἀοράτου,
3109 1245 3242 1297 »καὶ
3279 1246 3315 1315 ἡ
3353 1245 3594 1317 ὑπεροχὴ
3640 1245 3742 1299 τοῦ

2159 1351 2177 1384 t
2207 1333 2562 1405 Πρωτοτόκου
2584 1335 2760 1405 πάσης
2777 1335 3025 1398 κτίσεως,
3040 1354 3056 1386 ι
3081 1337 3129 1388 εἰ
3149 1337 3376 1399 ἐκεῖνος,
3395 1355 3413 1387 ι
3438 1337 3497 1388 ὲν
3523 1331 3567 1404 ᾧ
3586 1336 3738 1390 ἐκτι-

2155 1443 2278 1480 σται
2305 1426 2372 1479 τὰ
2406 1425 2582 1480 πάντα
2616 1425 2685 1479 τὰ
2726 1428 2782 1480 ὲν
2815 1428 2928 1489 τοῖς
2973 1428 3226 1496 οὐρανοῖς
3270 1429 3367 1481 καὶ
3406 1430 3475 1483 τὰ
3508 1430 3598 1482 ἐπὶ
3635 1430 3740 1500 τῆς

2152 1517 2278 1587 γῆς,
2312 1518 2420 1571 εἴτε
2453 1518 2644 1590 ὁρατὰ,
2681 1519 2790 1571 εἴτε
2827 1518 3059 1590 ἀόρατα,
3102 1518 3213 1571 εἴτε
3257 1519 3454 1590 θρόνοι,
3499 1520 3609 1574 εἴτε
3638 1538 3738 1574 κυ-

2157 1608 2421 1680 ριότητες,
2462 1611 2571 1663 εῐτε
2613 1609 2799 1682 ἀρχαὶ,
2828 1611 2939 1662 εἴτε
2979 1609 3245 1675 ἐξουσίαι,
3286 1630 3304 1661 ι
3339 1610 3532 1683 λύτρον
3575 1612 3736 1684 ἐδόθη

2151 1697 2271 1751 ἀντὶ
2299 1697 2508 1752 πολλῶν
2531 1715 2545 1728 °
2583 1699 2812 1752 καὶ-τίνι
2840 1699 2996 1769 ὲδόθη
3025 1699 3207 1770 ἐκείνη
3234 1699 3449 1771 λύτρον,
3493 1701 3740 1772 πολεμίῳ

2152 1789 2435 1860 κατέχοντι
2480 1792 2628 1861 ἡμᾶς
2669 1790 3064 1862 αἰχμαλώτους,
3092 1791 3196 1855 ἕως
3227 1790 3365 1865 λάϐῃ
3396 1793 3458 1845 τὸ
3502 1792 3694 1866 λύτρον
3717 1810 3736 1825 ο

464 1871 639 1928 factos
671 1874 828 1928 velim
852 1915 866 1936 ,
915 1873 1009 1944 qui
1039 1873 1246 1928 Christi
1277 1875 1502 1941 gloriam
1535 1877 1811 1930 celebrare
1839 1891 1896 1931 se
1924 1876 2042 1930 exi-

2147 1883 2241 1936 καὶ
2270 1885 2320 1936 εἰ
2358 1881 2552 1954 ἐχώρει
2585 1883 2646 1936 τὸ
2667 1883 2982 1954 τηλικοῦτον
3010 1883 3106 1936 καὶ
3129 1883 3380 1937 τοσοῦτον
3406 1886 3612 1949 ἐκεῖνος
3638 1885 3736 1938 λύ-

460 1967 767 2035 stimantes,
804 1983 928 2038 quae
971 1969 1036 2022 ad
1079 1967 1510 2040 Primogenitum
1559 1973 1738 2025 omnis
1780 1981 2047 2026 creaturae

461 2059 746 2130 pertinent
766 2076 889 2114 cum
925 2060 998 2115 iis
1018 2061 1361 2116 confundunt
1393 2077 1515 2132 quae
1549 2071 1798 2130 spectant
1827 2063 1893 2116 ad
1930 2064 2045 2118 ani-

463 2166 608 2206 mam
646 2160 700 2205 et
728 2166 930 2220 corpus
977 2150 1127 2217 Jrsn,
1177 2151 1408 2208 fortasse
1439 2154 1600 2223 727
1635 2163 1689 2208 et
1726 2154 1895 2223 ipsius
1930 2155 2042 2224 spi-

462 2242 662 2309 ritum;
711 2252 766 2297 et
809 2244 955 2297 aliud
1001 2244 1226 2298 omnino
1276 2245 1510 2314 simplex
1562 2260 1683 2300 esse
1729 2246 2038 2313 opinantur,

459 2334 608 2405 quod
636 2335 838 2398 visum,
869 2344 924 2390 et
950 2335 1004 2389 in
1034 2324 1136 2391 liac
1172 2335 1280 2390 vita
1313 2347 1694 2392 conversatum
1723 2347 1807 2393 est
1837 2356 1851 2392 :
1877 2338 1947 2392 ab
1976 2339 2045 2394 iis

457 2426 602 2480 enim
644 2425 989 2480 sciscitamur
1011 2467 1025 2491 ,
1085 2441 1153 2480 an
1199 2427 1458 2483 divinitas
1491 2447 1510 2479 ι
1546 2428 1800 2498 imaginis
1829 2427 1920 2483 Dei
1954 2429 2040 2483 in-

457 2518 690 2573 visibilis
712 2558 726 2581 ,
761 2527 816 2574 et
838 2517 1189 2589 Primogeniti
1217 2520 1397 2575 omnis
1425 2527 1693 2575 creaturae
1722 2539 1741 2572 ι
1772 2529 2039 2590 praestan-

457 2610 555 2675 tia,
606 2624 673 2663 an
718 2609 807 2664 ille
843 2627 861 2660 ι
902 2609 956 2664 in
991 2623 1102 2681 quo
1145 2610 1361 2666 condita
1399 2619 1527 2666 sunt
1556 2612 1810 2667 universa
1843 2611 1896 2666 in
1929 2627 2042 2667 cm-

455 2701 553 2762 lis,
590 2701 722 2754 etin
755 2711 934 2768 terra,
972 2693 1350 2757 sive'visibilia
1372 2745 1385 2766 ,
1422 2703 1537 2758 sive
1568 2703 1892 2770 invisibilia,
1926 2705 2041 2760 sive

455 2791 672 2860 throni,
723 2793 837 2846 sive
864 2793 1268 2848 dominationes
1288 2833 1303 2857 ,
1354 2794 1468 2847 sive
1497 2794 1837 2864 principatus
1857 2835 1872 2858 ,
1925 2796 2040 2852 sive

453 2891 750 2952 potestates
779 2885 825 2916 ⁸³⁵
864 2901 883 2935 ι
919 2885 1154 2952 pretium
1181 2884 1573 2954 redemptionis
1603 2899 1703 2955 pro
1726 2887 1914 2943 multis
1940 2888 2040 2944 da-

455 2986 542 3030 tus
579 2977 683 3042 sit;
730 2983 786 3029 et
811 2975 1030 3030 cuinam
1064 2974 1456 3045 redemptionis
1497 2976 1732 3046 pretium
1793 2978 1907 3033 haec
1948 2980 2039 3035 di-

2141 1989 2269 2045 τρον
2301 1973 2422 2026 ἀντὶ
2470 1973 2580 2026 τῶν
2625 1974 2987 2044 αἰχμαλώτων
3030 1973 3233 2028 λαϐεἰν.
3287 1975 3399 2028 Καὶ
3447 1976 3506 2028 οὐ
3558 1975 3737 2031 ταῦτά

2143 2081 2284 2135 φημι
2315 2063 2391 2128 ὡς
2428 2065 2784 2136 καταφρονῶν
2812 2067 2910 2137 τῆς
2933 2066 3111 2136 ψυχῆς
3147 2065 3344 2137 Ἰησοῦ,
3382 2067 3475 2121 καὶ
3502 2068 3738 2141 σμαρύ-

2139 2174 2248 2210 νων
2296 2157 2488 2228 αὐτὴν,
2537 2157 2673 2210 ἀλλὰ
2716 2157 3040 2228 βουλόμενος
3082 2159 3288 2229 ταύτην
3332 2159 3430 2230 μὲν
3473 2160 3616 2213 κατὰ
3672 2161 3739 2215 τὸ

2139 2247 2484 2317 ἐνδεχόμενον
2511 2247 2705 2318 λύτρον
2735 2248 2982 2302 δεδόσθαι
3014 2249 3118 2302 ὑπὸ
3149 2249 3244 2303 τοῦ
3285 2249 3408 2304 ὅλου
3438 2251 3691 2322 Σωτῆρος
3715 2268 3735 2284 ο

2145 2337 2245 2408 τὴν
2286 2337 2342 2390 δὲ
2383 2339 2656 2409 ὑπεροχὴν
2702 2339 2793 2392 καὶ
2827 2337 2926 2409 τὴν
2967 2337 3198 2410 θεότητα
3244 2340 3458 2411 ἐκείνην
3503 2342 3624 2412 μηδ’
3667 2341 3741 2396 ἂν

2144 2425 2468 2497 δεδυνῆσθαι
2516 2426 2709 2498 λύτρον
2754 2426 2972 2499 δοθῆναι
2999 2445 3012 2458 °
3065 2430 3203 2500 πλὴν
3247 2431 3485 2502 σήμερον
3517 2433 3578 2484 ού
3623 2431 3741 2485 λύω

2143 2517 2236 2570 τδν
2273 2517 2486 2588 Ἰησοῦν
2509 2519 2619 2574 ἀπὸ
2637 2518 2729 2572 τοῦ
2763 2519 3021 2590 Χριστοῦ,
3052 2521 3187 2574 ἀλλὰ
3218 2521 3401 2593 πολλῷ
3433 2521 3595 2575 πλέον
3617 2518 3736 2576 οἶδα

2145 2609 2204 2662 ἒν
2237 2605 2377 2663 εἶναι
2421 2609 2625 2681 Ἰησοῦν
2659 2609 2755 2663 τὸν
2784 2611 3038 2682 Χριστὸν,
3069 2613 3164 2666 καὶ
3203 2613 3302 2683 τὴν
3329 2613 3506 2684 ψυχὴν
3543 2613 3735 2679 αὐτοῦ,

2145 2704 2286 2775 πρὸς
2316 2703 2410 2756 τὸν
2443 2721 2461 2754 ι
2495 2703 2844 2773 Πρωτότοκον
2894 2704 3074 2774 πάσης
3117 2706 3343 2769 κτίσεως
3363 2723 3378 2736 ο
3418 2726 3438 2758 ι
3473 2704 3610 2759 ἀλλὰ
3639 2707 3736 2760 καὶ

2143 2795 2207 2848 τὸ
2234 2794 2394 2865 σῶμα
2430 2794 2618 2858 αὐτοῦ,
2645 2795 2721 2856 ὡς
2745 2794 2927 2858 πλέον,
2959 2797 3007 2847 εί
3034 2796 3114 2848 δεῖ
3141 2795 3314 2860 οὓτως
3341 2797 3628 2867 ὀνομάσαι,
3656 2793 3736 2850 εἷ-

2142 2903 2231 2940 ναι
2258 2886 2316 2939 ἓν
2346 2886 2462 2942 ὅλον
2490 2885 2670 2953 τοῦτο,
2697 2886 2838 2956 ὅπερ.
2873 2903 2891 2936 ι
2919 2887 2949 2939 ὁ
2976 2885 3315 2958 κολλώμενος
3350 2888 3433 2959 τῷ
3456 2890 3650 2962 Κυρίῳ
3677 2888 3739 2942 ἓν

2144 2979 2362 3050 πνεῦμά
2393 2980 2559 3031 ἐστιν.
2581 3004 2598 3037 υ

450 3068 653 3122 τίιιίιιιιι
693 3068 818 3123 data
865 3068 972 3133 sit;
1019 3082 1088 3122 an
1127 3068 1271 3124 hosti
1317 3069 1561 3138 captivos
1609 3084 1710 3126 nos
1760 3072 2063 3142 detinenti,
2113 3077 2289 3133 donec
2338 3073 2730 3142 redemptionis
2787 3076 3094 3130 mercedem
3162 3076 3511 3146 accepisset?
3563 3087 3616 3132 et
3657 3092 3733 3133 an

451 3163 567 3232 ipse
611 3161 736 3217 talis
772 3176 835 3216 ac
875 3169 1038 3215 tanta:
1073 3161 1337 3216 mercedis
1375 3176 1473 3231 pro
1501 3162 1732 3232 captivis
1779 3165 2102 3236 recipiendae.
2152 3183 2326 3239 capax
2369 3166 2566 3221 fuerit?
2623 3165 2733 3220 Nec
2773 3182 2837 3220 ea
2876 3181 3010 3222 vero
3033 3167 3236 3222 ideirco
3265 3183 3297 3221 a
3331 3184 3423 3222 me
3449 3170 3730 3235 dicuntur,

449 3255 598 3326 quod
648 3255 886 3310 animam
927 3255 1054 3312 Jesu
1113 3257 1448 3327 despiciam,
1485 3273 1717 3328 eamque
1758 3260 2060 3331 deprimam
2102 3279 2167 3319 ac
2214 3271 2533 3328 extenuem;
2568 3260 2662 3316 sed
2715 3259 2769 3314 id
2809 3261 3146 3316 contendens
3171 3302 3185 3326 ,
3235 3262 3470 3315 animam
3511 3261 3733 3332 quidem

449 3364 482 3402 a
515 3355 627 3402 toto
671 3345 958 3403 Servatore
982 3349 1372 3418 redemptionis
1414 3349 1645 3420 pretium
1685 3350 1856 3408 fuisse
1896 3354 2101 3423 datam,
2141 3353 2323 3425 quoad
2369 3353 2488 3422 ejus
2525 3353 2638 3407 ﬁeri
2688 3353 2896 3422 potuit;
2949 3353 3324 3407 excellentiam
3364 3363 3541 3407 autem
3578 3354 3733 3408 illam

449 3447 505 3491 et
532 3437 864 3493 divinitatem
891 3440 1124 3509 pretium
1155 3440 1545 3510 redemptionis
1580 3441 1696 3496 dari
1726 3442 2045 3513 neutiquam
2085 3443 2348 3513 potuisse.
2392 3441 2578 3496 Jesum
2615 3442 2798 3512 itaque
2826 3457 2858 3496 a
2900 3442 3118 3498 Christo
3164 3444 3324 3498 hodie
3369 3459 3474 3497 non
3518 3445 3729 3510 divido,

449 3531 544 3588 sed
594 3532 766 3586 multo
813 3533 989 3603 magis
1025 3532 1166 3588 idem
1205 3549 1326 3589 esse
1369 3533 1556 3590 Jesum
1597 3533 1916 3604 Christum,
1952 3537 2235 3608 ipsiusque
2282 3538 2522 3591 animam
2571 3551 2842 3604 agnosco,
2889 3552 2953 3593 ac
3011 3557 3029 3588 ι
3067 3537 3496 3608 Primogenitnm
3547 3540 3735 3596 omnis

449 3634 717 3681 creatura:
765 3625 842 3693 '3;
899 3647 917 3679 ›
974 3626 1068 3682 sed
1116 3637 1172 3683 et
1209 3644 1410 3700 corpus
1458 3630 1639 3696 illius,
1689 3632 1846 3702 quasi
1877 3634 2001 3703 plus
2033 3633 2275 3705 aliquid,
2326 3633 2373 3687 si
2406 3632 2477 3688 ita
2507 3632 2654 3702 loqui
2697 3631 2780 3686 fas
2813 3642 2928 3699 est,
2974 3648 3143 3688 unum
3189 3633 3321 3689 illud
3367 3645 3539 3690 totum
3579 3650 3733 3704 esse,

449 3721 597 3788 quod
639 3737 657 3769 ι
694 3720 977 3776 adhaerens
1012 3721 1240 3778 Domino
1265 3739 1410 3779 unus
1440 3723 1669 3794 Spiritus
1699 3734 1781 3782 est
1810 3726 1875 3779 ⁸⁷.
1914 3745 1932 3778 ι

985 3815 1062 3870 De
1094 3807 1298 3872 duobus
1331 3820 1504 3874 cazcis.

523 3908 577 3960 9.
627 3926 644 3957 ι
685 3906 751 3962 Et
779 3907 1185 3978 egredientibus
1211 3909 1316 3964 illis
1344 3910 1413 3964 ab
1440 3908 1694 3973 Jericho.
1740 3920 1926 3967 secuta
1953 3920 2041 3968 est

449 4012 576 4054 eum
608 3999 764 4054 turba
799 3999 966 4054 multa
997 4017 1012 4055 :
1047 4008 1102 4054 et
1126 4015 1253 4056 ecce
1285 4001 1396 4055 duo
1423 4003 1550 4058 caeci
1591 4004 1844 4059 sedentes
1878 4019 2038 4060 secus

453 4092 598 4146 viam
625 4092 704 4156 ⁸⁸,
744 4112 763 4145 ι
818 4101 872 4147 et
911 4091 1144 4162 reliqua.
1204 4091 1345 4148 Vera
1377 4101 1495 4148 esto
1519 4109 1704 4149 rerum
1731 4133 1747 4159 ,
1783 4110 1904 4164 quae
1935 4096 2040 4150 hoc

452 4183 576 4240 loco
617 4193 945 4249 narrantur,
981 4183 1244 4252 historia,
1272 4193 1327 4241 et
1364 4183 1684 4243 Jerichunte
1708 4202 1833 4241 cum
1870 4187 2042 4244 disci-

452 4276 596 4344 putis
637 4283 924 4332 exeuntem
956 4271 1146 4330 Iesum
1183 4274 1339 4329 turba
1385 4275 1578 4346 ingens
1622 4284 1809 4332 secuta
1846 4279 1947 4343 sit;
1981 4285 2036 4332 et

451 4385 623 4441 prope
661 4369 801 4423 viam
839 4383 946 4437 qua
996 4367 1317 4425 Jerichunte
1368 4364 1567 4426 exitur,
1605 4361 1860 4417 sedentes
1910 4373 2040 4415 eteo:

455 4463 584 4523 duo,
621 4475 745 4515 cum
775 4459 896 4513 illac
928 4457 1156 4513 transire
1184 4455 1370 4511 Jesum
1417 4454 1774 4519 inaudissent,
1803 4453 2040 4508 clamore

457 4553 671 4609 sublato
706 4551 943 4608 dixerint
984 4568 997 4602 :
1044 4569 1062 4602 ι
1108 4549 1369 4610 Domine.
1409 4548 1668 4602 miserere
1705 4545 1912 4609 nostri,
1964 4543 2041 4600 ﬁli

458 4644 626 4699 David
649 4645 717 4710 8°,
758 4663 776 4696 ι
809 4652 972 4712 atque
1002 4641 1056 4696 in
1091 4641 1158 4696 iis
1189 4655 1310 4710 quae
1343 4639 1540 4708 scripta
1569 4646 1699 4693 sunt
1733 4634 2042 4690 vociferan-

458 4735 543 4791 dis
587 4733 997 4800 consenserint;
1045 4743 1101 4788 et
1142 4741 1363 4803 propter
1407 4747 1579 4787 caecos
1616 4726 2043 4784 misericordiam

459 4827 813 4898 implorantes
843 4825 1098 4881 restitans
1129 4824 1289 4880 Jesus
1322 4838 1416 4878 eos
1453 4821 1744 4886 vocaverit,
1776 4835 1844 4874 ne
1870 4828 2048 4874 trans—

2564 3815 2703 3885 Περὶ
2736 3815 2856 3870 τῶν
2891 3814 2999 3869 δύο
3025 3817 3289 3886 τυφλῶν.

2213 3929 2232 3964 t
2261 3910 2374 3965 Καὶ
2403 3909 2853 3981 ἐκπορευομένων
2877 3907 3056 3962 αὐτῶν
3089 3910 3197 3962 ἀπὸ
3235 3909 3466 3981 Ἰεριχὼ,
3496 3908 3730 3980 ἡκολού-

2138 4003 2304 4077 θησεν
2337 4002 2488 4072 αὐτῷ
2520 4001 2675 4072 ὄχλος
2699 3999 2900 4064 πολύςο
2930 4001 3025 4054 καὶ
3060 4001 3168 4054 ἰδοὺ
3200 4000 3293 4054 δύο
3332 4001 3522 4071 τυφλοὶ
3554 4000 3733 4073 καθή-

2142 4112 2294 4166 μενοι
2341 4092 2492 4165 παρὰ
2513 4092 2613 4162 τὴν
2641 4091 2781 4156 ὁδὸν,
2820 4110 2838 4142 ι
2877 4091 2972 4144 καὶ
3000 4090 3070 4143 τὰ
3101 4090 3246 4161 ἑξῆς.
3281 4093 3463 4146 Ἔστω
3499 4094 3597 4164 μὲν
3630 4093 3731 4148 καὶ

2137 4185 2209 4240 τὰ
2241 4184 2344 4256 τῆς
2378 4182 2618 4255 ἱστορίας
2650 4182 2758 4235 τῶν
2787 4179 2928 4235 κατὰ
2954 4181 3043 4234 τὸν
3074 4181 3237 4236 τόπον
3279 4181 3475 4253 ἀληθῆ,
3509 4182 3602 4236 καὶ
3635 4184 3730 4237 ἐκ-

2141 4273 2492 4346 πορευομένῳ
2545 4272 2652 4326 ὰπὺ
2697 4272 2798 4342 τῆς
2836 4271 3045 4343 Ἱεριχὼ
3087 4271 3165 4343 τῷ
3219 4273 3394 4343 Ἰησοῦ
3438 4273 3575 4344 μετὰ
3614 4273 3730 4327 τῶν

2145 4365 2402 4438 μαθητῶν
2432 4363 2857 4435 ὴκολουθηκέναι
2902 4362 3051 4436 αὐτῷ
3081 4363 3235 4434 ὄχλον
3282 4365 3466 4429 πολὺν,
3503 4367 3597 4419 καὶ
3636 4383 3730 4418 tuo

2143 4458 2265 4527 φλοὶ
2297 4457 2390 4510 δύο
2416 4456 2566 4528 παρὰ
2587 4455 2685 4528 τὴν
2713 4455 2830 4508 ὁδὸν
2859 4454 3210 4524 καθεζόμενοι
3244 4456 3341 4527 τῆς
3365 4457 3472 4510 ἀπὸ
3517 4457 3729 4529 Ἱεριχὼ

2139 4547 2344 4613 ἐξόδου,
2380 4547 2731 4614 ἀκούσαντες,
2765 4547 2848 4599 ὅτι
2886 4547 3093 4618 Ἰησοῦς
3135 4548 3468 4620 παρέρχεται
3502 4549 3594 4603 τὸν
3632 4550 3727 4603 τό-

2142 4658 2244 4695 πον
2298 4640 2525 4706 ὲκεῖνον,
2585 4639 2679 4692 καὶ
2735 4639 2892 4693 αὐτοὶ
2951 4641 3251 4713 κράξαντες
3307 4641 3679 4712 εἰρηκέτωσαν
3707 4658 3722 4672 ο

2149 4752 2168 4786 ι
2224 4734 2476 4804 Ἐλέησον
2508 4733 2675 4804 ἡμᾶς,
2707 4730 2900 4802 Κύριε,
2935 4732 3049 4796 υἱὸς
3073 4731 3258 4796 Δαυῒδ,
3299 4751 3317 4783 ι
3370 4733 3463 4786 καὶ
3511 4749 3727 4803 συμπε-

2137 4824 2542 4895 φωνηκέτωσαν
2571 4824 2628 4874 ὲν
2661 4820 2738 4892 τῷ
2768 4822 3101 4893 κεκραγότες
3135 4823 3197 4876 τὸ
3235 4823 3729 4895 ἀναγεγραμμένον

459 4919 582 4976 iens
637 4929 693 4977 et
741 4919 1194 4992 praetergrediens
1250 4916 1396 4988 ipsos
1448 4917 1748 4988 appellaret
1788 4932 1800 4968 :
1843 4912 1938 4968 sed
1991 4920 2043 4966 et

2147 4921 2420 4994 εξρηκέναι
2441 4930 2454 4943 ·
2491 4911 2584 4966 καὶ
2612 4910 2701 4964 διὰ
2723 4911 2849 4976 τοὺς
2876 4911 3109 4981 τυφλοὺς
3142 4911 3480 4978 ἀξιώσαντας
3509 4915 3730 4986 ἐλεηθῆ-

1672 5031 1899 5088 VETUS
1937 5026 2526 5084 INTERPRETATIO.

459 5159 966 5228 comprehensibilis
997 5169 1081 5214 est
1112 5174 1142 5213 a
1168 5166 1378 5228 morte.
1398 5156 1531 5228 Data
1562 5163 1741 5228 autem
1782 5151 1961 5228 anima
1993 5151 2114 5228 ejus
2146 5151 2199 5204 in
2243 5147 2673 5228 redemptionem
2703 5145 3037 5228 pro.multis.
3072 5160 3184 5200 non
3206 5145 3418 5228 .mans‘it
3442 5145 3587 5215 apud
3615 5159 3748 5202 eum

459 5215 559 5290 cui,
583 5215 760 5287 iuerat
788 5215 931 5287 data.
963 5229 1194 5300 Propter
1222 5226 1486 5300 hocdicit
1512 5225 1836 5300 Propheta;
1873 5215 2191 5300 inQui—iniam
2218 5215 2716 5300 nonderelinques’
2732 5217 2968 5300 animam
2999 5230 3176 5300 meam
3205 5216 3261 5270 in
3291 5215 3527 5300 inferno.
3569 5235 3589 5268 ι

531 5286 592 5358 .9.
621 5286 738 5358 (in
765 5303 854 5357 illo
885 5286 1129 5370 tempoi'e
1165 5296 1571 5370 egredientibus
1614 5286 1717 5370 illis
1760 5294 1829 5348 ab
1873 5286 2148 5370 Hiericho,
2200 5299 2401 5370 secuta:
2435 5298 2564 5370 sunt
2587 5286 2721 5344 eum
2759 5286 3167 5370 turbae‘inulta:z
3190 5303 3224 5367 ι)
3263 5295 3328 5368 et.
3347 5286 3575 5370 reliqua.
3610 5287 3747 5370 Quae

460 5356 590 5430 sunt
622 5356 920 5429 secundum
960 5356 1238 5426 historiam
1270 5369 1432 5437 hujus
1464 5367 1605 5440 loci,
1622 5365 1676 5419 in
1712 5363 2278 5440 apertoconsistunt;
2296 5360 2429 5440 Quae
2465 5369 2648 5440 autem
2692 5356 3045 5440 spiritualiter
3075 5356 3234 5412 nobis
3278 5357 3554 5440 videntur,
3593 5360 3747 5440 dicaI-

461 5426 989 5513 inusIE‘tvpriinum
1023 5426 1450 5505 consideremus,
1479 5438 1608 5508 quid
1655 5426 1761 5490 est'
1785 5433 1930 5504 quod
1973 5432 2102 5488 dicit
2143 5449 2154 5483 :
2189 5451 2207 5483 ι
2238 5431 2655 5500 Egredientibus
2683 5428 2964 5497 discipulis
2999 5426 3133 5482 Jesu
3173 5443 3298 5482 cum
3347 5428 3467 5498 ipso
3512 5429 3642 5484 Jesu
3677 5429 3747 5483 ab

535 5566 580 5596 ⁸⁹
608 5565 628 5620 Ι
653 5563 780 5617 Cor.
809 5578 903 5621 vlt,
932 5562 1022 5616 9.5.
1100 5559 1145 5592 ⁸³
1176 5557 1306 5612 Luc.
1335 5572 1484 5616 χχιιι,
1510 5555 1613 5618 46ς
1643 5554 1782 5609 Psal.
1812 5570 1936 5615 xxx,
1973 5553 2027 5608 6.

2147 5571 2148 5577 η
2176 5551 2318 5606 Psal.
2347 5568 2432 5614 xv,
2468 5550 2552 5605 10.
2630 5549 2676 5581 ⁸⁸
2701 5546 2817 5603 Col.
2845 5565 2882 5616 ι,
2912 5547 2996 5614 13,
3028 5547 3113 5602 16.
3192 5547 3239 5578 ⁸⁸
3275 5544 3406 5602 ibid.
3487 5545 3531 5577 "
3567 5544 3588 5599 1
3615 5543 3745 5600 Cor.

469 5653 542 5701 \‘l,
577 5635 661 5689 i7.
739 5633 784 5665 ⁸³
814 5632 1004 5688 Matth.
1033 5647 1121 5695 xx,
1153 5631 1242 5694 29,
1267 5630 1356 5684 50.
1432 5627 1476 5659 ”
1503 5625 1633 5681 ibid.
1666 5626 1754 5681 50.

542 5747 654 5814 (7'5)
685 5744 1064 5812 Σ-υγχέαντας
1093 5741 1163 5796 τὰ
1201 5741 1334 5814 περ),
1353 5740 1474 5814 τοῦ
1507 5737 1912 5809 Πρωτοτόκου,
1940 5747 2044 5793 etc.

473 5812 911 5870 lla‘nc'hwrcsim
957 5813 1267 5883 perstringit
1307 5812 1655 5876 Phil-asinus,
1698 5814 1898 5865 Ilwres.
1942 5826 2044 5865 xu.

2159 5737 2289 5791 Eam
2318 5743 2498 5789 autem
2530 5733 2715 5788 multis
2749 5743 2870 5802 post
2897 5731 3188 5804 Origencm
3233 5731 3391 5804 annis
3423 5727 3747 5804 instauravit

2159 5807 2502 5876 Apollinaris,
2535 5806 2602 5861 dc
2627 5820 2732 5874 qua
2750 5800 2879 5860 Tusc
2913 5800 3312 5869 'l‘hrodorctus,
3338 5802 3463 5856 dial.
3493 5803 3546 5858 3.
3575 5800 3744 5854 Ilun'r.
