4086 6412
403 409 534 464 μοι

1344 404 1702 462 COMMENT.
1748 407 1813 460 IN
1857 407 2271 464 ΜΛΤΤΙΙᾹΖΕΜ
2316 410 2554 468 Τ()Μ[5
2597 411 2730 468 XVI.

3543 422 3568 474 Ι
3577 422 3684 476 402

399 547 488 584 ναι
521 527 652 592 στάς
683 530 711 581 ὁ
743 529 944 599 Ἰησοῦς
973 526 1344 599 πεφωνηκέτω
1377 529 1594 590 αὐτοὺς,
1627 529 1713 582 ἵνα
1743 529 1818 599 μὴ
1852 547 1994 602 παρ-

2106 540 2394 601 postquam
2425 535 2706 598 restiterit,
2725 551 2928 605 eosque
2959 537 3367 610 interrogaverit
3395 543 3636 597 dicens"
3663 564 3678 598 :

407 623 559 690 ἀγων
606 623 699 675 καὶ
759 622 1167 693 παρερχόμενος
1214 621 1413 684 αὐτοὺς
1474 621 1636 692 καλῇ.
1688 621 1850 674 Ἀλλά
1897 623 1993 675 καλ⁸

403 714 674 786 ἑστηκὼς,
709 715 802 766 καὶ
850 713 1250 784 πυνθανόμενος
1292 715 1560 785 εἰρηκέτω
1605 715 1820 776 αὐτοῖς·
1866 735 1882 767 ι
1926 717 1992 768 Τί

405 807 590 860 θέλετε
624 807 711 859 ἵνα
746 809 955 878 ποιήσω
985 807 1146 876 ὑμῖνς
1185 823 1202 855 ι
1241 807 1353 877 Τήν
1385 823 1445 858 τε
1488 806 1710 872 ἀξίωσιν
1750 806 1993 860 ἰδικώτε-

406 915 500 970 ρον
546 898 644 968 ἧδη
693 897 1058 969 παριστάντες
1104 898 1153 949 οἱ
1205 896 1397 966 τυφλοὶ
1442 898 1811 968 είρηκέτωσαν
1844 898 1993 969 αύτῷ

404 988 580 1042 θέλειν
608 989 696 1042 ἵνα
723 988 1013 1056 ἀνοιγῶσιν
1047 988 1156 1040 ἀπὸ
1193 988 1285 1041 τοῦ
1323 988 1494 1060 Ἰησοῦ
1531 993 1580 1042 οἱ
1605 990 1874 1061 ὀφθαλμοὶ
1900 992 1998 1044 αύ-

405 1075 514 1128 τῶν
534 1093 547 1104 ·
575 1077 668 1129 καὶ
693 1078 722 1128 ὀ
746 1076 1124 1149 φιλάνθρωπος
1153 1077 1308 1148 ἡμῶν
1338 1080 1431 1132 καὶ
1465 1080 1756 1150 συμπαθὴς
1779 1081 1993 1154 Σωτὴρ,

407 1167 825 1238 σπλαγχνισθεὶς
856 1169 948 1221 ἐπὶ
969 1172 1082 1232 τοῖς
1107 1169 1350 1242 τυφλοῖς,
1380 1170 1803 1241 σπλαγχνισθεὶς
1823 1173 1890 1236 δ’,
1922 1171 1998 1226 οἷ-

408 1278 528 1332 μαι,
716 1261 1103 1330 προειληφέναι
1155 1261 1397 1325 ἐκείνους
1443 1263 1504 1314 τὸ
1555 1263 1998 1335 προκαλούμενον

406 1353 518 1416 τὸν,
547 1353 612 1405 ἵν’
641 1353 815 1415 οὕτως
842 1352 1117 1424 ὀνομάσω,
1151 1353 1297 1406 ἔλεον
1325 1355 1419 1408 τοῦ
1454 1357 1650 1426 Ἰησοῦ,
1681 1359 1819 1428 ὅπερ
1841 1355 1909 1430 ἦν
1937 1361 1999 1413 τὸ

407 1445 748 1517 κεκραγότας
779 1445 1092 1515 εἰρηκέναι·
1133 1463 1152 1496 ι
1201 1441 1457 1518 Ἐλέησον
1485 1449 1652 1518 ἡμᾶς,
1685 1450 1879 1522 Κύριε,
1916 1454 1997 1506 υἱὲ

407 1537 588 1600 Δαυῖδ,
629 1558 646 1588 ι
679 1539 770 1590 καὶ⁵
798 1538 1232 1601 πεπιστευκότας
1255 1537 1550 1606 ἠξιωκέναι
1585 1541 1672 1595 ἴνα
1711 1543 2000 1611 ἀνοιγῶσιν

407 1631 453 1682 οἱ
487 1629 754 1700 ὀφθαλμοὶ
783 1627 983 1691 αὐτῶν,
1017 1631 1298 1701 ἁψάμενος
1341 1632 1520 1685 αὐτῶν
1546 1632 1656 1686 τῶν
1682 1635 1998 1706 ὀφθαλμῶν,

405 1721 634 1792 δύναμιν
663 1723 751 1775 διὰ
775 1722 875 1792 τῆς
903 1722 1048 1792 ἁφῆς
1086 1722 1334 1794 ἰατρικὴν
1366 1723 1528 1786 ἐνιεὶς
1556 1727 1671 1788 τοῖς
1699 1725 2000 1797 ὀφθαλμοῖς

407 1813 756 1882 πεποιηκέτω
798 1814 926 1877 τοὺς
961 1812 1196 1880 τυφλοὺς
1240 1813 1592 1879 ἀναϐλέπειν,
1632 1814 1873 1870 κάκεῖνοι
1913 1819 2001 1871 εὐ-

2104 641 2122 672 ι
2159 622 2298 688 Quid
2325 626 2488 678 vultis
2521 636 2580 679 ut
2607 627 2758 681 vobis
2784 629 3014 684 faciam?
3057 652 3073 682 ι
3107 632 3244 686 Tum
3275 651 3402 688 vero
3435 637 3680 703 postula-

2099 723 2214 767 tum
2245 731 2406 769 suurn
2444 716 2554 784 jam
2593 718 2794 773 clarius
2827 733 3163 789 exponentes
3195 727 3320 779 caeci
3344 767 3357 788 ,
3417 726 3618 795 aperiri
3651 742 3682 781 a

2097 804 2226 860 Jesu
2251 808 2440 862 oculos
2466 824 2596 862 suos
2619 811 2754 863 velle
2785 827 2843 866 se
2865 814 3047 868 dicant
3079 835 3091 866 :
3115 825 3168 869 at
3197 817 3445 871 homines
3467 833 3678 878 amans.

2099 912 2162 950 ac
2195 898 2548 952 miseratione
2582 915 2941 971 prosequens,
2976 921 3102 974 erga
3149 922 3321 960 (τερος
3369 908 3680 960 misericor-

2099 988 2185 1042 dia
2215 990 2444 1043 all’eetus
2478 988 2755 1056 Servator,
2797 1003 2846 1047 et
2873 995 3118 1059 affectus,
3149 999 3363 1065 opinor,
3391 999 3535 1066 quod
3578 999 3682 1050 mi-

2100 1077 2456 1132 sericordiam
2482 1118 2499 1142 ,
2545 1089 2603 1134 ut
2638 1082 2708 1135 ita
2747 1084 2960 1150 dicam,
2995 1084 3122 1140 Jesu
3180 1088 3469 1156 implorare
3516 1088 3684 1157 728

2101 1168 2413 1234 maluerint,
2467 1172 2570 1227 hoc
2611 1183 2714 1236 est,
2751 1174 3049 1228 clamantes
3079 1177 3315 1231 dixerint
3339 1178 3381 1209 ⁹¹
3415 1196 3427 1230 :
3459 1197 3476 1224 ι
3517 1177 3679 1232 Mise-

2103 1271 2222 1311 rere
2253 1261 2444 1321 nostri,
2484 1261 2728 1325 Domine,
2762 1264 2834 1316 liii
2866 1264 3068 1329 David,
3119 1287 3136 1318 ι
3181 1279 3234 1322 et
3268 1286 3389 1323 eum
3422 1270 3522 1323 lide
3550 1286 3678 1339 ape-

2102 1350 2198 1403 riri
2249 1354 2437 1408 oculos
2485 1370 2616 1408 suos
2662 1357 3076 1426 postulaverint,
3122 1363 3388 1416 contactis
3435 1363 3679 1430 ipsorum

2102 1439 2309 1507 oculis,
2362 1443 2562 1498 virtute
2604 1461 2699 1514 per
2733 1458 3047 1502 contactum
3097 1452 3270 1506 oculis
3315 1453 3559 1506 immissa
3593 1469 3683 1506 sa-

2102 1533 2266 1586 nandi
2297 1535 2344 1586 vi
2383 1534 2638 1603 pollente,
2671 1539 2831 1592 caecis
2863 1540 3042 1594 vismn
3078 1544 3398 1610 restituerit,
3429 1545 3527 1613 ipsi
3557 1560 3684 1598 vero

2102 1626 2309 1694 accepti
2361 1627 2608 1682 benelieii
2657 1630 2888 1699 gratiam
2932 1633 3212 1698 habentes,
3257 1634 3442 1689 Jesum
3511 1636 3684 1690 seculi

2105 1715 2214 1769 sint
2245 1735 2258 1769 :
2295 1729 2461 1787 atque
2494 1719 2544 1774 id
2572 1721 2768 1790 aliquis
2813 1737 3135 1791 persuasum
3190 1727 3428 1792 habens,
3474 1745 3684 1783 necnon

2105 1817 2158 1861 et
2193 1809 2319 1862 illud
2351 1821 2541 1865 tenens
2566 1814 2612 1844 ⁹¹
2647 1831 2658 1866 :
2703 1831 2719 1863 ι
2754 1814 2808 1867 Si
2840 1831 2946 1868 non
2981 1816 3345 1883 credideritis,
3383 1834 3489 1871 non
3525 1820 3675 1873 intel-

406 1905 678 1975 χαρίστως
714 1903 1234 1975 ὴκολουθηκέτωσαν
1271 1904 1352 1976 τῷ
1397 1905 1608 1977 Ἰησοῦ·
1646 1909 1740 1960 καὶ
1778 1910 1997 1964 πιστεύ-

2101 1898 2314 1968 ligetis,
2355 1921 2372 1949 ι
2413 1913 2695 1972 propterea
2725 1906 2869 1974 quod
2901 1906 3228 1972 crediderit,
3277 1924 3375 1976 pro
3406 1910 3525 1962 lidei
3569 1926 3683 1965 sua!

384 2009 509 2059 ’σας
534 2013 616 2059 τις
655 1996 886 2060 τούτοις,
918 1997 1011 2049 καὶ
1038 1996 1324 2065 γινώσκων
1352 1997 1408 2050 δέ
1439 2001 1502 2051 τό
1525 2015 1538 2029 ο
1583 2019 1602 2050 ι
1643 1999 1769 2053 Ἐὰν
1805 2001 1878 2073 μὴ
1915 2020 2001 2056 πι-

414 2085 695 2157 στεύσητε,
746 2086 809 2139 οὐ
853 2088 928 2158 μὴ
967 2089 1186 2160 συνῆτε,
1237 2107 1257 2138 ι
1309 2091 1373 2142 ἐκ
1425 2090 1521 2143 τοῦ
1579 2093 2000 2163 πεπιστευκέναι

408 2176 548 2230 κατά
579 2177 676 2248 τὴν
708 2179 999 2247 ἀναλογίαν
1042 2180 1143 2249 τῆς
1195 2180 1432 2243 πίστεως
1474 2182 1536 2235 τὸ
1581 2183 1818 2238 συνιέναι
1849 2185 2000 2258 εἱλη-

408 2268 576 2338 φέτω,
603 2271 694 2323 καὶ
721 2269 959 2342 εἰληφὼς
979 2271 1184 2340 λεγέτω
1216 2273 1285 2325 τὰ
1319 2275 1448 2339 περὶ
1483 2273 1713 2341 τούτων,
1744 2275 1880 2346 μετὰ
1910 2277 2000 2331 τὸν

410 2362 538 2432 περὶ
567 2362 745 2416 αὐτῶν
778 2363 878 2433 τῆς
914 2364 1152 2427 πίστεως
1179 2365 1426 2435 θεμέλιον
1458 2366 1587 2436 περὶ
1622 2367 1802 2422 αὐτῶν
1829 2369 2000 2440 ἑρμη-

407 2452 596 2515 νεύων,
631 2454 772 2508 κατά
807 2454 902 2507 τόο
951 2472 970 2504 ‹
1017 2454 1368 2518 Ἐπίστευσα,
1405 2455 1486 2508 διὸ
1521 2457 1798 2528 ἐλάλησα’
1841 2477 1860 2508 θ
1905 2459 2000 2510 καὶ

411 2544 548 2597 ἔστω
579 2547 608 2598 ὀ
647 2545 887 2610 τοιοῦτος
926 2546 988 2599 ού
1037 2545 1196 2616 μόνον
1239 2546 1513 2601 πιστεύων
1554 2549 1632 2619 τῷ
1679 2549 1854 2620 Ἰησοῦ
1904 2550 2000 2603 καὶ⁹

405 2639 517 2699 τοῖς
555 2637 696 2691 κατά
730 2637 820 2692 τὺν
847 2637 1009 2691 τόπον
1053 2637 1240 2691 τοῦτον
1279 2639 1820 2712 ἀναγεγραμμένοις,
1855 2640 1996 2696 ἀλλά

412 2731 506 2783 καὶ
539 2728 825 2798 γινώσκων
857 2730 948 2784 τὸν
993 2731 1125 2803 περὶ
1169 2731 1349 2785 αὐτῶν
1392 2732 1516 2786 νοῦν
1539 2749 1554 2762 ο
1601 2734 1630 2786 ὀ
1665 2733 1774 2804 γάρ
1822 2734 1998 2804 μένων

409 2822 467 2875 ἐν
493 2825 560 2894 τῇ
593 2823 695 2893 τῆς
739 2822 973 2886 πίστεως
1003 2822 1252 2895 ἀληθείᾳ,
1289 2823 1385 2878 καὶ
1413 2824 1501 2877 διὰ
1539 2824 1650 2878 τῶν
1687 2825 1863 2895 ἔργων
1902 2825 1997 2880 τοῦ

395 2915 582 2984 ,Λόγου
626 2915 880 2986 ἐμμένων
908 2915 987 2986 τῷ
1030 2916 1210 2986 Λόγῳ,
1248 2916 1390 2969 κατά
1420 2917 1519 2988 τὴν
1558 2918 1732 2987 Ἰησοῦ
1763 2921 1999 2987 ἐπαγγε-

407 3008 549 3073 λίαν,
583 3008 840 3076 γινώσκει
884 3009 980 3080 τὴν
1010 3009 1290 3079 ἀλήθειαν,
1324 3010 1419 3063 καὶ
1457 3011 1546 3063 ὑπ’
1581 3012 1751 3081 αὐτῆς
1786 3011 1999 3064 ἐλευθε-

413 3098 621 3170 ροῦται.
672 3098 783 3152 Καὶ
815 3101 976 3170 ἡμεῖς
1005 3099 1084 3162 δέ,
1131 3100 1254 3152 ἐπεὶ
1292 3099 1367 3171 μὴ
1416 3101 1762 3166 πιστεύοντες
1809 3104 1905 3173 μὲν
1937 3104 1996 3156 οὐ

2103 2000 2215 2042 rata
2261 2001 2413 2059 parte
2464 1993 2876 2064 intelligentiam
2908 1999 3208 2067 acceperit,
3255 2014 3428 2068 caque
3461 2011 3684 2071 accepta

2101 2097 2223 2151 qua:
2268 2085 2334 2137 ad
2379 2085 2525 2141 hunc
2569 2087 2748 2141 locum
2779 2090 3047 2158 pertinent.
3071 2091 3367 2154 edisset-at,
3401 2103 3524 2162 post
3553 2110 3684 2148 eon-

2101 2173 2349 2227 stitutmn
2401 2176 2524 2229 ﬁdei
2572 2177 2658 2232 his
2711 2178 2908 2232 habita:
2956 2178 3369 2234 fundamentum
3409 2199 3473 2235 ea
3517 2199 3685 2252 expo-

2101 2279 2272 2330 nens,
2306 2265 2461 2333 juxta
2491 2267 2620 2322 illud
2655 2269 2743 2324 ⁹³τ
2780 2290 2796 2322 ι
2829 2269 3085 2336 Credidi,
3121 2283 3338 2342 prOpter
3364 2273 3510 2343 quod
3535 2275 3684 2328 loeu-

2097 2358 2187 2406 tus
2233 2368 2352 2408 sum
2385 2371 2398 2407 :
2438 2373 2456 2405 ι
2501 2370 2564 2410 ac
2602 2357 2692 2426 qtti
2737 2358 2840 2412 erit
2871 2359 3168 2427 ejusmodi,
3199 2379 3305 2417 non
3336 2364 3461 2417 .lcsn
3492 2365 3695 2431 solum,

2098 2447 2271 2518 iisque
2323 2466 2444 2519 quae
2494 2452 2598 2505 hoc
2649 2453 2769 2507 loco
2819 2455 3019 2525 scripta
3079 2468 3293 2513 exstant
3358 2476 3685 2516 consensum

2098 2560 2256 2599 suum
2292 2549 2546 2617 praebeat,
2583 2566 2770 2604 verum
2803 2561 2858 2607 et
2883 2568 3070 2606 eorum
3102 2571 3318 2625 quoque
3356 2558 3686 2613 sententiam

2099 2643 2318 2709 callcat;
2353 2661 2477 2699 nam
2511 2648 2602 2716 qui
2644 2647 2695 2701 in
2737 2647 2858 2702 ﬁdei
2893 2652 3120 2706 veritate
3151 2666 3455 2722 permanet,
3495 2670 3550 2712 et
3591 2675 3680 2728 per

2101 2736 2266 2794 Verbi
2316 2755 2481 2810 opera
2525 2738 2708 2796 Verbo
2736 2743 2998 2808 adhaeret,
3032 2745 3189 2815 juxta
3240 2747 3684 2816 pollicitationem

2098 2833 2252 2901 Jesu,
2306 2837 2590 2890 veritatem
2624 2836 2931 2907 cognoscit,
2967 2848 3021 2892 et
3056 2839 3125 2892 ab
3160 2839 3276 2908 ipsa
3325 2841 3587 2894 liberatur
3615 2841 3681 2896 ".

2099 2924 2212 2981 Nos
2257 2941 2418 2992 vero,
2466 2927 2911 2997 quandoquidem
2961 2944 3149 2983 eorum
3183 2947 3304 3000 qum
3345 2932 3487 2986 dicta
3533 2944 3682 2996 sunt,

2101 3030 2323 3070 sensum
2357 3031 2463 3069 non
2503 3017 2889 3087 assequimur,
2944 3035 3067 3074 cum
3099 3019 3202 3074 ﬁde
3238 3038 3520 3088 caremus;
3548 3039 3686 3092 quo-

2103 3106 2424 3176 tiescunque
2463 3115 2644 3160 autem
2681 3108 3072 3180 intelligimus,
3106 3127 3135 3165 a
3167 3112 3270 3166 lide
3304 3123 3487 3167 nostra
3518 3115 3687 3168 habe-

411 3190 662 3262 συνίεμεν
709 3190 802 3244 τοῦ
838 3191 1174 3262 βουλήματος
1207 3191 1316 3246 τῶν
1357 3191 1688 3263 λεγομένων,
1724 3194 1996 3259 συνιέντες

2103 3212 2225 3249 mus
2257 3206 2315 3250 ut
2348 3197 2748 3266 intelligamus;
2788 3217 2919 3272 age,
2953 3219 3077 3256 eum
3106 3204 3258 3273 prius
3285 3207 3558 3274 apprecati
3590 3208 3685 3277 qui

409 3281 468 3335 δὲ
497 3284 562 3336 ἐκ
600 3282 694 3336 τοῦ
731 3282 1009 3336 πιστεύειν
1041 3282 1314 3354 συνίεμεν,
1341 3283 1474 3355 φέρε
1516 3284 1585 3337 τά
1624 3285 1997 3340 ὑποπίπτοντα

409 3375 541 3446 ἡμῖν
571 3377 652 3439 εἰς
675 3374 768 3428 τὸν
795 3377 981 3439 τόπον,
1009 3375 1297 3445 εὐξάμενοι
1329 3376 1407 3448 τῷ
1439 3377 1686 3448 ρυομένῳ
1711 3381 1858 3450 ἡμᾶς
1890 3380 1998 3433 ἀπὸ

408 3468 504 3524 ⁴τοῦ
531 3468 868 3537 κεκαλύφθαι
897 3470 1030 3538 ἡμῖν
1067 3467 1128 3520 τὸ
1158 3468 1510 3536 Εὑαγγέλιον,
1543 3469 1680 3523 καθὸ
1710 3471 1997 3542 χωροῦμεν

411 3560 886 3633 παραστήσωμεν
941 3560 1035 3612 καὶ
1081 3561 1298 3630 πρῶτόν
1351 3577 1414 3629 γε
1469 3563 1896 3632 κατανοήσωμεν
1944 3562 1998 3614 τί

407 3653 491 3717 τὸ,
531 3652 982 3723 ἐκπορευομένων
1027 3653 1135 3706 ἀπὸ
1185 3652 1397 3724 Ἰεριχὼ
1443 3653 1552 3706 τῶν
1603 3653 1860 3723 μαθητῶν
1900 3653 1997 3708 τοῦ

423 3744 596 3816 Ἰησοῦ
629 3743 764 3817 μετά
788 3741 882 3796 τοῦ
916 3744 1164 3814 Σωτῆρος
1193 3743 1621 3814 ἡκολουθηκέναι
1651 3746 1798 3816 αὐτῷ
1829 3746 1994 3800 πολὺν

417 3837 586 3909 ὄχλον.
621 3838 761 3909 Ὅρα
794 3837 972 3890 τοίνυν
997 3838 1045 3888 εἰ
1075 3836 1319 3901 δύνασαι,
1353 3837 1696 3907 μεμνημένος
1725 3838 1832 3891 τῶν
1865 3841 1994 3910 ἡμῖν

412 3928 897 4000 ὑπαγορευθέντων
941 3929 1052 3999 (74)
1099 3928 1180 3992 είς
1225 3928 1325 3998 τὴν
1371 3928 1430 3982 ἐν
1467 3927 1547 3998 τῷ
1588 3929 1730 3984 κατά
1779 3931 1995 3984 Λουκᾶν

411 4022 730 4092 Εὐαγγελίῳ
775 4019 1088 4092 παραϐολὴν
1132 4021 1264 4089 τήνο
1313 4039 1331 4071 ι
1369 4021 1689 4092 ’Ἄνθρωπός
1741 4040 1823 4087 τις
1867 4040 1996 4077 κατ-

409 4113 622 4168 έϐαινεν
656 4112 764 4166 ἀπὸ
797 4111 1149 4183 Ἰερουσαλὴμ
1171 4113 1254 4176 εἰς
1289 4111 1519 4184 Ἰεριχὼ,
1563 4114 1658 4166 καὶ
1704 4114 1998 4184 περιέπεσε

411 4210 661 4279 λῃσταῖς,
711 4227 730 4260 ι
774 4207 1075 4278 ἐπιστήσας
1119 4207 1298 4276 λέγειν
1351 4209 1560 4278 μήποτε
1618 4206 1712 4259 καὶ
1768 4205 2003 4261 ἐνταῦθα

419 4300 632 4373 Ἱεριχὼ
671 4301 782 4372 (75)
809 4300 1078 4372 σύμϐολόν
1103 4302 1219 4354 ἐστι
1249 4299 1343 4354 τοῦ
1369 4300 1647 4372 περιγείου
1671 4301 1839 4354 τόπου
1871 4318 2000 4354 συν-

2106 3286 2175 3339 ah
2211 3284 2487 3356 Emngelii
2536 3288 2774 3345 tenebris
2817 3300 2872 3342 et
2921 3289 3258 3346 obscuritate
3314 3307 3412 3345 nos
3473 3293 3687 3359 liberat,

2105 3392 2227 3448 qua:
2277 3376 2330 3430 in
2382 3378 2528 3432 hunc
2581 3379 2760 3433 Ineunt
2816 3381 2974 3434 nobis
3023 3390 3347 3435 succurrent
3401 3398 3511 3456 pro,
3548 3382 3688 3438 \irili

2107 3478 2261 3541 parte
2306 3486 2681 3540 exponamus;
2719 3487 2782 3526 ac
2813 3472 2942 3526 illud
2976 3474 3212 3542 primum
3252 3473 3381 3542 quid
3413 3475 3516 3534 sit,
3548 3473 3689 3528 Jeri-

2106 3562 2309 3617 chunte
2328 3562 2737 3632 egredientibus
2764 3578 2887 3616 cum
2916 3563 3204 3617 Servatore
3231 3565 3513 3633 discipulis
3533 3562 3686 3632 Jesu,

2108 3664 2361 3718 magnam
2388 3664 2510 3702 eum
2548 3649 2762 3702 turbam
2794 3649 2962 3706 fuisse
2994 3652 3365 3717 subsecutam,
3389 3654 3688 3723 perpenda-

2105 3754 2249 3794 mus.
2325 3738 2528 3794 Eorum
2560 3755 2690 3811 ergo
2730 3742 3046 3797 recordatus
3091 3760 3212 3814 quae
3240 3760 3402 3814 super
3430 3761 3492 3799 ea
3528 3761 3688 3815 para-

2103 3832 2228 3888 bola
2256 3832 2494 3887 diximus
2521 3833 2574 3885 in
2603 3833 2892 3905 Evangelio
2924 3837 3221 3890 secundum
3251 3835 3453 3892 Lucam
3491 3855 3688 3908 propo-

2103 3925 2209 3980 sita
2240 3925 2289 3956 "
2317 3943 2329 3978 :
2375 3942 2394 3974 ι
2436 3922 2607 3978 Homo
2635 3925 2855 3994 quidam
2900 3926 3261 3982 descendebat
3287 3931 3355 3984 ab
3381 3928 3684 3986 Jerusalem

2103 4015 2158 4071 in
2181 4015 2422 4084 Jericbo,
2457 4027 2512 4072 et
2557 4018 2750 4072 incidit
2800 4017 2852 4071 in
2887 4018 3148 4084 latrones,
3183 4040 3200 4072 ι
3233 4022 3352 4075 vide
3383 4039 3510 4076 num
3541 4039 3689 4092 qua:-

2106 4124 2227 4163 rere
2252 4111 2430 4179 possis
2463 4125 2645 4163 annon
2679 4119 2980 4164 memorata
3011 4109 3097 4165 hic
3128 4110 3344 4165 .lericho
3376 4114 3684 4183 symbolum

2106 4201 2174 4255 sit
2222 4201 2502 4255 terrestris
2551 4201 2698 4255 illius
2748 4201 2874 4264 loci,
2906 4202 2998 4270 qui
3046 4202 3098 4254 in
3132 4200 3412 4271 Scriptura
3446 4206 3684 4260 mundus

2106 4293 2215 4347 dici
2243 4293 2398 4348 solet.
2441 4293 2781 4365 Jerosolyma
2804 4309 2934 4364 ergo
2955 4293 3326 4350 Jeriehuntem
3351 4297 3683 4352 descendens

409 4393 558 4464 ήθως
589 4393 926 4448 καλουμένου
974 4392 1117 4446 κατά
1155 4393 1255 4464 τὴν
1283 4392 1505 4465 Γραφὴν
1540 4393 1766 4463 κόσμου.
1813 4393 1871 4446 ὐ
1898 4393 1997 4465 μὲν

2109 4387 2306 4453 Adam,
2325 4389 2431 4444 hoc
2461 4398 2563 4454 est,
2584 4389 2769 4455 homo,
2797 4389 2849 4442 in
2872 4389 3110 4444 latrones
3133 4390 3340 4444 incidit.
3381 4391 3448 4443 At
3470 4401 3688 4460 propter

1653 4533 1884 4589 VETUS
1924 4527 2513 4586 INTERPRETATIO.

408 4648 690 4716 Hiericho,
727 4662 929 4708 sceutze
960 4663 1090 4708 sunt
1123 4670 1248 4708 eum
1282 4654 1454 4708 turbae
1481 4652 1688 4728 multae.
1725 4670 1742 4701 ι
1763 4649 1924 4728 _\’_i_d_e
1957 4664 2088 4728 ergo
2125 4648 2170 4702 si
2207 4661 2853 4728 memor'eorumquzea
2896 4646 3052 4728 nobis
3079 4655 3207 4728 sunt
3235 4647 3376 4702 dicta
3406 4649 3546 4716 apud
3576 4645 3687 4728 Ln-

405 4738 528 4778 cam
573 4723 918 4792 inparabola
953 4725 1020 4777 de
1055 4724 1276 4777 homine
1324 4723 1692 4778 descendente
1726 4721 1796 4774 ab
1828 4715 2169 4792 Hierusalem
2215 4718 2268 4770 in
2303 4715 2581 4792 Hiericho,
2614 4725 2668 4792 et
2713 4717 3010 4792 incidente
3032 4719 3083 4770 in
3126 4719 3382 4792 latrones,
3423 4715 3576 4792 potes
3601 4717 3688 4792 di-

407 4807 532 4847 cere
561 4811 575 4846 :
607 4785 686 4847 Ne
726 4792 864 4847 forte
903 4803 957 4846 et
995 4793 1084 4847 hic
1126 4792 1387 4847 Hiericho
1430 4791 2034 4868 intelligitur‘niundtis
2058 4789 2177 4868 iste
2217 4797 2519 4868 terrenus.“
2532 4787 2635 4852 Qui
2675 4802 2806 4856 ergo
2843 4787 2912 4840 ab
2948 4785 3288 4868 Ijierusalem
3331 4789 3399 4868 in.
3423 4785 3685 4867 Hiericho

411 4863 725 4926 drsrendit,
768 4862 873 4916 fuit
923 4863 1093 4917 Adam
1121 4904 1134 4925 ,
1177 4864 1228 4918 id
1269 4873 1352 4917 est
1381 4903 1396 4927 ,
1440 4855 1652 4926 homo‘,
1694 4860 1784 4929 qui
1829 4859 2111 4939 inciditLin
2151 4859 2431 4939 latronesz
2471 4855 2708 4939 .Propter
2747 4855 2910 4939 quem
2949 4856 3111 4911 .lesns
3147 4858 3426 4939 descendit
3467 4858 3518 4909 in
3561 4871 3682 4936 eam

406 4947 532 4986 cum
573 4933 857 5002 discipulis
898 4933 1050 4992 suis.
1091 4943 1146 4987 et
1181 4926 1439 5002 egressus
1477 4941 1563 4986 est
1603 4926 1879 5002 mercatus
1918 4930 2124 5002 multos
2158 4929 2218 5002 _i_n
2259 4943 2331 5002 ea
2361 4926 2590 5002 fideles,
2627 4937 2680 4981 et
2717 4928 2958 5002 volentes
2996 4941 3120 5002 eum
3164 4930 3342 4996 sequi.
3385 4926 3495 4982 Nec
3533 4926 3684 5002 enim

405 5003 588 5080 sciunt
623 4995 728 5071 qui
758 5013 886 5058 sunt
925 5004 978 5056 in
1023 4995 1474 5080 llierieboexire
1511 5003 1579 5056 de
1616 5001 1885 5080 sapientia
1928 4999 2193 5080 mundiali
2221 5039 2237 5064 ,
2279 4997 2396 5080 nisi
2427 4999 2657 5080 viderint
2695 4997 3021 5080 nonAsolnm
3061 4995 3580 5080 Je‘sumqesenntem
3613 4996 3683 5049 de

409 5067 700 5138 Hiericho,
743 5075 836 5128 sed
878 5073 1042 5129 etiam
1083 5072 1387 5142 discipulos
1426 5072 1569 5142 ejus.
1633 5067 1758 5126 Haec
1796 5083 1926 5140 ergo
1965 5069 2212 5125 videntes
2249 5078 2450 5124 secuta:
2489 5078 2618 5122 sunt
2653 5083 2777 5120 eum
2819 5067 2990 5119 turba:
3027 5068 3231 5122 multae.
3271 5067 3337 5122 Et
3373 5079 3457 5124 est
3493 5068 3681 5123 videre

473 5230 521 5263 ’°
547 5227 738 5284 Matth.
776 5245 868 5297 xx,
895 5230 986 5285 32.
1063 5231 1105 5264 "
1138 5229 1268 5284 ibid.
1300 5229 1390 5284 29.
1469 5230 1514 5261 ⁹¹¹
1539 5232 1643 5284 lsa.
1670 5245 1746 5292 vt,
1777 5229 1833 5283 9.

476 5366 592 5450 (Ἠ)
611 5367 1138 5450 Μειινημένοςτῷν
1157 5367 1301 5450 fuit?
1315 5367 1858 5437 ὺπαγορευθέντων,
1879 5377 1984 5424 etc.

406 5434 708 5503 Origenes,
733 5434 920 5492 Itoniil.
951 5439 1021 5492 54
1047 5440 1102 5492 in
1149 5434 1282 5495 Luc.

477 5505 590 5578 (75)
626 5506 869 5578 Μήποτε
901 5509 998 5561 καὶ
1020 5509 1279 5563 ἐνταῦθα
1310 5507 1541 5578 Ἰεριχώ,
1576 5518 1683 5564 etc.
1708 5506 1996 5578 Origenes,

406 5573 604 5648 ltoinil'.
632 5578 664 5628 ti
707 5573 762 5648 iit
791 5574 988 5631 Josue:
1028 5598 1046 5628 ι
1083 5578 1138 5631 In
1175 5579 1343 5648 ﬁgura
1373 5573 1580 5648 mundi
1617 5581 1744 5647 poni
1777 5573 1999 5648 Jericho

405 5646 459 5699 in
490 5645 789 5714 Scripturis
819 5651 1128 5715 frequenter
1153 5645 1484 5703 invenimus.
1510 5645 1643 5701 Nam
1677 5657 1729 5702 et
1751 5648 1802 5700 in
1830 5647 2000 5702 Evan-

405 5716 548 5783 gelio
579 5717 723 5784 quod
770 5715 971 5769 dicitur
1017 5719 1182 5772 homo
1223 5719 1291 5774 de
1331 5717 1632 5773 Jerusalem
1687 5719 1740 5772 in
1776 5715 1998 5772 Jericho

405 5786 777 5850 descendisse,
811 5795 862 5841 et
917 5785 968 5839 in
1020 5786 1258 5844 latrones
1307 5789 1632 5854 incurrisse,
1673 5788 1849 5843 forma
1880 5787 1999 5843 sine

1909 5228 1954 5262 ³³
1979 5227 2126 5284 Psal.
2165 5244 2290 5294 cxv,
2329 5227 2383 5282 1.

2459 5228 2505 5260 οι
2535 5225 2694 5280 Joan.
2726 5241 2846 5293 vm,
2887 5225 2976 5279 '52.
3054 5227 3101 5258 "
3130 5225 3260 5283 Luc.
3297 5243 3352 5292 ι,
3379 5227 3468 5283 50.

2095 5367 2264 5422 dubio
2285 5376 2399 5420 erat
2431 5364 2578 5419 illius
2602 5364 2752 5427 Adae,
2784 5364 2875 5433 qui
2899 5364 2965 5418 de
2988 5363 3242 5432 paradiso
3275 5365 3326 5418 in
3351 5365 3469 5433 ejus
3489 5367 3678 5424 mundi

2095 5437 2351 5492 exsilium
2383 5444 2571 5489 trusus
2599 5445 2701 5489 est.
2739 5434 2844 5504 Sed
2889 5445 2944 5488 et
2969 5436 3096 5488 caeci
3127 5435 3219 5504 qui
3263 5444 3418 5489 erant
3452 5435 3504 5488 in
3531 5435 3674 5492 Jeri-

2094 5508 2234 5572 eho,
2270 5507 2336 5560 ad
2383 5519 2524 5575 quos
2579 5507 2724 5558 venit
2766 5503 2950 5569 Jesus,
2987 5516 3047 5558 ut
3087 5503 3289 5558 faceret
3329 5519 3424 5558 eos
3468 5507 3675 5572 videre,

2097 5577 2328 5631 formam
2385 5575 2644 5645 gerebant
2675 5590 2890 5636 eorum,
2921 5575 3014 5642 qui
3058 5575 3111 5628 in
3149 5575 3251 5627 hoc
3293 5575 3496 5628 mundo
3520 5579 3679 5632 czeci-

2097 5656 2205 5700 tate
2247 5645 2568 5713 ignorantia:
2598 5645 3001 5713 premebantur,
3037 5646 3102 5697 ad
3147 5658 3287 5712 quos
3330 5646 3478 5699 venit
3506 5647 3677 5705 Filius

2101 5715 2215 5769 Dei.
2254 5713 2379 5838 "ﬁge
2410 5729 2540 5784 ergo
2566 5713 2818 5781 Jericbo,
2849 5717 2898 5771 id
2929 5723 3012 5769 est
3041 5715 3278 5770 mundus
3310 5715 3416 5784 hie,
3445 5734 3677 5774 casurus

2101 5795 2195 5838 est.
2240 5805 2257 5837 ›
2343 5800 2556 5838 υιιτιυε.

2097 5795 2195 5841 est.
2240 5805 2257 5837 ›
2295 5786 2556 5841 llus'nus.
