4086 6484
391 467 409 506 ι
419 452 522 509 405

1875 446 2200 504 ORIGENIS

3498 422 3637 509 iiut

388 567 811 635 nniltitudincm,
861 582 981 637 quae
1023 565 1337 622 Jeriehuute
1385 574 1490 632 est,
1540 582 1735 638 magna
1785 565 1954 636 siqui-

2069 559 2151 617 ιῦν
2180 562 2521 617 καταϐαίνων
2553 564 2659 616 ἀπὸ
2700 563 3050 634 Ἰερουσαλὴμ
3081 565 3160 628 εἰς
3199 564 3407 634 Ἰεριχὼ
3439 565 3634 637 Ἄδαμ,

386 658 511 711 dem
545 655 863 713 Jericnunte
896 656 1052 712 turba
1084 666 1202 723 est,
1255 666 1546 727 postquam
1582 658 1649 712 ad
1684 672 1805 712 eam
1840 672 1964 710 cum

396 748 682 819 discipulis
713 748 960 819 pervenit
995 747 1157 804 Jesus
1199 758 1386 804 noster
1411 790 1427 814 ,
1463 764 1560 819 per
1604 750 1750 804 hunc
1791 750 1846 803 in
1877 747 1969 802 Je-

394 838 551 891 tieho
594 838 879 891 adventurm
920 853 1144 906 operam
1175 838 1314 892 dans
1360 847 1420 892 ut
1456 838 1601 891 viam
1644 837 1712 894 iis
1754 839 1969 905 praeiret

390 926 486 994 qui
513 941 571 980 se
594 926 854 994 subsequi
885 926 1103 990 vellent,
1131 925 1509 994 proliciscatur
1547 943 1561 978 :
1608 939 1732 977 nam
1763 924 1857 992 qui
1879 922 1968 977 Je-

391 1016 642 1069 riehunte
674 1025 824 1078 sunt,
851 1032 881 1070 a
917 1017 1340 1086 cogitationibus
1373 1017 1537 1086 729
1568 1017 1858 1073 mundanis
1884 1016 1968 1070 di-

388 1106 608 1163 scedere
653 1115 949 1176 nequeunt,
1000 1107 1104 1161 nisi
1153 1105 1469 1162 Jerichuute
1523 1118 1808 1162 exeuntem
1856 1122 1963 1161 non

387 1199 566 1268 ipsum
599 1198 776 1254 solum
804 1197 989 1253 Jesum
1020 1198 1278 1262 viderint,
1316 1198 1412 1252 sed
1437 1207 1493 1252 et
1527 1199 1700 1268 ipsius
1726 1198 1966 1267 discipu-

388 1287 474 1343 los
505 1307 519 1343 :
557 1289 758 1345 atovisa
788 1305 851 1343 ea
888 1304 965 1354 re,
996 1289 1353 1359 subsequitur
1378 1290 1529 1344 illum
1563 1292 1718 1347 turba
1751 1291 1960 1360 ingens.

390 1380 457 1434 Et
486 1380 734 1450 quisquis
756 1390 961 1434 attente
987 1395 1080 1434 eos
1103 1395 1295 1435 omnes
1317 1381 1777 1450 perspexerit,qui
1807 1380 1961 1449 juxta

392 1471 638 1525 divinum
675 1471 900 1527 verbum
932 1472 1097 1526 vitam
1133 1488 1313 1542 agerc,
1375 1486 1585 1527 necnon
1612 1481 1669 1526 et
1698 1473 1961 1527 mundum

393 1580 461 1618 ac
507 1578 595 1617 res
641 1571 884 1618 terrenas
927 1564 1225 1632 deSpicatui
1273 1564 1473 1620 habere
1502 1565 1727 1627 volunt,
1775 1564 1961 1620 Jesum

395 1654 677 1722 ipsiusque
719 1652 1014 1723 discipulos
1065 1655 1251 1725 sequi,
1299 1670 1602 1725 eorumque
1647 1655 1964 1712 Jeriehunte

395 1743 713 1799 exeuntium
752 1744 976 1814 vestigia
1007 1745 1212 1814 legere,
1259 1746 1386 1800 isin
1414 1746 1515 1801 loci
1546 1746 1708 1814 hujus
1741 1762 1961 1802 sensum

395 1836 779 1904 pcnetraverit.
820 1833 1007 1888 Jesum
1044 1850 1175 1907 ergo
1203 1836 1360 1891 turba
1394 1837 1584 1906 ingens
1607 1837 1874 1904 sequitur,
1906 1846 1965 1891 ut

393 1939 520 1997 post
541 1944 663 1983 eum
696 1928 1061 1984 ambulantes.
1095 1905 1270 1999 eoque
1301 1905 1513 1987 utentes
1559 1930 1772 1987 itineris
1803 1932 1963 1996 duce,
1999 1905 2036 1959 Β

393 2017 787 2092 Jerosolymam
816 2020 1203 2077 conscendant.

371 2305 387 2312 ·
468 2290 556 2343 l0.
600 2290 959 2362 Subjuugitnr
1000 2300 1147 2347 certe
1193 2292 1357 2362 paulo
1398 2300 1522 2362 post
1544 2293 1625 2349 ⁹⁴ε
1658 2294 1835 2349 (Cum
1870 2310 1967 2363 ap-

397 2383 853 2452 propinquassent
873 2382 1247 2454 Jerosolymis,
1273 2394 1326 2439 et
1349 2386 1625 2441 venissent
1658 2387 1968 2457 Betbphage

396 2473 463 2527 ad
508 2484 745 2528 montem
784 2472 1010 2541 Oliveti,
1060 2486 1189 2530 tunc
1215 2475 1404 2532 Jesum
1453 2477 1671 2534 misisse
1708 2478 1846 2533 duos
1885 2480 1970 2533 di-

396 2562 667 2632 seipulos,
701 2582 720 2614 ι
750 2572 804 2618 et
831 2563 1057 2633 reliqua.
1097 2562 1236 2619 Tum
1261 2565 1477 2631 deinde,
1508 2582 1681 2622 caecos
1723 2582 1849 2621 mox
1880 2584 1969 2622 sa-

396 2652 604 2707 nandus
653 2652 807 2721 quasi
865 2653 1139 2709 indicante
1175 2653 1493 2724 Scriptura,
1546 2656 1820 2725 proditum
1873 2673 1968 2712 ex-

396 2745 567 2798 stat"
598 2762 610 2798 :
645 2762 663 2795 ι
691 2743 755 2799 Ει
797 2760 926 2799 ecce
970 2745 1080 2803 duo
1122 2745 1250 2801 caeci
1292 2747 1544 2803 sedentes
1590 2763 1748 2807 secus
1802 2749 1965 2815 viam,

394 2834 721 2892 audiverunt
767 2837 893 2907 quia
941 2835 1103 2891 Jesus
1156 2837 1444 2905 transiret,
1493 2849 1548 2894 et
1595 2841 1969 2896 clamaverunt

395 2929 672 2984 dicentes:
701 2929 923 2984 Domine
943 2968 957 2993 ,
994 2929 1252 2985 miserere
1284 2931 1475 2997 nostri,
1506 2932 1578 2985 lili
1606 2931 1790 2989 David.
1816 2950 1836 2985 ο
1872 2932 1970 2989 llic

394 3036 525 3074 vero
558 3022 926 3075 animadverte
957 3014 1113 3075 an'in
1147 3020 1295 3075 hisce
1323 3022 1501 3078 verbis
1528 3041 1541 3076 :
1575 3042 1592 3076 ι
1624 3023 1689 3077 Et
1710 3040 1834 3079 ecce
1859 3024 1970 3080 duo

397 3107 561 3170 caeci,
596 3126 615 3159 ι
681 3109 1131 3163 monstrationem
1190 3108 1429 3178 aliquam
1481 3126 1621 3174 vox,
1676 3130 1695 3163 ‹
1730 3111 1897 3175 Ecce,
1945 3132 1964 3166 ι

398 3198 693 3252 contineat.
737 3198 892 3265 Quod
947 3200 991 3253 si
1048 3200 1188 3255 duos
1238 3215 1366 3268 ergo
1412 3217 1587 3257 caecos
1635 3202 2039 3297 indicantemc

384 3285 722 3360 Scripturam
777 3289 1022 3357 assequi,
1070 3290 1122 3343 in
1176 3306 1380 3360 eosque
1436 3292 1626 3348 oculos
1691 3294 1970 3351 intendere

397 3381 693 3449 possimus,
724 3382 969 3438 dicemus
1004 3383 1257 3440 lsraelem
1289 3393 1342 3439 et
1369 3383 1586 3440 Iudaeos
1617 3395 1742 3442 ante
1765 3386 1969 3443 Christi

397 3470 686 3525 adventum
735 3487 908 3529 eiecos
952 3472 1155 3544 fuisse;
1208 3492 1396 3532 verum
1456 3496 1475 3528 ι
1506 3478 1756 3534 sedentes
1810 3495 1970 3536 secus

396 3562 574 3629 viam,
610 3581 628 3613 ι
672 3563 817 3632 quod
852 3564 905 3618 in
938 3565 1052 3637 lege
1081 3582 1143 3622 ac
1174 3569 1450 3638 prophetis
1475 3582 1967 3640 commorarentur;

397 3670 571 3709 caecos
605 3657 846 3725 quidem,
883 3657 1028 3727 quod
1063 3668 1189 3714 ante
1227 3658 1429 3715 Christi
1479 3661 1532 3715 in
1574 3661 1814 3731 ipsorum
1848 3665 1966 3717 ani-

398 3762 519 3801 mas
550 3747 842 3802 adventum
875 3764 1031 3803 veros
1069 3759 1121 3804 et
1166 3750 1437 3823 legitimos
1475 3753 1529 3806 in
1580 3753 1697 3823 lege
1735 3771 1799 3809 ac
1842 3770 1965 3825 pro-

399 3836 574 3905 phetis
617 3838 1037 3907 comprehensos
1081 3855 1278 3896 sensus
1328 3841 1551 3897 minime
1596 3843 1963 3898 intuerentur:

401 3926 452 3980 id
487 3934 664 3980 autem
692 3926 1047 3983 vociferatos:
1074 3929 1370 3986 «Miserere
1401 3933 1599 3995 nostri,
1629 3933 1703 3986 lili
1739 3931 1961 4000 David,»

398 4016 541 4086 quod
562 4014 965 4087 Scripturarum
1001 4033 1223 4076 sensum
1259 4037 1601 4092 nequaquam
1635 4024 1831 4079 callere
1861 4025 1967 4079 sibi

396 4109 731 4176 conscircnt,
763 4111 940 4166 visum
979 4121 1158 4168 autem
1194 4130 1516 4185 recuperare
1546 4115 1702 4183 velle,
1749 4124 1804 4170 et
1831 4132 1964 4171 con-

399 4210 544 4255 tenta
586 4201 638 4258 iu
671 4201 970 4274 Scripturis
1008 4206 1262 4277 dagmata
1311 4220 1661 4276 cognoscere.
1714 4207 1785 4260 At
1821 4208 1968 4263 velut

395 4294 546 4361 czeei,
587 4296 815 4351 necdum
849 4296 1032 4368 magni
1071 4297 1350 4368 quippiam
1388 4298 1455 4352 de
1476 4295 1603 4353 Jesu
1645 4299 1963 4365 sentientes,

2066 654 2342 706 τουτέστιν
2386 653 2689 724 ἄνθρωπος,
2730 654 3116 724 περιπέπτωκε
3157 655 3414 728 λῃσταῖςδ
3449 657 3537 710 διὰ
3580 658 3639 711 δὲ

2066 738 2190 800 τοὺς
2214 739 2271 791 ἐν
2303 737 2510 809 Ἰεριχὼ
2539 738 2786 802 πολλοὺς,
2818 739 2985 804 πολὺς
3013 741 3122 812 γὰρ
3146 743 3299 813 ὄχλος
3321 747 3378 797 ἐν
3406 745 3638 817 Ἱεριχὼ,

2079 828 2283 898 Ἰησοῦς
2313 828 2489 899 ἡμῶν,
2519 830 2635 901 ἅμα
2665 833 2776 894 τοῖς
2802 830 3067 902 μαθηταῖς
3086 835 3374 905 γενόμενος
3393 837 3451 889 έν
3477 838 3636 908 αὐτῇ,

2065 916 2454 989 ὲμπορευέσθω
2482 918 2595 989 (76)
2636 919 3176 990 πραγματευόμενος,
3209 920 3297 975 διὰ
3327 921 3385 974 δὲ
3429 920 3523 975 τοῦ
3556 924 3639 986 εἰς

2063 1009 2161 1078 τὴν
2199 1007 2405 1079 Ἰεριχὼ
2432 1007 2852 1078 εἰσεληλυθέναι,
2887 1009 2947 1062 τὸ
2971 1010 3097 1073 τοὺς
3124 1008 3480 1080 βουλομένους
3512 1012 3642 1088 ἒπε-

2067 1100 2189 1153 σθαι
2221 1101 2435 1170 ὁδηγεῖν
2455 1118 2469 1132 ’
2507 1102 2568 1155 οὐ
2603 1102 2711 1172 γὰρ
2739 1100 2948 1156 οἴδασιν
2978 1103 3029 1154 οι
3066 1104 3126 1155 ὲν
3160 1102 3370 1175 Ἱεριχὼ
3401 1102 3641 1169 ἐξελθεῖν

2063 1193 2172 1247 ἀπὸ
2198 1193 2292 1248 τοῦ
2320 1193 2582 1265 κοσμικοῦ
2615 1195 2978 1266 φρονήματος,
3015 1194 3109 1248 ἐὰν
3138 1194 3212 1266 μὴ
3245 1194 3543 1250 θεάσωνται
3573 1197 3639 1250 οὐ

2068 1288 2226 1359 μόνον
2267 1288 2360 1341 τὸν
2417 1288 2620 1360 Ἰησοῦν
2658 1287 3087 1359 ἐκπορευόμενον
3120 1287 3227 1340 ἀπὸ
3266 1288 3366 1358 τῆς
3405 1287 3639 1359 Ἰεριχὼ,

2063 1377 2199 1433 ἀλλὰ
2237 1379 2483 1440 καὶτοὺς
2518 1377 2765 1448 μαθητὰς
2802 1377 3000 1431 αὑτοῦ·
3040 1376 3214 1430 ταῦτα
3244 1378 3304 1431 δὲ
3335 1378 3643 1449 θεωρήσαν-

2061 1487 2174 1533 τες,
2206 1468 2584 1523 ὰκολουθοῦσιν
2616 1467 2764 1539 αὑτῷ
2803 1468 2960 1538 ὄχλος
2998 1468 3182 1533 πολύς.
3218 1469 3327 1523 Καὶ
3374 1470 3509 1534 ἐστι,
3541 1489 3642 1525 κα-

2062 1561 2354 1616 τανοοῦντα
2389 1561 2517 1624 τοὺς
2561 1560 2703 1614 κατὰ
2733 1560 2825 1615 τὸν
2856 1560 3013 1630 λόγον
3048 1559 3198 1631 βιοῦν
3236 1562 3509 1625 θέλοντας,
3543 1562 3641 1616 καὶ

2062 1651 2156 1705 τοῦ
2187 1651 2393 1722 κόσμου
2425 1652 2520 1704 καὶ
2558 1650 2666 1704 τῶν
2710 1651 3004 1722 περιγειων
3040 1656 3400 1723 καταφρονεῖν
3455 1652 3640 1722 βουλος

2066 1743 2282 1813 μένους,
2314 1742 2740 1807 ἀκολουθοῦντας
2770 1742 2855 1813 τῷ
2892 1742 3068 1813 Ἰησοῦ
3098 1745 3192 1797 καὶ
3223 1747 3335 1808 τοῖς
3369 1743 3642 1815 μαθηταῖς

2064 1834 2250 1897 αὑτοῦ,
2279 1836 2372 1887 καὶ
2405 1836 2523 1888 κατ’
2563 1835 2681 1905 ἴχνη
2720 1832 2999 1903 βαίνοντας
3045 1834 3227 1897 αὐτοῖς
3271 1836 3642 1905 ἐκπορευομέο

2066 1940 2178 1988 νοις
2215 1926 2323 1979 ἀπὸ
2361 1925 2586 1996 Ἰεριχὼ,
2631 1924 2848 1996 βλέπειν
2870 1925 2939 1978 τὰ
2967 1925 3108 1978 κατά
3146 1925 3238 1978 τὸν
3268 1923 3454 1978 τόπον.
3496 1926 3647 1979 Ἀκο-

2066 2015 2318 2070 λουθοῦσι
2368 2018 2550 2088 μέντοι
2581 2020 2609 2073 ό
2634 2017 2798 2081 πολὺς
2831 2018 2986 2088 Ι5χλος
3018 2017 3098 2088 τῷ
3142 2016 3342 2087 Ἰησοῦ,
3371 2017 3438 2069 ἵν’
3465 2016 3651 2070 ὀπίσω

2067 2108 2231 2163 αὐτοῦ
2263 2106 2591 2179 βαδίζοντες,
2622 2109 2713 2162 καὶ
2735 2108 2883 2180 αὐτῷ
2908 2107 3088 2180 ὁδηγῷ
3113 2108 3405 2179 χρώμενοι,
3433 2107 3648 2163 ἀνασῶ-

2069 2218 2153 2254 σιν
2185 2203 2264 2265 εἰς
2289 2200 2387 2273 τὴν
2424 2201 2804 2273 Ἰερουσαλήμ.

2139 2293 2269 2349 Μετ’
2295 2293 2451 2363 ὀλίγα
2478 2288 2569 2347 οὖν
2596 2293 2932 2364 ἐπιφέρεται,
2957 2293 3060 2357 ὃτι,
3095 2310 3115 2344 ι
3149 2292 3277 2345 Ὅτε
3307 2292 3540 2361 ηγγισαν
3565 2290 3650 2353 εις

2078 2386 2340 2458 Ἱεροσόλυ
2349 2402 2446 2457 μα,
2468 2386 2565 2439 καλ⁸
2584 2381 2748 2457 ἦλθον
2769 2387 2849 2449 εἰς
2869 2383 3164 2456 Βηθφαγὴν
3192 2385 3275 2448 εἰς
3298 2385 3359 2438 τὸ
3386 2384 3512 2455 ὅρος
3533 2383 3653 2438 τῶν

2080 2479 2325 2543 Ἐλαιῶν,
2362 2479 2482 2533 τότε
2519 2478 2548 2531 ὁ
2599 2477 2805 2547 Ἰησοῦς
2833 2477 3115 2530 ἀπέστειλε
3153 2477 3276 2540 τοὺς
3310 2474 3577 2548 μαθητὰς,
3620 2495 3641 2528 ι

2068 2573 2163 2627 καὶ
2190 2570 2259 2626 τὰ
2300 2571 2447 2642 ἑξῆς.
2481 2565 2593 2624 Εἴθ’
2629 2569 2758 2640 ἑξῆς
2785 2569 3114 2640 γέγραπται,
3149 2569 3311 2621 οἱονεὶ
3336 2566 3649 2631 δεικνύντος

2066 2663 2162 2719 τοῦ
2192 2663 2352 2732 λόγου
2393 2661 2521 2725 τοὺς
2553 2662 2677 2714 ὅσον
2709 2659 2918 2713 οὐδέπω
2960 2658 3532 2730 θεραπευθησομένους
3560 2677 3653 2712 τυ-

2067 2754 2256 2825 φλοὺς,
2293 2751 2390 2806 τό·
2429 2769 2449 2803 ι
2496 2751 2606 2806 Καὶ
2645 2749 2753 2804 ἰδοὺ
2791 2748 2886 2803 δύο
2913 2747 3104 2816 τυφλοὶ
3148 2746 3450 2817 καθήμενοι
3494 2746 3649 2817 παρὰ

2067 2844 2166 2916 τὴν
2197 2842 2335 2907 ὁδὸν,
2364 2841 2715 2906 ἀκούσαντες,
2740 2840 2822 2893 ὅτι
2867 2837 3073 2909 Ἰησοῦς
3106 2837 3364 2907 παράγει,
3409 2834 3653 2908 ἔκραξαν

2070 2932 2315 3006 λέγοντες
2336 2952 2352 2967 ·
2404 2933 2654 3004 Ἐλέησον
2688 2933 2854 3002 ἡμᾶς,
2881 2929 3074 3002 Κύριε,
3111 2930 3225 2992 υἱὸς
3266 2928 3447 2982 Δαυϊδ.
3483 2947 3501 2979 ι
3538 2928 3650 2980 Kal.

2070 3027 2304 3101 πρόσχες
2337 3029 2394 3080 ὲν
2417 3024 2625 3089 τούτοις
2648 3023 2747 3095 τῷ,
2797 3041 2816 3075 ι
2862 3023 2971 3087 Καὶ
3006 3020 3114 3076 ἰδοὺ
3151 3020 3245 3076 δύο
3283 3020 3492 3089 τυφλοὶ,
3535 3039 3554 3072 ι
3597 3021 3650 3073 εἰ

2073 3119 2147 3191 μὴ
2171 3118 2332 3184 δεῖξιν
2356 3117 2597 3190 περιέχει
2613 3115 2693 3179 τὸ,
2718 3133 2737 3167 ι
2759 3113 2910 3168 Ἰδού.
2925 3131 2942 3166 ι
2960 3112 3134 3184 Εἴπερ
3162 3107 3257 3166 οῦν
3276 3111 3544 3166 δεικνύντι
3568 3110 3651 3181 τῷ

2069 3211 2212 3281 λόγῳ
2249 3210 2374 3273 τοὺς
2396 3208 2488 3262 δύο
2518 3206 2750 3275 τυφλοὺς
2783 3204 3209 3277 παρακολουθεῖν
3235 3202 3532 3269 δυνάμεθα,
3554 3202 3651 3256 καὶ

2072 3300 2290 3371 βλέπειν
2341 3300 2559 3362 αὐτοὺς,
2612 3298 2889 3369 φήσομεν,
2953 3296 3037 3350 ὅτι
3099 3295 3314 3370 Ἰσραὴλ
3366 3295 3466 3350 καὶ
3515 3296 3650 3347 Ἰου-

2069 3391 2205 3445 δαῖοι
2240 3390 2351 3463 (77)
2400 3388 2508 3459 πρὸ
2550 3388 2646 3458 τῆς
2687 3385 2860 3458 Ἰησοῦ
2906 3385 3200 3456 ἐπιδημίας
3242 3386 3431 3455 τυφλοὶ
3474 3379 3647 3455 ἦσαν·

2070 3483 2208 3556 πλὴν
2249 3502 2268 3535 ι
2312 3481 2668 3551 καθεζόμενοι
2707 3480 2861 3548 παρὰ
2898 3479 2995 3551 τὴν
3037 3480 3176 3542 ὁδὸν,
3227 3499 3245 3533 ι
3283 3479 3362 3550 τῷ
3397 3480 3455 3531 ὲν
3494 3477 3652 3549 νόμῳ

2071 3576 2164 3628 καὶ
2206 3575 2514 3646 προφήταις
2561 3572 2786 3641 ποιῆσαι
2827 3571 2926 3634 τὰς
2962 3570 3279 3642 διατριϐάςο
3322 3569 3508 3640 τυφλοὶ
3549 3569 3651 3640 μὲν

2070 3665 2146 3737 τῷ
2179 3666 2253 3736 μὴ
2290 3661 2586 3734 βλέπεσθαι
2619 3663 2804 3723 αὐτοῖς
2827 3661 2933 3732 πρὸ
2967 3661 3065 3731 τῆς
3103 3659 3277 3731 Ἰησοῦ
3310 3662 3393 3724 εἰς
3421 3660 3519 3723 τὰς
3548 3659 3653 3729 ψυ-

2070 3756 2172 3830 χὰς
2217 3752 2396 3808 αὐτῶν
2429 3752 2724 3824 ἐπιδημίας
2755 3751 2845 3805 τὸν
2890 3752 2948 3803 ὲν
2980 3751 3129 3821 νόμῳ
3168 3750 3260 3804 καὶ
3298 3753 3410 3813 τοῖς
3441 3749 3654 3820 προφή-

2070 3865 2191 3911 ταις
2238 3845 2410 3919 ἀληθῆ
2456 3843 2647 3913 λόγον·
2695 3845 3029 3915 κεκραγότες
3078 3844 3135 3897 δὲ
3183 3844 3278 3898 τό·
3334 3861 3354 3896 ι
3402 3843 3655 3914 Ἐλέησον

2071 3939 2238 4011 ἡμᾶς,
2272 3936 2469 4009 Κύριε,
2499 3936 2582 3988 υἱὲ
2605 3933 2788 3998 Δαυῖδ,
2820 3955 2838 3985 ι
2875 3934 3027 4006 παρὰ
3042 3934 3106 3987 τὸ
3131 3934 3505 3989 συναισθέσθαι
3537 3933 3652 4005 (78)

2070 4027 2279 4083 ἑαυτῶν
2316 4027 2391 4099 μὴ
2428 4025 2733 4097 βλεπόντων
2770 4025 2834 4078 τὸ
2863 4024 3110 4096 βούλημα
3141 4026 3250 4079 τῶν
3281 4024 3652 4096 γραμμάτων,

2071 4119 2166 4174 καὶ
2210 4118 2544 4190 βουλομένων
2575 4117 2892 4184 ἀναϐλέψαι,
2935 4118 3029 4170 καὶ
3067 4117 3195 4173 ἰδεῖν
3228 4117 3326 4187 τὴν
3364 4118 3422 4173 ὲν
3466 4117 3655 4177 αὐτοῖς

2069 4210 2244 4276 δόξαν.
2283 4212 2369 4274 Ὠς
2407 4209 2487 4263 ἔτι
2533 4209 2589 4262 δὲ
2634 4209 2825 4278 τυφλοὶ
2858 4209 2951 4263 καὶ
2999 4209 3163 4280 μηδὲν
3204 4209 3346 4279 μέγα
3390 4208 3519 4279 περὶ
3554 4206 3652 4260 τοῦ

2086 4301 2259 4376 Ἰησοῦ
2293 4300 2704 4371 φανταζόμενοι,
2730 4299 2867 4354 ἀλλὰ
2895 4301 2955 4355 τὸ
2980 4299 3122 4355 κατὰ
3151 4300 3329 4372 σάρκα
3353 4297 3517 4353 αὐτοῦ
3555 4297 3652 4366 μό-

396 4387 489 4442 sed
526 4389 668 4456 quod
705 4391 759 4442 in
796 4404 860 4443 eo
895 4406 1155 4444 carneum
1196 4399 1314 4445 crat
1350 4389 1401 4444 id
1436 4405 1602 4443 unum
1643 4391 1964 4459 cogitantes,

2071 4408 2160 4444 νον
2201 4389 2466 4454 νοοῦντες,
2510 4388 2735 4442 καλοῦσι
2771 4388 2861 4442 τὸν
2899 4387 3189 4457 γενόμενον
3229 4387 3295 4440 ὲκ
3338 4384 3655 4458 σπέρματος

1626 4504 1857 4561 VETUS
1892 4503 2478 4560 INTERPRETATIO.

393 4620 634 4697 (insani
683 4621 979 4675 secundum
1026 4624 1251 4697 verbum
1301 4625 1760 4697 vi_vcre_voluut,
1813 4633 1867 4678 et
1921 4623 2183 4697 mundum
2222 4633 2276 4697 et
2317 4621 2611 4676 mundialia
2666 4621 2927 4697 universa
2968 4629 3314 4697 contemnere
3350 4616 3654 4697 cupientes,

394 4685 1006 4765 Christum-sequentes
1043 4701 1096 4746 et
1132 4694 1434 4763 discipulos
1473 4695 1614 4763 ejus,
1657 4705 1717 4749 ut
1748 4685 1880 4765 post
1916 4709 2040 4748 eum
2083 4693 2415 4757 incedentes,
2455 4702 2509 4745 et
2546 4706 2611 4746 eo
2647 4692 2786 4745 duce
2823 4699 3057 4749 utentes.
3098 4689 3397 4743 ascendant
3434 4687 3488 4738 iu
3530 4685 3656 4740 Ilie-

397 4761 635 4814 rusalem
680 4760 823 4814 illam
864 4764 1165 4817 caelestem.

472 4829 559 4884 10.
591 4849 610 4881 ι
643 4828 707 4883 Et
734 4846 860 4907 ecce
885 4832 994 4907 duo
1018 4834 1144 4907 ca-ci
1178 4848 1338 4907 secus
1372 4833 1512 4907 viam
1545 4835 1840 4907 sedebant:
1872 4843 1928 4889 et
1953 4833 2235 4887 audientes
2267 4831 2410 4907 quod
2443 4829 2604 4907 Iesus
2630 4831 2845 4907 transit,
2884 4826 3653 4907 eaclamavcrunegligentes:

396 4898 652 4955 Miserere
677 4900 856 4977 nobis,
891 4900 1142 4968 Domine,
1175 4903 1247 4956 lili
1283 4902 1474 4957 David.
1513 4923 1532 4977 ι
1573 4904 1721 4958 Duos
1738 4920 1917 4977 czecos
1939 4920 1970 4977 γι.

2069 4918 2243 4957 sumus
2270 4895 2455 4977 dicere
2476 4899 2669 4953 Judam
2705 4909 2759 4953 et
2790 4899 2953 4977 Israel
2975 4938 2988 4961 ,
3027 4896 3120 4965 qui
3173 4909 3298 4977 ante
3325 4896 3530 4977 Christi
3552 4895 3658 4977 ἐπι-

395 4979 619 5024 ventum
652 4973 778 5025 caeci
811 4964 1052 5031 fuerunt.
1085 4964 1267 5028 tamen
1298 4988 1457 5028 secus
1488 4974 1627 5035 viam
1659 4974 1910 5029 sedentes
1936 4964 2066 5041 legis
2096 4983 2147 5025 et
2185 4972 2566 5041 prophetarum
2613 4964 3115 5041 commorabantur.
3176 4966 3240 5041 Et
3279 4967 3403 5041 circi
3436 4964 3655 5033 quidem

395 5048 553 5115 erant
585 5040 712 5115 quia
738 5058 844 5115 non
881 5041 1137 5097 videbant
1171 5054 1300 5115 ante
1316 5045 1615 5115 adventum
1638 5043 1838 5115 Christi
1875 5044 1941 5097 ad
1968 5037 2205 5115 animum
2233 5037 2388 5115 suam
2416 5039 2639 5093 verbum
2680 5053 2866 5092 \erum
2887 5038 3052 5115 quod
3071 5047 3189 5115 erat
3216 5037 3268 5089 in
3304 5037 3422 5104 lege
3446 5045 3500 5087 et
3526 5049 3653 5102 pro-

397 5110 575 5185 phetis
607 5107 943 5185 Qlamabant
971 5123 1153 5185 autem
1185 5131 1199 5167 :
1233 5132 1252 5164 ι
1284 5113 1539 5185 liiiserere
1567 5114 1745 5177 nobis,
1783 5113 2030 5177 Dou‘iine,
2068 5112 2139 5165 lili
2166 5111 2358 5185 David,
2392 5128 2410 5159 ι
2442 5118 2725 5185 propterea
2755 5110 2898 5185 quod
2917 5107 3435 5185 sentiebantessese
3456 5118 3655 5182 caecos,

396 5176 503 5231 non
539 5179 898 5248 intelligentes
924 5183 1258 5237 voluntatem
1287 5182 1690 5249 Scripturarum
1718 5176 1771 5236 et
1800 5176 2040 5238 volentes
2065 5181 2333 5249 respicere
2363 5188 2417 5232 et
2446 5176 2634 5231 videre
2666 5179 2892 5246 gloriam
2923 5192 3044 5243 quae
3068 5184 3184 5249 erat
3217 5176 3302 5249 in_
3323 5176 3402 5229 eis
3433 5214 3446 5235 ,
3493 5176 3653 5249 quasi

393 5250 576 5325 adhuc
608 5244 734 5325 caici
767 5260 820 5306 et
851 5252 989 5325 nihil
1016 5269 1272 5325 maguum
1309 5254 1372 5307 de
1405 5244 1968 5325 Jesuexistimantes,
2001 5251 2094 5325 sed
2124 5244 2423 5324 secundum
2448 5244 2771 5325 caruerinde
2797 5264 2864 5301 eo
2897 5255 3104 5325 tantum
3133 5245 3520 5325 intelligentes,
3552 5244 3661 5295 cla-

395 5319 620 5397 mabant
641 5320 707 5373 ad
739 5322 989 5397 esuurqui
1015 5316 1308 5397 factust-st
1330 5338 1395 5374 ex
1431 5322 1639 5397 semine
1670 5321 1833 5375 David
1866 5316 2460 5397 secundum‘earnem,
2485 5317 2612 5385 quia
2642 5316 2776 5397 nihil
2806 5318 3040 5397 amplius
3064 5316 3453 5397 intelligebaut,
3494 5327 3660 5397 quam

395 5388 564 5443 lilium
599 5406 720 5446 esse
750 5384 960 5448 Daiid':
991 5403 1043 5447 et
1065 5391 1246 5447 omnis
1273 5407 1396 5461 qua:
1421 5392 1704 5453 videbatur
1730 5408 1917 5447 eorum
1942 5409 1970 5461 p

2069 5401 2165 5451 iter
2211 5389 2378 5442 Deum
2414 5384 2750 5457 eloquentia,
2780 5387 2915 5440 nihil
2938 5386 3173 5454 amplius
3194 5385 3403 5440 sciebat
3423 5385 3488 5439 de
3502 5384 3662 5437 Chri-

463 5507 512 5539 ⁹⁶
543 5505 735 5562 Matth.
768 5522 883 5573 xm,
923 5509 973 5562 l.
1048 5509 1094 5539 ³⁷
1124 5507 1313 5562 Matth.
1344 5524 1435 5575 xx,
1470 5507 1557 5561 50.

430 5625 579 5700 .(7_6)
624 5628 1097 5697 Ἐμπορευέσθω.
1137 5627 1205 5684 Ut
1246 5628 1519 5700 legamus,
1566 5628 1968 5700 ἐκπορευέσθω,

430 5646 579 5694 ,μω
629 5646 1097 5697 ἰιμπορευεσσω.
1137 5646 1205 5684 Ut
1246 5646 1519 5751 legitimus,
1566 5646 1968 5700 εκπορευεσυω,

397 5697 628 5767 suadent
669 5706 1161 5767 quaeseqtiuntur,
1192 5707 1249 5753 et
1281 5698 1311 5751 θ
1335 5698 1472 5751 atth.
1512 5714 1608 5760 xx,
1634 5698 1667 5750 9
1688 5738 1701 5762 ,
1734 5708 1789 5753 et
1820 5707 1975 5751 vetus

395 5764 709 5837 interpres}
742 5786 760 5817 ι
793 5765 858 5821 Ει
885 5764 1253 5837 egressusest
1292 5777 1562 5837 mercatus
1600 5768 1800 5824 multos
1833 5766 1885 5821 in
1917 5783 1979 5820 ea

398 5832 611 5901 tideles,
641 5844 695 5889 et
728 5832 970 5893 volentos
1003 5851 1127 5892 cum
1159 5837 1333 5909 sequi.
1367 5856 1385 5889 ι
1415 5835 1678 5891 Hunnus.

2114 5590 2203 5707 4(7
2210 5625 2264 5694 7)
2294 5622 2592 5693 φήσομεν,
2638 5623 2728 5676 ὅτι
2776 5620 3022 5689 Ἰσραὴλ
3065 5621 3163 5675 καὶ
3213 5618 3506 5683 Ἰουδαῖοι,
3553 5628 3660 5673 etc.

2090 5693 2470 5765 Hieronymus.

2162 5765 2274 5835 (78)
2296 5765 2483 5820 ‘Colcx
2517 5761 2738 5834 Regius,
2770 5757 3131 5815 συναιθέσθαι.
