4086 6464
408 431 575 517 nea

1382 426 1738 484 COMMENT.
1782 426 1849 482 IN
1887 425 2303 483 ΜΑΤἸῚΙΑΞΗΜ
2345 427 2582 486 TOMUS
2616 429 2757 484 XVI.

3569 436 3589 489 l
3604 435 3708 490 £06

433 551 599 605 Δαυῒδ
641 548 783 604 κατά
819 549 1018 620 σάρκα,
1060 551 1183 603 ἐπεὶ
1220 548 1388 620 μηδὲν
1420 548 1607 602 τούτου
1638 549 1799 602 πλέον
1846 548 2022 602 συνίε-

2128 548 2300 603 lilium
2345 548 2511 604 David
2548 549 2643 620 qui
2683 564 2746 602 ex
2793 549 3001 603 semine
3034 548 3199 604 David
3247 549 3544 605 secundum
3585 566 3709 605 car-

437 661 557 707 σαν,
591 642 707 696 υἱὸν
732 641 924 695 Δαυῖδ·
966 642 1061 695 καὶ
1101 641 1251 693 πᾶσα
1276 640 1455 694 αὐτῶν
1488 643 1521 711 ἡ
1552 640 1787 694 δοκοῦσα
1812 640 1901 693 διὰ
1922 641 2021 712 τὴν

431 731 743 788 θεοσέϐειαν
773 729 1153 802 μεγαλοφωνία
1173 728 1324 782 οὐδὲν
1356 728 1516 782 πλέον
1547 729 1660 799 ᾔδει
1685 728 1865 798 λέγειν
1895 732 2023 801 περὶ

428 824 523 878 τοῦ
558 821 811 893 Σωτῆρος
841 820 876 891 ἢ
921 821 1003 874 ὅτι
1035 820 1150 883 υἱὺς
1180 815 1249 891 ῆν
1281 818 1374 872 τοῦ
1409 820 1590 874 Δαυῖδ.
1635 821 1760 874 Ἐὰν
1798 821 1854 874 δὲ
1880 820 2022 891 λέγω

427 915 522 969 δύο
554 914 810 982 τυφλοὺς,
840 911 934 965 τὸν
968 915 1075 985 πρὸ
1098 914 1197 982 τῆς
1242 912 1415 984 Ἰησοῦ
1462 915 1542 976 είς
1577 913 1675 985 τὴν
1715 914 1893 987 ψυχὴν
1926 916 2023 970 αὐ-

428 1005 537 1057 τῶν
573 1003 871 1074 ἐπιδημίας
903 1003 1121 1075 Ἰσραὴλ
1140 1003 1235 1056 καὶ
1266 1003 1487 1069 Ἰούδαν,
1515 1003 1682 1075 ἄναγε
1712 1006 1906 1059 σαυτὸν
1930 1006 2022 1060 ἐπὶ

429 1096 529 1156 τὰς
563 1093 909 1159 Βασιλείας,
932 1095 1027 1146 καὶ
1072 1093 1405 1162 κατανόησον
1450 1096 1590 1150 κατὰ
1632 1097 1758 1159 τοὺς
1798 1097 2022 1167 χρόνους

441 1185 682 1257 Ῥοϐοάμ
706 1185 1080 1258 διαιρούμενον
1108 1185 1198 1240 τὸν
1231 1184 1358 1240 λαὸν
1403 1187 1619 1259 Ἰσραὴλ
1649 1190 1743 1241 καὶ
1780 1188 1980 1242 Ἰούδαν
2007 1206 2021 1219 ·

436 1280 533 1331 καὶ
559 1276 687 1346 ἑξῆς
717 1278 819 1348 ὅρα
847 1277 974 1341 τοὺς
1007 1279 1313 1349 προφήτας,
1345 1278 1434 1331 ὁτὲ
1465 1278 1621 1351 δὲτῴ
1666 1280 1902 1351 Ἰσραὴλ,
1933 1279 2023 1332 ὁτὲ

438 1368 495 1422 δὲ
536 1366 614 1439 τῷ
657 1364 827 1439 Ἰούδᾳ
866 1367 1326 1439 προίρητεύοντας,
1366 1370 1499 1422 ὅπου
1539 1368 1598 1420 δὲ
1630 1367 1747 1439 ἅμα
1788 1370 2024 1439 ἀμφοτέ⁴

443 1476 575 1529 ροις.
621 1457 751 1528 Ἰδία
781 1459 880 1527 μὲν
910 1452 1003 1510 οὗν
1028 1456 1145 1522 πῶς
1179 1459 1422 1530 ἐκατέρῳ
1458 1457 1891 1530 προφητεύουσιν
1930 1457 2022 1510 εὖ-

443 1567 556 1621 ροις
582 1549 646 1603 ἂν
680 1548 960 1620 προσέχων
991 1551 1057 1619 τῇ
1090 1548 1390 1617 ἀναγνώσει
1412 1549 1520 1602 τῶν
1550 1549 1841 1620 προφητῶν
1863 1566 1875 1581 ·
1907 1549 2023 1620 ἅμα

438 1637 497 1691 δὲ
529 1638 747 1710 Ἰσραὴλ
778 1638 873 1692 καὶ
915 1638 1103 1710 Ἰούδᾳ,
1145 1638 1309 1707 ἡνίκα
1352 1637 1441 1691 διὰ
1484 1637 1579 1691 τοῦ
1622 1636 1800 1709 Ἰησοῦ
1849 1640 2021 1707 ἐπαγ-

439 1728 684 1796 γέλλεται
730 1731 759 1783 6
796 1728 929 1793 Θεὸς
965 1748 984 1780 ι
1030 1730 1366 1783 συντελέσειν
1410 1730 1502 1782 ἐπὶ
1537 1728 1629 1782 τὸν
1661 1725 1806 1781 οἷκον
1854 1726 2023 1782 Ἰούδα

438 1820 711 1891 Διαθήκην
767 1820 876 1891 (79)
905 1821 1134 1891 Καινὴν,
1179 1821 1240 1873 οὐ
1286 1820 1425 1874 κατά
1472 1820 1572 1893 τὴν
1626 1820 1903 1893 Διαθήκην
1956 1823 2021 1893 ἢν

2127 655 2250 693 nem
2287 650 2588 710 prognatus
2615 648 2754 703 erat,
2785 639 3089 708 appellant,
3124 640 3383 707 quoniam
3423 639 3558 693 nihil
3587 653 3707 692 am-

2124 730 2270 799 plius
2314 740 2495 785 mente
2535 731 2846 801 capiebant;
2899 732 3191 800 omnisque
3241 746 3433 785 eorum
3477 731 3703 796 clamor,

2125 837 2287 891 quem
2334 838 2445 892 pra:
2486 824 2684 893 pietate
2730 824 2918 878 tollere
2956 822 3059 877 visi
3097 830 3253 887 sunt,
3296 823 3433 877 nihil
3462 823 3609 879 aliud
3637 824 3706 876 de

2128 910 2421 967 Servatorc
2451 912 2694 982 proferre
2730 913 2956 974 sciebat,
2982 928 3147 981 quam
3186 912 3363 981 ipsum
3386 927 3507 966 esse
3530 911 3702 965 lilium

2128 1002 2321 1057 David.
2364 1001 2521 1069 Quod
2554 1004 2598 1059 si
2626 1004 2765 1059 duos
2795 1020 2968 1059 catt-os
3002 1001 3258 1057 lsraelem
3283 1016 3403 1057 esse
3429 1010 3482 1055 et
3505 1000 3703 1055 Judam

2127 1096 2290 1167 730
2311 1096 2627 1162 pronuntio,
2657 1105 2946 1164 antequam
2977 1095 3042 1149 ad
3067 1109 3256 1149 eorum
3284 1092 3523 1149 animam
3542 1090 3707 1148 Jesus

2126 1188 2479 1250 accessisset,
2522 1189 2589 1243 ad
2639 1189 2810 1243 libros
2853 1187 3049 1257 Regum
3099 1193 3334 1240 mentem
3380 1185 3597 1252 attolle,
3649 1194 3704 1239 et

2127 1280 2389 1350 populum
2430 1279 2645 1336 lsi-aclis
2676 1291 2731 1335 et
2750 1279 2923 1343 Juda‘,
2952 1278 3218 1332 lloboatni
3253 1277 3587 1347 temporibus
3616 1276 3705 1332 di-

2125 1372 2330 1437 visum,
2379 1373 2586 1442 cogita;
2637 1381 2751 1428 tum
2787 1372 2982 1428 deinde
3024 1371 3091 1425 ad
3128 1370 3419 1440 prophetas
3464 1369 3699 1433 attende.

2124 1466 2220 1535 qui
2251 1464 2440 1519 lsracli
2470 1465 2784 1535 aliquando,
2814 1462 3107 1533 aliquando
3132 1460 3304 1525 Judzn,
3337 1460 3552 1529 utrique
3573 1473 3703 1515 vero

2125 1554 2292 1610 simul
2327 1554 2626 1623 aliquando
2668 1554 3059 1608 vaticinantur.
3113 1551 3269 1618 Quod
3316 1551 3362 1605 si
3408 1551 3705 1621 prophetas

2124 1644 2377 1700 evolvere
2418 1644 2512 1698 tibi
2567 1643 2805 1709 |ibnerit,
2854 1659 2965 1712 quo
3002 1652 3162 1711 pacto
3212 1640 3428 1710 utrique
3456 1655 3704 1696 seorsum

2125 1735 2402 1790 vaticinati
2451 1735 2562 1789 sint
2606 1741 2944 1803 compertum
2999 1732 3262 1796 habebis;
3295 1730 3479 1785 lsraeli
3525 1739 3705 1784 autem

2128 1825 2291 1880 simul
2331 1835 2384 1879 et
2412 1823 2585 1890 Judae,
2628 1824 2848 1893 quando
2890 1820 3135 1875 futurum
3182 1820 3469 1889 pollicetur
3495 1818 3638 1875 Deus
3659 1820 3707 1850 ’⁸

442 1911 695 1981 ἐποίησεν
727 1911 757 1962 6
790 1910 923 1973 Θεὸς
969 1914 1080 1975 τοῖς
1110 1912 1379 1983 πατράσιν
1410 1930 1428 1963 ι
1457 1911 1912 1983 ἐκπορευομένοις
1949 1913 2014 1965 ὲκ

2127 1925 2178 1970 ut
2206 1931 2300 1986 per
2326 1913 2513 1971 Jesum
2549 1932 2566 1965 ι
2597 1921 2942 1969 consummet
2981 1925 3143 1980 super
3182 1910 3405 1965 domum
3431 1908 3571 1963 Juda
3603 1908 3707 1964 Tc—

439 2003 542 2073 γῆς
568 2003 866 2071 Αἰγύπτου.
896 2004 1007 2057 Καὶ
1035 2004 1225 2073 τυφλοί
1251 2022 1314 2073 γε
1355 2005 1530 2069 ὄντες,
1561 2007 1589 2057 ὁ
1623 2004 1859 2076 Ἰσραὴλ,
1890 2005 2018 2076 περὶ

438 2087 501 2147 οὗ
537 2091 793 2157 πολλάκις
821 2093 1239 2165 ἀποδεδώκαμεν
1271 2094 1825 2165 ἀντιδιαστελλόμενοι
1859 2096 2021 2150 αὐτὸν

439 2184 578 2257 πρὸς
610 2185 700 2238 τὸν
744 2184 885 2238 κατά
934 2187 1113 2258 σάρκα
1163 2186 1381 2258 Ἰσραὴλ
1430 2186 1527 2240 καὶ
1584 2186 1753 2239 Ἰούδα
1798 2187 2020 2257 ὁμοίως,

442 2293 462 2326 ι
523 2274 877 2341 ἀκούσαντες,
928 2277 1009 2329 ὅτι
1074 2276 1279 2348 Ἰησοῦς
1337 2278 1597 2349 παράγει,
1666 2275 1934 2347 ἒκραξαν-
1998 2297 2016 2328 ι

437 2364 790 2431 ἀκούσαντες,
838 2368 1022 2438 φησὶν,
1070 2367 1151 2420 ὅτι
1195 2368 1324 2439 γὰρ,
1360 2364 1535 2438 οἶμαι,
1573 2367 1682 2420 τῶν
1721 2367 2021 2439 κηρυσσόνο

435 2473 543 2511 των
577 2458 645 2511 τὰ
679 2459 806 2530 περὶ
845 2457 947 2528 τῆς
981 2458 1156 2529 Ἰησοῦ
1195 2459 1514 2531 ἐπιδημίας,
1550 2459 1644 2512 καὶ
1672 2459 1753 2512 ὃτι
1787 2458 2024 2530 παράγει

437 2549 535 2621 τὴν
579 2549 1055 2621 παρελευσομένην
1114 2549 1325 2622 Ἰεριχὼ
1379 2551 1516 2621 (80),
1578 2549 1860 2621 ἐπιδημῶν
1925 2551 2023 2621 μὲν

436 2644 594 2715 αὐτῇ,
629 2641 1042 2714 ὲξελευσόμενος
1082 2642 1139 2696 δὲ
1182 2643 1279 2696 ἀπ’
1312 2643 1504 2713 αὐτῆς,
1551 2643 1904 2696 εὐλαϐοῦνται
1947 2643 2022 2714 μὴ

437 2735 682 2807 παρέλθῃ
717 2735 914 2798 αὐτοὺς
953 2735 1030 2806 μὴ
1058 2734 1376 2805 ἐλεηθέντας
1396 2751 1409 2765 υ
1444 2734 1523 2787 διὸ
1554 2735 1858 2806 κεκράγασι
1888 2733 2024 2805 πρὸς

435 2827 597 2882 αὑτὸν
634 2826 922 2903 λέγοντες·
960 2845 979 2877 ι
1031 2825 1282 2897 Ἐλέησον
1319 2827 1488 2898 ἡμᾶς,
1530 2826 1724 2897 Κύριε,
1766 2826 1880 2891 υίὸς
1922 2830 2025 2880 Δα-

436 2917 541 2971 υἲδ.
579 2936 599 2968 ι
628 2916 945 2987 Εὐεργετῶν
975 2917 1031 2970 δὲ
1057 2919 1086 2971 6
1119 2914 1311 2989 Σωτὴρ
1342 2917 1403 2970 ού
1436 2918 1694 2989 παράγει,
1727 2917 1839 2971 ἀλλ’
1872 2917 2025 2971 ἵστα-

436 3026 548 3075 ται,
592 3008 680 3062 ἵνα
721 3008 946 3071 στάντος
994 3007 1158 3062 αὐτοῦ
1208 3009 1283 3080 μὴ
1326 3010 1613 3081 παραρῤέῃ
1653 3011 1686 3080 ὴ
1732 3009 2023 3079 εὐεργεσία

436 3100 533 3156 καὶ
578 3100 941 3181 παρέρχηται,
986 3098 1102 3154 ἀλλ’
1138 3100 1215 3164 ὡς
1255 3101 1363 3154 ἀπὸ
1404 3101 1586 3173 πηγῆς
1622 3100 1734 3172 (81)
1781 3099 2025 3171 ἑστώσης

444 3191 731 3264 ἐγγένηται
759 3194 873 3256 τοῖς
894 3192 1393 3271 εὐεργετουμένοις.

2121 2016 2450 2063 stamentum
2482 2006 2691 2061 biovum
2729 2024 2742 2060 :
2784 2021 2890 2058 non
2952 2003 3252 2059 secundum
3294 2001 3703 2057 Testamentum

2121 2099 2267 2167 quod
2329 2096 2509 2153 fecit:
2572 2096 2714 2151 Deus
2773 2114 2791 2147 ι
2838 2094 3130 2164 patribus»
3185 2093 3253 2148 de
3305 2102 3447 2147 terra
3486 2092 3705 2164 Egypti

2122 2189 2472 2245 exeuntibus.
2532 2186 2601 2240 Et
2649 2203 2773 2242 cum
2824 2186 2953 2241 (εωρὶ
3004 2195 3210 2248 essent,
3267 2182 3456 2248 Israel,
3492 2185 3558 2239 de
3597 2200 3707 2253 quo

2123 2280 2293 2334 multa
2337 2295 2368 2334 a
2409 2278 2569 2334 nobis
2599 2278 2743 2333 dicta
2789 2286 2936 2342 sunt,
2979 2292 3104 2334 cum
3140 2271 3450 2331 ab'lsraele
3491 2276 3704 2334 carnali

2122 2387 2247 2425 cum
2274 2370 2764 2441 distingueremus;
2809 2377 2976 2439 atque
3007 2368 3190 2423 itidem
3219 2368 3381 2432 Juda,
3415 2377 3707 2441 postquam

2131 2482 2147 2515 ι
2175 2463 2467 2518 audierunt
2486 2463 2612 2533 quia
2659 2461 2819 2517 Jesus
2843 2464 3121 2529 transiret,
3160 2463 3535 2518 clamaverunt
3566 2461 3646 2513 9’:
3682 2478 3701 2515 ο

2124 2564 2418 2625 postquam
2472 2554 2784 2620 audierunt,
2840 2553 3049 2622 inquit,
3097 2554 3165 2608 ab
3213 2554 3302 2618 iis,
3355 2552 3569 2622 opinor,
3610 2552 3705 2619 qui

2124 2645 2528 2700 annuntiabant
2569 2659 2632 2699 ea
2664 2659 2787 2714 quae
2831 2644 2895 2698 ad
2926 2642 3052 2698 Jcsu
3087 2643 3376 2699 adventum
3413 2642 3705 2712 pertinent,

2124 2741 2415 2811 ipsumque
2483 2737 2797 2793 Jerichuute
2865 2753 2987 2807 qua:
3051 2738 3167 2807 ipsa
3227 2736 3526 2791 transitura
3586 2743 3704 2800 est,

2126 2831 2392 2899 transire,
2441 2831 2494 2884 in
2550 2830 2693 2909 hanc
2744 2828 2965 2899 quidem
3019 2844 3245 2901 peregre
3309 2826 3703 2890 advenientem,

2125 2934 2182 2981 at
2227 2925 2352 2980 inde
2398 2925 2704 2987 exiturum,
2756 2932 3011 2981 verentur
3055 2938 3122 2977 ne
3170 2938 3229 2978 se
3273 2919 3704 2976 misericordiam

2128 3026 2474 3082 nequaquam
2543 3021 2872 3066 consecutos
2927 3011 3433 3081 prmtergrediatur;
3503 3008 3708 3063 idcirco

2125 3115 2251 3156 eum
2296 3100 2729 3154 inclamaverunt
2773 3099 3058 3154 dicentes‘
3097 3116 3110 3152 :
3155 3116 3173 3147 ι
3205 3095 3463 3151 Miserere
3508 3094 3706 3160 nostri,

2128 3190 2392 3255 Domine,
2442 3188 2516 3244 (ili
2569 3189 2758 3245 David.
2791 3208 2810 3242 ι
2882 3188 3164 3243 Bcoclicus
3212 3196 3392 3241 autem
3452 3182 3709 3238 Servator

438 3299 548 3341 non
585 3284 844 3356 preterit,
888 3284 982 3340 sed
1017 3283 1269 3351 restitat,
1311 3293 1372 3360 ut
1412 3293 1590 3339 stante
1628 3298 1695 3339 eo
1748 3283 2069 3338 beneficium
2126 3281 2444 3352 neutiquam
2492 3280 2767 3335 dilabatur
2809 3295 2873 3335 ac
2931 3285 3249 3351 praetereat,
3300 3275 3396 3333 sed
3446 3283 3708 3349 tanquam

437 3380 509 3437 de
550 3378 700 3442 tome
740 3388 890 3437 certo
934 3396 997 3436 ac
1048 3391 1308 3452 perpetuo
1353 3381 1409 3434 in
1457 3394 1552 3436 eos
1597 3379 1892 3444 derivetur,
1930 3379 2023 3448 qui
2066 3376 2327 3432 beneficio
2354 3374 2682 3430 afficiuntur.

508 3472 649 3536 Στάς
684 3468 777 3526 οὖν
797 3475 826 3526 6
863 3471 1088 3544 Ἰησοῦς,
1124 3472 1220 3527 καὶ
1244 3471 1472 3543 πληγεὶς
1503 3472 1612 3527 ἀπὸ
1652 3473 1748 3543 τῆς
1777 3471 2023 3542 κραυγῆς

2203 3470 2290 3525 tl.
2317 3469 2479 3525 Stans
2498 3467 2822 3541 erguJesus,
2847 3480 3149 3536 eorumque
3172 3463 3411 3519 clamore
3434 3476 3499 3517 ac
3523 3476 3711 3531 posm-

439 3564 637 3630 αὐτῶν,
684 3564 779 3619 καὶ
815 3565 915 3635 τῆς
955 3563 1253 3631 ἀξιώσεως,
1298 3564 1456 3619 καλεί
1489 3565 1687 3628 αὐτοὺς
1727 3563 1865 3636 πρὸς
1907 3563 2031 3615 ἑαυ-

437 3655 551 3721 τὴν,
606 3658 705 3728 τὴν
757 3656 931 3728 ἀρχὴν
979 3657 1080 3727 τῆς
1122 3657 1444 3730 εὐεργεσίας
1508 3658 1608 3729 ἤδη
1678 3655 2025 3726 ποιούμενος,

438 3747 529 3802 ὅτε
566 3747 847 3819 ἐφώνησεν
885 3748 1111 3812 αὐτούς·
1147 3749 1245 3802 οὐκ
1288 3732 1366 3802 ἀν¹
1398 3748 1506 3819 γὰρ
1545 3747 1718 3810 κενῶς
1754 3745 2024 3815 ὲφώνησε,

442 3840 536 3893 καὶ
562 3838 654 3892 ἐπὶ
685 3837 762 3909 τῷ
803 3839 967 3911 μηδὲν
994 3839 1292 3911 ἀνυσθῆναι
1320 3840 1378 3893 ὲν
1414 3842 1528 3902 τοῖς
1559 3838 1907 3911 φωνηθεϊσιν.
1939 3839 2026 3904 Ὠς

440 3930 573 3995 εἴθε,
607 3932 703 3985 καὶ
742 3930 902 4002 ἡμῶν
941 3932 1077 4004 πρὸς
1123 3932 1286 3991 αὐτὸν
1322 3930 1671 4002 κεκραγότων
1705 3932 1799 3985 καὶ
1841 3932 2026 4001 λεγόν-

441 4026 576 4072 των·
612 4038 630 4072 ι
675 4020 924 4091 Ἐλέησον
945 4023 1114 4092 ἡμᾶς,
1140 4020 1335 4093 Κύριε,
1360 4041 1377 4074 ι
1413 4021 1657 4093 φωνῆσαι
1690 4021 1835 4092 ἡμᾶς
1862 4022 2024 4093 ἀρχο-

2139 3561 2337 3618 latione
2365 3569 2693 3625 commotus,
2726 3560 2873 3629 ipsos
2900 3558 2967 3613 ad
3004 3572 3062 3612 se
3104 3555 3354 3619 accersit,
3386 3554 3708 3611 beneﬁcium

2136 3668 2296 3708 suum
2327 3652 2439 3722 jam
2480 3652 2606 3706 inde
2637 3665 2871 3705 exorsus
2901 3690 2916 3714 ,
2964 3663 3090 3703 cum
3123 3663 3218 3703 eos
3245 3646 3551 3711 accersivit,
3597 3660 3709 3700 non

2137 3759 2234 3798 eos
2260 3751 2440 3797 autem
2474 3742 2676 3796 frustra
2705 3741 2942 3803 vocavit,
2985 3755 3086 3794 nec
3115 3740 3188 3793 ita
3224 3748 3283 3793 ut
3328 3737 3380 3791 in
3421 3737 3489 3792 iis
3520 3736 3711 3792 accitis

2135 3833 2271 3888 nihil
2291 3834 2540 3889 effectum
2559 3832 2791 3887 dederit.
2823 3834 2993 3900 Atque
3020 3831 3229 3886 utinam
3263 3845 3389 3885 cum
3415 3831 3591 3900 ipsum
3626 3828 3710 3882 in-

2133 3925 2551 3981 clamaverimus
2569 3925 2844 3979 dicentes:
2872 3921 3158 3977 «Miserere
3189 3921 3387 3987 nostri,
3409 3920 3657 3987 Domine,
3683 3939 3702 3970 ι

2133 4017 2250 4088 ipse
2271 4031 2370 4072 nos
2393 4032 2421 4070 a
2442 4036 2458 4067 ι
2480 4016 2579 4070 Fili
2598 4014 2765 4071 David
2786 4034 2804 4066 ›
2825 4017 3192 4086 auspicantes,
3213 4023 3267 4070 et
3288 4021 3442 4070 stans
3465 4013 3708 4084 quidem,

1689 4128 1918 4185 VETUS
1958 4128 2536 4184 INTERPRETA'I‘IO.

444 4254 552 4316 sto,
582 4244 689 4299 nisi
718 4245 848 4315 quia
883 4245 1029 4301 ﬁlius
1061 4254 1180 4300 erat
1207 4244 1394 4301 David.
1432 4244 1581 4300 Duos
1614 4260 1788 4300 caecos
1824 4253 2006 4316 autem
2039 4244 2281 4316 diximus
2327 4242 2559 4312 populus
2581 4241 2735 4316 _duos
2773 4241 2826 4294 in
2856 4240 2964 4293 dua
2997 4251 3160 4316 regna
3210 4236 3422 4316 divisos
3467 4244 3715 4316 tempore

445 4306 690 4386 Roboam
722 4306 752 4369 τ’
773 4325 826 4386 et
850 4316 972 4370 vide
1002 4316 1312 4386 pr0phetas,
1346 4316 1621 4386 quomodo
1652 4329 1800 4369 nunc
1824 4314 1987 4386 Israel
2014 4354 2029 4381 ,
2082 4306 2417 4386 nuncJut'lai
2441 4311 2944 4386 prophetaveiunt_,
2993 4307 3288 4386 aliquando
3337 4313 3516 4386 autem
3548 4306 3713 4386 simul

445 4385 736 4440 ambobus.
775 4383 840 4438 Hi
866 4373 1228 4454 ergo'populi,
1260 4373 1533 4455 quoniam
1553 4385 1708 4454 signo
1734 4383 1970 4455 quodam
1995 4373 2313 4455 prophetico
2337 4373 2623 4455 audierant
2656 4381 2888 4455 transire
2909 4373 3117 4455 Jesum,
3153 4377 3543 4455 clamaverunt.
3575 4373 3717 4455 Puto

444 4456 590 4509 enim
623 4455 771 4525 quod
797 4444 1191 4511 audiéru'nt'ab
1216 4444 1303 4511 eis
1335 4456 1429 4524 qui
1472 4444 1764 4509 adventum
1795 4444 2504 4525 Christi'prophetaverunt.
2535 4450 2600 4504 Et
2621 4450 2878 4520 quoniam
2906 4449 3123 4525 transit,
3159 4446 3381 4525 veniens
3407 4444 3625 4525 quidem
3656 4445 3711 4498 in

444 4540 589 4591 eam,
615 4515 902 4596 egrediens
934 4535 1117 4596 autem
1144 4541 1210 4579 ex
1241 4542 1328 4588 ea,
1353 4515 1407 4580 et
1435 4526 1688 4596 timentes
1719 4540 1787 4579 ne
1810 4524 1949 4596 forte
1979 4515 2320 4596 pertranseat
2345 4538 2462 4588 eos,
2494 4515 2834 4592 nequaquam
2863 4518 3298 4596 misericordiam
3317 4515 3525 4596 faciens
3552 4529 3719 4596 super

444 4587 895 4659 com—clamabant
929 4613 941 4649 :
974 4615 992 4646 ι
1030 4595 1283 4650 Miserere
1317 4597 1497 4658 nobis,
1534 4594 1792 4656 Domine,
1822 4595 1897 4649 (ili
1923 4587 2112 4649 David.
2156 4614 2173 4644 ι
2206 4594 2365 4649 .Icsus
2399 4587 3076 4661 antem'noitpertransit,
3119 4587 3213 4661 sed
3257 4595 3401 4650 stat,
3447 4592 3719 4661 ut_stante

447 4655 685 4745 i_l_|o’_non
717 4666 1006 4745 transiluat
1033 4664 1379 4745 beneficium,
1410 4655 1503 4720 sed
1532 4665 1689 4733 quasi
1723 4655 1789 4744 de
1828 4664 1978 4745 fonte
2013 4672 2194 4719 stante
2249 4662 2526 4745 proﬂuens
2566 4655 2939 4745 misericordia
2970 4660 3222 4745 deveniat
3273 4655 3578 4745 usqgepadk
3597 4669 3714 4745 eos.

444 4733 628 4788 Turba
658 4743 862 4795 autem.
888 4736 939 4790 id
966 4743 1068 4799 est,
1103 4723 1410 4802 praecedens
1442 4723 1632 4788 eorum
1659 4733 1752 4802 qui
1780 4735 2125 4789 crediderant
2151 4772 2165 4796 ,
2197 4723 2360 4788 etiam
2386 4723 2726 4802 increpabat
2756 4732 2842 4786 'cis
2876 4729 3274 4802 clamantibus;
3318 4746 3336 4777 ι
3357 4723 3475 4779 Ἐίιί
3510 4724 3717 4802 David,

446 4805 707 4926 giserere
732 4792 928 4872 nostri,
959 4824 977 4856 ι
1002 4792 1067 4888 ut
1092 4792 1352 4868 tacerent,
1383 4813 1438 4860 et
1474 4819 1581 4858 non
1608 4792 1943 4881 appellarent
1973 4819 2099 4859 eum
2135 4792 2530 4875 contemptibili
2562 4792 2797 4856 'nomine
2822 4843 2837 4869 ,
2886 4802 2979 4856 sed
3011 4800 3194 4870 potius
3223 4797 3466 4852 dicerent
3495 4813 3508 4849 :
3552 4813 3571 4846 ι
3612 4792 3717 4848 Fili

491 4889 562 4926 el.
594 4890 854 4926 nllscrel'e
882 4884 1074 4926 IIOSU'I.
1108 4894 1127 4926 I

491 4874 563 4938 ei,
594 4876 854 4930 miserere
882 4876 1074 4929 nostri.
1108 4894 1127 4926 ι
1628 4874 1633 4881 ”

519 4932 606 4998 Η.
633 4944 802 5015 §tans
825 4961 955 5015 ergo
977 4944 1136 5001 Jesns
1158 4942 1492 5000 clamoribus
1523 4960 1712 5000 eorum
1740 4953 1984 5001 retentus
2013 4953 2068 4999 et
2092 4943 2371 5014 precibus,
2406 4949 2567 4998 vocat
2594 4957 2689 4997 eos
2714 4941 2780 5015 ad
2812 4937 3234 5015 se,__principi_u_m
3261 4932 3718 5015 beneﬁci_i_ost_en-

444 5013 601 5069 deus.
632 5012 743 5069 Nec
773 5002 919 5068 enim
955 5016 1008 5069 in
1036 5028 1270 5069 vacuum
1308 5016 1524 5070 vocavit
1549 5031 1666 5072 eos.
1702 5016 1925 5072 Utinam
1959 5023 2012 5069 ct
2039 5002 2199 5069 nobis
2230 5002 2595 5069 clamantibus
2622 5021 2675 5066 et
2703 5002 3039 5065 dicentibus:
3077 5002 3103 5057 ι’
3127 5005 3383 5061 Miserere
3412 5004 3590 5069 nobis,
3612 5002 3710 5056 Do-

446 5085 616 5148 mine,
641 5102 669 5154 )
704 5093 864 5140 vocet
891 5100 992 5140 nos
1026 5084 1348 5153 incipientes
1383 5098 1414 5139 a
1438 5085 1547 5138 tilio
1575 5085 1739 5140 David
1773 5104 1786 5140 :
1823 5095 1978 5140 stans
2010 5094 2192 5139 autem
2231 5096 2380 5154 vocet
2424 5100 2545 5154 nos,
2582 5081 2739 5152 quasi
2793 5080 3083 5154 intendens
3111 5075 3586 5154 deprecationibus
3619 5086 3716 5154 no—

447 5143 612 5208 stris.
637 5152 787 5209 Dixit
809 5163 992 5209 autem
1025 5155 1105 5210 eis
1139 5143 1153 5207 Ξ
1191 5173 1210 5206 ι
1243 5155 1384 5220 Quid
1415 5157 1579 5211 vultis
1612 5165 1670 5211 ut
1695 5156 1892 5210 faciam
1929 5154 2129 5210 vobis?
2169 5176 2186 5207 ι
2226 5153 2385 5222 Quod
2424 5143 2682 5209 existimo
2711 5165 2832 5205 esse
2866 5149 2993 5222 tale.
3045 5143 3203 5222 Quod
3252 5143 3714 5222 vultisostendito

448 5222 759 5295 manifeste,
784 5233 843 5278 ut
865 5239 1059 5295 omnes
1082 5225 1177 5294 qui
1210 5214 1565 5293 egrediuntur
1591 5227 1656 5282 de
1688 5225 1946 5280 Hiericho
1978 5234 2031 5278 et
2053 5214 2361 5295 sequuntur
2393 5241 2499 5289 me,
2530 5224 2753 5295 audiant
2775 5228 2830 5274 et
2861 5216 3336 5295 videantfactum.
3397 5214 3500 5295 Illi.
3532 5221 3714 5295 autem

448 5284 850 5362 responderunt
877 5312 890 5349 :
933 5312 951 5348 t
982 5293 1053 5349 Ut
1073 5284 1392 5373 aperiantur
1417 5296 1560 5351 oculi
1588 5296 1780 5351 nostri.
1818 5314 1837 5346 ι
1876 5296 2096 5367 Ingenui
2129 5284 2376 5365 quidem,
2403 5309 2468 5349 eo
2487 5284 2637 5363 quod
2659 5298 2816 5345 erant
2841 5290 2909 5345 de
2932 5289 3098 5344 Israel
3126 5285 3355 5354 ctJuda,
3375 5284 3504 5340 caeci
3535 5291 3717 5337 autem

542 5459 586 5491 ’“
618 5457 730 5516 Jer.
768 5477 921 5529 xxxi,
949 5462 1039 5528 31.
1069 5463 1173 5531 32;
1204 5460 1369 5517 Hebr.
1399 5477 1514 5525 vin,
1543 5459 1599 5527 8,
1630 5459 1685 5533 ξ).
1760 5461 1806 5493 θ’
1836 5459 2028 5516 Matth.
2062 5477 2154 5527 xx,
2184 5458 2272 5514 '50.
2355 5459 2370 5490 ⁸
2405 5455 2538 5513 ibid.

2210 5616 2327 5686 (80)
2358 5616 2478 5684 Τὴν
2509 5613 3045 5686 παρελευσομένηλν
3074 5607 3305 5678 Ἱεριχοῖ).
3331 5606 3590 5686 M_undu_m
3611 5608 3715 5662 sci-

2137 5676 2283 5747 licet.
2308 5676 2566 5741 eamdem
2589 5676 2754 5753 venint
2790 5676 3115 5753 allegoriam
3139 5676 3502 5753 persequitur.
3534 5676 3608 5753 |_o.

2209 5756 2322 5827 (81)
2361 5754 2504 5811 Ἀπὸ
2530 5752 2749 5826 πηγῆς.
2781 5747 2956 5809 Codéx
2995 5747 3212 5820 Regius,
3245 5747 3353 5803 ἀπὸ
3386 5748 3484 5820 τῆς
3506 5747 3630 5819 γῆς.

522 5618 635 5691 (79)
664 5621 1069 5691 Συντελὲσειν
1098 5622 1197 5682 ἐπὶ
1240 5621 1350 5691 τὸν
1389 5616 1565 5691 οἵκοτί
1594 5619 1796 5691 ,Ἰούδα
1824 5620 2031 5691 Διαθῆ-

450 5684 585 5762 ξεηρρ.
613 5684 925 5762 Legendum
955 5691 1226 5762 fortasse:
1260 5690 1354 5743 ἐπὶ
1386 5690 1477 5743 τὸν
1516 5684 1664 5762 οἷκον
1698 5684 1914 5760 Ἰσραὴλ
1935 5684 2029 5744 xuii.

450 5758 544 5832 ἐπὶ
577 5757 844 5832 τὸν-οἷκον
883 5761 1052 5814 Ἰούδα
1075 5761 1369 5832 ᾼ-ιαθήκην,
1399 5770 1502 5816 etc.
1532 5759 1611 5816 lta
1640 5757 1837 5817 Jct'ctn.
1869 5757 2027 5828 aut,

450 5828 540 5895 51,
572 5840 624 5886 et
655 5829 817 5889 llebr.
858 5845 973 5900 vni,
1000 5832 1052 5887 8.
1083 5828 1345 5887 “uarius.
