4086 6498
377 497 400 551 l
411 495 514 553 ΜΠ

1897 474 2226 536 ORIGENIS

3504 471 3647 529 ιιοε

374 612 533 683 quasi
561 610 626 666 ad
651 609 965 681 petitionem
995 616 1236 663 nostram
1266 603 1551 659 attendens
1574 617 1675 657 nos
1696 600 1951 655 advocet!

2064 595 2257 667 μένους
2283 594 2390 649 ἀπὸ
2415 591 2530 660 τοῦ,
2563 612 2580 643 ι
2606 594 2733 658 Υἱὸς
2763 592 2942 661 Δαυῗδ,
2973 612 2990 643 ι
3023 590 3115 647 καὶ
3142 591 3272 656 στάς
3298 606 3362 663 γε
3391 595 3647 666 φωνῆσαι

376 703 469 756 Ait
514 718 645 772 ergo
690 702 875 755 illis':
907 698 1084 764 «Quid
1131 697 1295 751 vultis
1346 705 1401 750 ut
1446 695 1643 749 faciam
1695 690 1889 745 vobis?
1930 710 1949 741 ι

376 795 524 863 quod
564 794 831 862 ejusmodi
877 805 998 846 esse
1029 791 1268 844 arbitror
1305 807 1317 842 :
1359 788 1497 854 Quid
1553 785 1727 840 velitis
1782 783 1955 854 signi-

376 887 553 942 ﬁcate.
595 884 894 949 ostendite;
941 892 1000 936 ut
1028 883 1342 950 quicunque
1381 878 1698 933 Jerichunte
1733 884 1954 937 exeunt,

374 983 430 1029 ct
474 989 560 1028 me
608 980 932 1042 sequuntur,
987 988 1100 1026 rem
1147 978 1352 1041 gestam
1423 968 1580 1038 731
1634 966 1859 1020 audiant
1903 973 1957 1018 et

375 1074 642 1135 spectent.
666 1065 735 1119 At
770 1064 1167 1134 responderunt
1199 1062 1272 1115 illi
1315 1060 1335 1092 ³
1368 1079 1381 1114 :
1415 1078 1433 1111 ι
1466 1059 1713 1125 Domine,
1741 1068 1799 1113 ut
1827 1074 1955 1127 ape-

374 1156 591 1210 riantur
638 1152 783 1209 oculi
833 1152 1048 1217 nostri;
1090 1170 1110 1202 ι
1174 1164 1280 1220 qua
1328 1147 1547 1218 quidem
1602 1143 1955 1214 responsione

374 1248 641 1301 adversus
674 1260 800 1300 eum
834 1254 1086 1310 utuntur,
1128 1242 1341 1310 sibique
1371 1239 1561 1294 oculos
1600 1236 1797 1307 aperiri
1820 1235 1955 1290 velle

376 1337 709 1407 signiﬁcant,
760 1336 854 1407 qui
907 1336 1156 1407 generosi
1210 1341 1357 1397 sunt,
1405 1340 1587 1401 utpote
1642 1330 1711 1384 ab
1756 1328 1955 1385 lsraele

374 1430 583 1487 etJuda
620 1430 761 1495 orti;
803 1438 859 1483 at
906 1444 934 1482 ε
964 1424 1204 1496 nequitia
1243 1426 1521 1486 excaecati,
1575 1422 1804 1493 ejusque
1849 1421 1952 1477 sibi

374 1521 583 1577 conscii
607 1529 757 1586 sunt,
782 1531 835 1574 et
868 1535 931 1574 ea
964 1520 1254 1573 audierunt
1273 1534 1395 1587 qua:
1423 1518 1489 1572 de
1513 1515 1852 1586 Sospitatore
1870 1518 1955 1571 di-

373 1625 610 1679 euntnr;
648 1622 811 1684 atque
854 1613 982 1668 illud
1027 1613 1373 1684 potissimum
1419 1612 1628 1677 dicunt,
1673 1613 1764 1682 qui
1807 1613 1954 1667 Scri-

374 1713 593 1775 pturam
623 1719 835 1760 sacram
860 1705 1169 1759 evolventes
1199 1719 1258 1758 se
1293 1702 1359 1757 ad
1396 1704 1567 1773 ipsius
1596 1719 1815 1758 sensum
1851 1721 1957 1761 cre-

377 1794 552 1848 eutire
592 1809 699 1847 non
742 1794 993 1864 ignorant
1030 1810 1043 1846 :
1084 1793 1238 1846 aiunt
1280 1790 1548 1861 siquidem
1594 1791 1711 1845 illi:
1744 1810 1762 1843 ι
1794 1790 1957 1846 Mise-

380 1900 501 1939 rere
536 1885 734 1950 nobis,
766 1904 784 1936 ι
846 1894 920 1950 et,
972 1884 1227 1937 volumus
1282 1901 1301 1933 ι
1341 1891 1398 1937 ιιι
1447 1882 1759 1953 aperiantur
1807 1883 1950 1938 oculi

375 1975 570 2030 nostri.
604 1992 623 2025 ι
676 1972 895 2028 Utinam
932 1990 1060 2029 vero
1097 1990 1198 2029 nos
1236 1989 1396 2029 secus
1438 1973 1611 2044 ipsam
1649 1972 1958 2046 Scriptura-

373 2080 497 2118 rum
529 2064 672 2118 viam
705 2066 976 2127 sedentes,
1009 2065 1063 2119 in
1095 2064 1295 2134 quibus
1328 2065 1668 2129 caecutimus,
1696 2074 1749 2119 et
1778 2065 1959 2120 videre

374 2170 481 2209 non
513 2170 803 2225 possumus
831 2146 1237 2227 cognoscentes,
1258 2165 1544 2226 postquam
1562 2154 1747 2211 Jesum
1780 2167 1960 2212 trans-

376 2247 457 2302 ire
499 2246 915 2315 acceperimus,
983 2263 1107 2303 eum
1152 2248 1464 2318 precatione
1522 2258 1709 2303 nostra
1769 2248 1959 2304 sistere

375 2352 678 2408 queamus,
721 2349 775 2393 et
822 2339 1070 2395 dicamus
1119 2339 1254 2395 velle
1301 2354 1402 2394 nos
1473 2359 1491 2392 ι
1541 2349 1600 2395 ιιι
1643 2339 1959 2410 aperiantur

375 2429 522 2485 oeuli
563 2431 770 2497 nostri;
805 2449 823 2482 ι
876 2431 1023 2502 quod
1075 2431 1121 2487 si
1174 2429 1480 2487 dixerimus
1537 2449 1601 2486 ex
1651 2432 1845 2487 aﬂ'ectu
1893 2450 1956 2488 ea

375 2523 561 2577 videre
606 2524 1046 2593 concupiscenlc,
1090 2541 1212 2594 qua:
1248 2524 1502 2580 videntur
1524 2523 1654 2580 Jesu
1694 2525 1958 2581 beneﬂcio

373 2623 660 2685 postquam
713 2615 910 2670 anima:
942 2617 1134 2673 oeulos
1190 2616 1383 2689 tetigit,
1416 2617 1767 2674 miseratione
1807 2635 1959 2675 com-

375 2706 678 2762 movebitur
713 2705 1020 2777 Sospitator
1050 2717 1254 2775 noster,
1285 2718 1339 2763 et
1368 2711 1559 2764 oculos
1591 2722 1718 2764 ante
1752 2710 1956 2766 adven-

375 2808 492 2852 tum
541 2813 702 2853 suum
750 2798 975 2854 minime
1013 2799 1255 2855 videntes
1305 2801 1603 2872 continget,
1648 2811 1832 2872 utpote
1863 2803 1958 2873 qui

378 2887 567 2946 Virtus
602 2891 694 2957 sit,
735 2901 791 2946 et
814 2888 1077 2955 Verbum,
1110 2901 1163 2946 et
1193 2892 1492 2960 Sapientia,
1536 2902 1592 2948 et
1621 2908 1960 2963 quaecunque

374 2981 443 3037 de
475 2984 592 3051 ipso
623 2984 936 3053 conscripta
973 2993 1132 3050 sunt;
1166 2995 1222 3037 et
1248 2994 1536 3055 postquam
1576 2999 1671 3039 eos
1700 2984 1956 3055 tetigerit,

376 3073 662 3144 dill‘ugient
709 3075 946 3129 tenebxae
992 3090 1056 3130 ac
1097 3076 1429 3146 ignorantia,
1469 3082 1524 3130 et
1558 3076 1806 3145 protinus
1848 3091 1956 3131 non

375 3166 551 3219 solum
590 3166 924 3230 videbimus,
971 3168 1062 3221 sed
1111 3167 1287 3237 ipsum
1332 3168 1495 3222 etiam
1539 3169 1956 3236 assectabimur,

374 3271 501 3308 cum
544 3255 658 3324 ipse
704 3266 924 3326 propter
966 3272 1023 3311 se
1063 3256 1239 3311 visum
1292 3257 1451 3313 nobis
1513 3259 1839 3325 restituerit,
1896 3269 1956 3314 ut

375 3361 502 3399 eum
544 3347 810 3401 duntaxat
855 3362 1152 3417 sequamur
1180 3346 1273 3416 qui
1309 3356 1367 3401 ut
1406 3347 1719 3405 videremus
1752 3348 1951 3417 effecit,

377 3452 555 3506 neque
594 3436 742 3491 aliud
785 3438 1082 3508 quidquam
1137 3447 1395 3507 praeterea
1443 3454 1692 3509 agamus,
1729 3450 1789 3494 ut
1829 3458 1955 3496 eum

376 3540 594 3595 semper
636 3538 946 3597 sequentes,
992 3528 1059 3581 ad
1097 3526 1264 3582 Deum
1313 3529 1430 3598 ipso
1470 3538 1832 3599 praetereunte
1863 3531 1956 3586 de-

375 3618 680 3683 ducamur;
722 3628 887 3687 atque
917 3619 1090 3675 oculis
1118 3620 1324 3675 nostris
1366 3620 1538 3690 ipsius
1573 3619 1837 3676 beneﬁcio
1871 3622 1955 3676 vi-

375 3706 651 3776 dentibus,
683 3726 794 3765 una
825 3726 949 3766 cum
989 3712 1057 3767 iis
1091 3713 1183 3782 qui
1214 3721 1437 3782 propter
1468 3713 1790 3767 munditiem
1831 3730 1952 3769 eor-

376 3800 462 3855 dis
504 3801 644 3855 beati
692 3803 1075 3871 pnedieantur,
1110 3802 1280 3858 Deum
1304 3803 1654 3874 aspiciamus.
1708 3805 1799 3860 Sic
1826 3821 1955 3877 ergo

378 3891 664 3957 habemus,
705 3895 798 3964 qui
823 3893 1137 3950 Jeriebunte
1158 3905 1381 3963 exeunt,
1411 3905 1466 3952 et
1495 3893 1681 3951 Jesum
1715 3914 1957 3969 sequun-

377 3991 489 4047 tur,
517 3992 571 4037 et
599 3999 794 4054 magno
823 4001 1054 4042 numero
1085 3996 1234 4052 sunt,
1263 4002 1441 4057 neque
1465 3986 1742 4053 lsraelem,
1779 4004 1956 4058 neque

375 4071 571 4127 Judam
598 4088 753 4142 esse;
791 4091 966 4131 caecos
998 4086 1179 4132 autem
1220 4077 1359 4133 duos
1386 4079 1478 4147 qui
1505 4076 1690 4133 Iesum
1721 4080 1956 4134 transire

375 4165 689 4233 audierunt,
720 4182 956 4238 eumque
998 4168 1168 4223 lilium
1207 4185 1329 4225 esse
1358 4169 1527 4223 David
1561 4181 1952 4240 cognoverunt,

374 4258 643 4314 eiecitatis
686 4274 802 4314 suae
854 4261 1150 4322 conscios,
1222 4261 1522 4332 oculosque
1572 4278 1706 4317 suos
1752 4263 1952 4332 aperiri

376 4360 653 4420 rogantes,
687 4349 939 4407 lsraelem
968 4358 1090 4406 esSe
1121 4361 1176 4406 et
1197 4350 1416 4417 Judam,
1452 4352 1519 4407 de
1553 4353 1753 4422 quibus
1794 4369 1822 4407 a
1855 4369 1955 4408 no-

376 4441 462 4496 bis
495 4453 675 4498 aetum
715 4452 828 4510 est,
857 4459 1092 4513 quorum
1134 4444 1277 4498 oculi
1312 4444 1484 4500 clausi
1521 4453 1573 4499 et
1603 4444 1822 4500 obducti
1860 4462 1955 4515 per

373 4529 503 4591 Jesu
549 4541 867 4590 contactum
895 4534 1097 4590 vident.
1141 4534 1320 4606 Atque
1370 4536 1485 4591 haec
1531 4537 1750 4607 quidem
1794 4536 1952 4606 juxta

373 4624 689 4681 Matthzeum
700 4669 712 4681 .

458 4718 621 4791 732
677 4720 764 4775 12.
825 4721 1021 4777 Verum
1089 4723 1351 4795 quoniam
1403 4721 1619 4779 Marcus
1671 4734 1726 4778 et
1772 4723 1950 4780 Lucas

2059 687 2209 757 ἡμᾶς
2233 685 2308 749 ὡς
2331 685 2612 756 προσέχων
2646 685 2802 756 ἡμῶν
2826 687 2894 757 τῇ
2919 683 3169 752 ἀξιώσειε
3196 681 3360 737 Εἶπεν
3384 679 3478 737 οὖν
3510 684 3650 739 ἐκεί-

2060 793 2169 840 νοις
2188 792 2203 806 ο
2238 776 2333 827 «Τί
2362 775 2543 829 Θέλετε
2570 775 2659 828 ἕνα
2686 776 2894 846 ποιήσω
2919 775 3082 846 ὑμῖν;
3106 796 3125 828 ι
3149 776 3286 847 ὅπερ
3304 773 3545 828 τοιοῦτον
3572 766 3653 828 εἶ-

2056 885 2144 920 ναι
2180 867 2416 938 νομίζωο
2459 867 2522 919 Τί
2550 866 2731 920 θέλετε
2773 869 3180 939 παραστήσατε,
3216 866 3518 937 δηλώσατε,
3561 868 3654 919 ἵνα

2056 959 2257 1022 πάντες
2279 960 2325 1011 οἱ
2351 958 2772 1029 ἐκπορευόμενοι
2802 955 3152 1030 ἀποῚεριχὼ.
3181 946 3274 1011 καὶ
3294 955 3646 1011 ἀκολουθοῦν⁴

2053 1050 2146 1114 τές
2180 1067 2268 1121 μοι
2303 1049 2577 1102 ἀκούσωσι
2612 1050 2706 1103 καὶ
2732 1049 3030 1104 θεάσωνται
3064 1051 3124 1102 τὸ
3157 1048 3460 1120 γινόμενον.
3500 1047 3643 1100 Ἀλλ’

2056 1142 2254 1194 ἐκεῖνοι
2297 1140 2682 1211 ἀπεκρίναντο·
2723 1160 2740 1192 ι
2782 1139 2975 1212 Κύριε,
3025 1140 3113 1195 ἴνα
3153 1137 3442 1209 ἀνοιγῶσιν
3466 1139 3518 1192 οἱ
3555 1138 3647 1209 ὀφ·

2056 1235 2251 1306 θαλμοὶ
2281 1233 2456 1306 ἡμῶν
2503 1253 2520 1283 ι
2545 1234 2730 1305 ἥντινα
2756 1233 3047 1305 ἀπόκρισιν
3069 1233 3119 1284 οἱ
3146 1232 3388 1301 εὐγενεῖς
3415 1230 3543 1302 μὲν,
3566 1230 3646 1301 τῷ

2055 1325 2193 1381 εἶναι
2227 1326 2335 1380 ἀπὸ
2383 1324 2600 1398 Ἰσραὴλ
2643 1326 2739 1378 καὶ
2789 1323 2982 1389 Ἰούδα,
3042 1322 3413 1393 τυφλωθέντες
3452 1320 3509 1373 δὲ
3539 1319 3649 1373 ὑπὸ

2054 1420 2156 1491 τῆς
2194 1418 2414 1481 κακίας,
2451 1419 2544 1470 καὶ
2588 1415 2984 1490 συνῃσθημένοι
3017 1415 3209 1487 αὐτῆς,
3241 1415 3337 1470 καὶ
3369 1412 3647 1467 ἀκούσαν-

2053 1531 2146 1577 τες
2190 1511 2299 1566 τῶν
2341 1510 2649 1581 λεγομένων
2694 1510 2822 1581 περὶ
2854 1508 2968 1562 ’τοῦ
3009 1507 3285 1579 Σωτῆρος,
3335 1507 3468 1575 φασὶ
3506 1506 3647 1577 πρός

2056 1605 2239 1669 αὐτὸν,
2271 1604 2365 1658 καὶ
2396 1602 2614 1671 λέγουσι
2652 1601 2825 1655 θέλειν
2858 1601 2946 1654 ἴνα
2974 1599 3261 1669 ἀνοιγῶσιν
3292 1599 3341 1651 oi
3372 1597 3646 1669 ὀφθαλμοὶ

2055 1696 2255 1751 αὐτῶν.
2287 1696 2398 1749 Καὶ
2432 1694 2661 1767 μάλιστα
2693 1694 2849 1749 τοῦτό
2884 1711 3048 1763 φασιν
3079 1693 3129 1745 οἱ
3162 1693 3231 1746 ὲν.
3257 1691 3337 1763 τῷ
3381 1691 3647 1762 ἐντυγχά-

2055 1809 2168 1844 νειν
2200 1793 2266 1862 τῇ
2306 1791 2425 1861 ἱερᾷ
2456 1789 2648 1862 Γραφῇ
2698 1787 2773 1859 μὴ
2810 1784 3258 1858 ἀναισθητοῦντες
3298 1783 3507 1837 ἑαυτῶν
3546 1800 3643 1835 τυ-

2057 1882 2404 1952 φλωττόντων
2432 1879 2568 1951 πρὸς
2590 1880 2682 1933 τὸν
2713 1880 2771 1931 ὲν
2804 1878 2941 1951 αὐτῇ
2982 1875 3127 1939 νοῦν·
3163 1869 3311 1930 οὗτοι
3355 1876 3462 1947 γάρ
3508 1891 3645 1944 φασι

2014 1939 2031 1988 ς
2056 1939 2135 2028 τό·
2161 1996 2178 2026 ι
2214 1939 2658 2045 Ἐλέησονῆ
2683 1991 2702 2024 ι
2723 1972 2818 2024 καὶ
2840 1939 2966 2024 τόση(
2987 1969 3225 2040 Θέλομεν
3246 1968 3332 2023 ἵνα
3355 1939 3648 2036 ἀνοιγῶσιν

2058 2067 2106 2119 οἱ
2136 2064 2404 2136 ὀφθαλμοὶ
2434 2063 2606 2136 ἡμῶν.
2633 2083 2652 2117 ι
2683 2063 2773 2128 Ὦς
2798 2062 2909 2116 εἴθε
2932 2062 3026 2116 καὶ
3052 2063 3233 2133 ἡμεῖς,
3267 2059 3650 2131 αἰσθανόμενοι

2058 2158 2115 2212 ἐν
2147 2151 2229 2221 οἷς
2256 2155 2663 2227 τυφλώττομεν,
2713 2154 2809 2208 καὶ
2853 2154 2914 2207 οὐ
2959 2152 3249 2224 βλέπομεν,
3300 2153 3431 2223 παρ’
3478 2150 3650 2222 αὐτὴν

2058 2246 2412 2319 καθεζόμενοι
2455 2248 2562 2303 τῶν
2600 2246 2833 2320 Γραφῶν
2873 2244 2973 2317 τὴν
3004 2245 3145 2309 ὁδὸν,
3182 2244 3653 2310 ἀκούσαντες,ὅτι

2071 2339 2277 2413 Ἰησοῦς
2300 2340 2556 2413 παράγει,
2576 2340 2663 2393 διὰ
2682 2340 2783 2411 τῆς
2803 2339 3076 2411 ἡμετέρας
3108 2335 3385 2403 ἀξιώσεως
3420 2337 3647 2408 στήσαι-

2061 2450 2162 2504 μεν
2193 2433 2381 2495 αὑτὸν,
2406 2433 2500 2487 καὶ
2531 2432 2801 2503 εἴποιμεν,
2819 2433 2902 2485 ὅτι
2928 2430 3153 2502 θέλομεν
3174 2429 3263 2483 ἵνα
3290 2427 3579 2498 ἀνοιγῶσιν
3596 2430 3647 2482 οἱ

2057 2525 2327 2597 ὀφθαλμοὶ
2356 2524 2543 2597 ήμῶνῐ
2580 2526 2719 2596 ὅπερ
2768 2525 2863 2579 ὲάν
2908 2523 3152 2594 εἴπωμεν
3206 2520 3314 2576 ἀπὸ
3359 2520 3650 2584 διαθέσεως

2058 2616 2396 2690 ὀρεγομένης
2423 2614 2518 2669 τοῦ
2564 2614 2782 2685 βλέπειν
2818 2613 2855 2668 ἃ
2880 2612 3166 2685 χαρίζεται
3194 2610 3411 2682 βλέπειν
3434 2610 3651 2681 ἁψάμε-

2058 2728 2148 2774 νος
2175 2708 2285 2763 τῶν
2319 2709 2419 2780 τῆς
2449 2706 2627 2778 ψυχῆς
2649 2705 2945 2777 ὀφθαλμῶν
2985 2703 3211 2775 Ἰησοῦς,
3245 2701 3650 2774 σπλαγχνισθή-

2061 2819 2212 2855 σεται
2257 2802 2285 2853 ὁ
2315 2801 2507 2872 Σωτὴρ
2552 2799 2732 2871 ἡμῶν,
2776 2799 2872 2853 καὶ
2906 2797 2982 2863 ὡς
3022 2797 3285 2868 Δύναμις,
3322 2796 3418 2851 καὶ
3453 2795 3652 2866 Λόγος,

2059 2896 2153 2949 καὶ
2183 2894 2374 2964 Σοφία,
2410 2894 2505 2947 καὶ
2528 2892 2707 2947 πάντα
2737 2892 2836 2945 ὃσα
2867 2890 3279 2963 ἀναγέγραπται
3322 2889 3452 2962 περὶ
3485 2888 3652 2943 αὑτοῦ

2058 2987 2341 3059 τυγχάνων
2360 3026 2375 3051 ,
2434 2985 2630 3056 ἅψεται
2670 2983 2781 3038 τῶν
2834 2983 2941 3056 πρὸ
2992 2983 3157 3036 αὐτοῦ
3218 2983 3293 3055 μὴ
3345 2982 3653 3053 βλεπόντων

2059 3079 2357 3151 ὀφθαλμῶν
2389 3078 2564 3151 ἡμῶνο
2601 3078 2696 3133 καὶ
2724 3077 3005 3148 ἁψαμένου
3035 3076 3224 3141 αὐτοῦ,
3252 3075 3508 3146 φεύξεται
3547 3074 3650 3146 μὲν

2058 3168 2119 3222 τδ
2145 3168 2333 3232 σκότος
2376 3166 2472 3222 καὶ
2506 3167 2539 3237 ή
2578 3165 2791 3234 ἄγνοια,
2821 3165 3020 3229 εὐθέως
3052 3164 3109 3218 δὲ
3141 3166 3202 3219 οὐ
3242 3164 3404 3237 μόνον
3433 3162 3652 3217 ἀναϐλέ-

1982 3289 2024 3347 c
2056 3262 2252 3334 ψομεν,
2308 3261 2447 3316 ἀλλά
2492 3262 2587 3317 καὶ
2633 3260 3076 3332 ἀκολουθήσομεν
3123 3259 3296 3332 αὐτῷ,
3341 3256 3506 3315 αὐτοῦ
3554 3256 3651 3312 τοῦ

2058 3353 2387 3409 ἀναϐλέπειν
2426 3354 2576 3425 ἡμᾶς
2612 3354 2744 3426 παρ’
2797 3352 2959 3407 αὑτὸν
3001 3351 3392 3425 συνεργοῦντος
3423 3351 3559 3424 πρὸς
3588 3351 3653 3404 τὸ

2061 3447 2137 3520 μὴ
2171 3445 2300 3501 ἄλλο
2320 3463 2374 3499 τι
2400 3446 2625 3518 πρᾶξαι.
2650 3446 2682 3518 ἢ
2719 3442 3029 3499 ἀκολουθεῖν
3056 3444 3135 3516 τῷ
3167 3442 3470 3513 ἀναϐλέψαι
3493 3443 3652 3514 ποιή-

2060 3556 2236 3603 σαντι,
2266 3538 2354 3591 ἵνα
2384 3537 2473 3590 ἀεὶ
2498 3537 2755 3607 ἑπόμενοι
2793 3535 2942 3608 αὒτῷ
2975 3535 3331 3607 ὀδηγηθῶμεν
3361 3535 3454 3589 ὑπ’
3478 3531 3650 3588 αὐτοῦ

2058 3631 2196 3702 πρὸς
2242 3630 2334 3684 τὸν
2389 3629 2542 3691 Θεὸν,
2577 3630 2671 3683 καὶ⁵
2700 3628 2916 3701 ὁρῶμεν
2946 3629 3061 3692 τοῖς
3089 3627 3424 3699 ἀναϐλέψασι
3450 3626 3515 3680 δι’
3554 3626 3654 3679 αὐ-

2053 3719 2150 3774 τὸν
2178 3718 2476 3789 ὀφθαλμοῖς
2508 3718 2663 3790 ήμῶν
2703 3719 2796 3772 τὸν
2834 3717 2987 3783 Θεὸν,
3031 3717 3170 3791 μετὰ
3206 3717 3315 3772 τῶν
3351 3715 3656 3790 μακαριζο-

2059 3810 2240 3883 μένων
2276 3810 2371 3864 ὲπὶ
2405 3808 2482 3880 τῷ
2521 3809 2768 3882 καθαρὰν
2807 3809 2952 3881 ἔχειν
2989 3807 3086 3880 τὴν
3120 3809 3371 3881 καρδίαν.
3415 3808 3655 3880 Ἐχομεν

2055 3898 2149 3956 οὖν
2193 3903 2319 3966 τοὺς
2352 3900 2821 3973 ὲκπορευομένους
2874 3900 2984 3955 ἀπὸ
3029 3900 3256 3973 Ἱεριχὼ,
3297 3902 3391 3955 καὶ
3422 3897 3654 3955 ἀκολου-

2056 3992 2281 4056 θοῦντας
2312 3989 2389 4062 τῷ
2430 3988 2604 4063 Ἰησοῦ
2647 3988 2806 4053 ὄντας
2831 3989 2987 4060 δχλον
3026 3990 3218 4054 πολὺν,
3253 3990 3381 4054 τοὺς
3402 3988 3503 4043 οὐκ
3546 3988 3655 4041 Ἰσ-

2059 4083 2218 4155 ραὴλ,
2250 4082 2372 4137 οὐδὲ
2410 4082 2634 4136 Ἰούδανσ
2668 4082 2794 4146 τοὺς
2824 4081 2881 4135 δὲ
2909 4080 3002 4135 δύο
3034 4082 3270 4152 τυφλοὺς
3287 4080 3654 4145 ἀκούσαντας,

2053 4175 2135 4228 ὅτι
2164 4172 2369 4244 Ἰησοῦς
2394 4173 2652 4243 παράγει,
2678 4172 2773 4226 καὶ
2794 4171 3023 4237 εἰδότας,
3051 4172 3134 4227 ὅτι
3176 4172 3291 4237 υἱός
3322 4174 3439 4225 ὲστι
3468 4169 3653 4236 Acteis,

2054 4267 2149 4323 καὶ
2204 4266 2657 4337 συναισθομένους
2712 4265 2814 4335 τῆς
2859 4265 3069 4319 ἑαυτῶν
3123 4263 3489 4334 τυφλότητος,
3548 4262 3647 4316 καὶ

2055 4357 2339 4423 ἀξιοῦντας
2396 4355 2680 4426 ἀνοιγῆναι
2724 4356 2851 4417 τοὺς
2911 4354 3225 4426 ὀφθαλμοὺς
3282 4351 3499 4417 αὐτῶν,
3542 4349 3651 4406 Ὶσ-

2056 4450 2196 4524 ραὴλ
2221 4450 2317 4503 καὶ
2358 4448 2560 4502 Ἰούδαν
2589 4450 2715 4512 τοὺς
2741 4447 3190 4518 ἀποδεδομένους,
3227 4439 3303 4501 ὧν
3334 4446 3656 4516 κεκλεισμέ-

2053 4562 2134 4598 νοι
2184 4544 2235 4597 οἱ
2278 4538 2569 4612 ὀφθαλμοὶ,
2620 4541 2715 4594 καὶ
2764 4539 3185 4611 συμμεμυκότες
3233 4538 3320 4592 διὰ
3366 4538 3467 4608 τῆς
3507 4536 3655 4607 ἁφῆς

1985 4631 2030 4685 D
2059 4631 2456 4689 ἀναϐλέπουσιν
2500 4630 2694 4703 Ἰησοῦ.
2727 4629 2914 4684 Ταῦτα
2941 4629 3040 4701 μὲν
3059 4630 3200 4685 κατά
3230 4629 3322 4683 τδν
3350 4628 3652 4684 Ματθαῖον.

2145 4724 2300 4778 Ἐπεὶ
2336 4722 2395 4778 δὲ
2429 4722 2657 4796 Μάρκος
2686 4723 2781 4777 καὶ
2810 4723 3022 4787 Λουκᾶς
3049 4720 3193 4776 κατά
3219 4737 3367 4786 τινας
3411 4720 3510 4792 μὲν
3536 4720 3655 4791 (82)

1623 4838 1856 4898 VETUS
1888 4838 2478 4897 INTERPRETATIO.

378 4936 684 5007 ignorantia
714 4944 765 4989 et
794 4936 1161 5007 intelligentes
1188 4935 1461 5007 prgpriam
1499 4936 1820 4999 caecitatem,
1851 4947 1904 4992 et
1931 4938 2214 4994 audientes
2231 4952 2328 4992 eos
2352 4935 2447 5007 qui
2477 4934 2915 5007 prmdieaverunt
2945 4933 3011 5007 de
3033 4931 3184 5007 Iesu,
3211 4931 3403 4988 dicunt
3432 4946 3492 5007 se
3514 4931 3655 4985 velle

376 5016 437 5059 ut
468 5006 784 5077 aperiantur
809 5008 952 5062 oeuli
976 5002 1203 5061 Eorum.
1238 5002 1305 5059 Εἰ
1338 5007 1606 5077 praecipue
1634 5008 1737 5063 hoc
1764 5008 1954 5063 dicunt
1982 5009 2075 5077 qui
2104 5010 2343 5077 legentes
2365 5002 2597 5077 :divinas
2627 5004 2941 5077 scripturas
2983 5002 3310 5077 iutelligunt_
3347 5004 3649 5077 caecitatem

376 5071 531 5131 suam
560 5075 626 5129 ad
654 5092 874 5145 sensum
909 5071 1430 5145 Seripturarumiﬂi
1462 5071 1605 5130 enim
1639 5077 1829 5132 dicunt
1859 5096 1873 5133 :
1905 5095 1924 5129 ι
1956 5071 2216 5134 Miserere
2251 5075 2433 5139 nobis,
2467 5093 2486 5126 ι
2517 5084 2566 5145 et
2590 5073 2723 5145 quia
2749 5071 3004 5129 volumus
3029 5092 3048 5125 σ
3075 5083 3135 5145 ιιι
3165 5071 3481 5145 aperiantur
3502 5071 3653 5145 oeuli

377 5145 570 5200 nostri.
605 5165 624 5197 ι
656 5142 956 5218 Ειᾼιιιὶηοιη
984 5139 1048 5202 ρι’
1069 5162 1173 5218 nos
1196 5146 1553 5218 intelligentes
1579 5146 1632 5218 i_n
1659 5148 1862 5216 quibus
1889 5149 2015 5204 czeei
2044 5163 2260 5208 sumus,
2287 5154 2341 5200 et
2365 5160 2474 5218 non
2515 5139 2764 5218 videmus
2785 5186 2799 5209 ,
2827 5145 3081 5199 sedentes
3104 5139 3260 5218 iusta
3294 5143 3465 5211 ipsam
3481 5139 3653 5218 ’ξε-τί-

377 5227 662 5286 ptnrarnm
694 5216 861 5289 viam,
893 5229 945 5271 et
976 5217 1259 5289 audientes
1294 5209 1553 5289 quoniam
1577 5209 1737 5289 Jesus
1763 5219 1985 5289 transit,
2009 5218 2264 5289 precibus
2295 5214 2510 5289 nostris
2536 5212 2809 5289 iaciamus
2832 5229 2963 5289 eum
3000 5209 3146 5269 stare
3166 5209 3412 5289 dicentes
3438 5230 3452 5265 :
3481 5209 3655 5264 Volu-

379 5283 503 5340 inus
540 5305 559 5337 ι
599 5296 657 5339 ut
690 5287 1003 5356 aperiantur
1033 5288 1175 5342 oculi
1200 5283 1391 5342 nostri.
1431 5306 1448 5338 ι
1481 5286 1637 5353 Quod
1667 5288 1713 5341 si
1744 5283 2046 5343 dixerimus
2075 5303 2138 5356 ex
2168 5285 2362 5340 aﬂeetu
2396 5284 2743 5356 desiderante
2794 5283 2979 5338 videre
3006 5299 3128 5353 qum
3180 5284 3369 5356 donat,
3407 5291 3637 5356 tangens

375 5356 566 5412 oculos
592 5352 897 5427 animarum
923 5367 1232 5412 nostrarum
1266 5359 1491 5426 aperiet,
1509 5352 1670 5427 quasi
1703 5356 1961 5423 Verbum,
1983 5366 2038 5412 et
2065 5355 2297 5427 Virtus,_
2317 5362 2371 5409 et
2396 5352 2694 5427 Sapientia,
2721 5362 2776 5408 et
2803 5356 2987 5407 omnia
3016 5352 3140 5427 quae
3168 5352 3237 5407 de
3274 5368 3340 5427 eo
3390 5352 3651 5427 dicuntur

376 5428 729 5483 constitutus.
768 5425 834 5481 Et
869 5429 949 5483 sic
978 5443 1045 5483 eo
1074 5421 1326 5498 tangente
1349 5421 1563 5482 recedet
1584 5444 1614 5481 a
1641 5429 1897 5483 sensibus
1929 5421 2144 5498 nostris
2160 5425 2380 5481 tenebra
2416 5421 2777 5498 ignorantiae,
2810 5432 2873 5498 ut
2902 5421 3087 5498 statim
3115 5438 3223 5477 non
3257 5422 3436 5478 solum
3464 5421 3653 5475 videa—

377 5512 535 5564 mns;
569 5499 663 5554 sed
695 5498 857 5551 etiam
887 5492 1363 5567 sequamure'um,
1394 5498 1485 5566 qui
1515 5499 1664 5552 dedit
1685 5498 1843 5553 nobis
1875 5512 2035 5566 posse
2063 5496 2245 5550 videre
2268 5492 2489 5567 propter
2518 5494 2652 5547 nihil
2685 5493 2868 5567 aliud,
2892 5492 3007 5567 pisi
3041 5502 3103 5548 ut
3125 5508 3253 5548 eum
3308 5506 3609 5563 sequamur
3633 5528 3650 5553 ,

376 5577 432 5620 et
457 5561 604 5623 illius
631 5570 832 5622 ducatu
861 5561 1207 5623 transeamus
1228 5570 1293 5622 ad
1330 5561 1519 5631 Deum,
1550 5577 1604 5622 et
1632 5561 1913 5622 videamus
1940 5567 2116 5622 oculis
2148 5561 2353 5619 nostris
2373 5561 2475 5632 per
2502 5580 2627 5618 eum
2657 5564 2862 5632 apertis
2892 5561 3084 5617 Deum.

450 5637 534 5692 12.
577 5637 847 5705 Quoniam
875 5648 1056 5694 autem
1082 5637 1299 5694 Marcus
1319 5646 1375 5693 et
1403 5637 1584 5693 Lucas
1610 5637 1913 5693 secundum
1942 5636 2209 5709 quosdam
2233 5631 2454 5705 quidem
2487 5634 2660 5704 ipsam
2690 5631 2973 5703 exponunt
3002 5631 3311 5699 historiam,
3347 5632 3651 5688 secundum

452 5750 472 5779 '
506 5747 697 5807 Matth.
729 5767 822 5817 xx,
858 5752 949 5808 '52.
1026 5752 1047 5785 ⁸
1079 5752 1215 5810 ibid.
1243 5752 1334 5811 33.

449 5866 562 5935 (δὲ)
600 5867 754 5940 Ἐπεὶ
776 5939 783 5940 7
805 5864 880 5920 δὲ
915 5870 1150 5938 Μάρκος
1185 5872 1281 5925 καὶ
1333 5871 1568 5940 Λουκᾶς
1609 5871 1759 5926 κατά
1790 5889 1955 5939 τινας

2065 5871 2407 5943 Entbymius,
2442 5886 2561 5941 cap.
2604 5869 2671 5943 Ali
2700 5869 2752 5923 in
2789 5870 3005 5943 Matth”
3036 5870 3195 5925 aliam
3236 5885 3264 5924 a
3307 5868 3579 5933 Mattiaco,
3620 5885 3650 5923 a

379 5940 513 6008 μὲν,
546 5944 650 5992 etc.
696 5938 985 6010 Triplieem
1033 5943 1272 6011 agnoscit
1310 5938 1574 5997 caecorum
1613 5938 1949 5999 curationem

2063 5941 2244 5998 Marco
2293 5943 2553 6000 alteram.
2594 5941 2816 5996 alteram
2867 5959 2895 5996 a
2944 5941 3087 5997 Luca
3140 5952 3647 5996 commemoratam.
