4086 6412
399 426 539 483 HI!

1334 417 1690 476 COMMENT.
1731 416 1798 471 IN
1839 411 2259 471 ΜΛἸΤΙῙᾸΞΠΜ
2298 412 2538 469 TOMUS
2578 412 2715 468 XVI.

3522 416 3661 471 HI!

398 539 526 608 φλδς
543 535 631 589 διὰ
653 536 721 588 τὰ
745 532 1143 607 προειρημένα,
1169 532 1373 603 ὁμοίως
1406 533 1463 587 δὲ
1499 533 1592 587 καὶ
1617 531 1980 602 καθεζόμενος

2089 529 2287 584 tionem
2322 530 2714 586 descendentes
2767 527 2972 582 minuta
3011 528 3312 583 consectari
3344 527 3659 592 videamur;

398 629 548 701 παρά
575 628 674 699 τὴν
699 627 838 688 ὁδὸν,
880 627 973 679 καὶ
1007 625 1266 678 ἐπαιτῶν.
1312 621 1446 679 Εἶτα
1489 624 1723 695 ἐπείπερ
1768 623 1982 693 λέγοντι

396 719 563 789 αὐτῷ·
599 737 619 769 ι
654 718 782 779 Υἱὸς
804 715 987 779 Δαυῖδ,
1022 716 1244 785 ἐλέησόν
1278 733 1367 786 με,
1402 735 1423 768 ι
1460 716 1739 787 ἐπετίμων
1770 716 1821 768 οἱ
1849 715 1982 769 πολ⁹

398 810 481 863 Aul.
506 809 593 862 ἵνα
620 808 894 878 σιωπήσῃ,
932 806 1080 876 ζητῶ
1109 807 1158 858 εἰ
1181 806 1408 862 δύνασαι
1435 805 1663 868 πολλοὺς
1694 805 1792 875 μέν
1812 806 1983 859 εἰπεῖν

397 900 766 971 ἐπιτιμῶντας
798 900 884 951 ἵνα
928 898 1203 970 σιωπήσῃ,
1257 897 1337 968 τῷ
1382 897 1677 967 Ἑϐιωναίῳ
1710 898 1804 952 καὶ
1834 914 1981 951 πτω-

397 990 606 1059 χεύοντι
639 990 766 1062 περί
811 988 910 1058 τὴν
948 990 1029 1052 εἰς
1076 988 1285 1059 Ἰησοῦν
1316 988 1499 1041 πίστιν
1539 988 1674 1059 (85),
1709 988 1834 1051 τοὺς
1876 988 1984 1041 ἀπὸ

395 1082 506 1135 τῶν
531 1080 721 1143 ἐθνῶν,
764 1081 959 1144 οἵτινες
998 1081 1127 1151 παρ’
1163 1080 1377 1148 ὀλίγους
1423 1080 1662 1144 ἅπαντες
1693 1079 1987 1133 πεπιστεύ-

396 1191 557 1228 κασιν
586 1174 749 1227 αὑτὸν
785 1174 849 1227 ἐκ
890 1173 1159 1246 παρθένου
1201 1174 1551 1245 γεγενῆσθαι,
1585 1175 1677 1227 καὶ
1718 1173 1987 1243 ἐπιτιμῶ-

399 1281 483 1320 σιν
502 1266 589 1318 ἵνα
623 1266 894 1337 σιωπήσῃ.
918 1264 996 1335 τῷ
1016 1266 1246 1336 οἰομένῳ
1272 1266 1433 1320 αὐτὸν
1468 1266 1530 1320 ἐκ
1557 1264 1873 1337 σπέρματος
1892 1266 1988 1319 ἀνσ⁸

395 1351 518 1424 δρὸς
549 1354 643 1406 καί¹
678 1356 937 1421 γυναικὸς
966 1350 1104 1407 εἶναι
1134 1355 1463 1423 κατάγοντος
1492 1355 1552 1408 τὸ
1578 1354 1733 1424 γένος
1757 1353 1865 1408 ἀπὸ
1891 1353 1985 1407 τοῦ

397 1444 582 1498 Δαυτδ.
656 1444 836 1507 Ἀλλὰ,
882 1443 1125 1513 καίτοιγε
1181 1444 1290 1499 τῶν
1334 1444 1543 1499 πολλῶν
1571 1443 1984 1515 ἐπιτιμώντων,

398 1535 580 1607 πολλῷ
628 1534 827 1606 μᾶλλον
866 1533 1127 1608 κέκραγε,
1173 1537 1446 1591 πιστεύων
1480 1538 1577 1607 μὲν
1609 1537 1703 1588 ἐπὶ
1746 1536 1837 1589 τὸν
1880 1537 1987 1607 ἰη-

398 1628 547 1692 σοῦν,
595 1626 1081 1699 ἀνθρωπικώτερον
1130 1627 1187 1681 δὲ
1228 1628 1517 1682 πιστεύωνο
1563 1627 1655 1681 καί
1702 1625 1989 1697 κεκραγὼς

396 1716 564 1787 λέγει·
602 1737 620 1767 ι
660 1719 784 1782 Υἱὸς
812 1718 993 1780 Δαυῒδ,
1026 1717 1245 1791 ἐλέησόν
1278 1735 1364 1789 με.
1401 1737 1419 1769 ι
1459 1718 1599 1771 Ἀλλ’
1625 1718 1654 1769 ὁ
1687 1716 1991 1788 φιλάνθρω-

398 1824 496 1871 πος
527 1808 715 1878 Σωτὴρ
756 1808 885 1871 στάς
905 1807 1087 1861 οὐκέτι
1115 1807 1255 1860 κατά
1277 1807 1367 1861 τὸν
1397 1807 1675 1862 Ματθαῖον
1704 1806 1866 1869 αὐτὸς
1892 1806 1990 1858 αύ-

398 1899 490 1951 τὸν
524 1902 711 1966 φωνεῖ,
740 1898 855 1951 ἀλλ’
886 1894 1039 1951 εἶπεν
1066 1899 1227 1952 αὐτὸν
1271 1898 1605 1970 φωνηθῆναι·
1644 1901 1695 1953 οἰ
1728 1900 1786 1953 δέ
1816 1916 1986 1969 προσ-
2021 1879 2061 1934 Β

397 1988 685 2059 ταχθέντες
735 1984 888 2043 εἷπον
940 1990 1108 2060 αὐτῷ·
1157 2008 1175 2040 ι
1224 1989 1448 2061 Θάρσει,
1492 1990 1723 2062 ἔγειραι·
1791 2009 1809 2042 ι
1850 1990 1986 2044 καθ-

397 2076 637 2149 ιζομένῳ
656 2077 765 2149 γὰρ
793 2078 962 2150 αὐτῷ,
984 2080 1078 2133 καὶ
1100 2081 1516 2135 ἀναπεπτωκότι
1546 2080 1726 2149 φασίν·
1753 2100 1771 2131 ι
1803 2081 1988 2149 Ἔγει-

402 2183 508 2239 ραι·
549 2189 568 2223 ι
606 2172 699 2225 καὶ
735 2170 974 2240 λέγουσι·
1019 2190 1037 2222 ι
1062 2173 1236 2225 Φωνεῑ
1274 2189 1353 2225 σε.
1393 2190 1413 2223 ι
1445 2170 1603 2225 Μετά
1625 2171 1800 2225 ταῦτά
1824 2187 1989 2243 φησιν

398 2264 425 2313 ὁ
457 2263 702 2335 Μάρκος,
756 2265 859 2326 ὅτι,
904 2263 1194 2318 ἀποϐαλὼν
1230 2263 1294 2316 τὸ
1354 2263 1586 2334 ἱμάτιον,
1630 2264 1988 2333 ἀναπηδήσας

396 2349 529 2424 ἦλθε
560 2354 695 2424 πρὸς
724 2355 814 2407 τὸν
850 2354 1056 2427 Ἰησοῦν
1089 2354 1223 2424 (86).
1259 2351 1385 2427 Ἆρ’
1418 2351 1511 2410 οὖν
1549 2356 1701 2411 οὐδὲν
1730 2357 1988 2428 ἐννοήσας

399 2442 675 2515 ἀνέγραψε
726 2446 855 2517 περὶ
907 2445 1000 2499 τοῦ
1065 2447 1405 2502 ἀποϐαλόντα
1453 2448 1616 2502 αὑτὸν
1660 2449 1720 2502 τὸ
1773 2449 1986 2520 ἱμάτιον

399 2534 857 2606 ἁναπεπηδηκότα
891 2535 1206 2603 ἐληλυθέναι
1257 2538 1396 2608 πρὸς
1448 2536 1539 2592 τὸν
1607 2537 1836 2607 Ἰησοῦν,
1891 2537 1987 2592 καὶ

399 2621 740 2694 τολμήσομεν
790 2625 962 2696 φῆσαι
1009 2628 1189 2697 μάτην
1233 2610 1411 2679 ταῦτα
1460 2625 1858 2697 προσερῤίφθαι
1908 2625 1987 2697 τῷ

401 2715 748 2787 Εὑαγγελίῳ;
779 2716 921 2786 Ἐγὼ
956 2718 1054 2789 μέν
1074 2715 1166 2772 οὖν
1186 2718 1321 2772 ἰῶτα
1354 2718 1411 2772 ἓν
1438 2720 1472 2791 ἢ
1507 2719 1635 2790 μίαν
1668 2720 1895 2791 κεραίαν
1922 2720 1985 2772 ού

403 2806 643 2861 πιστεύω
669 2809 832 2879 κενὴν
856 2805 994 2864 εἶναι
1018 2807 1178 2865 θείων
1204 2809 1565 2881 μαθημάτων·
1598 2810 1660 2863 τὸ
1687 2810 1743 2863 δέ
1769 2811 1988 2879 ἐπιτυγ-

400 2899 584 2968 χάνειν
632 2900 1004 2972 ἐρμηνεύοντα
1048 2901 1288 2973 ήγοῦμαι
1325 2901 1521 2955 πολλοῦ
1567 2901 1771 2955 δεῖσθαι
1826 2901 1986 2970 λόγου

401 2988 487 3042 διὰ
519 2988 581 3042 τὸ
610 2988 1041 3061 δυσερμήνευτον
1088 2992 1195 3044 τῶν
1233 2990 1594 3064 πραγμάτων.
1636 2989 1852 3060 Μήποτ⁹
1893 2986 1986 3045 οὖν

399 3078 469 3133 τὸ.
494 3079 570 3145 ὡς
593 3079 794 3149 τυφλοῦ
826 3082 919 3135 καὶ
959 3082 1181 3136 ἐπαξτου
1215 3080 1666 3153 ἐπικαλύμματα,
1700 3076 1782 3145 οἷς
1826 3099 1985 3152 περι-

399 3169 662 3242 ἐϐέϐλητο
694 3171 808 3244 (87)
836 3174 864 3226 ὁ
893 3173 1245 3244 Βαρτιμαίος,
1268 3172 1541 3243 δηλοῦται·
1584 3172 1742 3226 ἅτινα
1781 3172 1989 3228 ἀπέϐα-

401 3260 490 3313 λεν
511 3262 540 3314 ὁ
571 3261 768 3330 τυφλὸς
796 3262 1054 3326 ἀκούσας’
1086 3282 1103 3314 ι
1129 3263 1353 3335 Θάρσει,
1391 3262 1622 3334 ἓγειραι,
1654 3266 1822 3331 φωνεῖ
1850 3280 1930 3317 σε.
1962 3283 1982 3317 ι

404 3352 514 3406 Καὶ
550 3353 841 3407 ἀποϐαλὼν
869 3354 939 3407 τὰ
994 3355 1093 3425 τῆς
1139 3355 1483 3425 ἐπαιτήσεως
1524 3353 1861 3424 καλύμματα
1893 3354 1986 3408 καὶ

403 3444 743 3521 περιϐόλαια,
792 3445 1120 3518 ἀνεπήδησε,
1160 3446 1255 3500 καὶ
1298 3446 1519 3517 ἀνέστη,
1560 3446 1647 3499 ἵνα
1687 3444 1820 3517 ἔλθη
1851 3445 1987 3516 πρὸς

401 3535 492 3589 τὸν
534 3537 763 3607 Ἰησοῦνσ
797 3540 891 3591 καὶ
921 3537 1096 3607 τυχὼν
1125 3538 1222 3608 τῆς
1268 3538 1396 3608 παρ’
1445 3536 1610 3591 αὑτοῦ
1642 3538 1987 3608 ἀποκρίσεως

404 3630 700 3701 εἰρημένης
729 3630 867 3702 πρλς
897 3629 993 3701 τὴν
1026 3630 1269 3696 ἀξίωσιν,
1298 3629 1418 3699 τῆς·
1458 3648 1474 3678 ι
1520 3630 1584 3681 Tt
1617 3628 1793 3692 θέλεις
1828 3629 1985 3701 ποιή-

406 3736 516 3786 σω;
556 3741 573 3773 ι
613 3722 707 3775 καὶ
735 3721 896 3784 αὐτὸς
929 3720 1050 3776 εἷπε
1084 3721 1306 3793 μείζονα
1338 3720 1519 3793 φωνὴν
1552 3720 1670 3790 τῆς⁸
1709 3739 1726 3771 ι
1765 3719 1863 3773 Υίέ
1885 3722 1989 3771 Δα-

406 3810 514 3875 υἳδ,
533 3811 756 3884 ἐλέησόν
790 3829 879 3883 με’
921 3832 940 3865 ι
978 3813 1161 3883 μεῖζον
1187 3812 1296 3883 γὰρ
1318 3811 1660 3882 ἐπινενόηται
1687 3809 1801 3875 τοῦ,
1832 3829 1851 3861 ε
1891 3809 1987 3862 Υἱὲ

403 3901 584 3965 Δαυῗδ,
626 3922 644 3954 ι
677 3902 753 3973 τῷ
784 3903 1017 3973 λέγοντι,
1053 3922 1069 3953 ι
1123 3904 1406 3958 Ῥαϐϐουνὶ
1448 3921 1464 3956 ι
1506 3904 1596 3956 καὶ
1625 3903 1687 3955 τὸ
1722 3898 1862 3966 εἶδος
1892 3902 1985 3956 τοῦ

405 3995 587 4059 ἐλέους
632 3998 1040 4068 παραστήσαντι
1092 3996 1177 4052 διὰ
1226 3996 1341 4050 τοῦ·
1381 4015 1399 4049 ι
1454 3997 1572 4049 Ἵνα
1619 3995 1923 4065 ἀναϐλέψω.
1965 4014 1983 4046 ι

406 4088 569 4141 Καίὁ
600 4089 791 4159 Σωτήρ
821 4106 883 4158 γε
908 4089 1000 4143 διὰ
1042 4090 1140 4161 μὲν
1187 4087 1302 4142 τοῦθ
1343 4106 1364 4137 ο
1406 4087 1494 4141 Υἱέ
1539 4084 1721 4150 Δαυῒδ,
1766 4084 1987 4157 ἐλέησόν

407 4198 498 4252 με,
523 4200 542 4233 ι
563 4181 623 4234 οὑ
650 4180 833 4235 δίδωσι
864 4183 961 4253 την
976 4181 1289 4253 εύργεσίαν,
1316 4180 1426 4236 οὐδ’
1456 4180 1542 4232 ὅτε
1566 4179 1625 4231 τὸ
1657 4178 1869 4249 ἰμάτιον
1890 4178 1988 4249 τῆς

404 4273 744 4344 ἐπαιτήσεως
773 4272 1098 4342 περιέκειτο,
1133 4271 1240 4325 οὐδ’
1272 4272 1362 4324 ὅτε
1392 4269 1683 4335 ἐκαθέζετο
1710 4267 1861 4341 παρά
1889 4267 1986 4341 τὴν

404 4366 522 4420 ὁδὸν
555 4365 813 4435 ἐπαιτῶν·
865 4363 955 4418 διὰ
1002 4364 1060 4418 δὲ
1104 4363 1186 4417 τόο
1233 4382 1251 4415 ι
1297 4357 1604 4426 Ῥαϐϐουνὶ,
1646 4361 1731 4414 ἵνα
1758 4359 1984 4414 ἀναϐλέ-

403 4458 514 4528 ψω,
557 4477 579 4507 ι
609 4442 761 4511 εἶπεν
779 4456 947 4526 αὐτῷ’
999 4477 1017 4508 ι
1067 4458 1309 4525 ’Ύπαγε,
1341 4456 1375 4526 ἡ
1418 4455 1600 4518 πίστις
1640 4471 1732 4507 σου
1778 4453 1986 4506 σέσωκέ

2084 620 2151 674 de
2177 619 2382 676 Timaeo
2411 622 2504 691 qui
2533 620 2634 689 τῆς
2662 618 2829 690 τιμῆς
2848 659 2863 682 ,
2899 619 3003 674 hoc
3035 629 3118 673 est
3149 621 3373 674 honoris
3401 629 3456 675 et
3479 622 3664 691 gloriae

2084 712 2428 784 cognominis
2453 721 2559 778 cst,
2594 713 2768 781 deque
2806 711 2918 766 filio
2968 712 3137 780 ipsius
3166 712 3475 775 Bartimato,
3510 716 3658 783 quod

2086 806 2274 860 Timaei
2312 806 2484 860 ﬁlium
2531 815 2726 871 sonat,
2799 806 3157 875 quaestionem
3209 807 3550 863 habebimus.
3594 811 3664 862 At

2086 897 2207 952 vide
2242 912 2309 952 an
2343 907 2563 967 propter
2594 898 2917 967 patriarcha:
2942 896 3112 953 Jacob
3144 907 3198 951 et
3224 897 3391 953 Israel
3419 899 3661 968 dignita-

2089 997 2192 1043 tem
2225 1006 2288 1045 ac
2314 990 2594 1055 honorem,
2620 989 2856 1044 Timaeus
2885 990 2998 1059 ipse
3026 988 3232 1059 tropire
3258 999 3338 1044 est
3370 1009 3383 1045 :
3414 992 3505 1060 qui
3536 1006 3664 1045 vero

2089 1080 2422 1134 nobilitatem
2476 1080 2545 1134 ab
2592 1080 2709 1149 ipso
2756 1079 3048 1143 duxerunt,
3104 1079 3136 1131 i-i
3179 1078 3466 1135 Bartimzno
3492 1094 3660 1143 caeco,

2087 1177 2140 1225 ct
2184 1186 2342 1224 secus
2381 1171 2522 1224 viam
2575 1171 2761 1226 itidem
2813 1170 3053 1234 sedente,
3086 1185 3147 1223 ac
3176 1170 3367 1240 stipem
3415 1182 3661 1241 rogante.

2087 1270 2306 1328 propter
2334 1276 2420 1314 res
2447 1262 2699 1330 superius
2730 1260 2892 1332 734
2918 1277 2949 1315 a
2977 1261 3134 1316 nobis
3162 1262 3337 1317 dictas
3365 1277 3663 1330 repnesen-

2091 1360 2292 1406 tantur.
2323 1352 2526 1408 Deinde
2553 1369 2682 1407 vero
2709 1354 2968 1422 quoniam
2998 1353 3263 1407 dicentem
3300 1355 3460 1407 eum"
3483 1371 3496 1408 :
3521 1374 3538 1403 ι
3560 1352 3663 1407 Fili

2091 1442 2280 1508 David,
2313 1445 2569 1499 miserere
2586 1448 2744 1510 mei,r
2785 1445 3136 1515 increpabant
3165 1444 3320 1499 multi
3357 1455 3414 1502 ut
3441 1457 3664 1512 taceret,

2089 1550 2275 1605 quaero
2302 1552 2430 1590 num
2460 1537 2642 1603 plures
2691 1537 2814 1591 illos
2846 1538 3188 1608 increpantes
3228 1555 3352 1594 enm
3379 1540 3470 1608 qui
3502 1538 3668 1592 Ebio-

2092 1642 2241 1681 meus
2271 1635 2326 1681 et
2353 1627 2475 1681 fidei
2508 1626 2562 1681 in
2589 1626 2774 1682 Jcsum
2803 1628 2957 1698 inops
2984 1639 3088 1693 cst,
3125 1640 3183 1685 ut
3216 1641 3411 1695 taceat,
3440 1632 3669 1701 gentiles

2090 1733 2213 1774 esse
2252 1718 2437 1773 dicere
2475 1734 2664 1789 queas,
2696 1720 2812 1789 qui,
2849 1720 2894 1775 si
2930 1737 3135 1789 paucos
3177 1723 3439 1791 excipias,
3478 1732 3665 1776 natum

2092 1809 2244 1865 illum
2278 1825 2401 1865 esse
2429 1825 2496 1864 ex
2523 1810 2732 1880 virgine
2765 1826 3088 1881 persuasum
3124 1815 3470 1878 habuerunt;
3513 1828 3669 1866 enin-

2092 1916 2199 1971 qne
2227 1911 2288 1956 ut
2319 1909 2497 1957 taceat
2525 1902 2827 1969 increpant,
2858 1901 2951 1970 qui
2981 1917 3105 1954 eum
3140 1918 3170 1955 e
3197 1902 3440 1956 mulieris
3466 1917 3531 1955 ae
3562 1903 3664 1956 viri

2093 2009 2264 2065 genus
2290 2008 2448 2049 suum
2486 2007 2516 2047 a
2543 1991 2746 2047 Davide
2776 1992 3029 2047 ducentis
3072 1992 3279 2047 semine
3322 2001 3512 2047 natum
3544 2009 3670 2047 ese

2092 2083 2406 2152 opinantur.
2449 2081 2648 2137 Verum
2685 2081 2868 2136 multis
2905 2081 3027 2136 licet
3060 2082 3465 2152 increpantibus
3495 2083 3668 2136 multo

2094 2174 2266 2245 magis
2297 2174 2627 2231 vociferatus
2656 2183 2760 2239 est,
2795 2174 2848 2228 in
2874 2172 3060 2229 Ju-sum
3092 2174 3332 2242 quidem,
3363 2184 3417 2227 at
3444 2173 3545 2227 title
3576 2174 3664 2227 ni-

2092 2263 2197 2319 mis
2242 2264 2479 2318 humana
2511 2264 2775 2327 credens;
2808 2272 2863 2317 et
2902 2262 3208 2318 vociferans
3247 2264 3358 2317 ait:
3389 2281 3408 2304 α
3440 2262 3537 2316 Fila
3573 2262 3670 2317 Da-

2090 2354 2201 2421 vid,
2239 2355 2497 2410 miserere
2536 2354 2663 2409 mei.
2695 2373 2714 2406 r
2794 2356 2863 2407 At
2891 2354 3142 2408 homines
3174 2368 3370 2407 amans
3410 2353 3669 2407 Servator

2091 2446 2347 2501 restitans
2397 2462 2504 2499 non
2549 2446 2663 2516 jam
2711 2461 2837 2500 eum
2888 2445 3123 2514 amplius
3171 2453 3326 2514 Juxta
3352 2443 3668 2499 Matthwum

2091 2536 2207 2606 ipse
2250 2537 2501 2601 accersit,
2547 2545 2602 2590 at
2641 2536 2847 2591 accersi
2890 2535 3079 2604 jussit.
3130 2534 3342 2599 Quibus
3385 2544 3566 2589 autem
3611 2535 3665 2589 id

2090 2627 2406 2680 mandatum
2464 2624 2587 2692 fuit,
2629 2630 2680 2681 ei
2727 2625 3071 2681 dixerunt":
3122 2626 3315 2681 «Bono
3349 2626 3537 2680 animo
3569 2641 3664 2679 es:

2089 2730 2284 2787 surge;
2317 2734 2336 2768 ι
2385 2716 2593 2771 sedenti
2644 2717 2788 2771 enim
2838 2715 2884 2771 ei
2963 2725 3019 2769 et
3055 2714 3402 2771 dccumbenti
3447 2717 3666 2772 dicu:.t:

2094 2828 2113 2861 ‹
2165 2809 2376 2880 Surge,
2410 2828 2429 2861 ι
2486 2816 2540 2862 et
2579 2809 2948 2864 subnectunt:
2992 2827 3011 2860 ο
3040 2808 3210 2863 Vocat
3249 2821 3319 2863 te.
3353 2827 3373 2861 ›
3436 2807 3669 2878 Subjicit

2089 2902 2284 2958 deinde
2313 2901 2530 2957 Marcus
2580 2916 2704 2957 cum
2744 2920 2763 2953 ι
2792 2901 3032 2971 projeeto
3060 2902 3381 2956 vestimento
3406 2901 3665 2957 exsilien-

2091 3004 2197 3050 tem
2228 2995 2444 3050 venisse
2491 2994 2557 3047 ad
2585 2992 2793 3049 Iesum.
2832 3013 2851 3044 ι
2895 2992 2978 3046 An
3018 2993 3064 3049 is
3106 3008 3270 3063 porro
3309 2993 3443 3046 nihil
3482 2993 3670 3047 animo

2087 3098 2312 3139 versans
2328 3083 2546 3153 scripsit
2574 3081 2786 3152 abjecto
2821 3082 2973 3136 illum
2990 3082 3310 3136 vestimento
3326 3082 3669 3137 exsilientcm

2091 3172 2156 3226 ad
2182 3170 2368 3226 Jesuni
2408 3172 2727 3236 accessisse,
2758 3179 2813 3225 et
2836 3172 2951 3227 hac
2991 3171 3194 3226 frustra
3232 3170 3285 3225 in
3315 3169 3668 3242 Evangelium

2090 3263 2261 3319 fuisse
2309 3265 2520 3320 intrusa
2569 3264 2926 3335 pronuntiare
2974 3264 3339 3319 audebimus?
3403 3263 3666 3333 Equidem

2090 3371 2158 3410 ne
2193 3356 2301 3411 iota
2336 3358 2556 3426 quidem
2594 3372 2788 3425 unum,
2817 3357 2900 3411 Vel
2930 3371 3098 3410 unum
3134 3355 3340 3425 apicem
3383 3355 3439 3409 in
3467 3356 3665 3410 divinis

2091 3449 2371 3519 praeceptis
2406 3449 2621 3504 inanem
2656 3464 2777 3504 esse
2813 3449 3102 3513 existimo;
3153 3456 3210 3501 at
3257 3462 3440 3501 veram
3474 3462 3667 3502 eorum

2090 3539 2588 3608 interpretationem
2648 3540 2889 3608 assequi,
2946 3546 3166 3607 propter
3214 3553 3395 3592 rerum
3468 3541 3668 3594 obscu-

2090 3630 2328 3693 ritatem,
2378 3632 2614 3699 spissum
2658 3646 2781 3686 esse
2810 3630 3004 3701 opinor
3054 3644 3120 3685 ac
3160 3643 3449 3698 operosum
3504 3644 3670 3699 nego-

2091 3722 2248 3776 tium.
2284 3720 2415 3776 Vide
2444 3738 2574 3795 ergo
2604 3740 2672 3778 an
2705 3739 2814 3778 non
2842 3723 3001 3793 quasi
3037 3724 3163 3778 croci
3195 3730 3249 3777 et
3271 3722 3504 3776 mendici
3533 3736 3666 3790 ope-

2089 3812 2354 3877 rimenta,
2387 3814 2588 3883 quibus
2640 3814 2862 3869 indutus
2923 3824 3041 3869 erat
3072 3813 3412 3876 Bartimzrus,
3468 3813 3670 3884 signifi-

2090 3914 2325 3960 cantur:
2358 3919 2480 3974 quze
2509 3904 2729 3975 quidem
2768 3905 2995 3975 projecit
3029 3921 3229 3970 aecus,
3259 3920 3383 3959 eum
3417 3905 3531 3959 hinc
3571 3919 3670 3959 au-

2089 3995 2294 4051 disset:
2329 4013 2347 4045 ι
2383 3993 2537 4049 Bono
2568 3995 2754 4049 animo
2781 4010 2863 4062 es,
2887 4005 3047 4051 vocat
3088 4003 3176 4062 te;
3216 4009 3399 4064 surge,
3431 4013 3450 4048 ι
3490 4005 3545 4049 et
3571 3995 3659 4048 ab-

2084 4086 2243 4157 jectis
2262 4086 2627 4143 mendicitatis
2650 4086 2977 4158 tegminibus
3002 4095 3058 4142 et
3083 4085 3438 4151 indumentis,
3465 4086 3669 4140 exsiliit

2086 4186 2141 4231 et
2162 4178 2420 4242 surrexit,
2439 4186 2499 4232 ut
2512 4177 2579 4232 ad
2596 4175 2625 4232 J
2630 4192 2725 4232 esu
2734 4193 2783 4230 ιιι
2802 4178 3114 4242 accederet;
3138 4184 3192 4231 et
3217 4190 3339 4229 eum
3360 4175 3670 4243 responsio-

2087 4285 2210 4323 nem
2241 4268 2538 4339 preeationi
2572 4283 2685 4323 suae
2711 4268 2890 4322 datam
2918 4266 3109 4323 fuisset
3151 4275 3498 4331 consecutus,
3529 4267 3674 4319 hanc

2086 4360 2293 4417 scilicet
2313 4360 2371 4411 ’τ
2401 4379 2419 4411 ε
2442 4358 2582 4425 Quid
2610 4359 2691 4414 vis
2713 4357 2948 4413 faciam?
2976 4376 2994 4409 ι
3022 4358 3231 4426 majora
3250 4357 3467 4427 quidem
3504 4357 3570 4412 iis
3594 4357 3670 4413 ":

2092 4469 2113 4502 ε
2145 4450 2245 4505 Fili
2282 4450 2473 4516 David,
2509 4450 2770 4503 miserere
2805 4451 2933 4511 mei,
2967 4468 2986 4500 ι
3032 4450 3350 4519 prolocutus
3395 4456 3481 4502 est
3509 4467 3523 4504 :
3554 4462 3672 4501 ma-

407 4568 489 4605 σε·
532 4571 553 4602 ν
579 4552 671 4604 καὶ
697 4553 726 4604 ὁ
761 4550 859 4620 μὲν
891 4548 1082 4620 Σωτὴρ
1115 4544 1268 4602 εἶπεν
1294 4545 1461 4618 αὐτῷ·
1498 4564 1515 4597 t
1545 4547 1783 4614 ”ἶ⁸παγε’
1820 4563 1837 4595 ι
1872 4546 1900 4598 ὁ
1930 4544 1986 4597 δέ

2089 4544 2207 4613 jura
2258 4542 2403 4597 enim
2447 4557 2549 4597 eo:
2600 4559 2619 4592 ι
2650 4540 2751 4595 Fili
2786 4539 2975 4605 David,
3011 4560 3032 4592 ›
3095 4541 3281 4596 animo
3327 4549 3674 4597 commentus

406 4643 500 4698 τοῦ
543 4642 961 4714 προστάγματος
1006 4640 1203 4694 τούτου
1248 4641 1494 4708 κρείττον
1539 4636 1856 4707 πεποίηκενο
1921 4635 1983 4687 οὐ

2092 4641 2175 4687 est
2210 4632 2302 4703 qui
2338 4632 2414 4687 ait
2448 4633 2489 4663 ”
2518 4650 2530 4687 :
2562 4650 2580 4683 ι
2613 4630 2861 4686 Rabboni
2882 4673 2900 4699 ,
2934 4651 2952 4683 ι
3006 4642 3060 4687 et
3093 4632 3280 4704 gratiae
3325 4647 3389 4687 ac
3423 4631 3675 4687 beneficii

1601 4772 1833 4831 VETUS
1864 4767 2448 4827 lNTERPRETATlO.

409 4922 585 4976 fuerat
606 4921 979 4976 circumdatus
1004 4932 1017 4968 :
1049 4912 1194 4984 quod
1219 4913 1482 4984 objiciens
1510 4910 1655 4984 venit
1679 4909 1743 4984 ad
1768 4907 1978 4984 Iesum,
2016 4906 2419 4984 et__dign_iosiori
2449 4903 2896 4984 voceronfessus
2935 4913 3018 4957 est
3040 4901 3271 4984 dicens“:
3312 4918 3341 4981 ι.
3364 4896 3669 4984 βοιιίιοιιῑιι

411 4967 1247 5059 ἰῆξηῖξιξὲιὶζέίὶῐιῖἐξέι(ιίοιτγοε
1280 4967 1316 5059 ἶ-
1337 4978 1733 5059 Rabboni,__vc_l
1764 4967 1995 5059 sian
2026 4967 2321 5059 aliis-“dicit.
2344 4995 2362 5031 :
2399 4994 2417 5026 ι
2452 4976 2704 5057 Domine,
2741 4992 2760 5025 ι
2796 4988 2959 5044 quam
2989 4989 3003 5026 :
3216 4969 3403 5059 David:
3434 4988 3479 5059 ζ
3510 4967 3663 5059 Unde

407 5047 754 5115 ct'Domtnus
775 5067 996 5128 propter
1031 5055 1160 5109 illud
1189 5054 1409 5125 quidem
1436 5056 1580 5123 quod
1604 5053 1742 5107 dixit
1772 5067 1784 5103 :
1825 5067 1845 5101 ι
1891 5047 1995 5102 Fili
2030 5047 2221 5112 David,
2251 5048 2515 5103 miserere
2530 5047 2660 5112 mei,
2705 5064 2724 5095 ι
2769 5060 2877 5098 non
2915 5047 3165 5110 praestitit
3193 5047 3489 5095 sanitatem
3508 5080 3529 5106 ,
3559 5054 3665 5094 nee

478 5222 499 5254 ⁷
534 5223 703 5278 Marc.
732 5239 786 5285 ι,
821 5220 911 5276 48.
986 5218 1008 5250 ⁸
1048 5215 1178 5273 ibid.
1202 5214 1295 5281 49.
1332 5212 1420 5269 50.
1502 5215 1523 5245 ⁹
1564 5212 1694 5268 ibid.
1730 5212 1820 5268 5|.
1896 5212 1945 5244 ¹⁰
1980 5211 1986 5265 i

2089 5215 2113 5266 ἱ.
2150 5212 2239 5266 48.
2317 5210 2363 5242 ¹¹
2401 5209 2534 5264 ibid.
2572 5207 2662 5264 51.

476 5363 607 5434 (85)_
633 5360 722 5427 Τῷ
738 5431 746 5434 _
762 5358 1066 5434 Ἐϐιωτςαζῳ
1087 5354 1576 5434 καζπτωχεύρντι
1603 5350 1734 5419 περί
1759 5348 1874 5418 τήν
1894 5350 1981 5430 εἰς

420 5425 662 5500 Ἰησοῦν
678 5425 904 5485 πίστιν.
925 5427 1154 5494 Hebion,
1186 5425 1291 5480 hoc
1305 5434 1388 5479 est
1401 5430 1551 5511 pun
1568 5440 1585 5470 ε
1607 5435 1839 5491 egenum
1859 5438 1878 5471 ι
1913 5425 1982 5473 si-

408 5526 646 5596 gnificat.
677 5522 814 5596 cum
845 5530 1026 5596 autem
1051 5520 1181 5596 eieci
1216 5516 1668 5596 himendicantes
1688 5512 1981 5596 parietum

410 5584 592 5666 iiliumi
615 5594 803 5666 David,
850 5589 1086 5666 non
1118 5587 1484 5666 appellarent;
1511 5584 1655 5666 quod
1688 5584 1860 5650 ipsius
1890 5584 1977 5634 di-

410 5665 596 5735 gnitati
629 5653 911 5735 detrahere
941 5653 1273 5735 viderentur,
1319 5655 1549 5735 llebioni
1595 5653 1980 5735 ilipg‘.cf_)ll_tptl-

412 5722 513 5797 rat,
537 5737 628 5805 qni
655 5730 937 5805 mendicus
961 5739 1014 5783 et
1045 5730 1158 5805 ipse
1189 5727 1411 5780 nomine
1439 5733 1583 5805 erat,
1613 5733 1668 5805 et
1694 5722 1974 5805 gliristum

410 5789 625 5875 quoqiie
654 5822 683 5859 e
719 5801 933 5854 Davidis
955 5789 1160 5851 seni-ine
1189 5809 1371 5849 ortum
1397 5795 1682 5849 sciscebat.
1714 5789 1975 5845 Hunnus.

2157 5347 2267 5419 (86)
2319 5343 2737 5419 Ἁναπηόζήσᾳς
2763 5340 2915 5415 ἦλθε
2958 5344 3109 5419 πρὸς
3145 5343 3254 5419 re}?
3280 5340 3557 5419 flna'oﬁrn
3587 5337 3668 5419 ita

2085 5408 2306 5475 codices
2354 5408 2624 5481 nonnulli,
2671 5408 2839 5469 Marc.
2888 5430 2942 5477 ιι,
2976 5408 3166 5477 ϐυίει
3194 5408 3419 5481 Vulgata
3473 5408 3668 5475 editio,

2090 5507 2111 5541 ι
2141 5489 2420 5544 exsiliens.
2448 5506 2468 5538 ›
2490 5488 2558 5539 At
2577 5480 2737 5555 vulgo
2759 5483 2971 5555 legitur,
2988 5483 3246 5555 ἀναστάς,
3265 5480 3408 5550 quod
3424 5494 3670 5549 sequun-

2083 5568 2175 5612 tur
2223 5557 2415 5628 Syrns,
2469 5551 3282 5628 Ara_bs,'et_.£_tliiups._Paulo
3311 5559 3434 5620 post
3483 5559 3670 5604 tamen

2083 5621 2367 5698 Origenes,
2387 5625 2690 5695 ἀνεπήδησε
2714 5625 2808 5678 κα).
2831 5621 3049 5694 ἀνέστη.
3076 5621 3155 5678 lo.

2090 5716 2267 5859 gé(68):!)
2304 5716 2485 5772 Codex
2522 5715 2744 5788 Regius,
2771 5713 3199 5785 ἐπικαλύμματα
3224 5711 3318 5767 καὶ
3346 5712 3672 5784 περιϐόλαια

2223 5805 2339 5859 ητο.

2223 5805 2339 5859 ητο.
