4086 6458
468 330 649 406 ttta'

1944 338 2268 393 (illitiENiS

3602 345 3621 398 ¹Ι
3645 338 3741 399 $9.0

467 466 686 535 scripsit
714 465 756 494 ’⁷
784 481 796 516 :
851 484 866 514 ι
899 461 959 518 Et
997 478 1119 516 cum
1153 462 1646 533 appropinquarent
1672 459 2041 530 Jcrosolymm,

2153 461 2235 512 ὅτε
2268 459 2575 528 ἐγγίζουσιν
2606 460 2685 524 είς
2727 459 3076 531 Ἰεροσόλυμα
3110 460 3202 514 καὶ
3226 461 3305 525 εἰς
3326 461 3601 534 Βηθανίαν
3629 464 3740 534 (90)

467 568 520 611 et
550 557 823 610 Bethania:
861 556 926 608 ad
969 567 1204 608 montem
1232 552 1530 619 Olivarum,
1569 575 1585 604 ι
1632 565 1685 608 et
1712 553 1941 621 reliqua,
1975 553 2040 605 ad

469 649 583 704 haec
632 663 841 717 usque:
874 667 892 697 ‹
944 645 1009 699 Et
1041 647 1299 699 continuo
1342 648 1494 699 illum
1544 644 1799 700 dimittet.
1837 666 1853 696 ι
1922 643 2047 697 lla-e

468 754 683 809 quoque
712 738 887 791 Lucas
936 736 1002 791 iis
1030 735 1205 790 verbis
1251 737 1506 805 exposuit
1529 736 1575 765 ’⁸
1604 753 1614 786 :
1651 755 1667 786 ι
1702 734 2047 789 Ρνεερθιιθὴιιι

466 829 765 885 ascendens
815 826 1210 900 Jerosolymam
1237 867 1252 893 ,
1317 845 1335 877 ι
1387 836 1440 882 et
1486 826 1718 897 reliqua,
1760 841 1934 895 usque
1979 824 2045 879 ad

464 922 557 977 id:
591 940 608 971 ι
642 919 731 975 Sic
768 918 985 983 dicetis,
1033 919 1160 988 quia
1209 916 1475 972 Dominus
1526 932 1593 972 eo
1640 932 1778 987 opus
1809 916 1990 972 habet.
2021 934 2038 966 ι

466 1011 640 1081 Super
672 1010 867 1064 talibus
888 1007 1164 1080 Evangelii
1193 1009 1331 1064 locis
1362 1008 1428 1062 ad
1460 1008 1787 1078 scriptorum
1832 1015 2048 1062 senten-

467 1103 597 1157 tiam
642 1115 705 1156 ac
733 1100 1019 1155 consilium
1071 1110 1307 1155 mentem
1354 1100 1636 1156 advertere
1691 1115 1870 1171 operae
1921 1114 2045 1169 pre-

464 1197 598 1250 tium
628 1204 731 1262 est,
763 1211 1023 1266 quorsum
1052 1203 1174 1265 post
1199 1193 1467 1265 prodigia,
1501 1200 1555 1247 et
1584 1206 1766 1248 rerum
1802 1207 1831 1246 a
1858 1191 2042 1262 Sospi-

465 1299 639 1347 tatore
674 1302 951 1361 gestarum
988 1295 1267 1359 portenta,
1299 1301 1361 1340 ea
1397 1286 1558 1339 etiam
1594 1285 2043 1354 conscripserint,

462 1399 585 1453 quae
613 1380 1053 1452 nihil‘ejusmodi
1095 1377 1374 1433 exhibent.
1408 1376 1539 1432 Esto
1562 1377 1706 1430 enim
1736 1376 1803 1431 de
1834 1377 2047 1432 visione

462 1473 625 1529 caecis
659 1472 931 1536 restituta,
973 1468 1395 1539 paralyticerum
1445 1466 1751 1531 sanatione,
1802 1475 2048 1521 mortuo-

463 1580 587 1620 rum
643 1563 1058 1628 resurrectione,
1089 1568 1142 1614 et
1175 1560 1512 1628 leprosorum
1552 1558 1875 1627 purgatione
1902 1573 2046 1613 com-

462 1656 688 1711 mentati
718 1656 829 1710 sint
862 1651 1228 1722 evangelislaa,
1261 1658 1320 1704 ut
1353 1649 1683 1718 scriptorum
1714 1664 1935 1703 suorum
1970 1649 2048 1704 le-

463 1758 641 1804 ctores
688 1747 740 1800 in
765 1746 892 1800 Jesu
941 1744 1277 1798 aediﬁcentur
1310 1758 1321 1793 :
1358 1739 1489 1812 quid
1532 1750 1712 1795 autem
1765 1756 1949 1811 prope.
1971 1742 2046 1795 ito

2152 554 2284 623 πρθις
2318 554 2378 606 τὸ
2416 553 2540 624 ὅρος
2579 553 2685 605 τῶν
2727 552 2972 617 Ἐλαιῶν,
3001 572 3018 602 ι
3053 552 3147 606 καὶ
3175 554 3241 606 τά
3269 553 3414 623 ἑξῆς,
3459 553 3566 617 ἓως
3606 555 3737 607 τοῦ·

2157 664 2173 694 ι
2212 646 2319 698 Καὶ
2346 645 2545 708 εὐθέως
2580 645 2738 698 αὐτὸν
2759 643 3077 697 ἀποστελεῖ·
3119 663 3139 694 θ
3170 646 3198 697 6
3223 643 3278 697 δὲ
3300 646 3515 708 Λουκᾶς
3550 647 3742 700 τοῦτον

2147 736 2239 788 τὸν
2280 736 2479 806 τρόπον
2513 734 2809 789 καὶταῦτα
2842 735 3046 788 εἰπών’
3093 754 3110 785 ι
3168 734 3491 807 Ἐπορεύετο
3537 736 3745 807 ἔμπρο-

2149 828 2273 880 σθεν
2308 828 2611 882 ἀναϐαίνων
2640 831 2720 893 είς
2754 827 3122 900 Ἰεροσόλυμα,
3153 848 3170 880 ι
3205 829 3300 882 καὶ
3327 829 3396 882 τά
3439 830 3586 901 ἑξῆς,
3635 832 3744 895 ἕως

2147 920 2277 974 τοῦ-
2327 940 2345 971 t
2402 919 2589 985 Οὕτως
2633 923 2830 992 ἐρεῖτε,
2874 921 2956 974 ὅτι
2999 922 3027 973 6
3076 920 3281 992 Κύριος
3328 921 3492 976 αὐτοῦ
3549 924 3744 994 χρείαν

2148 1010 2278 1081 ἔχει.
2327 1030 2344 1061 ι
2397 1010 2580 1075 Ἀξιόν
2621 1011 2737 1062 ἐστι
2788 1010 3021 1080 μάλιστα
3064 1011 3156 1063 ἐπὶ
3197 1010 3306 1065 τῶν
3346 1012 3606 1067 τοιούτων
3643 1013 3741 1067 τοῦ

2148 1098 2479 1169 Εὑαγγελίου
2543 1099 2720 1171 ρητῶν
2791 1100 3083 1162 ἐπιστῆσαι
3132 1100 3209 1171 τῷ
3280 1101 3580 1173 βουλήματι
3632 1104 3747 1158 τῶν

2148 1191 2571 1263 ἀναγραφόντων
2622 1193 2716 1244 καὶ
2761 1193 2825 1263 τῇ
2874 1192 3193 1265 προαιρέσει
3252 1194 3463 1256 αὐτῶν,
3513 1196 3566 1248 τί
3617 1213 3744 1249 σκοο

2148 1279 2377 1344 ποῢντες
2407 1279 2723 1351 ἀνέγραψαν
2762 1281 2899 1350 πρὸς
2940 1284 3053 1346 τοῖς
3093 1283 3404 1353 τεραστίοις
3430 1286 3526 1339 καὶ
3561 1304 3748 1357 παρα-

2145 1372 2318 1438 δόξοις
2375 1372 2484 1427 τῶν
2549 1370 2653 1426 ὑπὸ
2717 1372 2809 1426 τοῦ
2884 1374 3138 1444 Σωτῆρος
3213 1373 3599 1445 γεγενημένων
3648 1380 3745 1431 καὶ

2146 1462 2215 1518 τὰ
2311 1463 2475 1535 μηδὲν
2573 1464 2907 1535 ἐμφαίνοντα
3005 1464 3264 1519 τοιοῦτον.
3362 1467 3544 1520 Ἔστω
3631 1469 3743 1540 γάρ

2147 1557 2276 1626 περὶ
2330 1555 2548 1625 τυφλῶν
2613 1555 2983 1624 άναόλέψεως,
3048 1558 3143 1609 καὶ
3206 1558 3461 1628 παρέτων
3522 1560 3739 1623 ἰάσεως,

2147 1647 2240 1700 καὶ
2288 1648 2498 1719 νεκρῶν
2544 1648 2924 1710 ἀναστάσεως,
2978 1649 3071 1701 καὶ
3125 1648 3340 1719 λεπρῶν
3395 1649 3745 1722 καθαρίσεως

2149 1722 2681 1812 πεπραγματεῦσθαι
2709 1741 2835 1803 τοὺς
2877 1740 3289 1809 εὐαγγελιστάς,
3327 1744 3408 1806 είς
3452 1744 3744 1815 οἰκοδομὴν

464 1840 632 1894 hocce
676 1839 796 1893 loco
830 1838 1195 1905 signiﬁcatum
1240 1834 1452 1898 volunt,
1482 1847 1593 1903 quo
1639 1842 1927 1903 postquam
1954 1830 2041 1886 Je-

2153 1834 2246 1904 τὴν
2296 1832 2422 1903 περὶ
2471 1831 2565 1884 τοῦ
2622 1831 2799 1901 Ἰησοῦ
2841 1834 2953 1896 τοῖς
2987 1833 3394 1904 ἐντευξομένοις
3441 1834 3619 1889 αὐτῶν
3673 1838 3742 1907 τῇ

462 1931 753 2002 rosolymis
792 1927 1251 2000 appropinquavit
1280 1925 1442 1981 Jesus
1488 1941 1611 1979 cum
1655 1925 1959 1994 discipulis,
1991 1933 2043 1978 et

460 2025 609 2079 venit
630 2022 940 2092 Bethphage
980 2035 1148 2097 prope
1191 2028 1431 2075 montem
1474 2015 1790 2079 Olivarum,
1829 2017 2044 2071 misisse

462 2124 716 2170 narratur
738 2114 875 2168 duos
904 2110 1223 2180 discipulos,
1252 2110 1379 2164 dato
1411 2109 1478 2162 iis
1512 2110 1770 2163 mandato
1803 2117 1861 2163 ut.
1890 2110 2033 2163 solu-

466 2219 574 2263 tam
622 2222 745 2261 eum
776 2205 926 2277 pullo
961 2205 1172 2259 asinam
1226 2202 1561 2257 adducerent
1591 2200 1656 2254 ad
1686 2214 1764 2265 se,
1800 2201 1889 2270 qni
1925 2201 2044 2254 lon-

465 2298 589 2370 gius
632 2297 732 2350 iter
781 2294 947 2364 pedes
997 2305 1391 2361 nonnunquam
1459 2290 1763 2351 conliccre,
1821 2289 2045 2358 suisque

466 2388 694 2460 pedibus
725 2384 1216 2457 peregrinationem
1262 2382 1551 2437 absolvere
1591 2398 1695 2437 non
1727 2381 1937 2447 renuit;
1987 2389 2047 2433 ut

465 2496 589 2536 cum
617 2478 953 2550 Jerosolyma
985 2477 1209 2531 veniens
1243 2490 1342 2544 per
1366 2473 1670 2528 Samariam
1711 2472 1948 2539 transiit,
1978 2472 2045 2526 ad

464 2581 798 2644 puteumque
834 2569 1098 2639 pervenit,
1131 2577 1185 2622 et
1214 2566 1473 2638 fatigatus
1516 2583 1584 2621 ex
1627 2566 1842 2630 itinere,
1878 2581 2046 2636 prepe

465 2663 617 2718 illum
651 2660 897 2718 consedit
917 2658 1006 2712 *9?
1051 2656 1189 2725 Quid
1220 2658 1322 2713 sibi
1354 2658 1469 2712 vult
1501 2665 1555 2712 et
1584 2656 1699 2727 ipse
1725 2655 1888 2712 Jesus
1919 2672 2043 2712 cum

466 2754 740 2825 alligatam
778 2753 989 2807 asinam
1042 2766 1166 2805 cum
1208 2750 1354 2818 pullo
1404 2748 1537 2803 solvi
1573 2748 1750 2818 jubet,
1795 2756 1849 2803 et
1873 2749 1920 2803 ci
1953 2748 2045 2819 qui

465 2846 569 2899 hac
597 2843 665 2898 de
707 2859 764 2897 re
793 2842 1071 2912 quidpiam
1111 2840 1329 2905 dixerit,
1362 2839 1596 2893 Domino
1640 2840 1709 2894 iis
1747 2855 1884 2909 opus
1924 2854 2047 2895 esse

465 2932 782 3005 responderi
802 2932 1041 2996 mandat,
1070 2930 1325 2999 ipsosque
1349 2928 1636 2986 confestim
1657 2930 2050 2985 dimissurum?

466 3020 674 3078 Tantus
700 3023 843 3076 enim
880 3021 969 3075 ille
1001 3018 1287 3085 Dominus,
1338 3020 1427 3073 cui
1472 3020 1627 3073 asina
1667 3027 1721 3073 et
1755 3020 1905 3088 pullo
1932 3019 2046 3090 jam

467 3114 597 3170 olim
631 3113 865 3183 alligatis
904 3127 1041 3180 opus
1078 3119 1191 3175 est,
1232 3110 1635 3181 magniﬁcentia
1681 3125 1780 3165 sua
1823 3111 2047 3181 dignum

2150 1928 2369 1995 γραφῇ·
2423 1924 2475 1976 τί
2518 1923 2766 1992 βούλεται
2823 1924 3006 1987 αὐτοῖς
3042 1924 3102 1977 τὸ
3139 1926 3499 1996 προκείμενον
3556 1928 3741 1999 ῥητὸν,

2151 2016 2286 2071 καθὸ
2337 2017 2501 2088 ἡνίκα
2555 2019 2668 2078 τοῖς
2726 2015 3121 2088 Ἱεροσολύμοις
3172 2018 3402 2088 ἤγγισεν
3437 2022 3466 2073 6
3536 2020 3745 2090 Ἰησοῦς

2155 2106 2292 2176 μετά
2346 2105 2455 2159 τῶν
2505 2104 2791 2177 μαθητῶν,
2844 2106 2940 2160 καὶ
2998 2106 3256 2179 ἐλήλυθεν
3311 2110 3392 2172 εἰς
3447 2110 3747 2182 Βηθφαγὴν

2152 2196 2375 2268 πλησίον
2412 2196 2505 2250 τοῦ
2538 2198 2699 2269 ὅρους
2732 2197 2839 2251 τῶν
2881 2198 3127 2262 Ἐλαιῶν,
3177 2200 3463 2254 ἀπέστειλε
3497 2203 3590 2256 δύο
3636 2221 3745 2275 μαδ

2153 2285 2340 2358 θητάς,
2399 2287 2779 2359 ἐντελλόμενος
2836 2290 3019 2352 αὐτοῖς
3069 2292 3198 2363 περὶ
3231 2293 3354 2345 ὃνου
3395 2296 3489 2347 καὶ
3538 2294 3745 2362 πώλου,

2153 2383 2238 2435 ἵνα
2270 2381 2528 2446 λύσαντες
2554 2384 2834 2452 ἀγάγωσιν
2874 2384 3043 2455 αὐτῷ,
3085 2385 3161 2456 τῷ
3192 2386 3301 2440 ἔσθ’
3341 2388 3428 2440 ὅτε
3466 2388 3540 2461 μὴ
3581 2390 3747 2460 ὀκνή-

2156 2491 2306 2527 σαντι
2342 2474 2563 2529 πλείονα
2600 2476 2718 2528 ὁδὸν
2754 2474 3047 2540 πεζεῦσαι,
3094 2478 3187 2530 καὶ
3231 2480 3344 2541 τοῖς
3382 2480 3575 2532 ἑαυτοῦ
3618 2482 3746 2534 ποσὶ⁸

2152 2565 2249 2638 τὴν
2289 2566 2592 2638 ὁδοιπορίαν
2622 2566 2926 2631 ἐκτελέσαι,
2965 2569 3038 2632 ὡς
3066 2570 3153 2622 ὅτε
3194 2568 3303 2621 ἀπὸ
3355 2570 3746 2642 Ἰεροσολύμων

2152 2656 2405 2729 διήρχετο
2442 2654 2528 2709 διὰ
2559 2656 2660 2726 τῆς
2688 2657 3022 2729 Σαμαρείας,
3056 2658 3270 2728 φθάσας
3302 2661 3394 2712 ἐπὶ
3436 2661 3499 2713 τὸ
3542 2663 3742 2733 φρέαρ,

2154 2750 2423 2812 κοπιάσας
2480 2747 2592 2819 (9i)
2656 2751 2719 2802 ὲκ
2769 2749 2869 2817 τῆς
2919 2749 3228 2821 ὁδοιπορίας
3284 2751 3557 2824 ἐκαθέσθη
3613 2753 3743 2827 παρ’

2155 2838 2334 2909 αύτῷ;
2378 2836 2440 2891 Τί
2473 2838 2530 2891 δὲ
2562 2838 2654 2891 καὶ
2691 2838 2840 2909 αὐτῷ
2868 2838 2946 2910 τῷ
2989 2841 3161 2910 Ἰησοῦ
3192 2842 3478 2912 πρόκειται
3507 2844 3629 2898 ὄνον
3655 2843 3745 2899 δε-

2154 2929 2385 3000 δεμένην
2433 2930 2570 3000 μετὰ
2620 2930 2800 2984 πώλου
2840 2930 3063 2985 λύεσθαι
3113 2932 3422 3001 κελεύοντι,
3479 2937 3749 3007 προστάσο

2159 3037 2302 3073 σοντι
2341 3019 2517 3087 λέγειν
2557 3021 2635 3092 τῷ
2666 3022 2945 3075 ὁτιποτοῦν
2983 3023 3075 3076 ἐπὶ
3122 3023 3297 3096 τούτῳ
3335 3027 3616 3094 φάσκοντι,
3660 3029 3746 3082 ὅτι

2156 3112 2184 3163 6
2224 3112 2428 3182 Κύριος
2468 3112 2644 3164 αὐτῶν
2695 3112 2883 3184 χρείαν
2929 3113 3064 3183 ἔχει,
3110 3115 3314 3180 εὐθέως
3353 3118 3409 3171 δὲ
3455 3118 3748 3173 ἀποστελεῖ

470 3206 673 3274 aliquid
707 3205 865 3260 nobis
895 3205 1166 3258 ostendat.
1198 3201 1532 3269 Quaastionis
1561 3202 1724 3257 etiam
1756 3202 2048 3258 diﬂiculta-

2153 3201 2379 3270 αύτούς;
2438 3204 2497 3254 '0
2547 3203 2656 3274 γὰρ
2706 3205 3026 3275 τηλικοῦτος
3072 3205 3299 3278 Κύριος,
3351 3210 3544 3281 χρείαν
3604 3210 3745 3280 ἔχων

471 3308 577 3354 tem
620 3306 778 3367 auget
803 3293 1100 3350 Zacharias
1139 3297 1399 3365 propheta
1427 3293 1707 3350 Baraehiaa
1747 3295 1913 3363 ﬁlius,
1954 3296 2047 3366 qui

470 3388 812 3460 prophetiam
858 3386 1334 3442 animadversione
1382 3386 1604 3457 dignam
1661 3387 1728 3443 iis
1772 3387 1838 3443 de
1885 3388 2050 3443 rebus

474 3481 678 3545 edidit,
740 3479 795 3534 in
845 3493 954 3548 qua
1004 3477 1088 3533 his
1145 3478 1278 3547 ipsis
1321 3477 1503 3533 verbis
1566 3477 1691 3533 talia
1739 3478 2052 3550 conscripta

470 3581 599 3630 sunt
618 3572 662 3604 '°
686 3588 701 3625 :
733 3591 752 3623 ι
777 3570 964 3626 Gaude
987 3571 1357 3637 vehementer,
1391 3569 1499 3624 ﬁlia
1527 3567 1692 3637 Sion;
1718 3569 1883 3640 738
1911 3586 2052 3640 pra:-

468 3668 611 3731 dica,
648 3667 756 3721 ﬁlia
787 3664 1123 3731 Jerusalem;
1157 3680 1282 3719 ecce
1306 3663 1419 3717 Rex
1449 3671 1578 3717 tuus
1604 3665 1784 3717 veniet
1818 3662 1913 3716 tibi
1957 3662 2050 3732 ju-

468 3770 607 3827 stus,
638 3770 692 3815 et
717 3774 972 3825 servans;
1017 3759 1132 3828 ipse
1167 3767 1509 3822 mansuetus,
1535 3763 1590 3810 et
1617 3752 1921 3809 ascendens
1953 3769 2050 3809 su—

469 3866 567 3922 per
603 3850 962 3920 suhjugalem,
993 3857 1043 3902 et
1077 3848 1284 3917 pullum
1317 3847 1594 3918 juvenem.
1632 3866 1650 3899 ι
1689 3845 1844 3912 Quod
1892 3846 1938 3901 si
1982 3846 2053 3900 ab

473 3944 591 4012 ipso
627 3938 897 4010 Propheta
946 3941 1156 3997 discere
1186 3941 1299 4006 vis,
1360 3940 1633 4010 quomodo
1688 3940 1844 4009 juxta
1896 3938 2050 3993 haec:

2154 3294 2278 3349 δνου
2316 3294 2411 3347 καὶ
2447 3293 2624 3357 πώλου
2657 3294 2764 3348 τῶν
2798 3297 2964 3350 πάλαι
2992 3297 3312 3369 δεδεμένων,
3342 3301 3666 3372 ὲμφαινέτω
3691 3320 3749 3356 τι

2157 3384 2305 3450 ἄξιον
2334 3384 2499 3439 αὑτοῦ
2527 3386 2627 3455 τῆς
2669 3388 3163 3460 μεγαλοπρεπείας.
3221 3392 3506 3445 Ἐπιτείνει
3552 3391 3609 3446 δὲ
3647 3394 3751 3465 τὴν

2159 3477 2301 3533 κατὰ
2340 3477 2432 3531 τὸν
2467 3478 2629 3532 τόπον
2661 3480 2890 3551 ζήτησιν
2937 3484 3224 3554 προφήτης
3275 3486 3546 3556 Ζαχαρίας
3591 3487 3620 3539 6
3649 3485 3749 3540 τοῦ

2160 3571 2451 3644 Βαραχίου,
2512 3570 2896 3644 προφητεύσας
2956 3572 3086 3644 περὶ
3141 3573 3346 3628 τούτων
3408 3577 3751 3647 προφητείαν

2158 3662 2314 3730 ἀξίαν
2367 3664 2726 3727 ἐπιστάσεως,
2779 3665 2836 3717 ὲν
2969 3665 3160 3728 αὑταῖς
3213 3665 3392 3732 λέξεσι
3439 3667 3750 3739 γέγραπται

2158 3753 2351 3808 ταῦτα’
2400 3773 2417 3805 ι
2480 3754 2651 3825 Χαῖρε
2706 3754 2931 3825 σφόδρα,
2979 3754 3219 3827 θύγατερ
3267 3756 3428 3821 Σιὼν,
3480 3761 3749 3830 κήρυσσε,

2161 3844 2398 3918 θύγατερ
2442 3846 2800 3918 Ἰερουσαλήμ
2833 3845 2978 3915 (92)'
3019 3846 3129 3900 ίδοὺ
3173 3850 3201 3900 6
3229 3848 3491 3913 Βασιλεύς
3528 3868 3622 3904 σου
3665 3851 3755 3924 ἐρ-

2160 3936 2314 4007 χεταί
2346 3953 2428 3990 σοι
2458 3935 2687 4001 δίκαιος,
2721 3937 2816 3990 καὶ
2851 3935 3059 4002 σώζων,
3087 3937 3249 4001 αὐτὸς
3282 3940 3461 4011 πραῢς
3490 3942 3620 4012 (95),
3657 3944 3753 3997 καὶ

1675 4045 1905 4103 VETUS
1944 4044 2530 4103 INTERPRETATIO.

473 4148 636 4204 situm
663 4161 876 4209 eorum,
905 4144 1035 4215 quid
1061 4144 1495 4215 considerantes,
1527 4151 1651 4215 post
1676 4142 1948 4215 mirabilia
1984 4142 2105 4212 ejus
2134 4152 2189 4198 et
2215 4159 2382 4213 opera
2408 4144 2671 4214 gloriosa,
2714 4143 2879 4199 etiam
2905 4143 2972 4199 de
2995 4143 3334 4199 exhibitione
3362 4146 3531 4201 asinae
3556 4156 3610 4201 et
3631 4164 3753 4202 ses-

471 4222 626 4274 sione
655 4216 867 4291 Bomini
901 4212 1218 4291 super_eam
1254 4213 1496 4269 facerent
1522 4212 1882 4291 nten_tionem._
1907 4212 2055 4291 Pone
2078 4214 2208 4291 quia
2245 4212 2311 4269 de
2342 4212 2880 4291 visioneetecorum,
2927 4215 2996 4268 dc
3045 4216 3483 4291 paralyticorunr
3516 4221 3756 4291 constri-

469 4283 693 4352 etione,’
706 4288 772 4342 de
804 4283 1205 4340 resurrectione
1231 4297 1590 4355 mortuorum,
1624 4284 1691 4338 de
1716 4283 2071 4355 mundatione
2096 4285 2437 4355 leprosornm
2468 4285 2809 4353 scripserunt
2845 4283 3223 4355 evangelistae',
3258 4294 3317 4340 ut
3347 4286 3619 4342 aediﬁcent
3658 4289 3757 4342 hu-

471 4360 647 4413 mincs
681 4359 733 4426 in
767 4357 870 4411 ﬁde
899 4356 1101 4411 Christi
1127 4356 1366 4425 legentes
1399 4355 1466 4426 in
1488 4353 1787 4426 Scripturis
1814 4367 1980 4426 opera
2009 4353 2127 4426 ejus
2151 4353 2180 4426 :_
2199 4353 2326 4423 quid
2353 4363 2532 4426 autem
2556 4356 2845 4409 voluerunt
2874 4353 3224 4426 conSCribere
3253 4356 3398 4425 quod
3419 4359 3753 4426 appmpians

468 4427 628 4484 Jesus
659 4425 1052 4498 Hierosolymis
1079 4422 1203 4498 cuni
1239 4425 1522 4498 discipulis
1556 4422 1695 4498 suis,
1730 4431 1785 4478 et
1807 4424 2032 4498 veniens
2066 4422 2379 4498 Betltphage
2404 4425 2560 4493 juxta
2598 4436 2840 4498 montem
2875 4425 3070 4498 (_)li_veti
3094 4465 3109 4488 ,
3139 4422 3292 4480 misit
3316 4422 3752 4498 duos—discipu-

472 4500 577 4578 los,
612 4496 885 4575 mandans
913 4493 993 4549 cis
1113 4496 1266 4549 asina
1294 4493 1531 4579 _et..pullo
1563 4495 1704 4575 ejus,
1720 4494 2083 4579 luteolventels
2112 4493 2390 4579 adducant
2422 4509 2542 4579 eam
2590 4496 2655 4575 ad
2692 4509 2781 4557 se,
2815 4495 2909 4576 qui
2945 4494 3260 4579 frequenter
3311 4511 3422 4578 non
3471 4493 3754 4579 pigritavit

474 4568 736 4633 majorem
766 4566 910 4618 viam
944 4565 1173 4633 pedibus
1200 4562 1503 4630 ambulare,
1531 4562 1672 4619 sicut
1718 4563 1845 4617 fecit
1878 4562 2098 4633 quando
2152 4564 2222 4617 ab
2272 4562 2668 4634 Hierosolymis
2708 4562 2984 4618 transiens
3035 4562 3131 4633 per
3174 4562 3490 4620 Samariam
3532 4562 3643 4621 ibat
3696 4570 3756 4621 in

471 4637 772 4707 Galilzeam,
809 4648 933 4689 eum
964 4635 1198 4707 venisset
1221 4636 1286 4707 ad
1318 4648 1539 4707 puteum
1568 4650 1634 4689 eo
1659 4634 1853 4707 itinere
1879 4635 2078 4707 lassus,
2114 4642 2167 4687 et
2200 4648 2375 4707 super
2395 4649 2519 4687 eum
2557 4634 2787 4707 sedisset
2806 4634 3223 4707 ?7Quid‘autem
3246 4645 3332 4689 est
3354 4637 3502 4703 quod
3550 4647 3604 4691 et
3635 4638 3756 4707 ipse

471 4707 634 4762 Jesus
663 4706 1031 4776 asinamAcum
1060 4705 1206 4773 pullo
1239 4704 1356 4773 ejus
1390 4704 1608 4774 ligatam
1655 4704 1866 4776 solvere
1899 4702 2078 4776 jubet,
2112 4711 2168 4776 et
2215 4702 2439 4758 mandat
2478 4704 2767 4776 utdicenti
2810 4706 2967 4776 sibi:
2999 4702 3183 4776 Quare
3220 4702 3484 4776 solvitis?
3514 4702 3753 4776 respon-

472 4781 635 4831 deant
664 4794 677 4830 :
714 4775 850 4842 Quia
878 4771 1142 4845 Dominus
1174 4771 1394 4843 operam
1415 4771 1536 4842 ejus
1561 4774 1855 4845 desiderat,
1897 4771 2396 4845 confestimautem
2427 4774 2667 4829 remittet
2699 4789 2844 4831 eam.
2897 4773 3008 4829 Nec
3033 4774 3180 4845 enim
3218 4775 3532 4845 hujusmodi
3563 4771 3759 4831 Domi-

473 4863 576 4904 nus
609 4846 977 4902 necessariam
1007 4842 1227 4900 habens
1245 4847 1456 4899 asinam
1488 4852 1542 4898 et
1569 4846 1776 4915 pullum
1807 4843 1927 4915 ejus
1953 4842 2249 4913 aliquando
2281 4844 2476 4914 ligatos
2496 4883 2512 4909 ,
2548 4845 2790 4899 ostendit
2815 4847 2871 4898 in
2906 4845 3083 4914 prima
3114 4843 3254 4900 faeie
3280 4842 3488 4916 aliquid
3519 4848 3755 4917 dignum

546 5011 590 5044 ’⁷
632 5009 799 5067 Marc.
828 5028 907 5077 XI,
936 5012 961 5064 1
992 5021 1045 5067 et
1081 5028 1196 5082 seq.
1274 5012 1318 5044 "
1359 5011 1490 5069 [.uc.
1531 5030 1647 5079 xu,
1674 5011 1746 5067 28
1775 5022 1830 5068 et
1851 5028 1967 5084 seq.
2043 5015 2048 5042 ε

2159 5028 2286 5067 oan.
2318 5029 2392 5079 IV,
2562 5012 2605 5044 ³⁰
2646 5008 2811 5067 Zach.
2849 5028 2925 5079 ts,
2960 5011 3015 5068 9.

541 5166 655 5239 (90)
704 5166 1067 5239 Ὲτγίζουσιν
1098 5168 1186 5233 εἰς
1220 5167 1601 5239 Ἰεροσόλυμα
1624 5170 1720 5220 καὶ
1740 5169 1838 5239 ,εἰς
1869 5168 2051 5239 Βῃθαυ
2110 5178 2115 5181 ‘

468 5237 732 5295 riam'lta
756 5239 1003 5307 vulgatus
1030 5238 1316 5307 interpres,
1351 5238 1515 5291 Marc.
1549 5253 1624 5299 xl,
1659 5240 1709 5302 l;
1737 5238 1810 5291 ita
1837 5247 1889 5291 et
1913 5237 2047 5291 Luc.

2231 5168 2342 5236 (9i)
2381 5166 2714 5235 Κοπιάσας.
2755 5169 2920 5224 Forte
2942 5168 3316 5235 scribendum,
3342 5170 3437 5225 καὶ
3458 5170 3754 5236 κοπιάσας.

2230 5239 2355 5312 ωε),
2383 5237 2692 5312 Κήρῃρνσε,
2729 5242 2981 5312 θύγατερ
3019 5241 3429 5312 Ἰερουσαλήμ.
3477 5240 3703 5312 vulgata
3736 5261 3751 5297 :

476 5324 589 5372 ιιι,
621 5308 712 5362 29.
742 5308 832 5362 Sic
862 5306 1045 5362 autem
1077 5306 1249 5362 Glauci
1282 5309 1500 5362 codices
1530 5308 1732 5362 habent
1763 5326 1776 5361 :
1815 5309 1924 5361 Kal
1958 5310 2048 5361 ὅτε

470 5381 778 5449 ἐγγίζουσιν
827 5382 907 5443 εἰς
950 5376 1325 5449 Ἰερουσαλὴμ,
1354 5380 1432 5441 εἰς
1465 5377 1787 5449 Βηθφαγὴν,
1820 5378 1914 5449 καὶ
1940 5378 2050 5449 Βη-

472 5448 693 5505 θανίαν’
729 5452 881 5503 deest
923 5448 1188 5518 Βηθφαγὴ
1228 5450 1282 5501 in
1329 5449 1677 5518 quibusdam.
1711 5454 1781 5501 At
1823 5448 1960 5503 Beza
1994 5448 2049 5502 in

472 5521 620 5575 hune
648 5518 816 5572 Marci
843 5520 1046 5579 locum,
1079 5518 1295 5588 [Vetus
1318 5530 1499 5573 autem
1531 5519 1821 5588 interpres,
1850 5520 2050 5588 inquit,

472 5600 534 5646 ut
564 5599 619 5644 et
652 5588 844 5660 Syrus,
881 5589 1051 5660 solam
1103 5587 1421 5660 Bethaniam
1469 5587 1880 5660 commemorat,
1927 5587 2049 5643 meo

471 5658 845 5733 vetustissimo
887 5659 1073 5733 codice
1105 5658 1480 5733 astipulante;
1527 5678 1545 5709 ›
1578 5674 1701 5713 cum
1756 5658 1926 5729 Syrus
1969 5667 2052 5712 ta-

474 5743 595 5782 men
624 5726 933 5798 Bethpljage
961 5739 1013 5783 et
1034 5726 1351 5798 Bethaniam
1377 5726 2051 5798 commemoret,'consen-

474 5797 734 5855 tientibus
765 5796 1044 5868 IEtliiope,
1081 5809 1133 5853 et
1170 5796 1355 5855 Persa.
1384 5797 1648 5855 Hunnus.

2164 5327 2181 5358 ι
2215 5308 2432 5375 Juhila,
2495 5309 2605 5364 ﬁlia
2661 5308 2988 5367 Jerusalem.
3021 5329 3040 5362 ι
3106 5308 3394 5367 Hebraeum
3464 5308 3610 5367 enini
3665 5321 3757 5373 ἰγ

2159 5390 2459 5448 utrumque
2493 5380 2785 5449 signiﬁcat.
2821 5379 2898 5435 In.

2230 5446 2575 5520 (95)}119766
2626 5452 2839 5518 πραῢς.
2883 5448 3287 5520 Symmachus,
3334 5458 3403 5520 et;
3447 5452 3509 5501 5'
3533 5446 3731 5508 editio;

2160 5517 2395 5591 πτωχᾷς.
2432 5517 2684 5575 Justinus
2726 5517 3023 5589 utrumque
3059 5521 3221 5576 habet
3266 5518 3465 5591 πραΰς,
3498 5527 3553 5573 et
3596 5534 3745 5591 πτως

2160 5586 2481 5659 χόςδιιθὺῐυ.
2532 5597 2653 5658 Ὃν,
2702 5591 2850 5661 quod
2904 5586 3248 5658 (pauperem
3281 5586 3320 5641 »⁷
3354 5597 3515 5643 sonat
3561 5586 3747 5644 :LXX

2157 5670 2339 5714 autem
2401 5661 2677 5730 legerunt,
2732 5668 2858 5730 πυ,
2904 5662 3078 5730 quod
3129 5668 3213 5714 est
3272 5678 3292 5711 (
3325 5667 3679 5730 mansuetus,
3721 5677 3742 5711 ι

2157 5728 2619 5798 quemadmodum
2647 5738 2701 5784 et
2732 5728 3337 5786 Jonathan.Tlteodolio
3358 5773 3371 5796 ,
3431 5728 3743 5795 ἐπακούων,

2158 5815 2187 5854 a
2213 5811 2338 5870 my,
2381 5819 2398 5851 t
2431 5800 2729 5856 exaudivit.
2760 5819 2778 5852 ι
2812 5800 2890 5854 In.
