4086 6408
341 404 480 462 “25

1293 399 1642 456 COMMENT.
1686 399 1751 453 IN
1793 399 2204 457 MATTHIEU.“
2243 401 2480 458 TOMUS
2517 402 2657 458 XVI.

3470 403 3492 455 1
3506 401 3606 456 .526

341 522 479 586 θέως
504 521 559 574 δὲ
585 520 874 574 ἀποστελεῖ
903 520 1121 583 αὐτοὺς,
1157 539 1174 572 ι
1210 521 1280 590 ἦ·
1324 540 1340 571 i
1378 522 1486 573 Καὶ
1519 521 1722 584 εὐθέως
1758 523 1920 575 αὑτὸν

2035 523 2110 577 his
2142 524 2318 578 vei-lis
2350 526 2391 556 ³⁹
2421 542 2432 576 :
2467 545 2482 574 ‹
2514 524 2577 578 Ει
2609 522 2897 579 confestim
2941 523 3176 579 dimittet
3206 537 3298 578 eos
3321 542 3335 590 ;
3361 543 3378 577 ι
3421 525 3500 576 vel
3529 526 3605 578 “’t

339 613 627 666 ἀποστελεῖ
660 611 820 665 πάλιν
861 604 994 664 ὦδε·
1041 631 1059 662 ι
1098 609 1278 674 λύσεις
1306 611 1363 663 δὲ
1394 611 1453 663 τὸ
1485 614 1736 682 ὲπηπορη
1747 613 1923 682 μένον,

340 705 583 777 ζητήσας
618 705 714 774 τὴν
754 704 1058 775 ἀποστολὴν
1091 704 1122 775 ἢ
1164 704 1272 758 τῶν
1321 705 1461 759 κατὰ
1507 706 1598 758 τὸν
1652 703 1928 758 Ματθαῖον

339 797 464 860 δύο,
499 796 530 865 ἦ
573 795 665 849 τοῦ
712 795 852 849 κατὰ
884 795 974 848 τὸν
1006 795 1230 868 Μάρκον
1254 795 1455 850 πώλου.
1493 797 1612 848 Ὅτι
1639 796 1694 848 δὲ
1727 795 1928 866 Κύριος

340 886 514 949 οὐδεὶς
535 885 694 950 ἄλλος
721 883 790 956 ἦν
823 885 932 940 τῶν
965 886 1264 958 δεδεμένων
1285 927 1298 949 ,
1336 888 1450 940 ἀλλ’
1483 887 1515 958 ἢ
1546 888 1573 938 6
1603 887 1758 958 ἡμῶν
1793 906 1810 937 ι
1848 881 1928 950 εἷς

342 977 547 1048 Κύριος
592 977 799 1048 Ἰησοῦς
839 979 1092 1050 Χριστὸς,
1113 979 1179 1032 δι’
1213 971 1274 1032 οὗ
1305 979 1372 1032 τὰ
1405 979 1599 1044 πάντα,
1622 999 1639 1030 ›
1678 973 1721 1046 ᾧ
1756 978 1927 1050 μηδα-

345 1069 462 1140 μῶς
498 1069 800 1139 ἀντιλέγειν
834 1069 1025 1140 ἔμελλε
1072 1071 1180 1123 τῶν
1219 1070 1486 1139 λεγόντων
1526 1089 1644 1134 τις·
1685 1089 1702 1121 ‹
1752 1071 1844 1133 Εἰς
1877 1071 1929 1123 τί

341 1161 498 1215 λύετε
533 1161 624 1214 τὸν
673 1162 880 1227 πῶλον;
931 1182 950 1214 ι
992 1161 1025 1232 ἢ
1073 1163 1353 1217 ὁτιποτοῦν
1394 1164 1708 1232 φασκόντων
1737 1163 1924 1234 δῆλον·

343 1254 421 1316 ῶς
466 1252 576 1324 γὰρ
621 1251 695 1323 μὴ
743 1253 1112 1325 ἀντερούντων
1154 1252 1302 1324 αύτῷ
1342 1250 1493 1308 εἶπεν
1537 1254 1565 1305 6
1607 1255 1797 1325 Σωτὴρ
1827 1255 1887 1308 τό
1912 1271 1924 1283 ⁸

349 1363 369 1400 ι
409 1345 519 1398 Καὶ
547 1345 642 1399 ὲάν
672 1361 756 1408 τις
789 1346 917 1417 ύμῖν
951 1345 1080 1417 εἴπῃ
1102 1365 1175 1410 τι,
1210 1348 1406 1418 ἐρεῖτε,
1434 1349 1515 1401 ὅτι
1544 1349 1570 1400 ὁ
1604 1348 1804 1418 Κύριος
1833 1347 1929 1400 αύ-

341 1435 452 1491 τῶν
494 1435 683 1507 χρείαν
738 1436 872 1507 ἔχει,
915 1456 934 1489 ι
981 1438 1048 1508 ἦ*
1106 1457 1124 1489 ι
1197 1439 1322 1492 Ἐάν
1369 1457 1454 1503 τις
1493 1440 1620 1510 ὑμῖν
1653 1437 1808 1511 εἴπῃ·
1867 1437 1930 1491 Τί

343 1527 500 1580 λύετε
523 1526 614 1580 τὸν
649 1527 862 1592 πῶλον;
901 1529 1112 1592 εἴπατε,
1145 1529 1224 1583 ὅτι
1258 1531 1286 1583 6
1318 1531 1520 1602 Κύριος
1547 1529 1709 1584 αὑτοῦ
1743 1530 1932 1600 χρείαν

336 1621 480 1690 ἔχει·
514 1638 532 1670 ι
571 1620 666 1672 καὶ
697 1620 836 1677 κατὰ
865 1621 956 1673 τὸν
988 1623 1203 1675 Λουκᾶν
1235 1623 1293 1675 δέ
1315 1640 1326 1652 ο
1355 1641 1372 1673 ι
1399 1622 1522 1676 Ἐάν
1552 1640 1655 1685 τις,
1688 1641 1705 1674 ι
1745 1622 1927 1692 φησὶν,

351 1731 368 1762 ι
402 1712 546 1782 ὑμᾶς
574 1714 772 1784 ἐρωτᾷο
796 1711 894 1766 Διὰ
917 1713 968 1766 τί
1000 1713 1154 1767 λύετε
1175 1732 1189 1781 ;
1211 1714 1352 1768 οὕτω
1382 1716 1558 1785 ἐρεῖτε
1577 1732 1590 1747 ·
1617 1715 1736 1768 ’ὐτι
1758 1715 1786 1768 6
1822 1713 1932 1767 Κύ-

348 1819 460 1874 ριος
490 1803 656 1857 αὐτοῦ
687 1804 874 1874 χρείαν
903 1804 1035 1875 ἔχει.
1085 1825 1103 1857 ι
1147 1807 1258 1860 Καὶ
1292 1806 1549 1878 ζητήσεις
1583 1809 1630 1860 εί
1663 1806 1800 1876 μετὰ
1832 1806 1929 1878 τὴν

357 1894 732 1966 Ἰερουσαλήμ,
777 1896 871 1949 καὶ
905 1896 966 1949 τὸ
1013 1896 1404 1969 ἐπιϐεϐηκέναι
1441 1898 1651 1962 τούτοις
1682 1899 1714 1969 ἢ
1756 1897 1930 1969 τούτῳ

342 1987 436 2040 τὸν
476 1988 734 2058 Σωτῆρα,
775 1987 1046 2059 ἀποστολὴ
1087 2007 1172 2052 τις
1218 1989 1310 2042 ἐπί
1350 2008 1402 2042 τι
1436 1989 1594 2062 ἔργον
1637 1991 1931 2058 ἀναγκαῖον

344 2077 483 2148 πρὸς
526 2077 615 2130 τὸν
647 2077 810 2131 τόπον
837 2079 1084 2146 γίνεσθαι
1113 2079 1335 2152 ἔμελλεν
1357 2120 1372 2144 ,
1414 2082 1502 2135 ἵνα
1541 2099 1593 2134 τι
1637 2083 1933 2153 ποιήσωσιν

343 2171 378 2236 ἡ
415 2168 534 2232 ὖνος
568 2170 660 2222 καὶ
695 2171 724 2222 6
755 2169 935 2233 πῶλος
974 2169 1134 2240 ἔργον
1168 2171 1308 2224 κατὰ
1334 2172 1394 2224 τὸ
1425 2170 1800 2243 σιωπώμενον,
1831 2175 1932 2244 ἐμ-

346 2256 672 2326 φαινόμενον
703 2259 821 2329 μὲν,
858 2260 918 2312 οὐ
947 2260 1161 2331 τρανῶς
1188 2260 1245 2315 δὲ
1268 2260 1651 2333 δεδηλωμένον.
1685 2264 1932 2318 Ἔννοιαν

344 2347 402 2401 δὲ
421 2347 518 2401 τοῦ
545 2349 788 2402 τοιούτου
824 2350 1086 2421 λαμϐάνω
1118 2353 1420 2424 ἐπιστήσας
1452 2355 1518 2424 τῇ
1551 2353 1701 2420 τάξει
1735 2353 1841 2407 τῶν
1875 2357 1933 2408 ὲν

345 2437 424 2509 τῷ
465 2437 607 2493 κατὰ
651 2440 926 2495 Martiale»;
972 2442 1370 2513 μακαρισμῶν,
1433 2445 1490 2495 ἐν
1533 2439 1614 2508 οἷς
1662 2443 1801 2514 μετὰ
1836 2445 1930 2498 τό·

353 2533 674 2605 «Μακάριοι
701 2537 750 2586 οἱ
773 2533 979 2604 πτωχοὶ
1003 2534 1081 2605 τῷ
1102 2535 1393 2606 πνεύματι,
1414 2537 1496 2589 ὅτι
1525 2537 1702 2590 αὐτῶν
1726 2539 1872 2592 ἐστιν
1899 2539 1932 2610 ή

350 2623 598 2693 βασιλεία
629 2624 738 2677 τῶν
769 2625 1035 2696 οὐρανῶν,
1079 2645 1096 2676 ι
1134 2627 1263 2696 sea;
1287 2627 1600 2698 γέγραπται
1625 2628 1713 2680 τό·
1751 2647 1769 2681 ι
1812 2632 1933 2683 Μα-

347 2715 530 2788 κάριοι
584 2719 633 2770 οἱ
687 2719 904 2787 πραεῖς,
961 2717 1044 2770 ὅτι
1103 2719 1256 2771 αὐτοὶ
1311 2719 1779 2792 κληρονομήσουσι
1833 2722 1932 2793 τὴν

347 2807 454 2877 γῆν
474 2824 487 2838 ·
526 2827 544 2859 ι
572 2809 726 2879 τήρει
751 2807 859 2879 γὰρ
876 2811 934 2862 ἐν
966 2810 1197 2874 τούτοις,
1219 2812 1298 2864 ὅτι
1323 2813 1536 2883 πρῶτον
1565 2815 1665 2884 μὲν
1690 2813 1798 2867 τῶν
1824 2832 1930 2886 μα-

347 2900 722 2971 καριζομένων
745 2903 778 2971 ή
815 2899 1060 2969 βασιλεία
1095 2903 1211 2954 ἐστὶ
1236 2903 1344 2955 τῶν
1372 2903 1614 2975 οὐρανῶν
1634 2922 1646 2934 ·
1681 2905 1932 2976 δεύτερον

343 2993 400 3046 δὲ
451 2993 914 3064 κληρονομήσουσι
959 2993 1058 3065 τὴν
1105 2995 1239 3064 τῆν’
1283 2997 1381 3067 οὐχ
1432 2995 1573 3049 ὥστε
1619 2996 1710 3049 τὸν
1757 2997 1932 3051 πάντα

345 3081 517 3142 αἰῶνα
554 3077 690 3136 εἶναι
718 3085 804 3136 ἐπ’
845 3085 1049 3155 αὐτῆς·
1089 3087 1530 3159 παρακληθέντες
1555 3087 1685 3161 γὰρ,
1719 3088 1813 3141 καὶ
1844 3088 1932 3142 διὰ

2037 632 2056 665 ι
2102 613 2168 668 Et
2219 616 2479 670 continuo
2531 617 2682 670 illiilli
2740 614 2975 670 dimittet
3030 615 3134 669 huc
3184 631 3446 678 rursum;
3480 633 3498 665 ι
3554 623 3610 668 at

2029 706 2380 776 quaestionem
2436 707 2507 762 ita
2553 707 2751 769 solves,
2802 705 2847 760 si
2893 706 2976 760 vel
3002 705 3233 759 duorum
3284 706 3498 761 illorum
3542 706 3609 758 de

2030 797 2230 865 quibus
2259 795 2564 860 Matthaeus,
2599 797 2680 850 vel
2718 795 2849 866 pulli
2893 795 2958 848 de
2998 811 3108 864 quo
3146 795 3382 862 Marcus,
3415 798 3608 851 dimis-

2031 890 2238 939 sionem
2285 887 2653 956 perpenderis.
2693 886 2846 952 Quod
2882 894 3062 939 autem
3116 904 3222 941 non
3272 889 3412 940 alius
3455 889 3609 956 quis-

2031 992 2193 1047 quam
2234 977 2579 1048 alligatorum
2622 982 2877 1037 dominus
2918 991 3054 1047 erat,
3083 996 3244 1050 quam
3281 998 3298 1030 ι
3333 995 3473 1033 unus
3502 977 3610 1032 Do-

2031 1069 2214 1123 minus
2233 1089 2250 1121 ι
2286 1080 2469 1126 noster
2501 1091 2519 1121 ιι
2539 1070 2696 1126 Jesus
2716 1072 2965 1128 Christus
2994 1090 3087 1144 per
3108 1087 3267 1142 quem
3296 1069 3478 1126 omnia
3503 1068 3600 1131 ",i

2031 1161 2119 1214 cui
2162 1159 2536 1232 rcfragaturus
2572 1179 2732 1218 nemo
2767 1173 2886 1219 erat
2925 1180 2989 1218 ex
3036 1164 3101 1218 iis
3130 1162 3222 1233 qui
3250 1157 3604 1215 dicebant":

2037 1270 2056 1300 ‹
2087 1245 2226 1317 Quid
2267 1253 2476 1308 sol'vitis
2503 1254 2754 1324 pullum?
2789 1275 2806 1306 ι
2855 1256 2937 1309 vel
2979 1254 3126 1308 aliud
3167 1252 3454 1324 quidlibet,
3491 1267 3607 1304 ma-

2035 1343 2288 1398 nifestum
2355 1355 2482 1412 est;
2557 1363 2682 1400 nam
2748 1349 2906 1418 quasi
2979 1347 3206 1402 minime
3271 1344 3609 1400 adversaturi

2032 1443 2238 1501 essent,
2273 1435 2411 1491 dixit
2439 1436 2694 1493 Servator
2717 1439 2800 1494 ‘3:
2833 1457 2850 1490 ι
2882 1439 2944 1493 Et
2984 1439 3028 1494 si
3064 1438 3187 1508 quis
3218 1436 3370 1491 vobis
3405 1433 3610 1504 aliquid

2033 1525 2266 1588 dixerit,
2327 1529 2490 1583 dicite
2532 1531 2658 1599 quia
2707 1529 2972 1585 Dominus
3016 1529 3100 1583 his
3161 1545 3300 1598 Opus
3355 1527 3550 1591 habet;
3584 1544 3603 1575 ι

2034 1621 2116 1673 vel
2163 1620 2207 1651 δ’
2251 1637 2265 1672 :
2313 1639 2332 1672 ι
2379 1621 2436 1676 Si
2479 1623 2604 1692 quis
2654 1622 2808 1676 vobis
2864 1622 3064 1675 dixerit
3103 1639 3116 1675 :
3167 1619 3348 1687 Quare
3401 1617 3612 1673 solvitis

2037 1711 2281 1780 pullum?
2321 1711 2489 1764 Dicite
2523 1710 2649 1780 quia
2687 1710 2919 1764 Domino
2948 1709 3287 1764 necessarius
3317 1717 3434 1774 est;
3469 1728 3488 1759 ι
3529 1707 3613 1761 vel

2036 1801 2492 1874 quemadmodum
2528 1803 2604 1856 ait
2637 1801 2813 1858 Lucas
2838 1803 2916 1855 “:
2948 1821 2966 1853 ι
2991 1801 3046 1856 Si
3079 1803 3204 1872 quis
3236 1815 3334 1855 vos
3381 1800 3614 1852 interro-

2041 1894 2289 1966 gaverit:
2325 1893 2505 1960 Quare
2565 1894 2814 1950 solvitis?
2851 1895 2930 1950 sic
2962 1894 3154 1950 dicetis
3189 1893 3236 1948 ei
3281 1911 3293 1947 :
3336 1890 3474 1958 Quia
3509 1889 3614 1943 Do-

2037 1987 2218 2041 minus
2259 1999 2478 2055 operam
2523 1985 2642 2055 ejus
2688 1987 2979 2042 desiderat.
3013 2007 3030 2039 ι
3075 1985 3296 2052 Quaeres
3340 1984 3502 2038 etiam
3544 1998 3612 2036 an

2033 2087 2324 2148 postquam
2359 2077 2758 2151 Jerosolymam
2808 2079 3072 2148 pervenit,
3120 2087 3174 2133 et
3221 2092 3316 2132 eos
3359 2075 3445 2129 vel
3485 2089 3611 2127 eum

2037 2171 2297 2228 Servatur
2359 2171 2700 2237 conscendit,
2736 2171 2915 2241 aliqua
2972 2169 3087 2224 fieri
3141 2167 3370 2223 debebat
3426 2165 3615 2220 missio

2035 2263 2102 2317 ad
2133 2264 2504 2320 necessarium
2555 2266 2674 2319 loco
2708 2263 2833 2319 huic
2861 2279 2998 2334 Opus
3031 2261 3341 2332 quidpiam;
3378 2267 3438 2313 ut
3459 2258 3614 2327 juxta

2035 2355 2086 2410 id
2133 2357 2278 2426 quod
2328 2357 2545 2413 silentio
2595 2356 2813 2426 quidem
2868 2353 3293 2424 prietermissum
3346 2358 3465 2417 est,
3521 2350 3616 2404 sed

2032 2449 2394 2505 nihilominus
2453 2450 2827 2520 significatur,
2897 2449 3023 2502 licet
3065 2463 3172 2502 non
3215 2453 3432 2515 aperte,
3478 2459 3617 2513 opus

2033 2539 2260 2609 aliquod
2305 2539 2550 2594 facerent
2590 2539 2741 2594 asina
2794 2546 2848 2592 et
2892 2538 3094 2606 pullus.
3145 2535 3198 2590 Id
3227 2535 3362 2589 adeo
3393 2531 3524 2586 mihi
3561 2531 3613 2584 in

2035 2639 2270 2685 mentem
2319 2629 2591 2700 suggessit
2636 2631 3030 2684 beatitudinum
3067 2628 3201 2684 ordo
3244 2627 3296 2680 in
3325 2623 3617 2693 Evangelia

2035 2721 2333 2776 secundum
2381 2719 2694 2776 Matlhaaum
2755 2721 3086 2790 propositus,
3123 2719 3176 2773 in
3221 2718 3441 2788 quibus,
3489 2731 3612 2789 post

2033 2813 2204 2867 illud:
2239 2831 2257 2864 ‹
2291 2813 2439 2868 Beati
2490 2829 2756 2884 pauperes
2806 2812 3023 2883 spiritu,
3069 2811 3196 2881 quia
3246 2812 3488 2880 ipsorum
3532 2819 3619 2866 est

2036 2921 2264 2975 regnum
2291 2905 2578 2969 caelorum,
2610 2924 2628 2958 ι
2677 2905 2932 2974 deinceps
2979 2905 3031 2957 id
3079 2904 3342 2972 scriptum
3395 2911 3613 2958 exstat:

2043 3014 2060 3046 ι
2092 2992 2242 3048 Beati
2297 2994 2476 3059 mites,
2507 2995 2768 3065 quoniam
2824 2993 3184 3064 possidebunt
3238 3003 3436 3048 terram
3469 2993 3548 3047 “z
3590 3011 3610 3046 ι

2033 3084 2124 3139 hic
2161 3084 2305 3139 enim
2342 3085 2569 3139 observa
2598 3099 2787 3139 eorum
2829 3085 3004 3154 primo
3033 3099 3153 3140 esse
3189 3098 3415 3154 regnum
3447 3084 3585 3138 cosio

344 3173 408 3228 τὸ
457 3175 847 3246 πεπεινηκέναι
886 3177 981 3230 καὶ⁴
1031 3176 1375 3248 δεδιψηκέναι
1415 3178 1779 3250 δικαιοσύνης,
1841 3197 1930 3234 κο-

2037 3190 2179 3239 rum,
2211 3175 2303 3245 qui
2334 3174 2472 3229 beati
2502 3175 2888 3245 praedicantur,
2929 3182 2982 3228 et
3017 3174 3166 3245 ipsos
3198 3175 3390 3230 deinde
3418 3184 3614 3228 terram

349 3263 632 3336 ρεσθέντες
662 3265 851 3335 αὐτῆς.
884 3267 978 3319 καὶ
1009 3267 1344 3337 ἐλεηθέντες,
1372 3271 1466 3322 καὶ
1494 3269 1585 3322 τὸν
1620 3269 1750 3322 Θεὸν
1796 3271 1932 3324 ίδὸν-

344 3372 460 3420 τες,
487 3355 582 3409 καὶ
613 3357 720 3409 υἱοὶ
759 3357 924 3410 αὐτοῦ
955 3357 1268 3429 κληθέντες,
1319 3360 1480 3413 πάλιν
1517 3362 1610 3414 ἐπὶ
1648 3360 1743 3432 τὴν
1779 3362 1935 3433 βασι-

345 3447 494 3501 λείαν
523 3448 988 3504 ἀποκαθίστανται
1005 3450 1114 3504 τῶν
1139 3451 1404 3522 οὐρανῶν.
1454 3453 1577 3506 Ἐὰν
1603 3453 1660 3506 δὲ
1693 3454 1814 3518 ὄνος
1843 3457 1934 3510 καὶ

345 3539 544 3605 πῶλος,
571 3535 650 3603 οἷς
671 3541 699 3592 6
729 3540 916 3612 Σωτὴρ
933 3543 1225 3605 ἐπιϐαίνει,
1249 3544 1298 3596 oi
1324 3543 1706 3615 ἀποδεδομένοι
1733 3548 1935 3617 τυγχά-

345 3649 503 3699 νωσι,
551 3631 625 3703 μὴ
662 3633 978 3706 προσκόψῃς
1005 3633 1083 3704 τῷ
1113 3634 1256 3705 λόγῳ
1293 3635 1690 3707 παραϐάλλοντι
1717 3637 1931 3705 ἀλόγοις

346 3721 506 3788 ζώοις
543 3723 864 3794 ἀχθοφόροις
901 3725 1026 3788 τοὺς
1068 3725 1332 3796 φέροντας
1375 3725 1468 3778 τὸν
1513 3725 1718 3796 Ἰησοῦν
1748 3728 1930 3791 αὐτοῖς

345 3815 638 3886 ὀχούμενον
657 3831 669 3844 ·
700 3815 842 3882 τάχα
873 3815 983 3885 γάρ
1017 3815 1336 3884 τι,τοιοῦτον
1377 3818 1576 3888 νοήσας
1605 3817 1698 3870 καὶ
1730 3819 1758 3870 6
1796 3819 1930 3888 Προ-

347 3909 524 3979 φήτης
549 3903 669 3960 εἷπε
701 3906 763 3958 τὸ
800 3906 1080 3974 γεγονέναι
1113 3906 1414 3977 κτηνὼδης,
1447 3908 1546 3978 ούχ
1568 3906 1926 3974 ἁπαξαπλῶς,

345 3998 483 4054 ἀλλὰ
531 3997 683 4068 παρὰ
727 3997 803 4067 τῷ
837 3996 956 4069 Θεῷ
986 4038 1000 4062 ,
1041 3997 1073 4067 ἢ
1110 3997 1259 4069 παρὰ
1292 3997 1369 4068 τῷ
1406 3997 1646 4070 Χριστῷ,
1695 4000 1789 4052 καὶ
1830 3999 1925 4052 τό·

350 4108 370 4144 ι
417 4087 588 4158 Κάγὼ
639 4087 920 4160 κτηνιωης
967 4089 1231 4160 ἐγενήθην
1266 4091 1417 4161 παρὰ
1449 4091 1565 4143 σοί·
1632 4109 1650 4144 ι
1703 4091 1779 4155 ὡς
1821 4091 1930 4162 γὰρ

345 4182 483 4252 πρὸς
507 4181 597 4234 τὸν
628 4180 928 4249 Αύτολόγον
955 4182 1048 4234 καὶ
1081 4181 1218 4253 πρὸς
1243 4181 1341 4253 τὴν
1374 4182 1464 4238 τοῦ
1487 4183 1622 4237 Θεοῦ
1648 4184 1930 4254 μεγαλειό-

2039 3281 2432 3335 ροεςθεευτοε;
2491 3282 2599 3321 "Oli
2647 3265 2805 3336 (ιυδεί
2862 3281 2958 3336 per
3017 3280 3179 3320 omne
3231 3281 3404 3320 ωνιιηι
3450 3279 3614 3334 super

2036 3372 2158 3411 eam
2203 3356 2372 3412 futuri
2415 3357 2556 3424 sint,
2604 3373 2726 3411 nam
2769 3368 3056 3428 postquam
3107 3358 3372 3412 solamine
3416 3356 3617 3412 fuerint

2039 3449 2236 3516 levati,
2279 3441 2332 3504 et
2370 3459 2652 3520 propterea
2694 3452 2840 3519 quod
2880 3450 3193 3515 esurierint,
3247 3458 3301 3504 et
3345 3449 3618 3504 sitiret-int

2035 3539 2328 3609 justitiam,
2374 3542 2489 3611 ipsa
2529 3543 2711 3598 satiati
2761 3551 2816 3597 et
2858 3542 3289 3596 misericordiam
3335 3548 3615 3596 consecuti

2041 3630 2264 3698 fuerint,
2313 3641 2366 3688 et
2411 3631 2578 3687 Deum
2633 3633 2903 3700 viderint,
2959 3634 3241 3704 ipsiusque
3288 3633 3384 3686 lilii
3438 3635 3617 3690 vocazi

2039 3720 2260 3787 fuerint,
2301 3737 2492 3777 rursus
2530 3722 2796 3778 caelorum
2832 3739 2997 3793 regno
3037 3723 3410 3780 restituentur.
3453 3724 3612 3790 Quod

2039 3813 2084 3868 si
2115 3813 2265 3868 asina
2298 3823 2348 3868 ct
2381 3815 2560 3884 pullus
2583 3830 2722 3884 quos
2749 3816 3007 3869 Servator
3050 3815 3389 3882 conscendit,
3419 3815 3454 3870 ii
3488 3825 3618 3871 sunt

2038 3919 2177 3973 quos
2213 3905 2474 3968 diximus,
2518 3921 2648 3960 cave
2700 3922 2767 3964 ne
2808 3906 2862 3960 in
2913 3908 3124 3961 ratione
3167 3908 3470 3962 carentium
3522 3921 3622 3962 ve-

2037 3999 2339 4052 terinorum
2389 3997 2708 4052 animalium
2755 4015 2878 4054 cum
2935 3999 3002 4052 iis
3043 3999 3244 4070 quibus
3283 4007 3472 4055 vectus
3514 3997 3615 4056 fuit

2039 4089 2312 4156 Servator,
2337 4090 2797 4158 comparationem
2841 4090 3106 4160 impingas
3132 4106 3146 4143 :
3171 4090 3440 4159 ejusmodi
3467 4090 3614 4145 enim

2038 4181 2269 4237 fortasse
2324 4181 2603 4253 quidpiam
2662 4182 2846 4237 animo
2903 4198 3129 4238 versans
3176 4181 3488 4251 Propheta,
3554 4197 3615 4237 se

343 4291 480 4346 τητα
523 4273 817 4345 κτηνώδεις
852 4274 1020 4345 ἐσμὲν
1058 4275 1157 4345 ούχ
1201 4278 1363 4345 ἡμεῖς
1419 4277 1589 4347 μόνοι,
1653 4277 1788 4332 ἀλλὰ
1837 4278 1930 4331 καὶ

2035 4275 2338 4344 iumentum
2389 4273 2554 4341 dixit,
2613 4273 2770 4346 74],
2839 4290 2944 4329 non
2996 4274 3213 4345 quidem
3271 4274 3614 4345 simpliciter,

1538 4371 1770 4428 VETUS
1808 4368 2385 4426 lNTERPRETATlO.

348 4462 529 4518 festim
562 4462 801 4536 remittet
827 4475 1008 4536 eos.)
1041 4463 1255 4536 solutio
1284 4475 1463 4536 autem
1500 4465 1659 4521 istius
1689 4465 2027 4536 quaestionis,
2060 4463 2632 4536 sicutparbitrorthmc
2666 4472 2784 4536 est_:_
2795 4461 3062 4536 Quoniam
3096 4460 3376 4536 Dominus
3393 4461 3610 4536 quidem

347 4547 536 4604 eorum
556 4533 674 4604 Aqui
708 4533 922 4587 fuerant
952 4534 1125 4604 ligati,
1159 4550 1320 4590 nemo
1348 4535 1487 4591 alius
1515 4548 1653 4598 erat,
1693 4531 1799 4591 nisi
1830 4537 1918 4591 ille
1945 4537 2011 4588 de
2038 4550 2148 4603 quo
2180 4534 2256 4587 ait
2293 4533 2590 4601 Apostolus
2630 4551 2642 4586 :
2685 4552 2702 4584 ι
2740 4531 2911 4587 Nobis
2947 4541 3127 4604 autem
3159 4548 3302 4604 unus
3343 4531 3611 4588 Dominus

346 4599 508 4674 Iesus
545 4599 815 4674 Christus,
859 4599 1160 4674 perﬂquem
1206 4606 1414 4663 omnia.
1461 4625 1479 4657 ι
1517 4607 1608 4660 cui
1636 4607 1896 4674 quoniam
1933 4599 2278 4674 nequaquam
2322 4599 2767 4658 contradicturus
2809 4606 2986 4656 fuerat
3019 4602 3219 4674 aliquis
3251 4603 3548 4674 dicentium
3590 4621 3603 4656 :

295 4729 312 4748 ι
353 4691 372 4723 ι
422 4670 603 4748 Quare
633 4670 1132 4748 solvitispullum?
1169 4693 1188 4748 ρ
1226 4674 1580 4748 manifestum
1627 4670 1727 4748 est.
1763 4670 2087 4748 lﬂamqquasi
2123 4670 2272 4728 nullo
2311 4674 2956 4748 conti-adicere__potenti,
2991 4672 3071 4748 sic
3114 4670 3253 4728 dicit
3297 4673 3548 4727 Christus
3594 4690 3611 4728 :

354 4763 380 4815 i_
428 4740 492 4815 Ιξξι
523 4740 566 4815 si
598 4740 796 4815 aliquis
820 4742 973 4815 _v_obis
1010 4744 1228 4815 dixerit,
1263 4745 1454 4815 dicetis
1478 4746 1736 4815 quoniam
1768 4740 2030 4800 Dominus
2056 4758 2280 4815 operam
2307 4743 2600 4815 desiderat.
2631 4764 2649 4815 ι
2692 4740 2754 4796 Et
2785 4744 2905 4815 vide
2935 4743 3060 4815 quia
3091 4751 3377 4815 postquam
3413 4757 3610 4815 ascen-

347 4810 493 4866 derit
531 4808 704 4884 desus
732 4811 795 4884 i_n_
820 4810 1254 4884 Hierosolymam
1295 4808 1511 4884 sedens'
1536 4830 1699 4884 super
1727 4817 1934 4884 pullum
1984 4808 2130 4868 hunc
2156 4814 2238 4884 vel
2269 4813 2442 4878 illum,
2489 4814 2678 4866 missio
2709 4808 2966 4882 quaedam
2993 4813 3058 4884 ad
3092 4808 3482 4884 opus‘aliquod
3503 4827 3611 4884 _ne-

308 4948 316 4954 _
350 4879 652 4954 cessarium
685 4882 751 4935 ad
785 4880 960 4951 ipsum
999 4879 1177 4937 locum
1225 4892 1342 4954 erat
1377 4879 1678 4950 futura,'ut
1708 4879 1914 4954 aliquid
1955 4885 2137 4953 operis
2182 4882 2385 4939 faciant
2420 4885 2574 4936 asina
2627 4894 2679 4936 et
2729 4879 2910 4952 pullus
2968 4879 3206 4954 ejus._’E‘t
3254 4879 3608 4954 hocquidem

348 4949 653 5023 significat,
676 4967 782 5023 non
807 4949 998 5006 tamen
1031 4955 1193 5023 clare.
1245 4951 1478 5007 Sensum
1523 4949 1702 5008 autem
1745 4949 2061 5023 hujusmodi
2101 4954 2407 5008 intellectus
2452 4953 2661 5022 accipio
2688 4949 2916 5008 credens
2953 4949 3130 5005 ordini
3182 4949 3606 5014 beatitudinum,

351 5036 516 5104 quem
554 5019 684 5076 facit
718 5021 1194 5104 Mattlizeus..l‘i_ani
1231 5033 1518 5104 postquam
1549 5024 1685 5104 dixit
1725 5037 1739 5077 :
1773 5045 1791 5077 ι
1818 5019 1979 5104 ’Βειιιί
2005 5039 2272 5104 pauperes
2310 5019 2810 5104 spiritunquoniam
2843 5023 3084 5091 ipsorum
3106 5029 3463 5104 est-regnum.
3497 5037 3611 5102 etp-

348 5090 554 5164 lorum,
593 5101 766 5164 ipost
801 5091 904 5164 hoc
940 5093 1204 5164 scriptum
1231 5089 1323 5164 est
1352 5089 1419 5146 :1
1456 5092 1604 5148 Beati
1643 5095 1934 5159 mansueti,
1966 5089 2225 5164 quoniam
2257 5089 2359 5163 ipsi
2397 5089 2750 5162 possidebunt
2785 5089 3008 5164 terram.
3042 5113 3058 5141 ι
3105 5089 3348 5164 Dicimus
3379 5093 3522 5145 enim
3553 5092 3609 5146 in

351 5159 438 5214 his
470 5159 731 5228 quoniam
783 5162 1021 5232 primum
1054 5159 1276 5236 quidem
1313 5163 1599 5236 beatorum
1641 5173 1727 5218 est
1754 5159 1999 5236 regnum:
2023 5159 2291 5236 cmloruni
2329 5181 2341 5217 :
2377 5159 2430 5216 in
2457 5164 2700 5236 secundo
2747 5173 2927 5236 autem
2959 5161 3078 5216 loco
3105 5163 3462 5236 possidebunt
3501 5171 3610 5236 ter—

348 5245 492 5304 ram,
529 5246 636 5304 non
677 5239 746 5304 _ut
770 5230 863 5301 per
897 5230 1345 5304 omne—saeculum
1383 5235 1492 5288 sint
1533 5250 1697 5304 super
1721 5230 1867 5298 eam,
1903 5233 1997 5289 sed
2025 5234 2292 5289 consolati
2330 5247 2429 5304 pro
2456 5249 2522 5287 eo
2553 5231 2698 5301 quod
2722 5233 3135 5304 esurierunt,_et
3164 5233 3418 5287 sitierunt
3445 5230 3603 5304 justi-

348 5299 478 5371 tiam
498 5299 693 5371 satiati
730 5299 783 5354 in
809 5317 896 5371 ea.
922 5313 976 5357 et
1004 5303 1439 5358 misericordiam
1469 5299 1778 5370 consecuti,
1804 5305 1999 5358 iterum
2029 5299 2390 5358 restituantur
2415 5303 2468 5355 in
2490 5299 2717 5371 regnum
2745 5301 3030 5356 cmlorum.
3049 5301 3158 5355 Aut
3178 5311 3324 5357 certe
3345 5299 3607 5371 quoniam

352 5368 508 5445 multi
536 5384 603 5445 ei}
636 5371 836 5445 populo
865 5370 1200 5437 Iudaeorum,
1231 5373 1315 5426 vel
1347 5373 1611 5444 gentium,
1645 5375 1730 5429 vel
1758 5368 1898 5445 quos
1937 5375 2150 5429 asinam
2185 5373 2470 5445 etpullum
2507 5368 2677 5445 supra
2701 5386 2896 5426 sumus
2917 5371 3274 5445 interpretati,
3304 5368 3402 5445 qui
3433 5370 3611 5445 credi-

352 5387 508 5422 muiu
536 5387 603 5423 ex
636 5387 836 5492 populo
865 5387 1200 5437 animorum,
1231 5387 1315 5426 vel
1347 5387 1611 5444 gentium,
1645 5387 1730 5429 vel
1758 5389 1898 5445 quos
1937 5389 2150 5429 asmam
2185 5387 2236 5428 et
2297 5387 2470 5427 unum
2507 5387 2673 5441 supra
2701 5387 2896 5426 sumus
2917 5387 3274 5440 Ililel'pl'elall,
3307 5387 3402 5440 qut
3433 5387 3605 5425 creui-

347 5437 551 5514 derunt
579 5439 633 5491 in
664 5440 703 5493 t3
729 5441 903 5503 iristo.
933 5454 988 5496 et
1016 5452 1374 5514 susceperunt
1408 5459 1572 5512 super
1601 5460 1679 5506 se,
1720 5454 1907 5514 postea
1939 5445 2094 5500 missi
2142 5459 2172 5497 a
2212 5389 2435 5514 Cii‘risto
2479 5441 2680 5514 reversi
2715 5441 2947 5514 suntad
2989 5440 3605 5514 pOpulum_.ludaicum,

353 5504 431 5557 vel
481 5504 804 5584 adcaeteras
839 5521 1024 5584 gentes
1057 5504 1308 5584 nonduin
1331 5504 1637 5584 credentes,
1669 5504 1737 5569 'ut'
1767 5515 2128 5584 praedicarent
2173 5513 2253 5566 eis
2283 5511 2576 5584 Dominum
2607 5509 2805 5584 {esum
2849 5504 3206 5584 Filium—Dei.
3258 5510 3322 5566 Et
3374 5511 3479 5584 hoc
3523 5504 3605 5564 est

350 5575 499 5643 quod
531 5575 803 5645 signiﬁcat
837 5575 1023 5635 dicens
1061 5600 1074 5635 :
1115 5601 1132 5631 ι
1167 5581 1466 5638 Confestim
1502 5575 1740 5639 remittet
1768 5575 1901 5638 'eos.
1944 5602 1962 5636 ο
2005 5584 2062 5638 Si
2097 5598 2228 5654 ergo
2263 5583 2414 5636 asina
2444 5592 2500 5635 et
2539 5581 2723 5650 pullus
2759 5581 2880 5651 ejus
2923 5580 2998 5635 illi
3032 5589 3160 5640 sunt
3197 5596 3338 5650 quos
3365 5580 3606 5634 diximus

421 5693 696 5771 ”_M:tttli1
731 5715 842 5761 siti,
881 5700 933 5752 ’5.
1014 5701 1056 5733 ’⁸⁸
1098 5701 1260 5758 Marc.
1294 5721 1366 5766 iu,
1405 5705 1457 5760 5.
1562 5706 1602 5737 “
1650 5703 1820 5760 ICor.
1851 5722 1966 5771 vin,
1995 5705 2045 5761 6.
2154 5705 2194 5736 δ’
2234 5704 2364 5760 Luc.
2407 5719 2517 5770 tux,
2547 5703 2635 5762 53.
2736 5702 2780 5735 "
2823 5701 3011 5760 Matth.
3036 5717 3150 5762 XXI.
3191 5701 3243 5756 3.

351 5781 430 5834 ιι,
460 5767 512 5822 3.
591 5767 635 5799 "
677 5767 808 5823 Luc.
844 5785 956 5832 xix,
991 5772 1078 5825 51.
1158 5773 1198 5802 ⁸⁸
1240 5774 1426 5829 Matth.
1463 5793 1515 5838 ι’,
1547 5777 1578 5830 5
1607 5786 1654 5832 et
1686 5794 1799 5846 seq.

2154 5705 2194 5736 δ’
2234 5704 2364 5760 an.
2407 5719 2517 5770 XIX,
2547 5703 2635 5762 33.
2736 5702 2780 5735 "
2823 5701 3011 5760 Matth.
3036 5717 3150 5762 XXI.
3191 5701 3243 5756 3.
3352 5700 3397 5732 ⁸⁸
3438 5698 3606 5756 Marc.
