4086 6486
424 471 563 529 1457
1104 510 1115 513 -
1381 469 1739 526 COMMENT.
1777 468 1842 525 lN
1887 467 2302 525 MATTHJEUM
2346 466 2583 523 TOMUS
2627 462 2765 517 XVI.
3550 465 3691 521 “58

421 587 672 648 πλεῖστος
700 583 876 654 ὄχλος,
911 586 1003 638 καὶ
1023 584 1275 656 τέταρτοι
1305 585 1352 636 οἱ
1402 583 1693 646 κόπτοντες
1717 582 1840 646 τοὺς
1874 582 2006 635 κλά-

2066 604 2083 641 ι
2111 596 2295 636 ramos
2324 581 2391 635 ab
2420 579 2708 635 arboribus
2750 575 3127 645 amputabant,
3162 586 3215 630 et
3243 576 3299 630 in
3324 577 3411 631 via
3442 577 3679 634 subster-

419 679 545 741 δους
573 676 681 730 ἀπὸ
740 675 847 729 τῶν
878 676 1108 745 δένδρων
1138 676 1232 728 καὶ
1295 673 1661 746 στρωννύντες
1694 672 1750 725 ἐν
1784 676 1848 743 τῇ
1882 671 2005 742 ὀδῷ.

2117 673 2334 727 nebant.
2369 672 2626 738 Quintam
2658 676 2941 738 praeterea,
2971 674 3024 719 et
3064 673 3276 720 sextam
3308 665 3587 720 cohortem
3624 681 3691 720 ex

422 767 623 823 Νόειδέ
648 785 738 839 μοι
755 768 863 821 ἀπὸ
892 766 1095 822 τούτων
1131 770 1226 819 καὶ
1250 767 1497 837 πέμπτον
1523 766 1618 818 καὶ
1642 765 1797 817 ’ἐκτον
1825 765 2011 834 τάγμα

2114 764 2181 818 iis
2212 764 2305 833 qui
2345 760 2529 817 Jesum
2559 759 2957 831 prmeedebant,
2985 757 3189 828 quique
3218 756 3694 826 subsequebantur

421 857 843 930 κατειλεγμένον
876 858 982 911 τῶν
1009 858 1100 911 τὸν
1148 857 1355 928 Ἰησοῦν
1385 856 1754 928 προαγόντων,
1780 856 1875 908 καὶ
1903 854 2008 907 τῶν

2115 853 2401 909 conﬂatam
2437 855 2539 906 hoc
2566 853 2686 906 loco
2716 850 3054 905 observazet
3086 863 3213 904 vero
3236 848 3331 917 qui
3357 848 3692 918 praecedunt,

422 950 864 1006 ἀκολουθούντων
914 950 1097 1021 αὐτῷ·
1162 949 1257 1002 καὶ
1319 949 1660 1021 προάγοντας
1740 948 1838 1016 μὲν
1904 949 2009 1017 φή-

2112 962 2177 1001 ex
2212 945 2416 1000 sanctis
2446 943 2678 999 fortasse
2706 952 2761 998 et
2793 942 3074 1013 prophetis
3103 941 3196 1011 qui
3228 951 3355 996 ante
3399 941 3691 995 adventum

427 1058 541 1105 σεις
567 1039 680 1111 (10)
728 1040 837 1094 ἀπὸ
863 1039 973 1093 τῶν
1004 1038 1108 1111 πρὸ
1133 1040 1234 1111 τῆς
1284 1039 1584 1111 παρουσίας
1632 1032 1770 1091 εἶναι
1820 1041 1885 1092 ὲκ
1914 1037 2009 1091 τοῦ

2113 1040 2388 1106 vixerunt,
2427 1038 2682 1092 collectos
2731 1050 2850 1091 esse
2908 1036 3093 1101 dices;
3137 1033 3232 1104 qui
3282 1033 3696 1103 subsequuntur

424 1131 555 1186 λαοῦ
588 1133 833 1199 δικαίων,
865 1132 1006 1203 τάχα
1032 1132 1126 1186 καὶ
1158 1132 1468 1203 προφητῶν·
1503 1128 1925 1193 ἀκολουθοῦντας
1954 1129 2010 1182 δὲ

2114 1142 2318 1197 autem,
2344 1148 2407 1187 ex
2448 1131 2636 1201 justis,
2664 1130 2747 1185 vel
2794 1129 2998 1184 Christi
3033 1128 3298 1198 apostolis
3329 1126 3424 1198 qui
3447 1137 3570 1197 post
3597 1126 3693 1181 ad-

422 1227 551 1289 τυτδς
579 1224 687 1278 ἀπὸ
744 1223 854 1277 τῶν
893 1225 1029 1295 μετά
1088 1223 1186 1296 τὴν
1239 1224 1543 1295 παρουσίαν
1598 1223 1878 1294 ἑπομένων
1931 1221 2010 1292 τῷ

2113 1235 2334 1280 ventum
2382 1224 2620 1279 Verbum
2665 1223 2923 1280 assectati
2970 1230 3116 1278 sunt.
3163 1221 3549 1276 Verumtamen
3585 1235 3695 1274 non

424 1315 604 1385 Λάγῳ,
638 1314 734 1367 καὶ
772 1312 1209 1367 ἀκολουθούντων
1261 1311 1432 1384 αύτῷ,
1484 1311 1596 1364 εἴτε
1647 1310 1871 1364 δικαίων
1899 1308 2009 1362 εἴτε

2114 1318 2218 1372 alia
2253 1317 2641 1387 praecedentes,
2679 1316 2783 1370 alia
2822 1331 2951 1370 vero
2981 1314 3376 1383 subsequentes
3422 1312 3694 1379 dicebant,

424 1410 519 1464 καὶ
546 1408 863 1464 ἀποστόλων
896 1405 1159 1480 Χριστοῦ.
1220 1403 1366 1477 Πλὴν
1399 1405 1497 1458 οὐκ
1528 1404 1661 1458 ἄλλα
1700 1403 1798 1475 μὲν
1825 1401 2009 1471 ἔλεγον

2113 1425 2225 1464 uno
2267 1409 2410 1463 enim
2463 1423 2558 1462 OI‘O
2608 1407 2753 1461 haud
2785 1422 2942 1463 secus
2974 1422 3039 1460 ac
3072 1420 3304 1461 CODCOI‘S
3335 1413 3389 1460 ει
3421 1419 3697 1461 consonus

424 1501 472 1555 οί
505 1503 860 1574 προάγοντες,
893 1500 1026 1555 ἄλλα
1082 1498 1136 1552 δὲ
1176 1498 1226 1552 οἰ
1281 1494 1718 1563 ἀκολουθοῦντες·
1778 1493 2010 1567 ἔκραζον

2114 1500 2317 1555 chorus
2368 1498 2679 1554 clamabant
2715 1512 2928 1563 omnes,
2957 1506 3012 1552 et
3042 1496 3349 1551 Servatoris
3385 1494 3695 1550 immanita-

424 1591 531 1662 γὰρ
563 1590 762 1653 πάντες
793 1590 908 1660 ἅμα
942 1586 1016 1651 ὡς
1049 1585 1208 1659 χορὸς
1259 1584 1501 1656 συνᾴδων
1554 1584 1647 1637 καὶ
1696 1583 2007 1653 σύμφωνος,

2117 1596 2222 1643 tcm
2249 1589 2332 1643 his
2358 1589 2537 1643 verbis
2567 1588 3003 1644 celebrabant“:
3031 1608 3049 1638 ι
3075 1585 3298 1641 Osanna
3319 1585 3428 1641 tilio
3444 1584 3643 1651 David;
3669 1604 3689 1637 ι

426 1684 518 1737 καὶ
554 1684 735 1751 ἔλεγον
763 1684 856 1737 καὶ
895 1682 956 1735 τὸ
994 1679 1330 1752 ἀνθρώπινον
1371 1676 1666 1749 ὑμνοῦντες
1697 1675 1789 1731 τοῦ
1828 1675 2012 1746 Σωτῆ-

2116 1688 2171 1733 at
2201 1679 2494 1734 secundum
2534 1679 2707 1748 ipsius
2744 1679 3060 1741 adventum,
3104 1678 3207 1732 boe
3256 1679 3501 1748 hymno:
3539 1694 3559 1727 ι
3595 1676 3695 1729 Bc-

425 1792 519 1844 ρος
551 1777 606 1827 ὲν
639 1774 736 1845 τῷ·
776 1793 794 1825 ι
831 1772 1062 1827 Ὡσαννά
1084 1771 1162 1842 τῷ
1189 1769 1290 1841 υἱῷ
1324 1770 1537 1824 Δαυῖδ·›
1576 1770 1670 1822 καὶ
1702 1769 1802 1839 τὴν
1831 1767 2010 1820 δευτέ-

2117 1772 2365 1825 ncdictus
2399 1772 2491 1840 qui
2528 1771 2675 1824 venit
2707 1770 2761 1823 in
2790 1769 3010 1823 nomine
3042 1767 3298 1833 Domini;
3332 1788 3350 1820 ι
3391 1769 3696 1824 restitutio-

426 1885 525 1937 ραν
552 1866 714 1921 αὐτοῦ
746 1866 1057 1937 ἐπιδημίαν·
1109 1884 1126 1916 ι
1151 1862 1527 1933 Εὐλογημένος
1560 1864 1587 1915 ό
1616 1862 1909 1932 ἐρχόμενος
1951 1862 2009 1914 ὲν

2118 1877 2241 1916 nem
2286 1870 2466 1916 autem
2497 1861 2617 1931 ejus
2663 1860 2717 1914 in
2747 1866 2937 1914 sancta
2978 1857 3221 1913 dicentes
3266 1877 3280 1914 :
3319 1876 3338 1909 ι
3386 1856 3606 1913 Osanna
3640 1858 3696 1912 in

424 1954 649 2028 ὀνόματι
676 1958 935 2029 Κυρίου·›
975 1955 1071 2008 καὶ
1099 1955 1198 2025 τὴν
1229 1954 1308 2015 εἰς
1360 1951 1428 2005 τὰ
1459 1951 1589 2020 άγια
1620 1950 2003 2005 ἀποκατάστα-
2039 1961 2080 2015 Β
2108 1952 2358 2008 excelsis.
2397 1970 2416 2001 ι

426 2064 509 2101 σιν
537 2051 593 2101 ἐν
758 2067 775 2098 ι
814 2046 1043 2101 Ὡσαννά
1075 2047 1133 2098 ὲν
1171 2048 1283 2110 τοῖς
1312 2045 1572 2114 ὑψίστοις.
1604 2064 1621 2095 ι

495 2139 712 2192 Τούτων
743 2139 806 2210 δὴ
836 2138 944 2192 τῶν
992 2137 1157 2209 τριῶν
1185 2137 1545 2207 ὲκφωνήσεων
1571 2133 1877 2206 λεγομένων
1906 2132 2011 2186 ὑπὸ

2189 2137 2274 2194 19.
2306 2136 2578 2193 Caeterum
2615 2137 2757 2191 hanc
2784 2134 3235 2192 exclamationem
3276 2146 3384 2187 uno
3426 2140 3694 2187 concentu

424 2226 525 2298 τῆς
553 2229 872 2298 συμφωνίας
903 2227 1010 2281 τῶν
1042 2225 1391 2298 προαγόντων
1450 2224 1546 2278 καὶ
1579 2222 2012 2277 ἀκολουθούντων

2113 2229 2430 2284 tollentibus
2471 2229 2565 2299 qui
2596 2226 2780 2283 Jesum
2830 2226 3230 2297 praecedebant,
3262 2223 3468 2294 quique
3501 2237 3696 2292 seque-

423 2318 503 2389 τῷ
547 2316 744 2390 Ἰησοῦ,
775 2318 803 2370 ό
839 2317 941 2389 μὲν
974 2316 1146 2388 εἰσῄει
1177 2319 1257 2381 εἰς
1282 2316 1350 2369 τὰ
1376 2314 1604 2387 ἀληθινὰ
1641 2314 2006 2386 Ἱεροσόλυμα·

2112 2322 2332 2386 bantur,
2391 2322 2507 2391 ipse
2565 2334 2749 2376 veram
2801 2318 3200 2388 Jerosolymam
3255 2318 3534 2386 ingressas
3588 2322 3696 2369 est.

425 2407 750 2474 ξενισθεϊσαι
777 2408 834 2462 δὲ
866 2408 922 2462 αἰ
944 2407 1193 2479 οὐράνιαι
1217 2406 1493 2478 δυνάμεις,
1536 2406 1736 2468 αἵτινες
1765 2404 2009 2474 λέγονται

2114 2413 2442 2484 Stupel‘actze
2480 2422 2660 2470 autem
2690 2413 2916 2469 virtutes
2944 2412 3213 2474 cmlestes,
3261 2424 3384 2480 qua:
3414 2418 3528 2462 tota
3574 2422 3700 2462 esse

424 2500 576 2554 πᾶσα
598 2495 737 2554 εἶναι
769 2501 803 2570 ἡ
859 2499 1033 2564 πόλις,
1091 2499 1348 2588 ἕφαὶκον·
1389 2518 1406 2548 ι
1453 2497 1548 2560 Τίς
1580 2492 1940 2561 sorr/0510;;
1985 2516 2002 2548 ι

2111 2506 2304 2561 civitas
2338 2505 2615 2568 dicuntur,
2645 2505 2865 2559 aiebant
2896 2504 2941 2536 “
2971 2517 2985 2556 :
3036 2520 3055 2553 ι
3091 2501 3223 2568 Quis
3255 2510 3339 2555 est
3386 2498 3511 2554 hic?
3548 2515 3703 2569 pper-

423 2588 683 2657 ἀνάλογον
702 2585 815 2653 τοῖς
838 2585 1288 2675 προφητευθεῖσιν
1317 2592 1374 2642 ἐν
1408 2588 1492 2657 κγ
1524 2587 1724 2659 ψαλμῷ
1758 2590 1883 2661 περί
1908 2590 2010 2660 τῆς

2115 2602 2240 2658 inde
2295 2608 2352 2654 ut
2382 2613 2503 2669 quae
2528 2599 2585 2653 in
2618 2596 2879 2668 vigesimo
2905 2595 3065 2651 tertio
3093 2595 3306 2664 psalmo
3328 2592 3395 2646 de
3443 2589 3700 2645 Servato—

421 2681 742 2753 ἀναλήψεως
769 2681 864 2734 τοῦ
891 2682 1161 2754 Σωτῆρος,
1195 2682 1289 2736 καὶ
1314 2680 1405 2734 τοῦ
1438 2680 1690 2752 ξενισμοῦ
1717 2681 1824 2735 τῶν
1848 2683 2010 2752 ούρα-

2110 2691 2188 2745 ris
2217 2691 2272 2744 in
2299 2692 2439 2747 etelo
2470 2689 2796 2760 receptione,
2830 2697 2884 2742 et
2934 2687 3243 2743 emlestium
3289 2685 3560 2738 virtutum
3596 2696 3697 2735 no-

423 2773 553 2826 νίων
586 2772 869 2843 δυνάμεων
905 2770 1262 2844 ξενιζομένων
1310 2771 1402 2825 ἐπὶ
1461 2771 1539 2842 τῷ
1572 2770 1746 2842 καινῷ
1779 2772 1872 2825 τοῦ
1906 2791 2009 2826 σω-

2110 2796 2237 2833 vum
2280 2795 2557 2850 corporea:
2607 2779 2781 2849 ipsius
2827 2785 3063 2833 vectura:
3113 2774 3483 2845 spectaculum
3524 2771 3701 2826 admi-

426 2864 658 2935 ματικοῦ
696 2862 858 2918 αὑτοῦ
888 2864 1162 2935 ὀχήματος
1196 2862 1449 2933 θεάματι.
1485 2864 1638 2935 Ἔχει
1664 2863 1719 2917 δὲ
1748 2862 1921 2927 οὕτως
1951 2866 2007 2917 ἐν

2111 2872 2348 2926 rantium
2406 2880 2629 2941 stupore
2687 2878 2742 2925 et
2775 2869 3186 2940 perturbatione
3234 2864 3490 2937 praedicta
3546 2872 3695 2916 sunt.

420 2954 499 3026 τῷ
528 2954 749 3026 ψαλμῷ·
793 2972 812 3005 ι
840 2955 1042 3028 ’Ἀρατε
1076 2954 1345 3019 πύλας,οί
1380 2954 1658 3027 ἄρχοντες,
1687 2955 1860 3025 ὑμῶν,
1915 2957 2007 3009 καὶ

2113 2958 2204 3017 Sic
2234 2970 2411 3017 autem
2447 2962 2498 3015 in
2528 2961 2631 3015 hoc
2653 2960 2866 3030 psalmo
2887 2958 3116 3012 habetur
3140 2956 3182 2986 ⁸⁷
3212 2974 3225 3009 :
3254 2974 3273 3006 (
3305 2954 3549 3009 Attollite
3568 2968 3699 3021 por-

421 3047 718 3117 ὲπάρθητε,
750 3045 916 3100 πύλαι
966 3046 1195 3110 αἰώνιοι,
1256 3049 1349 3101 καὶ
1400 3045 1764 3099 εἰσελεύσεται
1790 3047 1817 3098 ὁ
1842 3048 2006 3100 Βασι-

2111 3059 2214 3112 tas,
2233 3049 2529 3118 principes,
2547 3058 2783 3112 vestras,
2806 3057 2861 3103 et
2876 3046 3188 3111 elevamini,
3204 3055 3375 3115 portae
3390 3042 3698 3107 :cternales,

418 3137 544 3202 λεὺς
571 3139 669 3209 τῆς
699 3138 877 3209 δόξης,
920 3158 938 3191 ›
994 3140 1088 3193 καὶ
1131 3139 1199 3192 τὰ
1231 3139 1378 3209 ἑξῆς.
1423 3139 1532 3191 Καὶ
1575 3139 1633 3191 ὲν
1695 3139 1894 3211 Ἡσαΐᾳ
1949 3140 2007 3193 δὲ

2109 3153 2163 3197 ct
2188 3141 2436 3196 introibit
2463 3139 2579 3195 Rex
2625 3141 2834 3211 gloriae,
2868 3160 2886 3193 ›
2920 3148 3117 3209 etquae
3148 3149 3473 3208 sequuntur.
3502 3135 3700 3191 Consi-

418 3229 781 3299 παραπλήσια
807 3228 1216 3301 προφητεύεται
1243 3228 1373 3299 περὶ
1396 3229 1494 3299 τῆς
1523 3227 1662 3299 μετά
1680 3228 1779 3299 τὴν
1800 3231 2004 3282 οἰκονο-

2111 3235 2179 3287 mi
2190 3234 2259 3288 lia
2274 3249 2491 3304 quoque
2502 3230 2672 3289 Isaias
2685 3232 2751 3288 de
2769 3231 3098 3299 Servatoris,
3114 3240 3237 3301 post
3257 3230 3692 3285 administratam

422 3294 551 3393 μίαν
582 3294 767 3375 ἀνόδου
789 3294 880 3375 τοῦ
897 3294 1174 3394 Σωτῆρος·
1194 3294 1505 3393 γέγραπται
1524 3294 1655 3391 γάρ·
1689 3339 1706 3370 ι
1733 3294 1829 3384 τίς
1851 3314 2005 3384 οὗτος
2034 3322 2035 3325 “

2109 3325 2446 3396 provinciam
2469 3324 2576 3381 sibi
2596 3324 2936 3394 impositam,
2957 3338 3191 3379 ascensu
3223 3322 3550 3378 vaticinatur
3576 3339 3589 3387 ;
3618 3320 3699 3376 sic

415 3412 445 3469 6
477 3414 922 3486 παραγενόμενος
953 3412 1014 3479 ἐξ
1059 3413 1260 3485 Ἐδὼμ,
1283 3411 1538 3487 ἐρύθημα
1573 3410 1806 3482 ἱματίων
1839 3411 2006 3465 αὑτοῦ

2108 3416 2255 3471 enim
2279 3418 2544 3488 scriptum
2561 3424 2646 3471 est
2661 3416 2756 3471 “:c
2770 3415 2906 3483 Quis
2922 3424 3007 3472 est
3024 3415 3127 3471 iste
3143 3414 3234 3485 qui
3262 3415 3407 3470 venit
3423 3416 3487 3470 de
3505 3413 3697 3478 Edom.

414 3506 480 3560 ὲκ
511 3507 700 3578 Βοσδρ,
735 3499 889 3571 οὗτος
920 3506 1118 3577 ὡραῖος
1147 3507 1204 3558 ὲν
1235 3505 1431 3576 nam;
1469 3525 1487 3556 ι
1533 3502 1614 3557 Τὰ
1647 3504 1704 3557 δὲ
1737 3503 1880 3557 κατά
1912 3503 2005 3556 τὸν

2110 3507 2271 3580 747
2292 3510 2459 3564 rubor
2481 3508 2716 3565 vestium
2738 3509 2807 3563 de
2828 3508 3018 3573 Bosra,
3053 3507 3153 3562 iste
3177 3505 3452 3562 formosus
3480 3507 3534 3560 iu
3560 3507 3696 3561 stola

412 3597 576 3653 τόπον
607 3598 703 3652 ὅλα
744 3599 838 3653 καὶ
879 3598 945 3651 σὺ
973 3598 1178 3671 δυνήσῃ
1215 3595 1616 3667 ἀναλεξάμενος
1644 3595 2001 3665 κατανοῆσαι,

2110 3598 2235 3653 sua?
2274 3616 2293 3649 ι
2328 3597 2504 3669 Hujus
2535 3613 2668 3654 sane
2690 3598 2799 3653 loci
2832 3598 3075 3668 singulas
3100 3604 3284 3667 partes
3319 3597 3484 3653 simul
3530 3598 3697 3653 colle-

411 3690 465 3745 τί
492 3700 555 3745 τε
598 3691 845 3761 λέγουσιν
880 3693 936 3746 αί
968 3689 1310 3761 ξενιζόμεναι
1351 3690 1609 3760 δυνάμεις
1643 3689 1738 3741 ἐπὶ
1779 3687 1880 3757 τῆς
1907 3688 2002 3741 τοῦ

2107 3696 2225 3744 etas
2260 3704 2357 3758 per
2387 3699 2439 3744 te
2480 3697 2636 3759 potes
2665 3689 2998 3760 intelligere,
3038 3704 3250 3745 necnon
3285 3689 3415 3758 quid
3451 3689 3703 3759 corporis

415 3781 685 3853 σωτηρίου
730 3779 983 3850 σὼματος
1011 3778 1219 3842 ἀνόδου,
1247 3778 1342 3831 καὶ
1374 3778 1428 3832 τί
1475 3778 1664 3841 αὐταῖς
1703 3777 2002 3849 ἀποκρίνε-

2112 3777 2420 3835 Servatoris
2445 3793 2737 3835 ascensum
2763 3779 3028 3834 mirantes
3056 3778 3230 3833 turbae
3253 3778 3460 3844 dicant,
3486 3787 3539 3832 et
3565 3779 3696 3848 quid

411 3891 520 3928 ται.
554 3871 739 3925 Ταῦτα
762 3871 826 3942 δή
862 3887 950 3942 μοι
974 3870 1340 3943 παρείληπται
1372 3866 1681 3939 βουλομένῳ
1709 3867 1881 3922 σῶσαι
1901 3869 2000 3941 τὴν

2107 3868 2357 3938 responsi
2385 3866 2581 3923 ferant.
2610 3865 2738 3922 Haec
2766 3866 2986 3937 quidem
3017 3882 3049 3921 a
3084 3882 3171 3922 me
3197 3867 3358 3922 allata
3389 3874 3537 3931 sunt,
3587 3881 3697 3937 quo

412 3964 735 4019 ἀκολουθίαν
764 3964 863 4034 τῆς
904 3962 1046 4017 κατὰ
1078 3960 1178 4033 τὴν
1220 3959 1440 4033 Γραφὴν
1482 3959 1858 4033 τροπολογίας,
1892 3961 1997 4028 ὅτι,

2107 3962 2423 4032 tropologiae
2451 3958 2751 4031 Scriptura:
2785 3959 3172 4016 cohrerentiam
3214 3974 3524 4027 servarem,
3568 3961 3696 4031 quia

417 4070 439 4106 ι
471 4053 800 4118 εἰσελθόντος
844 4052 1010 4107 αὑτοῦ
1061 4053 1142 4116 εἰς
1180 4051 1547 4123 Ἰεροσόλυμα,
1596 4051 1813 4123 ἐσείσθη
1849 4055 1999 4107 πᾶσα

2108 4071 2130 4106 ‹
2158 4069 2282 4108 cum
2301 4053 2558 4109 intrasset
2571 4051 3026 4125 Hierosolymam,
3050 4061 3321 4133 commota
3342 4062 3425 4110 est
3446 4053 3697 4108 universa

411 4146 444 4215 ἡ
491 4142 643 4208 πόλις
671 4144 904 4214 λέγουσα
928 4161 941 4175 ·
980 4144 1078 4207 Τίς
1107 4146 1254 4197 ἐστιν
1296 4137 1480 4208 οῦτοςς
1514 4161 1533 4194 I
1564 4142 1718 4197 Μετά
1751 4143 1809 4196 δὲ
1842 4144 1999 4200 τοῦτο

2105 4144 2321 4210 civitas,
2346 4145 2535 4200 dicens
2565 4163 2578 4199 :
2605 4144 2739 4211 Quis
2767 4153 2852 4200 est
2886 4144 2974 4200 hic
3007 4146 3078 4198 ‘9?
3118 4165 3136 4196 ι
3176 4144 3307 4200 Post
3329 4146 3418 4200 illa
3441 4146 3696 4215 deinceps

411 4233 541 4305 ἑξῆς
576 4234 907 4305 γέγραπται,
953 4234 1036 4288 ὅτι.
1082 4232 1267 4287 πολλοὶ
1304 4231 1521 4301 ελεγον·
1579 4250 1599 4283 ι
1646 4224 1814 4296 Οὗτός
1850 4235 1999 4288 ἐστιν

2106 4235 2369 4306 scriptum
2394 4243 2479 4290 est
2505 4234 2708 4291 dixisse
2738 4234 2942 4291 multos
2973 4234 3020 4267 ⁷ο
3048 4253 3061 4289 :
3093 4253 3112 4287 ι
3156 4234 3254 4290 liie
3285 4244 3368 4290 est
3383 4233 3546 4290 Iesus
3574 4250 3699 4305 pro-

421 4324 628 4395 Ἰησοῦς
653 4327 682 4377 ὁ
715 4328 1000 4398 προφήτης
1025 4328 1054 4379 ὁ
1087 4326 1195 4379 ἀπὸ
1226 4323 1481 4394 Ναζαρὲτ
1506 4323 1605 4395 τῆς
1629 4324 1938 4390 Γαλιλαίας,
1973 4346 1991 4379 ι

2106 4328 2268 4397 pheta
2294 4342 2323 4382 a
2351 4324 2622 4381 Nazareth
2649 4324 2931 4389 Galilmze,»
2958 4341 3083 4381 eum
3109 4326 3451 4393 conﬁtentes,
3484 4327 3550 4381 de
3584 4341 3694 4396 quo

409 4416 797 4486 ὁμολογοῦντες
817 4416 908 4470 τὸν
952 4416 1420 4489 προφητευθέντα,
1457 4416 1539 4469 ὅτι
1570 4433 1591 4466 ι
1633 4415 1997 4488 ὁΝαζωραῖος

2106 4419 2157 4475 id
2185 4419 2390 4474 editum
2432 4417 2608 4475 fuerat
2634 4405 2968 4475 vaticinium
2999 4420 3043 4451 ⁷⁸
3094 4439 3107 4474 :
3147 4439 3165 4472 (
3211 4419 3480 4486 Quoniam
3521 4417 3695 4475 Naza-

410 4505 763 4579 κληθησεται,
788 4527 805 4560 ι
824 4510 851 4562 ὁ
867 4506 1070 4580 κυρίως
1085 4506 1164 4578 τῷ
1183 4506 1301 4579 Θεῷ
1324 4508 1410 4561 ἀεὶ
1425 4505 1803 4579 ἀνακείμενος.
1836 4508 1997 4562 Ἀλλά

2105 4526 2245 4566 rseus
2276 4511 2594 4576 vocabitur,
2647 4531 2668 4563 ι
2715 4511 2998 4581 speciatim
3028 4512 3290 4565 nimirum
3338 4511 3451 4567 Deo
3480 4524 3696 4582 semper

408 4598 552 4651 κατά
593 4598 691 4669 τὴν
734 4599 984 4672 διήγησιν
1024 4598 1228 4670 ταύτην
1277 4598 1702 4672 περιγεγράφθω
1733 4599 1801 4653 τά
1854 4599 1997 4655 κατὰ

2106 4611 2481 4657 consecratus.
2522 4600 2615 4658 νει
2632 4617 2722 4657 um
2747 4602 2851 4658 hac
2877 4602 3218 4673 expositione
3246 4601 3698 4674 circumscriptus

407 4687 499 4740 τὸν
540 4687 726 4751 τόπον,
757 4690 854 4743 καὶ
880 4689 1021 4761 ἀρχή
1049 4705 1134 4753 τις
1175 4687 1315 4740 ἔστω
1355 4688 1549 4760 ἐτέρας
1591 4689 1896 4760 περικοπῆς
1927 4689 1996 4744 τά

2105 4700 2224 4748 esto
2245 4692 2399 4747 locus
2428 4693 2531 4748 iste
2568 4710 2583 4746 :
2619 4708 2743 4763 qua:
2767 4701 2951 4748 autem
2980 4693 3225 4748 subnexa
3261 4702 3427 4758 sunt,
3479 4693 3695 4748 initium

408 4777 804 4850 ἐπιφερόμενα,
854 4779 943 4834 ἵνα
986 4780 1060 4852 μὴ
1104 4778 1483 4863 ἀναγκάζηται
1538 4800 1643 4849 τις,
1703 4784 1994 4839 συνάπτων

2106 4784 2234 4839 dent
2255 4785 2411 4839 alteri
2437 4786 2704 4853 membro,
2730 4801 2798 4841 ne
2820 4798 3013 4840 eorum
3036 4785 3539 4856 interpretationem
3568 4799 3694 4839 cum

373 4870 503 4924 ’καὶ
536 4870 635 4942 τὴν
665 4870 795 4943 περὶ
822 4871 1045 4925 ἐκείνων
1073 4871 1325 4942 διήγησιν
1345 4872 1457 4934 τοῖς
1483 4875 1787 4942 προτέροις,
1812 4873 1986 4945 ζητεῖν

2105 4876 2486 4947 superioribus
2516 4886 2852 4933 eonneetens
2880 4876 3081 4949 aliquis
3109 4877 3418 4947 disquirere
3444 4885 3696 4947 cogatur,

1615 4985 1851 5047 VETUS
1888 4990 2473 5052 lNTERPRETATlO.

408 5104 1033 5189 eaeterique‘ﬁdelesqui
1065 5104 1246 5189 secuti.
1264 5112 1393 5189 sunt
1420 5103 1660 5189 Verbum
1693 5104 1807 5189 Dei.
1833 5105 2039 5163 Tamen
2067 5123 2175 5165 non
2212 5112 2360 5189 aliud
2380 5113 2635 5170 dicebant
2660 5118 2753 5189 qui
2779 5115 3173 5189 Ivirmeerlebant,
3196 5115 3343 5170 aliud
3370 5128 3550 5173 autem
3598 5121 3691 5189 qui

410 5177 810 5257 sequebantur,
848 5177 942 5229 sed
971 5189 1169 5257 omnes
1202 5174 1513 5257 clamabant
1545 5176 1772 5257 insimul
1797 5183 2561 5257 cons_qna;yoce,_ltumatiani
2596 5174 2815 5257 quiduii
2851 5187 3055 5257 Christi
3083 5174 3542 5255 dispensationem
3577 5174 3688 5244 la'u-

406 5243 602 5300 dantes
646 5245 699 5298 i-I
746 5246 985 5323 co_quod
1016 5245 1312 5323 dicebant:
1349 5262 1368 5295 ι
1394 5243 1621 5323 Osanna
1654 5245 1766 5323 tilio
1796 5245 1968 5302 David
2004 5248 2373 5323 :‘Benedictus
2402 5255 2494 5323 qui
2517 5243 2668 5309 venit
2696 5255 2750 5309 in
2779 5256 3003 5311 nomine
3028 5243 3243 5312 Domini
3278 5275 3297 5312 ;
3330 5243 3356 5312 ιθ
3388 5243 3691 5314 restitutio-

409 5331 531 5368 nem
562 5324 743 5368 autem
786 5314 908 5384 ejus
935 5317 986 5369 in
1023 5324 1234 5372 sancta.
1268 5314 1321 5367 in
1354 5329 1421 5368 eo
1444 5317 1588 5382 quod
1614 5316 1866 5384 dicebant
1897 5335 1912 5372 :
1958 5336 1978 5368 ι
2013 5316 2236 5376 Osanna
2273 5324 2329 5377 in
2357 5314 2613 5380 excelsis.
2648 5343 2671 5377 δ

483 5387 581 5464 ιιι..
613 5385 723 5464 ¢-In
754 5382 859 5464 illo
881 5395 1144 5464 tempore,
1173 5398 1297 5464 cum
1327 5385 1585 5464 intrasset
1609 5383 1770 5464 {esus
1790 5382 2262 5464 _f_lierosolymam,
2290 5403 2570 5449 commota
2609 5403 2697 5449 est.
2732 5398 2987 5451 universa
3012 5395 3225 5462 civitas,
3267 5398 3456 5460 dicens
3490 5415 3504 5451 :
3555 5393 3692 5464 Quis

407 5462 501 5534 est
529 5454 810 5537 hic?_rln
846 5455 965 5537 istis
992 5453 1141 5537 nunc
1166 5453 1380 5537 du_obus
1405 5455 1739 5509 clamoribus
1768 5456 2033 5537 dictis,ex
2060 5453 2338 5518 consensu
2365 5464 2788 5537 praecedentium
2827 5475 2882 5520 et
2914 5453 3258 5536 sequentium
3311 5453 3498 5522 Iesum
3526 5508 3541 5533 ,
3564 5453 3693 5537 ipse

408 5523 633 5593 quidem
668 5524 888 5578 intravit
918 5526 970 5578 in
1001 5524 1433 5594 Hierosolymam
1460 5540 1640 5578 veram
1671 5543 1684 5578 :
1715 5525 2054 5583 admirantes
2101 5540 2284 5586 autem
2315 5523 2547 5590 virtutes
2592 5535 2845 5590 caelestes
2873 5576 2889 5601 ,
2923 5523 3045 5606 quin
3083 5537 3424 5607 appellantur
3469 5523 3686 5605 civitas,

407 5642 898 5777 "gaﬁﬁtthﬁxﬂg,
925 5644 979 5699 9.
1027 5646 1078 5675 ⁸⁸
1140 5645 1271 5701 ibid.
1303 5644 1390 5700 10.
1491 5644 1535 5674 ⁵⁷
1575 5641 1719 5699 Psal.
1757 5661 1890 5700 xxnl
1915 5689 1930 5714 ,
1960 5646 2008 5700 7.
2116 5650 2160 5680 ⁸³
2200 5647 2300 5705 lsa.
2337 5667 2491 5719 LXIII,
2531 5653 2578 5706 i.
2698 5652 2743 5685 ”
2783 5651 2974 5708 Matth.
3009 5670 3123 5718 xxI,
3173 5653 3250 5707 10.
3365 5653 3411 5685 "°
3434 5653 3563 5708 ibid.
3598 5654 3687 5711 ii.

480 5825 596 5899 (l0)
616 5829 740 5908 ’1ξαί
777 5829 1152 5908 προάγονςξᾳς
1202 5832 1313 5908 μὲν·
1357 5832 1594 5908 φήσεις,
1647 5804 1752 5890 etc.
1799 5832 2092 5905 llicronym

2067 5849 2186 5901 nus,
2249 5834 2394 5905 Opus
2428 5836 2663 5904 imperﬂ,
2696 5835 2846 5891 hom.
2880 5835 2946 5889 57
2965 5852 2983 5903 ;
3018 5816 3680 5908 pseudothrysostumus

409 5895 586 5955 hom;
610 5899 677 5953 12
708 5902 764 5954 in
798 5895 996 5966 Marti;
1038 5895 1496 5975 Theophylaaus.
1534 5895 1608 5959 Ιύ.
