4086 6416
401 343 530 399 ΙΗΙ

1349 336 1705 393 COMMENT.
1749 337 1812 390 IN
1854 335 2268 391 ΜΛΤἸἸΙᾹΞΙῙΜ
2310 334 2545 393 TOMUS
2584 337 2719 394 XVI.

3521 343 3665 399 ΜΩ.

396 454 494 523 τὴν
535 452 629 506 τοῦ
667 451 839 517 Ἰησοῦ
886 448 1178 523 πρόσταξιν
1218 450 1341 512 τοὺς
1386 449 1494 503 ἀπὸ
1537 451 1835 522 περιτομῆς
1880 449 1975 503 καὶ

2079 448 2299 503 Petrum
2341 461 2394 504 et
2445 450 2670 504 Paulum
2700 493 2713 517 ,
2767 450 2880 505 sive
2931 452 3041 506 duo
3094 451 3383 509 doctorum
3432 470 3655 525 genera.

397 544 525 607 τοὺς
568 543 675 596 ἀπὸ
717 542 1101 614 ἀκροϐυστίας,
1147 540 1458 611 ἐκόσμησαν
1491 541 1708 605 αὐτοὺς,
1751 541 1846 594 καὶ
1880 559 1979 593 πε-

396 636 691 709 ποιήκασιν
725 636 1020 706 εὐπρεπεῖς
1056 634 1189 704 πρὸς
1226 632 1288 684 τὸ
1330 631 1630 703 ὀχήσασθαι
1677 633 1859 695 αὐτοῖς
1886 632 1977 684 τὸν

394 726 568 795 Λόγον
611 724 826 779 ἀνιόντα
872 725 952 787 είς
998 722 1100 789 τὴν
1131 723 1523 794 Ἰερουσαλήμ·
1569 722 1663 775 καὶ
1699 722 1765 775 τὰ
1816 722 1978 775 λοιπά

399 812 539 865 κατὰ
571 811 667 882 μὲν
703 812 830 882 μίαν
874 810 1024 863 ἐσται
1066 810 1351 880 διήγησιν·
1385 810 1529 864 κατὰ
1556 810 1614 863 δὲ
1658 811 1851 881 ἑτέραν
1891 812 1978 863 ἀεὶ

397 900 653 973 ἐνέστηκε
680 902 791 954 τῶν
832 900 1243 971 ἀποδεχομένων
1284 902 1374 954 τὸν
1424 901 1630 973 Ἰησοῦν
1675 900 1979 972 στρωννύν-

401 1009 502 1048 των
544 993 691 1063 αὐτῷ
737 992 825 1045 διά
868 991 977 1045 τῶν
1025 992 1169 1045 ίδίων
1216 993 1529 1064 ἐνδυμάτων
1571 993 1669 1063 τὴν
1713 992 1852 1055 ὁδὸν,
1886 994 1978 1045 καὶ

395 1082 742 1154 κοσμούντων
769 1083 935 1154 αὐτὴν
961 1086 1070 1146 τοῖς
1098 1083 1332 1147 κλάδοις,
1362 1086 1456 1137 καὶ
1484 1084 1854 1156 προαγόντων,
1884 1082 1978 1137 καὶ¹

394 1172 900 1228 ἐπακολουθούντων
923 1188 941 1205 ·
970 1173 1063 1226 καὶ
1086 1172 1262 1236 άλλως
1290 1173 1345 1227 δὲ
1374 1168 1604 1237 ἕκαστος
1624 1172 1711 1227 διὰ
1744 1173 1842 1244 μὲν
1864 1171 1974 1226 τῶν

396 1266 495 1340 ἠδη
529 1265 934 1339 πεπραγμένων
965 1266 1195 1338 προάγει
1224 1265 1315 1319 τὸν
1358 1265 1596 1336 Ἰησοῦν·
1640 1265 1729 1319 διὰ
1772 1266 1828 1318 δέ
1869 1264 1980 1317 τῶν

391 1357 889 1429 προαχθησομένων
938 1357 1295 1411 ἐπακολουθεῖ
1338 1356 1509 1428 αύτῷ,
1557 1358 1650 1411 καὶ
1697 1356 1847 1425 λέγει
1904 1356 1974 1410 τά

392 1450 879 1521 ἀναγεγραμμένα.
909 1450 1019 1502 Καὶ
1040 1449 1123 1512 εἰς
1146 1447 1317 1502 ταῦτα
1342 1448 1398 1501 δὲ
1420 1451 1584 1519 ἡμεῖς
1608 1449 1708 1518 μὲν
1735 1447 1974 1502 τοσαῦτα

391 1540 634 1612 εἴδομεν
669 1544 699 1595 ὁ
727 1542 783 1595 δὲ
820 1540 979 1613 ἡμῶν
1023 1539 1294 1612 διαφέρων
1336 1540 1556 1593 πλείονα
1593 1541 1687 1593 καὶ
1734 1540 1978 1611 βλεπέτω

394 1632 492 1687 καὶ
526 1632 840 1687 διδασκέτω.
881 1631 1025 1703 Πλὴν
1065 1631 1122 1684 ἐν
1165 1648 1272 1684 τινι
1321 1632 1428 1685 τῶν
1466 1634 1547 1696 είς
1588 1632 1651 1685 τὸ
1692 1632 1833 1686 κατὰ
1865 1631 1979 1703 (I5)

402 1725 657 1798 Ἰωάννην
689 1725 1020 1794 Εὐαγγέλιον
1050 1725 1142 1777 ἐιιτ)⁸
1173 1724 1336 1776 ποσὸν
1370 1726 1464 1778 καὶ
1493 1722 1663 1779 ταῦτα
1710 1724 1977 1793 ἐξητάσα-

2078 548 2367 608 postquam
2395 540 2774 607 circnmcisos,
2817 551 2874 596 et
2908 542 3002 613 qui
3041 545 3369 614 praeputium
3413 560 3524 600 non
3558 546 3659 602 de-

2078 638 2395 697 posuerunt,
2434 630 2590 699 juxta
2622 631 2939 687 mandatum
2974 632 3102 689 Jesu
3150 634 3381 690 vinculis
3406 636 3657 692 exsolve-

2079 728 2227 785 runt,
2260 735 2354 775 eos
2376 735 2624 786 ornasse,
2656 732 2710 778 et
2736 723 2803 777 ad
2833 725 3137 779 vehendum
3166 723 3404 781 Verbum
3430 724 3658 782 εἰει-οεο-

2078 809 2277 881 lymam
2310 812 2612 868 ascendens
2639 814 2892 869 decenter
2916 817 3262 884 instruxisse;
3306 827 3360 873 et
3408 820 3658 888 reliquo-

2078 913 2201 951 rum
2234 912 2401 967 porro
2429 915 2537 954 una
2560 900 2858 973 eademque
2883 904 2987 958 erit
3018 907 3344 975 explicatio;
3402 916 3459 962 at
3495 908 3653 978 juxta

2079 989 2305 1045 alteram
2334 992 2861 1062 interpretationem,
2889 1012 2987 1052 eos
3014 997 3156 1052 inter
3186 999 3280 1068 qui
3323 996 3512 1054 Iesum
3562 1014 3658 1054 su-

2080 1084 2339 1152 scipiunt,
2368 1083 2580 1154 ipsique
2606 1084 2747 1139 viam
2781 1085 2900 1141 suis
2926 1088 3169 1142 vestibus
3194 1090 3573 1157 substernunt,
3602 1097 3658 1144 et

2078 1175 2173 1244 qui
2205 1189 2325 1229 eam
2353 1176 2523 1230 ramis
2556 1186 2772 1242 ornant;
2806 1192 3013 1232 necnon
3042 1187 3095 1233 et
3124 1179 3263 1234 inter
3279 1195 3375 1236 eos
3396 1181 3488 1251 qui
3514 1197 3655 1250 pras-

2079 1268 2297 1331 cedunt,
2337 1283 2543 1339 eosque
2574 1269 2668 1339 qui
2693 1279 3022 1339 sequuntur,
3050 1271 3472 1341 disjunctionem
3506 1288 3655 1329 sem-

2079 1374 2176 1427 per
2200 1359 2534 1415 intercedere
2561 1360 2851 1418 dicendum
2883 1373 2966 1418 est
3011 1381 3025 1417 :
3062 1364 3218 1419 aliter
3246 1364 3445 1434 quippe
3487 1380 3659 1422 unus-

2080 1451 2313 1521 quisque
2343 1466 2438 1531 per
2465 1467 2553 1508 res
2576 1468 2606 1507 a
2634 1468 2692 1508 se
2713 1453 2828 1520 jam
2857 1464 3015 1511 antea
3040 1465 3221 1527 gestas
3240 1455 3425 1513 Jesum
3457 1472 3659 1528 prace-

2079 1544 2179 1606 dit,
2208 1558 2304 1613 per
2330 1558 2416 1598 res
2441 1559 2570 1599 vero
2611 1547 2956 1614 postmodum
3006 1564 3036 1602 a
3071 1564 3129 1604 se
3158 1550 3424 1619 gerendas
3477 1550 3656 1619 ipsum

2082 1634 2435 1705 subsequitur
2460 1675 2475 1700 ,
2514 1646 2568 1690 et
2617 1652 2740 1706 qua:
2784 1638 2987 1709 scripta
3034 1648 3164 1694 sunt
3210 1640 3358 1695 dicit.
3392 1642 3569 1711 Atque
3601 1641 3655 1694 in

2083 1725 2228 1779 hunc
2274 1724 2494 1794 quidem
2545 1726 2725 1781 locum
2776 1728 2891 1782 haec
2939 1730 3280 1784 comminisci
3330 1734 3657 1800 potuimus:

393 1834 491 1888 μεν
516 1834 530 1847 ·
562 1820 651 1871 ὅτε
680 1818 966 1890 προέκειτο
991 1816 1350 1888 διηγήσασθαι
1389 1815 1451 1869 τό
1474 1833 1488 1849 ο
1525 1835 1543 1867 ι
1589 1817 1667 1887 Τῇ
1708 1815 1971 1888 ἐπαύριον

2077 1817 2168 1886 qui
2195 1818 2352 1873 nobis
2381 1832 2509 1873 vero
2543 1828 2782 1889 praestat,
2810 1820 2965 1890 plura
2998 1821 3267 1890 excogitet
3306 1830 3362 1877 et
3407 1824 3654 1880 edoceat.

389 1905 483 1964 οὖν
525 1909 680 1980 ὄχλος
714 1910 880 1973 πολὺς
924 1910 954 1961 ὀ
985 1908 1154 1962 ἐλθὼν
1187 1910 1267 1971 εἰς
1305 1907 1403 1979 τὴν
1449 1909 1663 1980 ἑορτὴν,
1699 1927 1719 1960 ι
1766 1907 1860 1961 καὶ
1901 1906 1970 1960 τὰ

389 2000 537 2071 ἑξῆς.

2080 1905 2468 1963 Verumtamen
2499 1909 2555 1963 in
2584 1909 2821 1978 quodam
2851 1925 3018 1981 super
3049 1912 3397 1982 Evangelium
3459 1929 3659 1969 secun-

2078 1998 2209 2052 dum
2242 1997 2507 2053 Joannem
2555 2001 2973 2067 commentario,
3014 2016 3075 2055 ea
3101 2016 3321 2071 quoque
3369 2001 3551 2072 aliqua
3590 2017 3658 2057 ex

388 2104 548 2167 parte
589 2111 618 2150 a
652 2097 809 2151 nobis
838 2112 1072 2168 expensa
1101 2105 1249 2164 sunt;
1285 2096 1504 2164 quando
1553 2095 1801 2150 videlicet
1838 2096 1970 2150 illud
2008 2096 2390 2166 exponendum
2421 2096 2579 2151 nobis
2634 2097 2972 2167 propositum
3025 2107 3143 2153 erat
3165 2098 3257 2154 ’σε
3298 2117 3317 2150 ι
3355 2096 3413 2152 1η
3464 2096 3661 2153 craStio

391 2206 523 2246 num
555 2202 733 2245 autem
765 2192 921 2246 turba
949 2193 1118 2246 multa
1154 2209 1277 2262 qua:
1320 2200 1543 2245 venerat
1583 2192 1650 2245 ad
1678 2192 1819 2246 diem
1862 2193 2079 2259 festum,
2118 2211 2137 2245 ι
2173 2200 2227 2249 et
2254 2193 2483 2264 reliqua.

565 2286 700 2354 Περὶ
734 2285 854 2339 τῶν
877 2286 1291 2354 ἐκϐληθέντων
1323 2284 1439 2341 ἀπὸ
1473 2285 1579 2339 τοῦ
1610 2286 1787 2354 ἱεροῦ.

467 2396 486 2429 ι
518 2378 628 2432 Καὶ
650 2376 898 2449 εἰσῆλθεν
925 2380 954 2431 ὁ
987 2378 1190 2449 Ἰησοῦς
1218 2381 1294 2443 εἰς
1325 2379 1384 2432 τὸ
1410 2380 1553 2450 ἱερὸν
1577 2379 1669 2433 τοῦ
1691 2380 1846 2445 Θεοῦ,
1878 2381 1972 2433 καὶ

390 2466 610 2532 ἐξέϐαλε
645 2468 851 2531 πάντας
880 2468 1006 2531 τοὺς
1040 2468 1354 2534 πωλοῦντας
1378 2470 1472 2524 καὶ
1508 2468 1875 2541 ἀγοράζοντας
1915 2470 1972 2522 ἐν

389 2555 469 2629 τῷ
496 2556 647 2629 ἱερῷ,
680 2576 699 2609 ι
733 2559 917 2615 καὶτὰ
950 2558 1095 2630 ἑξῆς.
1130 2558 1212 2612 Τὰ
1248 2559 1305 2611 δέ
1340 2558 1477 2613 κατὰ
1508 2559 1600 2612 τὸν
1625 2558 1788 2611 τόπον
1810 2558 1970 2612 καὶοί

387 2646 563 2703 λοιποὶ
591 2653 741 2721 τρεῖς
771 2651 1153 2719 εὐαγγελισταὶ
1183 2649 1448 2714 ἐξέθεντο,
1476 2643 1549 2704 ὧν
1580 2650 1678 2720 τὴν
1714 2650 1850 2720 πρὸς
1879 2649 1973 2703 ἀλ-

389 2742 584 2817 λήλους
608 2745 869 2817 διαφοράν
899 2745 960 2799 οὐ
989 2743 1083 2797 τοῦ
1103 2741 1464 2815 προκειμένου
1496 2741 1691 2813 καιροῦ
1717 2744 1834 2795 ἐστι
1858 2741 1977 2813 διη-

389 2836 660 2908 γήσασθαι
685 2854 698 2868 ο
747 2836 970 2909 ἀρκέσει
1017 2836 1127 2907 γὰρ
1160 2835 1220 2889 τὺ
1267 2835 1326 2887 ἐν
1359 2834 1437 2905 τῷ
1465 2833 1834 2905 ἐξεταζομένῳ
1873 2833 1977 2885 Eti-

389 2928 633 3000 αγγελίῳ
666 2928 804 2982 κατὰ
832 2927 893 2980 τὸ
930 2926 1154 2981 δυνατὸν
1191 2927 1322 2997 ἡμῖν
1362 2925 1687 2998 σαφηνίσαι·
1713 2924 1824 2978 τῶν
1848 2942 1974 2977 τεσ-

390 3021 570 3095 σάρων
608 3018 1004 3092 εύαγγελιστῶν
1032 3018 1461 3091 ἀναγραψάντων
1492 3018 1561 3071 τὰ
1592 3018 1732 3072 κατὰ
1760 3019 1851 3071 τὸν
1886 3016 1974 3072 τό·

386 3128 509 3178 των,
536 3111 755 3165 πλείονα
783 3111 852 3165 τὰ
878 3108 1021 3165 κατὰ
1049 3108 1112 3163 τὸ
1142 3109 1363 3163 δυνατὸν
1396 3112 1529 3181 ἡμῖν
1553 3110 1844 3182 ἐξήτασται
1870 3111 1973 3163 ὑπ-

2448 2287 2523 2341 De
2555 2287 2622 2340 iis
2645 2289 2736 2357 qui
2761 2288 2950 2358 templo
2981 2288 3132 2357 ejecti
3151 2298 3295 2342 sunt.

2146 2378 2237 2433 20.
2270 2396 2289 2429 ι
2322 2376 2388 2432 Ει
2411 2378 2633 2433 intravit
2664 2376 2830 2434 Iesus
2858 2380 2909 2431 in
2939 2379 3197 2448 templum
3236 2377 3353 2441 Dei,
3389 2386 3444 2433 et
3474 2378 3660 2448 ejicie-

2076 2470 2171 2524 bat
2198 2484 2390 2525 omnes
2417 2470 2715 2525 vendentes
2742 2478 2795 2525 et
2824 2479 3064 2525 ementes
3098 2471 3153 2524 in
3195 2471 3395 2540 templo
3422 2470 3490 2536 ",
3548 2489 3568 2522 ι
3604 2480 3668 2529 ει

2078 2562 2307 2631 reliqua.
2336 2560 2567 2616 Exstant
2600 2561 2727 2616 item
2760 2562 2902 2631 apud
2933 2562 3173 2630 reliquos
3204 2569 3314 2615 tres
3381 2559 3659 2632 evangeli-

2069 2659 2558 2723 stas,qu:ecunque
2573 2653 2840 2708 habentur
2870 2655 2973 2708 hoc
3005 2653 3149 2719 loco;
3177 2667 3408 2723 quorum
3436 2652 3578 2707 inter
3598 2666 3658 2707 se

2074 2740 2435 2796 dill‘erentiam
2483 2757 2757 2812 exponere
2811 2758 2919 2797 non
2972 2752 3057 2797 est
3105 2742 3270 2812 hujus
3318 2742 3420 2797 loci
3474 2760 3490 2798 :
3533 2757 3658 2813 quae

2074 2833 2222 2886 enim
2255 2833 2308 2886 in
2333 2847 2400 2888 eo
2422 2834 2568 2903 quod
2599 2834 2938 2904 esplicamus
2973 2832 3265 2905 Evangelio
3280 2834 3653 2900 continentur,

2079 2938 2179 2994 pro
2207 2925 2350 2978 virili
2383 2924 2706 2994 explanassc
2732 2926 2867 2982 satis
2889 2928 3014 2993 erit;
3046 2942 3169 2981 eum
3217 2935 3454 2997 quatuor
3485 2941 3657 2980 evan-

2081 3014 2288 3084 gelista:
2324 3015 2513 3068 eadem
2545 3014 2866 3084 scripserint
2901 3029 3026 3084 quae
3068 3014 3156 3068 hic
3188 3013 3468 3083 proposita
3506 3020 3655 3079 sunt,

2078 3104 2329 3174 pluribus
2352 3118 2416 3158 ea
2442 3120 2542 3174 pro
2571 3106 2778 3160 viribus
2835 3106 3039 3160 nostris
3079 3104 3403 3175 perscrutati
3441 3119 3655 3172 sumus,

388 3203 743 3275 αγορεύουσιν
776 3204 854 3264 εἰς
873 3202 931 3255 τὸ
961 3199 1102 3257 κατὰ
1149 3201 1426 3271 Ἰωάννην,
1460 3200 1556 3254 καὶ
1585 3201 1660 3264 ὡς
1689 3197 1799 3255 οἷόν
1820 3218 1880 3254 τε
1901 3196 1968 3272 ἦν

2077 3211 2201 3252 cum
2225 3196 2574 3269 Evangelium
2588 3198 2887 3253 secundum
2900 3195 3163 3254 Joannem
3177 3200 3660 3270 interpretaremur

389 3289 746 3363 σαφηνίζουσι
773 3291 834 3345 τό
851 3308 865 3322 ο
897 3310 914 3341 ι
938 3292 1050 3345 Καὶ
1076 3286 1234 3364 εῦρεν
1256 3291 1315 3344 ἐν
1334 3291 1413 3362 τῷ
1441 3291 1568 3363 ἱερῷ
1590 3292 1716 3356 τοὺς
1738 3291 1974 3346 πωλοῦν-

388 3400 488 3446 τας
535 3382 663 3454 βόας
708 3384 800 3437 καὶ
848 3383 1096 3456 πρόὸατα
1140 3384 1234 3437 καὶ
1291 3382 1642 3457 περιστερὰς,
1679 3403 1698 3435 ι
1758 3384 1855 3438 καὶ
1903 3382 1974 3437 τὰ

388 3473 518 3545 ἑξῆς
541 3490 555 3505 ο
603 3473 731 3528 ἔνθα
762 3472 1240 3544 κατασκευάζομεν
1274 3472 1387 3544 (16)
1433 3474 1535 3528 οὐκ
1561 3474 1820 3529 ἐλάττονα
1863 3474 1972 3529 τῶν

388 3565 704 3638 παραδόξων
743 3565 1024 3637 δυνάμεων
1065 3560 1203 3618 εἶναι
1229 3564 1322 3618 τοῦ
1364 3565 1538 3636 Ἰησοῦ
1573 3568 1667 3620 καὶ
1704 3566 1801 3639 τὴν
1838 3583 1971 3638 προ-

388 3658 666 3729 κειμένην,
696 3658 799 3721 ὃτι,
837 3658 1087 3719 τέκτονος
1134 3656 1233 3725 μὲν
1275 3656 1632 3728 νομιζόμενος
1658 3653 1800 3711 εἶναι
1829 3657 1968 3722 υἱὸς,

385 3749 624 3823 τοσαύτῃ
654 3748 938 3821 παρρησίᾳ
966 3746 1061 3800 καὶ
1105 3745 1324 3816 ἐξουσίᾳ
1369 3748 1664 3818 ἐχρήσατο,
1695 3746 1973 3800 ἐκϐάλλων

386 3840 449 3895 ἐν
486 3838 793 3910 πανηγύρει
824 3839 931 3892 ἀπὸ
953 3835 1048 3890 τοῦ
1077 3834 1224 3906 ἱεροῦ
1252 3836 1383 3900 τοὺς
1422 3837 1972 3908 ἀναγεγραμμένους,

388 3931 550 4003 ὁποίᾳ
576 3931 684 3984 οὐδ’
713 3933 742 3984 ὁ
773 3931 865 3984 τοῦ
898 3930 1085 3996 ἔθνους
1114 3930 1414 4003 ἡγούμενος
1446 3929 1688 4003 εὐχερῶς
1716 3929 1782 3983 ἂν
1814 3929 1974 3999 ἤνυσε

390 4022 536 4076 τοῦθ’
578 4022 717 4095 ὅπερ
750 4021 955 4094 Ἰησοῦς
988 4023 1276 4093 πεποίηκε.
1323 4020 1436 4075 Καὶ
1463 4019 1974 4093 ἐτροπολογήσαμεν

2076 3301 2150 3356 et,
2176 3289 2358 3360 quoad
2383 3291 2503 3361 ejus
2520 3291 2635 3346 fieri
2657 3299 2889 3362 poterat,
2912 3293 3028 3347 haec
3046 3300 3424 3346 excuteremus
3445 3290 3492 3322 ⁷³
3511 3307 3527 3346 :
3549 3308 3569 3342 ι
3594 3291 3660 3345 Et

2078 3383 2286 3438 invenit
2303 3388 2358 3437 in
2379 3384 2579 3454 templo
2594 3385 2891 3440 vendentes
2904 3385 3093 3452 boves,
3114 3393 3170 3439 et
3191 3397 3342 3449 oves,
3369 3391 3425 3439 et
3442 3382 3658 3438 colum-

2080 3475 2197 3543 bas,
2212 3498 2229 3530 ι
2250 3485 2304 3530 et
2328 3476 2538 3546 reliqua
2565 3493 2578 3528 :
2608 3476 2679 3530 ibi
2705 3491 2812 3530 non
2835 3476 3118 3530 minimam
3136 3476 3429 3530 hancinter
3444 3483 3661 3545 porten-

2082 3577 2226 3623 tosas
2258 3566 2421 3639 749
2444 3566 2571 3623 Jesu
2613 3569 2844 3623 virtutes
2881 3566 3050 3623 fuisse
3082 3567 3422 3637 argumentis
3452 3567 3657 3635 proba-

2080 3674 2234 3724 mus;
2266 3658 2418 3726 quia,
2445 3672 2569 3712 cum
2605 3672 2707 3727 pro
2732 3657 2872 3712 fabri
2907 3658 3017 3714 lilio
3042 3658 3352 3724 haberetur,
3376 3673 3438 3713 ea
3471 3666 3655 3713 tamen

2075 3765 2210 3805 usus
2234 3757 2319 3804 est
2350 3749 2700 3813 conﬁdentia,
2731 3758 2785 3802 et
2812 3751 3157 3816 auctoritate,
3195 3750 3249 3804 in
3271 3749 3486 3821 publico
3509 3758 3655 3806 coetu

2075 3855 2107 3894 e
2145 3838 2346 3909 templo
2389 3853 2484 3893 eos
2531 3837 2833 3894 deturbans
2870 3839 2938 3896 de
2978 3840 3179 3909 quibus
3215 3841 3477 3911 scriptum
3519 3851 3604 3897 est
3638 3861 3652 3898 :

2076 3943 2186 3998 qua
2225 3934 2499 3997 potestate
2539 3936 2700 3982 utens
2741 3927 2856 3997 ipse
2888 3927 3125 3983 nationis
3160 3930 3413 4000 princeps
3456 3931 3507 3985 id
3544 3947 3655 3988 non

2078 4015 2237 4072 facile
2264 4014 2601 4087 perfecisset,
2632 4017 2777 4086 quod
2808 4032 2839 4072 a
2871 4015 3000 4074 Iesu
3031 4028 3215 4075 actum
3245 4028 3346 4077 est.
3392 4020 3456 4076 Et
3484 4019 3654 4079 Joan-

1593 4160 1830 4219 VETUS
1866 4156 2452 4214 INTERPRETATIO.

389 4306 510 4375 ejus
542 4305 597 4361 in
627 4305 825 4361 coelum
853 4313 975 4375 post
1012 4304 1481 4375 dispensationem
1502 4300 1782 4375 Passionis
1815 4300 1988 4375 ipsius
2012 4298 2117 4375 hoc
2136 4298 2309 4375 gnodo
2339 4315 2352 4351 :
2398 4316 2417 4349 ι
2453 4297 2589 4375 Quis
2606 4307 2704 4375 _est
2737 4299 2837 4354 iste
2868 4298 2961 4369 qui
2990 4299 3139 4375 venit
3167 4315 3234 4356 ex
3261 4298 3454 4368 Edom,
3484 4300 3650 4375 rubra

388 4367 714 4433 vcstimeuta
747 4367 954 4430 habens
987 4389 1055 4430 ex
1088 4367 1285 4441 Bosor,
1318 4375 1421 4428 iste
1460 4372 1735 4428 formosus
1767 4371 1828 4442 in
1836 4367 2059 4442 :slola?_
2085 4387 2105 4420 ›
2136 4367 2252 4422 Hoc
2281 4378 2463 4423 autem
2508 4370 2749 4442 diximus
2772 4408 2790 4434 ,
2823 4367 2900 4424 ut'
2930 4372 3286 4442 ostendamus
3331 4367 3650 4442 mysterium

388 4448 510 4518 ejus
537 4448 681 4518 quod
709 4446 933 4512 dicitur,
975 4446 1234 4517 quoniam
1270 4438 1607 4500 ascendente
1636 4457 1702 4498 eo
1731 4442 1788 4497 in
1812 4438 2174 4508 Hierusalem,
2215 4449 2492 4494 commota
2521 4450 2606 4495 est
2638 4441 2893 4495 universa
2936 4440 3130 4496 civitas
3156 4441 3347 4497 dicens
3375 4438 3404 4498 ε’
3441 4461 3460 4495 ι
3514 4443 3653 4510 Quis

388 4515 472 4573 est
500 4515 630 4572 hic?
670 4535 687 4568 ι

459 4586 551 4643 20.
590 4605 609 4637 ι
640 4585 708 4641 Et
741 4586 965 4641 intravit
990 4583 1149 4640 Iesus
1174 4584 1228 4639 in
1265 4583 1527 4655 templum
1561 4580 1764 4655 Dei,_et
1786 4580 2036 4655 ejiciebat
2062 4595 2254 4655 omnes
2278 4578 2597 4655 vendentes
2627 4587 2682 4635 et
2711 4590 2953 4655 ementes
2988 4580 3040 4634 in
3067 4583 3307 4655 templo,
3338 4592 3392 4637 ct
3432 4598 3654 4641 mensas

389 4657 889 4721 nummulariorum
920 4658 1135 4716 evertit,
1166 4664 1222 4709 et
1251 4648 1540 4710 cathedras
1570 4648 1920 4707 vendentium
1954 4650 2258 4705 columbas.
2289 4648 2354 4703 Et
2380 4649 2518 4721 dixit
2548 4650 2632 4705 eis
2680 4669 2694 4705 :
2747 4648 3023 4721 scriptum
3054 4662 3136 4707 est
3181 4648 3204 4707 ἰ
3253 4648 3461 4708 Donatus
3506 4670 3650 4720 mea,

389 4716 588 4782 domu's
613 4726 878 4781 orationis
902 4726 1228 4781 vocabitur:
1258 4740 1357 4779 vos
1387 4733 1567 4778 autem
1609 4722 1815 4776 fecistis
1857 4736 1979 4776 eam
2014 4722 2349 4791 speluncam
2385 4719 2679 4774 latronum.
2735 4739 2756 4772 ι
2793 4716 2969 4790 Supra
3016 4738 3329 4778 mensuram
3371 4716 3653 4791 dignitatis

389 4797 595 4852 Christi
621 4796 818 4861 fuerat,
845 4798 1143 4850 secundum
1175 4796 1321 4864 quod
1356 4792 1823 4864 videbaturﬁhus
1851 4806 1974 4846 esse
2001 4790 2166 4864 fabri,
2205 4800 2264 4844 ut
2295 4798 2451 4864 tanta
2482 4791 2679 4845 ﬁducia
2711 4803 2959 4864 uteretur
2984 4801 3039 4846 et
3084 4801 3349 4864 potestate
3370 4828 3391 4864 ε
3427 4790 3651 4864 ἑῙῙοίθρε

391 4869 697 4922 nundinam
728 4858 1044 4937 de’templo,
1074 4858 1308 4934 qua'nec
1335 4864 1587 4944 princeps
1618 4862 1848 4931 alicujus
1862 4863 2055 4985 gentis
2081 4870 2260 4928 utens,
2289 4858 2447 4914 facile
2476 4869 2689 4930 poterat
2720 4862 2995 4943 explicare
3021 4858 3166 4932 quod
3204 4861 3334 4917 fecit
3362 4858 3550 4918 Jes'us.

396 4938 511 4985 hmc
539 4937 781 4985 diximus
811 4935 1110 4985 secundum
1136 4934 1438 4985 simplicem
1470 4932 1826 4985 intellectum.
1904 4933 2175 4985 ecundum
2204 4932 2461 4984 moralem
2500 4940 2680 4984 autem
2709 4933 2841 4985 talia
2869 4932 3133 4985 dicemus.
3166 4930 3231 4984 Et
3255 4934 3491 4985 nrimum
3527 4945 3652 4985 aut-

395 4938 511 4992 haec
539 4937 781 4991 diximus
811 4932 1110 4991 secundum
1136 4932 1438 4992 simplicem
1470 4932 1826 4987 intellectum.

1904 4933 2175 5002 ecundum
2204 4932 2680 5002 moralemrautem
2709 4930 2841 4986 talia
2869 4930 3133 4986 dicemus.
3166 4930 3231 4984 Et
3253 4934 3491 5002 primum
3527 4931 3652 5001 qui-

392 5009 513 5061 dem
546 5008 613 5062 de
642 5005 864 5076 templo,
890 5007 959 5061 de
987 5019 1096 5077 quo
1117 5020 1211 5075 per
1239 5000 1563 5077 Prophetam
1593 5003 1732 5077 dixit
1759 5001 1901 5058 Deus
1933 5019 1947 5055 :
1988 5019 2007 5052 ι
2051 5000 2264 5077 Domus
2286 5001 2654 5077 mea,_domus
2682 5002 2948 5077 orationis
2972 5000 3275 5056 vocabitur.
3315 5020 3365 5077 ιη
3383 5002 3526 5077 Ergo
3550 5000 3651 5059 ise-

380 5073 632 5131 cundum
670 5071 1020 5146 corporalem
1038 5071 1514 5146 circumcisionern
1543 5074 1748 5136 carnis,
1773 5081 1829 5146 et
1860 5072 2163 5146 secundum
2197 5072 2524 5146 corporales
2547 5072 2682 5142 legis
2713 5071 3055 5136 festivitates,
3101 5081 3155 5126 et
3188 5071 3480 5146 sacriﬁcia,
3518 5086 3654 5146 eon-

391 5157 683 5218 sequenter
714 5142 783 5202 et'
797 5147 1057 5216 templum
1090 5144 1183 5200 Dei
1214 5144 1651 5209 existimabatur,
1688 5143 1831 5213 quod
1866 5157 1934 5196 ex
1964 5142 2236 5213 lapidibus
2264 5142 2559 5197 insensatis
2586 5150 2704 5197 erat
2726 5150 3127 5208 constructum,
3165 5143 3401 5213 primum
3426 5143 3646 5214 quidem

461 5262 511 5294 "
532 5259 694 5321 Joan.
722 5277 820 5330 xu,
858 5262 946 5317 12.
1022 5262 1066 5294 ⁷⁷
1099 5259 1289 5316 Matth.
1312 5276 1431 5325 ιιι,
1461 5259 1549 5315 12.
1625 5259 1672 5291 ’⁸
1700 5257 1859 5315 Joan.
1893 5274 1956 5324 ιι,
1996 5257 2084 5312 14.

464 5381 578 5453 (15)
618 5383 793 5451 Πλὴν
823 5382 894 5436 ἐν
925 5398 1040 5437 τινι
1087 5382 1206 5453 τῶν
1234 5384 1323 5448 εις
1358 5381 1425 5435 τὸ
1478 5382 1664 5449 κατά,
1704 5392 1831 5453 etc._
1860 5381 1967 5448 Qui

364 5451 546 5510 locus
582 5452 637 5509 in
664 5454 832 5523 Regio
860 5453 1112 5523 Origenis
1137 5452 1652 5510 Commentariorum
1702 5454 1759 5506 in
1798 5451 1960 5509 Joan.

392 5523 534 5579 libro
556 5538 667 5579 non
705 5522 1000 5591 eoinparet.
1036 5522 1304 5580 Hunnus.

461 5591 577 5663 (l6)
613 5594 792 5663 Ἔνθα
821 5590 1355 5663 καταρνιευὰζομιινΔ
1381 5594 1492 5651 οὐκ
1522 5590 1815 5663 ἐλάττονα
1846 5593 1966 5648 τῶν

589 5661 778 5727 όξων,
829 5672 933 5717 etc.
981 5661 1038 5715 In
1070 5656 1279 5717 Catena
1325 5656 1655 5719 Corderiana
1687 5664 1737 5715 in
1778 5662 1962 5729 10am,

391 5730 640 5788 ad'Joan.
668 5746 731 5801 ιι,
765 5732 866 5787 i5:
892 5732 1096 5805 Μηδεὶς
1124 5732 1394 5803 νομιζέτω
1431 5732 1492 5786 τὸ
1532 5732 1774 5804 πραχθὲν
1803 5732 1963 5786 τοῦτο

2074 5381 2193 5453 inab
2208 5379 2302 5434 τοῦ
2338 5378 2510 5453 Ἰησοῦ
2546 5378 2766 5432 ἔλαττον
2796 5374 2934 5453 εἶναι
2963 5378 3056 5453 τοῦ
3095 5378 3321 5453 νεκροὺς
3345 5376 3582 5453 ἐγεῖραι,
3612 5378 3647 5451 ἢ

2071 5451 2309 5522 τυφλοῖς
2329 5447 2451 5522 ὃψὶν
2481 5453 2814 5522 παρασχεῖν)
2851 5450 2949 5503 οὐκ
2985 5448 3114 5503 ἄνευ
3143 5447 3252 5522 γὰρ
3283 5447 3654 5522 θεζιεῆςένερζ

2072 5517 2227 5593 γείας
2252 5517 2455 5593 οἷόντε
2490 5517 2996 5593 ἦν’ἐναάνθρωπον
3028 5517 3280 5593 τοσοῦτον
3311 5517 3515 5593 πλῆθος
3554 5519 3651 5572 ἐκ-

2072 5588 2310 5662 ϐάλλειν,
2344 5590 2457 5662 καὶ-
2476 5588 2712 5662 μάλιστα
2744 5588 3163 5662 ἐξηγριωμένων
3197 5588 3653 5662 καλ-φωνούντων

2073 5663 2194 5715 κατ’
2211 5661 2398 5715 αὐτοῦ.
2425 5656 2707 5730 origencs,
2730 5656 2865 5715 toni.
2885 5656 2936 5713 in
2960 5656 3011 5712 in
3024 5657 3248 5730 Joamy:
3266 5656 3652 5730 Hieronymus,

2073 5729 2760 5803 pseudo-Chrysogonus,
2788 5729 2980 5786 homil.
3005 5731 3071 5784 15
3093 5731 3150 5783 in
3182 5729 3350 5784 Marc.
3382 5729 3646 5784 llusrtcs.
