4086 6430
463 318 599 385 ulli

1918 315 2237 373 OllIGENlS

3591 326 3731 384 HM

462 436 551 492 nis
580 434 800 504 quidem
851 442 1110 498 mentem,
1157 432 1348 487 litterae
1387 433 1663 488 contextui
1712 432 2034 497 servientes,

2151 433 2195 486 se
2228 432 2609 495 δουλεύσαντες
2634 436 2697 503 τῇ
2733 432 2896 498 λέξει,
2924 433 2998 497 ὡς
3029 431 3365 505 ἐχωροῦμεν,
3394 433 3455 486 τὸ
3485 434 3732 491 Ἰωάννου

464 528 795 599 tropologice
857 526 1270 597 explicavimus,
1327 535 1598 594 quatenus
1665 539 1783 579 eam
1841 523 2046 577 fuimus

462 620 699 675 assecuti
731 637 743 673 :
781 618 875 673 sed
912 617 1170 688 quoniam
1205 617 1375 671 series
1402 616 1643 686 postulat
1674 622 1732 668 ut
1772 614 1840 671 de
1887 615 2046 669 rebus

465 712 758 781 propositis
785 710 1085 767 secundum
1118 708 1353 764 Matthmi
1387 709 1762 763 narrationem
1801 708 2044 764 dissera-

467 820 609 867 mus,
646 805 892 857 invocato
931 803 1208 873 sapientia:
1236 800 1417 867 Patre,
1458 801 1687 871 agedum
1730 816 1799 856 an
1840 800 2046 870 aliquid

467 897 658 952 audaci
694 895 819 953 Jesu
865 894 1109 950 facinore
1140 894 1366 965 dignum
1410 893 1500 948 hic
1532 892 1808 964 possimus
1843 893 2043 962 depro-

464 1005 633 1053 mere,
665 990 968 1044 videamus.
1010 988 1089 1042 Ac
1122 988 1360 1057 primum
1391 985 1653 1056 quidnam
1690 986 1762 1042 sit
1791 985 1922 1041 illud
1950 985 2043 1039 Dei

465 1083 723 1152 templum
769 1081 1062 1136 dicendum
1112 1088 1217 1143 est,
1265 1078 1411 1146 quod
1451 1092 1759 1148 agnoscens
1802 1076 1944 1131 Deus
1989 1077 2043 1130 in

462 1169 730 1239 Propheta
763 1169 901 1224 dixit
925 1170 1014 1222 7’:
1053 1188 1071 1220 ι
1114 1167 1320 1223 Domus
1368 1181 1509 1233 mea,
1551 1168 1749 1222 domus
1778 1166 2045 1221 orationis

464 1259 766 1314 vocabitur.
812 1277 831 1310 ι
867 1257 1029 1312 Juxta
1063 1256 1539 1313 circumeisionem
1569 1271 1698 1326 ergo
1743 1256 2043 1310 secundum

434 1365 705 1415 .carnem,
762 1358 816 1405 et.
879 1350 1183 1419 corporalia
1254 1349 1387 1419 legis
1437 1348 1573 1403 festa
1637 1363 1699 1401 ac
1751 1346 2040 1412 sacrificia,

462 1442 725 1510 templum
773 1440 865 1497 Dei
911 1441 1326 1495 existimabatur
1358 1454 1481 1494 csse
1524 1437 1801 1507 opificium
1836 1437 1966 1491 illud
2014 1452 2044 1491 c

463 1528 738 1599 lapidibus
787 1544 983 1584 sensus
1031 1528 1345 1598 expertibus
1381 1543 1410 1581 a
1463 1525 1758 1580 Salomone
1803 1525 2039 1593 primum

464 1630 863 1687 constructum,
896 1622 963 1675 al)
990 1620 1161 1675 Esdra
1190 1618 1387 1674 deinde
1415 1626 1807 1681 restauratum,
1836 1626 1891 1671 at
1916 1625 2041 1685 post

468 1713 891 1768 incarnationem
919 1711 1069 1776 Jesu,
1102 1728 1130 1765 a
1162 1711 1424 1766 Romanis
1448 1710 1667 1764 demum
1689 1712 1962 1776 dirutum;
1989 1721 2039 1763 et

2150 525 2427 595 βούλημα·
2464 524 2577 577 ἀλλ’
2607 526 2728 578 ἐπεὶ
2758 527 2849 578 καὶ
2876 525 2969 579 νῦν
3011 528 3040 579 ὁ
3084 527 3275 599 είρμος
3322 528 3471 597 ἡμᾶς
3507 527 3734 582 ἀπαιτεῖ

2147 618 2320 670 εἰπεῖν
2362 616 2501 670 κατὰ
2534 617 2631 688 τὴν
2667 616 2941 670 Ματθαίου
2979 617 3125 683 λέξιν
3166 618 3298 690 περὶ
3327 618 3436 672 τῶν
3475 622 3733 691 ἐκκειμέ-

2148 726 2273 769 νων,
2308 705 2400 759 τὸν
2446 707 2666 777 Πατέρα
2708 707 2808 776 τῆς
2851 707 3040 776 σοφίας
3086 707 3565 779 ἐπικαλεσάμενοι,
3608 696 3732 783 φέρ’

2148 797 2345 867 ἴδωμεν
2374 800 2422 852 εί
2446 796 2593 863 ἄξιόν
2619 816 2672 852 τι
2694 798 2969 868 δυνάμεθα
2992 800 3092 870 τῆς
3120 798 3298 871 Ἰησοῦ
3329 800 3466 871 μετὰ
3497 800 3735 873 θάρσους

2148 886 2398 957 πράξεως
2429 891 2602 943 εἰπεῖν
2643 892 2722 951 εἰς
2763 889 2854 942 τὸν
2899 890 3081 943 τόπον.
3114 891 3227 943 Καὶ
3268 890 3484 961 πρῶτον
3515 892 3735 948 λεκτέον

2144 979 2197 1031 τί
2224 979 2286 1032 τὸ
2317 979 2463 1051 ἱερὸν
2492 979 2587 1033 τοῦ
2611 980 2768 1044 Θεοῦ,
2795 982 2935 1051 ὅπερ
2963 982 3240 1052 ὁμολογῶν
3267 985 3296 1036 6
3327 983 3462 1048 Θεὸς
3493 980 3647 1038 εἶπεν
3673 985 3734 1039 ὲν

2146 1068 2223 1139 τῷ
2266 1070 2528 1141 Προῳήτῃ
2549 1086 2560 1100 ’
2600 1090 2616 1122 ι
2664 1072 2724 1124 '0
2753 1067 2900 1133 οἶκός
2926 1088 3026 1141 μου
3068 1066 3218 1136 οἶκος
3264 1075 3579 1145 προσευχῆς
3603 1075 3737 1146 κλη-

2147 1158 2391 1231 θήσεται.
2432 1179 2450 1212 ι
2495 1162 2781 1230 Ἀνάλογον
2813 1163 2911 1232 μὲν
2964 1159 3057 1216 οὖν
3099 1166 3165 1234 τῇ
3196 1164 3340 1218 κατὰ
3370 1167 3551 1236 σάρκα
3585 1184 3739 1239 περι-

2144 1255 2282 1322 τομῇ
2318 1252 2412 1305 καὶ
2438 1256 2558 1316 ταῖς
2593 1256 2933 1323 σωματικαῖς
2956 1252 3050 1306 τοῦ
3072 1254 3237 1325 νόμου
3264 1257 3479 1326 ἑορταῖς
3512 1259 3608 1312 καὶ
3635 1258 3735 1311 θυ-

2148 1344 2310 1407 σίαις,
2334 1344 2475 1414 ἱερὸν
2502 1345 2780 1414 ἐνομίζετο
2805 1343 2897 1398 τοῦ
2914 1343 3049 1398 Θεοῦ
3078 1343 3217 1399 εἶναι
3244 1348 3302 1401 τὸ
3320 1351 3384 1401 ὲκ
3398 1348 3562 1401 λίθων
3582 1352 3737 1403 ἀναι-

2148 1430 2356 1502 σθήτων
2391 1432 2822 1503 κατασκεύασμα
2853 1434 3203 1505 οἰκοδομηθὲν
3241 1438 3345 1489 ὑπὸ
3388 1438 3735 1508 Σολομῶντος

2147 1524 2381 1595 πρῶτον,
2443 1525 2538 1576 καὶ
2581 1524 3120 1600 ἀνοικοδομηθὲνξτι
3162 1528 3266 1580 ὑπὸ
3312 1528 3539 1599 Ἔσδρα,
3593 1519 3735 1600 πλὴν

2148 1613 2287 1683 μετὰ
2318 1614 2413 1684 τὴν
2443 1613 2533 1666 τοῦ
2561 1613 2811 1685 Σωτῆρος
2842 1616 3147 1686 οἰκονομίαν
3170 1617 3274 1669 ὑπὸ
3298 1618 3581 1688 Ῥωμαίων
3603 1618 3736 1673 καθ-

2145 1705 2360 1775 αιρεθέν
2386 1721 2399 1734 ’
2448 1706 2541 1757 καὶ
2571 1701 2716 1768 οἶκος
2761 1708 2967 1770 ἐκεῖνος
3014 1706 3427 1778 ὑπελαμϐάνετο
3465 1704 3604 1763 εἶναι
3643 1709 3737 1761 εῦ-

466 1805 581 1860 Ιιωο
621 1805 816 1859 domus
851 1802 1116 1858 orationis
1157 1818 1280 1857 esse
1312 1802 1666 1867 credebatur;
1704 1816 1815 1869 quo
1849 1814 2043 1854 everso

2151 1798 2247 1866 χῆς
2270 1814 2282 1826 ·
2313 1794 2375 1851 οῦ
2406 1795 2838 1866 καθαιρεθέντος,
2870 1799 3162 1866 ἀναγκαῖον
3192 1800 3497 1865 Ἰουδαίους,
3527 1802 3604 1865 ὡς
3631 1819 3737 1872 μη-

462 1893 701 1962 Iudaeos,
741 1902 928 1965 utpote
957 1894 1180 1949 domum
1214 1894 1479 1948 orationis
1497 1894 1609 1963 jam
1659 1909 1769 1947 non
1808 1894 2046 1962 amplius

465 1987 748 2051 habentes,
790 1985 1133 2055 privilegium
1182 1985 1369 2041 itidem
1420 1984 1750 2041 visitationis
1798 1984 1890 2038 Dei
1929 1983 2045 2053 jam

462 2082 701 2151 amplius
747 2093 857 2141 non
914 2077 1174 2133 habuisse
1217 2077 1531 2134 necessario
1584 2075 1878 2131 dicendum
1925 2083 2044 2138 est;

464 2187 578 2243 quo
607 2172 712 2227 frui
760 2173 1129 2228 credebantur
1156 2169 1463 2240 privilegio,
1494 2179 1779 2238 propterea
1812 2167 1956 2237 quod
1991 2168 2044 2220 iu

467 2264 731 2318 orationis
780 2264 945 2317 domo
988 2263 1241 2325 orabant,
1290 2268 1578 2331 postquam
1627 2260 1815 2329 legalis
1866 2259 2047 2312 cultus

468 2353 657 2407 munia
700 2354 967 2408 obierant.
1007 2352 1316 2421 Sospitator
1354 2366 1484 2405 vero
1525 2359 1709 2405 noster
1742 2350 1834 2419 qui
1875 2348 2047 2405 actio-

469 2460 600 2498 num
657 2459 882 2498 suarum
942 2444 1268 2514 spiritalium
1329 2442 1574 2513 symbola
1623 2442 1814 2507 edidit,
1871 2458 1935 2496 ex
1981 2458 2047 2495 eo

469 2536 669 2605 templo
706 2536 997 2590 vendentes
1029 2543 1082 2590 et
1112 2544 1353 2590 ementes
1397 2533 1751 2602 corporaliter
1791 2534 2047 2589 deturba-

468 2627 559 2691 rit,
592 2627 1086 2681 nummulariorum
1128 2642 1370 2693 mensas,
1402 2636 1454 2681 et
1484 2627 1773 2681 cathedras
1804 2629 2046 2682 venden-

469 2721 610 2774 tium
634 2720 915 2775 columbas
937 2720 1209 2798 everterjt,
1233 2728 1283 2773 et
1309 2735 1430 2789 quae
1445 2719 1646 2789 scripta
1663 2729 1880 2774 exstant
1906 2721 2051 2774 dixe-

469 2811 560 2878 rit,
599 2810 668 2867 ad
711 2812 1126 2867 conversionem
1171 2812 1456 2881 praesentis
1494 2821 1607 2866 tum
1657 2810 1797 2866 forte
1838 2811 2045 2880 populi,

468 2904 563 2975 qui
595 2919 719 2959 cum
752 2913 998 2959 sanctam
1047 2903 1402 2960 festivitatem
1434 2904 1490 2958 in
1524 2904 1747 2958 nomine
1780 2903 1872 2957 Dei
1905 2904 2047 2958 cele-

468 2993 630 3051 brare
669 2994 966 3059 debuisset,
1000 2994 1402 3050 venditionibus
1438 2994 1918 3064 emptionibusque
1940 3010 2046 3047 non

2150 1888 2266 1941 κέτι
2314 1888 2535 1958 ἔχοντας
2566 1884 2713 1940 οἷκον
2758 1891 3090 1960 προσευχῆς,
3124 1891 3301 1959 λέγειν
3345 1892 3543 1963 μηκέτι
3588 1893 3737 1963 ἔχειν

2148 1978 2207 2030 τὸ
2235 1976 2509 2049 ἐξαίρετον
2543 1979 2643 2047 τῆς
2673 1979 2978 2050 ἐπισκοπῆς
3009 1979 3103 2032 τοῦ
3127 1980 3285 2045 Θεοῦ,
3316 1982 3344 2034 ὂ
3370 1983 3513 2051 ἔχειν
3540 1982 3734 2053 ᾤοντο,

2151 2067 2301 2135 παρὰ
2334 2068 2392 2120 τὸ
2434 2070 2491 2120 ἐν
2525 2067 2602 2138 τῷ
2634 2068 2768 2139 οἴκῳ
2795 2068 2895 2138 τῆς
2928 2070 3236 2142 προσευχῆς
3283 2073 3555 2143 ιῠχεσθαι,
3596 2076 3739 2145 μετὰ

2149 2158 2209 2210 τὸ
2250 2158 2317 2211 τὰ
2349 2159 2447 2228 τῆς
2470 2159 2699 2229 νομικῆς
2730 2159 2985 2230 λατρείας
3014 2160 3298 2213 ἐπιτελεῖν.
3330 2164 3438 2215 Kal.
3468 2162 3737 2235 ἐκϐεϐληο

2152 2247 2293 2302 κέτω
2329 2248 2653 2319 σωματικῶς
2688 2251 2783 2303 ἀπ’
2818 2249 3026 2301 ἐκείνου
3056 2252 3083 2302 ὁ
3107 2252 3200 2303 καὶ
3232 2250 3477 2322 σύμϐολα
3503 2254 3739 2324 ποιήσας

2149 2341 2258 2396 τῶν
2291 2341 2434 2393 ἰδίων
2468 2341 2849 2410 πνευματικῶν
2884 2341 3133 2413 πράξεων
3179 2343 3369 2415 Σωτὴρ
3398 2345 3578 2415 ἡμῶν,
3608 2347 3738 2409 τοὺς

2151 2432 2465 2495 πωλοῦντας
2507 2432 2600 2486 καὶ
2628 2431 3018 2502 ἀγοράζοντας,
3064 2431 3155 2484 καὶ
3186 2431 3283 2495 τὰς
3324 2430 3602 2503 τραπέζας
3630 2433 3740 2485 τῶν

2152 2524 2512 2579 κολλυϐιστῶν
2546 2524 3019 2595 καταϐεϐληκέτω,
3055 2524 3148 2576 καὶ
3193 2524 3292 2587 τὰς
3325 2525 3593 2596 καθέδρας
3627 2524 3737 2577 τῶν

2152 2617 2456 2671 πολοῦντων
2484 2616 2581 2679 τὰς
2625 2616 2973 2687 περιστερὰς,
3011 2616 3105 2668 καὶ
3142 2617 3412 2688 εἰρηκὲτω
3446 2617 3513 2670 τὰ
3559 2618 3739 2670 ἐκκεί-

2155 2725 2288 2777 μενα
2311 2709 2389 2771 εἰς
2413 2708 2747 2780 ἐπιστροφὴν
2773 2708 2867 2760 τοῦ
2891 2709 3008 2761 τότε
3034 2708 3184 2772 λαοῦ,
3217 2709 3338 2762 ἀντὶ
3369 2710 3572 2780 σεμνῆς
3603 2727 3741 2762 παν-

2150 2799 2402 2871 ηγύρεως
2437 2799 2858 2870 ἐπιτελουμένης
2904 2802 2960 2853 ἐν
3009 2800 3233 2870 ὀνόματι
3277 2800 3411 2854 Θεοῦ
3448 2800 3738 2871 σχολαζόν-

2151 2913 2257 2949 των
2296 2893 2374 2964 τῷ
2399 2894 2595 2947 πωλεῖν
2634 2895 2726 2947 καὶ
2756 2894 3068 2964 ἀγοράζειν,
3107 2895 3206 2947 οὐκ
3232 2895 3287 2947 ἐν
3319 2896 3383 2965 τῇ
3424 2894 3740 2967 καθηκούεῃ

2153 2987 2308 3059 χώρᾳ
2354 2988 2411 3039 ὲν
2532 2987 2637 3039 ἔδει
2673 2987 2871 3040 πωλεῖν
2920 2987 3011 3040 καὶ
3043 2986 3354 3059 ἀγοράζειν,
3400 2987 3515 3041 ἀλλ’
3556 2990 3614 3041 ὲν
3660 2987 3745 3059 τῷ

471 3085 527 3141 in
552 3086 673 3141 loco
695 3086 963 3155 ejusmodi
993 3086 1162 3142 rebus
1190 3087 1410 3152 idoneo,
1447 3086 1543 3141 sed
1572 3085 1626 3139 in
1658 3086 1859 3154 templo
1884 3101 2045 3140 vaca-

2154 3077 2285 3148 ἰερῷ
2310 3094 2322 3107 ο
2358 3077 2484 3130 ἔνθα
2513 3078 2680 3149 ἐχρῆν
2714 3078 2810 3147 μὲν
2837 3078 3263 3149 συνερχομένους
3292 3077 3547 3149 εὔχεσθαι
3574 3080 3647 3142 ὡς
3674 3080 3736 3133 ἐν

472 3174 604 3229 bat:
648 3174 739 3228 hic
777 3174 867 3228 ubi
910 3175 1119 3242 coiens,
1169 3183 1429 3249 tanquam
1483 3175 1537 3229 in
1580 3175 1845 3230 orationis
1882 3174 2048 3230 domo

470 3282 629 3322 orare
661 3267 925 3334 debebat;
972 3275 1029 3321 at
1067 3282 1154 3321 res
1199 3266 1430 3322 orationi
1482 3267 1788 3323 contrarias
1831 3269 2045 3339 agebat,

473 3359 618 3415 haud
644 3374 803 3415 secus
828 3374 892 3414 ac
922 3359 976 3413 in
1003 3358 1182 3413 dicata
1219 3359 1479 3412 mercatui
1515 3358 1678 3413 domo
1715 3360 1953 3416 vendens
1986 3377 2050 3415 ac

471 3466 681 3519 emens,
711 3451 973 3521 pecunias
996 3460 1332 3521 permutans,
1358 3450 1489 3505 etin
1516 3450 1790 3506 cathedris
1817 3452 2051 3507 venden-

471 3542 665 3596 darum
696 3540 1074 3596 columbarum
1116 3540 1290 3610 gratia
1320 3540 1516 3596 sedens
1543 3560 1556 3594 :
1604 3539 1920 3597 Iudaeorum
1949 3559 2049 3597 au-

473 3644 579 3688 tem
639 3633 897 3689 facinoris
960 3632 1259 3688 foeditatem
1329 3643 1457 3687 tunc
1512 3632 1673 3689 Jesus
1737 3636 2045 3701 abstulerit,

471 3725 691 3795 quando
733 3725 1072 3794 negotiantes
1116 3740 1232 3790 eos,
1277 3735 1331 3779 ct
1372 3726 1425 3778 in
1474 3740 1767 3795 eorporeas
1822 3726 2049 3781 delicias

473 3815 637 3889 750
666 3831 725 3870 se
753 3814 1115 3881 effundentcs,
1151 3831 1274 3871 cum
1304 3816 1459 3886 juxta
1499 3818 1879 3887 pratscriptum
1914 3819 2049 3888 legis

476 3908 673 3962 festum
703 3907 979 3962 celebrare
1005 3906 1344 3973 debuissent,
1378 3909 1745 3978 reprehendit.

473 4022 476 4027 ο
544 4000 634 4053 21.
686 3998 844 4054 Nunc
906 4009 1089 4055 autem
1124 4000 1418 4056 conflatum
1471 4016 1534 4056 ex
1585 4002 1722 4057 vivis
1776 4002 2045 4071 lapidibus

474 4093 736 4163 templum
775 4092 1075 4148 Ecclesiam
1121 4108 1241 4147 esse
1288 4094 1564 4157 existimo,
1613 4096 1664 4147 in
1701 4108 1872 4164 eaque
1914 4109 2051 4147 non-

476 4186 656 4241 nullos
685 4200 828 4253 esse,
861 4185 954 4255 qui
992 4200 1099 4239 non
1143 4186 1302 4254 quasi
1333 4184 1387 4238 in
1431 4184 1674 4240 Ecclesia
1715 4186 1920 4249 vivant,
1956 4185 2050 4241 sed

473 4281 632 4350 quasi
682 4298 701 4331 ι
757 4279 1058 4335 secundum
1109 4292 1327 4333 carnem
1375 4277 1609 4333 militent
1632 4278 1717 4344 ⁸ος
1768 4295 1786 4329 ι
1848 4280 2051 4348 quique

475 4372 740 4429 orationis
787 4386 855 4425 ex
902 4370 1039 4424 vivis
1085 4369 1359 4439 lapidibus
1401 4378 1775 4426 constructam
1822 4370 2047 4424 domum

477 4480 572 4534 per
599 4480 754 4519 suam
798 4463 1098 4533 nequitiam
1143 4464 1418 4518 latronum
1452 4463 1768 4534 speluncam
1802 4461 2005 4517 faciant
2034 4481 2046 4518 :

476 4557 601 4627 quis
624 4556 768 4612 enim
797 4565 1084 4626 postquam
1110 4565 1327 4626 peccata
1354 4557 1407 4610 in
1437 4555 1695 4611 Ecclesiis
1722 4556 2048 4626 quibusdam

477 4648 547 4703 ab
588 4649 653 4704 iis
685 4649 979 4704 commissa
1010 4650 1366 4720 perspexerit,
1398 4648 1491 4718 qui
1522 4648 1754 4703 aliorum
1791 4646 2046 4715 pietatem

2152 3171 2286 3240 οἴκῳ
2318 3171 2625 3242 προσευχῆς
2649 3187 2661 3199 ·
2704 3170 2921 3223 ἐποίουν
2968 3171 3025 3223 δὲ
3056 3171 3125 3226 τὰ
3162 3171 3381 3225 ἐναντία
3413 3175 3480 3243 τῇ
3515 3172 3646 3243 εὐχῇ
3680 3173 3738 3225 ἒν

2154 3261 2320 3331 αὐτῷ,
2352 3262 2427 3326 ὡς
2456 3262 2513 3315 ἐν
2560 3260 2694 3331 οἴκῳ
2733 3259 3021 3332 ὲμπορικῷ
3053 3260 3356 3325 πωλοῦντες
3402 3262 3496 3315 καὶ
3535 3261 3741 3333 ἀγορά-

2154 3355 2359 3420 ζοντες,
2386 3356 2481 3410 καὶ
2508 3354 2746 3426 ἀργύρια
2768 3354 3195 3419 κολλυϐίζοντες,
3222 3355 3317 3408 καὶ
3346 3356 3438 3409 ἐπὶ
3463 3355 3742 3428 καθεδρῶν

2154 3446 2528 3518 καθεζόμενοι,
2562 3446 2652 3500 ἵνα
2684 3445 2905 3499 πωλῶσι
2943 3447 3293 3518 περιστεράς.
3321 3448 3428 3500 Καὶ
3467 3448 3529 3501 τὸ
3562 3447 3742 3518 ἄσεμ-

2156 3556 2244 3593 νον
2288 3539 2396 3592 τῶν
2438 3538 2738 3609 γινομένων
2773 3538 2925 3610 παρὰ
2970 3538 3250 3604 Ἰουδαίοις
3299 3541 3418 3595 τότε
3460 3541 3488 3592 ὁ
3530 3540 3741 3610 Ἰησοῦς

2157 3631 2313 3701 ἡμῶν
2342 3629 2987 3704 ηθῃρηκὲτωηὲλέγξας
3018 3632 3165 3695 τοὺς,
3200 3632 3321 3686 ἀντὶ
3353 3632 3446 3685 τοῦ
3482 3632 3622 3688 κατὰ
3649 3633 3742 3686 τὸν

2156 3726 2318 3795 νόμον
2360 3725 2658 3797 ἑορτάζειν,
2714 3725 3209 3795 ἐμπορευομένους,
3260 3726 3354 3779 καὶ
3406 3726 3740 3796 σωματικῶς

2156 3816 2496 3888 τρυφῶντας.

2229 4002 2338 4056 Καὶ
2367 4002 2460 4056 νῦν
2491 4002 2547 4056 δὲ
2577 4002 2782 4073 νομίζω
2820 4002 2962 4075 ἱερὸν
2997 4006 3063 4057 ὲκ
3090 4002 3251 4058 λίθων
3294 4002 3512 4069 ζώντων
3537 4005 3744 4058 οἰκοδο-

2160 4095 2329 4167 μηθὲν
2356 4091 2494 4149 εἶναι
2519 4094 2617 4166 τὴν
2653 4094 3001 4166 Ἐκκλησίαν,
3030 4095 3124 4149 καὶ
3152 4092 3291 4150 εἶναι
3320 4098 3377 4149 ὲν
3410 4097 3546 4169 αὐτῇ
3589 4114 3743 4160 τινας

2154 4190 2252 4260 οὐχ
2279 4189 2353 4252 ὡς
2386 4189 2445 4240 ὲν
2486 4186 2783 4258 Ἐκκλησία
2818 4186 3044 4252 ζῶντας,
3076 4186 3190 4240 ἀλλ’
3222 4187 3298 4251 ὡς
3332 4205 3350 4238 ι
3391 4188 3532 4242 κατὰ
3563 4189 3741 4259 σάρκα

2157 4280 2637 4352 στρατευομένους,
2661 4299 2680 4331 ι
2709 4280 2904 4344 οἵτινες
2937 4280 3032 4334 καὶ
3062 4278 3273 4334 ποιοῦσι
3301 4280 3391 4333 τὸν
3436 4281 3532 4351 τῆς
3567 4297 3738 4351 προσ-

2154 4375 2321 4446 ευχῆς
2356 4375 2420 4426 ὲκ
2449 4371 2664 4438 ζώντων
2706 4372 2870 4426 λίθων
2901 4368 3049 4425 οἷκον
3076 4372 3290 4446 λῃστῶν
3320 4372 3408 4426 διὰ
3438 4374 3537 4444 τὴν
3561 4370 3741 4425 αὐτῶν

2158 4464 2354 4518 κακίαν
2389 4461 2650 4533 σπήλαιον
2674 4477 2688 4492 ·
2726 4461 2810 4524 τίς
2861 4462 2988 4532 γὰρ,
3032 4462 3372 4533 κατανοήσας
3410 4461 3478 4515 τὰ
3511 4461 3566 4514 ἐν
3600 4471 3741 4515 τισιν

2171 4554 2520 4626 Ἑκκλησίαις
2549 4553 2973 4625 ἁμαρτανόμενα
2997 4553 3100 4607 ὑπὸ
3121 4553 3229 4608 τῶν
3252 4550 3622 4625 νομιζομένων
3646 4569 3744 4604 πο-

2163 4647 2353 4717 ρισμὸν
2377 4643 2518 4700 εἶναι
2555 4643 2654 4716 τὴν
2691 4644 2895 4714 ἑτέρων
2920 4643 3226 4709 εὐσέϐειαν,
3263 4644 3359 4699 καὶ
3385 4645 3505 4699 δέον
3546 4647 3610 4699 ἐκ
3645 4644 3745 4702 τοῦ

1675 4784 1905 4840 VETUS
1956 4781 2544 4840 INTEBPRETATIO.

477 4918 507 4956 a
542 4900 858 4963 Salomone,
883 4904 1077 4959 deinde
1109 4914 1419 4975 reparatum
1450 4903 1519 4957 ab
1534 4901 1759 4975 AEsdraL
1779 4910 1967 4972 postea
1995 4916 2124 4956 vero
2152 4906 2281 4971 post"
2308 4901 2511 4958 Christi
2549 4902 2841 4975 adventum
2871 4916 2901 4956 a
2947 4896 3213 4975 Romanis
3255 4899 3593 4975 destructum
3637 4906 3743 4975 τίει

478 4975 567 5027 illa
597 4976 1012 5030 existimabatur
1036 4969 1231 5029 domus
1259 4990 1381 5029 esse
1406 4973 1696 5029 orationis.
1728 4969 1845 5038 Qua
1874 4969 2171 5038 destructa,
2207 4988 2430 5027 necesse
2456 4981 2541 5027 cst
2572 4981 2631 5026 ut
2658 4969 2831 5025 Judaai
2860 4972 3019 5040 quasi
3057 4987 3162 5025 non
3188 4970 3303 5040 jam
3328 4970 3594 5040 habentes
3643 4974 3746 5027 do-

448 5104 451 5107 ,
479 5058 627 5115 mium
660 5046 947 5115 orationis,
970 5047 1082 5115 jam
1115 5059 1224 5115 non
1253 5045 1487 5115 habeant
1506 5044 1858 5115 privilegium
1884 5042 2282 5115 speculationis
2302 5041 2417 5109 Dei,
2447 5058 2548 5096 nec
2576 5041 2789 5111 possint
2824 5038 3124 5096 secundum
3158 5038 3478 5115 legech‘o
3511 5042 3742 5115 servire.

454 5111 590 5173 ,l'loc
615 5130 743 5186 ergo
772 5108 939 5181 facto,
970 5108 1155 5186 omnia
1186 5113 1439 5169 Christus
1467 5108 1628 5186 ejecit
1653 5108 1991 5186 in'mysterio
2016 5108 2639 5186 spiritualiumgaetuu'm
2677 5127 2902 5165 suorum
2936 5130 2948 5165 :
2999 5119 3055 5166 et
3104 5108 3232 5164 tunc
3257 5108 3386 5186 fecit
3428 5110 3736 5177 visibiliter,

476 5186 621 5252 quod
650 5180 865 5254 semper
891 5185 1238 5240 invisibiliter
1272 5186 1403 5254 agit,
1437 5180 1662 5252 ejieiens
1698 5180 1990 5238 vendentes
2016 5189 2074 5254 et?
2102 5188 2349 5236 ementes
2375 5181 2445 5254 de
2458 5182 2685 5254 templo,
2717 5190 2770 5234 et
2798 5196 3015 5236 mensas
3043 5180 3544 5254 nummulariorum
3587 5198 3744 5236 ever-

477 5249 596 5309 tens
634 5264 684 5309 et
717 5249 1006 5310 cathedras
1031 5249 1379 5308 vendentium
1410 5249 1716 5319 columbas,
1744 5254 1811 5307 ad
1846 5253 2245 5321 correptionem
2286 5252 2494 5320 populi,
2540 5249 2597 5307 ut
2628 5267 2735 5305 non
2760 5267 2858 5321 pro
2890 5251 3081 5306 mundi
3116 5249 3505 5321 festivitatibus
3533 5252 3587 5306 in
3645 5268 3745 5305 no-

454 5326 623 5391 mine
653 5324 747 5380 Dei
780 5326 1149 5395 emptionibus
1172 5334 1224 5379 et
1258 5325 1665 5381 venditionibus
1690 5335 1886 5379 vacent
1919 5323 1972 5377 in
2004 5323 2121 5376 loco
2149 5337 2265 5395 non
2294 5322 2646 5395 competenti,
2692 5322 2744 5395 in
2777 5337 2888 5390 quo
2923 5336 3032 5374 non
3066 5320 3266 5374 debent
3313 5322 3546 5376 vendere
3569 5360 3585 5386 ,
3638 5337 3744 5376 nec

475 5410 681 5460 emere,
718 5397 812 5451 sed
844 5390 1184 5449 orationibus
1211 5410 1424 5459 vacare,
1455 5398 1549 5465 qui
1572 5392 2174 5465 congregantur‘quasi
2198 5393 2252 5444 in
2280 5390 2445 5465 domo
2484 5391 2773 5445 orationis.

546 5466 640 5518 21.
666 5456 829 5521 ’Νηιιο
851 5475 1031 5520 autem
1063 5467 1299 5521 arbitror
1326 5456 1449 5521 esse
1474 5456 1737 5535 templum
1774 5456 1956 5535 Deiex
1994 5456 2266 5535 lapidibus
2292 5462 2442 5535 vivis
2455 5471 2851 5526 constructum,
2884 5464 3183 5535 ycclesiam
3211 5460 3436 5535 (ibt-isti.
3474 5456 3615 5513 Sunt
3641 5472 3744 5513 au-

476 5544 585 5587 tem
621 5539 772 5591 multi
804 5539 856 5590 in
881 5552 943 5590 ea
966 5550 1074 5589 non
1097 5538 1238 5592 sicut
1265 5536 1419 5590 decet
1442 5530 1684 5591 viventes
1713 5530 2169 5603 spiritaliter,’sed
2196 5552 2215 5582 ι
2242 5532 2541 5603 secundum
2577 5544 2798 5585 carnem
2826 5531 3083 5603 militant,
3114 5547 3135 5603 ε
3162 5532 3257 5600 qui
3285 5539 3341 5585 et
3352 5530 3583 5603 domum
3611 5544 3741 5603 ora:

480 5606 645 5660 tionis
678 5607 745 5661 de
792 5607 1062 5677 lapidibus
1102 5608 1239 5661 vivis
1277 5614 1651 5662 constructam
1702 5598 1908 5662 faciunt
1941 5603 2258 5674 speluncam
2297 5615 2419 5658 esse
2452 5602 2750 5669 latronum,
2798 5600 3010 5656 actibus
3054 5598 3309 5656 suis—non
3351 5598 3595 5656 Ecclesia
3632 5598 3739 5656 Dei

553 5719 597 5754 τ’
635 5721 737 5779 Isa.
772 5740 881 5786 u't,
911 5726 964 5781 7.
1039 5726 1086 5759 '°
1116 5723 1159 5779 ll
1184 5724 1313 5781 Cor.
1349 5740 1406 5799 ι,
1439 5726 1495 5781 ὅ.
