4086 6410
439 331 463 378 1
477 325 579 379 “5
1384 320 1738 377 COMMENT.
1781 321 1848 376 ΙΝ
1888 321 2014 376 MA'I

2119 320 2303 376 [ᾹΞΙΜῙ
2345 322 2583 382 TOMUS
2620 327 2758 383 XVI.
3577 337 3716 399 Hi6

441 439 771 507 Εὑαγγελίου
806 438 966 509 μόνον
993 435 1205 508 διαζῇν,
1247 437 1405 490 τοῦτο
1443 439 1541 508 μὲν
1588 440 1662 510 μὴ
1704 440 2014 499 ’ποιούντων1

2127 448 2395 506 qua-stum
2414 455 2535 495 esse
2558 442 2898 507 existimant,
2926 458 3163 516 eumque
3188 459 3252 501 ex
3275 445 3571 519 Evangelio
3623 456 3704 509 vi-

438 530 669 585 πλοῦτον
705 530 761 583 δὲ
796 531 890 584 καὶ
930 528 1130 599 πολλὴν
1157 529 1351 599 κτῆσιν
1380 530 1741 597 συναγόντων,
1783 531 1883 584 οὐκ
1910 532 2026 601 ἐρεῖ

439 622 705 691 σπήλαιον
746 620 958 695 λῃστῶν
1000 621 1279 690 γεγονέναι
1325 621 1384 673 τὸ
1416 620 1733 692 τηλικοῦτον
1766 623 1865 693 τῆς
1901 623 2025 677 Ἐκ-

436 713 668 783 -κλησὶας
713 716 1041 786 μυστήριον;
1076 714 1228 766 Ὢστ⁴
1252 712 1317 766 ἂν
1360 715 1534 771 εἰπεῖν
1562 717 1653 766 τὸν
1694 713 1902 785 Ἰησοῦν
1931 716 2024 768 ἐπὶ

434 808 546 868 τοῖς
572 804 1041 878 ἁμαρτανομένοις
1069 806 1126 857 ἐν
1217 806 1567 877 ᾠκοδόμησεν
1598 807 1729 879 ἱερῷ
1750 805 1932 871 ζῶντι,
1961 808 2023 862 τό

435 913 496 949 τε
550 897 657 950 ἀπὸ
704 896 813 950 τῶν
859 894 1105 967 Ψαλμῶν
1145 895 1317 959 οὕτως
1363 895 1518 966 ἕχον·
1580 915 1600 948 ε
1658 898 1752 961 Τίς
1784 898 2022 968 ὠφέλεια

437 989 496 1042 ἐν
525 987 605 1059 τῷ
635 988 825 1059 αἵματί
862 1005 963 1058 μου
1004 989 1062 1040 ὲν
1107 986 1185 1057 τῷ
1224 987 1524 1059 καταϐῆναί
1573 1005 1641 1059 με
1684 991 1765 1053 είς
1803 989 2021 1059 διαφθο-

440 1079 573 1150 ράν;
612 1100 631 1131 ι
675 1079 861 1133 καὶτὸ
902 1080 1011 1133 ἀπὸ
1042 1079 1158 1144 τοῦ,
1194 1079 1271 1143 ὡς
1300 1075 1470 1150 οἶμαι,
1514 1080 1671 1152 Ὠσηὲ
1716 1081 1850 1151 (l7),
1891 1080 2022 1137 ἔνθα

437 1170 470 1240 ἡ
494 1169 587 1223 τοῦ
629 1168 801 1241 Ἰησοῦ
834 1168 980 1240 ψυχὴ
1008 1170 1155 1239 λέγει
1179 1169 1654 1241 δυσαρεστουμένη
1685 1170 1764 1241 τῷ
1790 1170 1891 1241 βίῳ
1910 1172 2020 1225 τῶν

435 1262 881 1334 ἁμαρτανόντων,
926 1262 1021 1315 καὶ
1052 1262 1109 1314 ἐν
1139 1260 1217 1331 τῷ
1248 1261 1378 1333 ἱερῷ
1408 1257 1548 1316 εἶναι
1577 1262 1896 1329 δοκούντων,
1923 1264 1984 1318 τό
2002 1281 2016 1295 ο

438 1374 458 1406 ι
511 1355 703 1424 Οῐμοι,
759 1355 842 1407 ὅτι
894 1352 1160 1423 ἐγενήθην
1214 1353 1290 1417 ὡς
1346 1355 1591 1423 συνάγων
1649 1354 1902 1427 καλάμην
1962 1360 2020 1410 ὲν

432 1446 650 1518 ἀμητῷ,
683 1447 776 1500 καὶ
827 1448 902 1511 ὠς
949 1446 1269 1516 ὲπιφυλλίδα
1307 1448 1365 1501 ὲν
1399 1448 1674 1519 τρυγητῷ,
1723 1450 1821 1503 οὐκ
1868 1449 2020 1515 ὄντος

434 1539 665 1610 στάχυος
695 1538 807 1609 (l8)
834 1538 929 1593 τοῦ
966 1542 1157 1607 φαγεῖν
1182 1538 1252 1592 τά
1272 1539 1613 1611 πρωτόγονα.
1642 1542 1823 1610 Οῖμοι,
1849 1541 2015 1613 ψυχὴ,

430 1627 516 1679 ὅτι
543 1626 819 1680 ἀπόλωλεν
849 1627 1084 1698 εὐλαϐὴς
1130 1627 1237 1681 ἀπὸ
1266 1629 1366 1698 τῆς
1398 1629 1522 1698 γῆς,
1549 1630 1644 1683 καὶ
1676 1631 1705 1682 ό
1738 1630 2017 1702 κατορθῶν

433 1721 492 1773 ὲν
532 1718 841 1792 ἀνθρώποις
877 1723 976 1791 οὐχ
1021 1722 1278 1792 ὑπάρχει.
1319 1740 1336 1773 i
1386 1723 1495 1775 Καὶ
1539 1722 1632 1775 ἐὰν
1663 1723 2017 1795 προσκόπτῃς

2135 539 2281 584 ctum
2304 541 2483 602 petere
2518 545 2787 603 oporteat,
2823 538 2873 592 id
2918 539 3140 607 quidem
3183 555 3290 595 non
3334 538 3566 607 faciunt,
3617 547 3713 598 sed

2129 621 2372 686 divitias,
2420 624 2776 697 ingentesque
2810 626 3097 685 facultates
3125 642 3464 700 comparant,
3493 641 3713 688 tantum

2128 712 2259 767 illud
2290 713 2547 770 Ecclesiae
2580 720 2900 788 mysterium
2928 720 3206 777 latronum
3240 725 3554 793 speluncam
3590 743 3713 783 esse

2128 803 2332 860 factum
2363 822 2475 863 non
2509 807 2779 865 fateatur?
2812 811 2951 868 adeo
2995 823 3057 868 ut
3079 815 3146 870 de
3173 818 3436 885 peccatis,
3470 821 3524 893 in
3559 821 3709 883 vivo,

2125 898 2271 966 quod
2303 898 2419 967 ipse
2463 900 2770 968 aediﬁcavit,
2813 904 3016 973 templo
3054 907 3335 975 admissis,
3364 911 3614 979 apposite
3656 913 3711 967 id

2124 986 2274 1042 dicat
2298 986 2575 1055 Christus,
2600 992 2748 1062 quod
2777 1008 2806 1048 ο
2835 992 3068 1051 Psalmis
3109 997 3489 1068 depromptum
3518 1002 3659 1056 est"
3688 1021 3703 1057 :

2128 1098 2148 1130 ι
2186 1078 2319 1146 Qum
2348 1081 2556 1137 utilitas
2598 1082 2657 1138 in
2697 1086 2964 1156 sanguine
2993 1102 3138 1152 meo,
3170 1088 3298 1143 dum
3329 1089 3603 1147 descendo
3648 1094 3706 1148 in

2123 1178 2573 1247 corruptionem?
2596 1198 2616 1231 ›
2644 1180 2861 1251 etquod
2879 1180 3021 1251 apud
3042 1179 3203 1249 Osee,
3223 1183 3276 1237 ni
3299 1180 3479 1252 fallor,
3502 1197 3702 1249 exstat.

2123 1268 2218 1324 ubi
2268 1268 2395 1324 Jesu
2441 1272 2646 1339 anima,
2687 1274 2799 1328 vita
2846 1286 3216 1343 peccatorum,
3264 1280 3358 1348 qui
3400 1279 3453 1333 in
3500 1281 3707 1350 templo

2122 1359 2490 1416 nihilominus
2538 1378 2662 1418 esse
2702 1364 2978 1431 videntur,
3027 1367 3255 1436 offensa,
3302 1370 3380 1424 ait
3421 1370 3508 1425 ⁸²ι
3551 1390 3570 1422 ί
3617 1369 3710 1426 Vae

2122 1450 2260 1504 mihi
2292 1453 2422 1521 quia
2452 1452 2631 1509 factus
2659 1470 2781 1510 sum
2818 1456 2961 1512 sicut
2991 1460 3085 1529 qui
3123 1470 3418 1531 congregat
3449 1462 3707 1532 stipulam

2122 1543 2176 1599 in
2218 1561 2418 1611 messe,
2447 1555 2501 1602 et
2532 1548 2678 1603 sicut
2712 1564 2960 1607 racemos
2991 1553 3044 1607 in
3085 1555 3379 1619 vindemia,
3425 1573 3549 1612 cum
3598 1572 3708 1613 non

2120 1634 2193 1690 sit
2216 1636 2368 1705 spica
2391 1636 2459 1691 ad
2480 1641 2876 1695 comedendum
2894 1642 3193 1712 primitiva.
3221 1645 3316 1701 Vae
3340 1649 3473 1701 mihi
3501 1650 3706 1714 anima,

2120 1730 2248 1798 quia
2271 1732 2435 1800 periit
2472 1733 2597 1801 pius
2628 1733 2695 1787 de
2734 1742 2898 1798 terra,
2930 1743 2985 1789 et
3016 1752 3122 1790 non
3167 1746 3252 1791 est
3294 1739 3348 1793 in
3387 1740 3708 1796 hominibus

430 1828 495 1880 γε
529 1811 608 1882 τῷ
631 1812 805 1865 ταῦτα
830 1812 1008 1880 λέγειν
1037 1815 1126 1867 τὸν
1166 1813 1392 1885 Ἰησοῦν,
1416 1815 1510 1867 καὶ
1540 1815 1838 1870 πενθοῦντα
1862 1818 2014 1888 ἡμῶν

2120 1821 2215 1889 qui
2251 1822 2544 1893 corrigat.»
2579 1820 2637 1875 Si
2668 1822 2769 1877 hac
2796 1839 2959 1893 porro
2979 1824 3107 1881 Iesu
3141 1828 3413 1894 oratione,
3450 1831 3709 1899 quodque

429 1904 502 1958 τὰ
535 1905 854 1972 πταίσματα
905 1907 1133 1974 φάσκειν
1178 1906 1274 1959 τό·
1318 1925 1336 1956 ι
1389 1908 1569 1977 Οῖμοι,
1622 1906 1790 1978 ψυχὴ,
1832 1927 1851 1960 i
1892 1926 2017 1962 συν-

429 1997 686 2061 εξέτασον
718 1998 928 2062 τούτοις
968 1999 1030 2050 τὸ
1072 1999 1179 2052 ἀπὸ
1209 1999 1304 2054 τοῦ
1351 2000 1706 2068 Εὑαγγελίου,
1750 2000 1878 2054 ἔνθα
1925 2001 2018 2069 γέ-

429 2103 697 2157 γραπται,
725 2090 829 2151 ὅτι,
871 2107 890 2138 ‹
928 2088 1050 2141 ἰδὼν
1082 2089 1181 2158 τὴν
1228 2089 1601 2159 Ἰερουσαλὴμ,
1637 2088 1901 2142 ἔκλαυσεν
1929 2092 2015 2144 ἐπ’

429 2177 589 2248 αὐτῇ,
640 2179 734 2232 καὶ
780 2175 921 2233 εἷπε.
975 2199 994 2231 ι
1053 2179 1165 2232 Καὶ
1219 2179 1417 2249 μᾶλλόν
1457 2196 1540 2247 γε,
1577 2180 1736 2251 εἴπερ
1781 2181 2018 2249 εὐλόγως

430 2267 695 2323 ἔκλαυσεν
747 2272 840 2323 ἐπὶ
890 2271 1266 2343 Ἰερουσαλὴμ,
1314 2271 1680 2343 εὐλογώτερον
1725 2273 2017 2328 κλαύσεται

427 2361 521 2413 ἐπὶ
566 2361 664 2433 τὴν
706 2362 1054 2433 Ἐκκλησίαν,
1090 2363 1536 2434 οἰκοδομηθεῖσαν
1588 2366 1687 2435 μὲν
1736 2366 1821 2419 ἵνα
1871 2364 2017 2430 οἶκος

426 2455 742 2526 προσευχῆς
778 2450 834 2529 ᾖ,
868 2455 1165 2526 γενομένην
1197 2455 1254 2508 δὲ
1293 2455 1381 2509 διὰ
1426 2457 1527 2527 τὴν
1574 2458 2017 2529 αἰσχροκέρδειαν

427 2548 524 2601 καὶ
564 2549 776 2619 τρυφήν
808 2564 990 2612 τινων,
1027 2548 1139 2600 ἀλλ’
1172 2547 1284 2603 εἴθε
1319 2548 1394 2621 μὴ
1426 2550 1518 2602 καὶ
1548 2549 1656 2603 τῶν
1698 2552 2016 2621 ἡγουμένων

428 2639 523 2695 τοῦ
559 2641 712 2707 λαοῦ,
740 2641 1002 2713 σπήλαιον
1029 2641 1261 2715 λῃστῶν.
1310 2642 1469 2697 Ἀλλὰ
1497 2643 1618 2696 τότε
1645 2626 1741 2713 μὲν
1771 2644 2015 2715 είσῆλθεν

441 2734 645 2805 Ἰησοῦς
674 2737 755 2798 είς
798 2736 860 2789 τὸ
906 2735 1047 2806 ἱερὸν
1090 2733 1186 2788 τοῦ
1236 2734 1395 2799 Θεοῦ,
1441 2737 1536 2789 καὶ
1576 2736 1845 2807 ὲκάθαρεν
1870 2737 2016 2790 αὐτὸ

425 2828 675 2882 ἐκϐαλὼν
706 2830 914 2894 πάντας
935 2830 1062 2893 τοὺς
1091 2829 1407 2892 πωλοῦντας
1436 2830 1528 2882 καὶ
1563 2829 1929 2901 ἀγοράζοντας
1958 2831 2015 2882 ὲν

424 2918 504 2988 τῷ
538 2919 686 2990 ἱερῷ,
721 2919 938 2982 καὶτὰς
962 2920 1242 2989 τραπέζας
1288 2920 1395 2973 τῶν
1440 2920 1799 2974 κολλυϐιστῶν
1844 2938 2016 2974 κατα-

429 3009 667 3079 στρέψας
703 3010 841 3081 μετὰ
892 3010 998 3063 τῶν
1034 3009 1311 3081 καθεδρῶν
1356 3010 1413 3063 ὲν
1461 3006 1548 3073 αἷς
1608 3009 1926 3074 ἐκαθέζοντο
1965 3012 2013 3063 οἱ

426 3099 734 3166 πωλοῦντες
758 3101 856 3165 τὰς
891 3103 1238 3175 περιστεράς.
1260 3102 1372 3155 Νῦν
1399 3102 1455 3155 δὲ
1487 3104 1609 3156 ὅσον
1643 3104 1739 3173 μὲν
1758 3105 1858 3156 οὐκ
1896 3104 2018 3155 ἐπιο-

428 3193 753 3248 σκοποῦνται
792 3194 840 3247 οἱ
870 3193 946 3264 τῷ
976 3195 1196 3265 ὀνόματι
1240 3193 1414 3266 Ἰησοῦ
1462 3193 1699 3267 Χριστοῦ
1738 3195 2012 3267 γινόμενοι

423 3285 518 3337 ἐπὶ
549 3284 611 3337 τὸ
642 3285 775 3338 αὐτὸ
798 3286 857 3339 ὲν
913 3290 1275 3355 συναγωγαῖς,
1305 3287 1441 3340 εἰσὶν
1485 3289 1534 3340 οἱ
1582 3287 1890 3351 πωλοῦντες
1920 3289 2013 3341 καὶ

425 3375 788 3447 ἀγοράζοντες
819 3378 877 3430 ὲν
901 3375 979 3447 τῷ
1013 3370 1164 3447 ίερῷ,
1190 3378 1285 3430 καὶ
1312 3375 1382 3429 τὰ
1401 3376 1562 3431 λοιπὰ
1584 3376 1884 3441 ποιοῦντες,
1918 3378 2013 3431 καὶ

424 3466 659 3539 οὐδαμοῦ
722 3466 930 3539 Ἰησοῦς
980 3467 1163 3531 αὐτοῖς
1208 3468 1571 3537 ἐπιφαίνεται,
1626 3469 1716 3522 ἵνα
1766 3467 2013 3522 ἐκϐαλὼν

427 3557 577 3632 σώσῃ
607 3561 731 3623 τοὺς
755 3559 993 3623 λοιποὺς,
1027 3558 1058 3630 ἢ
1094 3559 1379 3622 κάκείνους
1412 3558 1776 3629 ἐκϐληθέντας
1811 3567 2008 3631 ποιήσῃ

427 3651 809 3705 ωναισθέσθαι
834 3652 933 3721 τῆς
951 3652 1246 3721 ἁμαρτίας,
1268 3650 1363 3703 καὶ
1382 3649 1644 3703 εἰσελθεῖν
1663 3654 1742 3714 εἰς
1762 3651 1823 3704 τὸ
1842 3652 2004 3722 ἱερὸν,

423 3743 605 3796 οὐκέτι
653 3744 791 3813 μετὰ
824 3741 916 3795 τοῦ
969 3741 1165 3795 πωλεῖν
1215 3742 1308 3794 καὶ
1335 3740 1648 3811 ἀγοράζειν,
1688 3743 1721 3811 ἢ
1754 3742 1820 3795 τά
1844 3742 2008 3796 λοιπὰ

2122 1910 2308 1979 lapsus
2340 1921 2557 1967 nostros
2578 1913 2784 1968 dellens
2805 1914 3006 1970 dixerit
3038 1935 3052 1971 :
3095 1936 3114 1967 ι
3144 1916 3234 1973 Va:
3266 1920 3400 1975 mihi
3441 1921 3648 1987 anima,
3680 1940 3701 1972 ι

2122 2000 2432 2068 oﬂenderis,
2478 2020 2603 2061 cum
2653 2007 2738 2063 his
2781 2009 3050 2064 contende
3078 2009 3124 2040 ⁸³
3157 2025 3280 2079 qua:
3313 2010 3584 2066 habentur
3637 2012 3697 2065 in

2123 2090 2440 2158 Evangelio,
2470 2094 2563 2149 ubi
2588 2097 2854 2167 scriptum
2884 2107 2989 2163 cst,
3029 2117 3048 2150 ι
3090 2098 3357 2154 videntem
3380 2115 3505 2155 eum
3538 2099 3702 2156 Jeru-

2121 2183 2291 2238 salem
2322 2184 2542 2241 ﬂevisse
2588 2202 2754 2258 super
2803 2190 2975 2256 illam,
3028 2201 3085 2247 et
3128 2191 3361 2247 dixisse.
3403 2211 3423 2244 ι
3462 2192 3618 2260 Quod
3655 2194 3701 2249 si

2121 2290 2287 2345 super
2325 2275 2629 2334 Jerusalem
2682 2297 2808 2336 cum
2854 2283 3067 2338 ratione
3096 2282 3266 2348 ﬂevit,
3319 2284 3479 2355 longe
3528 2286 3705 2357 magis

2120 2367 2284 2421 etiam
2318 2379 2747 2426 consentaneum
2776 2362 2881 2428 erit
2919 2383 2981 2429 ut
3010 2390 3178 2444 super
3209 2374 3522 2431 Ecelesiam
3553 2377 3701 2444 ﬂeat,

2121 2472 2243 2527 quae
2270 2459 2336 2514 ad
2380 2460 2432 2514 id
2474 2462 2741 2518 aediﬁcata
2772 2474 2858 2520 est
2887 2471 2946 2519 ut
2980 2466 3177 2522 domus
3222 2467 3296 2521 sit
3323 2469 3609 2533 orationis,
3645 2479 3702 2523 at

2120 2558 2341 2619 propter
2370 2563 2585 2621 turpem
2636 2556 3028 2610 nonnullorum
3065 2568 3332 2625 quaestura
3384 2574 3448 2613 ac
3482 2559 3699 2626 luxum,

2119 2651 2284 2709 atque
2324 2644 2543 2697 utinam
2584 2660 2693 2698 non
2737 2656 2793 2700 et
2834 2648 3143 2717 principum
3192 2649 3401 2717 populi,
3438 2650 3699 2719 spelunca

2120 2732 2394 2788 latronum
2446 2735 2639 2792 eﬁ'ecta
2691 2738 2814 2792 est?
2869 2736 3065 2793 Verum
3099 2750 3229 2794 tunc
3277 2741 3560 2811 ingressus
3610 2754 3697 2797 est

2120 2823 2337 2892 quidem
2366 2823 2528 2882 Jesus
2555 2827 2609 2880 in
2636 2828 2894 2898 templum
2928 2828 3043 2896 Dei,
3070 2830 3228 2901 751
3264 2840 3318 2886 et
3341 2832 3469 2887 illud
3495 2848 3698 2904 expur-

2120 2916 2286 2983 gavit,
2335 2917 2527 2985 ejectis
2577 2920 2835 2976 omnibus
2885 2920 3246 2977 vendentibus
3291 2932 3345 2977 et
3386 2927 3697 2980 ementibus

2121 3004 2175 3058 in
2212 3008 2432 3077 templo,
2469 3017 2523 3063 et
2550 3011 2754 3066 mensis
2790 3011 3286 3067 nummulariorum
3316 3016 3541 3082 eversis,
3588 3033 3697 3073 una

2122 3109 2249 3150 cum
2280 3098 2560 3156 cathedris
2601 3100 2657 3154 in
2697 3100 2900 3169 quibus
2943 3102 3207 3156 sedebant
3251 3104 3347 3173 qui
3390 3106 3700 3161 vendebant

2122 3188 2421 3245 columbas.
2470 3189 2626 3246 Nune
2671 3200 2854 3246 autem
2892 3194 3136 3262 quandiu
3185 3209 3293 3249 non
3340 3196 3699 3252 observantur

2121 3281 2216 3352 qui
2256 3282 2310 3336 in
2364 3283 2588 3338 nomine
2618 3282 2747 3339 Jesu
2784 3283 2987 3339 Christi
3033 3285 3198 3340 simul
3250 3285 3306 3340 in
3340 3290 3700 3345 conventibus

2121 3382 2341 3438 coeunt,
2369 3374 2405 3427 ii
2438 3383 2568 3430 sunt
2592 3376 2686 3445 qui
2715 3376 2978 3437 vendunt,
3005 3383 3058 3429 et
3089 3385 3280 3432 emunt
3303 3378 3357 3432 in
3389 3380 3611 3450 templo,
3645 3393 3701 3438 et

2121 3465 2330 3534 reliqua
2368 3465 2601 3531 faciunt,
2647 3482 2825 3537 neque
2866 3469 2934 3523 iis
2968 3469 3080 3522 ullo
3107 3469 3271 3523 modo
3304 3472 3596 3527 videndum
3640 3491 3699 3528 se

2119 3558 2211 3611 dat
2231 3555 2412 3620 Jesus,
2438 3567 2518 3623 ut,
2539 3559 2728 3628 ejectis
2753 3560 2881 3628 illis,
2905 3561 3146 3629 reliquos
3167 3571 3364 3628 servet,
3383 3565 3465 3618 vel
3492 3574 3550 3619 ut
3576 3567 3696 3622 illos

2114 3650 2321 3718 ejectos
2365 3650 2418 3703 in
2459 3651 2667 3720 peccati
2713 3652 2797 3707 sui
2839 3654 3170 3722 agnitionem
3217 3665 3272 3710 et
3302 3658 3695 3713 conscientiam

2116 3740 2372 3807 adducat,
2404 3752 2457 3796 et
2487 3743 2540 3796 in
2575 3743 2837 3812 templum
2873 3759 3092 3809 rursus,
3142 3758 3253 3799 non
3285 3747 3576 3814 vendendi,
3611 3750 3695 3802 vel

1626 3876 1856 3934 VETUS
1894 3877 2475 3936 INTERPRETATIO.

396 4001 623 4072 dignis,
656 4001 749 4056 sed
785 4002 1042 4071 spelunca
1073 4000 1366 4072 latronum.
1398 3999 1502 4067 Qui
1527 4001 1672 4054 enim
1696 3998 2009 4072 considerat
2035 4000 2090 4054 in
2124 3999 2313 4072 multi_s
2344 3996 2822 4072 Ecclesiistalium
2853 3998 3293 4072 Christianorum
3327 4012 3569 4070 peccata,
3600 4005 3695 4070 qui

422 4068 756 4142 arbitrentur
804 4068 1071 4142 quaestum
1112 4086 1236 4142 esse
1288 4071 1566 4142 pietatem,
1594 4080 1664 4142 et
1705 4084 1831 4126 cum
1866 4069 2123 4142 deberent
2160 4068 2768 4142 de_Evangelio_vivere
2806 4071 3106 4125 secundum
3150 4072 3295 4142 quod
3328 4068 3507 4126 vivere
3543 4068 3697 4127 decet

424 4156 615 4196 servos
645 4140 760 4208 Dei,
800 4138 903 4197 hoc
930 4156 1036 4195 non
1068 4138 1301 4205 faciunt,
1326 4142 1418 4195 sed
1454 4141 1671 4195 divitias
1709 4148 1763 4194 et
1790 4139 1994 4193 multas
2020 4140 2401 4209 possessiones
2429 4138 2759 4208 acquirunt:
2797 4154 2978 4194 nonne
3008 4138 3492 4209 dicet‘speluncam
3529 4142 3694 4195 latro-

423 4227 554 4265 num
589 4211 785 4266 iactam
814 4227 937 4267 esse
970 4211 1073 4267 sub
1104 4212 1209 4265 illis
1234 4210 1557 4273 Ecclesiam,
1598 4219 1657 4264 ut
1690 4218 1835 4265 recte
1871 4210 2018 4264 dicat
2050 4209 2304 4265 Christus
2337 4208 2405 4262 ad
2439 4224 2533 4278 eos
2559 4217 2777 4278 propter
2798 4208 3217 4278 dissipationem’
3246 4209 3499 4265 Ecclesia:
3538 4226 3690 4267 suae:

426 4298 446 4332 ι
485 4280 618 4348 Qua!
644 4283 852 4337 utilitas
873 4283 927 4335 in
942 4282 1213 4351 sanguine
1238 4296 1384 4346 meo,
1415 4282 1543 4335 dum
1569 4281 1842 4336 descendo
1865 4281 1921 4334 in
1946 4277 2438 4351 corruptionem?)
2478 4277 2604 4351 Item
2633 4278 2749 4347 ipse
2777 4294 2872 4348 per
2895 4277 3173 4351 Michaeam
3204 4279 3296 4334 tali
3322 4283 3484 4335 modo
3512 4300 3526 4336 ι
3557 4300 3575 4333 c
3604 4279 3693 4336 Vae

421 4352 556 4405 mihi
590 4354 851 4429 quoniam
897 4348 1070 4407 factus
1098 4368 1221 4429 sum
1254 4351 1397 4429 sicut
1428 4352 1519 4429 qui
1551 4351 1762 4429 colligit
1793 4350 2050 4429 stipulam
2090 4348 2145 4402 in
2186 4364 2384 4415 messe,
2426 4357 2481 4429 et
2522 4348 2666 4429 sicut
2700 4350 2793 4429 qui
2828 4364 3106 4429 racemum
3142 4350 3196 4404 in
3233 4351 3524 4429 vindemia,
3560 4367 3688 4429 cum

420 4435 531 4494 non
566 4418 649 4494 sit
667 4424 848 4477 botrio
874 4426 940 4477 ad
965 4418 1810 4494 manducandumprimogenita.
1836 4420 1926 4474 Va:
1951 4420 2149 4494 anima:
2177 4419 2483 4494 meae,_quia
2505 4418 2664 4494 periit
2691 4418 2978 4474 timoratus
3004 4435 3034 4474 a
3060 4429 3223 4487 terra,
3251 4428 3305 4476 et
3334 4423 3429 4494 qui
3454 4423 3693 4494 corrigat

424 4490 478 4543 in
508 4492 824 4548 hominibus
848 4508 953 4547 non
982 4504 1085 4547 est.
1121 4512 1139 4544 ι
1170 4491 1378 4546 Etcum
1409 4488 1745 4546 intellexeris
1769 4490 1955 4545 Jesum
1985 4490 2254 4560 dicentem
2290 4489 2437 4560 talia,
2461 4499 2515 4560 et
2536 4488 2809 4560 lugentem
2843 4498 3062 4558 peccata
3086 4503 3292 4560 nostra,
3316 4488 3500 4560 aspice
3528 4488 3693 4548 simul

420 4567 475 4613 et
498 4562 629 4632 illud
663 4564 809 4632 quod
834 4564 888 4617 in
916 4562 1208 4632 Evangelio
1247 4562 1508 4617 scribitur
1547 4580 1561 4615 :
1599 4578 1633 4632 (ν
1658 4561 1797 4616 Cum
1826 4558 2416 4632 vidissetiJerusalem,
2438 4557 2792 4632 llevit’super
2819 4557 2962 4627 eam,
2993 4568 3049 4614 et
3084 4559 3243 4632 dixit.
3277 4579 3296 4612 ι
3337 4557 3405 4615 Et
3445 4561 3490 4616 si
3522 4565 3692 4616 ratio-

423 4578 475 4613 ct
498 4578 629 4616 ntuu
663 4578 809 4632 quoa
834 4580 888 4617 in
916 4578 1063 4617 man
1104 4578 1208 4616 eno
1247 4578 1508 4617 scribitur
1547 4580 1561 4615 :
1599 4578 1619 4611 ι
1658 4578 1797 4616 ωιτη
1826 4578 2052 4614 vidisset
2090 4578 2416 4621 Jerusalem,
2452 4578 2599 4613 ttevu
2627 4578 2792 4627 super
2819 4578 2962 4627 eam,
2993 4578 3049 4614 et
3086 4578 3243 4615 uixit.
3277 4579 3296 4612 ι
3337 4578 3405 4615 ut
3445 4578 3490 4616 sn
3522 4578 3691 4616 ratio-

423 4631 676 4687 nabiliter
700 4633 848 4687 ﬂevit
886 4648 1053 4702 super
1069 4578 1405 4696 gerusalem,
1451 4640 1507 4687 et
1540 4629 2108 4702 rationabiliusgﬂebit
2128 4644 2293 4699 super
2324 4627 2626 4702 Ecclesiam
2657 4628 2976 4702 aediﬁcatam
3003 4630 3221 4700 quidem
3248 4641 3305 4685 ut
3325 4642 3470 4687 esset
3493 4632 3691 4688 domus

422 4703 709 4769 orationis,
741 4697 1155 4758 factam—autem
1180 4710 1404 4772 propter
1446 4702 1624 4771 turpia
1649 4701 1797 4755 lucra
1838 4700 2097 4772 etgluxus
2136 4697 2496 4772 quorumdam
2526 4697 2709 4772 (quod
2730 4699 2946 4772 utinam
2984 4697 3094 4754 non
3127 4702 3345 4772 esset!)
3380 4702 3687 4772 principum

421 4774 607 4840 populi
656 4767 973 4843 speluncam
1010 4767 1457 4843 latronum'._Sed
1495 4767 1625 4826 tunc
1654 4772 1874 4840 quidem
1905 4770 2127 4843 intravit
2153 4768 2313 4825 Jesus
2346 4769 2399 4822 in
2433 4767 2693 4837 templum
2728 4767 2843 4843 Dei,
2883 4779 2938 4823 et
2971 4770 3255 4843 mundavit
3283 4767 3435 4843 illud,
3465 4767 3691 4843 ejiciens

423 4840 716 4899 vendentes
746 4852 800 4898 et
826 4851 1070 4898 ementes
1095 4843 1150 4895 in
1174 4841 1398 4910 templo,
1421 4851 1476 4894 et
1497 4855 1718 4895 mensas
1748 4840 2525 4910 nummulariprumievertens
2556 4848 2609 4893 et
2643 4840 2933 4910 cathedras
2966 4841 3318 4894 vendentium
3356 4842 3636 4894 columbas
3672 4860 3686 4896 :

422 4924 570 4983 nunc
601 4923 782 4968 autem
814 4914 1074 4983 quamdiu
1113 4927 1220 4965 non
1254 4907 1563 4983 visitantur,
1599 4911 1692 4979 qui
1726 4910 2041 4983 in__nomine
2073 4907 2217 4983 Jesu_
2241 4909 2447 4983 Christi
2480 4910 2815 4964 conveniunt
2853 4909 2907 4963 in
2954 4909 3160 4983 ipsum,
3196 4917 3325 4963 sunt
3359 4910 3412 4963 in
3447 4924 3689 4965 conven~

423 4981 572 5038 tibus
599 4976 891 5038 vendentes
922 4992 977 5036 et
1010 4992 1253 5037 ementes
1284 4982 1337 5034 in
1372 4982 1592 5049 templo,
1616 4976 1684 5035 et
1724 4979 1931 5049 reliqua
1966 4980 2154 5034 omnia
2192 4976 2481 5042 facientes,
2520 4983 2575 5034 et
2616 4994 2891 5050 nusquam
2919 4976 2999 5034 eis
3031 4978 3285 5034 Christus
3331 4990 3578 5050 apparet,
3632 4990 3691 5035 ut

494 5121 535 5152 ’“
565 5119 708 5176 Psal.
743 5136 869 5174 χλιι
893 5160 908 5187 ,
945 5118 1031 5172 10.
1107 5120 1151 5150 ⁸²
1174 5116 1338 5172 Mich.
1376 5133 1471 5182 vti,
1504 5118 1555 5184 1,
1587 5117 1639 5172 2.
1716 5118 1761 5149 ⁸³
1791 5116 1923 5173 Luc.
1955 5134 2067 5182 tux,
2102 5117 2192 5172 Η.

2106 5274 2161 5320 et
2188 5264 2386 5322 Arabs.
2427 5264 2709 5330 Hebraice,
2751 5248 2954 5326 Humi.
3002 5263 3132 5320 ltem
3169 5282 3183 5318 :
3218 5262 3494 5318 ἀπόλωλεν
3533 5260 3691 5317 εὐλα·

2105 5336 2231 5406 6ης,
2253 5336 2325 5389 ita
2346 5336 2514 5389 editio
2530 5335 2958 5412 Complutensis,
2977 5345 3029 5412 et
3046 5335 3274 5412 Aldina;
3298 5332 3685 5412 Hieronymus,

2114 5424 2134 5457 ι
2163 5402 2461 5475 reverens;
2493 5425 2511 5455 ι
2563 5414 2619 5458 at
2670 5402 2922 5470 Sixtina,
2974 5404 3236 5475 εὐσεϐής,
3266 5402 3364 5475 cui
3414 5402 3689 5475 consentit

2107 5476 2318 5538 Arabs;
2347 5473 2620 5529 Jonathan
2643 5514 2658 5538 ,
2700 5493 2720 5525 ε
2749 5471 3168 5539 ωἱεετίροηιθεξ
3186 5492 3206 5545 ρ
3243 5471 3349 5545 _Syi
3365 5487 3428 5526 us
3448 5512 3460 5532 ,
3500 5490 3518 5523 ι
3544 5472 3689 5545 intc-

2106 5560 2201 5614 ger
2235 5564 2253 5596 ι
2277 5545 2544 5600 Eumdem
2568 5546 2722 5614 hunc,
2740 5546 2945 5612 locum,
2971 5545 3120 5614 hom.
3139 5540 3547 5614 _M_t'n'.lerem.,'
3564 5557 3689 5611 pro-

2105 5612 2600 5737 {ereiisIOrigenes,
2633 5613 2884 5686 στάχυος,
2912 5625 3041 5681 etc.,
3072 5612 3309 5685 εὐλαϐής
3330 5654 3344 5680 ,
3375 5623 3690 5670 constanter

2125 5694 2253 5737 cett.
2316 5701 2371 5737 ι).

2125 5694 2253 5754 egit.
2292 5694 2371 5739 In.

492 5270 629 5391 (1⁸ΙίΙ
638 5271 752 5352 μαι
785 5269 851 5323 τὸ
882 5270 1002 5323 ἀπὸ
1024 5268 1151 5351 τοῦ,
1179 5267 1259 5333 ὠς
1282 5262 1462 5335 οἶμαι,
1495 5265 1691 5347 ’.οφιά
1715 5274 1822 5323 etc.
1853 5265 1994 5347 Osce

494 5356 547 5391 m
639 5341 807 5391 ichaea
838 5353 1114 5391 memoria:
1147 5337 1318 5391 falsus
1364 5335 1631 5391 confudit.
1670 5336 1815 5391 ldem
1859 5337 1991 5390 alth

421 5335 547 5395 cum
583 5335 807 5393 Micluea
838 5340 1114 5394 memoria:
1147 5337 1318 5391 falsus
1364 5335 1631 5391 confudit.
1670 5336 1815 5391 ldem
1859 5337 1991 5390 alibi

422 5418 612 5483 peccat
640 5423 1034 5483 saepenumero,
1063 5407 1521 5483 quemadmodum
1547 5406 1664 5460 viro
1701 5405 1998 5483 scripturae

424 5475 646 5550 quidem
670 5475 1187 5550 callentissimo,_sed
1211 5478 1329 5550 ejus
1352 5475 1470 5531 loca
1496 5476 1822 5550 inconsultis
1842 5476 1997 5550 libris

422 5546 736 5603 memoriter
766 5550 1033 5609 recitanti,
1052 5557 1108 5602 et
1127 5549 1195 5601 ad
1214 5549 1318 5601 aha
1344 5546 1655 5615 properanti
1684 5561 1787 5602 usu
1812 5546 1997 5600 venire

422 5620 626 5674 debuit.
654 5616 916 5673 HUETIUB.

493 5690 606 5761 (l8)
634 5690 768 5761 οὐκ
816 5688 991 5761 ὄντος
1027 5686 1314 5761 στάχυος.
1365 5685 1609 5761 Vulgata:
1648 5683 1755 5761 τῶν
1795 5686 1850 5761 ρξ
1878 5684 1994 5738 edi-

424 5752 600 5816 tiones
633 5759 868 5813 habent:
902 5752 1015 5827 Οὐχ
1045 5752 1380 5828 ὑπάρχοντος
1412 5752 1654 5828 βότρυος.
1699 5753 1776 5809 lta
1818 5752 1991 5826 Syrus
