4086 6466
412 366 548 420 “53
1350 357 1702 413 COMMENT.
1747 357 1811 411 IN
1852 356 2270 414 MATTIUEUM
2308 357 2544 413 TOMUS
2586 356 2722 410 XVI.
3529 360 3664 414 14⁸τῶ

402 473 495 528 τοῦ
526 469 662 527 Θεοῦ
716 470 856 533 δλον,
908 471 1006 541 τὴν
1054 468 1235 522 πᾶσαν
1276 465 1619 536 Ἐκκλησίαν,
1664 465 1781 535 τὴν,
1828 466 1886 532 ἐξ
1926 459 1987 519 οὗ

2049 496 2060 527 ,
2089 466 2275 520 stituta
2306 474 2391 522 est
2413 465 2674 532 Ecclesia,
2721 466 2774 519 in
2816 464 3036 519 nomine
3067 462 3268 520 Christi
3305 466 3370 521 ad
3404 481 3662 523 eonSum-

404 563 643 635 συνέστη
705 560 999 631 Ἐκκλησία
1023 599 1038 622 ,
1097 561 1154 613 ὲν
1176 558 1399 628 ὀνόματι
1437 557 1674 627 Χριστοῦ
1729 573 1988 628 συνεστη-

2092 557 2386 611 mationem
2441 571 2614 626 usque
2665 555 2849 610 saeculi
2902 562 3253 625 perseverat,
3304 566 3667 626 quoscunque

405 657 567 710 κυῖαν
603 654 765 725 μέχρι
783 653 886 723 τῆς
921 650 1227 712 συντελεὶας
1256 648 1350 702 τοῦ
1377 648 1591 711 αἰῶνος,
1626 647 1720 712 οὓς
1751 647 1817 701 ἂν
1854 647 1990 719 εὕρῃ

2090 661 2155 700 ex
2198 647 2265 701 iis
2292 647 2385 716 qui
2433 647 2486 701 in
2515 646 2720 716 templo
2750 644 2845 700 Dei
2890 661 3013 700 esse
3040 645 3360 710 creduntur,
3399 649 3665 716 emptioni

404 744 484 817 τῷ
508 745 708 798 πωλεῖν
738 744 833 797 καὶ
859 741 1150 814 ἀγοράζειν
1174 740 1542 812 σχολάσαντας
1562 739 1671 792 τῶν
1707 738 1993 810 νομιζομέ-

2094 735 2501 806 venditiouique
2543 751 2764 806 operam
2803 735 3017 791 dedisse
3062 737 3417 805 compererit,
3453 736 3667 806 ejiciet;

408 846 515 883 νων
544 823 682 882 εἶναι
713 830 772 881 ὲν
803 828 881 899 τῷ
911 827 1041 899 ἱερῷ
1062 827 1158 881 τοῦ
1182 827 1317 881 Θεοῦ
1347 826 1551 901 ἐκϐάλῃ
1593 828 1738 899 (27)°
1783 830 1878 882 καὶ
1900 827 1990 892 οὓς

2092 840 2341 896 quosque
2375 841 2591 880 mensas
2624 826 2903 890 statuisse,
2938 834 2993 880 et
3024 826 3406 881 nummularice
3448 828 3524 881 rei
3572 843 3666 881 va-

409 918 474 974 ἃν
504 918 638 992 εὕρῃ
672 919 949 991 τραπέζας
973 919 1252 991 πήξαντας
1280 920 1374 974 καὶ⁵
1402 920 1718 989 γινομένους
1746 920 1993 974 κολλυϐιο

2093 932 2249 972 casse
2276 916 2711 987 deprehenderit,
2746 916 2951 972 eversis
2991 932 3180 972 eorum
3217 919 3446 983 mensis,
3474 932 3666 987 pecca-

413 1004 566 1068 στὰς,
601 1004 834 1072 ἐλέγξει,
866 1004 1249 1077 καταστρέψας
1267 1004 1446 1058 αὐτῶν
1471 1005 1570 1069 τὰς
1583 1006 1880 1077 τραπέζας,
1899 1007 1994 1060 καὶ

2093 1006 2273 1076 tisque
2312 1006 2569 1062 omnibus
2602 1005 2746 1061 circa
2775 1006 3062 1077 pecuniam
3108 1009 3385 1072 admissis,
3413 1023 3667 1064 sermone

412 1093 490 1164 τῷ
515 1094 656 1165 λόγῳ
695 1094 878 1162 δείξας
926 1090 1014 1148 οἷα
1041 1095 1170 1167 περὶ
1214 1094 1276 1147 τὸ
1307 1094 1572 1168 ἀργύριον
1606 1099 1955 1168 ἡμαρτήκασι
1976 1114 1989 1128 ’

2093 1098 2297 1168 apertis
2326 1114 2392 1154 ac
2420 1097 2725 1168 patefactis,
2760 1107 3048 1169 coarguet;
3072 1109 3203 1154 tunc
3231 1115 3449 1170 quoque
3475 1116 3665 1156 eorum

411 1184 534 1239 τότε
556 1184 615 1239 δὲ
643 1186 738 1240 καὶ
763 1186 882 1250 τὰς,
916 1185 992 1249 ὡς
1019 1184 1419 1257 διηγησάμεθα,
1446 1186 1714 1258 καθέδρας
1742 1188 1851 1243 τῶν
1880 1203 1995 1241 πω-

2093 1190 2283 1255 etiam,
2332 1199 2392 1245 ut
2424 1190 2694 1256 diximus,
2741 1190 2837 1259 qui
2881 1189 3164 1245 columbas
3194 1190 3455 1257 vendunt,
3483 1191 3669 1246 cathe-

413 1275 646 1332 λούντων
673 1276 773 1341 τὰς
798 1277 1127 1349 περιστερὰς
1154 1278 1537 1349 καταστρέψει.
1568 1279 1628 1331 El
1652 1278 1710 1332 δέ
1731 1296 1814 1343 τις
1840 1279 1994 1334 οὐδὲν

2094 1280 2222 1335 dras
2249 1280 2544 1336 subvertet.
2571 1279 2727 1348 Quod
2761 1282 2809 1335 si
2839 1280 3013 1335 tribus
3044 1279 3128 1335 bis
3156 1280 3444 1351 generibus
3471 1281 3667 1351 aliquis

411 1371 521 1425 τῶν
551 1371 716 1443 τριῶν
734 1371 938 1426 τούτων
964 1371 1121 1426 εἰδῶν
1145 1371 1279 1444 ἔχει,
1299 1374 1396 1428 καὶ
1422 1375 1482 1426 ὲν
1506 1373 1584 1444 τῷ
1614 1373 1726 1445 ναῷ
1749 1375 1996 1446 εὑρίσκε-

2092 1372 2414 1442 neutiquam
2459 1370 2626 1427 fuerit
2670 1370 2868 1437 afﬁnis,
2896 1378 2949 1424 et
2978 1370 3033 1425 in
3058 1368 3154 1426 Dei
3188 1370 3386 1441 templo
3420 1370 3667 1426 invenia-

412 1481 503 1518 ται
534 1463 629 1517 τοῦ
657 1463 814 1529 Θεοῦ,
846 1464 1146 1535 θαρρεηιτωο
1176 1464 1300 1518 οὗτε
1329 1463 1440 1537 γὰρ
1467 1464 1860 1536 ἐκϐληθήσεται
1891 1465 1997 1519 ὑπὸ

2096 1472 2205 1528 tur,
2243 1463 2480 1519 conﬁdat
2524 1463 2650 1530 ille;
2709 1478 2738 1517 a
2777 1460 2905 1518 Iesu
2947 1461 3092 1517 enim
3142 1461 3365 1517 minime
3402 1460 3667 1531 ejicietur,

412 1555 509 1609 τοῦ
564 1556 742 1627 Ἰησοῦ
765 1597 781 1621 ,
837 1555 963 1610 οὔτε
1008 1574 1062 1611 τι
1097 1557 1205 1610 τῶν
1242 1555 1408 1610 αὐτοῦ
1457 1558 1992 1629 καταστραφήσεται,

2092 1571 2272 1626 neque
2313 1556 2379 1610 de
2420 1555 2585 1611 rebus
2626 1555 2691 1610 ad
2733 1570 2859 1609 eum
2912 1554 3313 1624 pertinentibus
3372 1554 3669 1625 quidquam

413 1647 527 1701 οὔθ’
556 1648 633 1713 ὡς
662 1650 894 1720 ποιήσας
937 1650 1029 1703 τὸν
1058 1645 1207 1703 οἷκον
1243 1648 1553 1721 προσευχῆς
1603 1649 1865 1721 σπήλαιον
1901 1650 1996 1721 λῃ-

2094 1655 2394 1712 evertetur,
2445 1661 2623 1717 neque
2666 1645 2973 1716 quasi-qni
3029 1646 3300 1702 latronum
3356 1648 3667 1717 speluncam

418 1738 558 1791 στῶν
607 1739 1035 1810 ὀνειδισθήσεται
1071 1739 1147 1802 ὡς
1188 1739 1424 1813 λῃστὴς,
1453 1741 1540 1793 ὅτε
1573 1739 1994 1812 κολασθήσονται
2028 1809 2031 1813 ι

2097 1735 2319 1793 domum
2387 1736 2652 1794 orationis
2702 1735 2933 1800 fecerit,
2981 1737 3164 1792 verbis
3225 1746 3484 1808 tanquam
3535 1738 3673 1792 latro

412 1831 464 1882 οἱ
487 1831 810 1901 ποιήσαντες
929 1829 1135 1885 ἑαυτῶν
1161 1806 1385 1902 λῃστεὶα
1410 1833 1505 1885 καὶ
1531 1832 1714 1905 ἀδικίᾳ
1733 1806 1826 1887 τὸν
1847 1830 1995 1886 οἶκον

2060 1812 2488 1899 ‘castigabitur;
2540 1843 2665 1884 cum
2726 1842 2919 1898 pmuas
2965 1829 3193 1893 dabunt,
3224 1806 3673 1898 qui'latrociniis

415 1919 514 1990 τῆς
545 1919 852 1991 προσευχῆς
881 1919 1142 1990 σπήλαιον
1167 1918 1399 1992 λῃστῶν.

2096 1918 2213 1973 suis
2256 1928 2310 1972 et
2345 1918 2586 1988 nequitia
2614 1919 2836 1974 domum
2871 1917 3134 1974 orationis
3151 1920 3422 1974 latronum
3454 1920 3668 1991 spelunv

2095 2024 2217 2064 cam
2251 2007 2517 2064 fecerunt.

488 2101 794 2173 Εἰρημένου
821 2100 930 2173 (28)
964 2099 1140 2155 τοίνυν
1169 2102 1248 2164 εἰς
1274 2101 1339 2153 τὸ
1367 2101 1531 2172 ῥητὸν
1557 2100 1656 2172 τῆς
1695 2100 1998 2155 ὑποπεσού-

2168 2100 2258 2156 25.
2302 2099 2600 2172 Postquam
2644 2116 2775 2174 ergo
2821 2104 3181 2174 excogitatam
3225 2118 3256 2157 a
3282 2101 3462 2166 nobis,
3490 2113 3544 2156 et
3572 2101 3668 2159 Ee-

419 2214 519 2270 σης
543 2198 673 2268 ἡμῖν
702 2196 794 2249 καὶ
814 2198 895 2260 εἰς
922 2195 1019 2267 τήν
1058 2193 1378 2264 Ἐκκλησίαν
1399 2191 1562 2264 διχῶς
1602 2193 1999 2266 ἀποδεδομένης

2097 2192 2277 2249 clcsia:
2304 2193 2505 2264 duplici
2537 2194 2702 2250 modo
2732 2194 3057 2267 applicatam
3089 2196 3485 2267 expositionem
3513 2211 3671 2266 super

416 2287 743 2358 ὃἹηγήσεως,
781 2287 913 2359 φέρε
948 2286 1086 2357 μετὰ
1116 2285 1289 2340 ταῦτα
1331 2284 1528 2355 ἴδωμεν
1565 2286 1613 2337 εἰ
1653 2283 1878 2339 δύναται
1906 2284 1998 2339 καὶ

2099 2287 2205 2341 hoc
2241 2286 2361 2341 loco
2400 2287 2746 2351 tradidimus,
2778 2288 3031 2358 agedum,
3067 2305 3134 2343 an
3167 2303 3235 2344 eo
3265 2302 3485 2359 quoque
3518 2297 3675 2358 pacto

416 2376 559 2431 οὕτω
576 2377 644 2431 τὰ
674 2378 813 2432 κατὰ
844 2378 934 2431 τὸν
967 2378 1128 2431 τόπον
1165 2375 1440 2449 νοηθῆναι.
1489 2376 1603 2429 Ούκ
1641 2377 1859 2430 ἔλαττον
1901 2377 1999 2447 τῆς

2099 2377 2325 2449 intelligi
2373 2377 2587 2447 possint
2628 2393 2751 2448 quae
2793 2377 2899 2434 hoc
2939 2378 3210 2434 habentur
3236 2379 3381 2446 loco,
3419 2387 3678 2450 praeterea

429 2467 753 2539 Ἐκκλησίας
780 2467 938 2537 φύσει
963 2468 1106 2540 ἱερόν
1134 2469 1249 2522 ἐστι
1267 2468 1400 2521 Θεοῦ
1428 2469 1577 2522 πᾶσα
1596 2467 1788 2539 λογικὴ
1816 2467 1998 2537 φύσις,

2098 2465 2401 2522 videamus.
2432 2466 2590 2523 llaud
2628 2482 2787 2523 secus
2816 2484 2881 2524 ac
2909 2467 3171 2536 Ecclesia,
3200 2470 3520 2525 naturaliter
3541 2478 3676 2524 tem-

417 2557 898 2629 κατεσκευασμένη
924 2558 1012 2611 ἶνα
1034 2558 1258 2629 χωρήσῃ
1280 2556 1436 2621 δόξαν
1457 2555 1593 2609 Θεοῦ
1615 2596 1630 2621 ,
1666 2555 1793 2626 περὶ
1822 2550 1890 2627 ἧς
1910 2555 2001 2624 γέ-

2100 2559 2248 2629 plum
2274 2556 2365 2613 Dei
2406 2567 2491 2612 est
2529 2558 2786 2613 universa
2830 2569 3024 2614 natura
3072 2560 3285 2614 ratione
3330 2560 3581 2631 prmdita,
3611 2561 3677 2615 ad

418 2664 662 2720 γραπται
712 2651 770 2703 ὲν
823 2652 889 2722 τῇ
937 2648 1166 2720 δευτέρᾳ
1209 2647 1315 2702 τῶν
1355 2648 1867 2719 Παραλειπομένων,
1905 2649 2003 2704 καὶ

2100 2647 2155 2703 id
2186 2656 2366 2703 creata
2400 2659 2460 2703 ut
2488 2649 2668 2720 capiat
2689 2649 2917 2719 gloriam
2944 2649 3057 2717 Dei,
3082 2665 3204 2721 qua:
3223 2650 3678 2721 Paralipomenon

419 2741 486 2810 τῇ
532 2739 690 2811 τρίτῃ
742 2739 851 2794 τῶν
902 2739 1217 2805 Μσιλειῶν,
1265 2740 1526 2810 ὀφθείσης
1557 2739 1692 2810 μετὰ
1727 2738 1828 2810 τὴν
1856 2740 2002 2793 οἰκο-

2101 2741 2365 2808 seeundo,
2394 2749 2449 2796 et
2480 2742 2644 2797 tertio
2670 2740 2880 2814 Regum
2911 2742 3029 2798 visa
3062 2757 3185 2799 esse
3221 2743 3279 2798 in
3319 2744 3520 2814 templo
3556 2751 3681 2814 post

416 2830 589 2903 δομὴν
612 2829 708 2886 τού
741 2830 847 2886 νεὼ
875 2835 933 2886 ὲν
963 2832 1129 2903 αὐτῷ.
1157 2832 1327 2886 Τοῦτο
1351 2831 1414 2904 δὴ
1446 2833 1508 2886 τὸ
1533 2831 1691 2902 φύσει
1720 2832 1831 2904 (29)
1856 2830 2000 2904 ἱερὸν

2100 2830 2276 2901 ipsius
2304 2841 2635 2889 structuram
2676 2844 2935 2890 narratur
2956 2835 3025 2887 ".
3073 2835 3131 2890 Id
3164 2844 3368 2898 autem,
3399 2836 3546 2907 quod
3578 2851 3678 2893 na-

414 2922 515 2977 τοῦ
545 2922 703 2988 Θεοῦ,
733 2923 829 2997 τὴν
859 2923 1060 2996 ψυχὴν,
1094 2923 1535 2996 πεπληρώκαμεν
1576 2924 1626 2976 οἱ
1659 2925 1999 2996 ἁμαρτάνον-

2098 2932 2224 2978 tura
2251 2934 2443 2995 suapte
2471 2926 2731 2996 templum
2759 2923 2855 2981 Dei
2882 2933 2986 2993 est,
3018 2926 3254 2980 animam
3287 2927 3511 2991 scilicet,
3546 2943 3675 2983 ven-

419 3032 512 3079 τες
532 3014 853 3070 πωλούντων
873 3018 966 3071 καὶ
992 3016 1368 3089 άγοραζόντων
1384 3015 1679 3086 λογισμῶν,
1714 3015 1808 3070 καὶ
1826 3014 2000 3071 ἄλλων

2099 3014 2356 3071 dentibus
2382 3024 2437 3072 et
2460 3017 2764 3074 ementibus
2789 3016 2951 3089 755
2981 3018 3419 3089 cogitationibus,
3447 3029 3501 3076 et
3525 3035 3675 3092 quae-

421 3111 550 3178 περὶ
573 3109 837 3182 ἀργυρίου
864 3110 1043 3164 πάντα
1081 3112 1425 3164 σκοπούντων
1464 3109 1829 3180 διαλογισμῶν
1853 3125 1867 3139 ·
1905 3125 2002 3162 πε·-

2068 3168 2072 3182 “
2103 3122 2321 3177 cunque
2351 3106 2417 3163 ad
2457 3122 2572 3163 rem
2608 3109 3034 3165 nummulariam
3073 3111 3348 3182 pertinent
3396 3112 3681 3167 attenden-

423 3164 789 3276 πληρώκαμεν
817 3203 874 3259 δὲ
902 3204 1325 3278 ἁμαρτάνοντες,
1348 3205 1443 3259 καὶ
1479 3164 1654 3258 ἄλλων
1682 3164 2002 3258 πωλούντων
2028 3176 2036 3216 ¹

2068 3168 2072 3222 ί
2106 3164 2253 3253 tibus
2283 3212 2383 3253 nos
2407 3207 2696 3268 peccantes
2724 3164 3150 3270 complevimtls;
3176 3208 3341 3271 atque
3373 3201 3496 3256 aliis
3528 3200 3681 3266 item,

421 3297 517 3348 καὶ
541 3296 645 3349 ἀπε
654 3296 1001 3367 μπολούντων
1022 3299 1075 3351 cf
1106 3314 1158 3351 τι
1186 3296 1339 3366 ἅγιον
1357 3297 1467 3366 (⁸50)
1488 3295 1840 3368 κατάλειμμα
1859 3296 1917 3349 ὲν
1933 3298 2001 3367 τῇ

2106 3289 2234 3344 dum
2270 3291 2509 3360 peccatis
2538 3289 2703 3345 dediti
2736 3305 2962 3357 sumus,
2995 3291 3357 3348 vendentibus
3394 3300 3448 3348 et
3486 3291 3685 3348 nundi-

421 3387 565 3460 ψυχῇ
590 3390 746 3460 ἡμῶν
772 3390 1085 3461 γεγένηται,
1107 3391 1242 3463 ὅπερ
1267 3384 1334 3461 ἦν
1362 3389 1680 3461 περιστερά.
1716 3389 1882 3458 Λέγει
1909 3378 2004 3443 οὖν

2104 3381 2369 3436 nantibus
2417 3380 2683 3453 quidquid
2717 3389 2966 3437 sanctum
3010 3381 3067 3437 in
3097 3383 3278 3438 anima
3321 3392 3509 3440 nostra
3554 3382 3682 3438 reli-

422 3483 534 3544 τοῖς
560 3482 1011 3553 ἁμαρτάνουσινό
1049 3483 1272 3554 Ἰησοῦς.
1303 3484 1396 3536 καὶ
1419 3483 1870 3555 πεπληρωμένοις
1905 3482 2003 3554 λῃ-
2104 3487 2273 3541 ηυιιπι
2322 3471 2447 3537 τοῖιν
2494 3471 2642 3542 quod
2693 3481 2812 3528 θηῑ
2856 3473 3130 3540 eorum“:
3186 3474 3531 3544 Γθρίθνίηδιιε·
3578 3472 3686 3541 ρυί

425 3570 565 3623 στῶν
601 3571 874 3645 λογισμῶν
920 3572 1012 3626 τόο
1045 3591 1065 3623 ι
1092 3573 1439 3644 Γέγραπται·
1469 3572 1527 3627 '0
1543 3568 1689 3634 οἶκός
1714 3588 1816 3643 μου
1850 3565 2000 3636 οἶκος

2100 3576 2236 3632 ergo
2272 3562 2509 3632 peccatis
2556 3561 2757 3617 addicti
2796 3570 2949 3630 sunt,
2985 3572 3042 3619 et
3089 3565 3528 3635 cogitationibus,
3563 3580 3685 3635 qua

424 3660 731 3732 προσευχῆς
778 3660 1112 3733 κληθήσεται
1130 3677 1144 3691 ·
1179 3662 1338 3732 ὑμεῖς
1368 3658 1426 3715 δὲ
1455 3660 1617 3715 αὐτὸν
1665 3660 2002 3733 πεποιήκατε

2106 3654 2380 3709 latronum
2411 3653 2620 3709 similes
2652 3653 2785 3718 sint,
2816 3653 3007 3724 repleti
3033 3664 3183 3722 sunt,
3215 3655 3282 3710 iis
3319 3655 3393 3710 ait
3418 3655 3579 3711 Iesus
3601 3658 3680 3709 u:

429 3751 691 3825 σπήλαιον
700 3754 937 3826 λῃστῶν.
952 3773 971 3806 t
990 3755 1051 3807 '0
1072 3754 1168 3825 μὲν
1184 3750 1277 3808 οὖν
1311 3753 1518 3825 Ἰησοῦς
1541 3754 1668 3816 τοὺς
1684 3752 2015 3823 ποιήσαντας

2128 3766 2146 3798 ι
2207 3744 2480 3816 Scriptum
2526 3754 2668 3801 est:
2722 3743 2929 3834 Domus
3002 3760 3156 3809 mea,
3231 3747 3427 3802 domus
3483 3748 3687 3804 oratio-

427 3843 687 3915 σπήλαιον
707 3836 919 3918 λῃστῶν
937 3844 1028 3925 τρν
1056 3841 1204 3898 οἷκον
1220 3844 1319 3915 τῆς
1337 3842 1644 3915 προσευχῆς
1673 3842 1740 3915 λῃ
1748 3843 1875 3906 στὰς
1895 3842 2009 3903 ἐξέ-

2113 3839 2199 3895 nis
2232 3836 2550 3903 vocabitur;
2598 3849 2698 3891 vos
2729 3844 2909 3892 autem
2945 3834 3153 3894 fecistis
3190 3836 3336 3891 illam
3371 3837 3684 3907 speluncam

426 3931 592 3985 ϐαλεν
613 3933 677 3985 ἐκ
698 3931 791 3985 τοῦ
826 3933 972 4005 ἱεροῦ
992 3949 1007 3967 ⁸
1034 3933 1084 3986 οἱ
1123 3932 1181 3986 δὲ
1215 3931 1287 3986 τὰ
1319 3932 1459 3987 αὐτὰ
1486 3935 1600 3996 τοῖς
1624 3932 1848 4002 λῃσταῖς
1878 3947 2009 4001 φρο-

2113 3930 2414 3984 latronum.
2448 3946 2466 3980 ι
2516 3926 2783 3985 Latrones
2818 3943 2973 4000 ergo,
3017 3928 3109 3999 qui
3153 3929 3377 3984 domum
3425 3930 3685 3985 orationis

425 4022 642 4087 νοῦντες
665 4025 793 4096 περὶ
829 4025 926 4096 μὲν
959 4022 1134 4095 ’ἰησοῦ
1157 4023 1442 4097 εἰρήκασι·
1474 4042 1493 4076 ι
1525 4022 1768 4094 Σταύρου
1790 4061 1805 4086 ,
1842 4020 2005 4075 σταύ-

2111 4019 2426 4091 speluncam
2461 4018 2708 4076 fecerunt
2741 4021 3038 4083 latronum,
3070 4021 3277 4092 templo
3302 4020 3461 4091 ejecit
3491 4018 3681 4077 Iesus:

429 4130 522 4186 ρον
544 4116 736 4170 αὐτόν’
772 4135 791 4169 ι
819 4117 948 4189 περὶ
983 4116 1039 4171 δὲ
1088 4114 1183 4170 τοῦ
1220 4114 1414 4189 λῃστοῦ
1442 4115 1731 4189 Βαρασδᾶο
1782 4134 1802 4167 ι
1841 4112 2001 4167 Ἀπό-

2107 4121 2163 4167 at
2209 4110 2303 4182 qui
2346 4110 2537 4166 eadem
2583 4110 2652 4165 de
2686 4109 2814 4166 Iesu
2858 4110 3100 4165 sentiunt
3144 4125 3266 4180 qua:
3313 4111 3576 4175 latrones,
3620 4110 3688 4166 de

425 4204 585 4262 λυσον
626 4209 755 4279 ὑμῖν
781 4208 872 4262 τὸν
908 4207 1217 4281 Βαραδϐᾶν.
1267 4227 1286 4260 ι
1323 4209 1523 4281 Διόπερ
1563 4206 1723 4279 μέχρι
1765 4207 2000 4279 σήμερον

2103 4204 2234 4262 Iesu
2267 4203 2484 4275 quidem
2516 4201 3476 4274 dixerunt“:cCrucitlge,cruciﬁge
3492 4219 3681 4270 eump

438 4302 680 4357 Ἰουδαῖοι
722 4302 927 4376 Ἰησοῦν
955 4305 1054 4375 μὲν
1076 4303 1176 4357 οὐκ
1208 4301 1439 4373 ἔχουσιν,
1469 4303 1528 4356 οὐ
1559 4301 1669 4373 γὰρ
1707 4297 2001 4354 πεπιστεύ-

2104 4295 2172 4352 de
2198 4295 2411 4350 latrone
2459 4302 2640 4349 autem
2674 4292 2920 4348 Barabba
2949 4309 2962 4345 :
2995 4311 3014 4344 ι
3042 4292 3262 4348 Dimitte
3307 4292 3465 4348 nobis
3490 4292 3686 4350 Barab-

427 4410 585 4449 κασιν
612 4397 692 4460 εἰς
713 4394 804 4450 τὸν
830 4395 956 4449 Υἱὸν
989 4395 1083 4451 τοῦ
1114 4392 1250 4448 Θεοῦ
1270 4412 1283 4424 ο
1316 4393 1500 4466 ἔχουσι
1539 4394 1596 4447 δὲ
1630 4394 1752 4466 μεθ’
1791 4390 1999 4447 ἑαυτῶν

2105 4389 2252 4446 bam.
2289 4409 2307 4441 ι
2358 4389 2631 4457 Quocirca
2682 4388 2747 4444 ad
2778 4388 2922 4444 banc
2976 4403 3151 4458 usque
3175 4386 3316 4443 diem
3346 4386 3535 4442 Iesum
3566 4394 3684 4460 qui-

1629 4527 1860 4587 VETUS
1899 4523 2487 4583 INTERPRETATIO.

428 4647 588 4720 fuerit
621 4663 729 4703 non
769 4648 976 4720 babens
1001 4650 1205 4720 aliquid
1239 4651 1305 4705 de
1333 4649 1419 4704 his
1441 4648 1783 4720 criminibus
1812 4648 2008 4713 tribus,
2043 4656 2096 4702 et
2140 4648 2393 4720 inventus
2421 4644 2589 4720 fuerit
2616 4660 2741 4720 esse
2769 4645 3087 4720 intemplo,
3116 4644 3376 4720 conﬁdat.
3405 4644 3516 4720 Nec
3541 4649 3686 4705 enim

427 4718 675 4798 ejicietur
697 4734 729 4773 a
754 4717 1007 4798 gul-isto,
1043 4716 1145 4775 nec
1168 4720 1374 4798 aliquid
1405 4719 1526 4790 ejus
1546 4717 2414 4798 evertetur,pecexprobrqbitur
2618 4716 3048 4798 feceritgomum
3077 4717 3344 4798 orationis
3371 4718 3686 4798 speluncam

429 4784 724 4844 latronum.
752 4787 893 4843 Puto
922 4784 1101 4845 autem
1129 4796 1184 4844 ct
1215 4784 1277 4844 in'
1301 4789 1407 4844 hoc
1433 4784 1679 4858 tempore
1706 4784 2221 4858 invisibiliter—venit
2244 4784 2406 4841 Iesus
2435 4784 2503 4841 ad
2533 4788 2779 4856 singulas
2811 4785 3102 4858 Ecclesias
3122 4785 3236 4850 Dei,
3273 4794 3327 4840 et
3362 4784 3514 4858 ejicit
3543 4805 3686 4858 quos

424 4874 599 4930 supra
621 4859 861 4914 diximus
892 4860 1087 4929 dignos
1124 4859 1413 4930 ejectioqe.
1439 4855 1885 4930 Quotiescunque
1907 4857 2289 4930 e_nim_excitat
2315 4855 2669 4912 tentationetu
2711 4871 2875 4928 super
2898 4855 3223 4923 Ecclesiam,
3252 4857 3399 4910 venit
3432 4858 3502 4913 ad
3537 4855 3684 4923 eam,

421 4927 688 5000 «visitet
720 4944 864 4993 eam,
890 4927 1317 5000 ut'faciat'quod
1341 4927 1520 5000 facere
1544 4927 1812 5000 scribitur
1832 4929 1887 4983 in
1925 4927 2036 5000 _hoc
2062 4928 2228 5000 loco:
2271 4994 2284 5000 _
2452 4995 2464 5000 _
2556 4994 2584 5000 _
2694 4996 2706 5000 _
2785 4927 2793 4928 “
2848 4995 2860 5000 _
3262 4948 3302 5000 _~

500 4998 592 5054 25.
626 4995 760 5061 Post
793 5000 910 5055 hac
944 4994 1229 5055 videamus
1260 5013 1329 5053 ne
1368 4997 1509 5053 fotte
1541 5007 1597 5053 et
1621 4998 1701 5054 sic
1736 4999 1890 5054 locus
1924 4998 2027 5052 iste
2057 4994 2286 5066 intelligi
2319 4995 2512 5066 possit.
2546 4994 2741 5051 Omnis
2775 4995 2919 5051 enim
2947 5004 3143 5051 natura
3174 4995 3515 5054 rationabilis
3541 5006 3684 5052 tem-

428 5067 577 5139 plum
613 5079 699 5125 est
729 5069 846 5132 Dei,
883 5084 1007 5138 qua:
1035 5070 1103 5124 ad
1134 5068 1236 5124 hoc
1266 5077 1353 5123 est
1380 5078 1584 5134 creata,
1619 5077 1680 5123 ut
1701 5070 1880 5138 capiat
1910 5068 2136 5139 gloriam
2178 5066 2290 5139 Dei.
2327 5066 2443 5139 Hoc
2475 5081 2607 5137 ergo
2631 5066 2886 5139 quodest
2919 5066 3239 5120 naturaliter
3265 5069 3531 5139 templum
3564 5067 3683 5131 Dei,

426 5135 483 5211 id
514 5147 599 5211 est
648 5139 854 5211 anima,
887 5135 1177 5211 implemus
1200 5148 1490 5209 peccantes
1520 5135 1853 5211 quibusdam
1887 5135 2107 5211 quidem
2140 5136 2525 5211 vendentibus,
2547 5135 2886 5211 quibusdam
2911 5143 3103 5211 autem
3134 5135 3444 5211 ementibus
3468 5139 3683 5211 cogita-

426 5208 671 5264 tionibus
700 5204 884 5275 malis,
913 5204 980 5264 et"
999 5209 1045 5266 si
1075 5204 1279 5277 aliquid
1312 5204 1567 5263 sanctum
1599 5210 1869 5277 reliquum
1901 5204 1987 5263 est
2012 5208 2279 5277 inanima
2304 5216 2512 5273 nostra,
2544 5204 2696 5275 quod
2729 5213 2813 5258 est.
2838 5204 3114 5277 columba.
3149 5204 3291 5262 Dicit
3310 5222 3447 5277 ergo
3476 5204 3568 5263 ad'
3587 5221 3682 5263 eos

426 5278 524 5350 qui
559 5287 812 5348 peccant,
845 5288 898 5335 et
927 5281 1070 5350 pleni
1108 5275 1239 5335 sunt
1268 5278 1482 5334 furibus
1506 5275 1934 5350 cogitationibus
1960 5295 1979 5350 λε
2015 5294 2036 5329 ι
2074 5275 2281 5330 Demus
2318 5290 2476 5350 tnea,_
2492 5282 2695 5329 domus
2720 5275 3330 5350 9rationis_vocabitur._
3365 5275 3471 5332 Vos
3496 5287 3680 5334 autem

429 5295 521 5345 qut
559 5295 812 5348 peccant,
845 5295 898 5335 et
927 5295 1070 5350 ptem
1108 5295 1239 5335 sunt
1268 5295 1482 5334 tut-tuus
1506 5295 1573 5334 eo
1614 5295 1934 5334 ttanomnus
1965 5295 1979 5332 :
2015 5295 2036 5329 ι
2074 5295 2281 5330 uemus
2318 5295 2459 5340 mea,
2492 5295 2695 5329 nonius
2721 5295 2988 5330 oraumns
3013 5295 3317 5332 vocabitur.
3369 5295 3471 5332 vos
3496 5295 3680 5334 autent

429 5345 634 5404 fecistis
662 5364 783 5404 eam
814 5352 1131 5420 speluncam
1171 5350 1463 5405 latronum.
1498 5368 1519 5402 ›
1558 5295 1626 5403 ἐι
1649 5346 1812 5405 Iesus
1840 5348 2061 5419 quidem
2095 5361 2193 5402 eos
2236 5344 2331 5415 qui
2366 5345 2681 5415 speluncam
2712 5342 2959 5400 fecerant
2992 5345 3267 5401 latronum
3300 5347 3526 5402 domum
3558 5362 3683 5402 ora-

430 5483 541 5610 “:
572 5482 851 5612 θεῖτε,
885 5488 951 5544 ll
978 5505 992 5554 ;
1024 5486 1095 5542 Ill
1127 5488 1257 5563 Reg.
1300 5503 1421 5555 vnt,
1455 5486 1542 5541 ll.
1582 5562 1583 5565 η
1618 5486 1665 5519 ’⁸
1698 5486 1883 5545 Matth.
1933 5500 2050 5552 att,
2097 5484 2184 5538 15.
2274 5483 2323 5514 ⁸³
2352 5482 2543 5538 Matth.
2576 5500 2746 5550 xxvn,
2777 5484 2867 5551 2|,
2914 5483 3024 5552 εἰς
3060 5483 3193 5540 Luc.
3244 5501 3401 5553 tam,
3452 5486 3541 5551 l9,
3574 5487 3682 5555 il;

531 5572 584 5609 n.
614 5572 650 5611 ι
718 5598 731 5612 .
803 5594 817 5609 .

531 5572 584 5609 n.
614 5571 731 5620 nx.
761 5571 817 5612 ο.

500 5690 617 5771 (ἓξ)
657 5696 934 5771 Fama.
963 5697 1124 5771 Forte
1160 5699 1507 5757 scribendum
1538 5700 1775 5756 ὲκδαλετ.

2181 5700 2294 5771 (9.9)
2334 5699 2512 5755 Τοῦτο
2540 5695 2642 5771 δῇ,
2671 5696 2943 5771 etc._Vide
2970 5697 3189 5771 Origen.
3237 5709 3273 5756 t.
3307 5717 3344 5756 It
3372 5701 3424 5754 in
3446 5700 3604 5758 Joun.

501 5741 615 5836 (isi
648 5741 1775 5843 5W5."i’Jn‘E-TLiL‘ﬁ'LE‘QBHWW"

1571 5741 1775 5756 mm"
2181 5741 2298 5840 ὶΞῶ
2335 5741 3184 5838 35512136663tt'égibi'é‘iii
