4086 6482
438 335 587 395 ἶίΐῦὄ

1911 341 2232 400 OBiGENlS

3575 350 3711 405 ΗΞἰο

444 458 568 511 deni
602 470 710 511 non
739 453 939 510 habent
966 453 1158 522 :ladzei,
1184 468 1283 510 nec
1308 453 1453 510 enim
1486 455 1538 509 in
1557 454 1753 512 Filium
1777 457 1870 513 Dei
1900 474 2005 513 cre-

2118 459 2208 512 τον
2233 458 2341 511 ἀπὺ
2380 458 2487 512 τῶν
2536 459 2917 531 πνευματικῶν
2958 460 3054 530 τῆς
3108 461 3371 533 πονηρίας
3414 462 3706 533 Βαραόϐἔιν

431 545 732 613 didcrunt;
766 554 822 601 at
847 547 1113 601 latronem
1140 544 1468 613 Barabbam,
1501 548 1595 617 qui
1623 549 1690 604 de
1716 549 2015 619 spirituali-

445 639 548 691 bus
590 636 844 707 nequitia:
897 644 1003 700 est,
1037 636 1150 705 jam
1194 636 1655 705 comprehensum
1703 648 1757 694 et
1800 656 2018 698 carcere

430 728 764 784 conclusum
810 741 997 781 secum
1049 724 1272 792 habent,
1324 741 1488 796 quem
1535 728 1824 785 adversum
1852 731 2018 787 sedi-

448 820 585 874 mitti
625 818 1039 889 postulaverunt
1080 832 1093 869 :
1130 823 1416 886 propterea
1468 817 1875 877 incredulorum
1919 821 2021 878 Ju-

433 913 679 964 daeorum
712 909 998 977 imperium
1033 916 1176 962 tenet
1205 908 1482 966 Barabbas
1512 910 1673 967 latro.

655 1044 729 1098 De
762 1044 968 1099 sanatis
996 1044 1049 1097 in
1081 1042 1273 1112 templo
1302 1043 1457 1097 casei:
1483 1038 1533 1097 et
1566 1043 1793 1102 claudis.

505 1156 597 1211 2L
649 1175 668 1208 ι
702 1156 767 1210 Ει
795 1165 1149 1211 accesserunt
1196 1156 1264 1210 ad
1298 1171 1425 1233 eum
1469 1157 1595 1212 caeci
1635 1166 1690 1213 et
1729 1158 1908 1214 claudi
1958 1161 2013 1214 in

440 1248 658 1317 templo,
691 1256 745 1301 et
775 1247 990 1303 sanavit
1029 1261 1126 1302 eos
1147 1247 1215 1313 ⁸⁵,
1243 1266 1260 1297 ι
1308 1256 1362 1301 ει
1391 1247 1602 1318 reliqua
1637 1263 1809 1318 usque
1832 1249 1899 1303 ad
1927 1248 2009 1302 id:

443 1338 552 1394 «Ex
578 1354 673 1395 ore
696 1338 981 1394 infantium
1007 1348 1060 1393 et
1091 1338 1406 1393 lactentium
1439 1338 1713 1409 perfecisti
1739 1340 2008 1396 laudem.»

436 1430 653 1488 Litterae
697 1445 893 1487 sensus
938 1431 1132 1502 planus
1178 1438 1263 1485 est
1298 1437 1353 1483 et
1397 1428 1606 1495 facilis;
1642 1430 1736 1485 sed
1783 1439 1840 1485 ut
1872 1446 2006 1486 ana-

435 1523 656 1594 gngicas
706 1522 1186 1593 interpretationes
1219 1535 1383 1590 supra
1434 1520 1659 1576 traditas
1695 1534 2011 1590 persequar,

437 1617 490 1669 in
543 1613 740 1683 templo
789 1613 905 1679 Dei,
956 1614 1117 1669 domo
1174 1612 1457 1677 orationis,
1505 1610 1748 1667 Ecclesia
1786 1612 2010 1679 scilicet,

434 1722 542 1760 non
580 1720 771 1761 omnes
815 1703 1034 1769 videre,
1087 1719 1263 1773 neque
1311 1717 1522 1767 omnes,
1561 1711 1621 1757 ut
1665 1703 1740 1757 ita
1792 1703 2008 1776 loquar,

2118 551 2210 604 τὸν
2232 550 2434 622 λῃστὴν
2458 551 2559 623 ήδη
2586 552 2998 624 κεκρατημένον
3024 593 3038 617 ,
3066 554 3161 608 καὶ
3193 556 3276 618 είς
3317 554 3564 627 φυλακὴν
3605 574 3708 609 κα-

2116 640 2590 711 τακεκλεισμένον,
2626 643 2684 695 ὃν
2709 643 2831 696 καθ’
2854 641 3062 696 ἑαυτῶν
3084 644 3196 715 (51)
3232 643 3474 714 ἠξίωσαν
3500 644 3710 698 ἀπολυ-

2118 729 2278 801 θῆναι
2292 747 2306 760 ’
2337 729 2425 783 διὰ
2439 728 2599 785 τοῦτο
2613 730 2770 803 ἄρχει
2791 731 2900 785 τῶν
2919 730 3162 786 ἀπίστων
3196 731 3464 786 Ἰουδαίων
3489 732 3709 805 Βαραϐ-

2117 821 2220 885 ϐᾶς
2251 824 2279 876 ό
2312 822 2536 894 λῃστής.

2184 1003 2324 1074 Περί
2351 1002 2471 1058 τῶν
2497 1005 2568 1058 ἐν
2597 1004 2676 1071 τῷ
2710 1005 2845 1128 ίερῖῖδ
2878 1008 3363 1131 θειᾶῗῦῖωθθτω
3384 1006 3633 1077 τυφλῶν

2718 1093 2795 1130 κα
2870 1094 2952 1131 γω
3080 1114 3100 1131 .

2718 1093 2815 1130 και
2867 1093 3100 1145 χωνιων.

2193 1185 2212 1218 ι
2247 1166 2355 1220 Καὶ
2406 1165 2710 1238 προσῆλθον
2750 1166 2900 1238 αὑτῷ
2940 1168 3132 1237 τυφλοὶ
3180 1167 3274 1222 καὶ
3316 1169 3477 1241 χωλοὶ
3522 1171 3581 1222 ἑν
3620 1169 3702 1240 τῷ

2117 1255 2267 1328 ἱερῷ,
2316 1257 2411 1311 καὶ
2454 1256 2820 1328 ἐθεράπευσεν
2859 1260 3077 1327 αὑτοὺς,
3120 1279 3139 1313 ι
3177 1260 3271 1314 καὶ
3309 1261 3377 1314 τὰ
3420 1260 3547 1333 ἑξῆς
3594 1262 3703 1325 ἓως

2113 1348 2207 1403 τοῦ
2229 1367 2241 1379 ·
2285 1368 2304 1401 ι
2356 1350 2450 1402 Ἐκ
2483 1349 2746 1420 στόματος
2772 1351 2981 1422 νηπίων
3006 1354 3100 1407 καὶ
3130 1352 3468 1424 θηλαζόντων
3492 1371 3704 1426 κατηρ-

2112 1440 2248 1495 τίσω
2278 1435 2448 1493 αἶνον.
2480 1459 2498 1491 ι
2537 1439 2616 1494 Τὰ
2650 1440 2748 1511 μὲν
2767 1441 2864 1513 τῆς
2891 1440 3086 1507 λέξεως
3117 1441 3280 1512 δῆλαο
3309 1424 3701 1506 ἀκολούθωςήᾶ

2112 1533 2232 1596 ταῖς
2280 1531 2808 1603 προαποδεδομὲναις
2864 1534 3172 1602 ἀναγωγαῖς
3217 1532 3459 1596 λεκτέον,
3515 1533 3599 1585 ὅτι
3640 1534 3701 1585 ἐν

2113 1624 2192 1694 τῷ
2228 1623 2358 1695 ἱερῷ
2389 1622 2483 1678 τοῦ
2517 1622 2674 1688 Θεοῦ,
2708 1622 2787 1694 τῷ
2815 1623 2950 1695 οἴκῳ
2977 1625 3079 1694 τῆς
3103 1624 3432 1697 προσευχῆς,
3466 1626 3533 1695 τῇ
3577 1625 3702 1679 Ἐκ-

2114 1714 2335 1786 κλησίᾳ,
2364 1713 2426 1767 οὑ
2461 1713 2661 1778 πάντες
2704 1715 2812 1768 sici
2856 1714 3169 1785 βλέποντες,
3210 1715 3356 1779 οὑδὲ,
3404 1715 3471 1769 ἵν’
3520 1715 3701 1781 οὕτως

433 1808 581 1853 recto
629 1799 764 1868 pede
819 1796 1071 1852 incedere
1138 1794 1429 1850 dicendum
1478 1803 1608 1861 est;
1657 1810 1785 1849 nam
1827 1810 1895 1851 ex
1938 1797 2005 1851 iis

2111 1804 2384 1874 ὀνομάσω,
2416 1805 2869 1877 όρθοποδοῦντεςο
2903 1806 3011 1860 εἰσὶ
3039 1806 3150 1877 γάρ
3178 1823 3322 1869 τινες
3356 1805 3452 1860 καὶ
3481 1805 3698 1876 τυφλοὶ,

429 1890 521 1959 qui
551 1889 863 1960 congregati
901 1898 1050 1952 sunt,
1083 1886 1216 1942 caeci
1254 1894 1383 1942 sunt
1418 1886 1691 1953 nonnulli,
1736 1886 1831 1942 alii
1876 1902 2005 1942 vero

428 1979 628 2045 claudi,
656 1978 750 2049 qui
782 1978 930 2048 quod
968 1978 1265 2034 caecitatem
1309 1984 1363 2031 et
1406 1976 1859 2033 claudicationem
1901 1977 2004 2034 sibi

428 2071 732 2137 consciam,
764 2080 818 2125 et
861 2084 890 2124 a
931 2069 1051 2125 solo
1091 2067 1222 2134 Deo,
1258 2075 1313 2123 et
1357 2065 1453 2124 Dei
1486 2066 1667 2124 Verbo
1713 2068 1897 2124 sanari
1947 2084 2006 2124 se

427 2176 587 2233 posse
626 2160 950 2231 intelligant,
984 2165 1275 2230 postquam
1314 2157 1381 2213 ad
1424 2159 1478 2214 id
1510 2167 1881 2225 accesserunt,
1912 2173 2004 2214 sa-

425 2263 651 2308 nantur.

498 2346 588 2400 25.
608 2345 867 2414 Deinceps
896 2343 1158 2415 scriptum
1183 2351 1269 2399 est
1285 2342 1331 2376 °'
1367 2341 1643 2413 principes
1659 2341 2002 2397 sacerdotum

428 2446 477 2489 et
506 2437 738 2503 scribas,
774 2436 989 2491 etiamsi
1022 2443 1273 2506 portenta
1309 2449 1340 2489 a
1371 2431 1506 2489 Jesu
1540 2434 1686 2489 edita
1712 2433 2001 2499 vidissent,

420 2537 480 2584 et
510 2543 707 2599 pueros
736 2527 789 2582 in
827 2526 1046 2597 templo,
1078 2525 1242 2598 756
1266 2526 1371 2580 hoc
1394 2536 1501 2591 est,
1535 2510 1591 2579 in
1621 2523 1886 2589 Ecclesia,
1916 2522 2006 2578 Fi-

428 2621 559 2676 lium
608 2618 701 2674 Dei
750 2618 1006 2674 laudibus
1067 2618 1408 2673 celebrantes
1465 2616 1759 2685 audirent,
1808 2615 2006 2687 spretis

422 2710 821 2783 puerisJesum
870 2708 1221 2764 laudantibus
1257 2707 1576 2780 indignatos
1609 2722 1753 2775 esse,
1784 2722 2005 2778 praeque

2108 1897 2203 1951 καὶ
2247 1896 2397 1951 ἄλλοι
2440 1896 2604 1967 χωλοὶ
2643 1894 2752 1947 τῶν
2797 1894 3219 1966 ἀθροιζομένων,
3258 1897 3458 1962 οἵτινες
3495 1900 3562 1952 ἐκ
3596 1897 3699 1952 τοῦ

2113 1985 2496 2039 συωισθὲσθαι
2530 1984 2631 2056 τῆς
2655 1981 2864 2037 ἑαυτῶν
2895 1983 3223 2056 τυφλότητος
3246 1987 3341 2041 καὶ
3367 1987 3696 2059 χωλότητος,

2106 2075 2201 2128 καὶ
2226 2074 2321 2128 τοῦ
2350 2074 2660 2144 γινώσκειν,
2693 2074 2774 2127 ὅτι
2796 2073 3063 2145 οὑδενὸςῆ
3090 2072 3185 2128 τοῦ
3205 2074 3342 2129 Θεοῦ
3368 2075 3529 2149 ἔργον
3551 2077 3696 2141 ἑστὶ,

2105 2166 2199 2219 καὶ
2224 2165 2319 2219 τοῦ
2336 2166 2511 2235 Λόγου
2538 2164 2631 2218 τοῦ
2650 2164 2786 2218 Θεοῦ
2821 2165 2883 2218 τὸ
2907 2165 3243 2238 θεραπεῦσαι
3269 2168 3489 2234 αὑτοὺς,
3521 2186 3695 2240 προα-

2105 2258 2354 2322 ἐλθόντες
2381 2257 2531 2328 αὑτῷ
2557 2257 2973 2328 θεραπεύονται.

2177 2346 2334 2402 Μετὰ
2378 2346 2537 2401 τοῦτο
2578 2346 2912 2419 γέγραπται,
2959 2347 3041 2401 ὅτι
3081 2347 3131 2400 οἱ
3176 2348 3455 2420 ἀρχιερεῖς
3500 2347 3592 2401 καὶ
3648 2348 3699 2401 οἱ

2104 2441 2472 2511 γραμματεῖς,
2489 2437 2731 2506 καίτοιγε
2753 2437 2953 2502 ίδόντες
2977 2438 3045 2493 τὰ
3067 2438 3349 2509 θαυμάσια
3371 2438 3406 2493 ἂ
3429 2439 3696 2510 εποίησεν

2104 2530 2134 2581 ὁ
2195 2527 2424 2600 Ἰησοῦς,
2472 2528 2569 2581 καὶ
2614 2525 2723 2581 τῶν
2754 2526 2962 2581 παίδων
3017 2527 3309 2592 ἀκούοντες
3360 2526 3699 2593 δοξαζόντων

2103 2620 2195 2675 τὸν
2225 2619 2353 2674 Υἱδν
2387 2618 2479 2673 τοῦ
2499 2618 2643 2673 -Θεοῦ
2678 2621 2737 2672 ἑν
2778 2617 2858 2690 τῷ
2894 2618 3045 2690 ἱερῷ,
3074 2622 3140 2691 τῇ
3174 2619 3490 2691 Ἐκκλησία,
3523 2621 3700 2690 ἠγαν-

2104 2713 2350 2784 άκτησαν
2391 2710 2858 2783 καταφρονοῦντες
2899 2711 3007 2765 τῶν
3052 2709 3368 2782 ὑμνούντων
3432 2711 3525 2764 τὸν
3590 2712 3698 2780 Ἰη-

433 2803 806 2874 indignatione
860 2798 1192 2870 Sospitatori
1247 2798 1454 2855 dixisse
1477 2798 1563 2852 "z
1594 2816 1613 2851 ι
1651 2797 1824 2853 Audis
1873 2797 2003 2870 quid

2108 2804 2236 2859 σοῦν
2259 2803 2505 2867 παιδίων,
2546 2803 2641 2857 καὶ
2673 2802 3151 2874 ἀγανακτήσαντες
3178 2800 3410 2873 φασιτῷ
3442 2802 3659 2873 Σωτῆρι
3679 2821 3694 2834 ·

425 2896 516 2952 isti
572 2892 804 2950 dicunt?
834 2911 853 2945 ι
905 2900 961 2947 at
1010 2905 1135 2946 eum
1185 2890 1448 2962 pudorem
1496 2890 1605 2946 illis
1649 2890 2001 2945 incutientcm

2112 2915 2131 2948 ι
2172 2897 2416 2959 Ἀκούεις
2432 2896 2484 2949 τί
2499 2888 2646 2949 οὑτοι
2673 2893 2922 2964 λέγουσιν
2949 2910 2964 2959 ;
2993 2913 3011 2946 ι
3042 2896 3070 2948 ό
3092 2894 3171 2959 δὲ,
3187 2894 3458 2948 δυσωπῶν
3472 2893 3694 2958 αὑτοὺς,

423 2986 815 3057 respondisse:
869 2981 980 3039 Vos
1019 2982 1112 3053 qui
1158 2981 1213 3036 in
1262 2996 1545 3038 sacrarum
1598 2979 2004 3050 Scripturarum

2108 2987 2461 3059 ἀπεκρίνατο,
2495 2986 2598 3052 ὃτι,
2635 2985 2887 3056 Τοσούτῳ
2915 2984 3092 3058 χρόνῳ
3125 2987 3183 3040 ἑν
3210 2987 3332 3049 ταῖς
3357 2985 3532 3050 θείαις
3563 2986 3695 3039 ἀνα-

424 3078 656 3134 lectionc
690 3075 881 3131 tandiu
920 3075 1184 3129 hactenus
1213 3071 1413 3127 versati
1459 3072 1615 3137 estis,
1646 3086 1829 3125 nonne
1871 3070 2005 3142 legi-

2111 3079 2468 3150 στρεφόμενοι
2509 3076 2752 3149 Γραφαῖς
2806 3078 2968 3150 μέχρι
3022 3076 3118 3131 τοῦ
3166 3076 3347 3149 δεῦρο,
3402 3078 3505 3131 οὑκ
3566 3077 3689 3130 ἀνέ-

423 3171 524 3226 stis
547 3169 590 3202 ⁹⁷
620 3184 687 3221 Η
714 3166 792 3221 Ex
820 3181 915 3222 ore
956 3164 1244 3219 infantium
1286 3171 1343 3219 et
1378 3162 1696 3217 lactentium
1730 3160 2005 3232 perfecisti

2108 3184 2304 3237 γνωτε,
2340 3169 2426 3223 ἴνα
2456 3167 2531 3240 μὴ
2559 3171 3010 3241 καταφρονήσητε
3046 3167 3156 3223 τῶν
3190 3169 3248 3221 ἑν
3280 3171 3348 3241 τῇ
3395 3167 3691 3239 Ἐκκλησία

421 3260 695 3327 laudem,»
725 3268 785 3313 ut
834 3273 903 3312 ne
952 3255 1211 3327 parvulos
1261 3255 1314 3310 in
1344 3252 1588 3309 Ecclesia
1634 3268 1699 3309 ac
1746 3253 2005 3324 puerulos

2113 3259 2327 3331 μικρῶν
2360 3260 2451 3314 καὶ
2494 3259 2723 3314 παιδίων
2760 3260 3072 3330 ὑμνούντων
3106 3260 3208 3331 ἐμὲ
3241 3259 3334 3313 καὶ
3365 3258 3458 3313 τὸν
3486 3261 3545 3315 ὲν
3579 3262 3696 3322 τοῖς

423 3367 534 3417 me,
584 3364 875 3419 meumque
896 3346 1116 3403 Patrem
1145 3347 1241 3417 qui
1289 3347 1345 3401 in
1379 3345 1533 3401 cmlis
1564 3354 1669 3412 est,
1715 3344 2002 3401 laudantes

2108 3349 2357 3422 οὐρανοῖς
2373 3349 2594 3421 Πατέρα
2618 3367 2719 3420 μου
2747 3350 2850 3413 ὅτι,
2887 3368 2907 3401 ί
2940 3349 3036 3403 Ἐκ
3067 3351 3331 3421 στόματος
3363 3349 3574 3420 νηπίων
3600 3349 3696 3403 καὶ

420 3442 826 3517 aspcrnemini?
861 3439 1332 3507 Quemadmodum
1359 3453 1490 3510 ergo
1512 3437 1669 3508 juxta
1706 3435 1996 3492 historiam

2108 3437 2446 3511 θηλαζόντων
2472 3438 2783 3511 κατηρτίσω
2800 3434 2977 3506 α’ίνον;
3010 3458 3028 3490 ι
3055 3439 3282 3511 Μήποτε
3309 3435 3423 3504 οῦν,
3451 3438 3527 3503 ὡς
3550 3438 3695 3493 κατὰ

421 3534 849 3608 reprehendendi
896 3541 1042 3590 sunt
1090 3533 1371 3605 principes
1417 3532 1471 3587 hi
1521 3529 1901 3598 sacerdotum,
1948 3539 2003 3587 et

2109 3532 2350 3605 ἱστορίαν
2377 3531 2565 3602 ψεκτοί
2592 3533 2730 3586 εἱσιν
2753 3526 2899 3587 οὑτοι
2926 3532 2975 3585 οἱ
3000 3531 3280 3602 ἀρχιερεῖς
3311 3533 3405 3587 καὶ
3430 3547 3696 3604 γραμμα-

420 3629 634 3695 scribae,
665 3641 847 3682 annon
885 3625 1041 3695 juxta
1075 3638 1355 3694 anagogen
1396 3621 1824 3693 reprehendendi
1862 3636 2002 3692 quo-

2108 3626 2239 3689 τεῖς,
2261 3623 2435 3688 οὑτως
2463 3624 2559 3678 καὶ
2588 3622 2729 3677 κατὰ
2757 3625 2856 3696 τὴν
2882 3621 3176 3695 ἀναγωγήν
3195 3622 3303 3676 είσί
3333 3639 3475 3687 τινες
3502 3620 3695 3691 ψεκτοὶ

418 3734 524 3791 que
555 3727 683 3776 sunt
709 3716 932 3787 quidam
978 3713 1252 3786 principes
1305 3713 1680 3780 sacerdotum,
1716 3713 2000 3783 episcopa-

416 3822 505 3867 tus
544 3824 743 3864 nomen
775 3808 887 3862 vita
929 3821 1024 3861 sua
1062 3814 1118 3861 et
1142 3805 1404 3861 moribus
1446 3821 1555 3861 non
1586 3813 1867 3873 ornantes,
1899 3821 1992 3861 ne-

416 3917 524 3972 que
550 3900 776 3957 scientia
807 3907 862 3954 et
886 3899 1113 3954 veritate
1144 3896 1361 3952 induti?
1402 3895 1470 3951 lli
1502 3911 1634 3967 ergo
1660 3896 1872 3953 etiamsi
1902 3896 1995 3952 Dei

417 3993 684 4048 miracula
730 3990 970 4057 videant,
1019 3997 1200 4043 tamen
1235 4002 1330 4043 eos
1358 3987 1451 4057 qui
1500 3987 1554 4041 in
1584 3985 1823 4043 Ecclesia
1873 4002 1998 4057 par-

421 4079 529 4135 vuli
570 4078 791 4150 quidem
823 4085 877 4131 et
904 4074 1130 4146 .pueruli
1178 4084 1326 4139 sunt,
1362 4074 1458 4129 scd
1486 4072 1658 4128 Deum
1704 4073 1877 4130 nihilo
1906 4083 1995 4130 se:

418 4171 538 4247 eius
568 4213 585 4241 ,
636 4170 920 4241 ipsiusque
966 4166 1247 4224 Christum
1296 4165 1559 4232 laudant,
1617 4171 1995 4234 contemnunt,

2106 3710 2402 3784 ἀρχιερεῖς,
2446 3710 2506 3764 τὸ
2550 3711 2721 3783 ὄνομα
2760 3712 2859 3783 τῆς
2908 3711 3216 3782 ἑπισκοπῆς
3255 3711 3316 3766 ού
3359 3711 3693 3783 κοσμοῦντες

2102 3801 2181 3874 τῷ
2206 3803 2415 3858 ἑαυτῶν
2460 3802 2589 3874 βίῳ,
2637 3804 2759 3858 οὑδὲ
2794 3803 3137 3874 ἐνδεδυμένοι
3185 3804 3282 3873 τὴν
3323 3802 3553 3877 δήλωσιν
3597 3803 3693 3856 καὶ

2103 3893 2202 3966 τὴν
2235 3894 2519 3966 ἀλήθειαν;
2550 3889 2710 3950 Οὗτοι
2745 3890 2860 3962 οὖν,
2899 3894 3143 3964 καίτοιγε
3179 3893 3469 3965 βλέποντες
3500 3894 3568 3949 τὰ
3594 3892 3689 3947 τοῦ

2104 3984 2237 4039 Θεοῦ
2280 3985 2579 4059 θαυμάσια,
2617 3988 2772 4043 οὐδὲν
2820 3982 2986 4061 ἦττον
3028 3986 3433 4058 καταφρονοῦσι
3479 3987 3588 4041 τῶν
3631 3989 3692 4039 ὲν

2100 4079 2168 4148 τῇ
2210 4078 2506 4151 Ἐκκλησία
2534 4077 2748 4152 μικρῶν
2779 4077 2880 4150 μὲν
2909 4079 3005 4137 καὶ
3029 4080 3260 4152 νηπίων,
3293 4078 3610 4149 ὑμνούντων
3632 4075 3691 4132 δὲ

2100 4168 2192 4223 τὸν
2223 4169 2355 4224 Θεὸν
2383 4171 2477 4225 καὶ
2516 4171 2608 4227 τὸν
2633 4170 2869 4245 Χριστόν
2903 4170 3092 4235 αὑτοῦ,
3140 4171 3235 4226 καί
3283 4169 3690 4240 ἀγανακτοῦσιν

1622 4260 1808 4318 VETU
1820 4261 1857 4318 S
1885 4260 2328 4320 INTERPRETA
2340 4265 2473 4322 ἸἾΟ.

419 4362 607 4426 tionis,
642 4362 792 4418 fures
815 4360 963 4433 ejicit
987 4359 1054 4415 de
1084 4358 1287 4433 templo
1313 4375 1329 4414 :
1354 4357 1434 4433 _il_li
1457 4364 1638 4413 autem
1668 4356 1763 4433 qui
1788 4358 2195 4433 consentientes
2223 4368 2375 4433 erant
2394 4358 2732 4433 _l‘u[ibus,tde
2751 4358 3133 4433 Jesu_quidem
3159 4358 3419 4433 dixerunt
3446 4376 3460 4415 :
3493 4359 3689 4433 «_Cr_u-

418 4435 593 4502 cillge,
613 4426 869 4503 cruciligé
887 4445 1048 4503 eum;
1080 4448 1100 4482 ι
1120 4426 1456 4503 deBarabba
1485 4436 1666 4482 autem
1697 4426 1908 4503 latrone
1934 4445 2007 4503 ;_¢_
2034 4427 2253 4503 Dimitte
2279 4430 2436 4486 nobis
2462 4429 2787 4503 Barabliam.
2822 4449 2841 4483 ι
2872 4426 3117 4503 Propter
3135 4431 3290 4503 quod
3317 4443 3493 4499 usque
3522 4428 3688 4503 hodie

419 4496 591 4557 .lud'aei
616 4496 1058 4572 Jesqmrqnidem
1098 4514 1209 4554 non
1249 4499 1472 4572 habent,
1501 4512 1602 4551 nec
1645 4496 1789 4572 enim
1823 4498 2174 4572 crediderunt
2203 4500 2257 4553 in
2288 4515 2451 4553 eum:
2488 4500 2689 4556 habent
2720 4496 3001 4572 autemdé
3037 4496 3681 4572 spiritalibus’nequitiis

421 4575 685 4627 latronem
718 4567 1044 4640 Barabham,
1083 4583 1268 4637 quem,
1292 4569 1405 4640 jam
1447 4576 1669 4640 teritum
1689 4575 1741 4622 et
1770 4567 1827 4621 in
1854 4582 2071 4624 carcere
2104 4569 2353 4624 clausum
2394 4571 2657 4627 adversus
2709 4585 2769 4626 se
2818 4567 3093 4640 petieruth
3119 4570 3340 4625 dimitti.
3374 4567 3690 4638 ldeo‘prin-

420 4658 547 4711 ceps
578 4640 872 4695 inlldelium
901 4636 1213 4711 Iudaeorum
1243 4636 1328 4694 est
1356 4636 1634 4711 Barahbas
1657 4637 1818 4711 latro.

488 4707 581 4765 '21.
613 4729 629 4761 ι
656 4707 1166 4782 Etaccesseruntad
1185 4723 1309 4762 eum
1337 4710 1465 4782 caeci
1482 4716 1537 4761 et
1553 4708 1802 4782 cla_udiin
1820 4709 2059 4782 _templo,
2085 4718 2140 4766 et
2158 4710 2373 4765 sanavit
2401 4726 2549 4766 eos.»
2580 4709 2713 4778 Quae
2730 4720 2860 4768 sunt
2888 4711 3109 4782 quidem
3145 4709 3447 4782 secundum
3472 4707 3683 4778 simpli-

421 4798 541 4839 cem
569 4780 929 4853 inttellectum,
962 4779 1231 4853 habentur
1269 4777 1581 4853 manifesta.
1602 4777 1929 4853 Secundum
1951 4777 2408 4853 consequentiam
2458 4777 2637 4837 autem
2666 4777 3051 4853 praedictorum
3076 4780 3368 4853 moraliter
3400 4777 3686 4849 exposito-

421 4868 567 4917 rum,
600 4851 889 4907 dicendum
928 4860 1012 4906 est
1048 4849 1307 4920 quoniam
1355 4850 1409 4902 in
1455 4847 1656 4920 templo
1693 4847 1807 4920 Dei,
1845 4847 1900 4902 id
1942 4858 2028 4905 est
2079 4847 2430 4920 in‘Ecclesia,
2463 4867 2572 4906 non
2611 4847 2741 4909 sunt
2778 4866 2972 4907 omnes
3002 4850 3268 4916 videntes,
3312 4847 3491 4918 neque
3538 4860 3688 4907 recte

424 4922 805 4981 ambulantes:
836 4920 929 4977 sed
965 4917 1307 4990 alii'quidem
1343 4927 1472 4990 sunt
1504 4917 1656 4984 caici,
1682 4917 1773 4971 alii
1806 4926 1985 4974 autem
2009 4921 2230 4990 claudi.

2284 4919 2385 4986 Qui
2410 4936 2489 4992 εἷςΔ
2507 4937 2575 4977 eo
2607 4922 2751 4992 quod
2797 4921 3106 4992 intelligunt
3140 4920 3416 4992 propriam
3448 4921 3687 4992 caecita-

425 5005 557 5056 tem,
588 5000 643 5046 et
671 4993 905 5047 scientes
930 4992 1056 5061 quia
1084 4988 1288 5061 nullius
1332 4989 1559 5061 alterius
1588 5003 1725 5057 opus
1750 4998 1834 5043 est
1859 4990 1965 5046 nisi
1992 4988 2341 5046 ChriinJesu
2366 5002 2419 5047 et
2446 4988 2731 5048 Verhl'Dei
2762 5001 2821 5048 ut
2852 4988 3147 5058 sanentur,
3172 4988 3562 5060 ut'percipiant
3587 5005 3683 5046 sa-

424 5064 649 5117 nitatem
680 5057 1000 5117 accedentés
1029 5061 1096 5115 ad
1131 5057 1369 5114 Verbum
1399 5058 1513 5125 Del,
1547 5067 1829 5113 sanantur.

493 5133 586 5187 25.
618 5130 904 5186 «Videntes
932 5139 1110 5186 autem
1142 5130 1413 5199 principes
1434 5122 1778 5184 sacerdotum
1813 5136 1865 5183 et
1887 5126 2081 5199 scribae
2109 5123 2382 5199 mirabilia
2408 5140 2531 5199 quae
2544 5124 2705 5199 fecit.
2733 5135 2788 5199 et
2814 5141 3014 5199 pueros
3044 5124 3345 5199 clamantes
3372 5122 3428 5177 in
3461 5128 3684 5198 templo,

425 5212 479 5258 et
510 5205 754 5258 dicentes
780 5218 793 5253 :
822 5201 1074 5255 Hosanna
1103 5191 1215 5255 tiiio
1238 5191 1438 5264 David;
1477 5199 1737 5268 indignati
1770 5207 1901 5268 sunt
1924 5206 1980 5252 et
2012 5196 2269 5268 dixerunt
2299 5196 2348 5249 ei
2374 5212 2389 5268 ς
2416 5191 2587 5251 Audis
2618 5198 2748 5266 quid
2777 5191 2866 5268 is'ti
2890 5195 3117 5268 dicunt}
3149 5191 3312 5268 Jesus
3337 5204 3519 5252 autem
3544 5191 3689 5255 dixit

427 5276 548 5329 eis:
580 5270 809 5342 Utique;
850 5286 1130 5343 nunquam
1187 5261 1434 5343 legistisi
1475 5268 1555 5323 Ex
1594 5261 1698 5343 ere
1727 5267 2025 5343 infantium
2074 5274 2129 5320 ct
2169 5265 2482 5343 lactentium
2531 5261 2819 5343 perfecisti
2854 5264 3104 5343 laudem?
3138 5281 3157 5343 ξ
3207 5261 3683 5343 Quemadmodum

416 5333 727 5410 secundum
761 5333 1044 5397 historiam
1073 5333 1456 5409 vitupe'rabiles
1483 5348 1612 5394 sunt
1635 5340 1738 5410 isti
1767 5339 2048 5410 principes
2077 5344 2132 5389 et
2156 5336 2351 5390 scribae
2377 5352 2390 5387 :
2423 5336 2495 5410 ita
2530 5333 2587 5410 et
2616 5337 2917 5410 secundum
2952 5333 3248 5410 Ecclesium
3277 5333 3502 5410 Qliristi,
3521 5339 3683 5410 ynu-

428 5415 693 5494 parabiles
717 5423 844 5467 sunt
875 5411 1098 5494 quidam
1123 5403 1475 5494 _cpiscopi.et
1501 5403 2176 5494 presbyterisquiuvitam.
2213 5419 2368 5460 suam
2417 5405 2640 5494 minime
2684 5408 3037 5494 adorna-mes,
3089 5417 3200 5494 nec.
3227 5403 3402 5494 induti
3455 5408 3686 5494 scietttia

427 5472 690 5547 i'eritatis,
717 5493 770 5538 et
797 5472 1296 5553 quidemhvidc'ntes
1328 5472 1605 5553 imit-acula
1637 5472 1904 5553 ‘Christif
1930 5475 2287 5553 nihilominus
2336 5486 2693 5553 contemnunt
2737 5477 2967 5546 pusillos
2998 5472 3303 5553 Ecclesiae,“
3327 5483 3380 5528 et
3420 5477 3680 5553 parvulos

426 5553 592 5609 Deum
622 5542 910 5609 laudantes
935 5562 987 5607 et
1013 5551 1292 5606 Christum
1329 5550 1519 5621 ipsius,
1552 5557 1606 5604 et
1637 5542 1988 5621 indignantur
2018 5545 2071 5600 in
2102 5560 2290 5600 eorum
2320 5545 2586 5616 profectu,
2619 5557 2673 5603 et
2705 5542 2965 5603 accusant
2993 5560 3089 5599 eos
3118 5543 3258 5612 apud
3290 5542 3469 5613 ipsum
3492 5544 3684 5604 Jesui‘n

490 5647 537 5684 ³³
569 5646 760 5701 Matth.
785 5661 898 5711 χιι,
931 5645 998 5699 lt
1028 5655 1227 5715 etlseq.
1278 5644 1348 5703 ."
1378 5642 1511 5700 ibid.
1539 5642 1624 5697 l5.

495 5737 608 5835 (si)
647 5762 826 5820 Codex
861 5744 1083 5836 Regius,
1117 5765 1210 5819 και
1242 5738 1472 5818 eadem.

1723 5643 1769 5676 ⁹⁶
1800 5640 1932 5698 ibid.
1974 5639 2059 5693 16.
2136 5639 2180 5671 ⁸⁷
2217 5639 2347 5696 ibid.
