4086 6410
460 389 596 444 “59
1919 383 2046 438 ORIt

2151 383 2242 437 HS
3578 367 3716 422 “00

460 503 615 558 hcnsi
659 510 805 567 sunt,
842 509 1026 569 utpote
1060 500 1152 568 qui
1197 499 1266 553 ad
1316 499 1367 552 id
1416 513 1524 553 non
1566 497 1970 552 advertissent'
2021 516 2034 550 :

2151 497 2217 560 Lb;
2265 497 2338 566 μὴ
2370 493 2692 564 νενοσηκότας
2727 490 2818 543 τὸ’
2868 509 2883 539 ι
2941 487 3035 540 Ἐκ
3074 484 3338 554 στόματος
3386 475 3595 550 νηπίων
3624 480 3718 532 καὶ

466 611 486 645 ι
525 590 602 646 Ex
648 605 743 644 ore
793 588 1081 643 infantium
1127 600 1178 642 et
1234 587 1552 660 lactentium
1594 585 1870 657 perfecisti
1922 587 2040 639 lan-

2151 587 2482 659 θηλαζόντων
2514 583 2826 654 κατηρτίσω
2853 575 3028 643 αἷνον;
3074 596 3093 628 ι
3136 575 3244 629 Καὶ
3283 573 3402 626 ἐπεὶ
3429 571 3718 625 κατέλιπεν

461 684 620 739 dem?
649 703 665 734 ι
701 681 764 735 Et
800 681 1056 751 quoniam
1092 680 1231 735 hanc
1255 681 1475 750 reliquit
1506 679 1962 750 llierosolymam,
1989 687 2042 732 et

2151 684 2322 734 ἐκεῖνα
2351 679 2418 732 τὰ
2457 677 2822 748 Ἰεροσόλυμα,
2867 673 2959 726 καὶ
2990 671 3093 735 ἔξω
3125 669 3314 737 γέγονε
3342 665 3441 736 τῆς
3488 665 3717 728 πόλεως,

463 785 615 830 extra
645 774 916 828 civitatem
948 772 1072 836 fuit,
1106 773 1316 828 idcirco
1345 773 1574 839 corruit,
1611 781 1664 826 et
1707 771 1845 842 lapis
1877 785 2042 840 super

2151 770 2228 824 5ιά
2268 769 2427 821 τοῦτο
2466 768 2742 831 πέπτωκε,
2786 763 2878 816 καὶ
2907 761 3052 824 λίθος
3103 761 3197 812 ἐπὶ
3225 757 3372 810 λίθον
3409 755 3612 827 ἠρξατο
3644 754 3722 825 μὴ

465 865 694 935 lapidem
723 878 832 918 non
864 864 1098 933 amplius
1138 878 1381 927 manere,
1416 862 1528 918 imo
1554 870 1608 917 et
1637 862 1876 917 subverti
1925 876 2041 915 cce-

465 957 570 1025 pit,
599 954 773 1010 donec
806 956 991 1010 omnia
1043 955 1516 1010 exscinderentur.
1555 952 1710 1007 Venit
1752 953 1804 1006 in
1841 951 2042 1006 Betha-

464 1046 631 1109 niam,
664 1044 984 1099 obedientia!
1013 1043 1260 1108 domum,
1293 1041 1594 1098 Ecclesiam
1639 1040 1917 1101 nimirum,
1955 1039 2042 1092 ubi

464 1135 775 1189 diversatns
799 1143 881 1190 est
912 1144 964 1189 et
993 1135 1292 1203 requievit;
1324 1131 1762 1203 quandoquidem
1789 1129 2045 1182 Hieroso-

465 1226 642 1295 lyntze,
677 1224 768 1277 ubi
795 1223 1082 1278 reclinaret
1115 1234 1278 1293 caput
1301 1223 1343 1288 ⁸,
1375 1231 1558 1292 utpote
1597 1219 1864 1290 ejusmodi
1897 1219 2046 1288 prin-

465 1318 678 1388 cipibus
705 1317 1047 1371 sacerdotum
1073 1333 1136 1372 ac
1157 1316 1353 1371 scribis
1379 1331 1496 1369 eam
1523 1313 1906 1377 incolentibus,
1937 1327 2043 1365 non

466 1410 718 1464 habebat.
756 1409 1050 1478 Postquam
1087 1418 1264 1462 autem
1316 1407 1366 1461 in
1399 1406 1685 1468 Bethania,
1720 1403 2048 1458 obedientiae

467 1501 677 1554 scilicet
699 1499 883 1563 domo,
915 1498 1248 1566 conquievit,
1269 1506 1558 1567 postquam
1581 1494 1842 1549 constitui
1868 1503 2047 1564 coepta

466 1602 550 1646 est
577 1588 836 1655 Ecclesia,
882 1599 935 1644 et
964 1590 1016 1643 in
1071 1604 1133 1644 ea
1184 1587 1607 1658 conquiesccndi
1658 1587 1874 1640 initium
1919 1583 2050 1640 fecit

466 1680 742 1744 Christus,
789 1689 921 1734 tunc
971 1681 1025 1733 in
1079 1679 1351 1735 civitatem
1407 1693 1573 1749 quam
1632 1678 1945 1746 reliquerat,
1995 1685 2050 1730 et

467 1781 620 1826 extra
652 1787 814 1840 quam
851 1768 1052 1832 fuerat,
1087 1769 1396 1834 revertitur,
1429 1777 1482 1823 et
1511 1771 1566 1824 in
1609 1783 1728 1824 eam
1771 1775 2049 1821 revertens

2146 863 2346 934 μένειν,
2370 859 2504 913 ἀλλά
2532 859 2626 911 καὶ
2645 852 3048 926 καθαιρεῖσθαι,
3082 850 3186 912 ἕως
3213 849 3391 901 πάντα
3415 845 3718 934 καταλυθῇ.

2141 931 2344 1003 ᾇΗλθεν
2369 951 2448 1012 εἰς
2469 946 2760 1018 Βηθανίαν,
2782 944 2872 996 τὸν
2891 942 2988 1012 τῆς
3020 939 3265 1008 ὑπακοῆς
3290 937 3400 1008 (56)
3427 931 3596 999 οἷκον,
3623 934 3724 1005 τὴν

2155 1039 2500 1110 Ἐκκλησίαν,
2529 1036 2656 1089 ἔνθα
2677 1035 2772 1088 καὶ
2796 1031 3048 1103 ηὐλίσθη,
3087 1030 3178 1083 καὶ
3201 1027 3567 1081 ἀνεπαύσατοο
3599 1025 3723 1076 ἐπεὶ

2147 1130 2220 1200 μὴ
2252 1124 2394 1198 εἶχεν
2434 1129 2490 1180 ἐν
2542 1123 2935 1197 Ἱεροσολύμοις
2969 1121 3070 1174 ποῦ
3105 1121 3203 1190 τὴν
3245 1116 3488 1188 κεφαλὴν
3519 1116 3721 1178 κλῖναι,

2147 1218 2240 1271 ἅτε
2265 1217 2518 1270 τοιούτων
2571 1216 2869 1286 ἀρχιερέων
2917 1214 3012 1266 καὶ
3045 1209 3417 1281 γραμματέων
3450 1208 3621 1261 ὄντων
3666 1209 3724 1260 ἐν

2146 1309 2346 1372 αὐτοῖς.
2389 1310 2519 1361 Ὅτε
2557 1307 2613 1360 δὲ
2657 1305 3001 1360 ἀνεπαύσατο
3037 1304 3093 1356 ἐν
3134 1303 3200 1371 τῇ
3236 1299 3476 1370 Βηθανία
3517 1298 3598 1369 τῷ
3626 1298 3726 1368 τῆς

2147 1401 2393 1472 ὑπακοῆς
2433 1399 2586 1469 οἴκῳ,
2633 1397 2770 1470 μετά
2817 1397 2917 1468 τὴν
2958 1394 3131 1466 ἀρχὴν
3177 1390 3272 1444 τοῦ
3329 1390 3592 1461 συστῆναι
3626 1391 3728 1462 τὴν

2159 1493 2502 1562 Ἐκκλησίαν,
2533 1493 2627 1544 καὶ
2655 1487 3072 1544 ἀναπαύσασθαι
3096 1487 3186 1539 τὸν
3216 1485 3450 1556 Χριστὸν
3485 1486 3542 1537 ἐν
3564 1485 3727 1554 αὐτῇ,

2146 1583 2266 1635 τότε
2298 1583 2560 1651 ἐπανάγει
2599 1581 2679 1644 είς
2705 1581 2806 1650 τὴν
2834 1580 2987 1632 πόλιν
3015 1579 3080 1649 ἢν
3109 1576 3492 1640 καταλέλοιπε,
3539 1577 3633 1628 καὶ
3659 1571 3731 1646 ἧς

2147 1675 2252 1740 ἔξω
2275 1676 2486 1744 γέγονε,
2521 1673 2616 1726 καὶ
2641 1672 2929 1738 ἐπανάγων
2961 1671 3040 1733 είς
3077 1668 3245 1739 αὐτὴν
3267 1669 3452 1739 πεινῇ,
3472 1667 3566 1719 καὶ
3599 1667 3731 1736 μίαν

2159 1766 2282 1820 ἰδὼν
2307 1766 2474 1837 συκῆν
2507 1765 2598 1818 ἐπὶ
2631 1763 2730 1834 τῆς
2759 1762 2900 1826 ὁδοῦ,
2928 1761 2989 1816 τὸ
3009 1759 3220 1830 δένδρον
3253 1758 3347 1812 τοῦ
3381 1757 3535 1821 λαοῦ,
3564 1754 3730 1828 ἦλθεν

465 1861 670 1928 esurit;
722 1868 778 1914 et
809 1859 926 1913 visa
961 1873 1068 1912 una
1117 1858 1170 1912 in
1217 1859 1302 1912 via
1336 1858 1461 1925 ﬁcu,
1492 1873 1615 1928 quae
1663 1855 1844 1926 populi
1883 1854 2046 1908 arbor

2151 1859 2232 1910 ἐπ’
2270 1857 2466 1928 αὐτήν·
2501 1857 2593 1910 καὶ
2617 1855 2770 1907 οὐδὲν
2809 1846 2966 1923 εῦρεν
2999 1853 3055 1903 ἐν
3092 1850 3229 1920 αὐτῇ
3262 1847 3560 1920 βρώσιμον.
3592 1848 3730 1902 ἀλλὰ

464 1961 600 2019 erat,
628 1950 860 2006 accessit
886 1949 952 2004 ad
985 1965 1137 2014 eam;
1166 1958 1220 2003 et
1250 1949 1386 2003 nihil
1418 1951 1469 2003 in
1495 1965 1559 2004 ea
1594 1948 1772 2013 edule,
1802 1945 1896 2002 sed
1923 1945 2046 1999 vitae

465 2053 675 2100 tantum
731 2041 884 2112 signa
934 2041 1178 2097 invenit:
1232 2039 1357 2093 folia
1404 2040 1606 2110 quippe
1648 2039 1703 2092 in
1755 2052 1816 2092 ea
1866 2046 2043 2101 erant,

472 2139 680 2206 absque
718 2135 830 2189 ullo
875 2133 1055 2188 fructu
1094 2151 1108 2186 :
1149 2141 1280 2186 tunc
1326 2145 1455 2186 vero
1515 2130 1771 2199 quoniam
1803 2128 2046 2182 animata

467 2233 586 2278 erat
620 2222 776 2286 ﬁcus,
810 2236 929 2275 eam
972 2230 1280 2291 propterea,
1319 2218 1476 2290 quasi
1511 2218 1749 2274 debitam
1799 2217 1900 2272 sibi
1947 2215 2046 2270 im-

470 2312 833 2382 precationem
879 2309 1114 2375 audiret,
1156 2309 1448 2380 compellat
1498 2309 1584 2363 bis
1614 2308 1797 2363 verbis
1839 2325 1852 2362 :
1896 2305 2046 2360 Nun-

467 2418 630 2472 quam
660 2402 755 2458 tibi
787 2403 1102 2458 innascatur
1133 2400 1363 2467 fructus,
1399 2400 1565 2471 758
1595 2400 1836 2471 quandiu
1864 2415 2048 2470 perse-

464 2494 673 2551 verabil
719 2509 958 2565 presens
995 2504 1126 2549 aetas
1147 2495 1190 2547 ⁷.
1224 2491 1350 2547 Inde
1380 2492 1458 2558 ﬁt,
1502 2501 1561 2545 ut
1593 2491 1794 2546 sterilis
1820 2490 2048 2546 exsistat

466 2587 776 2644 .I’ularorum
809 2600 1104 2658 synagoga,
1131 2593 1186 2638 et
1215 2583 1282 2638 ad
1311 2584 1843 2639 consummationem
1876 2597 2048 2652 usque

467 2677 672 2740 seculi,
701 2677 876 2731 donec
901 2675 1178 2746 plenitudo
1203 2675 1443 2746 gentium
1473 2674 1743 2741 adveniat,
1773 2675 1898 2728 talis
1921 2673 2042 2728 erit.

468 2767 693 2824 Exaruit
710 2774 888 2820 autem
911 2765 1068 2830 ﬁcus,
1089 2780 1212 2820 cum
1235 2767 1373 2820 inter
1398 2765 1646 2819 homines
1667 2765 1909 2818 humano
1927 2780 2048 2819 cor-

465 2873 596 2926 pore
624 2857 846 2911 indutus
872 2865 926 2911 et
955 2856 1070 2926 ipse
1085 2856 1245 2912 Jesus
1267 2857 1566 2912 etiamnum
1589 2857 1814 2910 viveret.
1844 2854 2045 2910 Viden-

467 2959 546 3003 tes
566 2956 746 3002 autem
766 2947 1017 3017 discipuli
1038 2948 1219 3003 mirati
1239 2958 1369 3005 sunt
1383 2948 1659 3003 dicentes“
1683 2967 1694 3002 :
1723 2967 1740 2998 ι
1762 2946 2048 3012 Quomodo

466 3040 728 3093 continuo
753 3039 894 3094 aruit
915 3040 1091 3095 ﬁcus?
1115 3059 1133 3090 ι
1167 3039 1365 3094 anima:
1385 3040 1584 3110 quippe
1601 3039 1776 3094 oculis
1797 3039 2048 3093 arefactae

471 3135 606 3187 ﬁcus
630 3129 944 3199 mysterium
970 3131 1241 3198 viderunt,
1261 3139 1317 3186 et
1339 3145 1445 3185 non
1463 3140 1570 3185 tam
1589 3131 1733 3200 quod
1751 3129 2046 3196 exaruerit,

2154 1949 2312 2019 μόνον
2343 1947 2491 2017 ζωῆς
2530 1945 2765 2016 ἔμφασιν
2789 1961 2801 1974 ·
2845 1942 3018 2012 φύλλα
3051 1940 3161 2011 γὰρ
3203 1939 3372 2011 χωρὶς
3411 1939 3642 2011 καρπῶν
3674 1941 3731 1993 ἐν

2151 2043 2216 2112 τῇ
2258 2043 2428 2111 συκῇ·
2469 2034 2564 2092 εἴτ’
2611 2037 2730 2089 ἐπεὶ
2777 2034 3015 2106 ἔμψυχος
3063 2029 3132 2104 ἦν
3179 2031 3381 2113 αὕτηη
3431 2031 3589 2100 συκῆ,
3641 2030 3733 2084 διὰ

2150 2130 2310 2184 τοῦτο
2344 2130 2493 2198 λέγει
2521 2127 2597 2192 ὡς
2627 2125 2903 2198 ἀκουούσῃ
2925 2124 3022 2196 τὴν
3048 2124 3364 2195 πρέπουσαν
3397 2121 3534 2191 αὐτῇ
3569 2120 3730 2190 ἀράν.

2152 2223 2225 2276 Τὸ
2266 2221 2322 2274 δέ
2359 2220 2650 2290 λεγόμενον
2697 2216 2935 2270 τοιοῦτον
2979 2211 3066 2286 ἧνο
3113 2215 3278 2267 Ὅσον
3327 2213 3658 2282 συνέστηκεν
3705 2211 3735 2261 ὁ

2153 2313 2384 2377 ἐνεστὼς
2429 2312 2583 2380 αἰὼν,
2637 2310 2834 2382 μηκέτι
2877 2309 3090 2377 γένοιτο
3133 2307 3190 2361 ἐν
3234 2323 3315 2359 σοι
3353 2306 3586 2376 καρπός.
3635 2304 3734 2358 Διά

2153 2407 2310 2460 τοῦτο
2337 2404 2582 2477 ἄκαρπός
2614 2404 2816 2474 ἐστινὴ
2850 2400 3120 2456 Ἰουδαίων
3150 2397 3440 2468 συναγωγὴ
3464 2397 3600 2467 (57),
3637 2398 3736 2451 καὶ

2152 2499 2309 2552 τοῦτο
2341 2499 2547 2567 γίνεται
2584 2498 2720 2567 αὐτῇ
2750 2495 2855 2560 ἐως
2889 2495 2990 2566 τῆς
3032 2492 3340 2555 συντελείας
3373 2490 3467 2544 τοῦ
3514 2491 3734 2554 αἰῶνος,

2153 2587 2258 2650 ἓως
2295 2587 2355 2640 τὸ
2385 2587 2658 2659 πλήρωμα
2695 2585 2804 2639 τῶν
2845 2584 3014 2639 ἐθνῶν
3054 2582 3289 2654 εἰσέλθῃ.
3335 2580 3638 2652 Ἐξηράνθη
3676 2580 3736 2633 δὲ

2154 2681 2187 2751 ἡ
2217 2679 2354 2749 συκῆ
2381 2678 2460 2731 ἐτι
2495 2676 2887 2749 ἐπιδημοῦντος
2909 2676 2987 2746 τῷ
3020 2676 3119 2746 βίῳ
3148 2675 3256 2728 τῶν
3283 2672 3609 2744 ἀνθρώπων,
3639 2672 3738 2726 καὶ

2155 2768 2628 2840 ἐνανθρωποῦντος
2667 2767 2858 2839 Ἰησοῦ.
2899 2766 3116 2829 Ἰδόντες
3139 2765 3195 2818 δὲ
3223 2767 3270 2818 oi
3307 2764 3546 2835 μαθηταὶ
3577 2763 3738 2816 ἐθαύ-

2157 2876 2334 2930 μασαν
2377 2859 2660 2927 λέγοντεςο
2726 2876 2744 2908 ι
2800 2856 2922 2920 Πῶς
2984 2856 3325 2927 παραχρῆμα
3374 2853 3647 2926 ἐξηράνθη
3700 2855 3735 2926 ἡ

2157 2952 2333 3021 συκῆς
2365 2969 2384 3002 ›
2409 2952 2521 3013 τοῖς
2544 2949 2651 3020 γὰρ
2691 2949 2788 3020 τῆς
2811 2948 2987 3020 ψυχῆς
3019 2947 3316 3017 ὀφθαλμοῖς
3365 2943 3506 2999 εἶδον
3543 2948 3604 3000 τὸ
3632 2947 3733 3018 τῆς

2155 3042 2518 3114 ξηρανθείσης
2558 3039 2732 3110 συκῆς
2775 3044 3091 3110 μυστήριον,
3145 3040 3237 3092 καὶ
3285 3038 3598 3109 ἐθαύμασαν
3634 3036 3734 3107 οὐχ

2154 3135 2214 3188 οῦ
2225 3153 2326 3200 τως
2349 3137 2440 3189 ἐπὶ
2451 3131 2530 3205 τῷ
2548 3129 2829 3202 ἐξηράνθαι
2851 3130 3040 3204 αὑτὴθ,
3063 3131 3138 3193 ὡς
3162 3131 3254 3184 ἐπὶ
3285 3130 3362 3202 τῷ
3396 3129 3733 3204 παραχρῆμα

470 3237 632 3291 quam
647 3223 790 3292 quod
810 3224 990 3278 subito
1006 3233 1059 3278 et
1075 3223 1364 3294 derepente
1383 3223 1611 3287 aruerit,
1629 3222 2046 3291 obstupuerunt.

2165 3219 2460 3292 ἐξηράνθαι
2485 3221 2710 3274 ἔϐλεπον
2741 3221 2848 3292 γὰρ
2892 3219 3062 3292 ξηρὰν
3098 3221 3195 3292 τὴν
3243 3221 3437 3290 συκῆν,
3471 3222 3562 3275 τὸν
3606 3221 3736 3274 λαὸν

469 3314 690 3368 Aridam
725 3315 868 3368 enim
907 3313 1095 3378 ﬁcum,
1136 3315 1283 3370 hunc
1329 3315 1589 3370 nimirum
1634 3312 1846 3369 lsraelis
1881 3327 2053 3382 popu-

470 3405 611 3471 lum,
638 3404 1018 3472 intuebantur;
1039 3415 1092 3460 et
1119 3420 1242 3461 cum
1269 3405 1562 3461 arefactam
1580 3405 1870 3474 derepente
1891 3403 2053 3458 ﬁcum

469 3494 714 3549 videntes
756 3495 1010 3565 discipuli
1059 3496 1409 3560 mirarentur,
1451 3497 1605 3566 quasi
1657 3496 1710 3549 id
1756 3495 1902 3566 quod
1967 3494 2050 3547 di-

471 3595 617 3640 ctum
676 3583 854 3640 fuerat
903 3586 1238 3641 conﬁrmans
1293 3586 1474 3652 Jesus,
1528 3589 1601 3641 ita
1655 3586 1981 3656 respondit’
2036 3603 2049 3639 :

473 3697 493 3727 σ
543 3679 736 3744 Amen,
771 3677 814 3732 si
848 3677 1153 3733 habueritis
1188 3677 1370 3743 ﬁdem,
1411 3688 1466 3733 et
1497 3694 1604 3733 non
1641 3677 2046 3741 haesitaveritis.

470 3788 578 3827 non
618 3773 793 3827 solum
825 3773 930 3828 hoc
958 3774 1104 3844 quod
1132 3771 1260 3826 ﬁcui
1297 3772 1547 3843 contigit,
1575 3769 1819 3836 facietis;
1862 3770 1957 3826 sed
1995 3780 2049 3826 et

469 3866 514 3917 si
544 3864 714 3918 monti
746 3864 873 3919 huic
902 3864 1148 3920 dixeritis
1175 3883 1188 3918 :
1216 3863 1365 3919 Tolle
1380 3871 1454 3930 te,
1473 3872 1527 3917 et
1551 3862 1691 3933 iacta
1718 3871 1769 3918 te
1795 3863 1847 3916 in
1873 3879 2044 3929 mare,

473 3955 583 4010 ﬁet.
634 3973 652 4007 ι
687 3953 790 4020 Qui
818 3969 950 4025 ergo
987 3956 1218 4010 credunt
1245 3953 1518 4024 discipuli,
1553 3969 1730 4024 neque
1773 3953 2046 4021 dubitant,

470 4046 523 4100 id
573 4061 791 4117 quoque
833 4046 1092 4114 eﬁiciunt,
1142 4047 1287 4118 quod
1332 4046 1457 4101 licui
1503 4046 1750 4116 contigit,
1803 4047 2047 4102 dicentes

471 4138 520 4192 ei
563 4137 607 4170 ¹⁶
652 4157 666 4193 :
705 4156 723 4190 ι
780 4136 948 4194 Vobis
999 4140 1287 4209 oportebat
1329 4139 1478 4208 loqui
1517 4121 1748 4192 'verbum
1787 4138 1903 4204 Dei,
1949 4139 2041 4193 sed

469 4231 728 4300 quoniam
763 4229 1018 4300 indignos
1048 4247 1147 4286 vos
1185 4230 1445 4300 iudicatis
1465 4270 1480 4292 ,
1513 4245 1639 4284 ecce
1671 4231 2046 4286 convertimur

2155 3315 2247 3367 τὸν
2284 3313 2498 3385 Ἰσραὴλ
2514 3315 2739 3375 ἐκεῖνον,
2767 3315 2861 3366 καὶ
2891 3310 3230 3382 θαυμάζουσι
3249 3307 3357 3376 τοῖς
3383 3312 3651 3384 μαθηταῖς
3677 3316 3739 3367 ἐν

2153 3407 2232 3478 τῷ
2262 3407 2566 3478 ἑωρακέναι
2595 3405 2937 3478 παραχρῆμα
2983 3403 3081 3477 τὴν
3118 3407 3288 3476 συκῆν
3321 3405 3734 3477 ἐξηραμμένην,

2155 3499 2476 3571 ἀποκριθεὶς
2523 3499 2552 3550 ὁ
2609 3497 2816 3568 Ἰησοῦς
2854 3493 3007 3550 εἶπεν
3053 3497 3303 3568 ἐμπεδῶν
3344 3497 3405 3549 τὸ
3444 3495 3738 3566 λεγόμενον

2154 3588 2230 3658 τῷ
2251 3605 2266 3619 ο
2299 3608 2317 3640 ι
2379 3586 2568 3660 Ἀμὴν,
2595 3588 2698 3652 ὅτι,
2731 3587 2825 3640 ἐὰν
2860 3586 3020 3657 ἔχητε
3051 3588 3258 3650 πίστιν,
3296 3587 3389 3640 καὶ
3422 3585 3497 3658 μὴ
3529 3586 3738 3657 διακρι-

2149 3682 2299 3753 θῆτε,
2333 3682 2394 3734 of»
2429 3682 2586 3752 μόνον
2616 3679 2677 3733 τὸ
2703 3681 2800 3750 τῆς
2835 3679 3006 3750 συκῆς
3041 3682 3320 3750 ποιήσετε,
3356 3680 3491 3734 ἀλλά
3523 3681 3626 3734 κᾶν
3657 3679 3738 3749 τῷ

2149 3773 2264 3845 ὄρει
2323 3773 2497 3844 τούτῳ
2544 3772 2763 3844 εἴπητε·
2827 3771 3056 3843 ’Ἄρθητι
3107 3772 3200 3825 καὶ
3244 3771 3468 3844 βλήθητι
3512 3774 3592 3836 είς
3634 3771 3734 3843 τὴν

2148 3865 2441 3930 θάλασσαν,
2467 3853 2777 3936 γενήσεται.
2811 3883 2828 3916 ι
2869 3863 3076 3918 Οὐκοῦν
3101 3863 3151 3916 οἱ
3181 3864 3529 3928 πιστεύοντες
3558 3865 3735 3936 μαθη-

2149 3959 2258 4021 ταὶ,
2291 3958 2384 4010 καὶ
2411 3957 2484 4028 μὴ
2503 3957 2924 4028 διακρινόμενοι,
2960 3953 3169 4008 ποιοῦσι
3201 3956 3295 4009 καὶ
3327 3955 3388 4008 τὸ
3413 3955 3512 4026 τῆς
3539 3955 3730 4023 συκῆς,

2147 4049 2397 4118 λέγοντες
2422 4049 2590 4119 αὐτῇ·
2633 4067 2652 4099 ι
2701 4048 2860 4118 Ὑμῖν
2885 4043 2952 4120 ἦν
2985 4049 3281 4116 ἀναγκαῖον
3312 4046 3612 4118 λαληθῆναι
3643 4045 3735 4098 τὸν

2148 4141 2306 4209 λόγον
2335 4139 2428 4193 τοῦ
2459 4139 2594 4193 Θεοῦ
2613 4157 2627 4170 ·
2665 4141 2786 4193 ἐπεὶ
2815 4140 2871 4194 δὲ
2895 4141 2996 4193 οὐκ
3025 4139 3208 4204 ἀξίους
3237 4139 3450 4211 κρίνετε
3483 4140 3731 4202 ἑαυτοὺς,

2153 4229 2260 4282 ἰδοὺ
2280 4229 2692 4301 συπρεφόμεθα
2715 4228 2826 4300 (58)
2850 4229 3008 4293 είςτά
3025 4228 3172 4302 ἔθνη,
3199 4247 3217 4281 ι
3238 4230 3331 4284 καὶ
3343 4229 3735 4291 καταλιπόντες

468 4323 532 4377 ad
567 4329 781 4393 gentes,
823 4341 843 4374 ι
878 4337 1108 4393 eamque
1141 4337 1170 4376 a
1213 4337 1272 4379 se
1317 4322 1557 4377 relictam
1603 4321 1937 4390 arefaciunt,
1984 4334 2044 4380 ut

2151 4323 2316 4394 αὐτὴν
2340 4322 2682 4394 ξηραίνουσιν
2704 4319 2892 4394 αὐτὴν,
2926 4322 3045 4394 ἵν’ἠ
3071 4322 3274 4394 ζωτικὴ
3299 4322 3526 4394 δύναμις
3561 4322 3735 4393 αὐτῆς

1667 4437 1899 4495 VETUS
1937 4437 2519 4494 INTERPRETATIO.

467 4556 636 4634 cipes,
674 4565 729 4637 et
763 4558 996 4637 scribas,
1029 4558 1128 4637 qui_
1151 4559 1394 4614 sciebant
1420 4559 1643 4637 quidem
1672 4561 1941 4637 mirabilia
1974 4578 2105 4637 qua:
2133 4561 2263 4617 fecit
2292 4557 2471 4637 Jesus,
2501 4572 2556 4618 et
2595 4578 2797 4637 pueros
2839 4563 3229 4637 clamantesin
3265 4560 3730 4637 templo,_nibilo-

473 4630 656 4708 minus
694 4626 1328 4708 indigpan‘tes‘adversus
1357 4626 1454 4708 eos
1484 4633 1574 4700 qui
1612 4630 1780 4708 D_cu_m
1800 4626 2124 4708 laudabant,
2155 4634 2311 4708 qu:_tsi
2341 4626 2434 4704 qui
2461 4626 2573 4708 non
2598 4626 2992 4708 intellexerunt
3016 4633 3161 4708 quod
3196 4626 3672 4708 fuerat-scriptum
3715 4648 3727 4683 :

473 4713 492 4746 σ
530 4693 609 4780 lix
645 4711 740 4780 ore
778 4693 1066 4780 infantium
1095 4706 1148 4751 et
1180 4693 1516 4780 faetentium:
1539 4701 1813 4780 perfecisti
1850 4693 2119 4780 laudem}
2159 4693 2186 4754 ι’
2217 4703 2285 4757 Ει
2314 4693 2836 4780 quoniam_rel_iqui_t
2871 4693 3432 4780 illain'llieqtsalern,
3465 4693 3532 4755 «δι’
3554 4699 3735 4780 factus

465 4775 548 4818 est
577 4774 730 4848 extra
759 4767 1061 4848 eam,_ideo_
1086 4767 1309 4848 cecidit...
1334 4778 1387 4848 et
1412 4767 1551 4848 lapis
1573 4787 1736 4848 super
1768 4772 2001 4842 lapidem
2043 4772 2117 4848 ibi
2144 4782 2289 4828 stare
2315 4767 2421 4829 rion
2452 4775 2648 4844 potuit.
2687 4767 2846 4848 venit
2879 4782 3062 4848 autem
3095 4774 3148 4826 in
3182 4771 3504 4848 Bethaniam
3531 4772 3597 4848 ad
3628 4770 3732 4848 do-

467 4851 616 4919 mum
647 4837 1000 4919 obedientize,
1050 4838 1101 4891 id
1149 4847 1234 4919 est
1266 4837 1588 4919 Ecclesi’ani,
1624 4837 1676 4894 in
1723 4837 1838 4919 qua
1871 4851 1954 4896 est
1984 4837 2640 4919 etiatncommora'tus‘et
2664 4845 2951 4919 requievit,
2984 4843 3228 4919 eo_quod
3265 4857 3370 4895 non
3408 4842 3641 4894 habebat
3677 4839 3732 4893 in

465 4901 1001 4988 Hierosolymiskubi
1039 4917 1204 4988 caput
1237 4909 1492 4988 reclinet,
1519 4901 1641 4988 quae
1680 4901 1876 4988 taiibus
1908 4913 2284 4988 sacerdotibus
2315 4925 2369 4969 et
2396 4913 2598 4988 populo
2630 4901 2801 4988 impio
2827 4901 2950 4988 erat
2970 4901 3172 4983 repleta
3207 4932 3219 4968 :
3256 4928 3380 4967 eum
3416 4920 3598 4965 autem
3649 4926 3735 4988 re-

463 4972 768 5058 qgievisset
787 4976 840 5028 in
869 4972 1153 5058 Bethania,
1179 4978 1230 5031 in
1261 4972 1786 5058 domoobedientize,
1820 4991 1939 5050 post
1967 4983 2292 5058 princnpium
2320 4972 2688 5058 constituendi
2711 4972 3056 5058 'Ecclgsiam',
3098 4980 3736 5058 postquam__repausav_it

472 5045 866 5130 aliquantulum
902 5047 952 5099 in
979 5063 1062 5110 ea,
1092 5050 1536 5130 tunercvertitur
1559 5051 1613 5104 in
1649 5045 1924 5130 civitatem
1957 5045 2121 5130 quam
2146 5045 2316 5130 paulo
2349 5065 2487 5130 ante
2503 5055 2816 5130 reliquerat.
2851 5054 2917 5130 Et
2944 5045 3226 5130 revertens
3244 5045 3562 5130 estit'iit.'l£t
3595 5049 3733 5103 vidit

471 5116 1154 5196 ultamuﬁeulneamsecus
1188 5120 1355 5196 viam,
1387 5121 1664 5184 arborem,
1701 5116 2411 5196 populum'cirguincisum.
2447 5122 2512 5196 Et
2545 5116 2771 5196 veniens
2804 5125 2870 5178 ad
2903 5141 3022 5180 eam
3058 5125 3268 5196 nullum
3303 5121 3540 5196 frn_ctum
3575 5136 3734 5196 man-

471 5183 773 5239 ducabilem
807 5185 1014 5240 invenit
1039 5185 1094 5240 in
1120 5202 1206 5254 ea,
1241 5183 1572 5244 sedtantnm
1611 5183 1848 5258 speciem
1892 5194 2035 5246 vitae.
2079 5191 2231 5248 Folia
2266 5195 2410 5248 enim
2445 5195 2562 5250 sine
2598 5192 2867 5250 fructibus
2905 5203 3067 5249 erant
3110 5194 3167 5248 in
3199 5195 3326 5248 ﬁcu.
3373 5191 3438 5246 Et
3467 5191 3730 5262 quoniam

483 5300 586 5422 ‘6‘
620 5298 761 5355 Psal.
795 5315 910 5366 vm,
941 5301 993 5355 '5.
1110 5304 1130 5333 ‘
1152 5302 1340 5359 Matth.
1373 5320 1494 5370 Vill,
1519 5305 1609 5360 20.

517 5486 648 5566 [56.)
672 5481 998 5566 'HlOerAelq
1017 5490 1342 5566 Βῃραιςίαξς,
1371 5491 1475 5542 τὸν
1496 5489 1604 5559 τῆς
1624 5491 1921 5561 ὑπακοῆς,
1938 5502 2044 5548 etc.

466 5554 705 5610 Hilarius
734 5571 858 5609 can.
883 5557 944 5610 2i
986 5557 1039 5612 in
1067 5557 1253 5612 Matth.
1284 5558 1547 5614 Huerws.

536 5625 650 5712 £3???
715 5625 817 5712 4f"
857 5627 1037 5712 3.0???
1075 5627 1355 5712 ﬁxamés
1387 5632 1611 5712 fere.
1638 5633 1675 5700 ἡ
1735 5631 2046 5712 Ῑῖοιλδαίςυν

465 5693 804 5814 peragitati.
855 5694 1094 5750 Hilarius
1133 5693 1253 5752 can.
1290 5693 1350 5780 2i
1386 5700 1437 5752 in
1463 5693 2044 5782 Mattitprmbrosius

490 5799 502 5812 .
531 5776 600 5812 VII
627 5773 680 5816 ιη
756 5778 840 5817 uc.
869 5774 989 5834 cap.
1024 5765 1115 5832 23,
1158 5766 1301 5836 Opus
1330 5771 1537 5839 tmpt’t‘f.
1570 5772 1760 5826 homtl.
1795 5773 1882 5839 '59,
1909 5773 2042 5825 Bre-

1695 5307 1738 5338 "
1771 5306 1961 5362 Matth.
2007 5325 2121 5376 xxi,
2182 5308 2270 5376 18,
2331 5310 2413 5364 19.

2519 5311 2544 5342 ⁸
2575 5312 2707 5367 ibid.
2740 5310 2833 5367 20.
2945 5313 2966 5344 ⁹
2995 5309 3126 5364 ibid.
3162 5309 3252 5362 2|.
3368 5310 3411 5340 "
3447 5309 3568 5363 Act.
3606 5322 3726 5371 xm,

2149 5499 2224 5552 ris
2245 5501 2544 5563 enarratio;
2566 5497 3004 5569 Theophylaclus
3023 5495 3348 5569 ineumdem
3373 5495 3517 5550 hunc
3535 5491 3727 5548 Matth.

2155 5571 2356 5635 locum,
2384 5581 2435 5624 et
2460 5571 2511 5623 in
2529 5561 2770 5623 Marcfx
2788 5561 2813 5632 ;’
2834 5567 3047 5621 Glossa.
3085 5561 3346 5635 Hunnus.

2226 5633 2350 5709 (58)
2378 5641 2556 5696 Codex
2593 5639 2925 5709 Anglicanus
2962 5652 3058 5709 seu
3085 5633 3451 5709 Holmiensis,
3503 5648 3728 5704 συστρε-

2150 5705 2377 5781 φόμεθα.
2416 5710 2592 5764 Ediliu
2628 5705 2829 5772 llnetii,
2864 5705 3222 5778 στρεφόμεθα.
