4086 6472
416 379 545 435 libi

1365 376 1718 433 COMMENT.
1762 375 1828 431 [Ν
1864 372 2281 432 MATTHIEUM
2319 374 2556 432 TOMUS
2593 374 2735 431 XVI.

3538 376 3684 431 1462⁸

411 494 617 566 μεταϐῇ
655 496 748 550 ἐπὶ
778 496 902 558 τοὺς
951 494 1060 548 ἀπὸ
1104 452 1208 547 τῶν
1247 494 1438 558 ὲθνῶν,
1478 495 1571 548 καὶ
1613 496 1674 547 τὸ
1720 493 1984 566 πρότερον

2088 493 2264 548 vitalis
2304 492 2475 563 ipsius
2510 492 2741 548 facultas
2776 491 2851 547 ad‘
2877 491 3105 562 gentiles
3148 498 3407 553 transeat,
3444 491 3509 545 ad
3546 508 3672 547 eos-

410 586 636 659 συνέχον
680 588 897 658 πνεῦμα
926 588 1019 641 τὸν
1052 586 1178 640 λαὸν
1224 586 1428 639 ἐκεῖνον
1468 589 1710 657 μεταστῇ
1747 587 1838 639 ἐπὶ
1861 586 1987 649 τοὺς

406 680 516 735 ἀπὸ
537 680 646 734 τῶν
675 680 864 734 ὲθνῶνο
895 681 1031 751 πρὸς
1064 678 1140 750 τῷ
1165 678 1222 731 δὲ
1253 682 1424 732 ποιεῖν
1452 678 1515 732 τὸ
1532 678 1633 749 τῆς
1662 678 1836 749 ’συκῆς
1860 679 1986 743 τοὺς

410 773 679 848 μαθητὰς,
723 773 1116 842 ἐπαγγέλλεται
1165 772 1349 836 αὐτοῖς
1394 772 1423 824 6
1477 770 1569 825 τοῦ
1616 770 1751 825 Θεοῦ
1792 771 1984 839 Λόγος,

408 866 504 919 ἐὰν
537 865 703 936 ἔχωσι
751 864 955 928 πίστιν,
993 864 1087 918 καὶ
1122 862 1198 935 μὴ
1239 862 1609 933 διακριθῶσιν,
1646 864 1727 917 ὅτι
1765 860 1844 933 τῷ
1881 862 1987 916 δει-

408 956 661 1026 κνυμένῳ
705 954 793 1008 ὑπ’
841 954 1005 1009 αὑτοῦ
1048 953 1187 1025 ὄρει,
1235 955 1302 1023 τῇ
1349 952 1699 1026 ἀντικειμένῃ
1739 952 1988 1024 ἐνεργείᾳ

407 1045 741 1118 ὲπαιρομὲνῃ
793 1045 934 1099 κατὰ
973 1044 1081 1099 τῶν
1126 1041 1429 1115 ἀνθρώπων
1467 1043 1744 1112 λέγουσιν·
1800 1063 1818 1094 ι
1857 1044 1988 1114 Ἀρ-

410 1134 554 1207 θητι,
590 1137 682 1189 καὶ
734 1134 960 1207 βλήθητι
994 1136 1074 1199 εἰς
1114 1133 1212 1205 τὴν
1241 1133 1535 1197 θάλασσαν,
1570 1153 1589 1187 ι
1628 1134 1721 1187 καὶ
1752 1133 1980 1203 γίνεται·

407 1228 619 1298 αἴρεται
659 1227 766 1299 γὰρ
804 1228 894 1295 ἀφ’
920 1227 1148 1280 ἑκάστου
1187 1224 1294 1279 τῶν
1320 1224 1713 1295 ὠφελουμένων
1745 1225 1851 1278 ὑπὸ
1884 1243 1987 1297 μα-

406 1317 587 1389 θητῶν
632 1316 805 1387 Ίησοῦ
840 1316 899 1369 τὸ
931 1315 1067 1387 βαρὺ
1101 1315 1200 1386 τῆς
1242 1314 1441 1378 κακίας
1481 1314 1632 1386 ὅρος,
1662 1316 1691 1367 ὁ
1717 1316 1983 1381 Σατανᾶς,

408 1406 654 1475 αἴροντος
682 1405 843 1458 αὐτὸν
874 1403 971 1458 τοῦ
1013 1405 1336 1475 νικήσαντος
1376 1403 1560 1468 αὑτὸν,
1602 1404 1697 1457 καὶ
1735 1403 1985 1474 βάλλεται

408 1501 487 1563 είς
516 1499 613 1570 τὴν
649 1498 944 1560 θάλασσαν,
979 1496 1078 1567 τὴν
1112 1496 1369 1561 ἄϐυσσον,
1397 1495 1685 1566 βάλλοντος
1719 1494 1879 1549 αὑτὸν
1907 1496 1987 1560 εἰς

407 1591 497 1645 τὸν
538 1591 686 1658 ἄξιον
712 1589 876 1644 αὑτοῦ
902 1590 1064 1644 τόπον
1093 1589 1193 1661 τῆς
1221 1588 1515 1652 κολάσεως.
1556 1588 1666 1642 Καὶ
1700 1587 1828 1659 περὶ
1858 1586 1988 1641 ταύ-

408 1698 507 1749 της
544 1681 643 1752 τῆς
676 1681 960 1753 θαλάσσης
999 1683 1056 1734 ὲν
1092 1679 1345 1751 Ψαλμοῖς
1385 1678 1602 1747 λέγεται
1634 1677 1713 1731 τό·
1775 1695 1795 1730 ι
1835 1677 1984 1750 Αὕτη

410 1774 444 1843 ή
476 1773 719 1828 θάλασσα
764 1775 798 1844 ἡ
847 1772 1060 1844 μεγάλη
1108 1772 1204 1825 καὶ
1248 1770 1576 1843 εὐρύχωρος.
1638 1771 1785 1824 Ἐκεῖ
1826 1770 1985 1823 πλοῖα

2094 600 2201 655 que
2221 584 2446 653 spiritus
2476 585 2731 654 populum
2756 584 2900 638 hunc
2931 592 3090 639 antea
3119 597 3450 637 conservans
3480 583 3669 637 tradu-

2095 685 2268 731 catur.
2302 674 2502 731 Prreter
2543 675 2855 731 facultatem
2886 685 3066 729 autem
3121 674 3170 727 id
3203 671 3476 727 efﬁciendi
3520 674 3665 743 quod

2093 766 2222 820 ficui
2259 768 2506 838 contigit,
2560 767 2843 837 discipulis
2884 767 3048 822 etiam
3097 766 3211 822 suis
3256 766 3541 836 pollicetur
3574 765 3671 821 Dei

2098 858 2356 924 Verbum,
2393 858 2635 915 futurum
2663 868 2722 913 ut
2755 861 2800 915 si
2832 860 2990 916 [idem
3017 859 3328 924 habuerint,
3361 876 3535 931 neque
3562 858 3669 914 du-

2093 951 2405 1014 bitaverint,
2434 950 2843 1016 cum,indicato
2880 966 2909 1005 a
2943 966 3002 1005 se
3035 950 3228 1015 monti,
3281 950 3333 1007 id
3367 960 3447 1006 est
3477 951 3669 1005 adver-

2094 1044 2253 1099 saria:
2300 1042 2555 1112 potestati
2604 1057 2726 1098 sese
2776 1042 3035 1097 adversus
3069 1043 3319 1099 homines
3365 1041 3670 1108 extollenti,

2093 1135 2372 1190 dixerint:
2411 1154 2429 1186 ι
2472 1132 2705 1198 Tollere,
2751 1142 2804 1188 et
2833 1134 3100 1212 projicere
3141 1133 3195 1188 iu
3237 1149 3408 1199 mare,
3451 1153 3468 1186 ι
3508 1133 3559 1188 id
3591 1136 3666 1188 ita

2093 1226 2375 1297 contingat
2410 1242 2423 1278 :
2452 1224 2521 1279 ab
2544 1238 2876 1294 unoquoque
2901 1225 3048 1278 enim
3074 1238 3263 1278 eorum
3293 1224 3492 1294 quibus
3518 1224 3667 1278 auxi.

2094 1318 2224 1372 lium
2251 1325 2507 1387 praestant
2536 1315 2785 1386 discipuli
2813 1313 2963 1379 Jcsu,
2992 1314 3172 1387 gravis
3198 1316 3453 1384 nequitiae
3482 1330 3664 1382 mons,

2095 1409 2326 1464 Satanas
2349 1408 2630 1473 nimirum,
2659 1407 2939 1474 aufertur;
2973 1405 3256 1462 auferente
3278 1423 3342 1462 co
3370 1407 3463 1478 qui
3495 1407 3665 1478 ipsius

2092 1500 2267 1555 victor
2291 1499 2555 1566 evasit,et
2585 1499 2637 1552 in
2682 1513 2850 1566 mare,
2883 1497 3142 1568 abyssum
3175 1498 3401 1562 scilicet,
3439 1498 3664 1570 projici-
3736 1544 3741 1547 .

2095 1596 2203 1652 tur,
2253 1586 2442 1642 eodem
2498 1586 2552 1640 in
2591 1586 2921 1664 destinatum
2967 1587 3139 1656 ipsius
3184 1588 3449 1658 supplicio
3483 1589 3663 1644 locum

2093 1677 2433 1748 projiciente.
2480 1676 2559 1732 Ac
2590 1676 2657 1732 de
2691 1677 2796 1731 hoc
2829 1677 3049 1746 quidem
3088 1678 3225 1731 mari
3256 1679 3309 1738 id
3341 1679 3396 1732 in
3430 1676 3663 1738 Psalmis

2092 1769 2293 1824 dicitur
2317 1770 2355 1800 “
2392 1787 2404 1822 :
2446 1787 2465 1818 ι
2502 1766 2617 1823 Hoc
2651 1784 2802 1824 mare
2831 1784 3087 1839 magnum
3116 1777 3169 1822 et
3202 1771 3525 1838 spatiosum,
3556 1771 3668 1827 illic

407 1864 811 1936 διαπορεύεται,
860 1863 977 1928 ζῶα
1032 1863 1204 1936 μικρὰ
1248 1863 1389 1934 μετὰ
1447 1864 1717 1936 μεγάλων,
1769 1863 1984 1935 δράκων

2089 1875 2254 1915 naves
2308 1867 2711 1927 pertranseunt.
2763 1859 3034 1914 Animalia
3081 1858 3245 1931 759
3287 1862 3485 1931 pusilla
3537 1878 3661 1919 cum

410 1948 563 2017 οὗτος
593 1953 652 2006 ὃν
701 1952 941 2017 ἔπλασας
987 1952 1275 2024 ἐμπαίζειν
1310 1953 1476 2027 αὐτῷ.
1519 1973 1536 2005 ι
1592 1954 1702 2007 Καὶ
1744 1956 1803 2009 ὲν
1843 1953 1986 2025 ἄλλῳ

409 2043 628 2115 ψαλμῷ·
665 2064 683 2097 ‹
728 2047 874 2099 Ἐκεῖ
896 2045 1230 2110 συνέθλασας
1257 2047 1355 2111 τὰς
1382 2046 1621 2116 κεφαλὰς
1644 2046 1737 2100 τοῦ
1756 2046 1984 2118 δράκον-

410 2153 521 2200 τος,
551 2154 568 2187 ι
602 2135 760 2207 δῆλον
788 2136 869 2200 δὲ,
905 2137 986 2191 ὅτι
1018 2139 1074 2191 ὲν
1108 2139 1173 2208 τῇ
1208 2136 1472 2211 Θαλάσσῃ,
1507 2139 1600 2191 καί
1621 2140 1738 2193 ἐκεῖ
1768 2158 1787 2191 ‹
1826 2138 1983 2192 συνέ-

408 2225 608 2290 θλασας
651 2225 750 2297 τὴν
795 2225 1035 2297 κεφαλὴν
1085 2224 1179 2279 τοῦ
1225 2226 1537 2298 δράκοντος,
1581 2228 1789 2294 ἔδωκας
1821 2230 1986 2284 αὑτὸν

409 2316 607 2388 βρῶμα
646 2315 793 2382 λαοῖς
833 2318 948 2382 τοῖς
984 2316 1249 2388 Αἰθίοψιν.
1281 2338 1298 2370 ι
1335 2317 1557 2389 Δῐρεται
1580 2315 1671 2373 οῦν
1706 2320 1827 2374 καθ’
1857 2319 1984 2374 ἕκα-

410 2424 533 2461 στον
565 2406 671 2460 τῶν
706 2406 809 2460 ὑπὸ
847 2405 940 2460 τοῦ
985 2408 1159 2478 Λόγου
1190 2409 1671 2481 καταρτιζομένων
1699 2412 1778 2474 είς
1810 2427 1985 2482 σωτη-

413 2499 535 2570 ρίαν
567 2499 694 2571 ὅρος
744 2498 803 2552 τὸ
846 2498 952 2552 ὑπὸ
991 2498 1083 2551 τοῦ
1140 2497 1313 2570 Ἰησοῦ
1362 2498 1692 2571 βλεπόμενον
1743 2503 1835 2554 καὶ
1876 2501 1983 2554 δει-

405 2588 692 2659 κνύμενον,
759 2590 852 2643 καὶ
907 2589 1162 2660 βάλλεται
1223 2592 1303 2655 είς
1353 2591 1451 2662 τὴν
1508 2591 1781 2645 θάλασσαν
1841 2590 1984 2645 κατὰ

407 2677 496 2732 τὸν
523 2677 616 2732 τοῦ
650 2679 1100 2750 ὲπιτυγχάνοντος
1137 2679 1379 2752 μαθητοῦ
1429 2679 1600 2753 Ἰησοῦ
1632 2681 1690 2735 ἐν
1728 2682 1981 2736 διδασκα-

405 2768 495 2841 λίᾳ
538 2769 716 2840 λόγον,
769 2770 1019 2839 λέγοντος
1072 2770 1148 2843 τῷ
1194 2774 1252 2825 ἐν
1295 2771 1373 2842 τῷ
1425 2771 1548 2826 καθ’
1600 2773 1827 2828 ἕκαστον
1873 2773 1981 2829 τῶν

405 2858 710 2914 ἀκουόντων
738 2861 887 2933 ὀρειο
925 2881 944 2914 ι
982 2862 1233 2934 Ἀρθητι,
1270 2863 1363 2918 καὶ
1400 2862 1625 2935 βλήθητι
1658 2865 1737 2929 εἰς
1759 2865 1857 2936 τὴν
1887 2864 1982 2919 θά-

405 2951 609 3005 λασσαν
630 2967 642 2980 ·
682 2972 701 3005 ι
738 2952 986 3023 λέγοντος
1012 2953 1069 3008 δὲ
1105 2952 1244 3026 μετᾶ
1275 2953 1368 3008 τοῦ
1396 2954 1539 3026 ἔχειν
1575 2955 1755 3009 πίστιν
1786 2955 1879 3009 καὶ
1906 2955 1980 3028 μή

401 3041 807 3114 διακρίνεσθαι,
841 3044 927 3098 ἵνα
968 3047 1060 3099 καὶ
1087 3043 1148 3098 τὸ
1189 3044 1480 3116 λεγόμενον
1510 3045 1755 3118 γένηται,
1793 3046 1885 3099 καί
1914 3046 1982 3101 τὰ

406 3129 580 3183 πάντα
614 3130 669 3185 δὲ
701 3132 800 3185 ὅσα
830 3132 925 3187 εὰν
955 3135 984 3185 6
1016 3133 1155 3204 ἔχων
1190 3134 1369 3187 πίστιν
1399 3134 1492 3187 καὶ
1531 3134 1605 3205 μὴ
1637 3134 1981 3207 διακρινόμε-

401 3236 490 3282 νος
524 3221 720 3294 αἰτήσῃ
742 3224 799 3274 ὲν
825 3224 891 3292 τῇ
926 3225 1223 3295 προσευχῇ,
1255 3223 1523 3276 πιστεύων
1550 3222 1801 3294 λήψεται.

471 3312 618 3385 Α’ύτη
646 3313 703 3366 δέ
728 3314 841 3367 ἐστι
880 3313 1137 3385 Βηθανία,
1172 3314 1298 3368 ἔνθα
1340 3316 1368 3366 6
1410 3316 1474 3368 ἐκ
1505 3312 1713 3387 νεκρῶν
1750 3313 1985 3379 ἀναστὰς

413 3405 587 3475 Ἰησοῦ
624 3406 776 3475 φίλος
823 3405 1078 3477 κατῴκει·
1131 3408 1222 3462 καὶ
1262 3407 1369 3472 πᾶς
1409 3407 1465 3461 δὲ
1502 3409 1537 3461 ’ό
1584 3407 1873 3462 ὑπακούων
1906 3406 1985 3479 τῷ

402 3494 543 3567 λόγῳ
570 3496 663 3550 τοῦ
709 3497 867 3562 Θεοῦ,
906 3499 998 3552 καὶ⁴
1023 3499 1112 3552 τὸν
1154 3497 1311 3567 λόγον
1356 3499 1455 3571 τῆς
1493 3499 1739 3569 ὑπακοῆς
1771 3500 1983 3571 ἐνιδρυ-

406 3586 565 3657 μένον
589 3587 725 3659 ἔχων
752 3589 947 3662 ἑαυτῷ,
976 3585 1121 3653 οἶκός
1151 3590 1297 3644 ἐστιν
1330 3589 1579 3661 ύπαοκοῆς
1606 3591 1700 3644 καὶ
1719 3588 1979 3660 Βηθανία,

400 3675 460 3728 ὲν
490 3670 825 3749 ᾖαύλίζεται
879 3679 908 3731 ό
961 3677 1165 3750 Ἰησοῦς
1201 3677 1294 3732 καὶ
1333 3676 1686 3731 ἀναπαύεται.
1735 3678 1887 3733 Ἐπεὶ
1931 3678 1986 3732 δὲ

402 3767 705 3841 πράγματα
745 3768 1041 3841 λαμϐάνειν
1086 3768 1167 3822 δεῖ
1204 3768 1313 3822 ἀπὸ
1356 3768 1465 3822 τῶν
1503 3769 1812 3840 λεγομένων
1860 3769 1985 3833 ἄξια

400 3854 591 3924 σοφίας
616 3853 772 3917 Θεοῦ,
810 3852 903 3922 ἀφ’
944 3849 1012 3925 ἧς
1051 3854 1119 3907 τὰ
1147 3855 1452 3925 Εὐαγγέλια
1490 3856 1818 3928 γέγραπται,
1850 3857 1985 3928 πρό-

400 3959 528 4013 σχες
546 3946 593 3996 ει
619 3944 694 4015 μὴ
726 3944 867 3999 κατὰ
893 3945 989 4016 μὲν
1014 3947 1138 4009 τοὺς
1164 3945 1528 4016 ἁπλούστερον
1552 3946 1803 4013 νοοῦντας
1841 3964 1982 4018 παρ-

2087 1950 2320 2020 magnis.
2360 1950 2534 2005 Draco
2579 1950 2681 2006 iste
2721 1966 2882 2020 quem
2928 1951 3170 2006 formasti
3212 1950 3278 2006 ad
3327 1951 3661 2007 illudendum

2084 2042 2166 2110 ei;
2204 2062 2222 2093 ι
2259 2051 2314 2097 et
2346 2042 2401 2097 in
2445 2042 2554 2097 alio
2585 2039 2794 2113 psalmo
2824 2042 2864 2074 "
2903 2062 2915 2097 :
2951 2061 2970 2094 ί
3009 2042 3091 2097 Tu
3129 2041 3451 2115 :eonfregisti
3483 2044 3659 2113 capita

2083 2134 2361 2201 draconis,
2398 2154 2417 2187 ι
2452 2134 2701 2189 videlicet
2731 2136 2786 2189 in
2822 2135 2994 2202 mari;
3022 2145 3184 2206 atque
3226 2136 3357 2201 illic,
3393 2154 3410 2187 ι
3439 2135 3659 2193 confre-

2083 2225 2209 2295 gisti
2263 2234 2425 2295 caput
2469 2225 2743 2292 draconis,
2793 2225 2990 2282 dedisti
3045 2241 3170 2282 eum
3217 2242 3397 2282 eseam
3447 2227 3659 2298 populis

2085 2318 2422 2389 A‘lthiopum.
2457 2337 2475 2370 ι
2505 2319 2588 2375 Ab
2612 2336 2939 2391 unoquoque
2964 2320 3127 2393 igitur
3149 2336 3338 2377 eorum
3363 2319 3456 2391 qui
3481 2320 3545 2374 ad
3573 2335 3661 2375 sa-

2084 2409 2250 2465 lutem
2280 2425 2310 2464 a
2346 2408 2519 2465 Verbo
2564 2420 2958 2479 prreparantur,
2996 2427 3153 2467 mons
3190 2426 3220 2465 a
3248 2408 3376 2466 Jesu
3429 2425 3658 2479 conspe-

2084 2511 2203 2557 ctus
2225 2509 2279 2554 et
2306 2507 2639 2555 monstratus
2661 2500 2926 2568 aufertur,
2951 2511 3004 2558 et
3032 2502 3085 2556 in
3113 2516 3264 2555 mare
3297 2499 3530 2553 mittitur
3563 2513 3660 2569 per

2083 2607 2390 2648 sermonem
2431 2590 2683 2660 discipuli
2728 2590 2894 2657 Jesu,
2946 2594 2998 2647 in
3034 2591 3281 2648 doctrina
3326 2588 3657 2660 capessenda

2084 2681 2311 2736 feliciter
2350 2683 2572 2746 versati,
2609 2693 2663 2737 et
2705 2683 2876 2738 monti
2906 2684 2998 2753 qui
3046 2683 3097 2737 in
3133 2696 3463 2753 unoquoque
3497 2680 3657 2737 audi—

2084 2779 2261 2826 torum
2301 2781 2386 2827 est
2427 2771 2657 2829 dicentis
2705 2772 2747 2804 ’³
2784 2789 2796 2825 :
2839 2791 2858 2824 ι
2914 2771 3146 2835 Tollere,
3183 2781 3238 2826 et
3290 2770 3557 2842 projicere
3603 2771 3656 2825 in

2084 2878 2268 2930 mare;
2320 2882 2338 2913 ι
2377 2872 2540 2932 atque
2592 2865 2722 2919 illud
2776 2865 2993 2935 quidem
3035 2881 3159 2919 cum
3208 2865 3311 2920 fide
3353 2874 3404 2918 et
3454 2865 3659 2933 absque

2082 2954 2423 3010 dubitatione
2442 2955 2692 3024 dicentis,
2721 2966 2780 3012 ut
2802 2965 3045 3027 Optatum
3070 2957 3231 3011 verba
3254 2956 3427 3025 ipsius
3447 2955 3655 3010 exitum

2082 3045 2489 3111 nanciscantur,
2518 3054 2570 3101 et
2598 3054 2657 3101 ut
2683 3063 3022 3117 quaecunque
3048 3047 3102 3101 in
3127 3046 3374 3101 oratione
3402 3044 3658 3115 petiverit
3700 3096 3705 3111 _.

2083 3141 2176 3210 qui
2210 3137 2370 3195 ﬁdem
2403 3139 2560 3195 habet
2581 3149 2633 3194 et
2655 3153 2760 3193 non
2778 3138 3010 3206 dubitat,
3027 3138 3252 3193 credens
3269 3145 3655 3207 consequatur.

2156 3312 2247 3367 27.
2280 3311 2405 3368 Haec
2449 3328 2613 3384 porro
2660 3312 2917 3369 Bethania
2966 3323 3049 3369 est
3092 3329 3254 3384 quam
3307 3312 3581 3368 habitabat
3612 3310 3658 3366 is

2087 3405 2295 3460 amicus
2338 3402 2465 3459 Jesu
2516 3403 2609 3475 qui
2657 3419 2688 3459 e
2732 3405 2962 3460 mortuis
3014 3405 3276 3469 surrexit;
3325 3411 3378 3459 et
3407 3402 3659 3475 quisquis

2085 3505 2231 3552 certe
2258 3495 2348 3550 Dei
2383 3496 2619 3557 sermoni
2652 3497 3009 3567 obtemperat,
3044 3507 3098 3551 et
3143 3496 3464 3552 obedientia:
3502 3510 3659 3550 man-

2082 3591 2208 3646 data
2257 3590 2443 3646 animo
2491 3591 2599 3647 alte
2638 3590 2812 3645 defixa
2855 3592 3070 3657 retinet,
3113 3589 3434 3644 obedientiae
3460 3589 3658 3643 domus

2085 3689 2203 3744 est,
2256 3691 2311 3735 et
2358 3679 2617 3736 Bethania
2668 3681 2721 3735 in
2773 3697 2878 3751 qua
2944 3681 3249 3736 diversatur
3294 3679 3548 3735 Christus
3603 3689 3657 3734 et

2084 3769 2442 3840 conquiescit.
2477 3769 2579 3825 Sed
2611 3770 2866 3840 quoniam
2898 3785 2961 3826 ex
2997 3771 3104 3827 hoc
3128 3772 3247 3825 loco
3282 3785 3368 3826 res
3390 3769 3657 3839 sapientia

2085 3857 2177 3913 Dei
2214 3875 2243 3913 a
2276 3875 2382 3931 qua
2430 3861 2736 3933 conscripta
2777 3871 2907 3917 sunt
2941 3860 3230 3933 Evangelia
3261 3861 3436 3933 dignae
3462 3860 3657 3930 depro-

2086 3950 2295 4007 mendae
2344 3957 2493 4014 sunt,
2527 3951 2898 4013 animadverte
2942 3969 3120 4008 annon
3156 3952 3311 4023 juxta
3362 3951 3656 4021 simplicio~

400 4034 548 4088 ἕλκει
597 4037 674 4089 τό·
722 4056 740 4089 ι
803 4036 1132 4092 Καταλιπὼν
1189 4038 1386 4103 αὐτοὺς
1444 4038 1666 4109 ἐξῆλθεν
1718 4038 1824 4107 ἔξω
1879 4040 1980 4111 τῆς

2088 4054 2205 4094 rum
2250 4039 2749 4110 interpretationem
2797 4057 3259 4114 supervacaneum
3293 4042 3365 4097 sit
3397 4041 3527 4096 illud
3567 4041 3652 4094 “:

1599 4175 1827 4234 VETUS
1864 4176 2165 4232 INTERPR
2175 4177 2447 4234 ETATIO.

397 4291 560 4365 arbor
582 4289 671 4365 illa
692 4300 810 4346 erat
831 4292 1068 4365 animam
1094 4293 1319 4365 habens,
1345 4294 1501 4363 quasi
1520 4292 1761 4350 audienti
1782 4293 2000 4365 dignam
2025 4292 2458 4365 mialedictionem
2479 4309 2634 4350 suam
2655 4296 2819 4351 dicit:
2862 4313 2879 4346 ι
2909 4293 3198 4365 Nunquam
3222 4310 3287 4350 ex
3316 4303 3367 4349 te
3389 4299 3654 4365 nascatur

400 4358 614 4436 frqctus
636 4360 690 4414 in
722 4363 1167 4436 sempiternum.»
1193 4362 1247 4436 id
1274 4358 1379 4436 est,
1403 4365 1776 4436 quandiustat
1796 4358 1901 4436 hoc
1921 4364 2473 4436 szeculumpraesens,
2498 4381 2776 4436 nunquam
2800 4382 2865 4420 ex
2892 4374 2943 4419 te
2979 4358 3189 4436 fructus
3216 4374 3497 4436 nascatur.
3525 4362 3654 4417 Ideo

400 4426 740 4516 infructuosa
766 4426 856 4516 est
875 4431 1161 4516 Sjnagoga
1173 4426 1534 4516 “Judzeorunr:
1555 4443 1609 4488 et
1633 4434 1735 4488 hoc
1758 4433 1861 4515 erit
1886 4432 1933 4487 ei
1960 4447 2131 4516 usque
2153 4426 2762 4516 ad'consummatio'nqn
2788 4436 2994 4516 saeculi,
3021 4433 3501 4516 donecintraverit
3525 4447 3653 4515 gen:-

397 4499 545 4572 tiumA
565 4499 866 4566 plenitudo.
893 4499 960 4556 Et
991 4499 1137 4572 aruit
1170 4502 1396 4558 ficulnea
1429 4504 1606 4558 adhuc
1638 4503 2014 4572 peregrinante
2038 4499 2091 4556 in
2118 4502 2217 4556 hac
2242 4512 2351 4557 Vlla
2386 4504 2664 4559 hominum
2691 4505 2932 4569 Christo,
2951 4499 3004 4559 et
3034 4506 3174 4559 inter
3201 4505 3454 4558 homines
3482 4499 3646 4571 quasi

399 4568 620 4644 homine
661 4581 1041 4627 conversante.
1074 4571 1140 4628 Et
1167 4573 1427 4644 rvidentes
1467 4568 1716 4644 discipuli
1755 4568 1936 4644 mirati
1972 4584 2120 4644 sunt,
2159 4572 2333 4644 oculis
2365 4574 2511 4627 enim
2543 4575 2883 4643 spiritalibus
2918 4568 3168 4644 viderunt
3201 4568 3523 4644 mysterium
3546 4572 3649 4644 ﬁci

397 4640 617 4715 siccata:
647 4657 660 4692 :
695 4654 803 4695 non
840 4649 1050 4715 tantum
1084 4643 1209 4715 quia
1243 4644 1454 4715 siccata
1473 4651 1576 4711 est,
1605 4639 1696 4715 sed
1728 4643 1866 4715 quia
1886 4640 2174 4715 confestim
2207 4643 2549 4715 siccataest,
2575 4639 2640 4699 id
2671 4651 2774 4709 est,
2811 4646 3042 4715 populus
3085 4639 3422 4715 Iudaeorum.
3472 4659 3491 4691 ι
3535 4639 3650 4715 Bc-

398 4707 692 4780 spondens
711 4719 892 4767 autem
925 4707 1116 4777 Iesus,
1142 4713 1217 4768 ait
1250 4713 1356 4767 illis
1386 4730 1400 4766 :
1430 4707 1600 4767 Amen
1633 4707 1760 4767 dico
1784 4712 1959 4775 vobis,
2000 4711 2043 4766 si
2084 4711 2384 4766 habueritis
2412 4707 2592 4780 fidem,
2632 4724 2686 4769 et
2734 4707 2842 4776 non
2880 4707 3287 4780 baesitaveritis,
3324 4727 3431 4766 non
3469 4712 3648 4780 solum

400 4777 541 4855 idem
571 4776 896 4855 defieulnea
937 4776 1189 4855 facietis,
1220 4782 1313 4839 sed
1357 4782 1521 4855 etiam
1554 4782 1599 4838 si
1645 4783 1817 4836 monti
1855 4781 1982 4835 huic
1998 4781 2262 4855 dixeritis
2290 4799 2302 4835 :
2339 4780 2490 4855 Tellc
2522 4776 2593 4843 te.
2627 4792 2679 4839 et
2716 4785 2861 4855 jacta
2900 4797 2950 4839 te
2983 4785 3035 4837 in
3077 4799 3248 4855 mare,
3274 4776 3470 4855 ’ᾔει-ρ
3506 4778 3651 4855 _E_rgo

399 4846 655 4917 discipuli
690 4848 894 4905 Christi
929 4851 1115 4908 ﬁdeles
1144 4846 1198 4908 et
1226 4868 1332 4908 non
1369 4853 1682 4907 haesitantes
1717 4865 1965 4906 arescere
1991 4849 2200 4906 faciunt
2234 4851 2520 4907 flculneam
2556 4846 2734 4917 illam,
2759 4854 3001 4910 dicentes
3029 4853 3097 4910 ad
3138 4867 3256 4909 eam
3300 4868 3314 4904 :
3354 4868 3373 4902 ι
3427 4846 3593 4903 Vobis
3625 4868 3644 4900 ι

398 4915 635 4991 primum
668 4919 895 4975 missum
932 4921 1113 4977 fuerat
1146 4941 1166 4975 ι
1203 4922 1428 4977 verbum
1463 4920 1579 4985 Dei,
1610 4919 1857 4991 sedquia
1890 4922 2140 4990 indignos
2166 4935 2263 4976 vos
2291 4921 2546 4991 iudicatis
2595 4942 2614 4975 ι
2651 4915 2853 4980 aeterna
2890 4924 3021 4987 vita,
3063 4942 3081 4974 ι
3121 4937 3247 4977 ecce
3277 4918 3651 4991 convertimur

397 4986 467 5065 ad
495 4999 704 5065 gentes,
744 5009 764 5043 ι
808 4999 863 5044 et
890 4992 1431 5065 relinquenteseam,
1465 4990 1665 5065 siccam
1696 4986 1906 5065 faciunt
1941 4986 2084 5065 earn,
2115 5006 2250 5065 eum
2267 4986 2448 5065 vitalis
2471 4995 2645 5048 virtus
2674 4993 2791 5062 eius
2818 4986 3107 5065 transierit
3129 4992 3195 5065 ad
3216 4997 3432 5065 gentes.
3469 4986 3651 5065 Super

398 5056 528 5112 illud
556 5068 749 5133 autem
775 5061 923 5133 quod
952 5056 1210 5133 poterunt
1242 5056 1450 5133 siccare
1480 5061 1765 5133 ficulneam
1796 5059 1975 5133 adhuc
2004 5061 2285 5129 discipulis
2313 5063 2428 5133 suis
2458 5056 2744 5133 promittit,
2778 5065 3035 5132 quoniam
3065 5060 3110 5133 si
3139 5056 3437 5133 habuerint
3464 5057 3647 5133 ﬁdem,

393 5134 450 5200 et
478 5141 587 5200 non
621 5127 1010 5197 hesitaveriiit,
1037 5132 1203 5188 etiam
1238 5132 1409 5186 monti
1432 5131 1527 5200 qui
1558 5147 1590 5186 a
1625 5130 1846 5185 Christo
1878 5132 2092 5185 videtur
2124 5127 2175 5185 et
2207 5127 2606 5200 manifestatur,
2641 5133 2692 5187 id
2730 5127 2832 5197 est,
2864 5131 3155 5187 contrariae
3186 5128 3441 5200 potestati
3470 5127 3650 5200 estol-

395 5194 528 5251 lenti
553 5213 611 5253 se
641 5209 831 5270 contra
860 5194 1111 5258 homines
1141 5200 1321 5257 dicent
1348 5220 1361 5256 :
1387 5220 1407 5254 ι
1434 5194 1584 5270 Tolle
1609 5209 1680 5263 te,
1704 5207 1759 5255 et
1787 5200 1944 5255 mitte
1981 5209 2031 5257 te
2051 5201 2105 5254 in
2131 5215 2302 5261 mare.
2329 5210 2381 5256 et
2412 5203 2522 5258 flet.
2561 5194 2847 5257 {Tollitur
2865 5203 3010 5257 enim
3038 5216 3068 5256 a
3101 5194 3332 5270 singulis
3354 5199 3447 5270 qui
3478 5197 3651 5252 addu-

396 5274 614 5341 cuntur
631 5269 697 5323 ad
728 5269 889 5341 ﬁdem
918 5273 1086 5326 verbo
1114 5271 1516 5341 discipulorum
1548 5268 1777 5341 Christi,
1803 5270 2032 5341 altitudo
2061 5270 2145 5324 illa
2175 5272 2416 5341 malitia,
2446 5288 2604 5328 mons
2634 5272 2722 5327 ille
2747 5270 2999 5336 Satanas,
3033 5278 3088 5326 et
3117 5268 3359 5341 mittitur
3373 5268 3437 5341 in
3474 5280 3647 5328 mare,

394 5334 822 5422 estabyo'ssum
837 5334 1360 5422 dignumselocrrm.
1394 5341 1468 5396 De
1490 5356 1600 5411 quo
1628 5340 1764 5421 mari
1790 5340 1922 5422 dicit
1946 5340 1998 5393 in
2024 5342 2231 5422 psalmo
2255 5358 2269 5394 :
2293 5359 2312 5391 ι
2344 5334 2457 5422 line
2480 5358 2628 5422 mare
2650 5357 2902 5422 magnum
2927 5334 3328 5422 etspati’osum,
3351 5338 3459 5392 illic
3482 5350 3650 5422 nates

394 5402 824 5487 pertransibunt.
852 5402 1122 5487 animalia
1154 5412 1351 5480 pusilla
1384 5402 1525 5467 cum'
1559 5409 1789 5480 magnis.
1822 5407 2002 5487 Draco
2025 5402 2136 5465 iste
2167 5426 2331 5480 quem
2368 5411 2614 5487 formasti
2647 5411 2715 5487 ad
2739 5402 3079 5487 illudendur'n
3104 5410 3174 5465 ei.
3217 5428 3238 5462 ι
3277 5402 3410 5463 Item
3449 5424 3462 5459 :
3503 5424 3524 5456 ι
3566 5402 3648 5458 Tu

393 5471 714 5554 confregisti
749 5479 927 5547 capita
954 5471 1256 5554 draconum
1291 5497 1474 5554 super
1488 5471 1684 5549 aquas:
1721 5489 1774 5533 et
1804 5478 2000 5554 dedisti
2028 5495 2154 5554 eum
2184 5471 2363 5554 escam
2402 5482 2614 5554 populis
2649 5479 2987 5554 Ethiopnm.
3037 5500 3056 5532 ι
3165 5548 3177 5554 _
3376 5544 3415 5554 __
3603 5542 3616 5554 .

463 5540 708 5624 ?7._lp_sa
732 5540 911 5624 autem
945 5560 1045 5624 est
1077 5540 1477 5624 Bcthaniafubi
1515 5540 1583 5605 (ἐκ
1625 5540 1857 5603 mortuis
1897 5540 2441 5624 suscitatus_amicus
2473 5540 2688 5607 'Christi
2734 5540 3343 5624 Lazarusmorabatur.
3376 5544 3439 5601 Et
3468 5542 3651 5600 omnis

392 5613 488 5679 qui
526 5613 712 5670 obedit
753 5614 925 5672 Verbo
956 5618 1049 5675 Dei
1077 5613 1436 5685 confirmato,
1468 5629 1523 5676 et
1554 5619 1914 5676 commoranti
1966 5620 2021 5673 in
2071 5635 2151 5683 sc,
2190 5618 2449 5675 Bethania
2484 5629 2601 5686 cst,
2631 5631 2685 5676 et
2716 5622 2913 5677 domus
2941 5618 3280 5679 obedientiae.
3316 5627 3370 5673 et
3400 5630 3650 5673 comnm-

483 5781 523 5811 "
554 5780 699 5838 Psal.
721 5799 842 5855 cm,
870 5784 959 5851 25,
990 5785 1081 5842 26.
1160 5789 1202 5822 ¹²
1225 5788 1368 5846 Psal.
1399 5805 1592 5854 LXXIII,
1634 5789 1715 5844 14.
1797 5788 1838 5820 ¹³
1872 5786 2059 5843 Matth.
2093 5804 2204 5854 xxi,
2231 5788 2318 5846 2i.
2400 5788 2443 5820 ιδ
2469 5787 2601 5843 ibid.
2630 5787 2715 5844 l7.
