4110 6450
453 390 473 444 ι
494 388 588 443 ωδ

1405 383 1763 441 COMMENT.
1807 384 1873 439 IN
1909 381 2325 440 MATTHA‘IUM
2366 382 2604 442 TOMUS
2642 384 2781 443 XVI.

3568 385 3709 442 H66

449 501 690 574 μαίνεται
740 500 874 574 (Μ).
920 501 1088 555 Ἐπὰν
1126 500 1207 564 δέ,
1252 501 1570 566 ἐπιστάντος
1608 500 1701 554 τοῦ
1737 500 2028 562 πεινῶντος

2130 502 2260 556 dum
2297 501 2529 558 fructum
2569 502 2707 559 ferat
2752 504 2888 560 ﬁcus
2925 505 3190 575 patienter
3233 511 3551 572 exspectat,
3596 515 3706 555 non

446 594 604 666 quas)
634 595 761 657 τοὺς
795 594 1062 666 καρποὺς,
1085 593 1398 666 εὐρεθῶμεν
1426 594 1589 664 ,οὐδὲν
1623 593 1858 664 ἔχοντες,
1881 593 1928 645 εἰ
1952 591 2026 664 μὴ

442 686 542 757 τὴν
571 684 900 755 ἐπαγγελίαν
926 685 1025 755 τῆς
1052 685 1288 749 πίστεως
1319 687 1508 757 μόνην,
1541 687 1601 738 οὑ
1638 685 1903 738 συνόντων
1933 684 2030 736 αὐ-

441 780 507 848 τῇ
541 777 791 850 καρπῶν,
822 778 1164 848 παραχρῆμα
1203 775 1672 849 ξηρανθησόμεθα,
1719 776 1813 828 καὶ
1849 773 1910 828 τὸ
1938 775 2026 827 δο-

444 871 561 924 κεῖν
606 864 744 923 εἷναι
794 868 974 923 πιστοὶ
1017 868 1442 933 ἀπολωλεκότες.
1502 869 1614 923 Καὶ
1660 868 1807 921 ἔστιν
1849 868 2026 937 εὑρεῖν

440 960 715 1026 τοιούτους
741 961 891 1026 τινάς
935 962 1028 1014 ἐπὶ
1061 961 1228 1014 πολὺν
1264 962 1598 1033 φορέσαντας
1625 960 1814 1032 χρόνον
1842 959 1903 1012 τὸ
1926 958 2027 1031 τῆς

442 1051 677 1117 πίστεως
702 1052 892 1123 ὄνομα,
928 1055 1022 1106 καὶ
1054 1054 1421 1124 ἐμφήναντας,
1452 1053 1534 1106 ὅτι
1564 1051 1720 1116 ζῶσι,
1756 1050 1853 1105 καὶ
1892 1068 2027 1104 παν-

440 1147 613 1213 τελῶς
659 1150 765 1201 εισι
812 1148 972 1221 ξηραί
997 1148 1130 1219 (42)·
1170 1146 1267 1212 οὓς
1316 1145 1406 1199 διὰ
1436 1146 1495 1199 τὺ
1538 1143 1611 1217 μὴ
1658 1146 2026 1217 καρποφορεῖν

441 1239 587 1294 ἐστιν
641 1239 768 1295 ἰδεῖν
812 1242 905 1294 καὶ
937 1239 1343 1311 ἀφισταμένους
1393 1237 1671 1301 παντελῶς
1693 1235 1788 1290 τοῦ
1827 1235 2022 1305 Λόγου,

438 1333 533 1386 καὶ
565 1331 949 1402 ξηρανθέντας.
992 1331 1209 1386 Ἐνθάδε
1248 1332 1346 1402 μὲν
1390 1326 1484 1384 οῦν
1516 1328 1824 1401 ξηραίνεται
1865 1330 1898 1400 ἠ
1949 1327 2024 1400 μὴ

438 1422 700 1477 δεδωκυῖα
742 1424 998 1477 πεινῶντι
1034 1422 1114 1495 τῷ
1161 1423 1337 1495 Ἰησοῦ
1372 1423 1603 1496 καρπόν·
1634 1420 1768 1493 ἄλλη
1798 1419 1855 1472 δὲ
1886 1418 2024 1488 συκῆ

439 1514 801 1568 ἐκκόπτεσθαι
842 1514 1146 1583 κελεύεται,
1195 1515 1282 1569 ἵνα
1343 1516 1417 1588 μὴ
1469 1515 1570 1587 τὴν
1605 1514 1705 1585 γῆν
1753 1512 2022 1583 καταργῇ.

440 1600 551 1658 Εἴθ’
585 1607 635 1659 οἱ
671 1606 931 1678 μαθηταὶ,
968 1606 1107 1660 ἐπὰν
1141 1606 1292 1661 ἴδωσί
1319 1624 1441 1662 τινα
1474 1605 1611 1678 μετὰ
1651 1604 1884 1676 ζωτικὴν
1925 1601 2025 1673 ἐμ-

437 1711 600 1764 φασιν
628 1696 980 1768 ξηρανθέντα,
1013 1694 1350 1768 θαυμάζουσι
1381 1695 1655 1765 λέγοντες·
1698 1713 1715 1745 ι
1750 1693 1876 1758 Πῶς
1913 1709 2022 1745 πα-

439 1787 699 1858 ραχρῆμα
720 1786 993 1859 ἐξηράνθη
1032 1790 1065 1859 ἡ
1103 1786 1277 1856 συκῆς
1318 1806 1337 1840 ι
1376 1788 1496 1840 Ἔτι
1522 1786 1579 1842 δὲ
1607 1785 1806 1857 μᾶλλον
1833 1786 2023 1856 νοήσο-

439 1892 540 1945 μεν
570 1879 683 1942 τοῖς
718 1877 839 1931 καθ’
883 1877 978 1931 ἕνα
1017 1875 1422 1949 ἐφαρμόζοντες
1449 1877 1519 1931 τὰ
1549 1877 1689 1932 κατὰ
1716 1876 1807 1931 τὸν
1839 1877 2022 1944 τόπον,
2057 1865 2098 1919 Β

435 1967 829 2042 ἐπιστήσαντες
864 1968 984 2023 τινα
1014 1970 1213 2041 τρόπον
1252 1972 1310 2025 ἐν
1348 1972 1459 2036 τοῖς
1505 1971 1829 2042 πειρασμοῖς
1858 1970 1887 2023 ό
1928 1971 2025 2042 μὲν

448 2060 655 2134 Ἰησοῦς
683 2063 824 2115 αἰτεῖ
846 2063 971 2125 τοὺς
1007 2063 1275 2134 καρποὺς,
1312 2063 1431 2134 φέρ’
1476 2065 1673 2129 εἰπεῖν,
1703 2063 1762 2116 ἐν
1800 2059 2026 2132 διωγμῷ

433 2155 533 2224 τὴν
561 2154 853 2226 ὁμολογίαν
889 2157 983 2210 καὶ
1021 2157 1083 2211 τὸ
1118 2157 1435 2231 μαρτύριον·
1474 2158 1568 2212 καὶ
1593 2159 1652 2212 ἐν
1684 2157 1761 2230 τῷ
1793 2159 2027 2228 γυναῖκα

434 2248 822 2318 ἐπιμαίνεσθαι
870 2266 978 2303 τινι
1015 2250 1148 2322 (45),
1176 2251 1275 2323 τὴν
1313 2250 1408 2305 τοῦ
1460 2252 1659 2323 Ἰωσὴφ
1700 2251 2026 2324 ἐγκράτειαν

433 2340 529 2393 καὶ
560 2341 931 2413 σωφροσύνην·
962 2344 1055 2396 καὶ
1095 2342 1269 2407 οὕτως
1307 2343 1429 2398 καθ’
1461 2345 1691 2399 ἕκαστον
1720 2345 2026 2417 πειρασμὸν

318 2446 323 2453 ³
433 2429 524 2483 τὸν
547 2429 841 2485 ἀκόλουθον
876 2431 1026 2503 αὐτῷ
1054 2433 1289 2503 καρπόν.
1328 2433 1385 2487 '0
1413 2434 1470 2487 δέ
1498 2435 1573 2506 μὴ
1605 2437 2028 2506 παρασκευασά-

435 2539 597 2591 μενος
638 2522 839 2578 διδόναι
889 2524 1147 2579 πεινῶντι
1188 2524 1267 2598 τῷ
1321 2526 1518 2597 Ἰησοῦ,
1557 2528 1651 2581 καὶ
1677 2526 2026 2599 ἐφισταμένῳ

431 2615 529 2688 τὴν
548 2615 863 2686 ὁμολογίαν,
892 2616 926 2688 ἢ
955 2616 1055 2687 τὴν
1085 2619 1434 2691 ἐγκράτειαν,
1461 2621 1805 2692 παραχρῆμα
1836 2620 2026 2694 ξηραί-

432 2723 602 2761 νεται·
629 2709 659 2762 ό
689 2708 799 2780 γὰρ
832 2709 1210 2781 ἀρνησάμενος
1241 2710 1576 2782 ξηραίνεται·
1612 2711 1814 2783 ὁμοίως
1845 2711 1903 2765 δὲ
1932 2713 2027 2767 καὶ¹

430 2799 461 2850 ὁ
494 2800 823 2871 πορνεύσας,
885 2802 1063 2856 καίτοι
1108 2802 1263 2874 παρὰ
1299 2801 1390 2858 τὸν
1422 2803 1529 2875 πρὸ
1554 2803 1663 2858 τῶν
1691 2803 1802 2876 (44)
1830 2822 2025 2877 πειρα-

438 2890 588 2961 σμῶν
614 2892 801 2963 καιρὸν
848 2892 1084 2966 ζωτικὴν
1126 2894 1405 2965 ἐμφαίνων
1438 2895 1690 2967 δύναμιν,
1736 2897 1831 2950 καὶ
1863 2896 2026 2950 οἱονεὶ

430 2982 504 3035 τὰ
530 2982 702 3052 φύλλα
736 2984 835 3055 τῆς
859 2986 1029 3057 συκῆς
1056 2986 1459 3058 περικείμενος.
1499 2988 1612 3042 Καὶ
1656 2986 2026 3060 θαυμάζουσιν

432 3076 525 3129 ἐπὶ
584 3076 694 3130 τῶν
743 3076 1002 3132 τοιούτων
1049 3080 1098 3132 οἱ
1164 3080 1427 3151 μαθηταὶ,
1462 3080 1581 3145 πῶς
1619 3083 1648 3135 ό
1681 3082 1778 3152 μὲν
1817 3080 2026 3152 Ἰησοῦς

2129 595 2358 661 arescit;
2390 604 2444 650 at
2474 611 2596 650 cum
2629 597 2909 651 advenerit
2934 597 3027 667 qui
3055 596 3264 651 fructus
3292 603 3510 650 nostros
3538 608 3706 662 appe-

2131 687 2212 751 tit,
2243 686 2290 741 si
2320 687 2495 741 solam
2531 688 2656 744 ﬁdei
2697 688 3142 758 pollicitationem
3190 688 3398 757 absque
3436 684 3706 741 fructibus

2129 776 2330 832 habere
2357 778 2721 843 inveniamur,
2754 779 3041 835 confestim
3069 795 3472 844 exaresecmus,
3504 778 3708 833 amissa

2127 869 2289 923 etiam
2337 885 2402 924 ea
2446 887 2612 941 quam
2670 873 2826 928 nobis
2881 872 3004 927 ﬁdei
3049 871 3273 927 nomine
3319 886 3708 941 peperci-amns

2126 961 2549 1019 existimatione.
2585 962 2665 1019 Ac
2691 965 2961 1034 ejusmodi
2994 965 3243 1019 homines
3276 964 3515 1033 reperire
3555 963 3703 1029 licet,

2127 1051 2219 1121 qui
2268 1051 2507 1107 ﬁdelium
2549 1069 2750 1108 nomen
2803 1055 2895 1109 diu
2949 1063 3269 1126 gesserunt,
3316 1064 3371 1108 et
3414 1055 3593 1107 vivere
3646 1069 3706 1108 se

2127 1144 2300 1215 signis
2328 1146 2839 1216 comprobaverunt,
2863 1155 2920 1201 at
2941 1147 3074 1201 aridi
3096 1134 3457 1201 nihilominus
3481 1144 3706 1200 omnino

2126 1242 2256 1291 sunt
2289 1251 2302 1288 :
2334 1252 2475 1307 quos
2510 1254 2541 1293 a
2583 1238 2675 1293 Dei
2701 1236 2882 1294 Verbo
2917 1239 3133 1307 penitus
3174 1239 3468 1293 recessisse
3495 1245 3549 1291 et
3576 1252 3709 1291 exa-

2125 1326 2306 1384 ruisse
2338 1329 2522 1385 vidcre
2548 1342 2652 1395 est,
2687 1331 2833 1401 quod
2878 1329 3115 1386 fructum
3150 1346 3259 1384 non
3296 1329 3565 1386 dederint.
3593 1327 3708 1382 Hoc

2127 1436 2259 1477 sane
2299 1421 2421 1476 loco
2456 1423 2729 1478 exarescit
2760 1422 2896 1478 ﬁcus
2929 1438 3052 1493 qua:
3099 1422 3361 1478 esurienti
3413 1420 3542 1477 Jesu
3587 1420 3706 1477 fru-

2126 1522 2272 1568 ctum
2326 1528 2435 1569 non
2470 1514 2646 1582 dedit;
2684 1515 2789 1569 alia
2846 1525 3028 1571 autem
3084 1515 3293 1571 succidi
3336 1514 3588 1584 iubetur,
3639 1528 3709 1568 ne

2128 1615 2328 1661 terram
2378 1616 2607 1678 occupet
2645 1608 2710 1663 ¹⁸.
2751 1606 2891 1664 Τυω
2929 1622 3057 1664 vero
3104 1623 3230 1663 cum
3274 1606 3574 1662 arefactum
3609 1606 3710 1660 ali-

2126 1712 2288 1767 quem
2327 1697 2561 1752 viderint
2598 1697 2887 1768 discipuli,
2929 1707 3217 1767 postquam
3250 1697 3441 1751 vivere
3457 1711 3516 1751 se
3539 1695 3711 1766 signi-

2127 1786 2327 1855 ﬁcavit,
2354 1788 2623 1842 mirantur
2665 1788 2909 1843 dicentes
2936 1788 2978 1819 ¹⁹
3008 1804 3023 1842 :
3060 1805 3079 1838 ι
3121 1784 3412 1852 Quomodo
3444 1786 3710 1839 continuo

2128 1880 2275 1935 aruit
2328 1879 2498 1935 ﬁcus?
2549 1898 2568 1931 ι
2610 1878 2666 1934 ld
2718 1888 2978 1950 praeterea
3035 1878 3240 1933 certius
3286 1891 3706 1947 cognoscemus,

2128 1972 2286 2044 76],
2324 1973 2370 2029 si
2404 1973 2700 2043 unicuique
2734 1972 2834 2039 rei,
2857 1985 3197 2042 quaecunque
3225 1970 3573 2025 continentur
3604 1968 3708 2023 hoc

2126 2069 2247 2120 loco
2280 2064 2558 2136 sigillatim
2607 2064 2998 2135 optaverimus,
3033 2063 3373 2119 attendentes
3413 2076 3521 2133 quo
3550 2072 3712 2132 pacto

2128 2156 2182 2211 in
2207 2157 2600 2214 tentationibus
2632 2156 2843 2212 fructus
2872 2157 3112 2226 postulat
3142 2156 3340 2224 Jesus;
3369 2158 3423 2212 in
3453 2172 3713 2228 persecu-

2129 2251 2307 2316 tione,
2359 2250 2506 2306 verbi
2554 2251 2749 2322 gratia,
2799 2248 3203 2307 confessionem
3252 2259 3307 2306 et
3351 2251 3710 2321 martyrium;

2126 2357 2253 2398 cum
2284 2343 2523 2413 aliquem
2556 2342 2756 2399 mulier
2804 2343 3034 2414 deperit,
3064 2343 3457 2398 continentiam
3488 2341 3713 2413 Josephi

2126 2448 2180 2493 et
2222 2438 2559 2503 castitatem;
2600 2446 2655 2492 et
2705 2439 2760 2492 in
2800 2437 3031 2509 singulis
3082 2436 3269 2494 itidem
3319 2437 3714 2493 tentationibus

2127 2538 2520 2602 congruentem
2573 2531 2624 2586 ei
2672 2528 2933 2585 fructum.
2981 2529 3085 2598 Qui
3133 2539 3314 2585 autem
3359 2530 3424 2586 ad
3472 2529 3710 2583 dandam

2125 2619 2256 2675 Jesu
2283 2619 2581 2687 esurienti,
2611 2628 2668 2674 et
2707 2619 2776 2675 ad
2827 2634 2887 2675 se
2941 2619 3255 2675 adventanti
3303 2618 3709 2675 confessionem

2130 2713 2210 2768 \el
2233 2713 2626 2767 continentiam
2659 2727 2719 2767 se
2742 2726 2853 2767 non
2878 2711 3134 2781 accingit,
3162 2711 3364 2767 arescit
3387 2710 3712 2779 confestim;

2128 2824 2253 2862 nam
2282 2808 2375 2878 qui
2408 2790 2566 2863 ﬁdem
2604 2806 2859 2878 ejuravit,
2902 2807 3124 2875 arescit,
3161 2806 3235 2862 ita
3264 2814 3320 2862 et
3350 2808 3444 2876 qui
3475 2805 3715 2862 fornica-

2127 2910 2218 2956 tus
2244 2909 2349 2969 est,
2380 2899 2597 2956 etiamsi
2646 2911 2774 2954 ante
2819 2903 3184 2956 tentationum
3229 2906 3445 2968 tempus
3476 2898 3601 2952 vitae
3631 2898 3711 2954 si-

2127 2992 2528 3063 gniﬁcationem
2577 2991 2749 3059 daret,
2799 3002 2856 3048 et
2900 2993 3063 3062 quasi
3114 2994 3251 3048 licus
3299 2988 3447 3045 foliis
3490 2989 3715 3045 indutus

2128 3091 2293 3140 esset.
2327 3081 2614 3153 Ejusmodi
2655 3098 2787 3138 vero
2816 3083 2983 3139 rebus
3015 3082 3414 3152 obstupescunt
3438 3079 3712 3150 discipuli,

430 3167 634 3240 ἐπέστη
677 3168 877 3224 πεινῶν
915 3170 1011 3225 καὶ
1044 3169 1223 3242 ζητῶν
1268 3172 1500 3244 καρπὸν,
1542 3172 1620 3244 τῷ
1656 3172 1714 3226 δέ
1752 3173 1828 3245 μὴ
1861 3172 2025 3246 εὑρη-

2129 3176 2225 3247 qui
2256 3176 2509 3231 esuriens
2532 3173 2717 3242 Jesus,
2756 3184 2812 3229 et
2839 3173 3079 3229 fructum
3110 3187 3364 3244 quaerens
3396 3170 3713 3237 accesserit,

429 3260 585 3314 κέναι
614 3261 815 3326 εὐθέως
845 3257 988 3330 εἷπε,
1017 3263 1112 3316 καὶ
1134 3263 1371 3332 ἐγένετο,
1403 3264 1496 3318 καὶ
1530 3264 1869 3336 παραχρῆμα
1893 3264 2021 3336 ἐξη-

431 3352 604 3425 ράνθη
630 3354 664 3424 ἡ
693 3353 771 3425 μὴ
802 3355 1298 3426 παρεσκευασμένη
1349 3356 1428 3420 εἰς
1474 3355 1534 3408 τὸ
1580 3355 1768 3425 φέρειν
1810 3354 2022 3427 καρπὸν

433 3444 596 3516 συκῆ.
626 3446 737 3499 Καὶ
773 3444 1036 3510 πολλάκις
1065 3462 1153 3509 τις
1179 3445 1471 3517 γενόμενος
1508 3446 1646 3517 συκῆ
1679 3447 1825 3501 ἔτεσι
1851 3443 2027 3500 πλείο-

433 3555 536 3603 σιν,
581 3539 641 3592 οὐ
696 3538 1029 3611 ξηραίνεταιο
1090 3540 1410 3603 ἐπιστάντος
1456 3541 1513 3594 δὲ
1552 3538 1725 3611 Ἰησοῦ
1759 3543 1816 3597 ἐν
1845 3540 2024 3614 καιρῷ

432 3633 762 3707 πειρασμοῦ,
798 3632 892 3688 καὶ
915 3633 1275 3697 ἀπαιτοῦντος
1301 3633 1394 3687 τὸν
1420 3634 1652 3705 καρπὸν,
1688 3635 1747 3687 οὐ
1775 3635 2024 3699 δεδωκὼς

431 3725 580 3795 αὐτῷ
628 3725 972 3796 παραχρῆμα
1004 3723 1300 3794 ἐξηράνθη,
1335 3725 1430 3777 καὶ
1472 3725 1572 3795 τὴν
1611 3724 1718 3778 τῶν
1751 3725 2023 3781 τοσούτων

431 3815 775 3871 ἀπολώλεκεν
819 3814 957 3867 ἐτῶν
991 3815 1154 3886 ζωήνο
1197 3815 1290 3868 καὶ
1319 3813 1476 3868 τοῦτο
1518 3815 1728 3883 γίνεται
1767 3814 2023 3888 ἐπείπερ,

432 3908 575 3962 κατὰ
610 3907 701 3959 τὸν
732 3904 824 3958 τοῦ
859 3906 1109 3978 Σωτῆρος
1138 3905 1316 3974 λόγον,
1351 3925 1369 3958 ι
1420 3906 1580 3960 παντὶ
1610 3906 1690 3979 τῷ
1724 3907 1901 3978 ἔχοντι
1941 3907 2028 3962 δο-

2128 3282 2305 3338 eoque
2332 3282 2439 3322 non
2470 3267 2695 3321 invento
2724 3266 2910 3321 statim
2952 3264 3170 3332 dixerit,
3195 3273 3250 3320 et
3294 3262 3500 3319 factum
3528 3261 3713 3324 fuerit,

2130 3371 2184 3417 et
2233 3360 2300 3416 ad
2355 3359 2639 3415 ferendum
2686 3357 2925 3415 fructum
2966 3357 3286 3427 neutiquam
3334 3365 3526 3426 parata
3578 3354 3715 3410 ﬁcus

2130 3451 2393 3506 continuo
2443 3451 2671 3505 aruerit.
2725 3449 2865 3504 Cum
2915 3459 3097 3505 autem
3149 3448 3288 3503 ﬁcus
3342 3461 3715 3518 saepenumero

2130 3539 2319 3593 multis
2351 3538 2513 3593 annis
2539 3537 2704 3593 homo
2731 3536 2932 3608 aliquis
2961 3536 3146 3603 fuerit,
3180 3551 3287 3590 non
3329 3536 3630 3602 exarescit;
3661 3547 3718 3591 at

2132 3645 2257 3685 cum
2298 3637 2545 3698 tempore
2585 3627 2905 3683 tentationis
2947 3626 3110 3683 Jesus
3148 3627 3475 3697 accesserit,
3506 3636 3562 3681 et
3598 3626 3714 3680 fru-

2129 3731 2278 3777 ctum
2309 3721 2571 3792 exegerit,
2597 3734 2662 3774 eo
2701 3718 2807 3789 ipsi
2854 3735 2962 3774 non
2995 3719 3147 3784 dato,
3189 3720 3235 3774 is
3263 3718 3444 3774 subito
3470 3719 3714 3785 exaruit,

2130 3819 2185 3865 et
2210 3820 2288 3866 tot
2318 3825 2588 3864 annorum
2613 3809 2778 3863 vitam
2810 3808 3033 3876 amisit;
3066 3817 3232 3879 atque
3280 3808 3333 3864 id
3381 3809 3603 3879 quidem
3633 3811 3713 3877 ﬁt,

2131 3904 2416 3976 quoniam,
2442 3902 2601 3973 juxta
2621 3901 2794 3972 ipsius
2818 3899 3177 3972 Sospitatoris
3193 3900 3499 3969 effatum",
3518 3920 3537 3953 ι
3562 3901 3711 3957 omni

1631 4049 1870 4108 VETUS
1908 4045 2498 4106 INTERPRETATIO.

435 4193 765 4266 exsiccatur,
796 4194 960 4249 etiam
994 4193 1101 4259 hoc
1134 4190 1493 4266 ipsumquod
1519 4192 1737 4248 videtur
1779 4191 1954 4266 ﬁdelis
1990 4189 2266 4244 amittens.
2300 4186 2368 4241 Et
2411 4194 2496 4266 est
2549 4184 2752 4266 multos
2787 4185 2860 4266 in-
2887 4183 3132 4266 Ecclesia
3182 4183 3368 4266 videre
3417 4183 3715 4266 tales,.qui

437 4265 608 4334 multo
640 4254 883 4334 tempore
907 4254 1265 4334 portaverunt
1295 4254 1431 4334 ﬁdei
1450 4277 1670 4334 nomen,
1706 4264 2054 4318 ostendentes
2088 4257 2468 4334 tantummodo
2497 4256 2632 4334 _quia
2675 4255 2886 4319 vivunt,
2918 4256 3143 4334 omnino
3172 4264 3363 4334 autem
3393 4264 3521 4334 sunt
3558 4254 3711 4310 sicci.

434 4333 583 4400 Quos
616 4323 1344 4404 quia'nou'fructiﬁcabant,
1387 4333 1632 4404 videmus
1658 4323 1993 4404 recedentes
2031 4347 2059 4384 a
2096 4328 2272 4404 Verbo
2319 4327 2410 4404 Dei
2446 4323 2769 4404 all—plenum
2813 4335 2869 4380 et
2914 4325 3135 4404 s_iecqs._
3166 4323 3340 4390 Quem
3388 4326 3545 4404 talem
3588 4340 3712 4404 cum

433 4393 671 4475 viderint
702 4405 953 4475 discipuli
988 4403 1216 4470 siceum,
1238 4393 1516 4475 imi-rantur
1547 4402 1789 4475 dicentes
1817 4421 1830 4457 :
1862 4422 1880 4453 ι
1912 4399 2216 4475 Quomodo
2250 4393 2561 4475 confestim
2593 4395 2796 4475 siccata
2834 4396 2950 4450 est?
2989 4393 3235 4475 {Adhuc
3264 4395 3613 4475 manifestius
3646 4395 3715 4449 de

437 4474 543 4529 hoc
570 4464 995 4547 ipso_dicainus,
1014 4464 1289 4547 quomodo
1314 4475 1369 4528 in
1398 4473 1793 4547 tentationibus
1819 4464 2216 4547 petifl‘rugum
2243 4467 2404 4547 Jestts
2449 4482 2481 4522 a
2523 4466 2772 4547 ﬁculneis
2805 4481 2946 4536 quas
2978 4465 3264 4547 plantavit,
3298 4464 3349 4547 id
3384 4475 3467 4521 est
3505 4465 3557 4518 in
3584 4480 3715 4547 per-

436 4536 813 4609 secutionibus
863 4536 1266 4600 confessionem
1315 4553 1371 4599 et
1399 4544 1774 4599 testimonium
1802 4536 2008 4613 quaerit
2052 4540 2314 4613 ﬁdelium.
2347 4536 2415 4613 _Et
2464 4552 2588 4593 cum
2635 4536 2829 4590 mulier
2866 4536 3131 4613 meretrix
3169 4536 3448 4613 insaniens
3478 4536 3714 4613 eacitata

436 4603 597 4685 fuerit
624 4630 788 4683 super
818 4615 1077 4683 aliquem,
1101 4615 1297 4685 qu:e_rit
1330 4615 1475 4685 ineo
1503 4612 1760 4685 Christus
1790 4603 2029 4685 fructum
2062 4608 2409 4685 continentiae
2438 4627 2450 4661 :
2485 4622 2654 4685 quem
2697 4605 2927 4685 protulit
2957 4615 3011 4660 et
3062 4603 3263 4685 Ioseph
3282 4646 3297 4671 ,
3329 4603 3718 4685 _cumlureret

435 4683 555 4752 ejus
584 4675 805 4738 domina
835 4675 998 4753 super
1028 4675 1174 4754 eum.
1201 4683 1267 4739 Et
1289 4685 1370 4739 sic
1397 4683 1450 4754 in
1478 4684 1709 4754 singulis
1735 4683 2045 4754 quibusque
2067 4675 2725 4754 tentationihpsintellige
2750 4676 3030 4754 Christum
3063 4676 3250 4731 venire
3276 4675 3343 4729 ad
3371 4675 3718 4754 Christianos

437 4745 493 4807 in
526 4745 918 4810 tentationibus
944 4753 1275 4809 esurientem
1306 4762 1360 4808 et
1395 4745 1631 4809 l'ructu'm
1666 4745 2342 4822 virtutibus-quaerentem.
2377 4747 2482 4822 Qui
2515 4756 2701 4822 autem
2742 4760 2851 4822 ngn
2881 4745 3055 4822 fuerit
3099 4754 3437 4822 praeparatus
3470 4754 3530 4799 ut
3554 4745 3715 4800 exhi-

437 4823 563 4878 heat
588 4824 801 4880 fructus
834 4824 1124 4885 esurienti,
1156 4832 1250 4879 aut
1283 4822 1670 4887 confessionis,
1705 4831 1800 4878 aut
1828 4814 2122 4885 castitatis,
2171 4819 2465 4876 confestim
2495 4817 2753 4872 siccatur.
2789 4814 2893 4882 Qui
2922 4817 3079 4887 enim
3108 4814 3341 4883 denegat
3366 4817 3423 4887 in_
3451 4828 3714 4887 persecu-

437 4894 606 4955 tione,
643 4896 903 4950 siccatur.
950 4880 1212 4948 Similiter
1256 4901 1310 4947 et
1357 4895 1449 4962 qui
1486 4880 1823 4959 fornicatur,
1856 4880 2122 4954 siccatur,
2150 4888 2411 4962 quamvis
2448 4889 2763 4962 ostensione
2811 4880 3146 4962 ﬁdei__qu_:un
3196 4880 3353 4938 antea
3408 4880 3714 4962 hajulabat,

436 4954 603 5032 quasi
628 4964 774 5021 foliis
805 4977 1119 5034 coopertus.
1144 4963 1209 5016 Et
1238 4954 1402 5033 super
1430 4964 1565 5017 tales
1597 4954 1866 5017 mirantur
1894 4962 2147 5034 discipuli
2166 4954 2453 5034 quomodo
2478 4973 2606 5034 mox
2631 4958 2927 5034 siccantur.
2955 4954 3022 5008 Et
3047 4955 3362 5034 frequenter
3388 4968 3482 5034 per
3511 4955 3717 5034 multos

437 5024 611 5105 annos
635 5036 760 5105 quis
792 5024 1038 5090 constitit
1067 5035 1226 5100 licus,
1251 5024 1323 5089 et'
1342 5048 1448 5088 non
1478 5042 1562 5105 est
1593 5034 1851 5105 siccatus,
1883 5024 2137 5087 veniente
2169 5024 2352 5105 autem
2383 5029 2440 5105 _in
2487 5029 2680 5105 ultimo
2713 5027 2835 5080 vitae
2863 5026 2985 5105 ejus
3016 5025 3082 5078 ad
3128 5040 3253 5077 eum
3298 5024 3539 5089 Christo,
3569 5024 3720 5077 vide-

436 5104 559 5175 licet
590 5099 1087 5175 in'tentationibus,
1118 5114 1171 5158 et
1196 5112 1474 5175 quaerente
1500 5099 1740 5175 fructum
1778 5104 1832 5157 in
1862 5117 1950 5168 eo,
1972 5112 2038 5175 _et
2070 5116 2179 5175 non
2214 5100 2546 5175 inveniente,
2588 5099 2853 5175 siccatur,
2885 5105 2940 5175 et
2971 5103 3249 5175 tantorum
3285 5109 3561 5175 annorum
3596 5108 3717 5175 per-

433 5172 568 5229 didit
600 5176 782 5230 subito
814 5176 1003 5230 vitam.
1023 5165 1092 5228 Et
1119 5165 1228 5228 hoc'
1245 5173 1324 5239 ﬁt,
1348 5182 1409 5226 ut
1440 5173 1730 5245 impleatur
1757 5165 1947 5229 sermo
1968 5172 2284 5245 Qominicus
2311 5171 2540 5225 dicens:
2578 5187 2597 5218 ι
2632 5167 2736 5232 Qui
2768 5167 2932 5245 habet
2959 5166 3179 5245 dabitur
3202 5165 3275 5230 ei,
3299 5165 3714 5245 «abundabit;

432 5245 526 5312 qui
566 5254 746 5301 autem
800 5260 910 5300 non
960 5246 1142 5310 habet,
1189 5252 1244 5298 et
1289 5230 1644 5314 ipsumquod
1696 5244 1856 5298 habet
1901 5241 2183 5298 auferetur
2231 5240 2302 5296 ab
2348 5256 2448 5305 eo,
2507 5257 2527 5290 ι
2562 5247 2623 5292 ιιι
2655 5230 2764 5291 non
2812 5237 2886 5291 sit
2933 5238 3174 5291 otiosum
3226 5234 3376 5304 quod
3430 5236 3612 5290 habet.
3652 5230 3721 5286 Et

508 5388 552 5421 ¹⁸
574 5387 708 5444 Luc.
738 5405 862 5456 xm,
900 5389 951 5442 7.
1033 5388 1075 5421 "
1102 5386 1293 5444 Matth.
1326 5402 1440 5453 χχι,
1463 5388 1553 5443 20.
1632 5389 1678 5421 ’θ
1706 5387 1897 5444 Matth.
1930 5405 2056 5454 xxv,
2082 5342 2173 5442 i9.

666 5547 1036 5627 ξηραζνεται.
1071 5548 1510 5627 C_0deX_Regius,
1531 5549 1949 5627 ξηρανθήσεται.

534 5617 624 5693 t3)
663 5617 877 5693 ξηραίΖ
896 5617 1393 5693 Forte‘legeudum'
1417 5617 1591 5693 ξηροίζ

533 5687 768 5762 ἐξῇ-Ἑν
805 5687 1172 5762 ζῷίγυναῖκᾶ
1203 5687 1624 5762 ἐπιμαίνέὸνθαί
1666 5709 1803 5747 τινι.
1852 5696 1929 5748 Ita
1959 5692 2019 5748 C.

444 5759 532 5833 lt;
553 5770 608 5833 at
623 5759 686 5812 ΙΙ.
707 5759 1100 5833 ἐπιϐαίνεσθαι·
1126 5763 1228 5831 ﬂet
1253 5759 1370 5832 μ’ἱη
1392 5778 1524 5819 mss.
1546 5762 1705 5817 codd.
1725 5779 1867 5833 saepe
1893 5780 2025 5817 con-

442 5827 766 5897 funduntur,
796 5841 1015 5902 propter
1044 5827 1457 5891 similitudinem
1484 5833 1576 5887 τοῦ
1618 5851 1656 5905 μ
1695 5827 1818 5890 cum
1845 5835 2024 5903 prisca

2130 5552 2305 5624 ﬁgura
2333 5549 2428 5604 τοῦ
2463 5549 2514 5624 β,
2548 5547 2817 5624 Hunnus.

2203 5622 2316 5690 (44)
2355 5612 2523 5689 Παρὰ
2562 5621 2671 5675 τὸν
2708 5619 2821 5689 πρὸ
2852 5617 2974 5674 τῶν
3000 5656 3015 5678 ,
3041 5625 3164 5690 dcte.
3216 5612 3309 5670 Sic
3337 5625 3504 5690 recte
3553 5614 3721 5690 habet

2135 5685 2308 5749 codex"
2338 5685 2572 5760 Regius;
2603 5706 2703 5746 nec
2734 5685 2892 5746 aliter
2913 5685 3401 5760 Anglicann_s,_nisi
3427 5688 3572 5760 quod
3597 5686 3717 5760 loco

2131 5764 2223 5816 τόν
2255 5756 2585 5817 habet—16w.
2633 5760 2862 5818 lluetius
2912 5760 2966 5816 in
3005 5756 3161 5816 textu
3211 5757 3374 5815 habet
3420 5757 3570 5829 παρὰ
3609 5756 3718 5811 τῶν

2135 5833 2387 5904 πρώτων,
2427 5833 2586 5890 male.
