4110 6446
434 352 454 404 l
467 351 570 406 467

431 553 614 617 habet,
642 564 695 609 et
724 557 864 623 quod
892 556 1104 612 videtur
1131 558 1329 616 habere
1354 558 1632 616 auferetur
1661 562 1730 617 ab
1757 577 1844 629 eo,
1883 581 1902 615 ι
1938 579 2006 618 ne

429 645 579 715 quod
627 647 837 702 videtur
881 648 1120 712 habere,
1169 652 1409 708 otiosum
1471 654 1561 708 sit.
1619 652 2006 726 Unusquisque

432 751 597 806 porro
630 737 1018 808 discipulorum
1069 741 1115 797 si
1157 744 1319 798 ﬁdem
1371 743 1641 808 habuerit,
1674 752 1729 800 et
1752 760 1863 800 non
1898 746 2005 801 du-

435 828 712 892 bitaverit,
744 829 797 884 id
839 832 983 901 quod
1034 834 1159 891 [icui
1204 837 1450 907 contigit,
1492 835 1642 904 facit,
1673 836 1930 908 quodque
1956 838 2004 895 ei

434 918 735 972 subnexum
767 930 871 977 est.
1124 972 1141 991 ,

507 1009 597 1065 28.
624 1009 933 1076 Quinetiam
964 1014 1184 1084 planum
1212 1015 1389 1072 facere
1417 1031 1598 1088 operae
1628 1016 1862 1089 pretium
1901 1026 2004 1082 est,

432 1099 707 1168 quomodo
751 1101 1054 1171 discipulus
1112 1102 1282 1171 Jesu,
1338 1121 1460 1161 cum
1516 1104 1751 1162 fructum
1798 1107 1850 1159 in
1902 1107 2005 1163 ficu

433 1188 773 1258 quaesiverit,
824 1206 924 1247 nec
972 1194 1267 1264 repererit,
1294 1195 1343 1249 ei
1372 1195 1620 1253 dicat“:
1660 1215 1679 1248 ι
1719 1194 2005 1268 Nunquam

431 1294 497 1334 ex
528 1290 580 1334 te
630 1279 840 1337 fructus
870 1295 1129 1341 nascatur
1173 1287 1226 1341 in
1270 1288 1693 1357 sempiternum,
1730 1306 1749 1340 ι
1802 1299 1861 1343 ut
1906 1288 2009 1343 hoc

434 1371 554 1440 ipso
603 1383 883 1428 momento
927 1374 1064 1431 licus
1110 1376 1400 1432 confestim
1432 1377 1640 1432 areliat.
1687 1376 1887 1432 Animo
1920 1377 2008 1431 hic

433 1462 528 1516 tibi
577 1462 812 1533 aliquem
858 1466 998 1536 tinge
1046 1466 1207 1536 762
1249 1482 1371 1536 quat
1416 1466 1482 1521 ad
1533 1466 1690 1522 fidem
1740 1467 2007 1537 pertinent

431 1556 774 1622 promentem
796 1594 811 1621 ,
844 1563 899 1609 et
924 1556 978 1609 in
1013 1558 1232 1611 nomine
1260 1556 1387 1611 .Iesu
1424 1557 1584 1612 edere
1621 1572 1680 1612 se
1709 1572 1773 1612 ac
1801 1557 2005 1624 bibere,

432 1649 487 1694 et
516 1640 568 1693 in
597 1642 792 1694 animae
822 1657 936 1697 suae
967 1643 1161 1713 plateis
1194 1654 1460 1714 praecepta
1492 1642 1679 1701 Jcsum
1718 1644 2009 1700 tradidisse

433 1729 744 1784 credentem
769 1749 784 1798 ;
814 1731 1008 1788 deinde
1034 1732 1340 1803 discipulus
1370 1734 1651 1805 sapientia:
1682 1733 1918 1791 fructum
1952 1747 2006 1791 et

1885 361 2214 420 ORICENIS

432 462 648 517 habenti
697 463 935 530 dabitur,
969 475 1022 521 et
1066 467 1394 535 abundabit;
1433 468 1485 524 ei
1529 477 1709 526 autem
1751 471 1844 541 qui
1896 486 2003 525 non
2035 480 2080 535 Α
2108 474 2370 547 θήσεται,

3558 370 3692 425 N68

2456 480 2549 532 καὶ
2612 479 3120 551 περισσευθήσεταν
3192 480 3302 535 ἀπὸ
3350 482 3407 537 δὲ
3468 484 3563 537 τοῦ
3619 485 3695 557 μὴ

2106 567 2341 637 ἔχοντος,
2366 570 2501 624 καὶὸ
2526 571 2676 625 δοκεῖ
2698 571 2841 641 ἔχειν
2865 572 3163 644 ἀρθήσεται
3182 573 3278 626 ἀπ’
3306 574 3471 628 αὐτοῦ
3488 574 3639 647 .(45),
3671 595 3690 628 ι

2107 658 2194 712 ἵνα
2228 659 2302 731 μὴ
2331 660 2500 731 ἀργὸν
2602 662 2631 714 ὃ
2658 661 2807 716 δοκεῖ
2846 663 3009 732 ἔχειν.
3051 662 3320 728 Ἕκαστος
3343 664 3401 718 δὲ
3442 665 3551 720 τῶν
3593 682 3698 736 μα.-

2107 748 2306 820 θητῶν,
2328 753 2425 808 saw
2455 752 2553 824 ἔχη
2583 753 2787 818 πίστιν,
2817 755 2912 809 καὶ
2946 754 3021 826 μὴ
3070 754 3347 826 διακριθῇ,
3388 756 3484 810 καὶ
3507 756 3568 810 τὸ
3595 755 3697 825 τῆς

2106 841 2278 910 συκῆς
2301 846 2462 908 ποιεῖ,
2496 845 2593 899 καὶ
2617 846 2679 901 τὸ
2711 846 2837 917 ἑξῆς
2860 847 3009 918 αὑτῷ
3033 847 3445 917 ἐπιφερόμενον.

2175 997 2287 1051 Καὶ
2323 994 2480 1068 ἔργον
2508 996 2628 1053 ἐστὶ
2657 998 2828 1067 δεῖξαι
2873 999 2989 1062 πῶς
3029 1001 3059 1053 ὁ
3109 997 3284 1069 Ἰησοῦ
3322 996 3571 1070 μαθητὴς
3595 997 3696 1070 ζη-

2106 1087 2277 1158 τήσας
2321 1086 2534 1158 καρπὸν
2573 1088 2633 1140 ὲν
2677 1091 2837 1160 συκῇ,
2886 1089 2980 1143 καὶ
3026 1087 3101 1160 μὴ
3146 1086 3342 1159 εὑρὼν,
3368 1087 3504 1160 λέγῃ
3528 1088 3688 1159 αὐτῇ·

2113 1196 2130 1227 ι
2162 1177 2377 1248 Μηκέτι
2413 1179 2477 1232 ὲκ
2512 1178 2606 1232 σοῦ
2630 1182 2840 1251 καρπὸς
2864 1181 3072 1250 γένοιτο
3097 1182 3177 1245 είς
3205 1178 3296 1233 τὸν
3317 1178 3511 1245 αίῶνα,
3550 1200 3569 1231 ι
3603 1181 3694 1233 ἵνα

2107 1269 2448 1341 παραχρῆμα
2476 1270 2572 1323 καὶ
2609 1271 2695 1323 ἐπ’
2738 1270 2889 1342 αὺτῷ
2932 1270 3170 1343 ξηρανθῇ
3215 1271 3248 1340 ἡ
3283 1270 3440 1342 συκῆ.
3475 1269 3587 1324 Καὶ
3611 1271 3696 1332 είς
3730 1266 3741 1275 ’

2105 1358 2276 1413 ταῦτα
2300 1359 2356 1413 δὲ
2389 1360 2582 1431 νόησόν
2620 1378 2741 1416 τινα
2781 1361 2849 1415 τὰ
2892 1362 2989 1433 τῆς
3024 1361 3259 1425 πίστεως
3292 1358 3694 1430 ἐπαγγελλόμε-

2107 1467 2214 1515 νον,
2250 1450 2345 1504 καὶ
2391 1450 2636 1522 οἰόμενον
2664 1451 2721 1506 ὲν
2766 1451 2846 1523 τῷ
2875 1453 3101 1523 ὀνόματι
3135 1451 3228 1506 τοῦ
3269 1451 3444 1524 Ἰησοῦ
3468 1451 3691 1517 ἐσθίειν,

2108 1542 2200 1594 καὶ
2221 1542 2418 1606 πίνειν,
2447 1543 2542 1598 καὶ
2570 1542 2662 1595 τὸν
2703 1542 2909 1614 Ἰησοῦν
2942 1544 3001 1597 ὲν
3030 1546 3151 1609 ταῖς
3181 1542 3565 1616 πλατείαιςτῆς
3588 1543 3695 1614 ψυ-

2107 1629 2210 1702 χῆς
2246 1630 2409 1687 αὐτοῦ
2446 1632 2795 1704 δεδιδαχέναι’
2840 1629 2957 1689 εἶτα
2994 1633 3177 1705 ἡκέτω
3221 1632 3466 1706 μαθητὴς
3510 1633 3693 1706 ζητῶν

2108 1722 2318 1793 καρπὸν
2347 1723 2538 1792 σοφίας
2566 1725 2659 1777 καὶ
2687 1724 2843 1793 λόγον
2864 1724 2923 1776 ἐν
2948 1722 3115 1796 αὐτῷ,
3146 1723 3288 1778 κατὰ
3319 1724 3416 1795 τὴν
3445 1724 3572 1794 περὶ
3595 1720 3693 1776 τοῦ

433 1834 739 1875 sermonem
782 1822 839 1876 in
876 1822 969 1879 illo
1011 1838 1266 1894 quaerens
1294 1826 1552 1891 accedat,
1591 1838 1863 1896 quatenus
1893 1825 2003 1896 ipse

2106 1811 2373 1867 διδάσκειν
2403 1814 2471 1869 τὰ
2501 1812 2620 1867 θεῖα
2660 1813 3011 1883 ἐπαγγελίαν,
3047 1814 3142 1867 καὶ
3187 1813 3364 1886 ζητῶν
3401 1814 3493 1868 καὶ
3536 1816 3695 1886 ἐρευ-

431 1910 615 1964 dirina
664 1910 859 1967 docere
904 1926 963 1968 se
1007 1912 1278 1982 pollicitus
1320 1922 1440 1980 est;
1494 1924 1552 1968 at
1603 1914 1921 1983 inquirens,
1952 1922 2006 1968 ct

431 2016 684 2057 sermone
728 2002 848 2073 ejus
892 2003 1196 2074 perieulum
1256 2003 1463 2059 faciens
1507 2004 1717 2060 nullum
1768 2003 2003 2060 fructum

430 2093 708 2160 inveniat,
733 2103 787 2148 et
813 2092 1036 2152 Christo
1065 2107 1348 2166 propterea
1376 2111 1609 2152 vacuum
1643 2111 1765 2151 esse
1795 2106 2009 2166 specta-

430 2184 642 2238 toribus
680 2184 1039 2255 signiiicans,
1086 2187 1234 2243 hunc
1283 2202 1416 2242 vana
1470 2187 1556 2242 sui
1604 2185 2006 2243 existimatione

432 2274 622 2329 laesum
657 2291 938 2345 nunquam
977 2275 1220 2331 fructum
1253 2276 1384 2332 dare
1416 2292 1582 2348 posse
1612 2276 1790 2331 verbis
1820 2274 2004 2330 decla-

432 2375 534 2420 ret.
580 2363 713 2420 Vide
745 2381 874 2437 ergo
918 2382 1099 2424 annon
1139 2368 1287 2439 quod
1322 2368 1375 2422 in
1418 2368 1521 2424 iicu
1565 2367 1695 2422 fecit
1725 2365 1917 2433 Jesus,
1949 2365 2002 2420 in

428 2458 699 2527 ejusmodi
738 2460 961 2516 homine
997 2459 1200 2531 pariter
1229 2458 1425 2515 efficiat
1457 2460 1551 2530 qui
1598 2459 1702 2513 fide
1729 2458 1917 2528 pollet,
1952 2466 2006 2511 et

430 2549 653 2603 minime
683 2549 913 2605 dubitat.
947 2548 1011 2605 Et
1049 2551 1221 2607 multo
1254 2552 1474 2623 quidem
1510 2551 1682 2607 satius
1715 2559 1800 2605 est
1849 2547 2006 2604 falla-

427 2654 544 2692 cem
577 2638 739 2694 ficum
759 2680 774 2706 ,
832 2652 888 2696 et
920 2640 1098 2697 vivere
1128 2642 1389 2697 creditam
1409 2685 1424 2707 ,
1466 2640 1679 2698 fructus
1720 2656 1851 2696 vero
1894 2655 2001 2696 non

429 2728 752 2794 mittentem,
777 2739 833 2785 et
857 2733 1163 2789 sterilitatis
1190 2730 1563 2797 manifestam,
1590 2731 1843 2803 discipuli
1870 2730 2000 2785 Ser-

426 2819 633 2876 vatoris
664 2822 849 2878 verbis
876 2822 1084 2878 aridam
1129 2824 1430 2887 declarari,
1463 2837 1629 2895 quam
1672 2824 1794 2877 vitae
1825 2822 2005 2892 specie

426 2923 491 2960 ac
521 2907 876 2964 simulatione
923 2910 1206 2965 hominum
1250 2911 1478 2967 minime
1517 2910 1787 2966 maiorum
1825 2918 1881 2965 et
1910 2909 2004 2966 de-

425 3002 583 3064 ceptu
636 2995 877 3052 facilium
937 2999 1103 3054 corda
1147 2999 1354 3056 diutius
1403 2999 1673 3071 decipere.
1729 2999 2001 3055 Eximium

425 3102 558 3155 ergo
585 3087 715 3143 illud
746 3090 926 3145 visum
968 3101 1084 3157 est,
1115 3092 1261 3161 quod
1292 3092 1440 3148 circa
1476 3094 1637 3147 ticum
1669 3094 1781 3167 egit
1808 3092 2000 3161 Jesus,

2108 1902 2213 1955 νῶν
2244 1901 2488 1974 τῷλόγῳ
2536 1903 2717 1967 αὐτὸν,
2760 1902 2964 1974 μηδένα
2991 1902 3199 1974 καρπὸν
3243 1902 3561 1974 εὑρισκέτω·
3595 1902 3694 1955 καὶ

2106 1993 2192 2047 διὰ
2229 1994 2385 2048 τοῦτο
2427 1993 2590 2046 αὐτὸν
2641 1994 2910 2063 παριστὰς
2947 1996 3064 2058 τοῖς
3110 1993 3376 2065 θεωροῦσι
3405 1992 3563 2047 κενὸν
3595 1992 3692 2046 τοῦ

2107 2085 2363 2157 Χριστοῦ,
2415 2084 2732 2158 παριστάτω
2780 2084 2860 2156 τῷ
2885 2084 3030 2156 λόγῳ
3057 2086 3138 2138 ὅτι
3191 2086 3290 2156 οὐχ
3336 2080 3445 2138 οἷόν
3478 2100 3539 2137 τε
3570 2083 3693 2136 τινὰ

2107 2177 2315 2248 καρπὸν
2343 2177 2422 2230 ἔτι
2446 2158 2696 2247 γενέσθαι
2727 2175 2875 2247 αὐτῷ
2905 2176 2985 2241 είς
3004 2175 3094 2230 τὸν
3119 2175 3291 2229 αίῶνα
3310 2174 3414 2228 ὑπὸ
3449 2175 3550 2246 τῆς
3577 2176 3696 2246 oti;-

2108 2282 2245 2330 σεως
2268 2264 2645 2338 βεϐλαμμένῳ.
2682 2267 2824 2337 Ὅρα
2850 2261 2944 2319 οὖν
2977 2266 3027 2319 εί
3060 2265 3135 2337 μὴ
3165 2266 3224 2319 ὲν
3254 2264 3529 2336 τοιούτῳὸ
3550 2264 3694 2335 ἔχων

2106 2356 2288 2411 πίστιν
2309 2357 2402 2411 καὶ
2432 2356 2508 2429 μὴ
2544 2357 2865 2428 διακριθεὶς,
2894 2355 2955 2409 τὸ
2977 2356 3075 2428 τῆς
3099 2355 3269 2426 συκῆς
3294 2353 3695 2428 παραπλησίως

2108 2465 2222 2513 πως
2252 2447 2329 2520 τῷ
2366 2448 2539 2522 Ἰησοῦ
2569 2451 2731 2501 ποιεῖ.
2756 2447 2868 2501 Καὶ
2890 2445 3135 2518 κρεῖττόν
3159 2445 3222 2515 γέ
3248 2447 3388 2512 ἐστι,
3416 2444 3518 2517 τὴν
3546 2445 3690 2498 ἀπα-

2105 2541 2271 2613 τηλὴν
2301 2542 2490 2609 συκῆν,
2524 2540 2618 2594 καὶ
2649 2538 3011 2611 νομιζομένην
3039 2539 3135 2609 μὲν
3166 2537 3286 2611 ζῇν,
3317 2538 3391 2609 μὴ
3413 2552 3693 2609 καρποφο-

2108 2630 2302 2704 ροῦσαν
2330 2631 2409 2697 δὲ,
2440 2629 2808 2702 ὲλεγχθεῖσαν,
2831 2630 2914 2683 ὅτι
2934 2627 3179 2700 ἄκαρπός
3206 2631 3344 2692 ὲστι,
3377 2627 3552 2701 ξηρὰν
3575 2632 3692 2694 τοῖς

2104 2723 2282 2792 λόγοις
2313 2722 2408 2776 τοῦ
2446 2721 2687 2794 μαθητοῦ
2729 2721 2903 2792 Ἰησοῦ
2944 2721 3199 2791 φανῆναι,
3229 2719 3265 2791 ἢ
3294 2718 3576 2774 ἅπατῶντι
3621 2722 3689 2791 τῇ

2105 2815 2433 2889 νομιζομένῃ
2473 2813 2585 2886 ζωῇ
2626 2812 2736 2886 (46)
2770 2813 2865 2866 καὶ
2925 2816 2989 2886 τῇ
3036 2815 3398 2884 προσποιήσει
3436 2811 3539 2877 τὰς
3581 2815 3690 2866 τῶν

2106 2906 2326 2961 ἀκάκων
2348 2906 2443 2960 καὶ
2468 2904 2889 2975 εὐεξαπατήτων
2909 2904 3157 2977 καρδίας.
3189 2903 3368 2958 Καλὸν
3396 2899 3491 2958 οῦν
3516 2905 3687 2977 ἐφάνη

2104 2999 2196 3051 καὶ
2220 2996 2312 3050 τοῦ
2348 2994 2525 3069 Ἰησοῦ
2544 2996 2637 3049 καὶ
2660 2995 2769 3049 τῶν
2803 2995 3058 3068 μαθητῶν
3081 2992 3244 3049 αὑτοῦ
3275 2994 3437 3066 ἔργον
3466 2994 3527 3048 τὸ
3549 2993 3687 3048 κατὰ

2102 3092 2203 3163 τὴν
2225 3089 2624 3163 ξηραινομένην
2655 3089 2844 3160 συκῆνο
2884 3089 2943 3141 ὲν
2983 3089 3198 3159 ἑκάστῳ
3226 3087 3294 3153 δ’,
3332 3082 3509 3159 οἶμαι,
3558 3086 3680 3140 ἀπί-

428 3174 715 3246 ipsiusque
766 3179 1042 3250 discipuli.
1099 3180 1408 3252 Unicuique
1451 3192 1631 3238 autem
1688 3183 1891 3238 infideli
1952 3194 2003 3239 et

2108 3201 2218 3254 στῳ
2249 3182 2342 3236 καὶ
2371 3180 2557 3252 ἀνόμῳ
2589 3180 2714 3252 ὅρος
2741 3180 3034 3247 ἐπίκειται,
3085 3180 3227 3235 κατὰ
3269 3178 3368 3250 τὴν
3399 3178 3684 3251 ὁμολογίαν

428 3266 620 3337 iniquo
645 3308 660 3333 ,
708 3284 806 3339 pro
848 3271 1180 3328 infidelitatis
1223 3289 1289 3329 ac
1335 3274 1641 3344 iniquitatis
1692 3282 1811 3328 rata
1849 3285 2002 3343 parte

2108 3274 2208 3343 τῆς
2241 3270 2498 3334 ἀπιστίας
2540 3270 2633 3324 καὶ
2675 3270 2776 3341 τῆς
2814 3270 3062 3340 ἀνομίας,
3093 3269 3173 3341 τῷ
3200 3269 3343 3341 λόγῳ
3368 3269 3477 3323 τῶν
3510 3268 3690 3341 μαθη-

431 3369 667 3415 montem
740 3364 1055 3420 incumbere
1105 3366 1394 3435 existimo,
1454 3367 1548 3437 qui
1610 3366 2002 3437 discipulorum

2106 3365 2214 3419 τῶν
2250 3361 2425 3435 Ἰησοῦ
2451 3363 2738 3433 αἰρόμενον
2772 3363 2867 3416 καὶ
2902 3361 3225 3434 βαλλόμενον
3253 3361 3333 3426 είς
3358 3362 3457 3434 τὴν
3488 3360 3689 3416 θάλασ-

426 3446 557 3503 Jesu
610 3465 861 3508 sermone
937 3453 1236 3520 auferatur,
1298 3464 1353 3510 et
1415 3457 1468 3510 in
1534 3471 1684 3511 mare
1751 3456 2001 3527 supplicii

2110 3472 2209 3509 σαν
2250 3454 2353 3525 τῆς
2387 3453 2659 3516 κολάσεως
2688 3451 2877 3506 αὐτοῦ’
2909 3453 3004 3507 καὶ
3032 3453 3210 3509 πάντα
3240 3454 3296 3508 δὲ
3331 3454 3433 3508 ὅσα
3472 3452 3569 3508 ἐὰν
3596 3453 3683 3506 αίο

428 3538 602 3606 ipsius
631 3543 910 3611 mittatur;
956 3554 1011 3601 et
1042 3561 1382 3617 quaecunque
1415 3547 1468 3602 in
1494 3546 1874 3619 deprecatione
1910 3564 2002 3618 pc-

2106 3547 2271 3600 τῶσιν
2291 3547 2350 3599 ὲν
2371 3546 2437 3617 τῇ
2464 3546 2734 3617 προσευχῇ
2760 3543 3106 3609 πιστεύοντες
3133 3546 3183 3599 οί
3225 3544 3403 3616 Ἰησοῦ
3429 3544 3684 3617 μαθηταί,

429 3631 612 3686 tierint
635 3630 763 3691 Iesu
794 3634 1045 3707 discipuli
1089 3637 1407 3706 credentes,
1452 3648 1772 3710 accepturos
1794 3681 1809 3706 ,
1841 3639 2001 3709 quasi

2105 3636 2364 3707 λήψονται
2390 3635 2467 3699 ὡς
2500 3633 2740 3707 μαθηταὶ
2783 3633 2937 3687 οὑδὲν
2977 3634 3087 3689 τῶν
3135 3634 3210 3709 μὴ
3253 3636 3482 3691 δεόντων
3529 3636 3686 3707 αἰτη-

1621 3754 1853 3813 VETUS
1888 3750 2465 3811 INTERPRETATIO.

429 3847 804 3970 xiiiisq‘nisqiie
840 3849 1234 3922 discipulorum
1273 3852 1319 3911 si
1359 3851 1612 3908 habuerit
1651 3851 1847 3920 fidem,
1886 3861 1943 3909 et
1979 3867 2088 3908 non
2130 3850 2484 3916 haesitaverit,
2524 3858 2579 3905 et
2616 3850 2777 3907 ﬁcum
2818 3865 3068 3907 arescere
3108 3849 3270 3913 facit,
3312 3858 3366 3904 et
3405 3853 3551 3920 quod
3592 3863 3684 3905 se-

549 3933 581 3969 u
676 3933 707 3969 ll
774 3957 789 3970 .

428 3931 613 3984 quitur
634 3932 789 3984 eum.

498 3985 588 4038 28.
632 3983 699 4064 lit
728 3996 815 4042 est
841 3989 1023 4064 operis
1048 3990 1457 4064 demonstrare,
1473 3992 1749 4062 quomodo
1771 3991 1976 4064 Christi
2002 3990 2306 4060 discipulus
2332 4004 2583 4061 quaerens
2613 3987 2932 4064 [ructumin
2964 3989 3090 4053 ficu,
3124 3997 3181 4064 ei.
3229 4003 3335 4042 non
3374 3987 3682 4064 inveniens,

426 4054 571 4129 dicat
603 4054 671 4109 ad
694 4071 814 4111 eam
842 4054 911 4112 ε’(
943 4059 1232 4129 Nunquam
1264 4078 1330 4115 ex
1355 4072 1406 4116 te
1433 4054 1646 4117 fructus
1679 4074 1938 4117 nascatur
1962 4062 2015 4115 in
2044 4054 2327 4121 aeternum,
2351 4054 2378 4112 ἰ
2411 4068 2471 4114 ut
2503 4058 2789 4114 confestim
2821 4061 3079 4129 siccetur.
3128 4057 3353 4127 Utputa,
3386 4057 3680 4129 ponemihi

424 4124 814 4212 ειιῐςιιιειιξύᾳυω
839 4139 968 4212 sunt
995 4124 1213 4212 quidem
1432 4132 1771 4212 profitentem
1795 4140 1901 4212 ,_et
1943 4128 2593 4212 pronuntiantemsenin.
2616 4131 2851 4212 nomine
2879 4128 3007 4212 {esu
3053 4124 3403 4212 manducare
3417 4136 3473 4212 et
3499 4126 3686 4183 bibere

425 4209 609 4270 coram
644 4196 782 4265 ipso,
816 4206 871 4253 et
892 4196 1086 4270 desum
1131 4200 1184 4253 in
1214 4201 1408 4269 plateis
1433 4196 1616 4257 cordis
1647 4202 1765 4270 ejus
1801 4196 2055 4257 docuisse
2083 4220 2095 4255 :
2128 4202 2201 4255 ita
2235 4201 2418 4270 veniat
2457 4198 2763 4269 discipulus
2792 4197 2995 4253 Christi
3025 4213 3278 4268 qttserens
3314 4196 3552 4252 fructum
3587 4212 3682 4251 sa-

426 4266 641 4340 pientiae
668 4275 728 4340 et
755 4269 904 4340 verbi
941 4270 993 4322 in
1022 4285 1088 4325 eo
1119 4266 1418 4340 secundum
1453 4266 1847 4340 professionem
1884 4270 2113 4340 docendi
2164 4285 2287 4340 qua:
2322 4268 2415 4340 Dei
2447 4276 2578 4325 sunt
2602 4266 2616 4323 Ξ
2644 4284 2897 4340 quaerens
2917 4277 2971 4323 et
2994 4266 3249 4323 scrutatis
3279 4282 3405 4340 eum
3439 4283 3536 4340 per
3562 4282 3684 4321 ver-

428 4335 580 4405 bum,
619 4337 826 4391 nullum
860 4338 1098 4394 inveniat
1129 4339 1364 4393 fructum
1397 4335 1546 4395 in'eo
1574 4358 1586 4393 :
1623 4352 1675 4396 et
1702 4341 1822 4395 ideo
1866 4335 2213 4395 manifestum
2248 4338 2455 4394 faciens
2482 4352 2608 4394 eum
2632 4335 2990 4405 {videntibus
3021 4353 3251 4393 vacuum
3277 4353 3306 4391 a
3336 4335 3555 4393 Christo
3582 4352 3679 4391 ex-

430 4403 613 4481 hibeat
634 4419 732 4473 per
760 4408 1294 4481 verbum,_quoniam
1322 4424 1430 4481 non
1458 4420 1545 4481 est
1575 4410 1830 4481 possibile
1857 4411 2093 4481 aliquem
2123 4408 2363 4464 fructum
2400 4408 2515 4481 ileri
2539 4410 2602 4481 in
2634 4403 2705 4463 eo
2736 4405 3214 4481 iiilsempiternum
3242 4406 3335 4477 qui
3364 4423 3429 4462 ex
3442 4406 3683 4481 _arbitrio

428 4472 591 4527 laesus
614 4472 715 4528 est.
755 4475 907 4547 Sicut
934 4472 1206 4533 et'P'etrus
1238 4478 1381 4533 dixit
1404 4480 1469 4534 ad
1499 4472 1777 4535 Simonem
1796 4521 1810 4545 ,
1844 4472 2149 4534 arefaciens
2172 4494 2299 4532 eum
2327 4478 2421 4547 qui
2467 4477 2749 4532 videbatur
2779 4472 2983 4532 Christi
3024 4472 3304 4547 professor
3330 4495 3343 4532 :
3380 4496 3398 4528 ι
3442 4477 3676 4532 Pecunia

427 4554 520 4595 tua
555 4550 734 4595 tecum
770 4547 840 4597 sit
869 4546 924 4599 in
959 4548 1235 4619 interitum
1259 4590 1274 4616 ,
1301 4550 1561 4618 quoniam
1604 4552 1808 4605 donum
1845 4549 1937 4603 Dei
1968 4549 2291 4619 existimasti
2316 4545 2372 4619 te
2397 4562 2493 4619 per
2517 4548 2806 4619 pecuniam
2867 4545 3164 4619 possidere.
3198 4545 3311 4601 Cor
3341 4548 3498 4619 enini
3526 4556 3680 4601 tuum

428 4624 538 4691 non
572 4621 655 4691 est
685 4622 896 4691 rectum
924 4630 1106 4691 coram
1139 4617 1271 4671 Deo.
1315 4616 1369 4691 in
1406 4619 1528 4675 felle
1559 4619 1707 4673 enim
1754 4619 2135 4675 amaritudinis
2163 4628 2217 4673 et
2242 4616 2576 4691 obligatione
2620 4618 2925 4691 iniquitatis
2952 4617 3109 4673 video
3140 4627 3193 4671 te
3226 4633 3367 4673 esse.
3393 4636 3419 4691 _I
3458 4616 3525 4671 Et
3569 4631 3681 4691 me-

428 4681 535 4758 l_ius
564 4687 646 4734 est
681 4680 927 4758 fallacem
961 4687 1123 4758 ticum
1157 4690 1490 4758 qiuaeivivere
1528 4690 1876 4744 existimatur
1901 4731 1915 4747 .
1946 4704 2055 4742 non
2105 4700 2286 4743 autem
2317 4680 2611 4743 fiuctiiicat
2644 4680 2802 4758 quasi
2837 4687 2987 4751 viva,
3021 4695 3271 4757 argutam
3312 4688 3443 4756 quia
3473 4698 3560 4742 est
3590 4687 3678 4741 iu-

428 4748 715 4828 fructuosa
735 4754 930 4807 siccari
967 4748 1563 4828 verbis‘discipulorum
1590 4759 1814 4823 Christi,
1851 4768 1905 4812 et
1941 4759 2056 4812 iieri
2086 4758 2464 4828 manifestam,
2487 4748 2751 4828 quam'ut
2783 4748 2995 4812 furetur
3023 4748 3164 4828 duvm
3185 4748 3369 4813 vivere
3391 4758 3680 4812 existima-

424 4829 535 4885 tur,
564 4836 661 4890 per
685 4822 999 4893 figmentum
1028 4822 1388 4896 professionis
1419 4822 2005 4895 innocentiumeorda,
2028 4839 2083 4885 et
2111 4845 2302 4884 eorum
2330 4829 2421 4900 qui
2444 4822 2608 4885 facile
2633 4826 2970 4884 seducuntur
2995 4844 3026 4882 a
3061 4827 3281 4882 talibus.
3314 4828 3562 4884 Arbitror
3589 4841 3685 4882 au-

493 4917 535 4950 "
570 4914 761 4973 Matth.
795 4934 906 4984 ut,
942 4919 1028 4976 l9.

495 5009 608 5087 (i5)
656 5010 883 5087 Ἀπὸ-δὲ
910 5014 1018 5069 τοῦ
1045 5013 1133 5087 μὴ
1157 5016 1428 5087 ἔχοῃος,
1465 5016 1562 5070 καὶ
1597 5015 2003 5087 ὸᾶοκεῒέχειν

413 5078 748 5158 ἀρᾴήσεζαι
776 5081 879 5135 ἀπ’
909 5078 1129 5140 actas;
1150 5078 1237 5158 ita
1286 5078 1514 5158 Vulgata
1557 5086 1764 5158 editio:
1804 5107 1824 5139 ι
1853 5078 1999 5158 quod

424 5102 748 5149 αρσησδται
776 5102 877 5135 απ
909 5102 1116 5140 αυτου.
1150 5102 1230 5140 ita
1293 5102 1387 5139 vui
1425 5102 1514 5140 ata
1557 5102 1764 5141 eatuo:
1804 5107 1824 5139 ι
1853 5102 1993 5158 quoa

424 5151 640 5204 videtur
663 5150 885 5217 habere,
917 5171 936 5204 ι
970 5162 1025 5208 et
1051 5155 1241 5224 optimi
1282 5102 1440 5210 codd.
1468 5155 1679 5226 antiqui
1706 5173 1722 5211 :
1759 5172 1825 5212 ac
1861 5173 1993 5213 con-

418 5231 563 5291 grue
587 5228 735 5297 certe
768 5235 930 5297 sensu
956 5226 1091 5297 :_qui
1117 5226 1264 5280 enim
1299 5241 1406 5280 non
1438 5226 1631 5289 habet,
1688 5227 1860 5282 videri
1882 5242 1995 5297 po-

425 5289 532 5346 test
587 5289 839 5365 habere;
894 5289 1093 5365 habere
1147 5309 1335 5365 revera
1396 5310 1504 5350 non
1553 5304 1732 5365 potest
1773 5313 1786 5349 :
1829 5289 1996 5352 adeo-

419 5375 547 5433 que
593 5361 831 5433 genuina
892 5372 977 5418 est
1034 5364 1150 5419 haec
1194 5364 1508 5433 explicatio,
1549 5361 1608 5420 ut
1669 5366 1802 5421 illud
1854 5366 1995 5421 Mat-

424 5430 709 5507 thasixul,
752 5431 839 5495 12,
884 5443 940 5507 et
972 5430 1283 5507 Marcttv,‘
1308 5434 1400 5507 25,
1449 5436 1537 5490 vix
1572 5437 1730 5493 aliter
1768 5437 1993 5507 intelligi

424 5501 619 5583 tussit,
650 5515 814 5567 quam
853 5503 922 5582 si,
969 5505 1063 5557 καὶ
1086 5503 1114 5557 ὃ
1154 5503 1298 5574 ἔχει,
1338 5504 1411 5563 ita
1434 5520 1808 5574 exponamus,
1839 5501 1996 5563 καΓό

421 5571 574 5638 οοκεῖ
617 5567 778 5638 ἔχειν,
830 5569 1200 5629 Commissum
1242 5574 1390 5627 enim
1431 5588 1589 5629 σοι·νο
1618 5577 1877 5633 cessatori
1930 5593 1993 5633 ac

2105 5509 2261 5566 vertit
2284 5501 2307 5562 ι’
2329 5501 2515 5578 (quod
2541 5501 2725 5586 datum
2753 5506 2855 5587 fuit
2877 5506 2948 5560 ei.
2977 5526 2995 5558 ι
3020 5505 3284 5563 liuentis.
3309 5576 3337 5588 _

2172 5578 2286 5638 (46)
2321 5580 2388 5633 "H
2410 5578 2711 5632 ἁπατωντι
2740 5593 2815 5638 τῃ
2848 5574 3198 5638 νομιζομένῃ
3222 5574 3355 5638 (wn.
3391 5577 3596 5633 Emend

424 5576 574 5621 δοκεῖ
617 5576 778 5639 ἐχειν,
830 5576 1200 5629 Commissum
1242 5576 1390 5627 enim
1431 5588 1589 5629 σοι·νο
1618 5577 1877 5633 cessatori
1930 5593 1993 5633 ac

424 5637 893 5723 pigigifllqiilltin
932 5645 1191 5723 .ablatum
1238 5643 1302 5696 iri
1343 5643 1475 5723 dicit
1527 5644 1803 5713 Scrvator,
1846 5649 1992 5723 quod

2172 5578 2286 5649 (46)
2321 5576 2711 5633 Ἐ’ἀπατῶντι
2740 5576 2818 5645 τῇ
2848 5576 3198 5647 νομιζομένῃ
3222 5576 3355 5647 ζωῇ.
3391 5577 3629 5633 Emeuda
3656 5594 3670 5632 :

2105 5648 2132 5720 ἢ
2182 5649 2395 5720 ἀπατᾷν
2431 5648 2530 5723 ’ἔτι
2583 5650 2671 5717 τῇ,
2710 5647 2794 5699 vel
2839 5647 3053 5723 ἀπατᾷν
3102 5649 3189 5719 τῇ.
3225 5646 3394 5706 Vetus
3440 5650 3669 5718 interpr.

424 5708 679 5773 quamvis
722 5708 853 5765 illud
894 5714 963 5768 ab
992 5715 1124 5769 hero
1165 5713 1456 5785 acceperit,
1479 5729 1545 5770 ac
1578 5708 1992 5786 propterea'ba-
2105 5708 2313 5791 c'qnam
2337 5708 2398 5774 'ut
2425 5708 2663 5786 foretur,
2685 5735 2702 5768 υ
2734 5725 2836 5772 etc.
2872 5716 2947 5772 in.

2104 5020 2232 5075 bere
2261 5019 2531 5080 videatur,
2556 5031 2622 5072 eo
2666 5026 2844 5072 tamen
2883 5032 2990 5073 non
3022 5019 3216 5081 utitur.
3260 5018 3354 5074 sed
3386 5021 3441 5073 in
3477 5029 3677 5073 terram

2100 5089 2329 5158 defodit,
2353 5103 2419 5143 ac
2470 5088 2694 5158 perinde
2731 5097 2815 5144 est
2848 5096 2906 5142 ut
2944 5088 2991 5143 si
3038 5104 3146 5144 non
3195 5088 3413 5158 habeat.
3450 5086 3677 5143 Frustra

2100 5174 2233 5227 ergo
2256 5157 2394 5214 Beza
2415 5198 2431 5223 ,
2458 5155 2512 5212 et
2541 5155 2765 5213 Grotius
2791 5157 2921 5229 illud
2949 5176 2962 5212 :
3007 5160 3120 5213 Kal.
3146 5159 3175 5213 ὃ
3204 5157 3357 5229 δοκεῖ
3389 5159 3535 5229 ἔχειν
3577 5174 3678 5227 pro

2098 5229 2128 5283 ὃ
2149 5226 2285 5299 ἔχει,
2319 5244 2385 5285 ex
2414 5229 2729 5299 Lucaxvul,
2758 5226 2848 5294 18,
2891 5227 2998 5299 huc
3028 5230 3301 5284 intrusum
3339 5226 3511 5285 fuisse
3543 5226 3679 5284 con-

2096 5297 2458 5371 jectant,_nec
2482 5297 2645 5367 hujus
2685 5297 2960 5371 parabolae
3000 5313 3166 5368 scopo
3192 5299 3484 5371 convenire
3520 5313 3674 5354 asse-

2101 5367 2248 5425 runt.
2302 5368 2505 5438 Eorum
2567 5376 2746 5438 tamen
2803 5367 3149 5438 conjecturae
3197 5367 3339 5425 favet
3406 5370 3676 5438 interpres

2101 5439 2376 5509 Ethiops,
2414 5437 2509 5509 qni
2540 5437 2682 5509 apud
2713 5435 3101 5509 Matthaeumet
3130 5435 3331 5492 Lucam
3360 5435 3675 5494 constanter
