4110 6470
460 381 596 434 MSS)

1413 375 1768 432 COMMENT.
1808 375 1876 430 ΙΝ
1917 375 2332 434 ΜΑΤΤΙΙιΕυΜ
2374 374 2609 430 TOMUS
2651 373 2787 428 XVI.

3590 364 3728 417 H70

455 516 658 561 σοντες,
694 500 788 553 καὶ
816 498 891 562 ὡς
917 497 1224 569 πειθόμενοι
1254 497 1330 570 τῷ
1355 497 1681 568 διδασκάλῳ,
1716 498 1882 570 μηδὲν
1916 499 2036 552 ἄλλο

2144 497 2441 567 discipulos
2471 495 2606 550 nihil
2639 511 2745 549 non
2775 508 2992 564 aequum
3025 491 3311 562 petituros,
3341 498 3393 545 et
3422 488 3581 560 quasi
3609 503 3725 540 ma-

452 590 730 653 αἰτούντες
758 591 866 661 (47)
900 589 932 660 ἢ
973 589 1039 643 τὰ
1075 569 1284 660 μεγάλᾶ
1325 590 1419 642 xul.
1452 589 1520 641 τά
1567 589 1880 661 ἐπουράνια·
1922 589 2042 641 εἶπε

453 682 562 753 γὰρ
592 683 620 734 ὁ
659 682 865 751 Ἰησοῦς
894 686 1006 745 τοῖς
1044 681 1311 753 μαθηταῖς
1338 682 1524 746 αὑτοῦ,
1563 701 1581 734 ι
1617 683 1830 734 Αἰτεῖτε
1861 682 1928 734 τὰ
1957 699 2044 752 με·

453 773 613 842 γάλα,
646 776 740 828 καὶ
770 776 837 828 τὰ
864 775 1036 845 μικρά
1064 774 1492 846 προστεθήσεται
1527 775 1675 846 om
1713 776 1809 827 καὶ
1841 777 2041 828 αἰτεῖτε

453 864 520 920 τὰ
551 867 867 936 ἐπουράνια,
904 867 998 919 καὶ
1025 865 1094 918 τὰ
1124 867 1340 936 ὲπίγεια
1371 865 1802 938 προστεθήσεται
1829 867 1974 936 ὑμῖν.
2017 884 2034 916 ›

533 1042 594 1096 Ὅ
645 1043 700 1096 δὲ
758 1045 1003 1116 Μάρκος,
1057 1045 1374 1117 ἀναγράψας
1421 1046 1489 1100 τὰ
1535 1045 1672 1100 κατά
1724 1046 1813 1099 τὸν
1855 1049 2040 1111 τόπον,

453 1136 796 1204 ἀπεμφαῖνόν
828 1152 879 1187 τι
920 1134 995 1198 ὼς
1038 1135 1174 1206 πρὸς
1220 1136 1280 1188 τὸ
1316 1137 1477 1208 ῥητὸν
1524 1136 1828 1208 προσέθηκε
1881 1141 2040 1208 ποιή-

455 1242 574 1289 σας,
607 1226 708 1289 ὅτι,
757 1245 773 1274 ι
811 1224 934 1279 ἰδὼν
959 1227 986 1277 ὁ
1019 1225 1226 1296 Ἰησοῦς
1254 1227 1362 1280 ἀπὸ
1392 1226 1663 1298 μακρόθεν
1689 1226 1860 1297 συκῆν
1892 1228 2042 1298 ἔχου-

453 1334 552 1370 σαν
582 1315 778 1386 φύλλα,
809 1313 972 1386 ἦλθεν
1001 1317 1076 1382 ὼς
1114 1320 1362 1391 εὑρήσων
1389 1336 1442 1371 τι
1468 1321 1526 1371 ὲν
1556 1320 1716 1389 αὐτῇ·
1785 1319 1953 1372 ἐλθὼν
1983 1320 2040 1372 δὲ

453 1409 537 1460 ἐπ’
561 1408 750 1477 αὐτὴν,
776 1409 869 1460 καὶ
900 1409 1062 1479 μηδὲν
1084 1408 1257 1480 εὑρὼν
1282 1411 1329 1462 εἰ
1351 1409 1423 1480 μὴ
1447 1409 1619 1478 φύλλα
1651 1411 1830 1480 μόνον’
1857 1411 1917 1462 οὐ
1934 1410 2041 1482 γὰρ

450 1494 519 1569 ἦν
548 1501 576 1551 ό
609 1499 800 1570 καιρὸς
831 1499 1030 1564 σύκων,
1079 1500 1397 1570 ἀποκριθεὶς
1429 1496 1579 1554 εἶπεν
1619 1502 1756 1571 αὐτῇ
1776 1518 1788 1531 ·
1830 1501 2040 1571 Μηκέτι

452 1592 531 1653 εἰς
553 1591 646 1643 τὸν
679 1591 850 1644 αἰῶνα
879 1593 943 1644 ἐκ
975 1591 1068 1645 σοῦ
1095 1593 1283 1663 μηδεὶς
1314 1593 1525 1664 καρπὸν
1538 1592 1906 1664 φάγῃ.›Εἰ’ποι
1933 1593 2042 1665 γὰρ

457 1683 521 1735 ἄν
553 1697 656 1744 τις·
690 1683 752 1735 Εἰ
795 1683 868 1752 μὴ
904 1685 931 1735 ὁ
966 1683 1157 1754 καιρὸς
1196 1684 1375 1738 σύκων
1406 1680 1493 1755 ἦν,
1527 1685 1643 1749 πῶς
1684 1682 1843 1756 ἦλθεν
1870 1688 1898 1738 ό
1940 1685 2042 1756 Ἰη-

453 1771 578 1834 σοῦς
608 1772 684 1835 ὡς
714 1774 962 1843 εὑρήσων
994 1791 1045 1827 τι
1080 1777 1138 1827 ἐν
1165 1776 1324 1845 αὐτῇ,
1355 1775 1448 1828 καὶ
1483 1775 1599 1840 πῶς
1633 1776 1856 1842 δικαίως
1887 1773 2038 1829 εἶπεν

451 1863 617 1933 αὐτῇ·
655 1881 673 1914 ι
719 1865 930 1934 Μηκέτι
962 1868 1040 1929 εἰς
1066 1866 1157 1918 τὸν
1187 1867 1360 1920 αἰῶνα
1385 1869 1449 1921 ὲκ
1475 1867 1568 1920 σοῦ
1601 1869 1791 1939 μηδεὶς
1827 1868 2039 1940 καρπὸν

451 1956 635 2029 φάγῃ;
676 1977 693 2007 ι
727 1956 870 2028 Πρδς
909 1956 1068 2010 τοῦτο
1094 1958 1149 2010 δὲ
1181 1957 1474 2023 λελέξεται,
1507 1960 1587 2012 ὅτι
1617 1959 1728 2029 (48)
1759 1961 1808 2012 οἰ
1855 1977 2038 2014 κατει-

449 2047 701 2119 λεγμένοι
726 2049 878 2121 παρὰ
903 2048 980 2120 τῷ
1023 2050 1330 2122 Ἀποστόλῳ
1353 2052 1556 2122 καρποὶ
1579 2051 1672 2104 τοῦ
1709 2051 2037 2122 πνεύματος,

450 2140 659 2211 ἀγάπη,
692 2140 858 2212 χάρα,
891 2141 1104 2213 εἰρήνη,
1135 2141 1506 2213 μακροθυμία,
1541 2144 1867 2214 χρηστότης,
1903 2145 2041 2213 ἀγα-

450 2228 682 2299 θωσύνη,
718 2232 921 2296 πίστις,
982 2233 1245 2304 πραότης,
1295 2233 1612 2305 ἐγκράτεια,
1661 2235 1775 2288 ἐστι
1824 2237 1919 2307 μὲν
1950 2238 2039 2290 ὅτε

447 2318 505 2368 ὲν
542 2319 726 2388 οἰκείῳ
758 2321 1096 2373 ἀποδίδονται
1130 2320 1340 2392 καιρῷ·
1379 2321 1584 2392 βέλτιον
1609 2325 1666 2377 δὲ
1695 2327 1762 2389 εἰ,
1795 2325 1902 2378 τῶν
1939 2343 2040 2378 πε-

452 2409 814 2479 ριεστηκότων
844 2412 936 2464 ἐπὶ
958 2413 1199 2466 ἐναντίον
1221 2413 1299 2484 τῷ
1331 2419 1698 2486 καρποφορεῖν
1733 2417 2038 2488 προκαλου-

451 2498 648 2566 μένων,
690 2501 942 2572 δυνηθείη
973 2520 1056 2567 τις
1101 2504 1212 2567 καὶ,
1246 2504 1334 2558 διὰ
1361 2504 1420 2557 τὸ
1451 2505 1590 2559 πάνυ
1625 2506 1945 2574 ὠφελεῖσθαι
1977 2510 2040 2561 ἐκ

447 2586 538 2640 τοῦ
567 2591 764 2659 Λόγου,
793 2591 943 2646 οὐδὲν
970 2588 1128 2664 ἦττον
1157 2595 1250 2648 καὶ
1275 2596 1394 2648 τότε
1413 2595 1610 2649 διδόναι
1641 2597 1766 2662 τοὺς
1791 2592 2038 2668 καρποὺς

446 2681 540 2732 τοῦ
578 2683 906 2753 πνεύματος.
953 2687 1017 2738 Ὃ
1050 2685 1106 2738 δὲ
1135 2685 1295 2755 λέγω,
1319 2671 1556 2739 τοιοῦτόν
1586 2689 1732 2742 ἐστιν
1753 2705 1765 2717 ·
1802 2685 1897 2752 Εἷς
1928 2689 2037 2744 τῶν

447 2774 675 2844 καρπῶν
709 2775 802 2828 τοῦ
832 2775 1142 2847 πνεύματός
1169 2779 1316 2831 ἐστιν
1343 2778 1562 2849 ἀγάπη⁶
1597 2778 1802 2851 ταύτης
1832 2781 1888 2834 δὲ
1918 2799 2040 2836 και-

449 2863 540 2933 ρὸς
579 2865 698 2935 μὲν,
744 2867 832 2919 ὅτε
875 2867 934 2919 οὐ
971 2867 1206 2937 χαλεπὸν
1236 2868 1527 2922 ἀποδοῦναι
1570 2870 1658 2923 τὸν
1701 2871 1913 2942 καρπὸν
1941 2872 2035 2926 τοῦ

447 2954 763 3022 ἀγαπᾶσθαι
783 2972 798 2987 ο
829 2957 921 3010 καὶ
951 2958 1097 3011 ἔστιν
1125 2960 1344 3030 ἀγαπᾷν
1377 2960 1467 3012 τὸν
1500 2960 1798 3029 ἀγαπῶντα
1825 2963 2037 3034 καρπὸς

451 3046 550 3116 μὲν
601 3046 694 3100 τοῦ
731 3049 1060 3120 πνεύματος,
1114 3050 1174 3104 ού
1228 3051 1333 3122 μὴν
1378 3053 1435 3105 ὲν
1464 3053 1727 3124 ούκαιρῷ,
1770 3055 1834 3107 ἵν’
1868 3055 2037 3119 οὕτως

2145 589 2315 658 gistro
2363 587 2840 656 obtemperantes,
2889 597 3063 654 neque
3108 581 3407 650 quidquam
3453 577 3558 632 nisi
3610 591 3728 630 ma-

2145 692 2309 747 gnum
2346 685 2399 729 et
2442 674 2663 729 caeleste
2709 681 3014 742 poscentes.
3067 669 3213 723 Dixit
3261 669 3404 722 enim
3441 665 3726 734 discipulis

2145 771 2260 823 suis
2289 767 2511 823 Jesus"
2542 783 2554 818 :
2593 785 2610 818 ε
2643 765 2836 834 Magna
2859 765 3052 834 petite,
3082 773 3137 818 et
3169 777 3333 834 parva
3378 759 3536 814 vobis
3567 759 3725 813 attri-

2144 862 2410 925 buentur;
2461 868 2516 914 et
2554 859 2793 914 coelestia
2838 856 3036 927 petite,
3067 864 3120 910 et
3157 864 3369 912 terrena
3402 853 3558 908 vobis
3589 852 3726 921 adji-

2144 951 2376 1007 cientur.
2417 969 2436 1002 ι

2211 1043 2301 1096 29.
2343 1043 2412 1096 At
2455 1041 2670 1096 Marcus
2708 1041 2849 1095 hanc
2879 1038 3230 1094 eonscribens
3258 1033 3547 1090 historiam
3571 1077 3585 1101 ,
3614 1034 3725 1089 dis-

2144 1145 2463 1190 sentaneum
2535 1134 2774 1204 aliquid,
2843 1132 3173 1201 minimeque
3232 1128 3529 1183 verisimile
3589 1142 3724 1182 con-

2143 1227 2312 1280 textui
2347 1227 2561 1281 videtur
2586 1226 2885 1292 addidisse,
2939 1225 3127 1279 dicens
3155 1221 3340 1278 Jesum
3360 1222 3406 1252 ’³
3431 1239 3450 1273 ‹
3483 1237 3606 1275 eum
3647 1220 3726 1272 vi-

2142 1318 2311 1372 disset
2341 1333 2371 1372 a
2406 1317 2567 1388 longe
2602 1317 2764 1372 ﬁcum
2802 1317 3090 1371 habentem
3124 1313 3254 1368 folia
3275 1355 3291 1381 ,
3320 1315 3536 1368 venisse
3566 1313 3723 1382 quasi

2143 1408 2347 1478 aliquid
2383 1409 2436 1461 in
2475 1423 2540 1464 ea
2584 1409 2933 1464 inventurum
2966 1426 2979 1462 :
3014 1423 3136 1462 cum
3173 1406 3411 1460 venisset
3440 1413 3622 1458 autem
3659 1403 3724 1456 ad

2141 1515 2298 1560 cam,
2349 1507 2402 1551 et
2443 1498 2578 1552 nihil
2613 1498 2911 1555 invenisset
2951 1507 3148 1570 praeter
3193 1497 3353 1569 763
3392 1496 3558 1560 folia;
3615 1510 3722 1549 non

2141 1591 2286 1645 enim
2318 1589 2486 1645 fuisse
2515 1599 2729 1660 tempus
2762 1590 2990 1644 ﬁcorum
3022 1631 3036 1655 ,
3067 1590 3488 1660 respondentem
3522 1587 3727 1642 dixisse

2141 1680 2229 1735 ei:
2260 1679 2378 1734 Jam
2430 1695 2538 1735 non
2583 1679 2817 1748 amplius
2864 1679 2917 1732 in
2964 1689 3229 1734 aeternum
3278 1693 3345 1733 ex
3390 1687 3442 1733 te
3489 1677 3727 1732 fructum

2143 1771 2432 1842 quisquam
2469 1769 2778 1825 manducet.
2815 1790 2832 1821 ι
2865 1768 2999 1824 Nam
3032 1769 3077 1823 si
3107 1768 3360 1834 ﬁcorum,
3390 1770 3598 1839 inquiet
3624 1767 3728 1822 ali-

2142 1864 2301 1934 quis,
2347 1874 2560 1933 tempus
2597 1877 2705 1916 non
2737 1872 2854 1916 erat
2879 1901 2894 1926 ,
2923 1860 3198 1930 quomodo
3225 1861 3291 1915 ad
3333 1860 3533 1926 ﬁcum,
3568 1860 3730 1930 quasi

2141 1956 2345 2025 aliquid
2375 1957 2428 2009 in
2453 1971 2515 2010 ea
2534 1955 2881 2018 inventurus,
2905 1951 3065 2007 Jcsus
3087 1952 3357 2008 accessit?
3376 1960 3430 2007 et
3451 1952 3728 2022 quomodo

2140 2049 2187 2104 ei
2214 2049 2338 2117 jure
2367 2049 2544 2105 dixit:
2584 2066 2602 2099 ι
2631 2047 2749 2102 Jam
2778 2063 2885 2102 non
2924 2049 3158 2118 amplius
3186 2047 3240 2100 in
3271 2056 3535 2101 aeternum
3576 2061 3642 2099 ex
3676 2055 3728 2100 te

2142 2142 2380 2198 fructum
2417 2142 2709 2212 quisquam
2755 2140 3088 2195 manducet?
3116 2159 3133 2191 ›
3185 2139 3265 2201 Ad
3311 2139 3362 2192 id
3405 2138 3511 2192 dici
3549 2146 3729 2208 potest

2140 2243 2494 2290 enumeratos
2548 2235 2692 2304 apud
2745 2232 3135 2304 Apostolum”
3202 2232 3413 2287 fructus
3463 2231 3725 2301 spiritus,

2140 2323 2460 2379 charitatem
2507 2337 2721 2392 nempe,
2750 2323 3029 2392 gaudium,
3061 2337 3272 2392 pacem,
3306 2322 3604 2388 lenitatem,
3635 2319 3729 2374 be-

2141 2417 2498 2487 nignitatem,
2563 2416 2893 2483 bonitatem,
2951 2415 3148 2480 ﬁdem,
3213 2414 3728 2481 mansuetudinem,

2143 2507 2558 2576 temperantiam
2615 2523 3010 2577 nonnunquam
3063 2508 3286 2577 proprio
3335 2523 3436 2562 suo
3487 2516 3729 2575 tempore

2141 2598 2294 2665 dari;
2331 2607 2384 2653 at
2415 2598 2495 2665 si,
2538 2599 2964 2668 provocantibus
3000 2600 3124 2654 licet
3155 2599 3222 2652 ad
3274 2597 3576 2653 contrarias
3611 2597 3730 2650 fru-

2140 2700 2327 2746 ctuum
2355 2689 2640 2743 emissioni
2663 2705 2750 2744 res
2769 2690 3260 2744 circumstantibus
3289 2690 3478 2752 rebus,
3499 2697 3725 2758 prepter

2141 2781 2277 2834 latas
2305 2796 2336 2835 a
2363 2779 2542 2836 Verbo
2591 2779 2836 2850 ingentes
2872 2781 3179 2851 suppetias,
3209 2788 3339 2834 tunc
3362 2794 3580 2851 quoque
3611 2777 3728 2833 fru-

2140 2881 2261 2926 ctus
2285 2871 2510 2941 spiritus
2556 2871 2690 2926 dare
2718 2872 2917 2942 aliquis
2945 2872 3108 2936 valet,
3139 2871 3269 2926 illud
3301 2885 3430 2926 vero
3462 2879 3728 2940 praestan-

2141 2966 2248 3020 tius
2279 2980 2421 3021 esse.
2450 2964 2603 3031 Quod
2639 2974 2817 3019 autem
2852 2964 3004 3025 dico.
3029 2963 3135 3018 tale
3166 2973 3248 3018 est
3280 2981 3292 3017 :
3336 2963 3478 3018 inter
3515 2961 3726 3019 fruetus

2141 3058 2365 3126 Spiritus
2391 3067 2704 3113 recensetur
2728 3057 3007 3123 charitas;
3046 3057 3193 3111 illius
3225 3066 3338 3110 tum
3374 3065 3585 3124 tempus
3615 3063 3724 3121 est,

443 3137 698 3209 ὀνομάσω
730 3141 857 3211 (49),
894 3142 1092 3196 σύκων.
1134 3143 1303 3197 Ἐπάν
1333 3144 1389 3196 δὲ
1425 3145 1517 3197 ἐπὶ
1546 3145 1606 3199 τὸ
1631 3150 1808 3218 μισεῖν
1837 3165 2036 3218 προκα-

2140 3165 2262 3205 cum
2303 3151 2558 3206 amicitia:
2585 3165 2690 3220 qua
2727 3147 3037 3217 diligimur,
3063 3147 3301 3204 fructum
3340 3147 3564 3202 reddere
3595 3163 3722 3218 ope-

444 3229 598 3301 λῆταί
626 3250 710 3296 τις
737 3233 828 3287 τὸν
859 3235 1202 3301 πιστεύοντα,
1229 3237 1455 3292 τοιαῦτα
1493 3239 1768 3310 πράττων,
1795 3242 1890 3294 καὶ
1916 3242 2034 3294 ἐπι-

444 3321 736 3389 ϐουλεύων,
778 3326 869 3378 καὶ
905 3329 1016 3390 τοῖς
1046 3326 1198 3398 ήθεσι
1244 3329 1620 3401 βεϐλαμμένος
1647 3331 1742 3398 ὢν,
1770 3331 1911 3386 ὥστε
1945 3333 2034 3386 δο-

447 3416 561 3466 κεῖν
583 3413 732 3480 ἄξιος
760 3413 902 3472 εἶναι
933 3419 1026 3472 τοῦ
1059 3420 1352 3490 μισεῖσθαι,
1383 3425 1410 3475 ὁ
1440 3421 1494 3475 δὲ
1526 3423 1733 3487 δίκαιος
1770 3424 1903 3496 μηδὲ
1943 3425 2034 3480 τὸν

442 3501 683 3556 τοιοῦτον
726 3509 882 3577 μισῇ,
914 3508 1028 3561 ἀλλ’
1060 3509 1136 3572 ὡς
1163 3509 1277 3574 υίὸς
1309 3530 1326 3562 ι
1368 3511 1460 3564 τοῦ
1504 3513 1595 3566 τὸν
1624 3511 1774 3584 ἥλιον
1807 3514 2032 3566 ἀνατέλ-

441 3592 624 3656 λοντος
670 3595 764 3647 ἐπὶ
807 3601 1076 3670 πονηροὺς
1109 3602 1201 3654 καὶ
1233 3601 1493 3670 ἀγαθοὺς,
1531 3622 1548 3654 ι
1586 3605 1679 3656 καὶ
1709 3604 1828 3656 τότε
1870 3605 2033 3658 αὐτὸν

440 3684 650 3756 ἀγαπᾷ,
697 3689 856 3740 οἱονεὶ
903 3693 959 3743 ὲν
996 3691 1238 3763 οὑκαιρῷ
1279 3693 1441 3746 σύκου
1472 3692 1572 3762 τῆς
1606 3695 1826 3764 ἀγάπης
1861 3694 2035 3760 διδοὺς

439 3777 530 3830 τὸν
554 3781 764 3848 καρπὸν
793 3780 924 3850 (50),
953 3783 1221 3852 μακάριός
1252 3784 1392 3836 ἐστι.
1433 3784 1506 3836 Τὸ
1527 3783 1571 3835 δ’
1606 3785 1790 3855 ὅμοιον
1819 3786 2034 3857 νοήσεις

440 3869 535 3920 καὶ
570 3869 664 3920 ἐπὶ
691 3870 790 3938 τῆς
816 3873 1024 3942 χαρᾶς·
1064 3873 1250 3944 φέρειν
1285 3873 1383 3944 μὲν
1418 3873 1527 3945 γὰρ
1558 3875 1650 3928 τὸν
1684 3877 1896 3948 καρπὸν
1936 3877 2030 3931 τοῦ

443 3959 748 4029 πνεύματος
774 3961 871 4032 τὴν
898 3963 1092 4036 χαρὰν,
1120 3964 1344 4036 μηδενὸς
1369 3966 1463 4017 ἐπὶ
1495 3966 1554 4020 τὸ
1585 3966 1872 4022 λυπεῖσθαι
1898 3987 2031 4041 προ-

443 4049 801 4122 καλουμένου,
846 4056 940 4108 καὶ
987 4055 1456 4127 δυσαρεστεῖσθαι,
1492 4059 1551 4111 οὐ
1601 4059 1868 4130 χαλεπόν
1902 4063 2030 4116 ὅταν

441 4144 497 4197 δὲ
527 4145 596 4199 τά
623 4147 721 4218 μὲν
749 4148 1147 4220 περιεστηκότα
1179 4149 1273 4202 ἐπὶ
1296 4150 1492 4222 λύπην,
1526 4153 1619 4206 καὶ
1643 4151 1902 4224 ἀθυμίαν,
1941 4155 2034 4206 καὶ

2138 3259 2323 3298 rosum
2365 3259 2471 3297 non
2517 3252 2636 3308 est;
2690 3251 2744 3296 et
2788 3240 2999 3296 fructus
3046 3257 3178 3296 sane
3213 3241 3439 3310 spiritus
3485 3248 3570 3294 est
3601 3239 3728 3293 dili-

2135 3344 2350 3404 gentem
2381 3333 2638 3404 diligere,
2690 3348 2878 3388 verum
2926 3333 2979 3387 in
3011 3342 3386 3402 DOIllClllpOI'e,
3432 3339 3490 3385 ut
3531 3331 3602 3384 ita
3637 3329 3725 3386 di-

2135 3442 2288 3492 cam,
2336 3427 2587 3481 ﬁcorum.
2633 3429 2702 3480 At
2751 3441 2875 3480 eum
2929 3426 3140 3480 ﬁdelem
3197 3425 3396 3496 aliquis
3438 3423 3504 3478 ad
3537 3424 3722 3479 odium

2137 3512 2296 3571 factis
2326 3515 2443 3570 suis
2470 3515 2862 3579 concitaverit,
2909 3515 3023 3571 sive
3057 3514 3286 3569 insidias
3316 3522 3572 3581 struens,
3608 3513 3724 3569 sive

2138 3606 2446 3675 depravatis
2496 3622 2669 3676 usque
2699 3607 2832 3662 adeo
2867 3607 3112 3661 moribus
3147 3604 3410 3675 prmditus
3437 3644 3450 3668 ,
3488 3615 3546 3659 ut
3595 3605 3722 3660 odio

2136 3694 2334 3764 dignus
2361 3693 2638 3760 videatur;
2665 3693 2846 3764 justus
2872 3704 3053 3749 autem
3089 3710 3155 3748 ne
3189 3695 3465 3748 hominem
3496 3693 3714 3763 quidem

2133 3783 2405 3854 ejusmodi
2437 3783 2564 3837 odio
2598 3784 2946 3853 prosequitur
2974 3825 2990 3848 ,
3045 3783 3137 3838 sed
3177 3783 3336 3853 quasi
3384 3782 3528 3837 illius
3572 3782 3718 3838 ﬁlius

2140 3874 2262 3945 «qui
2294 3875 2464 3929 solem
2489 3874 2619 3926 oriri
2650 3872 2777 3927 facit
2801 3890 2962 3943 super
2997 3875 3168 3928 malos
3197 3883 3252 3927 et
3277 3874 3562 3937 bonos",»
3597 3883 3710 3928 tum

2133 3981 2351 4038 quoque
2407 3981 2533 4019 eum
2585 3965 2793 4034 diligit;
2833 3965 2888 4020 in
2917 3977 3276 4036 nontempore
3309 3965 3556 4020 videlicet
3584 3969 3716 4021 ﬁco-

2137 4076 2258 4115 rum
2299 4059 2584 4113 eharitatis
2623 4059 2832 4112 fructus
2877 4059 3044 4125 dans,
3092 4058 3284 4113 beatus
3331 4066 3432 4113 est.
3469 4058 3614 4112 idem
3652 4057 3719 4112 de

2140 4151 2338 4224 gaudio
2388 4150 2664 4221 intellige;
2713 4150 2969 4221 gaudium
3017 4151 3162 4204 enim
3198 4150 3438 4204 fructum
3491 4149 3717 4219 spiritus

1642 4269 1875 4326 VETUS
1915 4267 2500 4326 INTERPRETATIO.

439 4368 546 4434 tem
579 4370 634 4415 et
658 4361 713 4434 in
741 4379 1070 4434 unoquoque
1097 4363 1299 4418 inﬁdeli
1327 4373 1382 4419 et
1404 4365 1595 4434 iniquo
1627 4377 1868 4422 montem
1895 4384 2015 4423 esse
2047 4367 2348 4423 secundum
2386 4379 2698 4419 mensuram
2727 4361 3062 4434 inﬁdelitatis
3097 4357 3486 4434 etiniquitatis
3519 4359 3711 4428 ipsius,

438 4431 532 4509 qui
555 4432 748 4509 _ver_bis
781 4430 1175 4509 discipulorum
1203 4434 1404 4509 Christi
1443 4430 1653 4509 tollitur
1679 4446 1734 4491 et
1758 4437 1996 4492 mittitur
2036 4439 2088 4492 in
2119 4453 2271 4492 mare
2299 4444 2710 4509 tormentorum
2739 4432 2878 4509 ejus.
2928 4430 3205 4509 omnia
3241 4445 3581 4509 quaecunque
3621 4446 3717 4498 pe-

443 4501 634 4555 tierint
665 4501 718 4555 in
749 4501 997 4578 oratione
1019 4505 1311 4578 _eredentes
1342 4505 1594 4578 discipuli
1627 4505 1756 4578 Jesu
1806 4509 2125 4577 percipient,
2156 4506 2312 4578 quasi
2343 4503 2829 4578 diseipuli_Christi
2850 4541 2868 4578 ,_
2895 4501 3029 4578 nihil
3054 4502 3200 4578 quod
3234 4516 3339 4578 non
3369 4508 3583 4578 oportet
3622 4515 3716 4578 pe-

444 4579 637 4637 tentes,
670 4579 732 4647 et
749 4575 874 4647 quia
908 4574 1191 4629 credentes
1218 4570 1640 4647 magistro’nihil
1671 4570 1821 4632 aliud
1853 4570 2043 4647 petunt
2071 4570 2186 4634 nisi
2211 4592 2406 4647 magna
2436 4570 2500 4647 et
2522 4573 2968 4647 cmlest‘iatsicut
3003 4572 3278 4647 ipsedicit
3314 4570 3383 4624 ad
3413 4570 3713 4641 discipulos

438 4653 571 4716 suos
597 4658 608 4693 :
643 4640 870 4716 _¢_Petite
899 4659 1120 4716 magna,
1149 4653 1203 4716 et
1229 4640 1456 4699 minima
1490 4646 1646 4702 vobis
1681 4640 2031 4716 adjicientur.
2064 4647 2240 4704 Petite
2274 4640 2540 4710 coelestia,
2576 4653 2630 4699 et
2659 4643 2986 4716 adjiciantur
3014 4642 3171 4716 vobis
3201 4654 3451 4716 terrena.
3473 4659 3492 4692 ι

505 4708 594 4764 29.
638 4711 854 4787 Marcus
886 4708 1066 4787 aute'm
1094 4714 1148 4787 in
1179 4713 1284 4768 hoc
1318 4716 1507 4787 eodem
1541 4720 1660 4771 loco
1709 4708 1980 4781 scribens,
2015 4718 2161 4773 aliud
2194 4717 2399 4787 aliquid
2433 4708 2798 4787 quantumfad
2832 4721 3041 4766 textum
3074 4711 3340 4787 adj_e_cis_se
3364 4712 3608 4787 videtur,
3626 4709 3710 4763 di-

437 4783 852 4868 gensquoniam
884 4782 1266 4868 ridensdesps
1299 4803 1318 4835 ι
1352 4785 1513 4868 ﬁcum
1549 4787 1804 4868 deolgrtge
1837 4779 2129 4843 habentem
2162 4779 2345 4867 folia,
2371 4779 2714 4868 venitquasi
2751 4784 3089 4868 inventurus
3123 4779 3328 4868 aliquid
3364 4781 3416 4833 in
3447 4795 3532 4868 ea.
3564 4779 3705 4868 fiunt

437 4849 674 4923 venisset
701 4861 883 4906 autem
941 4863 993 4908 et
1017 4853 1151 4908 nihil
1194 4853 1491 4910 invenisset
1526 4855 1630 4910 nisi
1667 4849 1795 4911 folia
1831 4868 2044 4913 tantum
2066 4899 2082 4923 ,
2129 4873 2228 4912 nec
2260 4849 2405 4912 enim
2432 4864 2550 4910 erat
2573 4849 2792 4922 tempus
2830 4853 3062 4923 ﬁeuum,
3095 4849 3433 4920 respondens
3465 4849 3604 4908 dixit
3639 4850 3706 4923 ad

434 4932 555 4972 eam
587 4939 600 4974 :
628 4919 917 4998 Nunquam
953 4938 1018 4976 ex
1050 4933 1101 4998 te
1132 4925 1185 4998 i_n
1215 4933 1478 4998 αξιοι-ηιιηί
1513 4926 1804 4998 quisquam
1861 4919 2099 4983 fructum
2141 4929 2455 4982 manducet.
2495 4945 2513 4978 ›
2548 4919 2965 4998 Dicit—aliquis“:
2997 4919 3055 4998 Si
3092 4919 3200 4998 non
3234 4928 3352 4974 erat
3387 4929 3602 4998 tempus
3641 4919 3704 4971 ﬁ-

435 5003 622 5057 cuum,
659 4987 1108 5069 quoinodqvenit
1131 4991 1292 5049 Jesus
1324 4995 1479 5069 quasi
1509 4987 1838 5069 inventurus
1871 4999 2078 5069 aliquid
2115 4999 2167 5052 in
2199 4998 2303 5053 ea?
2335 5006 2384 5052 et
2421 4996 2699 5069 quomodo
2722 4987 2873 5063 jusie
2904 4991 3136 5069 dixit_ad_
3159 5005 3278 5069 eam
3307 5008 3318 5043 :
3357 4987 3700 5069 t_Nl|Pqu9'i1

435 5069 580 5141 εξεῑεξ
605 5056 1164 5141 Quisquaml‘ruetum
1201 5056 1529 5141 manducet?
1559 5084 1577 5117 ι
1603 5065 1810 5141 _(_Ioutra
1845 5056 1978 5124 haec.
2001 5069 2398 5141 respondemus
2420 5056 2453 5141 _,'
2490 5056 2750 5141 quoniam
2786 5061 3056 5141 numerati
3089 5060 3158 5114 ab
3189 5061 3466 5141 Apostolo.
3491 5056 3702 5112 fructus

437 5129 677 5196 Spiri;us
707 5129 880 5188 sancti
915 5134 968 5188 hi
995 5143 1144 5199 sunt,
1181 5134 1445 5199 eharitas,
1475 5137 1764 5204 gaudium,
1799 5155 1902 5208 pax
1931 5180 1944 5204 ,
1983 5129 2242 5209 patientia
2264 5179 2278 5202 ,
2308 5129 2640 5208 benignitas,
2676 5133 2916 5198 bonitas,
2949 5131 3102 5195 tldes,
3144 5129 3528 5193 mansuetudo,
3564 5142 3702 5181 eon-

502 5276 548 5307 “
577 5275 768 5334 Matth.
802 5297 877 5347 γι,
904 5280 1006 5348 53;
1045 5281 1178 5337 Luc.
1212 5297 1308 5347 an,
1347 5283 1434 5338 5!.

497 5417 611 5500 (47)
637 5417 866 5500 ,μηδὲν
888 5418 1043 5500 ddito
1065 5422 1392 5500 αἰζοτξντες.
1435 5422 1618 5481 Codex
1659 5425 2012 5493 Holmiensis,

637 5484 858 5560 Regius,
888 5491 1052 5560 μηδὲν
1093 5484 1389 5558 αἰτοῦντες.

497 5556 609 5681 ᾕ8)
657 5557 813 5623 Πρὸς
863 5556 1037 5614 τοῦτο
1081 5562 1148 5614 δὲ
1177 5556 1489 5628 λελέξεται
1537 5564 1625 5618 ἔτι
1656 5606 1670 5630 ,
1710 5577 1817 5622 etc.
1868 5567 2014 5622 Idem

428 5626 494 5680 ba
551 5636 590 5680 .l
625 5636 816 5680 auctor
841 5628 1130 5681 Comment-
1159 5634 1210 5681 in
1249 5634 1488 5681 Murrum
1517 5634 1734 5681 Orignni
1767 5639 2009 5681 acc-rimi-

429 5628 590 5749 :ilabct
625 5636 816 5680 auctor
841 5628 1130 5686 Comment.
1159 5634 1210 5687 in
1247 5634 1488 5688 Marcum
1517 5628 1734 5707 Origeni
1767 5639 2010 5707 ascripti.

479 5712 698 5749 UETIUS.

479 5713 602 5750 UETI
619 5712 698 5750 US.

500 5768 612 5837 (49)
674 5768 754 5820 Οὐ
815 5768 936 5836 μὴν
1007 5771 1076 5824 ἐν
1130 5773 1426 5842 ορῖιιίαιρῷ,

1515 5285 1560 5317 ⁸³
1592 5284 1762 5342 Marc.
1794 5303 1870 5352 χι,
1918 5289 2000 5355 15,
2035 5289 2120 5344 id.
2199 5285 2245 5318 “
2276 5284 2396 5341 Gal.
2426 5300 2478 5350 γ,
2506 5282 2595 5348 22,
2624 5281 2714 5334 2'5.
2794 5280 2838 5310 ’⁵
2871 5277 3061 5331 Matth.
3087 5292 3142 5345 v,
3170 5276 3260 5330 45.

2114 5426 2310 5495 μάσω.
2361 5421 2643 5495 Ejusmodi
2687 5418 2914 5495 nomina
2953 5418 3156 5495 ﬁngere
3199 5409 3703 5495 Graacisnl'amiliare

2117 5483 2220 5550 est.
2277 5483 2594 5562 Dio'dixiti,
2648 5483 3350 5562 οὑτιμωρίανξχερορίιοη
3401 5483 3695 5562 (Εεοηιηηἶ

2118 5565 2444 5636 οὐχρήματα
2480 5581 2514 5636 _:
2555 5552 2924 5636 Thucydides,
2983 5552 3353 5636 οὐκεεουῖξίαν,
3392 5552 3535 5624 quod
3576 5552 3700 5608 ausi

2119 5624 2248 5690 su'n't
2276 5624 2443 5687 'e'tiam
2480 5633 2680 5685 imitari
2712 5624 2887 5683 Latini
2923 5627 3190 5680 nonnulli.
3219 5624 3294 5679 lu.

2189 5703 2302 5770 (50)
2341 5704 2523 5758 Codex
2553 5701 2778 5772 Regius,
2805 5697 2984 5751 σύκων
3010 5700 3108 5770 τῆς
3131 5696 3351 5764 ἀγάπης
3373 5692 3546 5756 διδοὺς
3576 5690 3706 5753 τὼς

1503 5775 1579 5829 ἵν’
1643 5777 1830 5843 οὕτως
1880 5778 2012 5830 ὁνο-
2118 5773 2381 5846 καρπούς.
