4110 6422
428 347 554 404 H75

1325 364 1680 425 C(lMllENT.
1725 367 1790 425 IN
1831 371 2250 452 ΜᾼΤἸἮᾹΞΗΜ
2287 377 2528 439 TOMUS
2570 382 2734 440 XVII.

3533 392 3667 446 H73

424 543 3656 607 MM

1766 722 2148 811 ΤΟΜΟΣ
2223 727 2365 814 ΙΖ’.

1211 1055 1614 1156 TOMUS
1689 1069 2212 1166 DECIMUS
2285 1079 2919 1182 SEPTIMUS.

393 1398 692 1487 Περὶ.τῷ
735 1401 1240 1487 ἐπερωτησάνςτιιξν
1278 1411 1386 1464 τὸν
1412 1413 1634 1487 Κύριον
1661 1417 1982 1487 ἀρχιερέων

462 1469 560 1555 καὶ
603 1469 1041 1555 πρεσϐυτέρων,
1067 1480 1359 1534 εἰπόντων
1377 1499 1390 1512 °
1438 1503 1456 1535 ι
1493 1469 1600 1538 Ἓν
1627 1469 1773 1554 πδίςῖ

459 1541 565 1606 cit}
595 1542 780 1596 ταῦτα
803 1545 1030 1611 ποιεῖς;
1063 1565 1080 1598 ι

463 1694 480 1726 ι
513 1677 620 1730 Καὶ
654 1677 899 1743 ἐλθόντος
927 1682 1091 1735 αὐτοῦ
1122 1685 1200 1748 είς
1223 1685 1284 1738 τὸ
1313 1687 1477 1758 ἱερὸν,
1508 1692 1811 1764 προσῆλθον
1828 1695 1975 1768 αὑτῷ

385 1765 688 1822 διδάσκοντι
714 1773 762 1823 οί
792 1772 1069 1844 ἀρχιερεῖς
1110 1779 1203 1829 καὶ
1232 1780 1280 1830 οί
1311 1781 1670 1854 πρεσϐύτεροι
1703 1785 1798 1838 τοῦ
1820 1765 1971 1853 λαοῦ,

385 1859 662 1927 λέγοντεςο
712 1863 798 1915 Ἐν
841 1866 968 1936 ποίᾳ
1005 1867 1224 1940 ἐξουσίᾳ
1270 1871 1440 1925 ταῦτα
1474 1878 1677 1943 ποιεῖς;
1718 1897 1736 1929 ι
1774 1879 1867 1932 καὶ
1905 1881 1973 1936 τὰ

383 1951 532 2021 ἑξῆς,
565 1953 670 2015 ἓως
701 1954 793 2007 τοῦ
818 1972 830 1984 '
875 1974 892 2007 ι
937 1958 1070 2010 Οὐδὲ
1105 1959 1214 2027 ἐγὼ
1248 1961 1375 2032 ὑμῖν
1403 1963 1545 2032 λέγω
1572 1968 1629 2020 ἐν
1659 1968 1788 2040 ποίᾳ
1821 1969 1973 2035 ἐξου-

383 2044 475 2114 σίᾳ
503 2045 673 2099 ταῦτα
697 2047 852 2100 ποιῶ.
891 2068 907 2100 ι
935 2050 1112 2122 Τριῶν
1133 2053 1538 2122 εὐαγγελιστῶν
1566 2057 1641 2121 ὼς
1671 2061 1970 2129 ἀναγκαῖον

381 2134 814 2205 ἀναγραψάντων
845 2140 937 2192 τὸν
971 2142 1328 2212 προκείμενον
1361 2146 1542 2215 λόγον,
1585 2149 1734 2214 ἄξιον
1784 2153 1910 2206 ίδεῖν
1937 2155 1994 2208 δ-

381 2241 432 2276 τι
463 2227 594 2278 ποτὲ
628 2229 874 2293 νοοῦντες
901 2232 950 2283 οἱ
975 2233 1252 2304 ἀρχιερεῖς
1282 2239 1373 2289 καὶ
1401 2239 1450 2291 oi
1482 2241 1839 2315 πρεσϐύτεροι
1871 2246 1967 2299 τοῦ

378 2315 508 2406 λαοῦ
537 2320 899 2375 ἐπυνθάνοντο
927 2324 1021 2376 τοῦ
1063 2327 1334 2398 Σωτῆρος,
1360 2331 1458 2402 οὐχ
1491 2331 1548 2385 ἓν
1582 2335 1795 2406 πύσμα,
1832 2338 1968 2392 ἀλλά

376 2405 494 2472 δύο,
520 2410 888 2480 προσάγοντες
926 2416 1106 2484 αὐτῷ’
1138 2417 1196 2472 ἒν
1224 2419 1321 2489 μὲν
1350 2421 1411 2473 τό
1435 2439 1448 2451 ’
1492 2441 1510 2474 ι
1556 2425 1644 2477 Ἐν
1666 2405 1795 2497 ποίᾳ
1817 2427 1968 2493 ἐξου-

375 2497 471 2568 σία
494 2499 667 2553 ταῦτα
689 2507 896 2570 ποιεῖς;
934 2523 952 2556 ι
986 2506 1170 2577 ἕτερον
1196 2509 1251 2564 δὲ
1284 2511 1365 2562 τό·
1401 2531 1418 2562 ι
1451 2515 1562 2566 Καὶ
1582 2516 1664 2578 τίς
1688 2533 1768 2569 σοι
1797 2517 1964 2571 ἔδωκε

371 2588 473 2660 τὴν
519 2591 767 2657 ἐξουσίαν
799 2595 1037 2678 ταύτηνς
1081 2617 1097 2648 ι
1134 2600 1227 2651 καὶ
1269 2603 1324 2654 τί
1362 2603 1684 2674 βουλόμενος
1712 2609 1741 2660 ὁ
1772 2608 1960 2682 Σωτὴρ

368 2683 468 2737 ἐπὶ
505 2685 694 2739 τούτου
727 2688 887 2756 μόνου
923 2675 1306 2762 ἀντηρώτησεν
1343 2695 1484 2764 ὑπὲρ
1508 2696 1602 2748 τοῦ
1632 2697 1707 2768 μὴ
1735 2700 1872 2769 πρὸς

2006 1435 2056 1493 Α
2085 1423 2162 1478 De
2201 1426 2528 1514 principibus
2567 1433 2902 1488 sacerdotum
2943 1446 2994 1514 et
3027 1441 3319 1496 senioribus
3335 1447 3441 1514 Aqui
3479 1448 3666 1504 Domi-

2154 1499 2760 1589 numlinterropat-er‘pnt
2785 1543 2800 1568 ,
2846 1516 2894 1558 et
2937 1509 3233 1567 dixerunt:
3267 1532 3286 1565 t
3323 1499 3390 1568 Ιὶι
3419 1499 3665 1589 «ιη’ῥὶ-

2149 1577 2334 1620 testate
2365 1568 2474 1622 Iure
2506 1570 2682 1640 facis?
2711 1592 2729 1623 ι

2151 1700 2202 1752 t.
2241 1718 2258 1751 t
2293 1699 2357 1755 Et
2391 1717 2515 1757 cum
2547 1707 2784 1762 venisset
2818 1709 2869 1763 in
2902 1713 3182 1782 templum,
3209 1732 3560 1778 accesserunt
3593 1726 3665 1780 ad

2075 1798 2199 1838 eum
2244 1787 2528 1844 docentem
2587 1793 2862 1864 principes
2897 1801 3276 1870 sacerdotum,
3325 1817 3376 1861 et
3417 1812 3664 1868 seniores

2077 1878 2284 1946 populi,
2336 1881 2620 1938 dicentes:
2659 1886 2714 1938 In
2751 1903 2857 1956 qua
2895 1900 3162 1958 powstate
3199 1896 3312 1951 inec
3347 1899 3523 1955 facis?
3552 1923 3572 1955 ι
3607 1916 3662 1960 et

2075 1969 2282 2038 reliqua
2307 2012 2320 2036 ,
2375 1987 2549 2042 usque
2574 1975 2640 2029 ad
2667 1975 2716 2030 id
2747 1995 2759 2030 :
2797 1996 2815 2028 ι
2847 1977 2956 2034 Nec
2988 1997 3088 2052 ego
3124 1985 3248 2040 dico
3273 1991 3429 2046 vobis
3456 1993 3511 2048 in
3549 2013 3659 2064 qua

2074 2068 2345 2128 potestate
2379 2063 2493 2118 lucc
2539 2064 2703 2121 facio.
2737 2087 2754 2118 ι
2793 2069 2929 2123 Cum
2984 2086 3304 2140 przesentem
3339 2081 3548 2138 huncce
3572 2063 3662 2140 lo-

2071 2166 2195 2205 cum
2243 2162 2500 2225 tanquam
2533 2162 2905 2215 necessarium
2961 2163 3122 2236 765
3162 2173 3513 2242 erangelistze
3549 2187 3661 2235 tres

2070 2244 2290 2313 scriptis
2327 2243 2746 2318 mandaverint,
2801 2269 3040 2322 quonam
3074 2261 3308 2316 consilio
3350 2280 3457 2320 non
3492 2284 3658 2325 unam

2069 2333 2336 2392 duntaxat
2364 2341 2722 2408 quaestionem
2745 2383 2758 2406 ,
2787 2347 2879 2401 sed
2908 2349 3048 2405 duas
3072 2350 3346 2408 Servatori
3382 2373 3657 2428 proposu-

2067 2429 2212 2484 erint
2239 2433 2512 2503 principes
2541 2440 2886 2496 sacerdotum
2923 2455 2975 2499 ct
3017 2449 3274 2504 seniores
3297 2454 3502 2522 populi,
3536 2457 3657 2512 dis-

2068 2529 2261 2588 putare
2303 2539 2482 2593 operae
2525 2531 2757 2596 pretium
2807 2545 2889 2588 est
2919 2575 2934 2598 ,
3002 2553 3236 2605 quarunt
3291 2543 3651 2609 qtnnstionum

2068 2625 2176 2665 una
2225 2613 2339 2668 haec
2374 2624 2458 2670 est
2479 2617 2571 2671 ":
2613 2637 2630 2670 t
2684 2619 2739 2674 In
2787 2640 2891 2693 qua
2941 2637 3212 2695 potestate
3253 2632 3368 2688 haec
3414 2635 3591 2692 facis?
3629 2660 3650 2690 ι

2066 2702 2234 2758 altera
2270 2720 2436 2761 vero:
2477 2727 2495 2758 ι
2519 2707 2583 2764 Ει
2613 2713 2738 2781 quis
2771 2715 2866 2769 tibi
2893 2718 3042 2773 dedit
3073 2720 3216 2777 hanc
3238 2734 3652 2792 potestatem?»

367 2776 568 2848 πύσμα
599 2780 1032 2852 ἀποκρίνασθαι·
1065 2783 1210 2854 ἑώρα
1239 2786 1348 2857 γὰρ
1382 2788 1482 2840 οὐκ
1505 2789 1688 2853 ἀξίους
1720 2792 1961 2857 ἐκείνους

2063 2793 2305 2863 quidque
2329 2796 2433 2850 sibi
2461 2774 2652 2855 volens
2681 2801 2939 2860 Servator
2971 2808 3043 2862 ob
3072 2774 3139 2864 id,

363 2872 470 2944 τῆς
502 2873 639 2944 πρὸς
659 2874 720 2926 τὸ
751 2875 940 2947 πύσμα
972 2878 1315 2950 ἀποκρίσεως
1351 2881 1445 2933 καὶ
1470 2881 1571 2952 τῆς
1598 2883 1691 2936 τοῦ
1723 2885 1960 2956 προϐλή-

363 2978 543 3030 ματος
567 2963 893 3034 διηγήσεως.
924 2968 1044 3020 ’Ότι
1070 2967 1127 3020 δὲ
1159 2969 1369 3039 οὐχ,ὼς
1397 2971 1600 3024 οἴονταί
1624 2990 1786 3038 τινες,
1813 2975 1961 3029 ἁπλᾶ

357 3055 485 3108 ἐστι
516 3055 583 3109 τά
612 3057 756 3110 κατὰ
789 3058 878 3111 τὸν
921 3060 1105 3124 τόπον,
1139 3061 1233 3114 καὶ
1262 3063 1644 3136 εὐπερινόητα,
1675 3066 1812 3120 ἀλλὰ
1858 3085 1960 3139 μυ-

358 3147 552 3210 στικὰ,
590 3149 683 3201 καὶ
719 3147 938 3218 βαθείας
966 3151 1198 3222 δεόμενα
1227 3155 1475 3226 καρδίας,
1506 3157 1665 3227 δῆλον
1700 3158 1853 3212 ἔσται
1893 3163 1959 3215 ἐκ

354 3240 464 3311 τῆς
494 3241 848 3306 ἐπιστάσεως.
875 3241 999 3315 Φέρ’
1022 3243 1136 3309 οὖν,
1164 3250 1618 3322 συναγορεύωμεν
1642 3255 1706 3324 τῇ
1735 3253 1958 3307 πιθάνο-

355 3347 489 3402 τητι
524 3331 631 3385 τῶν
661 3332 1027 3406 ἁπλούστερον
1062 3337 1432 3409 ἐκδεχομένων
1458 3341 1527 3395 τά
1565 3342 1706 3396 κατά
1737 3343 1830 3396 τὸν
1861 3344 1955 3397 τό-

357 3439 502 3476 πον·
557 3425 785 3493 φήσουσι
831 3425 962 3499 γὰρ,
1012 3427 1093 3480 ὅτι
1150 3428 1243 3482 δύο
1299 3431 1525 3499 γενικὰς
1574 3433 1952 3505 ἐπιστάμενοι,

361 3518 573 3590 ἀμείνω
617 3520 718 3589 μὲν
751 3520 850 3591 τὴν
882 3520 975 3574 τοῦ
1010 3523 1168 3587 Θεοῦ,
1197 3525 1474 3596 χειρίστην
1501 3527 1559 3580 δὲ
1589 3527 1688 3599 τὴν
1720 3530 1814 3583 τοῦ
1840 3531 1957 3584 δια-

360 3612 544 3674 σόλου,
598 3614 646 3664 oi
701 3615 974 3686 ἀρχιερεῖς
1027 3617 1121 3670 καὶ
1172 3621 1219 3671 οἱ
1271 3621 1631 3692 πρεσϐύτεροι
1676 3625 1770 3677 τοῦ
1821 3626 1952 3680 λαοῦ

359 3703 728 3759 ἐπυνθάνοντο
765 3707 857 3759 τοῦ
898 3707 1173 3779 Σωτῆρος,
1208 3713 1266 3763 ἐν
1299 3714 1429 3782 ποίᾳ
1479 3713 1699 3786 ἐξουσίᾳ
1749 3715 1953 3770 τούτων

361 3795 472 3850 τῶν
499 3795 592 3848 δύο
621 3796 857 3848 ποιεῖτά
883 3799 1163 3869 τεράστια,
1197 3801 1291 3852 καὶ
1329 3802 1438 3854 ἀπὸ
1477 3803 1623 3866 τίνος
1657 3805 1825 3876 αὐτὴν
1861 3805 1954 3859 λα-

359 3892 504 3946 ϐὼν·
542 3889 639 3944 εἷθ’
682 3895 710 3946 ὁ
751 3893 958 3964 Ἰησοῦς
991 3895 1130 3966 ὑπὲρ
1168 3895 1261 3949 τοῦ
1295 3896 1370 3968 μὴ
1409 3897 1770 3968 αὑτολογῆσαι
1823 3901 1951 3952 ἀντ-

359 3982 667 4054 ηρώτησεν,
703 3983 820 4055 ἅμα
840 3984 934 4038 καὶ
967 3985 1181 4055 ἐλέγξαι
1204 3987 1524 4059 βουλόμενος
1550 3991 1678 4053 τοὺς
1713 3990 1950 4062 πυθομέ-

2061 2885 2166 2939 sim
2202 2887 2639 2960 interrogaverit,
2687 2911 2796 2964 quo
2824 2899 2892 2953 ad
2924 2915 3115 2957 eorum
3154 2908 3383 2974 quaesita
3426 2927 3532 2965 non
3566 2930 3654 2968 re-

2061 2979 2379 3044 sponderet:
2396 2997 2500 3074 eos
2525 2987 2728 3057 quippe
2753 2988 3008 3060 indignos
3029 3008 3154 3051 esse
3181 2997 3395 3055 videbat
3417 3005 3481 3057 ad
3511 3020 3653 3074 quo-

2059 3083 2182 3124 rum
2213 3073 2570 3140 quaestionem
2606 3093 2929 3148 responsum
2964 3085 3136 3152 daret,
3169 3098 3225 3143 et
3257 3107 3488 3160 quorum
3522 3073 3651 3167 ιιι-ιι·

2059 3161 2388 3230 positionem
2425 3166 2678 3222 solveret.
2721 3169 2855 3234 Quae
2885 3184 3065 3229 autem
3098 3175 3186 3232 hic
3214 3180 3505 3250 habentur,
3522 3161 3643 3244 non

2060 3253 2206 3308 sicut
2250 3254 2550 3324 opinantur
2582 3261 2852 3325 nonnulli,
2888 3274 3072 3332 aperta
3110 3276 3165 3322 et
3200 3268 3474 3330 intellectu
3506 3277 3646 3334 faci-

2060 3343 2154 3410 lia,
2187 3347 2280 3401 sed
2311 3349 2588 3418 mysteriis
2618 3350 2821 3407 referta
2845 3369 2989 3422 esse,
3021 3365 3074 3412 et
3099 3373 3196 3412 cor
3218 3364 3494 3429 postulare
3523 3382 3651 3436 pro.

2058 3433 2284 3493 fundius
2324 3454 2389 3493 ex
2436 3452 2626 3495 nostra
2678 3444 3062 3514 disquisitione
3107 3451 3460 3510 manifestum
3513 3433 3639 3514 erit.

2056 3529 2170 3599 Age
2196 3546 2327 3599 ergo
2350 3572 2363 3590 .
2399 3546 2590 3586 eorum
2639 3539 2978 3604 argumentis
3007 3541 3402 3611 astipulemur,
3433 3549 3524 3616 qui
3558 3551 3640 3604 lo—

2056 3635 2180 3673 cum
2231 3622 2376 3675 liunc
2403 3623 2708 3692 simplicius
2750 3627 3196 3696 interpretantur.
3264 3634 3454 3691 Dicent
3487 3641 3636 3696 enim

2054 3709 2329 3778 principes
2359 3714 2706 3772 sacerdotum
2737 3724 2792 3768 et
2815 3718 3063 3772 seniores
3085 3722 3304 3790 pepuli,
3340 3740 3462 3780 cum
3499 3729 3640 3786 duas

2055 3805 2335 3870 generales
2381 3820 2502 3860 esse
2546 3806 2752 3860 scirent
2799 3817 3134 3876 potestates,
3179 3829 3414 3882 quarum
3446 3821 3640 3877 melior

2054 3891 2147 3946 Dei
2195 3903 2376 3959 esset,
2423 3896 2660 3951 deterior
2703 3907 2889 3953 autem
2922 3900 3161 3970 diaboli,
3213 3905 3266 3959 in
3317 3924 3554 3977 quanam
3603 3930 3634 3968 e

2053 3984 2265 4039 duabus
2295 3985 2445 4040 liisce
2477 3988 2860 4057 potestatibus,
2891 4000 2944 4045 et
2964 4008 2996 4045 a
3017 4009 3127 4062 quo
3159 4009 3379 4067 accepta
3411 4017 3475 4056 ea
3503 4019 3633 4072 pro-

355 4089 484 4138 νους
509 4074 694 4137 αὑτοῦ,
720 4075 794 4140 ὡς
810 4093 886 4130 πα
893 4077 961 4149 ρὰ
977 4078 1066 4132 τὸν
1082 4078 1239 4150 ὀρθὸν
1267 4079 1423 4148 λόγον
1445 4083 1779 4152 ποιήσαντας
1797 4084 1854 4135 ἐν
1871 4081 1950 4153 τῷ

2061 4075 2197 4146 cligia
2228 4077 2430 4143 ederet,
2467 4094 2496 4132 a
2530 4079 2820 4136 Servatore
2849 4085 3208 4152 quaesivisse:
3243 4097 3357 4144 tum
3391 4107 3521 4149 vero
3545 4093 3635 4150 leo

355 4167 721 4237 ἡπιστηκέναι
763 4169 984 4242 Ἰωάννῃ
1017 4171 1093 4240 τῷ
1118 4172 1395 4245 Βαπτιστῇ
1419 4190 1433 4204 ·
1468 4175 1562 4227 καὶ
1585 4170 1654 4246 ἦν
1685 4174 1849 4229 αὑτοῦ
1884 4176 1945 4229 τὸ

2061 4181 2173 4222 sum
2223 4183 2320 4224 eos
2364 4169 2604 4224 vicissim
2638 4171 3024 4243 interrogasse,
3080 4191 3146 4230 ne
3192 4181 3458 4236 rationem
3498 4185 3636 4254 ipsis

353 4229 722 4332 ἀντεριίιτημα
753 4260 846 4315 δύο
873 4229 1344 4334 οἰκονομούμενον,
1369 4229 1464 4320 ἰτόν
1512 4284 1573 4320 τε
1611 4229 1708 4320 ἐπὶ
1747 4270 1812 4340 τῇ
1863 4271 1944 4332 είς

2061 4259 2322 4326 redderet,
2353 4270 2407 4316 et
2437 4263 2564 4333 quia
2601 4278 2695 4318 eos
2727 4264 2872 4334 ipsos
2901 4281 2931 4319 a
2962 4268 3162 4335 quibus
3193 4229 3632 4342 interrOgabartut'

353 4351 452 4406 τὸν
515 4351 767 4427 Ἰωάννην
817 4354 1046 4429 ἀπιστίᾳ
1091 4355 1332 4428 ἔλεγχον,
1367 4359 1554 4413 καὶτὸ
1599 4361 1940 4431 περισπάσαι

2061 4368 2156 4406 una
2188 4355 2584 4422 reprehendere
2618 4356 2868 4424 volebat,
2902 4359 3044 4428 quod
3075 4371 3268 4431 prteter
3298 4372 3502 4421 rectam
3537 4385 3627 4425 ra-

1565 4499 1798 4558 VETUS
1837 4495 2421 4557 INTERPRETATIO.

427 4615 480 4670 l.
545 4632 565 4665 ι
607 4611 664 4668 In
701 4614 795 4669 illo
836 4623 1079 4685 tempore
1116 4633 1240 4672 cum
1282 4618 1519 4675 venisset
1555 4617 1715 4676 Iesus
1757 4621 1809 4674 in
1852 4619 2150 4688 templum,
2206 4621 2558 4695 accesserunt
2594 4613 2660 4668 ad
2701 4628 2827 4697 eum
2868 4615 3151 4698 docentem
3211 4617 3488 4690 principes
3527 4637 3618 4678 sa.

427 4685 640 4722 r-Jntnrn
716 4695 763 4722 at
805 4686 1049 4722 ειιιιῖηι-οιι
1092 4689 1274 4722 ηηηηΙῖ
1351 4690 1591 4722 runcantur:
1646 4707 1658 4720 ο
1703 4689 1756 4722 1η
1798 4705 1901 4722 ιιι-ιι
1947 4696 2214 4722 nnlnalnln
2250 4687 2363 4722 lnam
2401 4682 2581 4722 fama?
2633 4693 2682 4722 at
2724 4701 2847 4722 mnu:
2883 4685 2978 4722 "In
3019 4686 3161 4722 AnAn
3205 4688 3343 4722 Ιιηηιι
3381 4698 3587 4722 anMOA

350 4685 769 4784 θθτδῗί¹¹¹¹νικὲί
805 4682 1312 4784 ⁶θ¹¹ίστθ⁵ννὶἱ¹⁷¹¹ἶίβ
1351 4690 1594 4744 (³³⁸⁸³⁸⁸⁸
1644 4707 1674 4771 ³.
1703 4682 2600 4784 "£9":99}§'E£°.3LT?.fff.iEl
2633 4682 3622 4784 θίλὲίὲἶὲ..ἱίδξηέῗῗξῖξηῧη³¹1ἳέἶ⁰ξ⁴ἰίῗέῗ’

353 4766 464 4810 tem
491 4755 516 4808 ‘l
547 4775 566 4807 ι
611 4753 812 4811 Tribus
850 4753 1199 4826 evangelisti's
1242 4759 1478 4827 idipsum
1517 4759 1676 4828 quasi
1721 4753 2089 4814 necessarium
2131 4755 2623 4819 conscribentibus,
2681 4753 2906 4826 dignum
2948 4766 3032 4812 est
3070 4757 3252 4837 videre
3289 4753 3425 4839 quid.
3457 4761 3618 4816 intel-

353 4827 584 4880 ligentes
645 4825 916 4880 principes
975 4828 1318 4880 sacerdotum
1360 4838 1414 4880 et
1451 4830 1696 4880 seniores
1756 4830 1938 4880 ooouli
1998 4829 2472 4880 interrogaverunt
2526 4822 2712 4879 Jesum
2756 4841 2862 4880 non
2902 4841 3068 4880 unam
3112 4835 3615 4880 tnterroaattonem-

351 4827 584 4895 ligentes
645 4825 916 4896 principes
975 4822 1334 4882 sacerdotum
1360 4838 1414 4882 et
1451 4822 1696 4884 seniores
1756 4830 1938 4898 populi

351 4895 448 4951 sed
491 4896 629 4950 duas
667 4905 1069 4964 proponentes,
1111 4913 1274 4951 unam
1317 4899 1534 4964 quidem
1577 4918 1595 4951 ι
1628 4898 1681 4952 in
1721 4915 1828 4964 qua
1870 4907 1962 4964 pot

2061 4833 2472 4896 terrogaverunt
2526 4822 2712 4879 Jesum
2745 4822 2862 4880 'non
2902 4841 3068 4880 unam
3112 4822 3615 4897 interrogationem,

2061 4907 2138 4952 ate
2178 4896 2313 4951 facis
2353 4895 2502 4948 haec?
2534 4913 2551 4944 ι
2596 4895 2820 4950 alteram
2859 4905 3076 4961 autem,
3123 4913 3142 4946 ι
3173 4897 3298 4964 quis
3339 4898 3434 4952 tibi
3469 4898 3620 4955 dedit

349 4895 448 4951 sed
491 4896 629 4950 duas
667 4905 1069 4965 proponentes,
1111 4913 1274 4951 unam
1317 4899 1534 4968 quidem
1577 4918 1595 4951 ι
1628 4898 1681 4952 in
1721 4895 1844 4968 qua
1870 4907 1962 4967 pot

353 4965 904 5051 lianepotestatem?
935 4985 955 5018 ι
996 4975 1049 5020 et
1087 4967 1446 5051 quidnvole‘ns
1486 4966 1751 5051 Dominus
1787 4979 1962 5051 proptt

2061 4907 2138 4952 ate
2178 4895 2313 4951 facis
2353 4895 2502 4948 haec?
2534 4913 2551 4944 ι
2596 4895 2820 4950 alteram
2859 4905 3076 4961 autem,
3123 4913 3142 4946 ι
3173 4897 3298 4964 quis
3325 4895 3434 4952 tibi
3469 4898 3619 4955 dedit

2066 4984 2150 5048 ioc
2191 4967 2366 5021 soium
2401 4965 3036 5051 ἰξρῐιιηι.ἱιιιςιϊοδειινίι,Δ
3062 4976 3120 5051 ut
3160 4981 3227 5051 ne
3265 4969 3619 5051 responderet

349 5036 419 5089 ad
451 5035 931 5106 interrogationem
971 5035 1184 5091 eorum.
1227 5035 1383 5104 Quod
1417 5047 1598 5093 autem
1631 5055 1761 5101 non,
1787 5035 1936 5093 sicut
1962 5037 2300 5092 arbitrantur
2321 5035 2543 5104 quidam
2578 5035 2829 5104 simplex,
2854 5043 2944 5115 est
2964 5035 3267 5117 intellectus
3301 5035 3406 5118 loci
3429 5038 3613 5121 istius,

349 5117 402 5160 et
441 5105 656 5163 facilis.
707 5106 803 5161 sed
843 5107 1170 5163 mvstcrialis
1207 5115 1262 5162 et
1299 5109 1477 5163 altus.
1519 5108 1869 5163 manifestum
1909 5110 2015 5163 erit
2052 5124 2115 5162 ex
2158 5122 2224 5161 eo
2261 5107 2404 5163 quod
2446 5107 2819 5159 ostendemus.
2886 5103 3082 5159 Dicunt
3118 5121 3265 5160 enim
3305 5109 3612 5163 SlnlDIICIO-

346 5117 402 5160 et
441 5105 682 5170 facilis,’
707 5106 803 5161 sed
843 5107 1170 5176 mysterialis
1207 5115 1262 5162 et
1299 5109 1477 5173 altus,
1519 5108 1869 5164 manifestum
1909 5125 1962 5163 er

350 5191 441 5248 res
479 5176 739 5246 quoniam
775 5176 1010 5248 scientes
1046 5179 1190 5248 duas
1221 5193 1342 5232 esse
1380 5188 1695 5246 potestates,
1736 5194 1901 5233 unam
1940 5194 1962 5248 η

2061 5124 2115 5162 ex
2158 5122 2224 5161 eo
2261 5107 2404 5188 quod
2446 5107 2819 5159 ostendemus.
2885 5105 3082 5185 Dicunt
3118 5105 3612 5187 enim_simplicio-

2061 5178 2158 5231 lem
2201 5175 2319 5248 Det,
2360 5173 2806 5248 alteram__autem
2845 5172 3068 5248 diaboli,
3097 5191 3386 5248 priuetpes
3425 5193 3612 5232 sacer-

479 5185 739 5246 quoniam
775 5185 1008 5232 scientes
1046 5185 1185 5232 duas
1221 5193 1342 5232 esse
1380 5188 1695 5246 potestates,
1736 5194 1901 5233 unam
1940 5185 2158 5248 quidem
2201 5185 2319 5258 Dei,
2360 5185 2598 5254 atteram.
2625 5185 2806 5227 autem
2845 5185 3068 5256 atabon,
3095 5185 3386 5258 principes
3425 5193 3610 5258 sacer-

479 5262 541 5299 tm
580 5255 634 5300 et
674 5246 855 5302 noouli
896 5246 1141 5301 seniores
1181 5247 1585 5302 interrogabant
1625 5250 1678 5302 in
1719 5265 1825 5302 oua
1865 5264 1929 5302 ex
1971 5249 2183 5302 duabus
2225 5247 2308 5302 bis
2347 5244 2709 5302 potestatibus
2770 5257 2836 5297 ea
2896 5245 3140 5302 modum
3186 5246 3447 5302 faetebat.
3485 5257 3540 5301 et
3577 5261 3610 5302 a

347 5244 541 5300 dctum
580 5255 634 5300 et
673 5246 855 5316 populi
896 5246 1141 5301 seniores
1181 5244 1585 5315 interrogabant
1625 5244 1687 5302 in
1719 5265 1825 5319 qua
1865 5264 1929 5302 ex
1958 5244 2183 5302 'duabus
2225 5247 2308 5302 bis
2347 5244 2709 5313 potestatibus
2770 5257 2836 5297 ea
2859 5312 2871 5324 θ
2896 5244 3140 5314 prodigia
3171 5244 3447 5328 faciebat,
3485 5257 3540 5301 et
3565 5255 3610 5330 γε

347 5331 463 5357 mm
501 5330 622 5357 nam
662 5317 885 5357 nrt-pnite
949 5315 1020 5357 Ila
1065 5315 1327 5357 nnmimm
1366 5327 1420 5357 nt
1463 5333 1530 5357 nn
1571 5318 1634 5357 ml
1673 5319 2000 5357 intui-nuntia
2042 5332 2232 5357 nm-nm
2275 5317 2426 5357 thr-9t,
2463 5327 2805 5357 regnnngllm,
2859 5322 3206 5357 Inlprrmmvn
3243 5325 3486 5357 penult-1
3531 5333 3610 5357 at-

346 5331 463 5384 quo
501 5330 622 5370 eam
662 5315 888 5386 accepit.
946 5315 1022 5371 Ita
1063 5315 1328 5372 Dominus
1366 5327 1426 5372 ut
1463 5333 1530 5373 ne
1568 5318 1635 5373 ad
1672 5315 2002 5388 interrogata
2042 5332 2232 5372 eorum
2275 5317 2428 5369 daret
2463 5327 2808 5382 responsum,
2858 5315 3208 5396 interrogavit
3243 5325 3489 5396 econtra,
3531 5317 3610 5371 ai-

347 5385 462 5437 mul
514 5395 575 5438 ut
614 5387 1007 5441 interrogantes
1045 5396 1329 5441 areueret.
1387 5389 1546 5441 quasi
1584 5389 1676 5441 oui
1717 5403 1823 5441 non
1866 5397 2008 5441 recte
2062 5386 2308 5441 fecerunt
2347 5383 2567 5438 credere
2604 5383 2850 5437 nolentes
2887 5379 3082 5437 Joannt
3109 5425 3123 5441 .
3163 5393 3216 5438 et
3253 5394 3312 5438 ut
3349 5386 3612 5441 abttceret

347 5383 462 5437 mul
514 5395 575 5438 ut
614 5383 1007 5456 interrogantes
1045 5396 1329 5456 argueret,
1387 5389 1546 5457 quasi
1584 5389 1676 5458 qui
1717 5403 1823 5442 non
1866 5383 2008 5442 {cete
2062 5386 2308 5441 fecerunt
2347 5383 2567 5465 credere
2604 5383 2850 5437 nolentes
2887 5383 3083 5437 Joanni
3109 5425 3123 5451 ,
3163 5393 3216 5438 et
3253 5394 3312 5438 ut
3349 5384 3608 5466 abjiceret

348 5454 780 5508 interroaatores
819 5457 1072 5508 indignos
1110 5473 1140 5508 ιι
1182 5473 1282 5508 suo
1321 5473 1608 5508 resoonso.
1650 5467 1709 5508 ut
1747 5458 2021 5508 videretur
2055 5458 2136 5508 eis
2175 5454 2575 5508 rationabiliter
2612 5466 2720 5506 non
2762 5453 3110 5508 resnondere.
3184 5453 3290 5508 Sed
3328 5455 3471 5508 dioet
3508 5455 3608 5508 alt—

348 5454 780 5524 interrogatores
819 5453 1072 5525 indignos
1110 5453 1140 5510 5
1182 5473 1282 5512 suo
1321 5453 1616 5527 responso.
1650 5467 1709 5511 ut
1747 5458 2021 5512 videretur
2055 5458 2136 5511 eis
2175 5454 2575 5509 rationabiliter
2612 5466 2720 5506 non
2762 5453 3110 5520 respondere.
3184 5453 3290 5508 Sed
3328 5453 3471 5534 dicet
3508 5455 3608 5508 ali—

348 5524 474 5578 nuis
515 5535 704 5578 contra
747 5524 880 5578 luec.
922 5527 1048 5578 quia
1092 5527 1377 5578 ridiculum
1418 5537 1535 5578 erat
1572 5529 1907 5578 interrogare
1949 5529 2002 5578 in
2043 5542 2148 5578 mia
2183 5534 2449 5578 potestate
2489 5523 2604 5575 haec
2642 5521 2848 5576 faceret
2885 5519 3064 5577 Jesus.
3122 5521 3230 5578 Nec
3268 5537 3412 5577 enim
3455 5535 3609 5578 noto-

343 5524 474 5592 quis
515 5521 704 5578 contra
747 5524 885 5595 lucc,
922 5521 1048 5594 quia
1092 5527 1377 5583 ridiculum
1414 5521 1535 5582 erat
1572 5529 1907 5596 interrogare
1949 5529 2002 5582 in
2043 5542 2148 5596 qua
2183 5534 2449 5595 potestate
2489 5523 2604 5575 ltatc
2642 5521 2848 5576 faceret
2885 5521 3064 5577 Jesus.
3122 5521 3230 5578 Nec
3268 5523 3412 5577 enim
3455 5535 3603 5594 pote-

346 5601 434 5645 rat
473 5593 610 5650 tieri.
656 5604 716 5648 ttt
756 5596 1104 5650 resnonderet
1141 5599 1269 5650 uuia
1310 5599 1364 5650 in
1405 5607 1668 5650 potestate
1701 5597 1923 5650 diaboli.
1967 5597 2033 5650 Et
2071 5613 2178 5650 non
2217 5597 2417 5650 dicam.
2453 5591 2613 5647 Jesus
2653 5593 2755 5646 hoc
2793 5605 2902 5646 non
2945 5593 3328 5650 responderet.
3369 5595 3462 5648 sed
3503 5610 3603 5650 nec

346 5601 434 5645 rat
473 5593 610 5659 lieri,
656 5604 716 5648 ιιι
756 5591 1104 5663 responderet
1141 5599 1269 5668 quia
1310 5599 1364 5652 in
1405 5607 1668 5666 potestate
1701 5591 1923 5652 diaboli.

345 5663 466 5733 ipse
509 5681 530 5714 ι
563 5664 725 5718 homo
763 5666 990 5734 peccati,
1031 5669 1124 5736 qui
1166 5669 1508 5736 adversatur,
1544 5677 1599 5725 et
1635 5669 1913 5724 extollitur
1952 5683 1962 5722 ε

2061 5591 2198 5651 ἰιοιι⁷
2217 5597 2417 5657 dicam,
2453 5591 2613 5647 Jesus
2653 5593 2755 5646 hoc
2793 5605 2902 5646 non
2945 5593 3328 5661 responderet,
3369 5591 3470 5648 sed
3503 5610 3594 5650 nec

2061 5683 2114 5722 ra
2155 5681 2317 5722 omne
2354 5664 2502 5735 quod
2540 5661 2740 5718 dicitur
2779 5660 2944 5731 Deus,
2984 5672 3079 5718 aut
3113 5664 3260 5734 quod
3298 5664 3534 5736 colitur,
3570 5686 3594 5722 ι

425 5807 470 5838 ³³
499 5807 687 5866 Matth.
721 5825 834 5875 ut,
860 5808 932 5864 25
947 5811 1144 5882 et‘s‘eq.
