4110 6420
487 352 624 406 147ἲὶ

1965 349 2291 407 ORIGENIS

3628 370 3767 423 H76

482 470 684 522 tionem
738 469 932 523 Joanni
985 466 1240 538 Baptistze
1273 467 1427 521 [idem
1459 467 1825 523 detraxissent
1849 482 1866 522 ':
1899 479 2053 538 atque

2163 471 2292 533 τοὺς
2322 470 2682 541 πυθομένους,
2728 473 2813 528 ἵνα
2842 474 2966 546 δόξῃ
3007 478 3192 542 αὐτοῖς
3227 481 3466 551 εὐλόγως
3506 484 3582 558 μὴ
3629 488 3758 539 ἀπο-

482 565 555 614 ita
585 561 824 615 vicissim
858 559 1240 628 inlerrogando
1264 558 1400 613 duas
1432 573 1520 613 res
1563 557 1904 625 confecisse;
1938 574 2066 612 nam

480 662 704 722 propter
750 652 907 706 ﬁdem
957 649 1154 704 Joanni
1203 648 1504 704 detractam
1559 664 1653 704 eos
1693 649 2065 716 insimulasse,

483 750 1000 812 percontatoresque
1023 755 1155 795 suos
1187 740 1262 794 ita
1297 739 1641 803 distraxisse,
1672 749 1731 794 ut
1754 741 2068 810 responsio-

2170 563 2471 633 κρίνεσθαι.
2509 564 2645 616 Ἀλλ’
2671 567 2812 620 εἴποι
2835 585 2919 631 τις
2953 568 3019 622 ἂν
3053 571 3188 642 πρὸς
3213 572 3406 638 ταῦτα,
3437 576 3518 628 ὅτι
3553 577 3762 645 γελοῖον

2167 648 2234 724 ἦν
2267 654 2326 708 τὸ
2357 655 2719 710 πυνθάνεσθαι
2763 660 2821 711 ἐν
2869 659 2998 731 ποίᾳ
3049 662 3266 734 ἐξουσίᾳ
3307 667 3480 720 ταῦτα
3523 669 3696 724 ἐποίει
3737 674 3762 724 έ

2182 746 2416 815 Ἰησοῦς·
2449 749 2550 800 οὐκ
2589 749 2655 802 ἂν
2683 749 2792 820 γὰρ
2825 751 3178 822 ἀπεκρίνατο,
3207 757 3288 808 ὅτι
3329 760 3387 811 ἐν
3429 762 3495 830 τῇ
3527 761 3620 814 τοῦ
3648 761 3752 817 δια-

481 849 603 886 nem
651 833 782 903 ipsis
814 848 936 888 cum
971 832 1185 887 ratione
1229 847 1338 886 non
1364 831 1581 886 dedisse
1617 832 1912 888 videretur.
1968 832 2053 888 [iit

2168 837 2323 890 δόλου
2358 837 2577 912 ἐξουσία
2603 857 2616 870 ·
2643 842 2736 894 καὶ
2769 839 2828 894 οὔ
2863 859 3025 912 φημι,
3055 845 3138 898 ὅτι
3169 847 3196 898 ὁ
3232 849 3425 922 Σωτὴρ
3457 852 3617 906 τοῦτο
3661 856 3760 909 οὐκ

478 941 608 979 vero
635 925 831 980 dixerit
861 925 1135 995 quispiam
1178 925 1469 980 ridiculum
1512 924 1684 980 fuisse
1715 927 1767 980 id
1799 941 2062 996 quierere,

477 1018 530 1071 in
577 1033 687 1087 qua
733 1026 998 1087 potestate
1047 1015 1208 1072 Jesus
1264 1018 1377 1071 haec
1425 1015 1660 1084 faceret;
1694 1032 1795 1072 nec
1828 1017 1973 1072 enim
2008 1017 2062 1070 in

474 1111 673 1166 diaboli
708 1119 974 1180 potestate
1004 1125 1066 1164 ea
1097 1125 1154 1164 se
1185 1109 1365 1164 facere
1419 1124 1814 1180 responsurum
1846 1107 2015 1164 fuisse
2042 1124 2057 1172 ;

474 1221 653 1273 neque
682 1205 737 1258 id
767 1219 900 1258 sane
930 1219 1325 1272 responsurum
1364 1219 1474 1257 non
1514 1202 1686 1258 fuisse
1714 1201 2060 1257 Servatorem

473 1297 650 1351 solum
685 1296 830 1359 dico,
863 1294 959 1350 sed
993 1310 1093 1350 nec
1123 1312 1140 1344 ι
1176 1294 1453 1349 hominem
1480 1293 1710 1365 peccati,
1745 1293 1837 1362 qui
1867 1293 2064 1348 adver-

473 1398 627 1443 satur
659 1398 714 1441 et
741 1387 1020 1442 extollitur
1067 1402 1231 1457 supra
1263 1401 1426 1442 omne
1479 1385 1625 1454 quod
1666 1385 1869 1439 dicitur
1893 1383 2060 1450 Deus,

471 1488 568 1534 aut
616 1477 761 1548 quod
806 1478 1007 1533 colitur
1037 1477 1084 1510 "‘
1108 1518 1123 1541 ,
1159 1497 1180 1531 ι
1218 1478 1501 1532 veritatem
1539 1475 1948 1532 sciscitantibus
1973 1476 2060 1530 di-

471 1582 688 1627 cturum
729 1587 788 1626 se
833 1573 886 1626 in
926 1571 1124 1627 diaboli
1175 1579 1441 1641 potestate
1475 1570 1708 1624 virtutes
1738 1583 1965 1632 omnes,
1997 1583 2060 1624 ac

472 1664 625 1730 signa
669 1670 723 1715 et
757 1670 1004 1730 portenta
1061 1659 1223 1715 edere
1245 1701 1260 1726 ,
1310 1660 1512 1730 quibus
1547 1667 1811 1713 terrorem
1841 1657 2056 1720 incutit,

469 1763 523 1808 et
553 1755 702 1823 ipsos
748 1753 937 1817 etiam,
993 1753 1038 1806 si
1074 1751 1192 1807 ﬁeri
1241 1752 1446 1822 possit,
1492 1751 1697 1806 electos
1733 1749 2055 1818 decipiet“.

2165 928 2231 982 ἂν
2260 930 2611 1002 ἀπεκρίνατο,
2635 933 2748 986 ἀλλ’
2774 934 2894 987 οὐδὲ
2920 953 2937 985 ι
2965 937 2993 988 6
3017 936 3305 1008 ἄνθρωπος
3332 941 3432 1012 τῆς
3457 945 3759 1017 ἁμαρτίας,

2163 1022 2192 1073 6
2221 1022 2615 1094 ἀντικείμενος,
2644 1025 2737 1078 καὶ
2763 1026 3125 1100 ἐπαιρόμενος
3147 1031 3239 1082 ἐπὶ
3260 1031 3436 1086 πάντα
3463 1033 3759 1107 λεγόμενον

2160 1112 2295 1165 Θεὸν
2347 1113 2382 1184 ἢ
2437 1113 2686 1186 σέϐασμα
2719 1136 2737 1169 ι
2772 1118 2914 1170 εἴποι
2964 1118 3030 1172 ἂν
3076 1123 3190 1184 τοῖς
3227 1123 3653 1196 πυνθανομένοις
3697 1128 3762 1182 τὸ

2164 1200 2382 1272 ἀληθὲς,
2413 1204 2494 1256 ὅτι
2526 1206 2584 1257 ἐν
2615 1208 2680 1276 τῇ
2710 1205 2803 1258 τοῦ
2837 1205 3082 1262 διαϐόλου
3122 1209 3340 1284 ἐξουσίᾳ
3383 1218 3530 1268 ποιεῖ
3575 1220 3759 1272 πᾶσαν

2161 1293 2415 1365 δύναμιν,
2443 1295 2536 1348 καὶ
2565 1301 2785 1368 σημεῖα,
2815 1299 2910 1353 καὶ
2937 1301 3160 1373 τέρατα,
3183 1304 3242 1356 ἐν
3267 1299 3346 1369 οἷς
3373 1307 3757 1379 καταπλήσσε-

2163 1404 2271 1450 ται,
2298 1388 2390 1440 καὶ
2411 1387 2806 1462 ἀποπλανήσει,
2830 1393 2877 1443 εί
2903 1391 3146 1458 δυνατὸν,
3171 1396 3264 1449 καὶ
3289 1397 3414 1460 τοὺς
3440 1396 3752 1467 ἐκλεκτούς.

2162 1477 2224 1530 Ei
2246 1477 2302 1530 δὲ
2334 1477 2455 1531 οὐδὲ
2483 1479 2695 1544 ἐκεῖνος
2721 1479 2867 1535 εἴποι
2902 1482 2967 1536 ἂν
3002 1485 3059 1536 ἐν
3088 1488 3152 1556 τῇ
3189 1485 3282 1540 τοῦ
3307 1487 3554 1542 διαϐόλου
3597 1492 3752 1558 ἐξου-

2164 1567 2255 1639 σίᾳ
2288 1573 2462 1623 ποιεῖν
2489 1569 2560 1624 τά
2589 1573 2811 1642 σημεῖα,
2847 1591 2865 1624 ι
2907 1574 3001 1626 καὶ
3034 1578 3102 1629 τὰ
3140 1576 3344 1648 τέρατα
3372 1579 3464 1632 τοῦ
3499 1579 3750 1650 ψεύδους,

2160 1657 2227 1710 τὰ
2253 1659 2310 1712 ἐν
2345 1659 2492 1732 πάσῃ
2529 1662 2714 1733 ἀπάτῃ
2748 1662 2962 1727 ἀδικίας
2991 1669 3103 1729 τοῖς
3142 1667 3536 1740 ἀπολλυμένοις
3571 1691 3591 1724 ι
3629 1676 3753 1729 ἐπι-

2159 1749 2478 1820 τελούμενα,
2525 1753 2676 1824 πόσῳ
2720 1752 2880 1808 πλέον
2915 1757 2942 1809 6
2975 1757 3164 1829 Σωτὴρ
3203 1760 3305 1814 οὐκ
3337 1761 3424 1828 ἂν,
3454 1764 3504 1816 εί
3549 1765 3643 1820 καὶ
3674 1767 3752 1838 μὴ

467 1843 621 1912 Quod
649 1845 692 1900 si
721 1859 790 1900 ne
817 1845 862 1899 is
889 1845 1110 1914 quidem
1155 1845 1209 1900 in
1251 1852 1522 1914 potestate
1570 1843 1774 1898 diaboli
1804 1843 1966 1897 edere
1997 1857 2053 1897 se

2161 1840 2566 1913 ἀντηρώτησεν,
2611 1845 2738 1898 ἄλλο
2782 1863 2832 1898 τι
2878 1847 3210 1918 ἀπεκρίνατο
3253 1851 3284 1923 ἢ
3335 1852 3415 1905 ὃτι
3448 1857 3504 1906 ἐν
3548 1859 3613 1928 τῇ
3655 1827 3751 1912 τοῦ

467 1938 624 2008 signa
657 1936 969 2002 conﬁtetur,
1007 1956 1025 1987 ι
1058 1946 1112 1992 et
1148 1937 1395 2008 prodigia
1425 1936 1590 2007 766
1619 1934 1911 1999 mendacii,
1933 1949 2056 2002 qua:

468 2031 524 2086 in
554 2031 704 2086 omni
739 2030 1052 2086 seductione
1090 2029 1420 2100 iniquitatis,
1454 2029 1522 2084 iis
1556 2027 1651 2098 qui
1684 2035 1917 2096 pereunt
1939 2027 2006 2091 ³⁸,
2033 2045 2050 2076 ι

468 2121 860 2192 perﬁciuntur;
893 2130 1102 2190 quanto
1137 2121 1312 2190 magis
1344 2118 1625 2181 Servator,
1661 2117 1878 2172 etiamsi
1916 2116 2055 2171 reci-

2160 1929 2331 1995 Θεοῦ;
2376 1932 2520 2004 Πρὸς
2558 1933 2615 1986 δὲ
2657 1934 2756 2006 τὴν
2792 1935 2965 2000 οὕτως
2997 1939 3249 2011 προφανῆ
3298 1942 3611 2015 ἀπόκρισιν,
3655 1950 3752 2002 καὶ

2162 2021 2404 2085 ἐκείνους
2439 2022 2824 2090 πυνθάνεσθαι,
2856 2027 2951 2079 καὶ
2978 2025 3069 2080 τὸν
3094 2029 3321 2101 Σωτῆρα
3355 2033 3429 2105 μὴ
3463 2033 3754 2107 ἀποκρίνε-

2165 2116 2310 2182 σθαι,
2337 2116 2531 2188 εὔηθες
2563 2115 2702 2174 εἷναί
2735 2137 2826 2191 μοι
2853 2121 3118 2190 φαίνεται.

471 2228 694 2282 procam
725 2212 1082 2283 quaestionem
1134 2228 1241 2267 non
1273 2211 1600 2282 obiecisset,
1648 2209 1794 2264 aliud
1824 2209 2200 2280 respondisset
2247 2211 2406 2278 nihil,
2454 2228 2620 2283 quam
2680 2228 2740 2268 se
2791 2214 2908 2269 haec
2957 2214 3138 2270 facere
3192 2216 3244 2270 in
3285 2216 3378 2271 Dei
3438 2227 3752 2289 potestate?

465 2309 834 2376 Qumstionem
888 2309 1052 2379 igitur
1081 2324 1177 2364 eos
1207 2309 1582 2378 proposuisse,
1618 2306 1684 2362 ad
1712 2322 1877 2377 quam
1911 2304 2088 2360 facilis
2116 2307 2250 2360 adeo
2295 2316 2416 2362 erat
2467 2318 2522 2363 et
2574 2309 2822 2380 expedita
2860 2311 3166 2381 responsio,
3217 2312 3282 2368 ad
3334 2328 3567 2386 eamque
3619 2316 3752 2372 Ser-

467 2415 706 2460 vatorem
760 2419 870 2460 non
915 2405 1284 2475 respondisse,
1339 2404 1394 2459 id
1441 2403 1623 2458 dicere
1666 2403 1880 2458 videtur
1906 2401 2043 2456 mihi
2083 2403 2502 2472 perabsurdum.

532 2495 588 2549 2.
649 2494 780 2549 Vide
803 2509 934 2564 ergo
962 2508 1142 2548 annon
1169 2493 1286 2548 haec
1327 2493 1399 2550 sit
1431 2491 1598 2561 hujus
1627 2491 1732 2546 loci
1768 2491 2046 2560 signitice-

464 2588 540 2642 tio
572 2606 585 2641 :
622 2587 676 2641 in
705 2586 799 2640 Dei
829 2585 1116 2656 sapientia,
1147 2600 1270 2656 qua:
1293 2585 1606 2640 divinarum
1643 2583 2046 2637 humanarum-

461 2695 570 2751 que
616 2693 837 2740 rerum,
887 2686 942 2732 et
986 2676 1192 2746 quibus
1239 2675 1344 2730 illa:
1393 2689 1462 2729 ex
1510 2673 1693 2729 causis
1747 2671 2042 2742 proﬂuam,

461 2770 747 2826 scientiam
787 2769 1222 2840 comprehendit.
1255 2767 1527 2837 ejusmodi
1571 2765 1820 2821 thesauri
1860 2765 2044 2819 conti-

463 2872 685 2929 nentur,
712 2861 904 2932 quales
935 2859 1215 2929 sapientiae
1244 2866 1298 2914 et
1325 2857 1570 2912 scientia:
1601 2856 1894 2911 thesauros
1922 2867 2046 2908 esse

461 2951 616 3006 decet
642 2950 722 3018 '7;
773 2965 840 3006 ac
875 2949 913 3003 ii
945 2949 1166 3019 quidem
1205 2955 1334 3002 sunt
1376 2945 1684 3001 absconditi
1717 2963 1729 2997 :
1767 2953 1822 2998 et
1844 2943 1890 2998 si
1921 2941 2050 3012 quis

461 3042 662 3112 dignus
695 3041 915 3096 habitus
961 3049 1045 3096 est
1069 3040 1162 3109 qui
1200 3057 1220 3090 ι
1255 3038 1442 3093 audiat
1469 3051 1669 3092 arcana
1695 3035 1882 3101 verba,
1927 3049 2051 3104 qum

463 3149 574 3190 non
601 3134 728 3188 licet
753 3133 962 3188 homini
993 3132 1142 3202 loqui
1166 3132 1210 3164 ³⁸
1231 3170 1246 3195 ,
1289 3150 1308 3184 ι
1342 3131 1388 3186 is
1423 3128 1742 3198 cognoverit
1777 3145 1795 3179 ι
1829 3126 2048 3196 sapien-

465 3225 596 3279 tiam
624 3224 679 3278 iu
712 3223 972 3294 mysterio
1007 3222 1406 3288 absconditam,
1445 3236 1607 3291 quam
1640 3217 2051 3290 praedestinavit

2224 2492 2437 2563 Μήποτ’
2463 2486 2558 2546 οῦν
2587 2491 2658 2546 τὰ
2679 2494 2818 2548 κατὰ
2845 2495 2934 2549 τὸν
2957 2496 3116 2550 τόπον
3145 2498 3347 2553 τοιαῦτ’
3379 2501 3527 2553 ἐστίν
3557 2518 3570 2530 ·
3599 2501 3656 2554 ἐν
3677 2501 3745 2570 τῇ

2155 2582 2317 2652 σοφίᾳ
2333 2581 2429 2635 τοῦ
2443 2582 2578 2636 Θεοῦ
2595 2585 2924 2659 περιεχούσῃ
2940 2587 3246 2660 ἐπιστήμην
3263 2588 3421 2643 θείων
3438 2591 3530 2644 καὶ
3542 2590 3639 2644 ἀνθ
3647 2609 3750 2661 ρω-

2153 2673 2324 2727 πίνων
2350 2674 2712 2746 πραγμάτων,
2734 2677 2952 2733 καὶτῶν
2973 2679 3176 2732 τούτων
3197 2680 3517 2745 αἰτιῶν,εἱσὶ
3538 2682 3746 2754 θησαυ-

2154 2764 2260 2836 ροὶ,
2278 2765 2496 2829 ὁποίους
2515 2765 2595 2818 δεῖ
2606 2765 2746 2820 εἶναι
2759 2769 2884 2831 τοὺς
2900 2769 2996 2839 τῆς
3014 2768 3204 2838 σοφίας
3220 2769 3528 2843 θησαυροὺς
3542 2773 3748 2844 καὶτῆς

2154 2854 2429 2923 γνώσεως·
2462 2856 2556 2908 καὶ
2582 2858 2721 2911 εἰσιν
2751 2853 2896 2912 οὗτοι
2922 2861 3252 2931 ἀπόκρυφοι·
3289 2863 3383 2916 καὶ
3407 2865 3462 2917 εί
3482 2881 3565 2927 τις
3595 2866 3744 2918 ἐστὶν

2157 2948 2437 3014 ἀξιωθεὶς(
2459 2949 2741 3004 εἰδέναιτά
2758 2952 2972 3023 ἄρρητα
2990 2957 3212 3025 ῥήματα
3237 2953 3272 3009 ἃ
3294 2956 3394 3008 οὐκ
3416 2955 3623 3020 ἔξεστιν
3647 2960 3744 3011 ἀν·-

2388 3038 2672 3108 λαλῆσαι,›
2694 3040 2860 3112 εἰδείη
2882 3041 2948 3094 ἂν
2985 3062 3002 3092 ι
3023 3043 3122 3112 τὴν
3141 3045 3198 3095 ἐν
3231 3045 3518 3117 μυστηρίῳ
3549 3047 3738 3116 σοφίαν

2153 3131 2248 3201 τὴν
2261 3131 2544 3202 ἁποκεκρυ
2553 3130 2784 3201 μμένην,
2801 3131 2866 3202 ἢν
2881 3131 3186 3204 προώρισεν
3199 3136 3226 3187 6
3237 3135 3368 3198 Θεὸς
3380 3136 3488 3207 πρὸ
3499 3137 3604 3190 τῶν
3615 3136 3738 3190 αἰώ-

2153 3240 2258 3275 νων
2285 3222 2532 3289 είςδόξαν
2558 3243 2576 3275 ι
2593 3222 2702 3275 τῶν
2715 3222 2956 3277 δικαίων.
2973 3225 3122 3278 Εἰσὶν
3137 3221 3229 3279 οῦν
3247 3228 3301 3279 ἐν
3314 3231 3426 3291 τοῖς
3435 3228 3537 3299 τῆς
3550 3230 3738 3299 copiae

465 3315 609 3370 Deus
633 3323 760 3369 ante
791 3314 988 3369 saecula
1019 3314 1072 3368 in
1102 3314 1334 3382 gloriam
1373 3332 1390 3365 ι
1432 3312 1708 3383 iustorum
1735 3312 1802 3365 ³³.
1873 3311 1927 3365 ln
1964 3325 2048 3366 re-

2159 3313 2245 3366 iui
2266 3314 2364 3384 τῆς
2397 3313 2652 3382 γνώσεως
2685 3315 3027 3386 ἁποκρύφοις
3053 3316 3345 3390 θησαυροῖς
3373 3319 3520 3388 λόγοι
3555 3320 3742 3390 βαθεῖς

463 3405 714 3462 conditis.
741 3419 874 3475 ergo
922 3404 1206 3475 sapientiae
1229 3413 1284 3459 et
1317 3404 1560 3459 scientiae
1609 3403 1884 3458 thesauris
1910 3417 2037 3471 pro-

463 3497 630 3552 lunda
674 3495 941 3552 delitescit
971 3503 1027 3550 et
1058 3510 1257 3551 arcana
1299 3495 1545 3551 doctrina
1581 3494 1649 3550 de
1677 3493 1910 3549 diversis
1941 3509 2041 3562 po-

463 3587 752 3644 testatibus
776 3628 792 3654 ,
820 3602 942 3657 qua:
970 3586 1271 3657 generatim
1317 3585 1539 3656 quidem
1569 3585 1692 3640 duae
1723 3592 1890 3650 sunt,
1919 3599 2043 3650 spe-

459 3681 645 3736 ciatim
671 3693 802 3734 vero
840 3679 896 3734 in
942 3689 1175 3748 utraque
1203 3678 1418 3732 illarum
1449 3677 1631 3746 plures
1657 3686 1709 3730 et
1735 3676 2044 3744 incompre-

2152 3406 2246 3458 καὶ
2290 3405 2591 3478 ἀπόρρητοι
2622 3407 2749 3476 περὶ
2769 3406 3041 3479 διαφόρων
3058 3407 3338 3475 ἐξουσιῶν,
3369 3412 3598 3478 γενικῶς
3634 3413 3740 3483 μὲν

2151 3496 2264 3561 δύο,
2291 3496 2474 3561 ίὸικῶς
2494 3497 2551 3550 δὲ
2571 3497 2690 3552 καθ’
2719 3499 2984 3571 ἑκατέραν
3006 3499 3114 3552 τῶν
3129 3499 3222 3554 δύο
3247 3500 3485 3566 πλείονες
3501 3503 3738 3556 καὶδυσ-

2151 3589 2436 3662 Θεώρητοι.
2468 3591 2532 3643 Al.
2569 3589 2626 3643 δὲ
2665 3591 2883 3660 γενικαὶ
2907 3591 3000 3645 δύο
3027 3590 3266 3657 ἐξουσίαι
3292 3592 3537 3648 τοιαῦταί
3561 3595 3698 3649 εἰσιν
3720 3613 3734 3625 ο

2151 3682 2207 3734 αἱ
2257 3682 2357 3752 μέν
2397 3683 2504 3735 εἰσι
2551 3680 2646 3736 τοῦ
2687 3684 3002 3755 ,κρείττονος
3053 3684 3359 3756 τάγματος’
3415 3687 3508 3740 καὶ
3548 3686 3739 3760 ὥσπερ

457 3773 762 3829 hensibiles
784 3772 1156 3827 continentur.
1200 3769 1362 3828 Tales
1392 3779 1575 3826 autem
1606 3778 1735 3826 sunt
1761 3769 2044 3841 generales

2159 3773 2285 3826 εἰσὶν
2331 3771 2608 3844 ἄνθρωποι
2648 3773 2783 3828 Θεοῦ
2832 3775 2930 3846 οὐχ
2974 3775 3025 3827 οἱ
3065 3778 3337 3847 τυχόντες,
3369 3779 3464 3832 καὶ
3512 3779 3737 3848 ἄγγελοι

463 3867 568 3921 illae
613 3866 736 3922 dua:
784 3873 1078 3936 potestates
1127 3883 1141 3919 :
1177 3864 1297 3920 alia
1342 3864 1398 3920 in
1432 3865 1800 3936 praestantiori
1852 3863 2047 3919 ordine

2159 3867 2285 3922 Θεοῦ
2324 3869 2606 3941 μακάριοι,
2635 3869 2730 3922 καὶ
2764 3869 3038 3940 προφῆται
3078 3869 3173 3923 τοῦ
3209 3871 3343 3925 Θεοῦ
3373 3871 3736 3944 Θεοφορούμε-

459 3969 788 4023 censentur;
840 3967 894 4012 et
941 3957 1403 4028 quemadmodum
1437 3956 1661 4027 quidam
1708 3964 1838 4010 sunt
1868 3955 2048 4010 homi-

2159 3975 2259 4012 νοι·
2291 3957 2464 4021 οὕτως
2509 3958 2615 4011 εἰσί
2659 3974 2800 4021 τινες
2846 3957 3086 4023 ἐξουσίαι
3113 3959 3207 4013 τοῦ
3245 3960 3404 4026 Θεοῦ,
3437 3963 3566 4036 περὶ
3597 3959 3672 4016 ὧν
3704 3966 3734 4017 ὁ

463 4066 561 4106 nes
589 4048 686 4105 Dei
725 4063 830 4104 non
860 4049 1111 4114 vulgares
1132 4089 1147 4115 ,
1195 4057 1248 4104 et
1282 4048 1460 4120 angeli
1496 4047 1588 4104 Dei
1620 4047 1803 4113 beati,
1839 4057 1894 4102 et
1921 4062 2048 4117 pro-

2163 4049 2485 4114 ’Λπόστολος
2539 4049 2774 4121 Χριστὸν
2825 4049 3118 4120 δοξολογῶν
3167 4051 3313 4120 λέγει
3367 4055 3425 4105 ἐν
3477 4057 3540 4125 τῇ
3597 4055 3734 4126 πρὸς

1658 4160 1892 4218 VETUS
1931 4161 2512 4218 INTERPRETATIO.

462 4279 814 4354 responderet
850 4283 996 4354 quod
1034 4291 1150 4336 erat
1188 4298 1417 4354 verum,
1459 4283 1718 4352 quoniam
1763 4283 1815 4336 iu
1858 4291 2130 4354 potestate
2161 4281 2362 4354 diaboli
2420 4281 2552 4336 facit
2588 4284 3045 4354 omnesvirtutes
3070 4323 3086 4349 ,
3113 4281 3192 4354 et"
3221 4282 3372 4351 signa
3397 4323 3412 4347 ,
3452 4293 3506 4337 et
3544 4285 3732 4354 prodi-

501 4351 588 4414 ia,
630 4353 833 4420 quibus
869 4351 1094 4407 seducat
1118 4393 1133 4417 ,
1175 4353 1220 4408 si
1261 4351 1521 4422 possibile
1558 4365 1676 4418 est,
1715 4363 1768 4408 et
1804 4351 2006 4408 electos
2044 4351 2161 4405 Dei.
2245 4351 2472 4422 Sirergo
2511 4367 2609 4407 nec
2649 4353 2738 4407 ille
2774 4353 2978 4407 diceret
3013 4368 3071 4408 se
3110 4353 3164 4406 iu
3205 4362 3472 4421 potestate
3527 4351 3727 4410 diaboli

486 4421 642 4496 acere
684 4439 703 4472 ι
749 4423 904 4496 signa
941 4431 997 4496 et
1033 4421 1280 4494 prodigia
1323 4424 1604 4478 mendacia
1645 4425 1714 4496 in
1742 4424 1918 4496 omni
1951 4423 2270 4478 seductione
2321 4421 2625 4491 iniquitatis
2665 4423 2748 4496 his
2787 4424 3178 4496 qui__pereuut,
3230 4442 3248 4474 ι
3309 4435 3516 4496 quanto
3553 4427 3728 4496 magis

465 4490 730 4545 Dominus
770 4499 824 4563 et
853 4490 1130 4563 Salvator
1174 4490 1557 4563 nequaquam,
1617 4495 1720 4548 etsi
1757 4508 1864 4547 non
1906 4493 2300 4563 interrogasset
2337 4490 2562 4545 eoentra
2587 4533 2602 4556 ,
2647 4492 2815 4563 aliud,
2846 4490 3051 4562 aliquid
3089 4491 3443 4563 responderet
3468 4533 3484 4558 ,
3527 4495 3630 4548 nisi
3647 4490 3726 4550 'in

465 4568 734 4633 potestate
769 4559 905 4614 Dei?
944 4561 1024 4633 Ad
1065 4562 1225 4616 talem
1261 4559 1394 4633 ergo
1433 4563 1936 4633 manifestissimam
1979 4559 2246 4633 rationem
2290 4561 2509 4627 horum,
2548 4571 2604 4614 et
2643 4561 2765 4615 illos
2807 4559 3163 4631 interrogare,
3184 4559 3258 4633 fet
3293 4562 3570 4617 Christum
3614 4579 3725 4618 non

466 4628 831 4703 respondere,
894 4632 1028 4685 satis
1068 4633 1199 4686 utile
1238 4628 1369 4686 milii
1413 4634 1645 4688 videtur.
1723 4632 1778 4688 Si
1818 4633 1944 4703 quis
1984 4641 2164 4686 autem
2205 4631 2389 4703 dicat,
2448 4633 2710 4703 quoniam
2751 4647 2860 4703 non
2903 4628 3310 4703 interrogabant
3349 4633 3622 4703 principes
3662 4644 3725 4688 ut

462 4701 745 4772 audientes
768 4700 1076 4772 discerent,
1101 4703 1194 4756 sed
1237 4715 1293 4758 ut
1329 4703 1482 4757 illum
1525 4713 1790 4760 terrerent
1833 4700 1850 4756 Ξ
1890 4711 2079 4772 utputa
2105 4743 2120 4766 ,
2163 4703 2210 4755 si
2251 4701 2382 4772 facit
2420 4701 2621 4770 aliquis
2658 4701 2804 4770 quod
2839 4701 2997 4756 nobis
3037 4716 3146 4755 non
3186 4702 3365 4772 placet
3402 4701 3457 4756 iu
3497 4700 3726 4766 nostris,

462 4770 694 4825 dicimus
732 4770 783 4825 ei
826 4788 841 4842 ι
881 4770 1018 4838 Quis
1057 4781 1107 4826 te
1140 4773 1308 4842 jussit
1347 4774 1450 4828 hoc
1486 4774 1704 4830 facere?
1759 4787 1866 4828 non
1908 4770 2154 4828 volentes
2193 4771 2422 4837 audire,
2484 4772 2576 4827 sed
2635 4787 2759 4842 eum
2792 4779 3069 4842 terrentes
3094 4809 3109 4834 ,
3150 4782 3210 4826 ut
3249 4771 3338 4825 ille
3374 4772 3555 4827 sciens
3590 4774 3724 4842 quia

462 4855 624 4925 nemo
659 4857 793 4925 eum‘
822 4839 1284 4925 jussit,“reeedat
1309 4843 1391 4925 ἐι)
1423 4856 1546 4925 actu
1589 4863 1601 4898 :
1645 4845 1724 4899 sic
1760 4853 1813 4898 et
1849 4843 2121 4925 principes
2167 4842 2589 4925 interrogabant
2647 4841 2940 4896 Dominum
3001 4849 3266 4925 terrentes
3324 4839 3723 4925 potius__quam

463 4911 860 4982 interrogantes
884 4953 899 4976 ,
942 4924 1000 4967 ut
1039 4912 1128 4967 ille
1167 4913 1324 4982 quasi
1381 4915 1560 4970 sciens
1601 4930 1659 4969 se
1699 4930 1808 4969 non
1851 4911 1906 4967 in
1949 4911 2216 4982 potestate
2251 4911 2347 4965 Dei
2387 4913 2489 4966 hoc
2526 4926 2686 4979 agere
2710 4952 2726 4978 ,
2788 4918 3030 4968 cessaret
3067 4911 3136 4964 ah
3171 4925 3356 4979 opere.
3435 4911 3541 4982 Sed
3576 4911 3724 4980 quid

503 4981 608 5034 uod
646 4980 701 5034 et
733 4980 984 5037 Christus
1024 4983 1098 5038 ita
1137 4980 1461 5051 respondit?
1505 5003 1523 5035 ι
1556 4984 1728 5039 Dicite
1764 4984 1896 5037 mihi
1935 4980 2034 5036 vos
2075 4983 2198 5045 hoc,
2239 4991 2294 5036 et
2325 4996 2428 5051 ego
2467 4982 2625 5036 vobis
2662 4983 2785 5036 dico
2820 4982 2873 5034 in
2903 4997 3010 5050 qua
3039 4991 3308 5050 potestate
3341 4982 3456 5038 haec
3495 4981 3661 5038 facio.
3699 5000 3718 5034 ι

503 4995 608 5034 uoa
646 4995 701 5034 et
733 4995 984 5037 unristus
1024 4995 1098 5038 ita
1137 4999 1224 5039 res
1264 4995 1461 5039 endit?
1505 5003 1523 5035 ι
1556 4995 1728 5039 Dicite
1764 4995 1896 5037 ιιιιιιι
1935 4998 2034 5036 vos
2075 4995 2198 5045 hoc,
2239 4995 2294 5036 et
2325 4996 2428 5051 ego
2467 4995 2625 5036 voms
2662 4995 2785 5036 uico
2820 4998 2873 5034 ιιι
2903 4997 3010 5050 qua
3039 4995 3308 5050 patesme
3341 4995 3421 5036 na:

461 4995 940 5121 auodnuuquam
980 5053 1186 5108 diceret
1222 5000 1404 5118 fesus,
1445 5055 1491 5111 si
1529 5070 1624 5109 eos
1663 5069 1772 5108 non
1815 5052 2070 5121 discendi
2098 5067 2285 5116 causa,
2329 5053 2422 5105 sed
2465 5053 2723 5116 terrendi,
2763 5052 3098 5121 interrogare
3137 5051 3421 5108 sensisset.

531 5119 585 5174 2.
631 5118 763 5176 Vide
796 5118 925 5192 ergo
953 5139 1020 5177 ne
1053 5123 1190 5195 forte
1223 5124 1551 5195 intelligatur
1577 5127 1656 5179 sic
1685 5125 1774 5195 hic
1810 5124 1986 5195 locus.
2053 5120 2517 5195 Sunt__potestates
2544 5123 2801 5195 diversae,
2835 5138 2958 5195 quae
2976 5118 3309 5195 generaliter
3336 5121 3559 5195 quidem
3589 5135 3722 5195 sunt

457 5189 619 5263 dum:
656 5205 765 5263 una
795 5189 1048 5263 ex'parte
1069 5192 1164 5248 Dei
1188 5233 1201 5255 .
1235 5189 1423 5249 altera.
1444 5211 1511 5249 ex
1542 5202 1694 5263 parte
1723 5193 1925 5263 diaboli
1959 5211 1973 5247 :
2001 5189 2306 5263 specialiter
2335 5200 2518 5263 autem
2541 5192 2746 5263 plures,
2785 5201 2838 5246 et
2856 5189 3369 5263 incomparabiles;
3406 5191 3485 5246 De
3519 5193 3722 5263 quibs

458 5211 619 5247 (Ιυωῖ
656 5211 765 5245 una
797 5211 864 5246 ex
897 5211 1048 5262 parte
1069 5211 1164 5248 Del
1188 5233 1201 5255 ο
1235 5211 1409 5249 altera
1444 5211 1511 5249 CX
1577 5211 1694 5249 arte
1723 5211 1925 5248 0120011
1959 5211 1973 5247 ζ
2001 5211 2306 5261 speetauter
2335 5211 2516 5245 amem
2541 5211 2746 5260 plures,
2785 5211 2838 5246 ει
2871 5211 3346 5260 tncomparaoues.
3406 5211 3485 5246 ue
3519 5211 3722 5263 ιιιιωε

458 5259 755 5334 Apostolus
782 5260 1064 5334 Christum
1092 5264 1404 5334 gloriﬁcans
1435 5211 1629 5320 scrigit
1660 5265 1725 5319 ad
1752 5262 2127 5324 Colossenses,
2157 5261 2344 5334 dicens
2376 5262 2568 5334 omnia
2592 5262 2645 5315 in
2675 5276 2742 5316 eo
2773 5277 2895 5317 esse
2923 5272 3126 5334 secreta
3159 5277 3282 5330 quae
3325 5262 3380 5334 in
3405 5263 3724 5318 cmlis.sunt

457 5331 517 5385 et
539 5333 593 5385 in
623 5332 810 5402 terris,
840 5332 953 5387 sive
1002 5331 1236 5388 visibilia
1255 5374 1268 5399 ,
1302 5336 1417 5390 siie
1443 5335 1732 5389 invisibilia
1754 5374 1770 5399 ,
1802 5334 1918 5388 sive
1945 5333 2146 5402 sedes,
2170 5331 2285 5386 sive
2311 5331 2742 5397 dominationes,
2775 5334 2890 5386 sive
2926 5331 3263 5400 principatus
3282 5371 3298 5395 ,
3329 5333 3449 5387 sive
3479 5343 3724 5402 potesta—

459 5413 590 5484 tes.__
632 5399 922 5484 Nonxdiait
944 5418 1121 5484 unum
1148 5405 1538 5484 principatum,
1570 5414 1664 5484 aut
1689 5420 1853 5484 unam
1885 5401 2339 5484 denuntiationem,
2366 5412 2479 5484 aut.
2499 5417 2676 5483 unam.
2694 5402 2901 5484 sedem,
2929 5399 3210 5484 autetiam
3243 5399 3604 5484 potestatem,
3624 5402 3720 5484 sed

459 5472 678 5544 multas.
720 5469 788 5525 Et
819 5473 960 5544 sicut
992 5481 1119 5527 sunt
1147 5469 1200 5528 in
1235 5469 1388 5544 parie
1423 5472 1539 5538 Dei,
1571 5475 1643 5528 ita
1675 5483 1804 5528 sunt
1831 5474 1885 5526 in
1913 5483 2065 5543 parte
2095 5471 2296 5525 diaboli
2327 5471 2480 5525 multi
2506 5471 2866 5544 principatus,
2897 5471 3082 5544 multa:
3121 5469 3440 5544 potestates,
3469 5473 3613 5528 sicut
3637 5483 3720 5526 te-

459 5542 945 5611 staturApostolus
961 5543 1150 5600 dicens
1179 5561 1192 5596 :
1234 5541 1382 5600 iNon
1406 5555 1490 5599 est
1513 5545 1670 5600 nobis
1691 5541 2003 5600 colluctatio
2032 5556 2156 5597 cum
2180 5555 2343 5596 carne
2365 5550 2420 5596 et
2442 5541 2730 5611 sanguine,
2758 5541 2851 5596 sed
2881 5543 3142 5596 adversus
3169 5542 3592 5612 principatus,et
3623 5558 3719 5613 po-

531 5678 573 5709 “
605 5679 644 5730 ll
677 5677 868 5736 Thess.
898 5699 956 5751 ιι,
987 5685 1043 5740 ι.
1121 5686 1166 5718 ⁸⁸
1191 5685 1364 5746 Marc,
1395 5701 1512 5754 xm,
1544 5685 1636 5740 εἰ.
1737 5686 1781 5716 ⁸⁸
1815 5684 1854 5738 11
1883 5681 2053 5739 Thess

460 5746 541 5800 ⁸Ἰ
574 5751 700 5803 Cor.
740 5766 801 5816 ll,
837 5752 887 5806 7.

2163 5682 2264 5751 ,9,
2299 5683 2384 5738 ιο.

2484 5684 2525 5716 ³⁷
2555 5681 2773 5737 Coloss.
2795 5695 2860 5748 ιι,
2883 5680 2937 5735 3.
3018 5673 3063 5706 ³⁸
3096 5672 3143 5728 ll
3167 5672 3295 5730 Cor.
3325 5691 3422 5742 xu,
3455 5673 3506 5730 4.
