  <div class='ocr_page' id='page_1' title='image "/cluster/home/n/w/nwhite01/storage/ocr_20150623/13:no.3/coo.31924054872910/747.png"; bbox 0 0 4110 6424; ppageno 0'>
   <div class='ocr_carea' id='block_1_1' title="bbox 459 314 595 374">
    <p class='ocr_par' dir='ltr' id='par_1_1' title="bbox 459 314 595 374">
     <span class='ocr_line' id='line_1_1' title="bbox 459 314 595 374; baseline -0.015 0"><span class='ocrx_word' id='word_1_1' title='bbox 459 314 595 374; x_wconf 76' lang='lat' dir='ltr'><strong>H79</strong></span> 
     </span>
    </p>
   </div>
   <div class='ocr_carea' id='block_1_2' title="bbox 1908 317 2240 376">
    <p class='ocr_par' dir='ltr' id='par_1_2' title="bbox 1908 317 2240 376">
     <span class='ocr_line' id='line_1_2' title="bbox 1908 317 2240 376; baseline 0.012 -7"><span class='ocrx_word' id='word_1_2' title='bbox 1908 317 2240 376; x_wconf 71' lang='lat' dir='ltr'><strong>()BIGENIS</strong></span> 
     </span>
    </p>
   </div>
   <div class='ocr_carea' id='block_1_3' title="bbox 3583 321 3722 373">
    <p class='ocr_par' dir='ltr' id='par_1_3' title="bbox 3583 321 3722 373">
     <span class='ocr_line' id='line_1_3' title="bbox 3583 321 3722 373; baseline -0.043 0"><span class='ocrx_word' id='word_1_3' title='bbox 3583 321 3603 373; x_wconf 77' lang='grc'>1</span> <span class='ocrx_word' id='word_1_4' title='bbox 3628 322 3722 373; x_wconf 64' lang='grc' dir='ltr'><strong>περ</strong></span> 
     </span>
    </p>
   </div>
   <div class='ocr_carea' id='block_1_4' title="bbox 455 437 2035 518">
    <p class='ocr_par' dir='ltr' id='par_1_4' title="bbox 455 441 2026 518">
     <span class='ocr_line' id='line_1_4' title="bbox 455 441 2026 518; baseline -0.008 -11"><span class='ocrx_word' id='word_1_5' title='bbox 455 446 712 510; x_wconf 85' lang='lat' dir='ltr'><strong>statibus,</strong></span> <span class='ocrx_word' id='word_1_6' title='bbox 741 460 1044 518; x_wconf 81' lang='lat' dir='ltr'><strong>earumque</strong></span> <span class='ocrx_word' id='word_1_7' title='bbox 1067 444 1390 511; x_wconf 80' lang='lat' dir='ltr'><strong>ditl‘erentia,</strong></span> <span class='ocrx_word' id='word_1_8' title='bbox 1413 443 1586 515; x_wconf 87' lang='lat' dir='ltr'><strong>deque</strong></span> <span class='ocrx_word' id='word_1_9' title='bbox 1615 442 1799 497; x_wconf 82' lang='lat' dir='ltr'><strong>causis</strong></span> <span class='ocrx_word' id='word_1_10' title='bbox 1829 456 1928 497; x_wconf 91' lang='lat' dir='ltr'><strong>cur</strong></span> <span class='ocrx_word' id='word_1_11' title='bbox 1959 441 2026 496; x_wconf 87' lang='lat' dir='ltr'><strong>ad</strong></span> 
     </span>
    </p>
   </div>
   <div class='ocr_carea' id='block_1_5' title="bbox 2138 437 3721 518">
    <p class='ocr_par' dir='ltr' id='par_1_5' title="bbox 2138 437 3721 511">
     <span class='ocr_line' id='line_1_5' title="bbox 2138 437 3721 511; baseline -0.002 -17"><span class='ocrx_word' id='word_1_12' title='bbox 2138 438 2387 506; x_wconf 78' lang='grc' dir='ltr'>ἐξουσιῶν</span> <span class='ocrx_word' id='word_1_13' title='bbox 2417 438 2593 509; x_wconf 88' lang='grc' dir='ltr'>λόγον,</span> <span class='ocrx_word' id='word_1_14' title='bbox 2626 439 2721 493; x_wconf 75' lang='grc' dir='ltr'><strong>καὶ</strong></span> <span class='ocrx_word' id='word_1_15' title='bbox 2746 437 2844 503; x_wconf 79' lang='grc' dir='ltr'><strong>τὰς</strong></span> <span class='ocrx_word' id='word_1_16' title='bbox 2876 438 3141 510; x_wconf 71' lang='grc' dir='ltr'>διαφορὰς</span> <span class='ocrx_word' id='word_1_17' title='bbox 3168 438 3345 492; x_wconf 74' lang='grc' dir='ltr'>αὐτῶν</span> <span class='ocrx_word' id='word_1_18' title='bbox 3372 439 3721 511; x_wconf 69' lang='grc' dir='ltr'>παρέστησεν</span> 
     </span>
    </p>
   </div>
   <div class='ocr_carea' id='block_1_6' title="bbox 453 532 2036 611">
    <p class='ocr_par' dir='ltr' id='par_1_6' title="bbox 453 532 2036 611">
     <span class='ocr_line' id='line_1_6' title="bbox 453 532 2036 611; baseline -0.004 -16"><span class='ocrx_word' id='word_1_19' title='bbox 453 550 785 607; x_wconf 78' lang='lat' dir='ltr'><strong>potestatum</strong></span> <span class='ocrx_word' id='word_1_20' title='bbox 815 539 1130 611; x_wconf 87' lang='lat' dir='ltr'><strong>dignitatem</strong></span> <span class='ocrx_word' id='word_1_21' title='bbox 1164 535 1528 608; x_wconf 88' lang='lat' dir='ltr'><strong>pervenerint,</strong></span> <span class='ocrx_word' id='word_1_22' title='bbox 1548 534 1724 606; x_wconf 83' lang='lat' dir='ltr'><strong>deque</strong></span> <span class='ocrx_word' id='word_1_23' title='bbox 1752 532 1821 589; x_wconf 89' lang='lat' dir='ltr'><strong>iis</strong></span> <span class='ocrx_word' id='word_1_24' title='bbox 1850 533 2036 604; x_wconf 84' lang='lat' dir='ltr'><strong>subje-</strong></span> 
     </span>
    </p>
   </div>
   <div class='ocr_carea' id='block_1_7' title="bbox 454 626 2031 701">
    <p class='ocr_par' dir='ltr' id='par_1_7' title="bbox 454 626 2031 701">
     <span class='ocr_line' id='line_1_7' title="bbox 454 626 2031 701; baseline -0.004 -16"><span class='ocrx_word' id='word_1_25' title='bbox 454 633 553 701; x_wconf 80' lang='lat' dir='ltr'><strong>ctis</strong></span> <span class='ocrx_word' id='word_1_26' title='bbox 581 632 698 687; x_wconf 79' lang='lat' dir='ltr'><strong>sive</strong></span> <span class='ocrx_word' id='word_1_27' title='bbox 728 631 958 695; x_wconf 87' lang='lat' dir='ltr'><strong>animis,</strong></span> <span class='ocrx_word' id='word_1_28' title='bbox 1014 630 1129 685; x_wconf 82' lang='lat' dir='ltr'><strong>sive</strong></span> <span class='ocrx_word' id='word_1_29' title='bbox 1159 628 1369 684; x_wconf 77' lang='lat' dir='ltr'><strong>ratione</strong></span> <span class='ocrx_word' id='word_1_30' title='bbox 1398 627 1640 699; x_wconf 69' lang='lat' dir='ltr'><strong>praeditis</strong></span> <span class='ocrx_word' id='word_1_31' title='bbox 1689 626 2031 697; x_wconf 90' lang='lat' dir='ltr'><strong>quibuscun—</strong></span> 
     </span>
    </p>
   </div>
   <div class='ocr_carea' id='block_1_8' title="bbox 452 714 2037 793">
    <p class='ocr_par' dir='ltr' id='par_1_8' title="bbox 452 714 2037 793">
     <span class='ocr_line' id='line_1_8' title="bbox 452 714 2037 793; baseline -0.003 -18"><span class='ocrx_word' id='word_1_32' title='bbox 452 737 561 793; x_wconf 88' lang='lat' dir='ltr'><strong>que</strong></span> <span class='ocrx_word' id='word_1_33' title='bbox 595 723 756 777; x_wconf 86' lang='lat' dir='ltr'><strong>rebus</strong></span> <span class='ocrx_word' id='word_1_34' title='bbox 791 721 1074 776; x_wconf 77' lang='lat' dir='ltr'><strong>scientiam</strong></span> <span class='ocrx_word' id='word_1_35' title='bbox 1104 719 1422 790; x_wconf 85' lang='lat' dir='ltr'><strong>impertire;</strong></span> <span class='ocrx_word' id='word_1_36' title='bbox 1474 718 1605 789; x_wconf 90' lang='lat' dir='ltr'><strong>quin</strong></span> <span class='ocrx_word' id='word_1_37' title='bbox 1635 725 1690 772; x_wconf 92' lang='lat' dir='ltr'><strong>et</strong></span> <span class='ocrx_word' id='word_1_38' title='bbox 1720 731 1937 771; x_wconf 85' lang='lat' dir='ltr'><strong>omnem</strong></span> <span class='ocrx_word' id='word_1_39' title='bbox 1968 714 2037 771; x_wconf 83' lang='lat' dir='ltr'><strong>de</strong></span> 
     </span>
    </p>
   </div>
   <div class='ocr_carea' id='block_1_9' title="bbox 452 806 2037 881">
    <p class='ocr_par' dir='ltr' id='par_1_9' title="bbox 452 806 2037 881">
     <span class='ocr_line' id='line_1_9' title="bbox 452 806 2037 881; baseline -0.008 -15"><span class='ocrx_word' id='word_1_40' title='bbox 452 811 743 866; x_wconf 87' lang='lat' dir='ltr'><strong>contrariis</strong></span> <span class='ocrx_word' id='word_1_41' title='bbox 777 808 1138 881; x_wconf 82' lang='lat' dir='ltr'><strong>potestatibus</strong></span> <span class='ocrx_word' id='word_1_42' title='bbox 1171 806 1477 862; x_wconf 88' lang='lat' dir='ltr'><strong>doctrinam</strong></span> <span class='ocrx_word' id='word_1_43' title='bbox 1508 818 1789 867; x_wconf 78' lang='lat' dir='ltr'><strong>enarrare,</strong></span> <span class='ocrx_word' id='word_1_44' title='bbox 1817 817 2037 857; x_wconf 89' lang='lat' dir='ltr'><strong>earum-</strong></span> 
     </span>
    </p>
   </div>
   <div class='ocr_carea' id='block_1_10' title="bbox 454 897 2033 975">
    <p class='ocr_par' dir='ltr' id='par_1_10' title="bbox 454 897 2033 975">
     <span class='ocr_line' id='line_1_10' title="bbox 454 897 2033 975; baseline -0.006 -20"><span class='ocrx_word' id='word_1_45' title='bbox 454 920 560 973; x_wconf 83' lang='lat' dir='ltr'><strong>qnc</strong></span> <span class='ocrx_word' id='word_1_46' title='bbox 593 902 925 958; x_wconf 78' lang='lat' dir='ltr'><strong>diﬂ&#39;erentias</strong></span> <span class='ocrx_word' id='word_1_47' title='bbox 955 901 1252 956; x_wconf 79' lang='lat' dir='ltr'><strong>declarare.</strong></span> <span class='ocrx_word' id='word_1_48' title='bbox 1296 897 1594 975; x_wconf 72' lang='lat' dir='ltr'><strong>Docturum</strong></span> <span class='ocrx_word' id='word_1_49' title='bbox 1623 906 1883 967; x_wconf 67' lang='lat' dir='ltr'><strong>praeterea</strong></span> <span class='ocrx_word' id='word_1_50' title='bbox 1910 908 2033 948; x_wconf 90' lang='lat' dir='ltr'><strong>eum</strong></span> 
     </span>
    </p>
   </div>
   <div class='ocr_carea' id='block_1_11' title="bbox 453 984 2036 1062">
    <p class='ocr_par' dir='ltr' id='par_1_11' title="bbox 453 984 2036 1062">
     <span class='ocr_line' id='line_1_11' title="bbox 453 984 2036 1062; baseline -0.006 -15"><span class='ocrx_word' id='word_1_51' title='bbox 453 992 623 1049; x_wconf 76' lang='lat' dir='ltr'><strong>fuisse</strong></span> <span class='ocrx_word' id='word_1_52' title='bbox 652 992 949 1049; x_wconf 78' lang='lat' dir='ltr'><strong>verisimile</strong></span> <span class='ocrx_word' id='word_1_53' title='bbox 989 999 1073 1046; x_wconf 89' lang='lat' dir='ltr'><strong>est</strong></span> <span class='ocrx_word' id='word_1_54' title='bbox 1108 991 1265 1062; x_wconf 81' lang='lat' dir='ltr'><strong>juxta</strong></span> <span class='ocrx_word' id='word_1_55' title='bbox 1292 989 1421 1043; x_wconf 88' lang='lat' dir='ltr'><strong>illud</strong></span> <span class='ocrx_word' id='word_1_56' title='bbox 1453 987 1499 1019; x_wconf 70' lang='grc' dir='ltr'>δ’</span> <span class='ocrx_word' id='word_1_57' title='bbox 1536 1004 1549 1041; x_wconf 89' lang='lat'><strong>:</strong></span> <span class='ocrx_word' id='word_1_58' title='bbox 1589 1005 1607 1037; x_wconf 75' lang='grc' dir='ltr'><strong>ι</strong></span> <span class='ocrx_word' id='word_1_59' title='bbox 1646 984 1754 1040; x_wconf 80' lang='lat' dir='ltr'><strong>Lex</strong></span> <span class='ocrx_word' id='word_1_60' title='bbox 1789 986 2036 1040; x_wconf 82' lang='lat' dir='ltr'><strong>ordinata</strong></span> 
     </span>
    </p>
   </div>
   <div class='ocr_carea' id='block_1_12' title="bbox 451 1073 2037 1153">
    <p class='ocr_par' dir='ltr' id='par_1_12' title="bbox 451 1073 2037 1153">
     <span class='ocr_line' id='line_1_12' title="bbox 451 1073 2037 1153; baseline -0.006 -16"><span class='ocrx_word' id='word_1_61' title='bbox 451 1098 547 1153; x_wconf 87' lang='lat' dir='ltr'><strong>per</strong></span> <span class='ocrx_word' id='word_1_62' title='bbox 575 1082 834 1152; x_wconf 83' lang='lat' dir='ltr'><strong>angelos,</strong></span> <span class='ocrx_word' id='word_1_63' title='bbox 876 1101 896 1133; x_wconf 75' lang='grc' dir='ltr'>ι</span> <span class='ocrx_word' id='word_1_64' title='bbox 931 1091 983 1134; x_wconf 90' lang='lat' dir='ltr'><strong>et</strong></span> <span class='ocrx_word' id='word_1_65' title='bbox 1017 1079 1151 1134; x_wconf 91' lang='lat' dir='ltr'><strong>illud</strong></span> <span class='ocrx_word' id='word_1_66' title='bbox 1179 1079 1225 1110; x_wconf 77' lang='lat'>“</span> <span class='ocrx_word' id='word_1_67' title='bbox 1261 1096 1275 1132; x_wconf 91' lang='lat'><strong>:</strong></span> <span class='ocrx_word' id='word_1_68' title='bbox 1317 1095 1336 1128; x_wconf 74' lang='grc' dir='ltr'><strong>ι</strong></span> <span class='ocrx_word' id='word_1_69' title='bbox 1372 1076 1428 1131; x_wconf 90' lang='lat' dir='ltr'><strong>Si</strong></span> <span class='ocrx_word' id='word_1_70' title='bbox 1461 1075 1554 1146; x_wconf 85' lang='lat' dir='ltr'><strong>qui</strong></span> <span class='ocrx_word' id='word_1_71' title='bbox 1583 1092 1676 1145; x_wconf 88' lang='lat' dir='ltr'><strong>per</strong></span> <span class='ocrx_word' id='word_1_72' title='bbox 1700 1075 1921 1145; x_wconf 76' lang='lat' dir='ltr'><strong>angelos</strong></span> <span class='ocrx_word' id='word_1_73' title='bbox 1948 1073 2037 1128; x_wconf 85' lang='lat' dir='ltr'><strong>di-</strong></span> 
     </span>
    </p>
   </div>
   <div class='ocr_carea' id='block_1_13' title="bbox 451 1165 2037 1238">
    <p class='ocr_par' dir='ltr' id='par_1_13' title="bbox 451 1165 2037 1238">
     <span class='ocr_line' id='line_1_13' title="bbox 451 1165 2037 1238; baseline -0.006 -10"><span class='ocrx_word' id='word_1_74' title='bbox 451 1183 572 1229; x_wconf 89' lang='lat' dir='ltr'><strong>ctus</strong></span> <span class='ocrx_word' id='word_1_75' title='bbox 598 1181 681 1228; x_wconf 91' lang='lat' dir='ltr'><strong>est</strong></span> <span class='ocrx_word' id='word_1_76' title='bbox 710 1186 913 1238; x_wconf 86' lang='lat' dir='ltr'><strong>sermo,</strong></span> <span class='ocrx_word' id='word_1_77' title='bbox 950 1170 1128 1226; x_wconf 82' lang='lat' dir='ltr'><strong>factus</strong></span> <span class='ocrx_word' id='word_1_78' title='bbox 1159 1178 1244 1226; x_wconf 89' lang='lat' dir='ltr'><strong>est</strong></span> <span class='ocrx_word' id='word_1_79' title='bbox 1276 1168 1497 1233; x_wconf 78' lang='lat' dir='ltr'><strong>ﬁrmus;</strong></span> <span class='ocrx_word' id='word_1_80' title='bbox 1538 1186 1556 1219; x_wconf 71' lang='grc' dir='ltr'>ι</span> <span class='ocrx_word' id='word_1_81' title='bbox 1588 1167 1745 1238; x_wconf 77' lang='lat' dir='ltr'><strong>juxta</strong></span> <span class='ocrx_word' id='word_1_82' title='bbox 1775 1166 1927 1231; x_wconf 91' lang='lat' dir='ltr'><strong>illud,</strong></span> <span class='ocrx_word' id='word_1_83' title='bbox 1959 1165 2037 1219; x_wconf 89' lang='lat' dir='ltr'><strong>in-</strong></span> 
     </span>
    </p>
   </div>
   <div class='ocr_carea' id='block_1_14' title="bbox 452 1259 2037 1336">
    <p class='ocr_par' dir='ltr' id='par_1_14' title="bbox 452 1259 2037 1336">
     <span class='ocr_line' id='line_1_14' title="bbox 452 1259 2037 1336; baseline -0.004 -17"><span class='ocrx_word' id='word_1_84' title='bbox 452 1280 617 1336; x_wconf 88' lang='lat' dir='ltr'><strong>quam</strong></span> <span class='ocrx_word' id='word_1_85' title='bbox 638 1306 655 1332; x_wconf 98' lang='lat'><strong>,</strong></span> <span class='ocrx_word' id='word_1_86' title='bbox 688 1264 834 1336; x_wconf 91' lang='lat' dir='ltr'><strong>quod</strong></span> <span class='ocrx_word' id='word_1_87' title='bbox 867 1264 935 1318; x_wconf 88' lang='lat' dir='ltr'><strong>de</strong></span> <span class='ocrx_word' id='word_1_88' title='bbox 962 1263 1170 1333; x_wconf 81' lang='lat' dir='ltr'><strong>angelis</strong></span> <span class='ocrx_word' id='word_1_89' title='bbox 1207 1261 1307 1331; x_wconf 89' lang='lat' dir='ltr'><strong>legi</strong></span> <span class='ocrx_word' id='word_1_90' title='bbox 1339 1259 1813 1325; x_wconf 82' lang='lat' dir='ltr'><strong>ministrantibus,</strong></span> <span class='ocrx_word' id='word_1_91' title='bbox 1856 1266 1912 1312; x_wconf 90' lang='lat' dir='ltr'><strong>et</strong></span> <span class='ocrx_word' id='word_1_92' title='bbox 1937 1272 2037 1327; x_wconf 87' lang='lat' dir='ltr'><strong>po-</strong></span> 
     </span>
    </p>
   </div>
   <div class='ocr_carea' id='block_1_15' title="bbox 452 1350 2033 1430">
    <p class='ocr_par' dir='ltr' id='par_1_15' title="bbox 452 1350 2033 1430">
     <span class='ocr_line' id='line_1_15' title="bbox 452 1350 2033 1430; baseline -0.008 -14"><span class='ocrx_word' id='word_1_93' title='bbox 452 1370 647 1415; x_wconf 65' lang='lat' dir='ltr'><strong>wstate</strong></span> <span class='ocrx_word' id='word_1_94' title='bbox 688 1361 743 1414; x_wconf 92' lang='lat' dir='ltr'><strong>in</strong></span> <span class='ocrx_word' id='word_1_95' title='bbox 779 1357 1078 1430; x_wconf 88' lang='lat' dir='ltr'><strong>Seripturis</strong></span> <span class='ocrx_word' id='word_1_96' title='bbox 1123 1356 1383 1410; x_wconf 85' lang='lat' dir='ltr'><strong>traditum</strong></span> <span class='ocrx_word' id='word_1_97' title='bbox 1430 1362 1547 1416; x_wconf 85' lang='lat' dir='ltr'><strong>est;</strong></span> <span class='ocrx_word' id='word_1_98' title='bbox 1586 1351 1640 1405; x_wconf 92' lang='lat' dir='ltr'><strong>in</strong></span> <span class='ocrx_word' id='word_1_99' title='bbox 1683 1367 1789 1422; x_wconf 90' lang='lat' dir='ltr'><strong>qua</strong></span> <span class='ocrx_word' id='word_1_100' title='bbox 1815 1389 1830 1414; x_wconf 89' lang='lat'><strong>,</strong></span> <span class='ocrx_word' id='word_1_101' title='bbox 1884 1350 2033 1406; x_wconf 84' lang='lat' dir='ltr'><strong>verbi</strong></span> 
     </span>
    </p>
   </div>
   <div class='ocr_carea' id='block_1_16' title="bbox 450 1443 2033 1522">
    <p class='ocr_par' dir='ltr' id='par_1_16' title="bbox 450 1443 2033 1522">
     <span class='ocr_line' id='line_1_16' title="bbox 450 1443 2033 1522; baseline -0.006 -16"><span class='ocrx_word' id='word_1_102' title='bbox 450 1452 648 1521; x_wconf 83' lang='lat' dir='ltr'><strong>gratia,</strong></span> <span class='ocrx_word' id='word_1_103' title='bbox 677 1458 967 1522; x_wconf 80' lang='lat' dir='ltr'><strong>potestate,</strong></span> <span class='ocrx_word' id='word_1_104' title='bbox 997 1448 1163 1520; x_wconf 75' lang='lat'><strong>768</strong></span> <span class='ocrx_word' id='word_1_105' title='bbox 1195 1447 1301 1503; x_wconf 90' lang='lat' dir='ltr'><strong>Deo</strong></span> <span class='ocrx_word' id='word_1_106' title='bbox 1328 1443 1693 1509; x_wconf 87' lang='lat' dir='ltr'><strong>ministrante,</strong></span> <span class='ocrx_word' id='word_1_107' title='bbox 1708 1443 1791 1497; x_wconf 89' lang='lat' dir='ltr'><strong>vel</strong></span> <span class='ocrx_word' id='word_1_108' title='bbox 1818 1443 1871 1497; x_wconf 93' lang='lat' dir='ltr'><strong>in</strong></span> <span class='ocrx_word' id='word_1_109' title='bbox 1907 1443 2033 1513; x_wconf 86' lang='lat' dir='ltr'><strong>qui-</strong></span> 
     </span>
    </p>
   </div>
   <div class='ocr_carea' id='block_1_17' title="bbox 458 1536 2037 1611">
    <p class='ocr_par' dir='ltr' id='par_1_17' title="bbox 458 1536 2037 1611">
     <span class='ocr_line' id='line_1_17' title="bbox 458 1536 2037 1611; baseline -0.005 -16"><span class='ocrx_word' id='word_1_110' title='bbox 458 1542 597 1607; x_wconf 82' lang='lat' dir='ltr'><strong>bus,</strong></span> <span class='ocrx_word' id='word_1_111' title='bbox 653 1541 1083 1611; x_wconf 89' lang='lat' dir='ltr'><strong>unumquodque</strong></span> <span class='ocrx_word' id='word_1_112' title='bbox 1127 1537 1496 1608; x_wconf 82' lang='lat' dir='ltr'><strong>prodigiorum</strong></span> <span class='ocrx_word' id='word_1_113' title='bbox 1540 1553 1663 1608; x_wconf 72' lang='lat' dir='ltr'><strong>qua:</strong></span> <span class='ocrx_word' id='word_1_114' title='bbox 1692 1536 2037 1605; x_wconf 86' lang='lat' dir='ltr'><strong>contigerunt</strong></span> 
     </span>
    </p>
   </div>
   <div class='ocr_carea' id='block_1_18' title="bbox 454 1622 2035 1704">
    <p class='ocr_par' dir='ltr' id='par_1_18' title="bbox 454 1622 2035 1704">
     <span class='ocr_line' id='line_1_18' title="bbox 454 1622 2035 1704; baseline -0.007 -17"><span class='ocrx_word' id='word_1_115' title='bbox 454 1634 509 1687; x_wconf 87' lang='lat' dir='ltr'><strong>in</strong></span> <span class='ocrx_word' id='word_1_116' title='bbox 534 1631 790 1704; x_wconf 64' lang='lat' dir='ltr'><strong>Egypto,</strong></span> <span class='ocrx_word' id='word_1_117' title='bbox 831 1630 1032 1686; x_wconf 83' lang='lat' dir='ltr'><strong>factum</strong></span> <span class='ocrx_word' id='word_1_118' title='bbox 1058 1636 1177 1694; x_wconf 90' lang='lat' dir='ltr'><strong>est;</strong></span> <span class='ocrx_word' id='word_1_119' title='bbox 1210 1642 1459 1699; x_wconf 66' lang='lat' dir='ltr'><strong>quaenam</strong></span> <span class='ocrx_word' id='word_1_120' title='bbox 1490 1626 1619 1682; x_wconf 91' lang='lat' dir='ltr'><strong>item</strong></span> <span class='ocrx_word' id='word_1_121' title='bbox 1652 1635 1895 1698; x_wconf 84' lang='lat' dir='ltr'><strong>potestas</strong></span> <span class='ocrx_word' id='word_1_122' title='bbox 1920 1622 2035 1677; x_wconf 84' lang='lat' dir='ltr'><strong>vir—</strong></span> 
     </span>
    </p>
   </div>
   <div class='ocr_carea' id='block_1_19' title="bbox 454 1724 2031 1797">
    <p class='ocr_par' dir='ltr' id='par_1_19' title="bbox 454 1724 2031 1797">
     <span class='ocr_line' id='line_1_19' title="bbox 454 1724 2031 1797; baseline -0.006 -16"><span class='ocrx_word' id='word_1_123' title='bbox 454 1743 534 1796; x_wconf 77' lang='lat' dir='ltr'><strong>gze</strong></span> <span class='ocrx_word' id='word_1_124' title='bbox 563 1725 766 1797; x_wconf 84' lang='lat' dir='ltr'><strong>Moysis</strong></span> <span class='ocrx_word' id='word_1_125' title='bbox 800 1724 855 1778; x_wconf 85' lang='lat' dir='ltr'><strong>in</strong></span> <span class='ocrx_word' id='word_1_126' title='bbox 886 1730 1189 1792; x_wconf 88' lang='lat' dir='ltr'><strong>serpentem</strong></span> <span class='ocrx_word' id='word_1_127' title='bbox 1213 1728 1591 1795; x_wconf 62' lang='lat' dir='ltr'><strong>transmutata</strong></span> <span class='ocrx_word' id='word_1_128' title='bbox 1625 1734 1845 1790; x_wconf 87' lang='lat' dir='ltr'><strong>operam</strong></span> <span class='ocrx_word' id='word_1_129' title='bbox 1875 1731 2031 1773; x_wconf 77' lang='lat' dir='ltr'><strong>suam</strong></span> 
     </span>
    </p>
   </div>
   <div class='ocr_carea' id='block_1_20' title="bbox 449 1807 2033 1890">
    <p class='ocr_par' dir='ltr' id='par_1_20' title="bbox 449 1807 2033 1890">
     <span class='ocr_line' id='line_1_20' title="bbox 449 1807 2033 1890; baseline -0.005 -19"><span class='ocrx_word' id='word_1_130' title='bbox 449 1818 733 1890; x_wconf 63' lang='lat' dir='ltr'><strong>praestitit;</strong></span> <span class='ocrx_word' id='word_1_131' title='bbox 788 1824 904 1870; x_wconf 90' lang='lat' dir='ltr'><strong>tum</strong></span> <span class='ocrx_word' id='word_1_132' title='bbox 934 1828 1187 1884; x_wconf 59' lang='lat' dir='ltr'><strong>quaenam</strong></span> <span class='ocrx_word' id='word_1_133' title='bbox 1221 1811 1351 1865; x_wconf 88' lang='lat' dir='ltr'><strong>huic</strong></span> <span class='ocrx_word' id='word_1_134' title='bbox 1386 1810 1661 1866; x_wconf 88' lang='lat' dir='ltr'><strong>contraria</strong></span> <span class='ocrx_word' id='word_1_135' title='bbox 1683 1853 1698 1876; x_wconf 96' lang='lat'><strong>,</strong></span> <span class='ocrx_word' id='word_1_136' title='bbox 1746 1807 2033 1881; x_wconf 64' lang='lat' dir='ltr'><strong>Egyptia-</strong></span> 
     </span>
    </p>
   </div>
   <div class='ocr_carea' id='block_1_21' title="bbox 450 1900 2037 1976">
    <p class='ocr_par' dir='ltr' id='par_1_21' title="bbox 450 1900 2037 1976">
     <span class='ocr_line' id='line_1_21' title="bbox 450 1900 2037 1976; baseline -0.005 -14"><span class='ocrx_word' id='word_1_137' title='bbox 450 1924 641 1963; x_wconf 87' lang='lat' dir='ltr'><strong>carum</strong></span> <span class='ocrx_word' id='word_1_138' title='bbox 680 1907 957 1976; x_wconf 76' lang='lat' dir='ltr'><strong>virgarum</strong></span> <span class='ocrx_word' id='word_1_139' title='bbox 988 1903 1043 1958; x_wconf 91' lang='lat' dir='ltr'><strong>in</strong></span> <span class='ocrx_word' id='word_1_140' title='bbox 1072 1903 1341 1958; x_wconf 87' lang='lat' dir='ltr'><strong>dracones</strong></span> <span class='ocrx_word' id='word_1_141' title='bbox 1369 1900 1755 1972; x_wconf 88' lang='lat' dir='ltr'><strong>permutationi</strong></span> <span class='ocrx_word' id='word_1_142' title='bbox 1786 1900 2037 1955; x_wconf 85' lang='lat' dir='ltr'><strong>ministe-</strong></span> 
     </span>
    </p>
   </div>
   <div class='ocr_carea' id='block_1_22' title="bbox 448 1989 2036 2063">
    <p class='ocr_par' dir='ltr' id='par_1_22' title="bbox 448 1989 2036 2063">
     <span class='ocr_line' id='line_1_22' title="bbox 448 1989 2036 2063; baseline -0.007 -7"><span class='ocrx_word' id='word_1_143' title='bbox 448 2002 591 2056; x_wconf 82' lang='lat' dir='ltr'><strong>rium</strong></span> <span class='ocrx_word' id='word_1_144' title='bbox 646 2014 808 2054; x_wconf 86' lang='lat' dir='ltr'><strong>suum</strong></span> <span class='ocrx_word' id='word_1_145' title='bbox 860 1996 1125 2061; x_wconf 90' lang='lat' dir='ltr'><strong>contulit;</strong></span> <span class='ocrx_word' id='word_1_146' title='bbox 1178 1994 1433 2049; x_wconf 78' lang='lat' dir='ltr'><strong>virtutem</strong></span> <span class='ocrx_word' id='word_1_147' title='bbox 1484 2007 1704 2063; x_wconf 91' lang='lat' dir='ltr'><strong>quoque</strong></span> <span class='ocrx_word' id='word_1_148' title='bbox 1753 1989 2036 2061; x_wconf 83' lang='lat' dir='ltr'><strong>potestatis</strong></span> 
     </span>
    </p>
   </div>
   <div class='ocr_carea' id='block_1_23' title="bbox 449 2081 2037 2160">
    <p class='ocr_par' dir='ltr' id='par_1_23' title="bbox 449 2081 2037 2160">
     <span class='ocr_line' id='line_1_23' title="bbox 449 2081 2037 2160; baseline -0.006 -15"><span class='ocrx_word' id='word_1_149' title='bbox 449 2091 832 2160; x_wconf 79' lang='lat' dir='ltr'><strong>explanasset,</strong></span> <span class='ocrx_word' id='word_1_150' title='bbox 884 2102 992 2159; x_wconf 90' lang='lat' dir='ltr'><strong>qua</strong></span> <span class='ocrx_word' id='word_1_151' title='bbox 1034 2085 1290 2141; x_wconf 80' lang='lat' dir='ltr'><strong>ell&#39;cctum</strong></span> <span class='ocrx_word' id='word_1_152' title='bbox 1340 2092 1458 2150; x_wconf 88' lang='lat' dir='ltr'><strong>est,</strong></span> <span class='ocrx_word' id='word_1_153' title='bbox 1509 2090 1570 2138; x_wconf 91' lang='lat' dir='ltr'><strong>ut</strong></span> <span class='ocrx_word' id='word_1_154' title='bbox 1604 2081 1838 2136; x_wconf 85' lang='lat' dir='ltr'><strong>Aaronis</strong></span> <span class='ocrx_word' id='word_1_155' title='bbox 1883 2081 2037 2154; x_wconf 87' lang='lat' dir='ltr'><strong>virga</strong></span> 
     </span>
    </p>
   </div>
   <div class='ocr_carea' id='block_1_24' title="bbox 450 2173 2037 2254">
    <p class='ocr_par' dir='ltr' id='par_1_24' title="bbox 450 2173 2037 2254">
     <span class='ocr_line' id='line_1_24' title="bbox 450 2173 2037 2254; baseline -0.005 -16"><span class='ocrx_word' id='word_1_156' title='bbox 450 2181 832 2254; x_wconf 66' lang='lat' dir='ltr'><strong>Egypliorum</strong></span> <span class='ocrx_word' id='word_1_157' title='bbox 875 2178 1058 2248; x_wconf 80' lang='lat' dir='ltr'><strong>virgas</strong></span> <span class='ocrx_word' id='word_1_158' title='bbox 1091 2177 1405 2242; x_wconf 85' lang='lat' dir='ltr'><strong>devoraret;</strong></span> <span class='ocrx_word' id='word_1_159' title='bbox 1457 2174 1684 2230; x_wconf 75' lang='lat' dir='ltr'><strong>dixisset</strong></span> <span class='ocrx_word' id='word_1_160' title='bbox 1728 2173 1890 2227; x_wconf 89' lang='lat' dir='ltr'><strong>etiam</strong></span> <span class='ocrx_word' id='word_1_161' title='bbox 1926 2190 2037 2245; x_wconf 84' lang='lat' dir='ltr'><strong>qua</strong></span> 
     </span>
    </p>
   </div>
   <div class='ocr_carea' id='block_1_25' title="bbox 453 2265 2038 2345">
    <p class='ocr_par' dir='ltr' id='par_1_25' title="bbox 453 2265 2038 2345">
     <span class='ocr_line' id='line_1_25' title="bbox 453 2265 2038 2345; baseline -0.004 -17"><span class='ocrx_word' id='word_1_162' title='bbox 453 2280 723 2345; x_wconf 89' lang='lat' dir='ltr'><strong>potestate</strong></span> <span class='ocrx_word' id='word_1_163' title='bbox 765 2272 819 2326; x_wconf 89' lang='lat' dir='ltr'><strong>in</strong></span> <span class='ocrx_word' id='word_1_164' title='bbox 870 2271 1050 2326; x_wconf 86' lang='lat' dir='ltr'><strong>nivem</strong></span> <span class='ocrx_word' id='word_1_165' title='bbox 1104 2283 1303 2323; x_wconf 88' lang='lat' dir='ltr'><strong>manus</strong></span> <span class='ocrx_word' id='word_1_166' title='bbox 1354 2267 1556 2340; x_wconf 80' lang='lat' dir='ltr'><strong>Moysis</strong></span> <span class='ocrx_word' id='word_1_167' title='bbox 1590 2275 1799 2321; x_wconf 91' lang='lat' dir='ltr'><strong>mutata</strong></span> <span class='ocrx_word' id='word_1_168' title='bbox 1830 2265 1931 2333; x_wconf 89' lang='lat' dir='ltr'><strong>sit;</strong></span> <span class='ocrx_word' id='word_1_169' title='bbox 1982 2272 2038 2321; x_wconf 87' lang='lat' dir='ltr'><strong>et</strong></span> 
     </span>
    </p>
   </div>
   <div class='ocr_carea' id='block_1_26' title="bbox 453 2358 2038 2438">
    <p class='ocr_par' dir='ltr' id='par_1_26' title="bbox 453 2358 2038 2438">
     <span class='ocr_line' id='line_1_26' title="bbox 453 2358 2038 2438; baseline -0.006 -17"><span class='ocrx_word' id='word_1_170' title='bbox 453 2381 702 2438; x_wconf 73' lang='lat' dir='ltr'><strong>quaenam</strong></span> <span class='ocrx_word' id='word_1_171' title='bbox 737 2381 802 2420; x_wconf 80' lang='lat' dir='ltr'><strong>ex</strong></span> <span class='ocrx_word' id='word_1_172' title='bbox 832 2362 1163 2420; x_wconf 89' lang='lat' dir='ltr'><strong>adversariis</strong></span> <span class='ocrx_word' id='word_1_173' title='bbox 1196 2369 1439 2431; x_wconf 89' lang='lat' dir='ltr'><strong>potestas</strong></span> <span class='ocrx_word' id='word_1_174' title='bbox 1470 2358 1742 2432; x_wconf 67' lang='lat' dir='ltr'><strong>Egyptiis</strong></span> <span class='ocrx_word' id='word_1_175' title='bbox 1789 2359 2038 2413; x_wconf 82' lang='lat' dir='ltr'><strong>incanta-</strong></span> 
     </span>
    </p>
   </div>
   <div class='ocr_carea' id='block_1_27' title="bbox 455 2450 2037 2528">
    <p class='ocr_par' dir='ltr' id='par_1_27' title="bbox 455 2450 2037 2528">
     <span class='ocr_line' id='line_1_27' title="bbox 455 2450 2037 2528; baseline -0.004 -15"><span class='ocrx_word' id='word_1_176' title='bbox 455 2458 668 2513; x_wconf 87' lang='lat' dir='ltr'><strong>toribus</strong></span> <span class='ocrx_word' id='word_1_177' title='bbox 718 2456 997 2528; x_wconf 87' lang='lat' dir='ltr'><strong>sigillatim</strong></span> <span class='ocrx_word' id='word_1_178' title='bbox 1048 2453 1441 2523; x_wconf 86' lang='lat' dir='ltr'><strong>opitulabatur,</strong></span> <span class='ocrx_word' id='word_1_179' title='bbox 1478 2452 1699 2524; x_wconf 88' lang='lat' dir='ltr'><strong>quando</strong></span> <span class='ocrx_word' id='word_1_180' title='bbox 1747 2453 1901 2522; x_wconf 85' lang='lat' dir='ltr'><strong>signa</strong></span> <span class='ocrx_word' id='word_1_181' title='bbox 1940 2450 2037 2507; x_wconf 90' lang='lat' dir='ltr'><strong>Dei</strong></span> 
     </span>
    </p>
   </div>
   <div class='ocr_carea' id='block_1_28' title="bbox 454 2542 2035 2618">
    <p class='ocr_par' dir='ltr' id='par_1_28' title="bbox 454 2542 2035 2618">
     <span class='ocr_line' id='line_1_28' title="bbox 454 2542 2035 2618; baseline -0.003 -15"><span class='ocrx_word' id='word_1_182' title='bbox 454 2548 658 2603; x_wconf 88' lang='lat' dir='ltr'><strong>imitari</strong></span> <span class='ocrx_word' id='word_1_183' title='bbox 702 2547 1053 2603; x_wconf 85' lang='lat' dir='ltr'><strong>videbantur.</strong></span> <span class='ocrx_word' id='word_1_184' title='bbox 1109 2543 1306 2600; x_wconf 88' lang='lat' dir='ltr'><strong>Decem</strong></span> <span class='ocrx_word' id='word_1_185' title='bbox 1354 2545 1608 2601; x_wconf 88' lang='lat' dir='ltr'><strong>similiter</strong></span> <span class='ocrx_word' id='word_1_186' title='bbox 1655 2542 2035 2618; x_wconf 66' lang='lat' dir='ltr'><strong>Egyptiorum</strong></span> 
     </span>
    </p>
   </div>
   <div class='ocr_carea' id='block_1_29' title="bbox 453 2637 2036 2712">
    <p class='ocr_par' dir='ltr' id='par_1_29' title="bbox 453 2637 2036 2712">
     <span class='ocr_line' id='line_1_29' title="bbox 453 2637 2036 2712; baseline -0.001 -18"><span class='ocrx_word' id='word_1_187' title='bbox 453 2642 661 2712; x_wconf 71' lang='lat' dir='ltr'><strong>plagas,</strong></span> <span class='ocrx_word' id='word_1_188' title='bbox 697 2649 753 2695; x_wconf 89' lang='lat' dir='ltr'><strong>et</strong></span> <span class='ocrx_word' id='word_1_189' title='bbox 777 2640 1076 2709; x_wconf 84' lang='lat' dir='ltr'><strong>legationes</strong></span> <span class='ocrx_word' id='word_1_190' title='bbox 1126 2638 1390 2693; x_wconf 86' lang='lat' dir='ltr'><strong>adversus</strong></span> <span class='ocrx_word' id='word_1_191' title='bbox 1414 2652 1510 2693; x_wconf 88' lang='lat' dir='ltr'><strong>eos</strong></span> <span class='ocrx_word' id='word_1_192' title='bbox 1534 2638 1733 2694; x_wconf 88' lang='lat' dir='ltr'><strong>missas</strong></span> <span class='ocrx_word' id='word_1_193' title='bbox 1763 2637 2036 2693; x_wconf 88' lang='lat' dir='ltr'><strong>malorum</strong></span> 
     </span>
    </p>
   </div>
   <div class='ocr_carea' id='block_1_30' title="bbox 453 2726 2037 2804">
    <p class='ocr_par' dir='ltr' id='par_1_30' title="bbox 453 2726 2037 2804">
     <span class='ocr_line' id='line_1_30' title="bbox 453 2726 2037 2804; baseline -0.002 -15"><span class='ocrx_word' id='word_1_194' title='bbox 453 2734 773 2804; x_wconf 85' lang='lat' dir='ltr'><strong>angelorum</strong></span> <span class='ocrx_word' id='word_1_195' title='bbox 819 2747 923 2800; x_wconf 88' lang='lat' dir='ltr'><strong>ope</strong></span> <span class='ocrx_word' id='word_1_196' title='bbox 968 2728 1376 2785; x_wconf 86' lang='lat' dir='ltr'><strong>administratas</strong></span> <span class='ocrx_word' id='word_1_197' title='bbox 1410 2726 1577 2784; x_wconf 82' lang='lat' dir='ltr'><strong>fuisse</strong></span> <span class='ocrx_word' id='word_1_198' title='bbox 1605 2744 2037 2786; x_wconf 85' lang='lat' dir='ltr'><strong>commemoras-</strong></span> 
     </span>
    </p>
   </div>
   <div class='ocr_carea' id='block_1_31' title="bbox 453 2818 2037 2895">
    <p class='ocr_par' dir='ltr' id='par_1_31' title="bbox 453 2818 2037 2895">
     <span class='ocr_line' id='line_1_31' title="bbox 453 2818 2037 2895; baseline -0.003 -16"><span class='ocrx_word' id='word_1_199' title='bbox 453 2834 536 2880; x_wconf 88' lang='lat' dir='ltr'><strong>set</strong></span> <span class='ocrx_word' id='word_1_200' title='bbox 564 2841 579 2878; x_wconf 90' lang='lat'><strong>:</strong></span> <span class='ocrx_word' id='word_1_201' title='bbox 608 2838 858 2895; x_wconf 72' lang='lat' dir='ltr'><strong>quaenam</strong></span> <span class='ocrx_word' id='word_1_202' title='bbox 889 2821 1018 2876; x_wconf 89' lang='lat' dir='ltr'><strong>item</strong></span> <span class='ocrx_word' id='word_1_203' title='bbox 1049 2827 1291 2889; x_wconf 85' lang='lat' dir='ltr'><strong>potestas</strong></span> <span class='ocrx_word' id='word_1_204' title='bbox 1322 2818 1374 2872; x_wconf 90' lang='lat' dir='ltr'><strong>in</strong></span> <span class='ocrx_word' id='word_1_205' title='bbox 1408 2819 1591 2890; x_wconf 83' lang='lat' dir='ltr'><strong>p0puli</strong></span> <span class='ocrx_word' id='word_1_206' title='bbox 1628 2820 1916 2876; x_wconf 87' lang='lat' dir='ltr'><strong>transitum</strong></span> <span class='ocrx_word' id='word_1_207' title='bbox 1941 2834 2037 2890; x_wconf 89' lang='lat' dir='ltr'><strong>per</strong></span> 
     </span>
    </p>
   </div>
   <div class='ocr_carea' id='block_1_32' title="bbox 455 2909 2033 2993">
    <p class='ocr_par' dir='ltr' id='par_1_32' title="bbox 455 2909 2033 2993">
     <span class='ocr_line' id='line_1_32' title="bbox 455 2909 2033 2993; baseline -0.004 -21"><span class='ocrx_word' id='word_1_208' title='bbox 455 2931 607 2972; x_wconf 87' lang='lat' dir='ltr'><strong>mare</strong></span> <span class='ocrx_word' id='word_1_209' title='bbox 660 2912 931 2979; x_wconf 79' lang='lat' dir='ltr'><strong>Rubrum,</strong></span> <span class='ocrx_word' id='word_1_210' title='bbox 966 2921 1020 2968; x_wconf 90' lang='lat' dir='ltr'><strong>et</strong></span> <span class='ocrx_word' id='word_1_211' title='bbox 1067 2911 1123 2966; x_wconf 88' lang='lat' dir='ltr'><strong>in</strong></span> <span class='ocrx_word' id='word_1_212' title='bbox 1174 2909 1550 2993; x_wconf 65' lang='lat' dir='ltr'><strong>Egyptiorum</strong></span> <span class='ocrx_word' id='word_1_213' title='bbox 1601 2912 2033 2968; x_wconf 86' lang='lat' dir='ltr'><strong>submersionem</strong></span> 
     </span>
    </p>
   </div>
   <div class='ocr_carea' id='block_1_33' title="bbox 454 3001 2037 3074">
    <p class='ocr_par' dir='ltr' id='par_1_33' title="bbox 454 3001 2037 3074">
     <span class='ocr_line' id='line_1_33' title="bbox 454 3001 2037 3074; baseline -0.001 -15"><span class='ocrx_word' id='word_1_214' title='bbox 454 3020 677 3074; x_wconf 85' lang='lat' dir='ltr'><strong>cperam</strong></span> <span class='ocrx_word' id='word_1_215' title='bbox 710 3019 867 3060; x_wconf 89' lang='lat' dir='ltr'><strong>suam</strong></span> <span class='ocrx_word' id='word_1_216' title='bbox 900 3001 1165 3069; x_wconf 89' lang='lat' dir='ltr'><strong>contulit;</strong></span> <span class='ocrx_word' id='word_1_217' title='bbox 1196 3008 1251 3056; x_wconf 89' lang='lat' dir='ltr'><strong>et</strong></span> <span class='ocrx_word' id='word_1_218' title='bbox 1285 3015 1407 3071; x_wconf 67' lang='lat' dir='ltr'><strong>qua:</strong></span> <span class='ocrx_word' id='word_1_219' title='bbox 1431 3011 1706 3072; x_wconf 86' lang='lat' dir='ltr'><strong>potestas,</strong></span> <span class='ocrx_word' id='word_1_220' title='bbox 1750 3011 1810 3058; x_wconf 88' lang='lat' dir='ltr'><strong>ut</strong></span> <span class='ocrx_word' id='word_1_221' title='bbox 1836 3018 2037 3058; x_wconf 75' lang='lat' dir='ltr'><strong>amara:</strong></span> 
     </span>
    </p>
   </div>
   <div class='ocr_carea' id='block_1_34' title="bbox 2139 527 3726 601">
    <p class='ocr_par' dir='ltr' id='par_1_34' title="bbox 2139 527 3726 601">
     <span class='ocr_line' id='line_1_34' title="bbox 2139 527 3726 601; baseline -0.003 -15"><span class='ocrx_word' id='word_1_222' title='bbox 2139 532 2224 586; x_wconf 80' lang='grc' dir='ltr'><strong>ἄν.</strong></span> <span class='ocrx_word' id='word_1_223' title='bbox 2244 531 2404 593; x_wconf 76' lang='grc' dir='ltr'>Εἰκὸς</span> <span class='ocrx_word' id='word_1_224' title='bbox 2426 529 2484 584; x_wconf 86' lang='grc' dir='ltr'><strong>δέ</strong></span> <span class='ocrx_word' id='word_1_225' title='bbox 2508 530 2589 583; x_wconf 87' lang='grc' dir='ltr'>ὄτι</span> <span class='ocrx_word' id='word_1_226' title='bbox 2614 529 2850 594; x_wconf 87' lang='grc' dir='ltr'>ἐδίδαξεν</span> <span class='ocrx_word' id='word_1_227' title='bbox 2874 528 2944 583; x_wconf 84' lang='grc' dir='ltr'>ἂν</span> <span class='ocrx_word' id='word_1_228' title='bbox 2971 529 3231 598; x_wconf 84' lang='grc' dir='ltr'>ἀνάλογον</span> <span class='ocrx_word' id='word_1_229' title='bbox 3254 527 3334 601; x_wconf 84' lang='grc' dir='ltr'><strong>τῷ</strong></span> <span class='ocrx_word' id='word_1_230' title='bbox 3354 545 3372 561; x_wconf 80' lang='grc' dir='ltr'><strong>ο</strong></span> <span class='ocrx_word' id='word_1_231' title='bbox 3408 547 3426 580; x_wconf 77' lang='grc' dir='ltr'>ι</span> <span class='ocrx_word' id='word_1_232' title='bbox 3469 529 3529 582; x_wconf 84' lang='lat'><strong>&#39;0</strong></span> <span class='ocrx_word' id='word_1_233' title='bbox 3558 529 3726 600; x_wconf 81' lang='grc' dir='ltr'>νόμος</span> 
     </span>
    </p>
   </div>
   <div class='ocr_carea' id='block_1_35' title="bbox 2135 619 3726 690">
    <p class='ocr_par' dir='ltr' id='par_1_35' title="bbox 2135 619 3726 690">
     <span class='ocr_line' id='line_1_35' title="bbox 2135 619 3726 690; baseline -0.001 -16"><span class='ocrx_word' id='word_1_234' title='bbox 2135 620 2414 689; x_wconf 75' lang='grc' dir='ltr'>διαταγεὶς</span> <span class='ocrx_word' id='word_1_235' title='bbox 2442 621 2510 674; x_wconf 79' lang='grc' dir='ltr'><strong>δι’</strong></span> <span class='ocrx_word' id='word_1_236' title='bbox 2542 619 2794 689; x_wconf 82' lang='grc' dir='ltr'>ἀγγέλων</span> <span class='ocrx_word' id='word_1_237' title='bbox 2814 662 2828 686; x_wconf 92' lang='grc'><strong>,</strong></span> <span class='ocrx_word' id='word_1_238' title='bbox 2860 638 2878 673; x_wconf 74' lang='grc' dir='ltr'>ι</span> <span class='ocrx_word' id='word_1_239' title='bbox 2915 621 3009 673; x_wconf 75' lang='grc' dir='ltr'><strong>καὶ</strong></span> <span class='ocrx_word' id='word_1_240' title='bbox 3036 619 3098 673; x_wconf 92' lang='grc' dir='ltr'><strong>τό</strong></span> <span class='ocrx_word' id='word_1_241' title='bbox 3118 637 3130 650; x_wconf 92' lang='grc'><strong>·</strong></span> <span class='ocrx_word' id='word_1_242' title='bbox 3167 638 3185 671; x_wconf 78' lang='grc' dir='ltr'>ι</span> <span class='ocrx_word' id='word_1_243' title='bbox 3215 620 3277 672; x_wconf 85' lang='grc' dir='ltr'><strong>Εἰ</strong></span> <span class='ocrx_word' id='word_1_244' title='bbox 3307 622 3334 672; x_wconf 81' lang='grc' dir='ltr'><strong>ό</strong></span> <span class='ocrx_word' id='word_1_245' title='bbox 3374 619 3442 673; x_wconf 88' lang='grc' dir='ltr'><strong>δι’</strong></span> <span class='ocrx_word' id='word_1_246' title='bbox 3475 620 3726 690; x_wconf 82' lang='grc' dir='ltr'>ἀγγέλων</span> 
     </span>
    </p>
   </div>
   <div class='ocr_carea' id='block_1_36' title="bbox 2136 708 3727 784">
    <p class='ocr_par' dir='ltr' id='par_1_36' title="bbox 2136 708 3727 784">
     <span class='ocr_line' id='line_1_36' title="bbox 2136 708 3727 784; baseline -0.001 -18"><span class='ocrx_word' id='word_1_247' title='bbox 2136 712 2390 783; x_wconf 71' lang='grc' dir='ltr'>λαληθεὶς</span> <span class='ocrx_word' id='word_1_248' title='bbox 2413 711 2573 781; x_wconf 82' lang='grc' dir='ltr'>λόγος</span> <span class='ocrx_word' id='word_1_249' title='bbox 2601 713 2816 780; x_wconf 89' lang='grc' dir='ltr'>ἐγένετο</span> <span class='ocrx_word' id='word_1_250' title='bbox 2845 711 3084 782; x_wconf 84' lang='grc' dir='ltr'>βέϐαιος,</span> <span class='ocrx_word' id='word_1_251' title='bbox 3120 731 3138 763; x_wconf 74' lang='grc' dir='ltr'><strong>ι</strong></span> <span class='ocrx_word' id='word_1_252' title='bbox 3176 712 3437 781; x_wconf 81' lang='grc' dir='ltr'>ἀνάλογόν</span> <span class='ocrx_word' id='word_1_253' title='bbox 3470 729 3612 784; x_wconf 84' lang='grc' dir='ltr'>φημι</span> <span class='ocrx_word' id='word_1_254' title='bbox 3645 708 3727 779; x_wconf 81' lang='grc' dir='ltr'><strong>τῷ</strong></span> 
     </span>
    </p>
   </div>
   <div class='ocr_carea' id='block_1_37' title="bbox 2137 803 3725 876">
    <p class='ocr_par' dir='ltr' id='par_1_37' title="bbox 2137 803 3725 876">
     <span class='ocr_line' id='line_1_37' title="bbox 2137 803 3725 876; baseline 0 -18"><span class='ocrx_word' id='word_1_255' title='bbox 2137 804 2280 875; x_wconf 86' lang='grc' dir='ltr'>λόγῳ</span> <span class='ocrx_word' id='word_1_256' title='bbox 2314 803 2394 875; x_wconf 82' lang='grc' dir='ltr'><strong>τῷ</strong></span> <span class='ocrx_word' id='word_1_257' title='bbox 2435 805 2564 875; x_wconf 69' lang='grc' dir='ltr'>περὶ</span> <span class='ocrx_word' id='word_1_258' title='bbox 2609 804 2718 858; x_wconf 84' lang='grc' dir='ltr'><strong>τῶν</strong></span> <span class='ocrx_word' id='word_1_259' title='bbox 2766 803 3245 876; x_wconf 87' lang='grc' dir='ltr'>διακονησαμένων</span> <span class='ocrx_word' id='word_1_260' title='bbox 3270 804 3349 876; x_wconf 86' lang='grc' dir='ltr'>τῷ</span> <span class='ocrx_word' id='word_1_261' title='bbox 3372 804 3524 875; x_wconf 82' lang='grc' dir='ltr'>νόμῳ</span> <span class='ocrx_word' id='word_1_262' title='bbox 3556 805 3725 872; x_wconf 79' lang='grc' dir='ltr'>ἀγγέ-</span> 
     </span>
    </p>
   </div>
   <div class='ocr_carea' id='block_1_38' title="bbox 2137 891 3723 969">
    <p class='ocr_par' dir='ltr' id='par_1_38' title="bbox 2137 891 3723 969">
     <span class='ocr_line' id='line_1_38' title="bbox 2137 891 3723 969; baseline 0 -21"><span class='ocrx_word' id='word_1_263' title='bbox 2137 895 2266 959; x_wconf 90' lang='grc' dir='ltr'>λων,</span> <span class='ocrx_word' id='word_1_264' title='bbox 2288 896 2382 950; x_wconf 73' lang='grc' dir='ltr'><strong>καὶ</strong></span> <span class='ocrx_word' id='word_1_265' title='bbox 2404 894 2503 966; x_wconf 76' lang='grc' dir='ltr'>τῆς</span> <span class='ocrx_word' id='word_1_266' title='bbox 2527 894 2669 949; x_wconf 81' lang='grc' dir='ltr'>κατὰ</span> <span class='ocrx_word' id='word_1_267' title='bbox 2689 895 2787 960; x_wconf 84' lang='grc' dir='ltr'><strong>τὰς</strong></span> <span class='ocrx_word' id='word_1_268' title='bbox 2809 896 3033 969; x_wconf 72' lang='grc' dir='ltr'>Γραφὰς</span> <span class='ocrx_word' id='word_1_269' title='bbox 3062 896 3309 964; x_wconf 72' lang='grc' dir='ltr'>ἐξουσίας</span> <span class='ocrx_word' id='word_1_270' title='bbox 3328 914 3342 927; x_wconf 73' lang='grc' dir='ltr'><strong>ο</strong></span> <span class='ocrx_word' id='word_1_271' title='bbox 3375 891 3486 950; x_wconf 76' lang='grc' dir='ltr'>οἷον</span> <span class='ocrx_word' id='word_1_272' title='bbox 3508 898 3567 948; x_wconf 79' lang='grc' dir='ltr'><strong>ἐν</strong></span> <span class='ocrx_word' id='word_1_273' title='bbox 3589 896 3723 967; x_wconf 62' lang='grc' dir='ltr'>ποία</span> 
     </span>
    </p>
   </div>
   <div class='ocr_carea' id='block_1_39' title="bbox 2138 985 3725 1059">
    <p class='ocr_par' dir='ltr' id='par_1_39' title="bbox 2138 985 3725 1059">
     <span class='ocr_line' id='line_1_39' title="bbox 2138 985 3725 1059; baseline -0.001 -17"><span class='ocrx_word' id='word_1_274' title='bbox 2138 987 2355 1059; x_wconf 80' lang='grc' dir='ltr'>ἐξουσίᾳ</span> <span class='ocrx_word' id='word_1_275' title='bbox 2385 987 2774 1059; x_wconf 77' lang='grc' dir='ltr'>διακονουμένῃ</span> <span class='ocrx_word' id='word_1_276' title='bbox 2793 985 2871 1057; x_wconf 85' lang='grc' dir='ltr'><strong>τῷ</strong></span> <span class='ocrx_word' id='word_1_277' title='bbox 2896 986 3036 1059; x_wconf 85' lang='grc' dir='ltr'><strong>Θεῷ,</strong></span> <span class='ocrx_word' id='word_1_278' title='bbox 3061 987 3095 1059; x_wconf 81' lang='grc' dir='ltr'>ἢ</span> <span class='ocrx_word' id='word_1_279' title='bbox 3122 987 3305 1051; x_wconf 82' lang='grc' dir='ltr'><strong>ποίαις</strong></span> <span class='ocrx_word' id='word_1_280' title='bbox 3343 988 3577 1041; x_wconf 68' lang='grc' dir='ltr'>ἕκαστον</span> <span class='ocrx_word' id='word_1_281' title='bbox 3614 986 3725 1040; x_wconf 79' lang='grc' dir='ltr'>τῶν</span> 
     </span>
    </p>
   </div>
   <div class='ocr_carea' id='block_1_40' title="bbox 2138 1076 3723 1158">
    <p class='ocr_par' dir='ltr' id='par_1_40' title="bbox 2138 1076 3723 1158">
     <span class='ocr_line' id='line_1_40' title="bbox 2138 1076 3723 1158; baseline -0.002 -25"><span class='ocrx_word' id='word_1_282' title='bbox 2138 1082 2196 1133; x_wconf 86' lang='grc' dir='ltr'>ἐν</span> <span class='ocrx_word' id='word_1_283' title='bbox 2236 1080 2497 1147; x_wconf 73' lang='grc' dir='ltr'><strong>Αἰγύπτῳ</strong></span> <span class='ocrx_word' id='word_1_284' title='bbox 2541 1079 2845 1158; x_wconf 75' lang='grc' dir='ltr'>τεραστίων</span> <span class='ocrx_word' id='word_1_285' title='bbox 2894 1079 3218 1150; x_wconf 75' lang='grc' dir='ltr'>γεγένηταιο</span> <span class='ocrx_word' id='word_1_286' title='bbox 3261 1079 3356 1133; x_wconf 71' lang='grc' dir='ltr'>καὶ</span> <span class='ocrx_word' id='word_1_287' title='bbox 3394 1079 3481 1141; x_wconf 89' lang='grc' dir='ltr'><strong>τίς</strong></span> <span class='ocrx_word' id='word_1_288' title='bbox 3529 1076 3631 1148; x_wconf 79' lang='grc' dir='ltr'><strong>μὲν</strong></span> <span class='ocrx_word' id='word_1_289' title='bbox 3686 1079 3723 1149; x_wconf 87' lang='grc' dir='ltr'><strong>ή</strong></span> 
     </span>
    </p>
   </div>
   <div class='ocr_carea' id='block_1_41' title="bbox 2138 1167 3723 1243">
    <p class='ocr_par' dir='ltr' id='par_1_41' title="bbox 2138 1167 3723 1243">
     <span class='ocr_line' id='line_1_41' title="bbox 2138 1167 3723 1243; baseline 0.003 -22"><span class='ocrx_word' id='word_1_290' title='bbox 2138 1168 2355 1234; x_wconf 76' lang='grc' dir='ltr'><strong>ἐξουσία</strong></span> <span class='ocrx_word' id='word_1_291' title='bbox 2377 1167 2767 1241; x_wconf 79' lang='grc' dir='ltr'><strong>διακονουμένη</strong></span> <span class='ocrx_word' id='word_1_292' title='bbox 2791 1171 2857 1241; x_wconf 76' lang='grc' dir='ltr'>τῇ</span> <span class='ocrx_word' id='word_1_293' title='bbox 2881 1169 3262 1243; x_wconf 82' lang='grc' dir='ltr'>μεταϐαλούσῃ</span> <span class='ocrx_word' id='word_1_294' title='bbox 3292 1172 3372 1234; x_wconf 85' lang='grc' dir='ltr'><strong>είς</strong></span> <span class='ocrx_word' id='word_1_295' title='bbox 3391 1171 3516 1240; x_wconf 78' lang='grc' dir='ltr'>ὅφιν</span> <span class='ocrx_word' id='word_1_296' title='bbox 3538 1169 3723 1243; x_wconf 67' lang='grc' dir='ltr'>ῥάϐδῳ</span> 
     </span>
    </p>
   </div>
   <div class='ocr_carea' id='block_1_42' title="bbox 2136 1260 3726 1334">
    <p class='ocr_par' dir='ltr' id='par_1_42' title="bbox 2136 1260 3726 1334">
     <span class='ocr_line' id='line_1_42' title="bbox 2136 1260 3726 1334; baseline 0.001 -20"><span class='ocrx_word' id='word_1_297' title='bbox 2136 1260 2419 1324; x_wconf 86' lang='grc' dir='ltr'>Μωῦσέως</span> <span class='ocrx_word' id='word_1_298' title='bbox 2438 1276 2452 1289; x_wconf 87' lang='grc'><strong>·</strong></span> <span class='ocrx_word' id='word_1_299' title='bbox 2477 1260 2562 1324; x_wconf 90' lang='grc' dir='ltr'><strong>τίς</strong></span> <span class='ocrx_word' id='word_1_300' title='bbox 2589 1260 2645 1314; x_wconf 78' lang='grc' dir='ltr'><strong>δέ</strong></span> <span class='ocrx_word' id='word_1_301' title='bbox 2671 1260 2844 1334; x_wconf 76' lang='grc' dir='ltr'>ταύτῃ</span> <span class='ocrx_word' id='word_1_302' title='bbox 2865 1261 3083 1317; x_wconf 81' lang='grc' dir='ltr'>ἐναντία</span> <span class='ocrx_word' id='word_1_303' title='bbox 3114 1261 3508 1334; x_wconf 76' lang='grc' dir='ltr'><strong>διακονουμένη</strong></span> <span class='ocrx_word' id='word_1_304' title='bbox 3537 1265 3602 1334; x_wconf 65' lang='grc' dir='ltr'>τῇ</span> <span class='ocrx_word' id='word_1_305' title='bbox 3632 1279 3726 1334; x_wconf 79' lang='grc' dir='ltr'>με·</span> 
     </span>
    </p>
   </div>
   <div class='ocr_carea' id='block_1_43' title="bbox 2134 1352 3718 1429">
    <p class='ocr_par' dir='ltr' id='par_1_43' title="bbox 2134 1352 3718 1429">
     <span class='ocr_line' id='line_1_43' title="bbox 2134 1352 3718 1429; baseline 0.004 -23"><span class='ocrx_word' id='word_1_306' title='bbox 2134 1352 2487 1425; x_wconf 77' lang='grc' dir='ltr'>ταμοριρὼσει</span> <span class='ocrx_word' id='word_1_307' title='bbox 2517 1353 2624 1408; x_wconf 86' lang='grc' dir='ltr'>τῶν</span> <span class='ocrx_word' id='word_1_308' title='bbox 2652 1356 3041 1423; x_wconf 68' lang='grc' dir='ltr'><strong>Αἰγυπτιακῶν</strong></span> <span class='ocrx_word' id='word_1_309' title='bbox 3065 1354 3273 1427; x_wconf 74' lang='grc' dir='ltr'>ῥάϐδων</span> <span class='ocrx_word' id='word_1_310' title='bbox 3296 1359 3375 1418; x_wconf 88' lang='grc' dir='ltr'><strong>είς</strong></span> <span class='ocrx_word' id='word_1_311' title='bbox 3396 1356 3718 1429; x_wconf 80' lang='grc' dir='ltr'>δράκοντας’</span> 
     </span>
    </p>
   </div>
   <div class='ocr_carea' id='block_1_44' title="bbox 2137 1439 3724 1519">
    <p class='ocr_par' dir='ltr' id='par_1_44' title="bbox 2137 1439 3724 1519">
     <span class='ocr_line' id='line_1_44' title="bbox 2137 1439 3724 1519; baseline 0.002 -22"><span class='ocrx_word' id='word_1_312' title='bbox 2137 1443 2233 1498; x_wconf 77' lang='grc' dir='ltr'><strong>καὶ</strong></span> <span class='ocrx_word' id='word_1_313' title='bbox 2268 1439 2420 1496; x_wconf 79' lang='grc' dir='ltr'>εἶπεν</span> <span class='ocrx_word' id='word_1_314' title='bbox 2452 1443 2517 1497; x_wconf 80' lang='grc' dir='ltr'><strong>ἂν</strong></span> <span class='ocrx_word' id='word_1_315' title='bbox 2546 1443 2646 1515; x_wconf 77' lang='grc' dir='ltr'><strong>τὴν</strong></span> <span class='ocrx_word' id='word_1_316' title='bbox 2672 1443 2901 1515; x_wconf 79' lang='grc' dir='ltr'>δύναμιν</span> <span class='ocrx_word' id='word_1_317' title='bbox 2928 1444 3030 1515; x_wconf 80' lang='grc' dir='ltr'><strong>τῆς</strong></span> <span class='ocrx_word' id='word_1_318' title='bbox 3059 1444 3309 1512; x_wconf 79' lang='grc' dir='ltr'>ἐξουσίας</span> <span class='ocrx_word' id='word_1_319' title='bbox 3339 1446 3431 1515; x_wconf 76' lang='grc' dir='ltr'><strong>ἀφ’</strong></span> <span class='ocrx_word' id='word_1_320' title='bbox 3459 1442 3529 1519; x_wconf 73' lang='grc' dir='ltr'>ἧς</span> <span class='ocrx_word' id='word_1_321' title='bbox 3559 1447 3724 1502; x_wconf 83' lang='grc' dir='ltr'>κατέ-</span> 
     </span>
    </p>
   </div>
   <div class='ocr_carea' id='block_1_45' title="bbox 2136 1533 3722 1608">
    <p class='ocr_par' dir='ltr' id='par_1_45' title="bbox 2136 1533 3722 1608">
     <span class='ocr_line' id='line_1_45' title="bbox 2136 1533 3722 1608; baseline 0.003 -20"><span class='ocrx_word' id='word_1_322' title='bbox 2136 1552 2259 1588; x_wconf 85' lang='grc' dir='ltr'>πιεν</span> <span class='ocrx_word' id='word_1_323' title='bbox 2291 1537 2325 1606; x_wconf 88' lang='grc' dir='ltr'><strong>ή</strong></span> <span class='ocrx_word' id='word_1_324' title='bbox 2355 1534 2448 1588; x_wconf 79' lang='grc' dir='ltr'><strong>τοῦ</strong></span> <span class='ocrx_word' id='word_1_325' title='bbox 2488 1533 2699 1608; x_wconf 82' lang='grc' dir='ltr'>Ἀαρὼν</span> <span class='ocrx_word' id='word_1_326' title='bbox 2730 1535 2923 1605; x_wconf 83' lang='grc' dir='ltr'>ῥάϐδος</span> <span class='ocrx_word' id='word_1_327' title='bbox 2948 1535 3045 1601; x_wconf 79' lang='grc' dir='ltr'><strong>τὰς</strong></span> <span class='ocrx_word' id='word_1_328' title='bbox 3075 1535 3183 1591; x_wconf 83' lang='grc' dir='ltr'><strong>τῶν</strong></span> <span class='ocrx_word' id='word_1_329' title='bbox 3208 1537 3556 1606; x_wconf 77' lang='grc' dir='ltr'><strong>Αἰγυπτίων·</strong></span> <span class='ocrx_word' id='word_1_330' title='bbox 3592 1535 3722 1593; x_wconf 82' lang='grc' dir='ltr'>εἷπε</span> 
     </span>
    </p>
   </div>
   <div class='ocr_carea' id='block_1_46' title="bbox 2135 1625 3723 1704">
    <p class='ocr_par' dir='ltr' id='par_1_46' title="bbox 2135 1625 3723 1704">
     <span class='ocr_line' id='line_1_46' title="bbox 2135 1625 3723 1704; baseline 0.004 -25"><span class='ocrx_word' id='word_1_331' title='bbox 2135 1625 2180 1679; x_wconf 80' lang='grc' dir='ltr'>δ’</span> <span class='ocrx_word' id='word_1_332' title='bbox 2202 1625 2268 1680; x_wconf 79' lang='grc' dir='ltr'><strong>ἂν</strong></span> <span class='ocrx_word' id='word_1_333' title='bbox 2293 1626 2387 1680; x_wconf 71' lang='grc' dir='ltr'><strong>καὶ</strong></span> <span class='ocrx_word' id='word_1_334' title='bbox 2418 1626 2499 1691; x_wconf 90' lang='grc' dir='ltr'><strong>τίς</strong></span> <span class='ocrx_word' id='word_1_335' title='bbox 2541 1631 2574 1698; x_wconf 84' lang='grc' dir='ltr'><strong>ή</strong></span> <span class='ocrx_word' id='word_1_336' title='bbox 2611 1626 2827 1691; x_wconf 79' lang='grc' dir='ltr'><strong>ἐξουσία</strong></span> <span class='ocrx_word' id='word_1_337' title='bbox 2850 1627 2951 1698; x_wconf 80' lang='grc' dir='ltr'>τῆς</span> <span class='ocrx_word' id='word_1_338' title='bbox 2979 1631 3060 1693; x_wconf 82' lang='grc' dir='ltr'><strong>είς</strong></span> <span class='ocrx_word' id='word_1_339' title='bbox 3088 1629 3241 1700; x_wconf 86' lang='grc' dir='ltr'>χιόνα</span> <span class='ocrx_word' id='word_1_340' title='bbox 3262 1631 3575 1702; x_wconf 82' lang='grc' dir='ltr'>μεταϐολῆς</span> <span class='ocrx_word' id='word_1_341' title='bbox 3602 1651 3663 1704; x_wconf 88' lang='grc' dir='ltr'>χε</span> <span class='ocrx_word' id='word_1_342' title='bbox 3674 1651 3723 1686; x_wconf 88' lang='grc' dir='ltr'><strong>ι-</strong></span> 
     </span>
    </p>
   </div>
   <div class='ocr_carea' id='block_1_47' title="bbox 2139 1717 3723 1795">
    <p class='ocr_par' dir='ltr' id='par_1_47' title="bbox 2139 1717 3723 1795">
     <span class='ocr_line' id='line_1_47' title="bbox 2139 1717 3723 1795; baseline 0.004 -23"><span class='ocrx_word' id='word_1_343' title='bbox 2139 1717 2233 1789; x_wconf 74' lang='grc' dir='ltr'>ρὸς</span> <span class='ocrx_word' id='word_1_344' title='bbox 2259 1719 2538 1782; x_wconf 83' lang='grc' dir='ltr'>Μωῦσέως</span> <span class='ocrx_word' id='word_1_345' title='bbox 2560 1759 2573 1784; x_wconf 95' lang='grc'><strong>,</strong></span> <span class='ocrx_word' id='word_1_346' title='bbox 2609 1720 2705 1772; x_wconf 59' lang='grc' dir='ltr'><strong>καὶ⁵</strong></span> <span class='ocrx_word' id='word_1_347' title='bbox 2735 1720 2798 1773; x_wconf 84' lang='grc' dir='ltr'><strong>ἐκ</strong></span> <span class='ocrx_word' id='word_1_348' title='bbox 2825 1720 2934 1773; x_wconf 85' lang='grc' dir='ltr'>τῶν</span> <span class='ocrx_word' id='word_1_349' title='bbox 2958 1721 3219 1775; x_wconf 79' lang='grc' dir='ltr'><strong>ἐναντίων</strong></span> <span class='ocrx_word' id='word_1_350' title='bbox 3247 1724 3374 1776; x_wconf 87' lang='grc' dir='ltr'>ποία</span> <span class='ocrx_word' id='word_1_351' title='bbox 3404 1719 3474 1795; x_wconf 80' lang='grc' dir='ltr'><strong>ἦν</strong></span> <span class='ocrx_word' id='word_1_352' title='bbox 3499 1723 3723 1789; x_wconf 88' lang='grc' dir='ltr'>ἐξουσία</span> 
     </span>
    </p>
   </div>
   <div class='ocr_carea' id='block_1_48' title="bbox 2139 1806 3724 1883">
    <p class='ocr_par' dir='ltr' id='par_1_48' title="bbox 2139 1806 3724 1883">
     <span class='ocr_line' id='line_1_48' title="bbox 2139 1806 3724 1883; baseline 0.005 -22"><span class='ocrx_word' id='word_1_353' title='bbox 2139 1806 2492 1880; x_wconf 84' lang='grc' dir='ltr'>συμπνέουσα</span> <span class='ocrx_word' id='word_1_354' title='bbox 2527 1809 2649 1863; x_wconf 83' lang='grc' dir='ltr'>καθ’</span> <span class='ocrx_word' id='word_1_355' title='bbox 2682 1810 2911 1865; x_wconf 71' lang='grc' dir='ltr'>ἕκαστον</span> <span class='ocrx_word' id='word_1_356' title='bbox 2943 1814 3056 1875; x_wconf 81' lang='grc' dir='ltr'>τοῖς</span> <span class='ocrx_word' id='word_1_357' title='bbox 3098 1814 3369 1878; x_wconf 81' lang='grc' dir='ltr'>ἐπαοιδοῖς</span> <span class='ocrx_word' id='word_1_358' title='bbox 3399 1813 3509 1868; x_wconf 88' lang='grc' dir='ltr'>τῶν</span> <span class='ocrx_word' id='word_1_359' title='bbox 3552 1816 3724 1883; x_wconf 78' lang='grc' dir='ltr'>Λίγυ-</span> 
     </span>
    </p>
   </div>
   <div class='ocr_carea' id='block_1_49' title="bbox 2138 1900 3716 1977">
    <p class='ocr_par' dir='ltr' id='par_1_49' title="bbox 2138 1900 3716 1977">
     <span class='ocr_line' id='line_1_49' title="bbox 2138 1900 3716 1977; baseline 0.003 -22"><span class='ocrx_word' id='word_1_360' title='bbox 2138 1900 2312 1955; x_wconf 87' lang='grc' dir='ltr'>πτίων</span> <span class='ocrx_word' id='word_1_361' title='bbox 2335 1941 2350 1966; x_wconf 95' lang='grc'><strong>,</strong></span> <span class='ocrx_word' id='word_1_362' title='bbox 2392 1900 2482 1955; x_wconf 80' lang='grc' dir='ltr'>ὅτε</span> <span class='ocrx_word' id='word_1_363' title='bbox 2518 1900 2736 1955; x_wconf 77' lang='grc' dir='ltr'>ἐδόκουν</span> <span class='ocrx_word' id='word_1_364' title='bbox 2773 1902 3053 1973; x_wconf 84' lang='grc' dir='ltr'>μιμεῖσθαι</span> <span class='ocrx_word' id='word_1_365' title='bbox 3081 1903 3149 1957; x_wconf 85' lang='grc' dir='ltr'><strong>τὰ</strong></span> <span class='ocrx_word' id='word_1_366' title='bbox 3181 1907 3382 1977; x_wconf 82' lang='grc' dir='ltr'>σημεῖα</span> <span class='ocrx_word' id='word_1_367' title='bbox 3415 1904 3508 1959; x_wconf 77' lang='grc' dir='ltr'><strong>τοῦ</strong></span> <span class='ocrx_word' id='word_1_368' title='bbox 3540 1906 3677 1960; x_wconf 81' lang='grc' dir='ltr'>Θεοῦ</span> <span class='ocrx_word' id='word_1_369' title='bbox 3702 1925 3716 1938; x_wconf 88' lang='grc'><strong>·</strong></span> 
     </span>
    </p>
   </div>
   <div class='ocr_carea' id='block_1_50' title="bbox 2137 1981 3722 2066">
    <p class='ocr_par' dir='ltr' id='par_1_50' title="bbox 2137 1981 3722 2066">
     <span class='ocr_line' id='line_1_50' title="bbox 2137 1981 3722 2066; baseline 0.004 -21"><span class='ocrx_word' id='word_1_370' title='bbox 2137 1981 2234 2046; x_wconf 65' lang='grc' dir='ltr'>καὶ</span> <span class='ocrx_word' id='word_1_371' title='bbox 2260 1990 2432 2055; x_wconf 74' lang='grc' dir='ltr'>οὕτως</span> <span class='ocrx_word' id='word_1_372' title='bbox 2473 1992 2540 2047; x_wconf 77' lang='grc' dir='ltr'><strong>ἂν</strong></span> <span class='ocrx_word' id='word_1_373' title='bbox 2583 1990 2898 2059; x_wconf 83' lang='grc' dir='ltr'>διεξώδευσε</span> <span class='ocrx_word' id='word_1_374' title='bbox 2937 1993 3035 2059; x_wconf 73' lang='grc' dir='ltr'><strong>τὰς</strong></span> <span class='ocrx_word' id='word_1_375' title='bbox 3072 1994 3203 2049; x_wconf 83' lang='grc' dir='ltr'>δέκα</span> <span class='ocrx_word' id='word_1_376' title='bbox 3242 1994 3354 2050; x_wconf 83' lang='grc' dir='ltr'><strong>τῶν</strong></span> <span class='ocrx_word' id='word_1_377' title='bbox 3400 1998 3722 2066; x_wconf 74' lang='grc' dir='ltr'><strong>Αἰγυπτίων</strong></span> 
     </span>
    </p>
   </div>
   <div class='ocr_carea' id='block_1_51' title="bbox 2138 2082 3720 2159">
    <p class='ocr_par' dir='ltr' id='par_1_51' title="bbox 2138 2082 3720 2159">
     <span class='ocr_line' id='line_1_51' title="bbox 2138 2082 3720 2159; baseline 0.007 -25"><span class='ocrx_word' id='word_1_378' title='bbox 2138 2082 2351 2154; x_wconf 82' lang='grc' dir='ltr'>πληγὰς</span> <span class='ocrx_word' id='word_1_379' title='bbox 2371 2125 2386 2149; x_wconf 88' lang='grc'><strong>,</strong></span> <span class='ocrx_word' id='word_1_380' title='bbox 2422 2082 2518 2136; x_wconf 78' lang='grc' dir='ltr'><strong>καὶ</strong></span> <span class='ocrx_word' id='word_1_381' title='bbox 2543 2083 2639 2155; x_wconf 82' lang='grc' dir='ltr'><strong>τήν</strong></span> <span class='ocrx_word' id='word_1_382' title='bbox 2673 2086 2794 2138; x_wconf 85' lang='grc' dir='ltr'>κατ’</span> <span class='ocrx_word' id='word_1_383' title='bbox 2822 2085 2999 2139; x_wconf 79' lang='grc' dir='ltr'>αὐτῶν</span> <span class='ocrx_word' id='word_1_384' title='bbox 3028 2086 3333 2159; x_wconf 79' lang='grc' dir='ltr'>ἀποστολὴν</span> <span class='ocrx_word' id='word_1_385' title='bbox 3365 2088 3437 2141; x_wconf 82' lang='grc' dir='ltr'>δι’</span> <span class='ocrx_word' id='word_1_386' title='bbox 3464 2090 3720 2159; x_wconf 84' lang='grc' dir='ltr'>ἀγγέλων</span> 
     </span>
    </p>
   </div>
   <div class='ocr_carea' id='block_1_52' title="bbox 2138 2171 3720 2253">
    <p class='ocr_par' dir='ltr' id='par_1_52' title="bbox 2138 2171 3720 2253">
     <span class='ocr_line' id='line_1_52' title="bbox 2138 2171 3720 2253; baseline 0.005 -25"><span class='ocrx_word' id='word_1_387' title='bbox 2138 2175 2425 2246; x_wconf 58' lang='grc' dir='ltr'>πονηρῶν</span> <span class='ocrx_word' id='word_1_388' title='bbox 2458 2171 2577 2230; x_wconf 79' lang='grc' dir='ltr'>εἷπε</span> <span class='ocrx_word' id='word_1_389' title='bbox 2621 2176 2667 2229; x_wconf 77' lang='grc' dir='ltr'>δ’</span> <span class='ocrx_word' id='word_1_390' title='bbox 2707 2176 2773 2231; x_wconf 82' lang='grc' dir='ltr'><strong>ἂν</strong></span> <span class='ocrx_word' id='word_1_391' title='bbox 2802 2177 2896 2231; x_wconf 75' lang='grc' dir='ltr'><strong>καὶ</strong></span> <span class='ocrx_word' id='word_1_392' title='bbox 2932 2177 3018 2242; x_wconf 85' lang='grc' dir='ltr'><strong>τίς</strong></span> <span class='ocrx_word' id='word_1_393' title='bbox 3070 2176 3287 2244; x_wconf 87' lang='grc' dir='ltr'>ἐξουσία</span> <span class='ocrx_word' id='word_1_394' title='bbox 3328 2181 3720 2253; x_wconf 83' lang='grc' dir='ltr'>ὑπηρετήσατο</span> 
     </span>
    </p>
   </div>
   <div class='ocr_carea' id='block_1_53' title="bbox 2136 2266 3723 2342">
    <p class='ocr_par' dir='ltr' id='par_1_53' title="bbox 2136 2266 3723 2342">
     <span class='ocr_line' id='line_1_53' title="bbox 2136 2266 3723 2342; baseline 0.005 -23"><span class='ocrx_word' id='word_1_395' title='bbox 2136 2270 2205 2340; x_wconf 77' lang='grc' dir='ltr'><strong>τῇ</strong></span> <span class='ocrx_word' id='word_1_396' title='bbox 2234 2266 2323 2321; x_wconf 81' lang='grc' dir='ltr'><strong>διὰ</strong></span> <span class='ocrx_word' id='word_1_397' title='bbox 2362 2267 2461 2339; x_wconf 85' lang='grc' dir='ltr'>τῆς</span> <span class='ocrx_word' id='word_1_398' title='bbox 2500 2268 2767 2341; x_wconf 76' lang='grc' dir='ltr'>Ἐρυθρᾶς</span> <span class='ocrx_word' id='word_1_399' title='bbox 2794 2268 3073 2342; x_wconf 78' lang='grc' dir='ltr'>θαλάσσης</span> <span class='ocrx_word' id='word_1_400' title='bbox 3101 2270 3256 2342; x_wconf 86' lang='grc' dir='ltr'>διόδῳ</span> <span class='ocrx_word' id='word_1_401' title='bbox 3294 2271 3388 2325; x_wconf 79' lang='grc' dir='ltr'><strong>τοῦ</strong></span> <span class='ocrx_word' id='word_1_402' title='bbox 3422 2272 3553 2325; x_wconf 84' lang='grc' dir='ltr'>λαοῦ</span> <span class='ocrx_word' id='word_1_403' title='bbox 3575 2314 3590 2338; x_wconf 91' lang='grc'><strong>,</strong></span> <span class='ocrx_word' id='word_1_404' title='bbox 3623 2274 3723 2327; x_wconf 75' lang='grc' dir='ltr'><strong>καὶ</strong></span> 
     </span>
    </p>
   </div>
   <div class='ocr_carea' id='block_1_54' title="bbox 2139 2357 3723 2436">
    <p class='ocr_par' dir='ltr' id='par_1_54' title="bbox 2139 2357 3723 2436">
     <span class='ocr_line' id='line_1_54' title="bbox 2139 2357 3723 2436; baseline 0.003 -23"><span class='ocrx_word' id='word_1_405' title='bbox 2139 2357 2551 2414; x_wconf 84' lang='grc' dir='ltr'>καταποντὼσει</span> <span class='ocrx_word' id='word_1_406' title='bbox 2595 2359 2703 2413; x_wconf 85' lang='grc' dir='ltr'><strong>τῶν</strong></span> <span class='ocrx_word' id='word_1_407' title='bbox 2743 2360 3054 2429; x_wconf 81' lang='grc' dir='ltr'><strong>Αἰγυπτίων</strong></span> <span class='ocrx_word' id='word_1_408' title='bbox 3074 2378 3089 2393; x_wconf 86' lang='grc'><strong>·</strong></span> <span class='ocrx_word' id='word_1_409' title='bbox 3122 2361 3207 2426; x_wconf 87' lang='grc' dir='ltr'><strong>τίς</strong></span> <span class='ocrx_word' id='word_1_410' title='bbox 3233 2379 3291 2415; x_wconf 89' lang='grc' dir='ltr'><strong>τε</strong></span> <span class='ocrx_word' id='word_1_411' title='bbox 3327 2362 3546 2428; x_wconf 82' lang='grc' dir='ltr'>ἐξουσία</span> <span class='ocrx_word' id='word_1_412' title='bbox 3573 2366 3723 2436; x_wconf 81' lang='grc' dir='ltr'>ὑπη-</span> 
     </span>
    </p>
   </div>
   <div class='ocr_carea' id='block_1_55' title="bbox 2139 2451 3721 2528">
    <p class='ocr_par' dir='ltr' id='par_1_55' title="bbox 2139 2451 3721 2528">
     <span class='ocr_line' id='line_1_55' title="bbox 2139 2451 3721 2528; baseline 0.003 -24"><span class='ocrx_word' id='word_1_413' title='bbox 2139 2452 2407 2525; x_wconf 87' lang='grc' dir='ltr'>ρετήσατο</span> <span class='ocrx_word' id='word_1_414' title='bbox 2440 2454 2505 2523; x_wconf 81' lang='grc' dir='ltr'>τῇ</span> <span class='ocrx_word' id='word_1_415' title='bbox 2550 2451 2639 2506; x_wconf 81' lang='grc' dir='ltr'>διὰ</span> <span class='ocrx_word' id='word_1_416' title='bbox 2679 2451 2834 2517; x_wconf 77' lang='grc' dir='ltr'>ξύλου</span> <span class='ocrx_word' id='word_1_417' title='bbox 2867 2453 3134 2526; x_wconf 79' lang='grc' dir='ltr'>μεταϐολῇ</span> <span class='ocrx_word' id='word_1_418' title='bbox 3172 2454 3364 2519; x_wconf 75' lang='grc' dir='ltr'>ὓδατος</span> <span class='ocrx_word' id='word_1_419' title='bbox 3389 2454 3590 2528; x_wconf 82' lang='grc' dir='ltr'>πικροῦ</span> <span class='ocrx_word' id='word_1_420' title='bbox 3636 2458 3721 2521; x_wconf 82' lang='grc' dir='ltr'><strong>εἰς</strong></span> 
     </span>
    </p>
   </div>
   <div class='ocr_carea' id='block_1_56' title="bbox 2137 2542 3720 2621">
    <p class='ocr_par' dir='ltr' id='par_1_56' title="bbox 2137 2542 3720 2621">
     <span class='ocr_line' id='line_1_56' title="bbox 2137 2542 3720 2621; baseline 0.004 -24"><span class='ocrx_word' id='word_1_421' title='bbox 2137 2542 2449 2615; x_wconf 83' lang='grc' dir='ltr'>γλυκύτητα</span> <span class='ocrx_word' id='word_1_422' title='bbox 2465 2561 2479 2575; x_wconf 79' lang='grc'><em>’</em></span> <span class='ocrx_word' id='word_1_423' title='bbox 2499 2542 2618 2597; x_wconf 75' lang='grc' dir='ltr'>εἷπε</span> <span class='ocrx_word' id='word_1_424' title='bbox 2641 2543 2686 2597; x_wconf 82' lang='grc' dir='ltr'>δ’</span> <span class='ocrx_word' id='word_1_425' title='bbox 2706 2543 2770 2598; x_wconf 82' lang='grc' dir='ltr'><strong>ἂν</strong></span> <span class='ocrx_word' id='word_1_426' title='bbox 2794 2545 2888 2598; x_wconf 76' lang='grc' dir='ltr'>καὶ</span> <span class='ocrx_word' id='word_1_427' title='bbox 2910 2545 3007 2617; x_wconf 83' lang='grc' dir='ltr'><strong>τήν</strong></span> <span class='ocrx_word' id='word_1_428' title='bbox 3030 2544 3273 2610; x_wconf 87' lang='grc' dir='ltr'>ἐξουσίαν</span> <span class='ocrx_word' id='word_1_429' title='bbox 3299 2548 3332 2621; x_wconf 83' lang='grc' dir='ltr'>ἢ</span> <span class='ocrx_word' id='word_1_430' title='bbox 3354 2548 3720 2621; x_wconf 81' lang='grc' dir='ltr'>διηκονήσατο</span> 
     </span>
    </p>
   </div>
   <div class='ocr_carea' id='block_1_57' title="bbox 2138 2636 3720 2715">
    <p class='ocr_par' dir='ltr' id='par_1_57' title="bbox 2138 2636 3720 2715">
     <span class='ocr_line' id='line_1_57' title="bbox 2138 2636 3720 2715; baseline 0.003 -23"><span class='ocrx_word' id='word_1_431' title='bbox 2138 2637 2216 2710; x_wconf 80' lang='grc' dir='ltr'>τῷ</span> <span class='ocrx_word' id='word_1_432' title='bbox 2248 2638 2356 2692; x_wconf 78' lang='grc' dir='ltr'><strong>ἀπὸ</strong></span> <span class='ocrx_word' id='word_1_433' title='bbox 2386 2638 2592 2709; x_wconf 83' lang='grc' dir='ltr'><strong>πέτρας</strong></span> <span class='ocrx_word' id='word_1_434' title='bbox 2627 2636 2777 2691; x_wconf 76' lang='grc' dir='ltr'>ὕδατι</span> <span class='ocrx_word' id='word_1_435' title='bbox 2801 2654 2815 2667; x_wconf 85' lang='grc'><em>’</em></span> <span class='ocrx_word' id='word_1_436' title='bbox 2845 2637 2937 2691; x_wconf 79' lang='grc' dir='ltr'>καὶ</span> <span class='ocrx_word' id='word_1_437' title='bbox 2971 2639 3089 2709; x_wconf 83' lang='grc' dir='ltr'>ήτοι</span> <span class='ocrx_word' id='word_1_438' title='bbox 3120 2639 3218 2711; x_wconf 84' lang='grc' dir='ltr'><strong>τὴν</strong></span> <span class='ocrx_word' id='word_1_439' title='bbox 3247 2640 3445 2713; x_wconf 78' lang='grc' dir='ltr'>αὐτὴν,</span> <span class='ocrx_word' id='word_1_440' title='bbox 3478 2643 3512 2713; x_wconf 78' lang='grc' dir='ltr'><strong>ἢ</strong></span> <span class='ocrx_word' id='word_1_441' title='bbox 3548 2642 3720 2715; x_wconf 82' lang='grc' dir='ltr'>ἄλλην</span> 
     </span>
    </p>
   </div>
   <div class='ocr_carea' id='block_1_58' title="bbox 2138 2727 3719 2804">
    <p class='ocr_par' dir='ltr' id='par_1_58' title="bbox 2138 2727 3719 2804">
     <span class='ocr_line' id='line_1_58' title="bbox 2138 2727 3719 2804; baseline 0.003 -20"><span class='ocrx_word' id='word_1_442' title='bbox 2138 2730 2482 2803; x_wconf 70' lang='grc' dir='ltr'>παρέστησεν</span> <span class='ocrx_word' id='word_1_443' title='bbox 2526 2727 2772 2796; x_wconf 84' lang='grc' dir='ltr'>ἐξουσίαν</span> <span class='ocrx_word' id='word_1_444' title='bbox 2816 2729 3281 2804; x_wconf 88' lang='grc' dir='ltr'>διακονησαμένην</span> <span class='ocrx_word' id='word_1_445' title='bbox 3312 2732 3388 2803; x_wconf 82' lang='grc' dir='ltr'><strong>τῷ</strong></span> <span class='ocrx_word' id='word_1_446' title='bbox 3434 2731 3576 2804; x_wconf 83' lang='grc' dir='ltr'>ὑετῷ</span> <span class='ocrx_word' id='word_1_447' title='bbox 3622 2733 3719 2789; x_wconf 77' lang='grc' dir='ltr'><strong>τοῦ</strong></span> 
     </span>
    </p>
   </div>
   <div class='ocr_carea' id='block_1_59' title="bbox 2144 2820 3721 2896">
    <p class='ocr_par' dir='ltr' id='par_1_59' title="bbox 2144 2820 3721 2896">
     <span class='ocr_line' id='line_1_59' title="bbox 2144 2820 3721 2896; baseline 0.001 -17"><span class='ocrx_word' id='word_1_448' title='bbox 2144 2824 2319 2896; x_wconf 80' lang='grc' dir='ltr'><strong>μάννα</strong></span> <span class='ocrx_word' id='word_1_449' title='bbox 2348 2823 2443 2878; x_wconf 74' lang='grc' dir='ltr'>καὶ</span> <span class='ocrx_word' id='word_1_450' title='bbox 2475 2826 2540 2895; x_wconf 78' lang='grc' dir='ltr'><strong>τῇ</strong></span> <span class='ocrx_word' id='word_1_451' title='bbox 2567 2823 2677 2877; x_wconf 84' lang='grc' dir='ltr'><strong>τῶν</strong></span> <span class='ocrx_word' id='word_1_452' title='bbox 2710 2822 3141 2896; x_wconf 85' lang='grc' dir='ltr'>όρτυγομητρῶν</span> <span class='ocrx_word' id='word_1_453' title='bbox 3172 2824 3346 2896; x_wconf 69' lang='grc' dir='ltr'>ἐφόδῳ</span> <span class='ocrx_word' id='word_1_454' title='bbox 3369 2841 3383 2855; x_wconf 78' lang='grc'><strong>’</strong></span> <span class='ocrx_word' id='word_1_455' title='bbox 3416 2820 3538 2879; x_wconf 80' lang='grc' dir='ltr'>εἷπε</span> <span class='ocrx_word' id='word_1_456' title='bbox 3568 2826 3613 2880; x_wconf 77' lang='grc' dir='ltr'>δ’</span> <span class='ocrx_word' id='word_1_457' title='bbox 3651 2827 3721 2881; x_wconf 85' lang='grc' dir='ltr'><strong>ἂν</strong></span> 
     </span>
    </p>
   </div>
   <div class='ocr_carea' id='block_1_60' title="bbox 2140 2913 3721 2991">
    <p class='ocr_par' dir='ltr' id='par_1_60' title="bbox 2140 2913 3721 2991">
     <span class='ocr_line' id='line_1_60' title="bbox 2140 2913 3721 2991; baseline -0.001 -21"><span class='ocrx_word' id='word_1_458' title='bbox 2140 2916 2235 2970; x_wconf 74' lang='grc' dir='ltr'><strong>καὶ</strong></span> <span class='ocrx_word' id='word_1_459' title='bbox 2276 2915 2358 2979; x_wconf 90' lang='grc' dir='ltr'><strong>τίς</strong></span> <span class='ocrx_word' id='word_1_460' title='bbox 2385 2917 2419 2987; x_wconf 91' lang='grc' dir='ltr'><strong>ή</strong></span> <span class='ocrx_word' id='word_1_461' title='bbox 2451 2913 2670 2982; x_wconf 82' lang='grc' dir='ltr'>ἐξουσία</span> <span class='ocrx_word' id='word_1_462' title='bbox 2698 2916 2730 2987; x_wconf 82' lang='grc' dir='ltr'><strong>ἡ</strong></span> <span class='ocrx_word' id='word_1_463' title='bbox 2758 2915 2821 2969; x_wconf 85' lang='grc' dir='ltr'><strong>τδ</strong></span> <span class='ocrx_word' id='word_1_464' title='bbox 2847 2914 2981 2970; x_wconf 72' lang='grc' dir='ltr'><strong>αὐτὸ</strong></span> <span class='ocrx_word' id='word_1_465' title='bbox 3014 2914 3189 2986; x_wconf 84' lang='grc' dir='ltr'><strong>μάννα</strong></span> <span class='ocrx_word' id='word_1_466' title='bbox 3223 2916 3333 2971; x_wconf 88' lang='grc' dir='ltr'><strong>τῶν</strong></span> <span class='ocrx_word' id='word_1_467' title='bbox 3358 2916 3455 2987; x_wconf 67' lang='grc' dir='ltr'>μιν</span> <span class='ocrx_word' id='word_1_468' title='bbox 3490 2916 3552 2982; x_wconf 87' lang='grc' dir='ltr'>ἓξ</span> <span class='ocrx_word' id='word_1_469' title='bbox 3581 2919 3721 2991; x_wconf 82' lang='grc' dir='ltr'>ήμε-</span> 
     </span>
    </p>
   </div>
   <div class='ocr_carea' id='block_1_61' title="bbox 2141 3004 3714 3081">
    <p class='ocr_par' dir='ltr' id='par_1_61' title="bbox 2141 3004 3714 3081">
     <span class='ocr_line' id='line_1_61' title="bbox 2141 3004 3714 3081; baseline 0.001 -19"><span class='ocrx_word' id='word_1_470' title='bbox 2141 3007 2252 3080; x_wconf 87' lang='grc' dir='ltr'>ρῶν</span> <span class='ocrx_word' id='word_1_471' title='bbox 2278 3007 2555 3081; x_wconf 82' lang='grc' dir='ltr'>τρέπουσα</span> <span class='ocrx_word' id='word_1_472' title='bbox 2581 3008 2660 3071; x_wconf 87' lang='grc' dir='ltr'><strong>είς</strong></span> <span class='ocrx_word' id='word_1_473' title='bbox 2694 3004 2981 3079; x_wconf 83' lang='grc' dir='ltr'>σκώληκας</span> <span class='ocrx_word' id='word_1_474' title='bbox 3006 3006 3101 3061; x_wconf 79' lang='grc' dir='ltr'>καὶ</span> <span class='ocrx_word' id='word_1_475' title='bbox 3128 3008 3412 3072; x_wconf 88' lang='grc' dir='ltr'>δυσωδίαν,</span> <span class='ocrx_word' id='word_1_476' title='bbox 3446 3013 3513 3081; x_wconf 81' lang='grc' dir='ltr'><strong>τῇ</strong></span> <span class='ocrx_word' id='word_1_477' title='bbox 3536 3010 3592 3063; x_wconf 86' lang='grc' dir='ltr'><strong>δέ</strong></span> <span class='ocrx_word' id='word_1_478' title='bbox 3620 3010 3714 3063; x_wconf 83' lang='grc' dir='ltr'><strong>τοῦ</strong></span> 
     </span>
    </p>
   </div>
   <div class='ocr_carea' id='block_1_62' title="bbox 455 3092 2035 3182">
    <p class='ocr_par' dir='ltr' id='par_1_62' title="bbox 455 3092 2033 3168">
     <span class='ocr_line' id='line_1_62' title="bbox 455 3092 2033 3168; baseline -0.002 -17"><span class='ocrx_word' id='word_1_479' title='bbox 455 3111 612 3166; x_wconf 67' lang='lat' dir='ltr'><strong>aqum</strong></span> <span class='ocrx_word' id='word_1_480' title='bbox 658 3095 795 3168; x_wconf 87' lang='lat' dir='ltr'><strong>ligni</strong></span> <span class='ocrx_word' id='word_1_481' title='bbox 839 3110 941 3165; x_wconf 88' lang='lat' dir='ltr'><strong>ope</strong></span> <span class='ocrx_word' id='word_1_482' title='bbox 985 3093 1039 3147; x_wconf 91' lang='lat' dir='ltr'><strong>in</strong></span> <span class='ocrx_word' id='word_1_483' title='bbox 1071 3092 1259 3149; x_wconf 87' lang='lat' dir='ltr'><strong>dulces</strong></span> <span class='ocrx_word' id='word_1_484' title='bbox 1291 3101 1771 3162; x_wconf 85' lang='lat' dir='ltr'><strong>converterentur,</strong></span> <span class='ocrx_word' id='word_1_485' title='bbox 1807 3092 1982 3149; x_wconf 74' lang='lat' dir='ltr'><strong>effecit</strong></span> <span class='ocrx_word' id='word_1_486' title='bbox 2020 3112 2033 3149; x_wconf 92' lang='lat'><strong>:</strong></span> 
     </span>
    </p>
   </div>
   <div class='ocr_carea' id='block_1_63' title="bbox 2138 3092 3713 3182">
    <p class='ocr_par' dir='ltr' id='par_1_63' title="bbox 2146 3097 3713 3171">
     <span class='ocr_line' id='line_1_63' title="bbox 2146 3097 3713 3171; baseline 0.001 -18"><span class='ocrx_word' id='word_1_487' title='bbox 2146 3098 2425 3154; x_wconf 78' lang='grc' dir='ltr'>Σαϐϐάτου</span> <span class='ocrx_word' id='word_1_488' title='bbox 2457 3098 2642 3171; x_wconf 78' lang='grc' dir='ltr'>ήμέρᾳ</span> <span class='ocrx_word' id='word_1_489' title='bbox 2669 3097 3031 3168; x_wconf 82' lang='grc' dir='ltr'>φυλάττουσα.</span> <span class='ocrx_word' id='word_1_490' title='bbox 3061 3099 3172 3153; x_wconf 71' lang='grc' dir='ltr'><strong>Καὶ</strong></span> <span class='ocrx_word' id='word_1_491' title='bbox 3201 3099 3257 3153; x_wconf 90' lang='grc' dir='ltr'>τί</span> <span class='ocrx_word' id='word_1_492' title='bbox 3300 3118 3367 3170; x_wconf 88' lang='grc' dir='ltr'>με</span> <span class='ocrx_word' id='word_1_493' title='bbox 3402 3100 3487 3155; x_wconf 85' lang='grc' dir='ltr'>δεῖ</span> <span class='ocrx_word' id='word_1_494' title='bbox 3522 3100 3713 3154; x_wconf 85' lang='grc' dir='ltr'>ἀναλε-</span> 
     </span>
    </p>
   </div>
   <div class='ocr_carea' id='block_1_64' title="bbox 452 3184 2035 3259">
    <p class='ocr_par' dir='ltr' id='par_1_64' title="bbox 452 3184 2035 3259">
     <span class='ocr_line' id='line_1_64' title="bbox 452 3184 2035 3259; baseline -0.003 -15"><span class='ocrx_word' id='word_1_495' title='bbox 452 3187 748 3259; x_wconf 70' lang='lat' dir='ltr'><strong>cuiusnam</strong></span> <span class='ocrx_word' id='word_1_496' title='bbox 777 3187 905 3242; x_wconf 87' lang='lat' dir='ltr'><strong>item</strong></span> <span class='ocrx_word' id='word_1_497' title='bbox 939 3184 1227 3254; x_wconf 86' lang='lat' dir='ltr'><strong>potestatis</strong></span> <span class='ocrx_word' id='word_1_498' title='bbox 1257 3185 1503 3241; x_wconf 88' lang='lat' dir='ltr'><strong>subsidio</strong></span> <span class='ocrx_word' id='word_1_499' title='bbox 1531 3201 1669 3256; x_wconf 89' lang='lat' dir='ltr'><strong>aqua</strong></span> <span class='ocrx_word' id='word_1_500' title='bbox 1703 3200 1733 3240; x_wconf 90' lang='lat' dir='ltr'><strong>e</strong></span> <span class='ocrx_word' id='word_1_501' title='bbox 1756 3194 1905 3257; x_wconf 86' lang='lat' dir='ltr'><strong>petra</strong></span> <span class='ocrx_word' id='word_1_502' title='bbox 1940 3201 2035 3243; x_wconf 75' lang='lat' dir='ltr'><strong>ex-</strong></span> 
     </span>
    </p>
   </div>
   <div class='ocr_carea' id='block_1_65' title="bbox 454 3277 2033 3350">
    <p class='ocr_par' dir='ltr' id='par_1_65' title="bbox 454 3277 2033 3350">
     <span class='ocr_line' id='line_1_65' title="bbox 454 3277 2033 3350; baseline -0.001 -13"><span class='ocrx_word' id='word_1_503' title='bbox 454 3281 684 3348; x_wconf 85' lang='lat' dir='ltr'><strong>silierit,</strong></span> <span class='ocrx_word' id='word_1_504' title='bbox 729 3279 1106 3350; x_wconf 82' lang='lat' dir='ltr'><strong>exposuisset;</strong></span> <span class='ocrx_word' id='word_1_505' title='bbox 1152 3277 1543 3348; x_wconf 87' lang='lat' dir='ltr'><strong>eamdemque,</strong></span> <span class='ocrx_word' id='word_1_506' title='bbox 1583 3278 1665 3333; x_wconf 85' lang='lat' dir='ltr'><strong>vel</strong></span> <span class='ocrx_word' id='word_1_507' title='bbox 1697 3289 1841 3335; x_wconf 86' lang='lat' dir='ltr'><strong>certe</strong></span> <span class='ocrx_word' id='word_1_508' title='bbox 1870 3279 2033 3335; x_wconf 88' lang='lat' dir='ltr'><strong>aliam</strong></span> 
     </span>
    </p>
   </div>
   <div class='ocr_carea' id='block_1_66' title="bbox 460 3368 2035 3443">
    <p class='ocr_par' dir='ltr' id='par_1_66' title="bbox 460 3368 2035 3443">
     <span class='ocr_line' id='line_1_66' title="bbox 460 3368 2035 3443; baseline -0.001 -16"><span class='ocrx_word' id='word_1_509' title='bbox 460 3378 780 3443; x_wconf 84' lang='lat' dir='ltr'><strong>potestatem</strong></span> <span class='ocrx_word' id='word_1_510' title='bbox 824 3386 1038 3425; x_wconf 84' lang='lat' dir='ltr'><strong>mannae</strong></span> <span class='ocrx_word' id='word_1_511' title='bbox 1066 3370 1302 3442; x_wconf 89' lang='lat' dir='ltr'><strong>pluviam</strong></span> <span class='ocrx_word' id='word_1_512' title='bbox 1336 3368 1668 3441; x_wconf 82' lang='lat' dir='ltr'><strong>profudisse,</strong></span> <span class='ocrx_word' id='word_1_513' title='bbox 1684 3380 1738 3425; x_wconf 88' lang='lat' dir='ltr'><strong>et</strong></span> <span class='ocrx_word' id='word_1_514' title='bbox 1763 3371 2035 3442; x_wconf 89' lang='lat' dir='ltr'><strong>ingentem</strong></span> 
     </span>
    </p>
   </div>
   <div class='ocr_carea' id='block_1_67' title="bbox 460 3458 2035 3534">
    <p class='ocr_par' dir='ltr' id='par_1_67' title="bbox 460 3458 2035 3534">
     <span class='ocr_line' id='line_1_67' title="bbox 460 3458 2035 3534; baseline -0.001 -15"><span class='ocrx_word' id='word_1_515' title='bbox 460 3463 605 3520; x_wconf 81' lang='lat' dir='ltr'><strong>illam</strong></span> <span class='ocrx_word' id='word_1_516' title='bbox 638 3464 746 3518; x_wconf 89' lang='lat' dir='ltr'><strong>vim</strong></span> <span class='ocrx_word' id='word_1_517' title='bbox 776 3458 1123 3520; x_wconf 85' lang='lat' dir='ltr'><strong>coturnicum</strong></span> <span class='ocrx_word' id='word_1_518' title='bbox 1158 3463 1457 3518; x_wconf 84' lang='lat' dir='ltr'><strong>immisisse</strong></span> <span class='ocrx_word' id='word_1_519' title='bbox 1507 3461 1879 3526; x_wconf 86' lang='lat' dir='ltr'><strong>declarasset;</strong></span> <span class='ocrx_word' id='word_1_520' title='bbox 1909 3479 2035 3534; x_wconf 90' lang='lat' dir='ltr'><strong>ape-</strong></span> 
     </span>
    </p>
   </div>
   <div class='ocr_carea' id='block_1_68' title="bbox 456 3554 2034 3627">
    <p class='ocr_par' dir='ltr' id='par_1_68' title="bbox 456 3554 2034 3627">
     <span class='ocr_line' id='line_1_68' title="bbox 456 3554 2034 3627; baseline -0.001 -16"><span class='ocrx_word' id='word_1_521' title='bbox 456 3557 658 3613; x_wconf 88' lang='lat' dir='ltr'><strong>ruisset</strong></span> <span class='ocrx_word' id='word_1_522' title='bbox 681 3556 809 3612; x_wconf 88' lang='lat' dir='ltr'><strong>item</strong></span> <span class='ocrx_word' id='word_1_523' title='bbox 840 3571 1078 3627; x_wconf 87' lang='lat' dir='ltr'><strong>quanam</strong></span> <span class='ocrx_word' id='word_1_524' title='bbox 1109 3564 1379 3627; x_wconf 87' lang='lat' dir='ltr'><strong>potestate</strong></span> <span class='ocrx_word' id='word_1_525' title='bbox 1411 3554 1563 3610; x_wconf 87' lang='lat' dir='ltr'><strong>ﬁeret</strong></span> <span class='ocrx_word' id='word_1_526' title='bbox 1591 3564 1649 3609; x_wconf 95' lang='lat' dir='ltr'><strong>ut</strong></span> <span class='ocrx_word' id='word_1_527' title='bbox 1672 3570 1869 3610; x_wconf 90' lang='lat' dir='ltr'><strong>manna</strong></span> <span class='ocrx_word' id='word_1_528' title='bbox 1903 3555 2034 3609; x_wconf 90' lang='lat' dir='ltr'><strong>illud</strong></span> 
     </span>
    </p>
   </div>
   <div class='ocr_carea' id='block_1_69' title="bbox 453 3646 2037 3720">
    <p class='ocr_par' dir='ltr' id='par_1_69' title="bbox 453 3646 2037 3720">
     <span class='ocr_line' id='line_1_69' title="bbox 453 3646 2037 3720; baseline -0.003 -16"><span class='ocrx_word' id='word_1_529' title='bbox 453 3648 647 3720; x_wconf 87' lang='lat' dir='ltr'><strong>primis</strong></span> <span class='ocrx_word' id='word_1_530' title='bbox 697 3664 791 3704; x_wconf 82' lang='lat' dir='ltr'><strong>sex</strong></span> <span class='ocrx_word' id='word_1_531' title='bbox 835 3648 1027 3703; x_wconf 86' lang='lat' dir='ltr'><strong>diebus</strong></span> <span class='ocrx_word' id='word_1_532' title='bbox 1062 3648 1116 3702; x_wconf 93' lang='lat' dir='ltr'><strong>in</strong></span> <span class='ocrx_word' id='word_1_533' title='bbox 1142 3661 1356 3702; x_wconf 86' lang='lat' dir='ltr'><strong>vermes</strong></span> <span class='ocrx_word' id='word_1_534' title='bbox 1385 3655 1651 3701; x_wconf 87' lang='lat' dir='ltr'><strong>mutatum</strong></span> <span class='ocrx_word' id='word_1_535' title='bbox 1672 3688 1688 3713; x_wconf 91' lang='lat'><strong>,</strong></span> <span class='ocrx_word' id='word_1_536' title='bbox 1736 3647 1937 3701; x_wconf 87' lang='lat' dir='ltr'><strong>malum</strong></span> <span class='ocrx_word' id='word_1_537' title='bbox 1969 3646 2037 3701; x_wconf 91' lang='lat' dir='ltr'><strong>de</strong></span> 
     </span>
    </p>
   </div>
   <div class='ocr_carea' id='block_1_70' title="bbox 454 3735 2036 3809">
    <p class='ocr_par' dir='ltr' id='par_1_70' title="bbox 454 3735 2036 3809">
     <span class='ocr_line' id='line_1_70' title="bbox 454 3735 2036 3809; baseline -0.002 -14"><span class='ocrx_word' id='word_1_538' title='bbox 454 3756 514 3797; x_wconf 82' lang='lat' dir='ltr'><strong>se</strong></span> <span class='ocrx_word' id='word_1_539' title='bbox 542 3740 762 3795; x_wconf 81' lang='lat' dir='ltr'><strong>odorem</strong></span> <span class='ocrx_word' id='word_1_540' title='bbox 809 3740 985 3802; x_wconf 90' lang='lat' dir='ltr'><strong>daret,</strong></span> <span class='ocrx_word' id='word_1_541' title='bbox 1020 3738 1108 3793; x_wconf 89' lang='lat' dir='ltr'><strong>die</strong></span> <span class='ocrx_word' id='word_1_542' title='bbox 1135 3746 1316 3794; x_wconf 89' lang='lat' dir='ltr'><strong>autem</strong></span> <span class='ocrx_word' id='word_1_543' title='bbox 1348 3735 1568 3793; x_wconf 86' lang='lat' dir='ltr'><strong>Sabbati</strong></span> <span class='ocrx_word' id='word_1_544' title='bbox 1602 3738 1873 3809; x_wconf 87' lang='lat' dir='ltr'><strong>integrum</strong></span> <span class='ocrx_word' id='word_1_545' title='bbox 1921 3752 2036 3792; x_wconf 86' lang='lat' dir='ltr'><strong>ser-</strong></span> 
     </span>
    </p>
   </div>
   <div class='ocr_carea' id='block_1_71' title="bbox 323 3812 2037 3899">
    <p class='ocr_par' dir='ltr' id='par_1_71' title="bbox 323 3812 2037 3899">
     <span class='ocr_line' id='line_1_71' title="bbox 323 3812 2037 3899; baseline 0.001 -20"><span class='ocrx_word' id='word_1_546' title='bbox 323 3828 337 3844; x_wconf 89' lang='lat'><strong>&#39;</strong></span> <span class='ocrx_word' id='word_1_547' title='bbox 455 3812 696 3883; x_wconf 50' lang='lat' dir='ltr'><strong>varetur&#39;.</strong></span> <span class='ocrx_word' id='word_1_548' title='bbox 738 3827 805 3882; x_wconf 86' lang='lat' dir='ltr'><strong>Et</strong></span> <span class='ocrx_word' id='word_1_549' title='bbox 830 3827 961 3899; x_wconf 91' lang='lat' dir='ltr'><strong>quid</strong></span> <span class='ocrx_word' id='word_1_550' title='bbox 992 3828 1184 3882; x_wconf 88' lang='lat' dir='ltr'><strong>attinet</strong></span> <span class='ocrx_word' id='word_1_551' title='bbox 1212 3826 1457 3897; x_wconf 87' lang='lat' dir='ltr'><strong>prodigia</strong></span> <span class='ocrx_word' id='word_1_552' title='bbox 1487 3842 1550 3882; x_wconf 92' lang='lat' dir='ltr'><strong>ea</strong></span> <span class='ocrx_word' id='word_1_553' title='bbox 1574 3826 1758 3881; x_wconf 89' lang='lat' dir='ltr'><strong>omnia</strong></span> <span class='ocrx_word' id='word_1_554' title='bbox 1779 3866 1794 3891; x_wconf 91' lang='lat'><strong>,</strong></span> <span class='ocrx_word' id='word_1_555' title='bbox 1826 3842 1949 3897; x_wconf 77' lang='lat' dir='ltr'><strong>qua:</strong></span> <span class='ocrx_word' id='word_1_556' title='bbox 1980 3826 2037 3881; x_wconf 90' lang='lat' dir='ltr'><strong>in</strong></span> 
     </span>
    </p>
   </div>
   <div class='ocr_carea' id='block_1_72' title="bbox 453 3917 2036 3990">
    <p class='ocr_par' dir='ltr' id='par_1_72' title="bbox 453 3917 2036 3990">
     <span class='ocr_line' id='line_1_72' title="bbox 453 3917 2036 3990; baseline 0.001 -16"><span class='ocrx_word' id='word_1_557' title='bbox 453 3920 671 3976; x_wconf 81' lang='lat' dir='ltr'><strong>deserto</strong></span> <span class='ocrx_word' id='word_1_558' title='bbox 717 3920 785 3975; x_wconf 86' lang='lat' dir='ltr'><strong>ad</strong></span> <span class='ocrx_word' id='word_1_559' title='bbox 829 3928 1063 3975; x_wconf 90' lang='lat' dir='ltr'><strong>mortem</strong></span> <span class='ocrx_word' id='word_1_560' title='bbox 1117 3934 1290 3990; x_wconf 86' lang='lat' dir='ltr'><strong>usque</strong></span> <span class='ocrx_word' id='word_1_561' title='bbox 1317 3917 1522 3990; x_wconf 85' lang='lat' dir='ltr'><strong>Moysis</strong></span> <span class='ocrx_word' id='word_1_562' title='bbox 1554 3919 1922 3989; x_wconf 81' lang='lat' dir='ltr'><strong>contigerunt,</strong></span> <span class='ocrx_word' id='word_1_563' title='bbox 1947 3935 2036 3975; x_wconf 84' lang='lat' dir='ltr'><strong>re-</strong></span> 
     </span>
    </p>
   </div>
   <div class='ocr_carea' id='block_1_73' title="bbox 454 4010 2034 4081">
    <p class='ocr_par' dir='ltr' id='par_1_73' title="bbox 454 4010 2034 4081">
     <span class='ocr_line' id='line_1_73' title="bbox 454 4010 2034 4081; baseline 0 -15"><span class='ocrx_word' id='word_1_564' title='bbox 454 4013 717 4067; x_wconf 75' lang='lat' dir='ltr'><strong>censere?</strong></span> <span class='ocrx_word' id='word_1_565' title='bbox 766 4027 892 4067; x_wconf 90' lang='lat' dir='ltr'><strong>cum</strong></span> <span class='ocrx_word' id='word_1_566' title='bbox 928 4027 990 4067; x_wconf 89' lang='lat' dir='ltr'><strong>ea</strong></span> <span class='ocrx_word' id='word_1_567' title='bbox 1024 4011 1273 4067; x_wconf 90' lang='lat' dir='ltr'><strong>dicturus</strong></span> <span class='ocrx_word' id='word_1_568' title='bbox 1305 4010 1499 4066; x_wconf 80' lang='lat' dir='ltr'><strong>fuisset</strong></span> <span class='ocrx_word' id='word_1_569' title='bbox 1529 4010 1787 4065; x_wconf 86' lang='lat' dir='ltr'><strong>Servator</strong></span> <span class='ocrx_word' id='word_1_570' title='bbox 1814 4027 1937 4081; x_wconf 67' lang='lat' dir='ltr'><strong>qua:</strong></span> <span class='ocrx_word' id='word_1_571' title='bbox 1968 4012 2034 4066; x_wconf 89' lang='lat' dir='ltr'><strong>ad</strong></span> 
     </span>
    </p>
   </div>
   <div class='ocr_carea' id='block_1_74' title="bbox 454 4099 2038 4172">
    <p class='ocr_par' dir='ltr' id='par_1_74' title="bbox 454 4099 2038 4172">
     <span class='ocr_line' id='line_1_74' title="bbox 454 4099 2038 4172; baseline 0.001 -17"><span class='ocrx_word' id='word_1_572' title='bbox 454 4111 780 4172; x_wconf 89' lang='lat' dir='ltr'><strong>potestatem</strong></span> <span class='ocrx_word' id='word_1_573' title='bbox 832 4101 1220 4172; x_wconf 87' lang='lat' dir='ltr'><strong>pertinebant,</strong></span> <span class='ocrx_word' id='word_1_574' title='bbox 1253 4100 1301 4156; x_wconf 91' lang='lat' dir='ltr'><strong>si</strong></span> <span class='ocrx_word' id='word_1_575' title='bbox 1333 4100 1483 4171; x_wconf 88' lang='lat' dir='ltr'><strong>digni</strong></span> <span class='ocrx_word' id='word_1_576' title='bbox 1516 4099 1747 4156; x_wconf 77' lang='lat' dir='ltr'><strong>fuissent</strong></span> <span class='ocrx_word' id='word_1_577' title='bbox 1779 4100 2038 4157; x_wconf 85' lang='lat' dir='ltr'><strong>sacerdo-</strong></span> 
     </span>
    </p>
   </div>
   <div class='ocr_carea' id='block_1_75' title="bbox 454 4194 2037 4267">
    <p class='ocr_par' dir='ltr' id='par_1_75' title="bbox 454 4194 2037 4267">
     <span class='ocr_line' id='line_1_75' title="bbox 454 4194 2037 4267; baseline -0.001 -17"><span class='ocrx_word' id='word_1_578' title='bbox 454 4207 569 4250; x_wconf 91' lang='lat' dir='ltr'><strong>tum</strong></span> <span class='ocrx_word' id='word_1_579' title='bbox 596 4195 893 4267; x_wconf 88' lang='lat' dir='ltr'><strong>principes,</strong></span> <span class='ocrx_word' id='word_1_580' title='bbox 926 4203 981 4251; x_wconf 80' lang='lat' dir='ltr'><strong>et</strong></span> <span class='ocrx_word' id='word_1_581' title='bbox 1007 4195 1254 4251; x_wconf 87' lang='lat' dir='ltr'><strong>seniores</strong></span> <span class='ocrx_word' id='word_1_582' title='bbox 1300 4194 1505 4265; x_wconf 89' lang='lat' dir='ltr'><strong>populi,</strong></span> <span class='ocrx_word' id='word_1_583' title='bbox 1541 4208 1774 4264; x_wconf 91' lang='lat' dir='ltr'><strong>quorum</strong></span> <span class='ocrx_word' id='word_1_584' title='bbox 1802 4194 2037 4249; x_wconf 81' lang='lat' dir='ltr'><strong>interro-</strong></span> 
     </span>
    </p>
   </div>
   <div class='ocr_carea' id='block_1_76' title="bbox 454 4282 2037 4358">
    <p class='ocr_par' dir='ltr' id='par_1_76' title="bbox 454 4282 2037 4358">
     <span class='ocr_line' id='line_1_76' title="bbox 454 4282 2037 4358; baseline -0.001 -16"><span class='ocrx_word' id='word_1_585' title='bbox 454 4288 660 4358; x_wconf 80' lang='lat' dir='ltr'><strong>gationi</strong></span> <span class='ocrx_word' id='word_1_586' title='bbox 691 4282 1018 4358; x_wconf 84' lang='lat' dir='ltr'><strong>responsum</strong></span> <span class='ocrx_word' id='word_1_587' title='bbox 1046 4286 1292 4342; x_wconf 81' lang='lat' dir='ltr'><strong>daretur.</strong></span> <span class='ocrx_word' id='word_1_588' title='bbox 1330 4285 1649 4344; x_wconf 79' lang='lat' dir='ltr'><strong>Consimilia</strong></span> <span class='ocrx_word' id='word_1_589' title='bbox 1682 4294 1866 4342; x_wconf 90' lang='lat' dir='ltr'><strong>autem</strong></span> <span class='ocrx_word' id='word_1_590' title='bbox 1890 4285 2037 4342; x_wconf 79' lang='lat' dir='ltr'><strong>facili</strong></span> 
     </span>
    </p>
   </div>
   <div class='ocr_carea' id='block_1_77' title="bbox 454 4376 2035 4448">
    <p class='ocr_par' dir='ltr' id='par_1_77' title="bbox 454 4376 2035 4448">
     <span class='ocr_line' id='line_1_77' title="bbox 454 4376 2035 4448; baseline 0 -15"><span class='ocrx_word' id='word_1_591' title='bbox 454 4378 674 4448; x_wconf 85' lang='lat' dir='ltr'><strong>negotio</strong></span> <span class='ocrx_word' id='word_1_592' title='bbox 722 4378 1026 4448; x_wconf 86' lang='lat' dir='ltr'><strong>repereris,</strong></span> <span class='ocrx_word' id='word_1_593' title='bbox 1082 4378 1129 4433; x_wconf 91' lang='lat' dir='ltr'><strong>si</strong></span> <span class='ocrx_word' id='word_1_594' title='bbox 1157 4377 1471 4432; x_wconf 86' lang='lat' dir='ltr'><strong>universam</strong></span> <span class='ocrx_word' id='word_1_595' title='bbox 1502 4376 1841 4447; x_wconf 82' lang='lat' dir='ltr'><strong>Scripturam</strong></span> <span class='ocrx_word' id='word_1_596' title='bbox 1885 4378 2035 4433; x_wconf 84' lang='lat' dir='ltr'><strong>evol-</strong></span> 
     </span>
    </p>
   </div>
   <div class='ocr_carea' id='block_1_78' title="bbox 2139 3189 3715 3264">
    <p class='ocr_par' dir='ltr' id='par_1_78' title="bbox 2139 3189 3715 3264">
     <span class='ocr_line' id='line_1_78' title="bbox 2139 3189 3715 3264; baseline -0.001 -18"><span class='ocrx_word' id='word_1_597' title='bbox 2139 3192 2368 3264; x_wconf 90' lang='grc' dir='ltr'>γόμενον</span> <span class='ocrx_word' id='word_1_598' title='bbox 2381 3189 2451 3245; x_wconf 80' lang='grc' dir='ltr'><strong>τὰ</strong></span> <span class='ocrx_word' id='word_1_599' title='bbox 2472 3193 2529 3244; x_wconf 86' lang='grc' dir='ltr'>ἐν</span> <span class='ocrx_word' id='word_1_600' title='bbox 2554 3193 2619 3261; x_wconf 81' lang='grc' dir='ltr'>τῇ</span> <span class='ocrx_word' id='word_1_601' title='bbox 2637 3191 2830 3262; x_wconf 84' lang='grc' dir='ltr'>ἐρήμῳ</span> <span class='ocrx_word' id='word_1_602' title='bbox 2849 3190 3110 3263; x_wconf 81' lang='grc' dir='ltr'>τεράστια</span> <span class='ocrx_word' id='word_1_603' title='bbox 3132 3189 3295 3264; x_wconf 81' lang='grc' dir='ltr'>μέχρι</span> <span class='ocrx_word' id='word_1_604' title='bbox 3315 3191 3418 3263; x_wconf 81' lang='grc' dir='ltr'>τῆς</span> <span class='ocrx_word' id='word_1_605' title='bbox 3434 3193 3715 3257; x_wconf 81' lang='grc' dir='ltr'>Μωῦσέως</span> 
     </span>
    </p>
   </div>
   <div class='ocr_carea' id='block_1_79' title="bbox 2139 3277 3722 3357">
    <p class='ocr_par' dir='ltr' id='par_1_79' title="bbox 2139 3277 3722 3357">
     <span class='ocr_line' id='line_1_79' title="bbox 2139 3277 3722 3357; baseline 0 -18"><span class='ocrx_word' id='word_1_606' title='bbox 2139 3284 2398 3354; x_wconf 74' lang='grc' dir='ltr'>τελευτῆς</span> <span class='ocrx_word' id='word_1_607' title='bbox 2429 3282 2808 3354; x_wconf 83' lang='grc' dir='ltr'>παριστάνειν,</span> <span class='ocrx_word' id='word_1_608' title='bbox 2829 3284 2909 3336; x_wconf 83' lang='grc' dir='ltr'>ὅτι</span> <span class='ocrx_word' id='word_1_609' title='bbox 2943 3277 3096 3337; x_wconf 79' lang='grc' dir='ltr'>εἶπεν</span> <span class='ocrx_word' id='word_1_610' title='bbox 3127 3283 3192 3338; x_wconf 79' lang='grc' dir='ltr'><strong>ἂν</strong></span> <span class='ocrx_word' id='word_1_611' title='bbox 3220 3284 3249 3337; x_wconf 88' lang='grc' dir='ltr'>ὁ</span> <span class='ocrx_word' id='word_1_612' title='bbox 3270 3283 3462 3356; x_wconf 82' lang='grc' dir='ltr'>Σωτὴρ</span> <span class='ocrx_word' id='word_1_613' title='bbox 3490 3284 3559 3338; x_wconf 78' lang='grc' dir='ltr'><strong>τὰ</strong></span> <span class='ocrx_word' id='word_1_614' title='bbox 3588 3287 3722 3357; x_wconf 77' lang='grc' dir='ltr'>περὶ</span> 
     </span>
    </p>
   </div>
   <div class='ocr_carea' id='block_1_80' title="bbox 2139 3369 3719 3448">
    <p class='ocr_par' dir='ltr' id='par_1_80' title="bbox 2139 3369 3719 3448">
     <span class='ocr_line' id='line_1_80' title="bbox 2139 3369 3719 3448; baseline 0.001 -20"><span class='ocrx_word' id='word_1_615' title='bbox 2139 3376 2236 3448; x_wconf 73' lang='grc' dir='ltr'>τῆς</span> <span class='ocrx_word' id='word_1_616' title='bbox 2288 3374 2571 3443; x_wconf 82' lang='grc' dir='ltr'>ἐξουσίας,</span> <span class='ocrx_word' id='word_1_617' title='bbox 2627 3375 2677 3427; x_wconf 85' lang='grc' dir='ltr'><strong>εί</strong></span> <span class='ocrx_word' id='word_1_618' title='bbox 2717 3369 2856 3447; x_wconf 76' lang='grc' dir='ltr'>ἦσαν</span> <span class='ocrx_word' id='word_1_619' title='bbox 2903 3373 3042 3439; x_wconf 76' lang='grc' dir='ltr'>ἄξιοι</span> <span class='ocrx_word' id='word_1_620' title='bbox 3092 3377 3142 3429; x_wconf 77' lang='grc' dir='ltr'>οἱ</span> <span class='ocrx_word' id='word_1_621' title='bbox 3192 3376 3472 3448; x_wconf 82' lang='grc' dir='ltr'>ἀρχιερεῖς</span> <span class='ocrx_word' id='word_1_622' title='bbox 3521 3378 3616 3431; x_wconf 74' lang='grc' dir='ltr'>καὶ</span> <span class='ocrx_word' id='word_1_623' title='bbox 3664 3378 3719 3430; x_wconf 80' lang='grc' dir='ltr'>οι</span> 
     </span>
    </p>
   </div>
   <div class='ocr_carea' id='block_1_81' title="bbox 2139 3462 3717 3540">
    <p class='ocr_par' dir='ltr' id='par_1_81' title="bbox 2139 3462 3717 3540">
     <span class='ocr_line' id='line_1_81' title="bbox 2139 3462 3717 3540; baseline -0.001 -19"><span class='ocrx_word' id='word_1_624' title='bbox 2139 3466 2497 3540; x_wconf 71' lang='grc' dir='ltr'>πρεσϐύτεροι</span> <span class='ocrx_word' id='word_1_625' title='bbox 2539 3462 2635 3518; x_wconf 78' lang='grc' dir='ltr'><strong>τοῦ</strong></span> <span class='ocrx_word' id='word_1_626' title='bbox 2686 3462 2815 3518; x_wconf 84' lang='grc' dir='ltr'>λαοῦ</span> <span class='ocrx_word' id='word_1_627' title='bbox 2862 3465 2963 3537; x_wconf 82' lang='grc' dir='ltr'>τῆς</span> <span class='ocrx_word' id='word_1_628' title='bbox 3006 3465 3142 3537; x_wconf 74' lang='grc' dir='ltr'>πρὸς</span> <span class='ocrx_word' id='word_1_629' title='bbox 3191 3465 3252 3519; x_wconf 76' lang='grc' dir='ltr'><strong>τὸ</strong></span> <span class='ocrx_word' id='word_1_630' title='bbox 3300 3465 3490 3537; x_wconf 78' lang='grc' dir='ltr'>πύσμα</span> <span class='ocrx_word' id='word_1_631' title='bbox 3534 3465 3717 3519; x_wconf 82' lang='grc' dir='ltr'>αὐτῶν</span> 
     </span>
    </p>
   </div>
   <div class='ocr_carea' id='block_1_82' title="bbox 2137 3550 3719 3627">
    <p class='ocr_par' dir='ltr' id='par_1_82' title="bbox 2137 3550 3719 3627">
     <span class='ocr_line' id='line_1_82' title="bbox 2137 3550 3719 3627; baseline 0.001 -20"><span class='ocrx_word' id='word_1_632' title='bbox 2137 3552 2518 3624; x_wconf 82' lang='grc' dir='ltr'>ἀποκρίσεως;</span> <span class='ocrx_word' id='word_1_633' title='bbox 2560 3550 2651 3606; x_wconf 86' lang='grc' dir='ltr'><strong>καί</strong></span> <span class='ocrx_word' id='word_1_634' title='bbox 2687 3567 2768 3605; x_wconf 88' lang='grc' dir='ltr'><strong>σοι</strong></span> <span class='ocrx_word' id='word_1_635' title='bbox 2808 3551 3037 3623; x_wconf 83' lang='grc' dir='ltr'>πάρεστι</span> <span class='ocrx_word' id='word_1_636' title='bbox 3062 3551 3123 3606; x_wconf 68' lang='grc' dir='ltr'><strong>τὸ</strong></span> <span class='ocrx_word' id='word_1_637' title='bbox 3154 3553 3453 3623; x_wconf 82' lang='grc' dir='ltr'>ἀνάλογον,</span> <span class='ocrx_word' id='word_1_638' title='bbox 3486 3556 3719 3627; x_wconf 78' lang='grc' dir='ltr'>ἐπερχο-</span> 
     </span>
    </p>
   </div>
   <div class='ocr_carea' id='block_1_83' title="bbox 2142 3641 3715 3718">
    <p class='ocr_par' dir='ltr' id='par_1_83' title="bbox 2142 3641 3715 3718">
     <span class='ocr_line' id='line_1_83' title="bbox 2142 3641 3715 3718; baseline 0.001 -20"><span class='ocrx_word' id='word_1_639' title='bbox 2142 3645 2289 3717; x_wconf 81' lang='grc' dir='ltr'>μένῳ</span> <span class='ocrx_word' id='word_1_640' title='bbox 2325 3642 2423 3716; x_wconf 80' lang='grc' dir='ltr'><strong>τήν</strong></span> <span class='ocrx_word' id='word_1_641' title='bbox 2464 3642 2592 3714; x_wconf 86' lang='grc' dir='ltr'>ὅλην</span> <span class='ocrx_word' id='word_1_642' title='bbox 2623 3641 2845 3715; x_wconf 84' lang='grc' dir='ltr'>Γραφήν</span> <span class='ocrx_word' id='word_1_643' title='bbox 2866 3684 2882 3707; x_wconf 95' lang='grc'><strong>,</strong></span> <span class='ocrx_word' id='word_1_644' title='bbox 2904 3645 3071 3716; x_wconf 82' lang='grc' dir='ltr'>όρᾷν·</span> <span class='ocrx_word' id='word_1_645' title='bbox 3098 3644 3184 3708; x_wconf 78' lang='grc' dir='ltr'><strong>τίς</strong></span> <span class='ocrx_word' id='word_1_646' title='bbox 3214 3663 3273 3699; x_wconf 89' lang='grc' dir='ltr'><strong>τε</strong></span> <span class='ocrx_word' id='word_1_647' title='bbox 3305 3647 3340 3718; x_wconf 89' lang='grc' dir='ltr'><strong>ή</strong></span> <span class='ocrx_word' id='word_1_648' title='bbox 3367 3646 3587 3713; x_wconf 76' lang='grc' dir='ltr'>ἐξουσία</span> <span class='ocrx_word' id='word_1_649' title='bbox 3618 3647 3715 3701; x_wconf 72' lang='grc' dir='ltr'>τοῦ</span> 
     </span>
    </p>
   </div>
   <div class='ocr_carea' id='block_1_84' title="bbox 2139 3734 3718 3809">
    <p class='ocr_par' dir='ltr' id='par_1_84' title="bbox 2139 3734 3718 3809">
     <span class='ocr_line' id='line_1_84' title="bbox 2139 3734 3718 3809; baseline 0.002 -19"><span class='ocrx_word' id='word_1_650' title='bbox 2139 3737 2330 3809; x_wconf 84' lang='grc' dir='ltr'>στῆναι</span> <span class='ocrx_word' id='word_1_651' title='bbox 2360 3735 2451 3789; x_wconf 78' lang='grc' dir='ltr'>τὸν</span> <span class='ocrx_word' id='word_1_652' title='bbox 2490 3736 2642 3805; x_wconf 70' lang='grc' dir='ltr'>ἥλιον</span> <span class='ocrx_word' id='word_1_653' title='bbox 2672 3735 2813 3790; x_wconf 82' lang='grc' dir='ltr'>κατὰ</span> <span class='ocrx_word' id='word_1_654' title='bbox 2850 3734 3107 3802; x_wconf 85' lang='grc' dir='ltr'>Γαϐαὼν,</span> <span class='ocrx_word' id='word_1_655' title='bbox 3155 3735 3251 3791; x_wconf 75' lang='grc' dir='ltr'><strong>καὶ</strong></span> <span class='ocrx_word' id='word_1_656' title='bbox 3296 3736 3529 3809; x_wconf 86' lang='grc' dir='ltr'>σελήνην</span> <span class='ocrx_word' id='word_1_657' title='bbox 3573 3739 3718 3793; x_wconf 78' lang='grc' dir='ltr'>κατὰ</span> 
     </span>
    </p>
   </div>
   <div class='ocr_carea' id='block_1_85' title="bbox 2139 3824 3720 3900">
    <p class='ocr_par' dir='ltr' id='par_1_85' title="bbox 2139 3824 3720 3900">
     <span class='ocr_line' id='line_1_85' title="bbox 2139 3824 3720 3900; baseline -0.003 -16"><span class='ocrx_word' id='word_1_658' title='bbox 2139 3828 2401 3900; x_wconf 80' lang='grc' dir='ltr'>φάραγγα</span> <span class='ocrx_word' id='word_1_659' title='bbox 2440 3826 2551 3896; x_wconf 79' lang='grc'><strong>(55)</strong></span> <span class='ocrx_word' id='word_1_660' title='bbox 2587 3824 2766 3897; x_wconf 84' lang='grc' dir='ltr'>Ἐλώμ</span> <span class='ocrx_word' id='word_1_661' title='bbox 2790 3842 2806 3858; x_wconf 89' lang='grc'><strong>·</strong></span> <span class='ocrx_word' id='word_1_662' title='bbox 2835 3825 2968 3880; x_wconf 84' lang='grc' dir='ltr'>πολῦ</span> <span class='ocrx_word' id='word_1_663' title='bbox 3004 3826 3290 3898; x_wconf 85' lang='grc' dir='ltr'>πρότερον,</span> <span class='ocrx_word' id='word_1_664' title='bbox 3325 3827 3419 3881; x_wconf 79' lang='grc' dir='ltr'>τοῦ</span> <span class='ocrx_word' id='word_1_665' title='bbox 3447 3828 3720 3898; x_wconf 80' lang='grc' dir='ltr'>διοδευθῆ-</span> 
     </span>
    </p>
   </div>
   <div class='ocr_carea' id='block_1_86' title="bbox 2140 3918 3720 3991">
    <p class='ocr_par' dir='ltr' id='par_1_86' title="bbox 2140 3918 3720 3991">
     <span class='ocr_line' id='line_1_86' title="bbox 2140 3918 3720 3991; baseline -0.002 -15"><span class='ocrx_word' id='word_1_666' title='bbox 2140 3940 2228 3976; x_wconf 88' lang='grc' dir='ltr'>ναι</span> <span class='ocrx_word' id='word_1_667' title='bbox 2258 3920 2350 3975; x_wconf 75' lang='grc' dir='ltr'><strong>τὸν</strong></span> <span class='ocrx_word' id='word_1_668' title='bbox 2392 3918 2663 3991; x_wconf 85' lang='grc' dir='ltr'>Ἰορδάνην</span> <span class='ocrx_word' id='word_1_669' title='bbox 2694 3918 2971 3988; x_wconf 72' lang='grc' dir='ltr'>ποταμὸν,</span> <span class='ocrx_word' id='word_1_670' title='bbox 3017 3919 3112 3973; x_wconf 73' lang='grc' dir='ltr'>καὶ</span> <span class='ocrx_word' id='word_1_671' title='bbox 3161 3919 3255 3972; x_wconf 79' lang='grc' dir='ltr'><strong>τοῦ</strong></span> <span class='ocrx_word' id='word_1_672' title='bbox 3299 3919 3613 3975; x_wconf 79' lang='grc' dir='ltr'>παύσασθαι</span> <span class='ocrx_word' id='word_1_673' title='bbox 3655 3919 3720 3973; x_wconf 84' lang='grc' dir='ltr'><strong>τδ</strong></span> 
     </span>
    </p>
   </div>
   <div class='ocr_carea' id='block_1_87' title="bbox 2141 4010 3719 4086">
    <p class='ocr_par' dir='ltr' id='par_1_87' title="bbox 2141 4010 3719 4086">
     <span class='ocr_line' id='line_1_87' title="bbox 2141 4010 3719 4086; baseline -0.001 -18"><span class='ocrx_word' id='word_1_674' title='bbox 2141 4015 2338 4086; x_wconf 88' lang='grc' dir='ltr'><strong>μάννα.</strong></span> <span class='ocrx_word' id='word_1_675' title='bbox 2372 4012 2484 4067; x_wconf 76' lang='grc' dir='ltr'><strong>Καὶ</strong></span> <span class='ocrx_word' id='word_1_676' title='bbox 2522 4012 2614 4065; x_wconf 78' lang='grc' dir='ltr'>ἐπὶ</span> <span class='ocrx_word' id='word_1_677' title='bbox 2643 4011 2740 4082; x_wconf 84' lang='grc' dir='ltr'><strong>τῆς</strong></span> <span class='ocrx_word' id='word_1_678' title='bbox 2764 4010 2949 4081; x_wconf 85' lang='grc' dir='ltr'>βίϐλου</span> <span class='ocrx_word' id='word_1_679' title='bbox 2978 4011 3034 4064; x_wconf 82' lang='grc' dir='ltr'>δὲ</span> <span class='ocrx_word' id='word_1_680' title='bbox 3065 4010 3173 4065; x_wconf 85' lang='grc' dir='ltr'>τῶν</span> <span class='ocrx_word' id='word_1_681' title='bbox 3203 4010 3428 4081; x_wconf 75' lang='grc' dir='ltr'><em>Κριτῶν</em></span> <span class='ocrx_word' id='word_1_682' title='bbox 3458 4012 3628 4066; x_wconf 83' lang='grc' dir='ltr'>πολλὰ</span> <span class='ocrx_word' id='word_1_683' title='bbox 3651 4012 3719 4066; x_wconf 78' lang='grc' dir='ltr'><strong>ἂν</strong></span> 
     </span>
    </p>
   </div>
   <div class='ocr_carea' id='block_1_88' title="bbox 2138 4094 3719 4173">
    <p class='ocr_par' dir='ltr' id='par_1_88' title="bbox 2138 4094 3719 4173">
     <span class='ocr_line' id='line_1_88' title="bbox 2138 4094 3719 4173; baseline 0 -17"><span class='ocrx_word' id='word_1_684' title='bbox 2138 4102 2360 4157; x_wconf 82' lang='grc' dir='ltr'>τοιαῦτα</span> <span class='ocrx_word' id='word_1_685' title='bbox 2390 4099 2647 4172; x_wconf 78' lang='grc' dir='ltr'>ζητηθείη</span> <span class='ocrx_word' id='word_1_686' title='bbox 2671 4140 2686 4165; x_wconf 90' lang='grc'><strong>,</strong></span> <span class='ocrx_word' id='word_1_687' title='bbox 2730 4100 2823 4154; x_wconf 76' lang='grc' dir='ltr'>καὶ</span> <span class='ocrx_word' id='word_1_688' title='bbox 2861 4099 3108 4173; x_wconf 81' lang='grc' dir='ltr'>εὑρεθείη</span> <span class='ocrx_word' id='word_1_689' title='bbox 3131 4144 3144 4166; x_wconf 90' lang='grc'><strong>,</strong></span> <span class='ocrx_word' id='word_1_690' title='bbox 3174 4094 3285 4154; x_wconf 75' lang='grc' dir='ltr'>οἷον</span> <span class='ocrx_word' id='word_1_691' title='bbox 3318 4102 3446 4173; x_wconf 80' lang='grc' dir='ltr'>περὶ</span> <span class='ocrx_word' id='word_1_692' title='bbox 3486 4101 3577 4156; x_wconf 82' lang='grc' dir='ltr'>τὸν</span> <span class='ocrx_word' id='word_1_693' title='bbox 3620 4103 3719 4156; x_wconf 79' lang='lat' dir='ltr'><strong>1‘s-</strong></span> 
     </span>
    </p>
   </div>
   <div class='ocr_carea' id='block_1_89' title="bbox 2137 4189 3720 4264">
    <p class='ocr_par' dir='ltr' id='par_1_89' title="bbox 2137 4189 3720 4264">
     <span class='ocr_line' id='line_1_89' title="bbox 2137 4189 3720 4264; baseline -0.001 -16"><span class='ocrx_word' id='word_1_694' title='bbox 2137 4193 2270 4249; x_wconf 86' lang='grc' dir='ltr'>δεὼν</span> <span class='ocrx_word' id='word_1_695' title='bbox 2290 4234 2305 4258; x_wconf 93' lang='grc'><strong>,</strong></span> <span class='ocrx_word' id='word_1_696' title='bbox 2338 4192 2432 4247; x_wconf 74' lang='grc' dir='ltr'><strong>καὶ</strong></span> <span class='ocrx_word' id='word_1_697' title='bbox 2467 4192 2560 4245; x_wconf 79' lang='grc' dir='ltr'><strong>τὸν</strong></span> <span class='ocrx_word' id='word_1_698' title='bbox 2592 4189 2835 4262; x_wconf 81' lang='grc' dir='ltr'><strong>Σαμψὼν</strong></span> <span class='ocrx_word' id='word_1_699' title='bbox 2871 4190 3150 4264; x_wconf 84' lang='grc' dir='ltr'>παράδοξα</span> <span class='ocrx_word' id='word_1_700' title='bbox 3171 4207 3187 4223; x_wconf 76' lang='grc' dir='ltr'><strong><em>ο</em></strong></span> <span class='ocrx_word' id='word_1_701' title='bbox 3220 4191 3357 4246; x_wconf 80' lang='grc' dir='ltr'><strong>ἀλλὰ</strong></span> <span class='ocrx_word' id='word_1_702' title='bbox 3388 4193 3481 4249; x_wconf 77' lang='grc' dir='ltr'>καὶ</span> <span class='ocrx_word' id='word_1_703' title='bbox 3509 4195 3574 4246; x_wconf 86' lang='grc' dir='ltr'><strong>ἐκ</strong></span> <span class='ocrx_word' id='word_1_704' title='bbox 3607 4192 3720 4247; x_wconf 84' lang='grc' dir='ltr'><strong>τῶν</strong></span> 
     </span>
    </p>
   </div>
   <div class='ocr_carea' id='block_1_90' title="bbox 2137 4281 3721 4355">
    <p class='ocr_par' dir='ltr' id='par_1_90' title="bbox 2137 4281 3721 4355">
     <span class='ocr_line' id='line_1_90' title="bbox 2137 4281 3721 4355; baseline -0.001 -17"><span class='ocrx_word' id='word_1_705' title='bbox 2137 4282 2437 4338; x_wconf 86' lang='grc' dir='ltr'>Βασιλειῶν</span> <span class='ocrx_word' id='word_1_706' title='bbox 2475 4281 2544 4336; x_wconf 82' lang='grc' dir='ltr'>τὰ</span> <span class='ocrx_word' id='word_1_707' title='bbox 2570 4282 2698 4355; x_wconf 74' lang='grc' dir='ltr'>περὶ</span> <span class='ocrx_word' id='word_1_708' title='bbox 2737 4282 2828 4335; x_wconf 83' lang='grc' dir='ltr'><strong>τὸν</strong></span> <span class='ocrx_word' id='word_1_709' title='bbox 2854 4281 3126 4353; x_wconf 77' lang='grc' dir='ltr'>Σαμουὴλ,</span> <span class='ocrx_word' id='word_1_710' title='bbox 3148 4282 3359 4336; x_wconf 79' lang='grc' dir='ltr'>καὶτὸν</span> <span class='ocrx_word' id='word_1_711' title='bbox 3399 4282 3604 4347; x_wconf 84' lang='grc' dir='ltr'>Ἠλίαν,</span> <span class='ocrx_word' id='word_1_712' title='bbox 3623 4284 3721 4338; x_wconf 81' lang='grc' dir='ltr'><strong>καὶ</strong></span> 
     </span>
    </p>
   </div>
   <div class='ocr_carea' id='block_1_91' title="bbox 2137 4369 3718 4441">
    <p class='ocr_par' dir='ltr' id='par_1_91' title="bbox 2137 4369 3718 4441">
     <span class='ocr_line' id='line_1_91' title="bbox 2137 4369 3718 4441; baseline -0.003 -10"><span class='ocrx_word' id='word_1_713' title='bbox 2137 4376 2228 4431; x_wconf 77' lang='grc' dir='ltr'><strong>τὸν</strong></span> <span class='ocrx_word' id='word_1_714' title='bbox 2264 4369 2567 4428; x_wconf 78' lang='grc' dir='ltr'>Ἐλισσαῖον</span> <span class='ocrx_word' id='word_1_715' title='bbox 2587 4416 2603 4441; x_wconf 94' lang='grc'><strong>,</strong></span> <span class='ocrx_word' id='word_1_716' title='bbox 2633 4373 2844 4428; x_wconf 72' lang='grc' dir='ltr'>καὶτὸν</span> <span class='ocrx_word' id='word_1_717' title='bbox 2879 4373 3156 4438; x_wconf 83' lang='grc' dir='ltr'>Ἐζεκίαν.</span> <span class='ocrx_word' id='word_1_718' title='bbox 3195 4373 3306 4427; x_wconf 79' lang='grc' dir='ltr'><strong>Καὶ</strong></span> <span class='ocrx_word' id='word_1_719' title='bbox 3348 4373 3522 4439; x_wconf 71' lang='grc' dir='ltr'>οὕτως</span> <span class='ocrx_word' id='word_1_720' title='bbox 3555 4374 3718 4428; x_wconf 83' lang='grc' dir='ltr'>ἐπελ-</span> 
     </span>
    </p>
   </div>
   <div class='ocr_carea' id='block_1_92' title="bbox 454 4453 2035 4538">
    <p class='ocr_par' dir='ltr' id='par_1_92' title="bbox 454 4466 2032 4538">
     <span class='ocr_line' id='line_1_92' title="bbox 454 4466 2032 4538; baseline 0.002 -17"><span class='ocrx_word' id='word_1_721' title='bbox 454 4482 550 4522; x_wconf 76' lang='lat' dir='ltr'><strong>vas</strong></span> <span class='ocrx_word' id='word_1_722' title='bbox 582 4486 597 4522; x_wconf 90' lang='lat'><strong>:</strong></span> <span class='ocrx_word' id='word_1_723' title='bbox 634 4481 665 4521; x_wconf 89' lang='lat' dir='ltr'><strong>a</strong></span> <span class='ocrx_word' id='word_1_724' title='bbox 697 4482 934 4538; x_wconf 84' lang='lat' dir='ltr'><strong>quanam</strong></span> <span class='ocrx_word' id='word_1_725' title='bbox 963 4474 1230 4538; x_wconf 86' lang='lat' dir='ltr'><strong>potestate</strong></span> <span class='ocrx_word' id='word_1_726' title='bbox 1274 4467 1355 4524; x_wconf 90' lang='lat' dir='ltr'><strong>sol</strong></span> <span class='ocrx_word' id='word_1_727' title='bbox 1381 4468 1644 4524; x_wconf 86' lang='lat' dir='ltr'><strong>adversus</strong></span> <span class='ocrx_word' id='word_1_728' title='bbox 1678 4466 2032 4536; x_wconf 86' lang='lat' dir='ltr'><strong>Gabaonitas,</strong></span> 
     </span>
    </p>
   </div>
   <div class='ocr_carea' id='block_1_93' title="bbox 2138 4453 3720 4538">
    <p class='ocr_par' dir='ltr' id='par_1_93' title="bbox 2139 4464 3720 4538">
     <span class='ocr_line' id='line_1_93' title="bbox 2139 4464 3720 4538; baseline -0.001 -16"><span class='ocrx_word' id='word_1_729' title='bbox 2139 4465 2247 4523; x_wconf 88' lang='grc' dir='ltr'>θὼν</span> <span class='ocrx_word' id='word_1_730' title='bbox 2277 4467 2342 4522; x_wconf 83' lang='grc' dir='ltr'><strong>ἂν</strong></span> <span class='ocrx_word' id='word_1_731' title='bbox 2369 4470 2396 4521; x_wconf 85' lang='grc' dir='ltr'>ὁ</span> <span class='ocrx_word' id='word_1_732' title='bbox 2422 4464 2611 4538; x_wconf 82' lang='grc' dir='ltr'>Σωτὴρ</span> <span class='ocrx_word' id='word_1_733' title='bbox 2639 4466 2731 4519; x_wconf 79' lang='grc' dir='ltr'>καὶ</span> <span class='ocrx_word' id='word_1_734' title='bbox 2759 4465 2819 4519; x_wconf 80' lang='grc' dir='ltr'>τὸ</span> <span class='ocrx_word' id='word_1_735' title='bbox 2859 4465 2999 4520; x_wconf 77' lang='grc' dir='ltr'>κατὰ</span> <span class='ocrx_word' id='word_1_736' title='bbox 3025 4465 3125 4529; x_wconf 81' lang='grc' dir='ltr'><strong>τὰς</strong></span> <span class='ocrx_word' id='word_1_737' title='bbox 3151 4465 3440 4538; x_wconf 82' lang='grc' dir='ltr'>διαφόρους</span> <span class='ocrx_word' id='word_1_738' title='bbox 3468 4466 3720 4533; x_wconf 83' lang='grc' dir='ltr'>ἐξουσίας</span> 
     </span>
    </p>
   </div>
   <div class='ocr_carea' id='block_1_94' title="bbox 454 4557 2034 4629">
    <p class='ocr_par' dir='ltr' id='par_1_94' title="bbox 454 4557 2034 4629">
     <span class='ocr_line' id='line_1_94' title="bbox 454 4557 2034 4629; baseline 0.001 -18"><span class='ocrx_word' id='word_1_739' title='bbox 454 4557 583 4612; x_wconf 85' lang='lat' dir='ltr'><strong>iuna</strong></span> <span class='ocrx_word' id='word_1_740' title='bbox 629 4568 811 4613; x_wconf 89' lang='lat' dir='ltr'><strong>autem</strong></span> <span class='ocrx_word' id='word_1_741' title='bbox 863 4567 1053 4615; x_wconf 91' lang='lat' dir='ltr'><strong>contra</strong></span> <span class='ocrx_word' id='word_1_742' title='bbox 1095 4559 1291 4614; x_wconf 86' lang='lat' dir='ltr'><strong>vallem</strong></span> <span class='ocrx_word' id='word_1_743' title='bbox 1353 4558 1546 4629; x_wconf 88' lang='lat' dir='ltr'><strong>Ajalon</strong></span> <span class='ocrx_word' id='word_1_744' title='bbox 1595 4561 1930 4628; x_wconf 89' lang='lat' dir='ltr'><strong>constiterit;</strong></span> <span class='ocrx_word' id='word_1_745' title='bbox 1979 4567 2034 4615; x_wconf 92' lang='lat' dir='ltr'><strong>et</strong></span> 
     </span>
    </p>
   </div>
   <div class='ocr_carea' id='block_1_95' title="bbox 458 4650 2035 4722">
    <p class='ocr_par' dir='ltr' id='par_1_95' title="bbox 458 4650 2035 4722">
     <span class='ocr_line' id='line_1_95' title="bbox 458 4650 2035 4722; baseline 0.003 -19"><span class='ocrx_word' id='word_1_746' title='bbox 458 4650 615 4722; x_wconf 87' lang='lat' dir='ltr'><strong>longe</strong></span> <span class='ocrx_word' id='word_1_747' title='bbox 660 4659 854 4717; x_wconf 89' lang='lat' dir='ltr'><strong>antea,</strong></span> <span class='ocrx_word' id='word_1_748' title='bbox 901 4664 1138 4722; x_wconf 76' lang='lat' dir='ltr'><strong>quanam</strong></span> <span class='ocrx_word' id='word_1_749' title='bbox 1189 4658 1457 4721; x_wconf 88' lang='lat' dir='ltr'><strong>potestate</strong></span> <span class='ocrx_word' id='word_1_750' title='bbox 1506 4660 1817 4721; x_wconf 89' lang='lat' dir='ltr'><strong>permeatus</strong></span> <span class='ocrx_word' id='word_1_751' title='bbox 1870 4650 2035 4707; x_wconf 84' lang='lat' dir='ltr'><strong>fuerit</strong></span> 
     </span>
    </p>
   </div>
   <div class='ocr_carea' id='block_1_96' title="bbox 453 4739 2033 4808">
    <p class='ocr_par' dir='ltr' id='par_1_96' title="bbox 453 4739 2033 4808">
     <span class='ocr_line' id='line_1_96' title="bbox 453 4739 2033 4808; baseline 0.001 -12"><span class='ocrx_word' id='word_1_752' title='bbox 453 4739 719 4799; x_wconf 70' lang='lat' dir='ltr'><strong>Iordanes</strong></span> <span class='ocrx_word' id='word_1_753' title='bbox 751 4740 982 4808; x_wconf 76' lang='lat' dir='ltr'><strong>ﬂuvius,</strong></span> <span class='ocrx_word' id='word_1_754' title='bbox 1022 4750 1076 4797; x_wconf 89' lang='lat' dir='ltr'><strong>et</strong></span> <span class='ocrx_word' id='word_1_755' title='bbox 1100 4756 1301 4797; x_wconf 89' lang='lat' dir='ltr'><strong>manna</strong></span> <span class='ocrx_word' id='word_1_756' title='bbox 1331 4744 1646 4799; x_wconf 84' lang='lat' dir='ltr'><strong>cessaverit.</strong></span> <span class='ocrx_word' id='word_1_757' title='bbox 1686 4745 1765 4799; x_wconf 82' lang='lat' dir='ltr'><strong>Ac</strong></span> <span class='ocrx_word' id='word_1_758' title='bbox 1800 4744 1854 4798; x_wconf 90' lang='lat' dir='ltr'><strong>in</strong></span> <span class='ocrx_word' id='word_1_759' title='bbox 1891 4743 2033 4798; x_wconf 89' lang='lat' dir='ltr'><strong>libro</strong></span> 
     </span>
    </p>
   </div>
   <div class='ocr_carea' id='block_1_97' title="bbox 453 4832 2035 4908">
    <p class='ocr_par' dir='ltr' id='par_1_97' title="bbox 453 4832 2035 4908">
     <span class='ocr_line' id='line_1_97' title="bbox 453 4832 2035 4908; baseline -0.001 -17"><span class='ocrx_word' id='word_1_760' title='bbox 453 4836 674 4908; x_wconf 83' lang='lat' dir='ltr'><strong>quidem</strong></span> <span class='ocrx_word' id='word_1_761' title='bbox 708 4832 961 4892; x_wconf 86' lang='lat' dir='ltr'><strong>Judicum</strong></span> <span class='ocrx_word' id='word_1_762' title='bbox 988 4835 1245 4908; x_wconf 88' lang='lat' dir='ltr'><strong>pleraque</strong></span> <span class='ocrx_word' id='word_1_763' title='bbox 1278 4834 1546 4905; x_wconf 88' lang='lat' dir='ltr'><strong>ejusmodi</strong></span> <span class='ocrx_word' id='word_1_764' title='bbox 1575 4836 1745 4906; x_wconf 67' lang='lat' dir='ltr'><strong>quaeri</strong></span> <span class='ocrx_word' id='word_1_765' title='bbox 1774 4851 1839 4892; x_wconf 80' lang='lat' dir='ltr'><strong>ac</strong></span> <span class='ocrx_word' id='word_1_766' title='bbox 1879 4849 2035 4906; x_wconf 74' lang='lat' dir='ltr'><strong>repo-</strong></span> 
     </span>
    </p>
   </div>
   <div class='ocr_carea' id='block_1_98' title="bbox 454 4924 2029 4999">
    <p class='ocr_par' dir='ltr' id='par_1_98' title="bbox 454 4924 2029 4999">
     <span class='ocr_line' id='line_1_98' title="bbox 454 4924 2029 4999; baseline 0 -18"><span class='ocrx_word' id='word_1_767' title='bbox 454 4927 550 4981; x_wconf 91' lang='lat' dir='ltr'><strong>riri</strong></span> <span class='ocrx_word' id='word_1_768' title='bbox 581 4927 790 4997; x_wconf 87' lang='lat' dir='ltr'><strong>possint</strong></span> <span class='ocrx_word' id='word_1_769' title='bbox 814 4927 1082 4999; x_wconf 89' lang='lat' dir='ltr'><strong>prodigia,</strong></span> <span class='ocrx_word' id='word_1_770' title='bbox 1116 4943 1179 4983; x_wconf 88' lang='lat' dir='ltr'><strong>ea</strong></span> <span class='ocrx_word' id='word_1_771' title='bbox 1209 4936 1339 4997; x_wconf 86' lang='lat' dir='ltr'><strong>puta</strong></span> <span class='ocrx_word' id='word_1_772' title='bbox 1378 4941 1501 4997; x_wconf 68' lang='lat' dir='ltr'><strong>qua:</strong></span> <span class='ocrx_word' id='word_1_773' title='bbox 1550 4926 1693 4981; x_wconf 82' lang='lat' dir='ltr'><strong>circa</strong></span> <span class='ocrx_word' id='word_1_774' title='bbox 1721 4924 2029 4981; x_wconf 86' lang='lat' dir='ltr'><strong>Gedeonem</strong></span> 
     </span>
    </p>
   </div>
   <div class='ocr_carea' id='block_1_99' title="bbox 2137 4555 3721 4630">
    <p class='ocr_par' dir='ltr' id='par_1_99' title="bbox 2137 4555 3721 4630">
     <span class='ocr_line' id='line_1_99' title="bbox 2137 4555 3721 4630; baseline -0.003 -15"><span class='ocrx_word' id='word_1_775' title='bbox 2137 4557 2359 4615; x_wconf 90' lang='grc' dir='ltr'>διελθὼν</span> <span class='ocrx_word' id='word_1_776' title='bbox 2387 4560 2684 4630; x_wconf 85' lang='grc' dir='ltr'>μυστήριον</span> <span class='ocrx_word' id='word_1_777' title='bbox 2725 4557 2959 4624; x_wconf 84' lang='grc' dir='ltr'>ἐδίδαξεν</span> <span class='ocrx_word' id='word_1_778' title='bbox 2989 4556 3056 4611; x_wconf 76' lang='grc' dir='ltr'>ἂν</span> <span class='ocrx_word' id='word_1_779' title='bbox 3086 4558 3146 4612; x_wconf 89' lang='grc' dir='ltr'>ἐν</span> <span class='ocrx_word' id='word_1_780' title='bbox 3173 4556 3303 4628; x_wconf 81' lang='grc' dir='ltr'>ποίᾳ</span> <span class='ocrx_word' id='word_1_781' title='bbox 3341 4555 3590 4629; x_wconf 70' lang='grc' dir='ltr'>ἐξουσίᾳ,</span> <span class='ocrx_word' id='word_1_782' title='bbox 3623 4560 3721 4611; x_wconf 80' lang='grc' dir='ltr'>καὶ</span> 
     </span>
    </p>
   </div>
   <div class='ocr_carea' id='block_1_100' title="bbox 2138 4648 3717 4726">
    <p class='ocr_par' dir='ltr' id='par_1_100' title="bbox 2138 4648 3717 4726">
     <span class='ocr_line' id='line_1_100' title="bbox 2138 4648 3717 4726; baseline -0.003 -20"><span class='ocrx_word' id='word_1_783' title='bbox 2138 4653 2257 4717; x_wconf 87' lang='grc' dir='ltr'><strong>πῶς</strong></span> <span class='ocrx_word' id='word_1_784' title='bbox 2286 4650 2627 4726; x_wconf 80' lang='grc' dir='ltr'>ὑπερεχούσῃ</span> <span class='ocrx_word' id='word_1_785' title='bbox 2655 4650 2828 4704; x_wconf 79' lang='grc' dir='ltr'>ἐποίει</span> <span class='ocrx_word' id='word_1_786' title='bbox 2866 4648 2904 4703; x_wconf 71' lang='grc' dir='ltr'>ἃ</span> <span class='ocrx_word' id='word_1_787' title='bbox 2942 4648 3167 4703; x_wconf 77' lang='grc' dir='ltr'>ἔϐλεπεν</span> <span class='ocrx_word' id='word_1_788' title='bbox 3194 4650 3223 4702; x_wconf 83' lang='grc' dir='ltr'>ὁ</span> <span class='ocrx_word' id='word_1_789' title='bbox 3263 4649 3391 4713; x_wconf 75' lang='grc' dir='ltr'>λαὸς</span> <span class='ocrx_word' id='word_1_790' title='bbox 3419 4649 3681 4722; x_wconf 79' lang='grc' dir='ltr'>τεράστια</span> <span class='ocrx_word' id='word_1_791' title='bbox 3700 4687 3717 4711; x_wconf 88' lang='grc'><strong>,</strong></span> 
     </span>
    </p>
   </div>
   <div class='ocr_carea' id='block_1_101' title="bbox 2136 4740 3719 4818">
    <p class='ocr_par' dir='ltr' id='par_1_101' title="bbox 2136 4740 3719 4818">
     <span class='ocr_line' id='line_1_101' title="bbox 2136 4740 3719 4818; baseline -0.003 -19"><span class='ocrx_word' id='word_1_792' title='bbox 2136 4745 2353 4818; x_wconf 77' lang='grc' dir='ltr'>δοθείσῃ</span> <span class='ocrx_word' id='word_1_793' title='bbox 2381 4743 2530 4815; x_wconf 80' lang='grc' dir='ltr'><strong>αὐτῷ</strong></span> <span class='ocrx_word' id='word_1_794' title='bbox 2562 4744 2662 4797; x_wconf 75' lang='grc' dir='ltr'>οὐκ</span> <span class='ocrx_word' id='word_1_795' title='bbox 2694 4741 2802 4796; x_wconf 86' lang='grc' dir='ltr'>ἀπό</span> <span class='ocrx_word' id='word_1_796' title='bbox 2842 4758 2988 4807; x_wconf 89' lang='grc' dir='ltr'>τινος</span> <span class='ocrx_word' id='word_1_797' title='bbox 3020 4741 3250 4810; x_wconf 87' lang='grc' dir='ltr'>ἀγγέλου</span> <span class='ocrx_word' id='word_1_798' title='bbox 3281 4742 3374 4795; x_wconf 75' lang='grc' dir='ltr'>καὶ</span> <span class='ocrx_word' id='word_1_799' title='bbox 3401 4740 3719 4813; x_wconf 81' lang='grc' dir='ltr'>λειτουργοῦ</span> 
     </span>
    </p>
   </div>
   <div class='ocr_carea' id='block_1_102' title="bbox 2138 4830 3718 4903">
    <p class='ocr_par' dir='ltr' id='par_1_102' title="bbox 2138 4830 3718 4903">
     <span class='ocr_line' id='line_1_102' title="bbox 2138 4830 3718 4903; baseline -0.001 -16"><span class='ocrx_word' id='word_1_800' title='bbox 2138 4830 2273 4888; x_wconf 81' lang='grc' dir='ltr'>Θεοῦ</span> <span class='ocrx_word' id='word_1_801' title='bbox 2298 4871 2313 4896; x_wconf 90' lang='grc'><strong>,</strong></span> <span class='ocrx_word' id='word_1_802' title='bbox 2360 4832 2483 4887; x_wconf 76' lang='grc' dir='ltr'>οὐδὲ</span> <span class='ocrx_word' id='word_1_803' title='bbox 2519 4831 2609 4887; x_wconf 85' lang='grc' dir='ltr'><strong>διά</strong></span> <span class='ocrx_word' id='word_1_804' title='bbox 2648 4849 2791 4896; x_wconf 89' lang='grc' dir='ltr'>τινος</span> <span class='ocrx_word' id='word_1_805' title='bbox 2825 4832 2934 4886; x_wconf 85' lang='grc' dir='ltr'>τῶν</span> <span class='ocrx_word' id='word_1_806' title='bbox 2981 4832 3388 4903; x_wconf 83' lang='grc' dir='ltr'>ὑποδεεστέρων</span> <span class='ocrx_word' id='word_1_807' title='bbox 3420 4830 3513 4886; x_wconf 77' lang='grc' dir='ltr'>τοῦ</span> <span class='ocrx_word' id='word_1_808' title='bbox 3543 4830 3718 4897; x_wconf 82' lang='grc' dir='ltr'>Θεοῦ.</span> 
     </span>
    </p>
   </div>
   <div class='ocr_carea' id='block_1_103' title="bbox 2138 4923 2978 4997">
    <p class='ocr_par' dir='ltr' id='par_1_103' title="bbox 2138 4923 2978 4997">
     <span class='ocr_line' id='line_1_103' title="bbox 2138 4923 2978 4997; baseline 0.002 -18"><span class='ocrx_word' id='word_1_809' title='bbox 2138 4924 2256 4979; x_wconf 81' lang='grc' dir='ltr'>ἀλλ’</span> <span class='ocrx_word' id='word_1_810' title='bbox 2284 4924 2393 4978; x_wconf 80' lang='grc' dir='ltr'><strong>ἀπὸ</strong></span> <span class='ocrx_word' id='word_1_811' title='bbox 2419 4923 2586 4979; x_wconf 78' lang='grc' dir='ltr'>αὐτοῦ</span> <span class='ocrx_word' id='word_1_812' title='bbox 2614 4924 2709 4977; x_wconf 82' lang='grc' dir='ltr'><strong>τοῦ</strong></span> <span class='ocrx_word' id='word_1_813' title='bbox 2741 4925 2978 4997; x_wconf 85' lang='grc' dir='ltr'>Πατρός.</span> 
     </span>
    </p>
   </div>
   <div class='ocr_carea' id='block_1_104' title="bbox 1654 5039 2518 5099">
    <p class='ocr_par' dir='ltr' id='par_1_104' title="bbox 1654 5039 2518 5099">
     <span class='ocr_line' id='line_1_104' title="bbox 1654 5039 2518 5099; baseline -0.005 -2"><span class='ocrx_word' id='word_1_814' title='bbox 1654 5040 1895 5099; x_wconf 75' lang='lat' dir='ltr'><strong>VETUS</strong></span> <span class='ocrx_word' id='word_1_815' title='bbox 1933 5039 2518 5098; x_wconf 72' lang='lat' dir='ltr'><strong>INTERPRETATIO.</strong></span> 
     </span>
    </p>
   </div>
   <div class='ocr_carea' id='block_1_105' title="bbox 454 5134 3723 5215">
    <p class='ocr_par' dir='ltr' id='par_1_105' title="bbox 454 5134 3723 5215">
     <span class='ocr_line' id='line_1_105' title="bbox 454 5134 3723 5215; baseline 0.001 -26"><span class='ocrx_word' id='word_1_816' title='bbox 454 5136 751 5215; x_wconf 88' lang='lat' dir='ltr'><strong>res_populi</strong></span> <span class='ocrx_word' id='word_1_817' title='bbox 781 5146 1174 5215; x_wconf 75' lang='lat' dir='ltr'><strong>cognoscentes</strong></span> <span class='ocrx_word' id='word_1_818' title='bbox 1203 5138 1361 5215; x_wconf 89' lang='lat' dir='ltr'><strong>plura</strong></span> <span class='ocrx_word' id='word_1_819' title='bbox 1381 5138 1463 5215; x_wconf 64' lang='lat' dir='ltr'><strong>de</strong></span> <span class='ocrx_word' id='word_1_820' title='bbox 1491 5137 1856 5215; x_wconf 80' lang='lat' dir='ltr'><strong>potestatibus</strong></span> <span class='ocrx_word' id='word_1_821' title='bbox 1878 5177 1894 5202; x_wconf 90' lang='lat'><strong>,</strong></span> <span class='ocrx_word' id='word_1_822' title='bbox 1928 5145 1984 5192; x_wconf 91' lang='lat' dir='ltr'><strong>et</strong></span> <span class='ocrx_word' id='word_1_823' title='bbox 2007 5137 2267 5215; x_wconf 63' lang='lat' dir='ltr'><strong>gradibus</strong></span> <span class='ocrx_word' id='word_1_824' title='bbox 2295 5140 2765 5215; x_wconf 62' lang='lat' dir='ltr'><strong>sacramentorum</strong></span> <span class='ocrx_word' id='word_1_825' title='bbox 2796 5136 3102 5215; x_wconf 71' lang='lat' dir='ltr'><strong>cmlestium</strong></span> <span class='ocrx_word' id='word_1_826' title='bbox 3126 5176 3144 5204; x_wconf 94' lang='lat'><strong>,</strong></span> <span class='ocrx_word' id='word_1_827' title='bbox 3192 5134 3723 5215; x_wconf 65' lang='lat' dir='ltr'><strong>sive_es_traditione</strong></span> 
     </span>
    </p>
   </div>
   <div class='ocr_carea' id='block_1_106' title="bbox 455 5204 3720 5288">
    <p class='ocr_par' dir='ltr' id='par_1_106' title="bbox 455 5204 3720 5288">
     <span class='ocr_line' id='line_1_106' title="bbox 455 5204 3720 5288; baseline -0 -28"><span class='ocrx_word' id='word_1_828' title='bbox 455 5204 773 5288; x_wconf 72' lang='lat' dir='ltr'><strong>majorutn,_</strong></span> <span class='ocrx_word' id='word_1_829' title='bbox 794 5204 908 5263; x_wconf 69' lang='lat' dir='ltr'><strong>sive</strong></span> <span class='ocrx_word' id='word_1_830' title='bbox 937 5208 1016 5288; x_wconf 42' lang='lat' dir='ltr'><strong>de.</strong></span> <span class='ocrx_word' id='word_1_831' title='bbox 1031 5204 1256 5288; x_wconf 71' lang='lat' dir='ltr'><strong>secretis</strong></span> <span class='ocrx_word' id='word_1_832' title='bbox 1301 5204 1653 5288; x_wconf 61' lang='lat' dir='ltr'><strong>quibusdam,</strong></span> <span class='ocrx_word' id='word_1_833' title='bbox 1689 5217 1873 5288; x_wconf 86' lang='lat' dir='ltr'><strong>utrum</strong></span> <span class='ocrx_word' id='word_1_834' title='bbox 1903 5204 2662 5288; x_wconf 38' lang='lat' dir='ltr'><strong>autémrationabiliter,‘aut</strong></span> <span class='ocrx_word' id='word_1_835' title='bbox 2701 5207 3169 5288; x_wconf 64' lang='lat' dir='ltr'><strong>irrationabiliter,</strong></span> <span class='ocrx_word' id='word_1_836' title='bbox 3203 5208 3424 5288; x_wconf 51' lang='lat' dir='ltr'><strong>catenati</strong></span> <span class='ocrx_word' id='word_1_837' title='bbox 3457 5206 3720 5288; x_wconf 70' lang='lat' dir='ltr'><strong>videbant</strong></span> 
     </span>
    </p>
   </div>
   <div class='ocr_carea' id='block_1_107' title="bbox 452 5274 3721 5361">
    <p class='ocr_par' dir='ltr' id='par_1_107' title="bbox 452 5274 3721 5361">
     <span class='ocr_line' id='line_1_107' title="bbox 452 5274 3721 5361; baseline 0.001 -33"><span class='ocrx_word' id='word_1_838' title='bbox 452 5274 637 5359; x_wconf 66' lang='lat' dir='ltr'><strong>Iesum</strong></span> <span class='ocrx_word' id='word_1_839' title='bbox 665 5278 833 5361; x_wconf 83' lang='lat' dir='ltr'><strong>multa</strong></span> <span class='ocrx_word' id='word_1_840' title='bbox 863 5278 1119 5361; x_wconf 70' lang='lat' dir='ltr'><strong>prodigia</strong></span> <span class='ocrx_word' id='word_1_841' title='bbox 1141 5274 1565 5361; x_wconf 54' lang='lat' dir='ltr'><strong>facientiemnnon</strong></span> <span class='ocrx_word' id='word_1_842' title='bbox 1587 5279 1717 5361; x_wconf 81' lang='lat' dir='ltr'><strong>sine</strong></span> <span class='ocrx_word' id='word_1_843' title='bbox 1731 5277 2243 5361; x_wconf 15' lang='lat' dir='ltr'><strong>potestatealiqpar</strong></span> <span class='ocrx_word' id='word_1_844' title='bbox 2264 5275 2319 5361; x_wconf 80' lang='lat' dir='ltr'><strong>ei</strong></span> <span class='ocrx_word' id='word_1_845' title='bbox 2346 5274 2641 5361; x_wconf 57' lang='lat' dir='ltr'><strong>subiecta;</strong></span> <span class='ocrx_word' id='word_1_846' title='bbox 2657 5284 2720 5361; x_wconf 78' lang='lat' dir='ltr'><strong>et</strong></span> <span class='ocrx_word' id='word_1_847' title='bbox 2749 5275 3185 5361; x_wconf 66' lang='lat' dir='ltr'><strong>ideo_potestatis</strong></span> <span class='ocrx_word' id='word_1_848' title='bbox 3215 5276 3365 5356; x_wconf 77' lang='lat' dir='ltr'><strong>illius</strong></span> <span class='ocrx_word' id='word_1_849' title='bbox 3390 5277 3632 5361; x_wconf 73' lang='lat' dir='ltr'><strong>speciem</strong></span> <span class='ocrx_word' id='word_1_850' title='bbox 3654 5284 3721 5361; x_wconf 49' lang='grc' dir='ltr'><strong>χι</strong></span> 
     </span>
    </p>
   </div>
   <div class='ocr_carea' id='block_1_108' title="bbox 495 5344 3721 5429">
    <p class='ocr_par' dir='ltr' id='par_1_108' title="bbox 495 5344 3721 5429">
     <span class='ocr_line' id='line_1_108' title="bbox 495 5344 3721 5429; baseline 0.001 -32"><span class='ocrx_word' id='word_1_851' title='bbox 495 5348 839 5429; x_wconf 62' lang='lat' dir='ltr'><strong>rnprietatem</strong></span> <span class='ocrx_word' id='word_1_852' title='bbox 865 5344 1127 5429; x_wconf 52' lang='lat' dir='ltr'><strong>volebant</strong></span> <span class='ocrx_word' id='word_1_853' title='bbox 1150 5349 1342 5429; x_wconf 77' lang='lat' dir='ltr'><strong>audire</strong></span> <span class='ocrx_word' id='word_1_854' title='bbox 1350 5348 1658 5429; x_wconf 54' lang='lat' dir='ltr'><strong>&#39;a_(_lltristo.</strong></span> <span class='ocrx_word' id='word_1_855' title='bbox 1708 5344 1793 5429; x_wconf 84' lang='lat' dir='ltr'><strong>_Et</strong></span> <span class='ocrx_word' id='word_1_856' title='bbox 1823 5348 1868 5429; x_wconf 78' lang='lat' dir='ltr'><strong>si</strong></span> <span class='ocrx_word' id='word_1_857' title='bbox 1894 5347 2113 5417; x_wconf 86' lang='lat' dir='ltr'><strong>quidem</strong></span> <span class='ocrx_word' id='word_1_858' title='bbox 2131 5344 2680 5429; x_wconf 60' lang='lat' dir='ltr'><strong>&#39;l&#39;uissentprincipes</strong></span> <span class='ocrx_word' id='word_1_859' title='bbox 2707 5344 3055 5429; x_wconf 75' lang='lat' dir='ltr'><strong>sacerdotum</strong></span> <span class='ocrx_word' id='word_1_860' title='bbox 3089 5344 3467 5416; x_wconf 50' lang='lat' dir='ltr'><strong>aliqui‘sancti</strong></span> <span class='ocrx_word' id='word_1_861' title='bbox 3488 5387 3504 5412; x_wconf 97' lang='lat'><strong>,</strong></span> <span class='ocrx_word' id='word_1_862' title='bbox 3540 5344 3721 5429; x_wconf 78' lang='lat' dir='ltr'><strong>qualis</strong></span> 
     </span>
    </p>
   </div>
   <div class='ocr_carea' id='block_1_109' title="bbox 478 5413 3719 5499">
    <p class='ocr_par' dir='ltr' id='par_1_109' title="bbox 478 5413 3719 5499">
     <span class='ocr_line' id='line_1_109' title="bbox 478 5413 3719 5499; baseline 0 -30"><span class='ocrx_word' id='word_1_863' title='bbox 478 5413 786 5498; x_wconf 48' lang='lat' dir='ltr'><strong>uit&#39;aaron,</strong></span> <span class='ocrx_word' id='word_1_864' title='bbox 821 5418 906 5472; x_wconf 92' lang='lat' dir='ltr'><strong>vel</strong></span> <span class='ocrx_word' id='word_1_865' title='bbox 934 5415 1180 5499; x_wconf 65' lang='lat' dir='ltr'><strong>Eleazar,</strong></span> <span class='ocrx_word' id='word_1_866' title='bbox 1224 5418 1309 5499; x_wconf 74' lang='lat' dir='ltr'><strong>vel</strong></span> <span class='ocrx_word' id='word_1_867' title='bbox 1332 5416 1607 5499; x_wconf 52' lang='lat' dir='ltr'><strong>“Phinees,</strong></span> <span class='ocrx_word' id='word_1_868' title='bbox 1640 5418 1721 5499; x_wconf 76' lang='lat' dir='ltr'><strong>vel</strong></span> <span class='ocrx_word' id='word_1_869' title='bbox 1750 5413 2283 5499; x_wconf 59' lang='lat' dir='ltr'><strong>q_uicu&#39;nque_eorum</strong></span> <span class='ocrx_word' id='word_1_870' title='bbox 2309 5414 2401 5497; x_wconf 72' lang='lat' dir='ltr'><strong>qui</strong></span> <span class='ocrx_word' id='word_1_871' title='bbox 2436 5413 2952 5499; x_wconf 42' lang='lat' dir='ltr'><strong>bene&#39;fu_neti.onetn</strong></span> <span class='ocrx_word' id='word_1_872' title='bbox 2980 5430 3143 5499; x_wconf 48' lang='lat' dir='ltr'><strong>suam.</strong></span> <span class='ocrx_word' id='word_1_873' title='bbox 3168 5413 3719 5499; x_wconf 67' lang='lat' dir='ltr'><strong>consummaverunt,</strong></span> 
     </span>
    </p>
   </div>
   <div class='ocr_carea' id='block_1_110' title="bbox 454 5484 3722 5558">
    <p class='ocr_par' dir='ltr' id='par_1_110' title="bbox 454 5484 3722 5558">
     <span class='ocr_line' id='line_1_110' title="bbox 454 5484 3722 5558; baseline 0 -18"><span class='ocrx_word' id='word_1_874' title='bbox 454 5486 614 5553; x_wconf 84' lang='lat' dir='ltr'><strong>quasi</strong></span> <span class='ocrx_word' id='word_1_875' title='bbox 646 5503 755 5542; x_wconf 88' lang='lat' dir='ltr'><strong>non</strong></span> <span class='ocrx_word' id='word_1_876' title='bbox 787 5488 1145 5554; x_wconf 76' lang='lat' dir='ltr'><strong>tentantibus,</strong></span> <span class='ocrx_word' id='word_1_877' title='bbox 1166 5484 1285 5543; x_wconf 82' lang='lat' dir='ltr'><strong>scd</strong></span> <span class='ocrx_word' id='word_1_878' title='bbox 1312 5487 1527 5543; x_wconf 87' lang='lat' dir='ltr'><strong>discere</strong></span> <span class='ocrx_word' id='word_1_879' title='bbox 1555 5484 1925 5558; x_wconf 72' lang='lat' dir='ltr'><strong>cupientibus,</strong></span> <span class='ocrx_word' id='word_1_880' title='bbox 1958 5484 2013 5542; x_wconf 77' lang='lat' dir='ltr'><strong>et</strong></span> <span class='ocrx_word' id='word_1_881' title='bbox 2054 5485 2236 5556; x_wconf 90' lang='lat' dir='ltr'><strong>dignis</strong></span> <span class='ocrx_word' id='word_1_882' title='bbox 2262 5484 2579 5556; x_wconf 88' lang='lat' dir='ltr'><strong>hujusmodi</strong></span> <span class='ocrx_word' id='word_1_883' title='bbox 2608 5485 2859 5551; x_wconf 80' lang='lat' dir='ltr'><strong>scicntia,</strong></span> <span class='ocrx_word' id='word_1_884' title='bbox 2892 5487 3011 5542; x_wconf 87' lang='lat' dir='ltr'><strong>sine</strong></span> <span class='ocrx_word' id='word_1_885' title='bbox 3051 5486 3221 5541; x_wconf 87' lang='lat' dir='ltr'><strong>dubio</strong></span> <span class='ocrx_word' id='word_1_886' title='bbox 3246 5486 3579 5543; x_wconf 68' lang='lat' dir='ltr'><strong>declarasset</strong></span> <span class='ocrx_word' id='word_1_887' title='bbox 3602 5501 3722 5558; x_wconf 55' lang='lat' dir='ltr'><strong>my.</strong></span> 
     </span>
    </p>
   </div>
   <div class='ocr_carea' id='block_1_111' title="bbox 527 5603 1449 5676">
    <p class='ocr_par' dir='ltr' id='par_1_111' title="bbox 527 5603 1449 5676">
     <span class='ocr_line' id='line_1_111' title="bbox 527 5603 1449 5676; baseline 0.003 -17"><span class='ocrx_word' id='word_1_888' title='bbox 527 5603 571 5636; x_wconf 65' lang='grc' dir='ltr'>δ’</span> <span class='ocrx_word' id='word_1_889' title='bbox 592 5604 711 5660; x_wconf 87' lang='lat' dir='ltr'><strong>Gal.</strong></span> <span class='ocrx_word' id='word_1_890' title='bbox 745 5622 830 5673; x_wconf 85' lang='grc' dir='ltr'>ιη,</span> <span class='ocrx_word' id='word_1_891' title='bbox 863 5609 947 5664; x_wconf 80' lang='grc'><strong>19.</strong></span> <span class='ocrx_word' id='word_1_892' title='bbox 1024 5607 1072 5641; x_wconf 71' lang='grc'><strong>⁸⁸</strong></span> <span class='ocrx_word' id='word_1_893' title='bbox 1105 5606 1272 5665; x_wconf 85' lang='lat' dir='ltr'><strong>Hebr.</strong></span> <span class='ocrx_word' id='word_1_894' title='bbox 1304 5623 1364 5676; x_wconf 86' lang='lat' dir='ltr'><strong>tt,</strong></span> <span class='ocrx_word' id='word_1_895' title='bbox 1395 5607 1449 5662; x_wconf 74' lang='grc'><strong>2.</strong></span> 
     </span>
    </p>
   </div>
   <div class='ocr_carea' id='block_1_112' title="bbox 527 5724 2035 5802">
    <p class='ocr_par' dir='ltr' id='par_1_112' title="bbox 527 5724 2035 5802">
     <span class='ocr_line' id='line_1_112' title="bbox 527 5724 2035 5802; baseline 0.005 -25"><span class='ocrx_word' id='word_1_896' title='bbox 527 5724 643 5794; x_wconf 63' lang='grc' dir='ltr'><strong>(δε)</strong></span> <span class='ocrx_word' id='word_1_897' title='bbox 672 5728 832 5782; x_wconf 76' lang='grc' dir='ltr'>Κατὰ</span> <span class='ocrx_word' id='word_1_898' title='bbox 861 5728 1154 5799; x_wconf 62' lang='grc' dir='ltr'>φάραγγα.</span> <span class='ocrx_word' id='word_1_899' title='bbox 1187 5729 1262 5785; x_wconf 88' lang='lat' dir='ltr'><strong>Ita</strong></span> <span class='ocrx_word' id='word_1_900' title='bbox 1294 5731 1491 5800; x_wconf 78' lang='lat' dir='ltr'><strong>legitur</strong></span> <span class='ocrx_word' id='word_1_901' title='bbox 1517 5730 1570 5785; x_wconf 88' lang='lat' dir='ltr'><strong>in</strong></span> <span class='ocrx_word' id='word_1_902' title='bbox 1619 5732 1804 5789; x_wconf 70' lang='lat' dir='ltr'><strong>codice</strong></span> <span class='ocrx_word' id='word_1_903' title='bbox 1838 5732 2035 5802; x_wconf 72' lang='lat' dir='ltr'><strong>Anglic;</strong></span> 
     </span>
    </p>
   </div>
   <div class='ocr_carea' id='block_1_113' title="bbox 2138 5724 3034 5802">
    <p class='ocr_par' dir='ltr' id='par_1_113' title="bbox 2146 5732 3034 5800">
     <span class='ocr_line' id='line_1_113' title="bbox 2146 5732 3034 5800; baseline -0.001 -14"><span class='ocrx_word' id='word_1_904' title='bbox 2146 5775 2158 5800; x_wconf 74' lang='lat'><strong>,</strong></span> <span class='ocrx_word' id='word_1_905' title='bbox 2190 5732 2419 5790; x_wconf 85' lang='lat' dir='ltr'><strong>llnetius</strong></span> <span class='ocrx_word' id='word_1_906' title='bbox 2450 5743 2629 5789; x_wconf 86' lang='lat' dir='ltr'><strong>tamen</strong></span> <span class='ocrx_word' id='word_1_907' title='bbox 2656 5732 2840 5788; x_wconf 86' lang='lat' dir='ltr'><strong>omisit</strong></span> <span class='ocrx_word' id='word_1_908' title='bbox 2874 5732 3034 5789; x_wconf 85' lang='grc' dir='ltr'>κατά.</span> 
     </span>
    </p>
   </div>
  </div>
