4110 6474
404 431 540 490 1485

1313 428 1663 486 COMMENT.
1707 428 1773 482 IN
1814 428 2227 485 ΜΑΤἹἹΙᾸΞΠΜ
2270 429 2507 485 ΤΟΜΓΞ
2544 428 2707 484 XVII.

3520 432 3666 486 MSS

400 572 498 619 στας
531 553 595 608 τὰ
629 552 866 617 ἐναντία,
974 552 1108 625 μηδέ
1141 550 1239 622 τὴν
1271 551 1443 622 ἀρχὴν
1474 550 1836 621 ἐπηγγείλατο
1872 550 1981 621 (59)

2087 550 2245 619 77],
2277 565 2465 620 opera,
2492 555 2579 605 cui
2616 567 2683 605 ne
2705 551 2870 607 verbo
2904 552 3123 621 quidem
3156 554 3424 609 bonorum
3452 553 3662 609 facim.»

404 647 543 700 κατά
584 645 762 715 φωνὰς
794 646 967 714 λόγων
1009 642 1228 712 ἀγαθῶν
1264 641 1545 714 πράξεων·
1590 642 1672 694 ἔτι
1726 642 1783 694 δὲ
1845 642 1982 713 πρὸς

401 742 526 804 τοὺς
571 739 779 811 μεγάλα
821 741 920 811 μὲν
961 737 1484 808 ἐπαγγελλομένους,
1528 737 1694 809 μηδὲν
1741 736 1796 789 δὲ
1832 736 1981 791 ,κατὰ

402 833 499 905 τὴν
531 830 859 899 ἐπαγγελίαν
888 830 1222 902 πράττοντας
1243 847 1256 860 ·
1286 828 1315 879 ό
1344 827 1447 898 μὲν
1473 827 1583 898 γάρ
1604 844 1688 890 τις
1711 827 1874 881 οἱονεὶ
1903 826 1983 880 λέ-

400 939 488 992 γει
509 938 524 953 ⁸
564 920 822 992 Μεῖζονῆ
859 922 979 975 κατ’
1017 922 1116 991 ἐμὲ
1146 920 1439 991 παρθενίαν
1477 918 1679 989 ταύτην
1710 919 1770 971 οὐ
1806 918 1975 971 θέλω·

400 1013 497 1069 καὶ
526 1012 627 1083 τῆς
652 1012 795 1084 ἐμῆς
824 1011 979 1078 ἀξίας
1005 1010 1210 1081 βέλτιον
1238 1009 1299 1062 τὸ
1329 1008 1733 1078 ἀποταξάμενον
1761 1006 1839 1078 τῷ
1881 1007 1981 1078 βίῳ

403 1103 680 1175 σχολάζειν
698 1102 778 1173 τῷ
809 1103 952 1173 λόγῳ
973 1118 986 1131 ·
1021 1104 1049 1155 ὁ
1075 1102 1131 1157 δέ
1165 1117 1328 1172 φησιν
1360 1101 1590 1153 ἕκαστον
1624 1098 1836 1153 ἀκούων
1875 1099 1981 1153 τῶν

400 1203 460 1257 ἐν
490 1203 557 1273 τῇ
584 1202 772 1271 Γραφῇ
807 1198 1056 1271 μεγάλων
1088 1198 1291 1270 ἔργων’
1330 1216 1349 1247 ι
1383 1195 1557 1265 Ἐγὼ,
1588 1194 1783 1265 Κύριε.
1818 1212 1837 1245 ι
1871 1194 1982 1248 Καὶ

401 1292 547 1346 ἐστιν
594 1291 720 1345 ἰδεῖν
765 1290 925 1344 οἱονεὶ
957 1292 1021 1343 ἐκ
1063 1287 1425 1361 μεταμελείας
1457 1287 1608 1350 τινάς
1646 1285 1981 1348 ἐπιδιδόντας

402 1386 483 1448 εἰς
520 1384 581 1437 τὸ
628 1382 854 1451 βέλτιον,
899 1384 994 1436 καὶ
1037 1379 1501 1452 ἐπιμελουμένους
1543 1377 1752 1432 ἐαυτῶν
1787 1377 1881 1430 ἐπὶ
1924 1377 1986 1430 τὸ

402 1478 648 1546 κρεῖττον
700 1476 851 1545 παρα
896 1471 992 1543 τὴν
1033 1469 1268 1543 ἀρχῆθεν
1317 1468 1661 1542 προσδοκίαν*
1697 1466 1893 1529 ἄλλους
1925 1465 1982 1518 δὲ

403 1564 837 1637 προπετέστερον
874 1562 973 1633 μὲν
1011 1561 1180 1615 πολλά
1214 1559 1737 1631 ἐπαγγειλαμένους,
1776 1560 1887 1621 τοῖς
1927 1556 1984 1611 δὲ

401 1656 583 1728 ἔργοις
618 1654 1057 1726 ἀιθτιπράξαντας
1086 1656 1203 1717 ταῖς
1241 1651 1610 1721 ἐπαγγελίαις.

2088 657 2209 695 rum
2244 642 2550 697 rudimenta
2574 643 2980 713 promiserunt:
3018 645 3085 700 iis
3114 645 3244 701 item
3282 642 3416 701 illud
3460 660 3661 702 conveo

2088 731 2167 786 nit
2185 734 2278 801 qui
2302 748 2501 803 magna
2526 733 2743 803 quidem
2776 734 3144 803 promittunt,
3192 750 3252 791 re
3305 751 3489 791 autem
3531 753 3658 808 pro-

2087 824 2254 879 missa
2282 838 2381 880 sua
2412 825 2637 881 minime
2665 825 2893 896 implent
2922 846 2934 882 :
2969 827 3047 882 ait
3071 826 3251 894 enim,
3281 827 3430 882 verbi
3456 829 3657 899 gratia,

2088 915 2322 985 aliquis:
2350 914 2725 987 Virginitatem
2751 917 2895 971 illam
2919 917 3047 973 nolo
3067 933 3190 988 qua:
3213 917 3359 974 vires
3390 933 3541 974 meas
3567 933 3664 974 su-

2089 1015 2244 1076 perat
2263 1023 2277 1071 ;
2296 1007 2459 1062 item:
2491 1007 2610 1063 Vita
2626 1008 2729 1063 hac
2741 1009 3010 1075 abdicata,
3034 1008 3236 1064 Christi
3255 1008 3422 1064 verbo
3435 1023 3662 1080 operam

2090 1098 2221 1153 dare
2244 1098 2497 1170 dignitati
2544 1114 2679 1154 mea:
2708 1115 2772 1154 ac
2801 1099 2997 1156 merito
3024 1100 3296 1156 antecellit
3323 1118 3338 1155 :
3366 1100 3456 1156 ille
3476 1109 3662 1156 autem

2089 1188 2328 1258 ingentia
2363 1190 2454 1245 illa
2482 1189 2726 1246 facinora
2757 1207 2880 1262 qua:
2913 1192 2967 1246 in
3000 1190 3280 1262 Scriptura
3319 1206 3663 1248 commemo-

2090 1288 2312 1342 rantur,
2356 1280 2585 1341 audiens
2617 1280 2749 1336 dicit
2779 1301 2792 1335 :
2827 1298 2849 1332 ι
2888 1279 3021 1352 Ego,
3044 1279 3306 1349 Domine;
3338 1301 3357 1334 ι
3386 1290 3500 1338 tum
3531 1298 3665 1340 vero

2090 1368 2385 1426 nonnullos
2414 1370 2574 1440 quasi
2617 1371 2939 1442 poenitentia
2991 1371 3186 1427 ductos
3214 1370 3397 1427 videre
3433 1372 3562 1429 licet
3610 1372 3667 1428 in

2090 1458 2221 1515 boni
2253 1460 2500 1531 rectique
2533 1462 2715 1517 studio
2738 1461 3114 1531 proﬁcientes,
3148 1471 3204 1518 et
3247 1463 3433 1519 virtuti
3468 1473 3668 1534 prater

2091 1565 2210 1604 eam
2247 1566 2410 1621 quam
2460 1552 2616 1606 initio
2656 1551 2918 1608 dederant
2960 1554 3423 1622 exspectationem
3455 1554 3671 1608 naviter

2090 1654 2314 1709 operam
2346 1641 2570 1709 dantes;
2626 1642 2764 1697 alios
2816 1651 2996 1697 autem
3038 1652 3324 1713 postquam
3361 1643 3531 1700 multa
3586 1653 3668 1699 te-

2092 1748 2238 1787 mere
2261 1733 2481 1803 polliciti
2519 1740 2667 1800 sunt,
2695 1733 2956 1803 pleraque
2994 1742 3184 1789 contra
3236 1735 3507 1804 promissa
3564 1751 3664 1792 sua

2088 1834 2330 1895 agentes.

474 1920 626 1974 Μετὰ
664 1920 719 1973 δέ
748 1920 843 1990 τὴν
874 1915 1187 1990 παραϐολὴν
1227 1914 1544 1986 ἐπιφέρεται
1590 1910 1724 1984 πρὸς
1761 1911 1859 1982 μεν
1890 1910 1981 1964 τὸν

2157 1915 2211 1970 5.
2241 1914 2371 1971 Post
2397 1917 2713 1987 parabolam
2749 1926 2951 1984 autem,
2987 1918 3038 1973 ei
3060 1917 3154 1987 qui
3175 1917 3312 1973 dixit
3343 1938 3355 1973 :
3394 1938 3412 1970 ι
3447 1918 3608 1987 Nolo,
3639 1940 3659 1972 ι

403 2013 645 2066 εἰπόντα·
684 2031 701 2062 ι
741 2013 814 2065 Οὐ
846 2011 1004 2073 θέλω,
1049 2029 1067 2062 ι
1114 2009 1208 2062 καὶ
1244 2007 1467 2078 ὕστερον
1515 2003 1980 2076 μεταμεληθέντα,

403 2104 498 2157 καὶ
527 2103 844 2164 ἀπελθόντα,
875 2101 954 2154 τό·
986 2121 1003 2153 ι
1044 2101 1212 2171 Ἀμὴν
1235 2100 1378 2167 λέγω
1408 2098 1555 2168 ὑμῖν,
1582 2098 1662 2150 ὃτι
1684 2097 1732 2149 οἱ
1758 2095 1984 2148 τελῶναι

404 2194 497 2246 καὶ
521 2195 576 2245 αἰ
605 2194 799 2264 πόρναι
832 2193 1160 2262 προάγουσιν
1185 2192 1328 2260 ὑμᾶς
1356 2192 1434 2252 εἰς
1461 2189 1559 2260 τὴν
1586 2188 1860 2259 βασιλείαν
1888 2186 1980 2240 τοῦ

403 2283 538 2338 Θεοῦ
561 2301 574 2314 ’
622 2303 640 2334 ι
675 2284 810 2355 πρὸς
842 2282 899 2335 δὲ
930 2282 1020 2334 τὸν
1049 2282 1293 2343 εἰπόντα,
1335 2299 1352 2330 ι
1409 2277 1568 2347 Ἐγὼ,
1603 2277 1794 2346 Κύριε,
1831 2296 1850 2329 ι
1888 2279 1982 2330 καὶ

406 2376 481 2446 μὴ
514 2374 833 2436 ἀπελθόντα,
860 2373 948 2426 τό·
988 2392 1005 2422 ι
1044 2369 1215 2425 ’Ἦλθε
1243 2370 1352 2443 γὰρ
1392 2369 1643 2440 Ἰωάννης
1671 2370 1807 2440 πρὸς
1839 2368 1982 2437 ὑμᾶς

402 2471 462 2521 ἐν
494 2466 597 2537 ὁδῷ
640 2466 1005 2535 δικαιοσύνης.
1054 2467 1148 2519 καὶ
1194 2465 1293 2517 οὐκ
1345 2461 1698 2516 ἐπιστεύσατε
1737 2459 1914 2530 αὐτῷ’
1957 2480 1975 2513 ι

401 2558 496 2611 καὶ
522 2556 612 2610 τό·
656 2576 673 2606 ι
724 2557 911 2627 Ὑμεῖς
944 2555 1000 2607 δὲ
1038 2555 1257 2617 ἰδόντες,
1296 2554 1355 2606 οὐ
1390 2551 1792 2623 μετεμελήθητε
1824 2550 1979 2603 ὔστε-

405 2666 517 2720 ρον,
547 2648 640 2701 τοῦ
670 2646 957 2701 πιστεῦσαι
982 2650 1040 2701 ἐν
1059 2645 1227 2717 αὐτῷ.
1259 2666 1278 2699 ι
1325 2644 1656 2715 Ἐπιστήσας
1680 2644 1737 2698 δέ
1753 2660 1838 2707 τις
1870 2646 1982 2707 τοῖς

402 2740 511 2794 ἀπὸ
535 2739 704 2812 μοχθη
714 2738 936 2810 ροτάτου
964 2738 1077 2809 βίου
1105 2736 1563 2811 προσερχομένοις
1580 2736 1659 2807 τῷ
1698 2735 1860 2806 λόγῳ,
1887 2736 1980 2789 καὶ

402 2831 716 2885 πιστεύουσι
747 2830 825 2901 τῷ
865 2829 1106 2901 Χριστῷ,
1141 2830 1235 2883 καὶ
1276 2832 1388 2892 τοῖς
1417 2827 1645 2898 αὖχοῦσι
1684 2827 1774 2880 τὸν
1815 2828 1979 2898 νόμον

401 2922 642 2986 καὶτοὺς
673 2923 977 2994 προφήτας,
1007 2922 1101 2975 καὶ
1123 2918 1411 2975 ἀπιστοῦσι
1434 2917 1510 2989 τῷ
1546 2917 1661 2989 Υἱῷ
1693 2916 1785 2971 τοῦ
1821 2916 1976 2983 Θεοῦ,

400 3016 495 3072 καὶ
520 3014 832 3078 ἀκολάστως
866 3012 1063 3085 βιοῦσι,
1099 3014 1192 3067 καὶ
1220 3012 1516 3083 ὼμοτέροις
1540 3012 1676 3084 πρὸς
1699 3012 1824 3074 τοὺς
1853 3013 1981 3082 όμο-

402 3106 599 3177 φὺλους
623 3105 1000 3177 τυγχάνουσιν,
1029 3104 1218 3175 ὄψεται
1249 3105 1338 3157 τὸν
1378 3102 1554 3175 Ἰησοῦ
1588 3102 1746 3172 λόγον
1776 3101 1974 3173 ἀληθῆ,

405 3219 426 3251 ι
460 3200 542 3252 ὅτι
571 3200 621 3252 οἰ
655 3197 752 3268 μὲν
781 3197 1008 3251 τελῶναι
1033 3197 1127 3251 καὶ
1160 3198 1217 3251 αἰ
1252 3196 1449 3268 πόρναι
1480 3195 1781 3267 προάγουσι
1831 3215 1851 3248 ι
1887 3195 1978 3249 τὸν
2004 3232 2047 3289 C

412 3291 627 3365 Ἰσραὴλ
660 3310 679 3343 ι
712 3292 792 3354 εἰς
816 3290 914 3362 τὴν
938 3289 1211 3360 βασιλείαν
1238 3287 1331 3342 τοῦ
1359 3286 1525 3341 Θεοῦ·
1564 3307 1582 3338 ι
1609 3286 1708 3340 όδὲ
1733 3285 1856 3339 ἰδὼν
1885 3286 1976 3342 τὸν

413 3383 618 3454 Ἰησοῦν
658 3384 865 3446 ἐκεῖνος
916 3381 1130 3453 Ἰσραὴλ
1168 3381 1288 3434 οὐδὲ
1343 3380 1503 3452 μέχρι
1543 3379 1702 3451 δεῦρο
1739 3396 1977 3451 μεταμε-

398 3470 591 3537 λείται,
633 3473 719 3526 ἵνα
760 3471 864 3526 κᾶν
897 3472 1120 3545 ὕστερον
1157 3470 1423 3546 πιστεύσῃ
1449 3474 1515 3543 τῇ
1554 3471 1798 3545 ἀληθείᾳ.
1831 3472 1975 3544 Πρό-

403 3579 527 3637 σχες
560 3566 618 3620 δὲ
667 3565 762 3620 καὶ
792 3565 900 3636 τῷ·
942 3586 961 3618 ι
997 3566 1338 3639 Προάγουσιν
1378 3565 1523 3635 ὑμᾶς
1556 3566 1636 3628 εἰς
1674 3565 1774 3637 τὴν
1819 3563 1974 3635 βασι-

400 3655 547 3710 λείαν
585 3654 678 3710 τοῦ
713 3655 870 3721 Θεοῦ,
914 3676 933 3710 ι
968 3659 1068 3712 οὐκ
1094 3657 1435 3711 ἀποκλείοντι
1464 3655 1557 3709 τὸν
1615 3654 1831 3726 Ἰσραὴλ
1859 3657 1972 3709 εἰσ-

399 3747 650 3819 έρχεσθαι
692 3750 772 3811 εἰς
818 3748 916 3819 τὴν
957 3747 1231 3818 βασιλείαν
1281 3746 1374 3800 τοῦ
1426 3745 1595 3800 Θεοῦ’
1639 3745 1816 3810 οὐδεὶς
1862 3746 1971 3817 γὰρ

400 3837 630 3910 προάγει
671 3838 761 3891 τὸν
794 3838 1043 3909 οὐδαμῶς
1081 3838 1336 3908 ἐσόμενον
1376 3838 1434 3890 ἐν
1466 3836 1659 3908 ἐκείνῳ
1690 3835 1769 3907 τῷ
1798 3835 1970 3906 τόπῳ,

400 3931 460 3983 ἐν
503 3923 549 3997 ᾧ
582 3928 834 4000 προῆξεν.
885 3929 1026 4001 Ὅρα
1068 3926 1160 3982 οὖν
1209 3929 1418 4000 μήποτε
1468 3929 1815 3999 ἐμφαίνεται,
1869 3929 1973 3992 ὅτι,

398 4020 528 4074 ὅταν
573 4021 635 4073 τὸ
681 4018 957 4092 πλήρωμα
1010 4019 1117 4073 τῶν
1169 4018 1341 4073 ἐθνῶν
1395 4018 1633 4093 εἰσέλθῃ,
1687 4019 1811 4072 τότε
1866 4020 1977 4083 πᾶς

412 4111 624 4185 Ἰσραὴλ
666 4113 988 4184 σωθήσεται.
1011 4110 1254 4165 Νοείσθω
1272 4111 1331 4164 δὲ
1349 4113 1379 4165 ό
1411 4110 1624 4184 Ἰσραὴλ
1650 4112 1747 4181 οὐχ
1780 4112 1809 4165 ό
1835 4110 1979 4165 κατά

2088 2020 2141 2065 et
2173 2009 2490 2080 pmnitentia
2518 2009 2867 2078 postmodum
2912 2010 3109 2064 ductus
3138 2010 3312 2074 abiit,
3346 2010 3399 2065 id
3430 2010 3663 2081 subjun-

2086 2102 2231 2171 gitur
2262 2101 2308 2131 ⁸⁸
2343 2119 2357 2154 :
2396 2116 2415 2150 ι
2440 2099 2612 2155 Amen
2643 2100 2765 2155 dico
2794 2100 2973 2166 vobis,
2994 2101 3120 2171 quia
3161 2101 3434 2170 publicani
3457 2112 3511 2156 et
3543 2118 3664 2159 me-

2086 2192 2312 2247 retrices
2347 2190 2662 2260 praecedunt
2690 2207 2785 2247 vos
2819 2192 2872 2245 in
2902 2206 3128 2261 regnum
3156 2191 3250 2247 Dei
3285 2211 3297 2245 :
3338 2211 3357 2243 ι
3402 2192 3453 2248 ei
3480 2204 3664 2248 autem

2085 2284 2178 2353 qui
2207 2283 2345 2337 dixit
2370 2283 2412 2314 ³¹
2447 2301 2459 2336 :
2486 2300 2503 2333 σ
2539 2280 2675 2353 Ego,
2704 2281 2952 2346 Domine,
2985 2303 3003 2335 ι
3038 2283 3261 2337 minime
3291 2293 3472 2339 autem
3506 2285 3665 2352 abiit,

2084 2374 2216 2429 illud
2243 2375 2287 2407 υ
2319 2394 2332 2429 :
2373 2392 2391 2424 ι
2431 2373 2592 2428 Venit
2614 2375 2758 2428 enim
2785 2374 2853 2429 ad
2887 2389 2984 2429 vos
3016 2372 3261 2430 Joannes
3291 2374 3345 2429 in
3381 2376 3467 2430 via
3496 2375 3665 2446 justi-

2085 2470 2190 2532 tiae,
2224 2475 2279 2521 ct
2308 2483 2414 2522 non
2444 2466 2752 2522 credidistis
2782 2466 2867 2532 ei;
2896 2486 2914 2518 ι
2951 2474 3116 2536 atque
3139 2467 3264 2521 item
3294 2466 3423 2520 illud
3454 2485 3466 2521 :
3496 2485 3515 2519 ι
3553 2465 3665 2522 Vos

2083 2569 2263 2614 autem
2296 2560 2560 2626 videntes,
2598 2573 2697 2612 nec
2730 2557 3106 2626 paenitentiam
3145 2557 3417 2613 habuistis
3451 2568 3659 2627 postea,

2084 2660 2145 2706 ut
2174 2651 2467 2707 crederetis
2499 2650 2569 2706 ei.
2607 2669 2626 2700 ι
2655 2648 2815 2716 Quod
2848 2650 2896 2705 si
2948 2649 3074 2719 quis
3098 2651 3164 2704 ad
3223 2665 3320 2705 eos
3369 2651 3663 2705 attenderit

2082 2746 2174 2814 qui
2200 2759 2231 2798 a
2257 2742 2464 2798 nefaria
2497 2742 2605 2798 vita
2632 2742 2699 2796 ad
2719 2741 2876 2797 tidem
2901 2750 3208 2805 transeunt,
3232 2750 3287 2795 et
3306 2740 3509 2797 Christi
3541 2758 3665 2813 par-

2082 2847 2164 2891 tes
2194 2834 2626 2906 amplect’untur;
2661 2843 2715 2889 et
2742 2833 2810 2888 ad
2852 2849 2948 2889 eos
2990 2835 3084 2903 qui
3118 2834 3288 2905 legem
3326 2849 3392 2889 ac
3424 2835 3663 2904 prephe-

2082 2937 2167 2983 tas
2180 2928 2411 2998 jactant,
2440 2926 2580 2981 Filio
2615 2934 2798 2981 autem
2827 2924 2920 2980 Dei
2942 2924 3102 2980 ﬁdem
3134 2926 3450 2993 detrahunt,
3478 2941 3543 2981 ac
3573 2927 3657 2980 iu-

2084 3027 2450 3090 temperanter
2474 3019 2687 3085 vivunt,
2719 3027 2775 3073 et
2802 3018 3067 3074 adversus
3091 3017 3318 3073 tribules
3363 3018 3660 3073 crudeliter

2082 3126 2140 3166 se
2168 3119 2383 3181 gerunt,
2419 3125 2606 3165 verum
2637 3109 2684 3165 is
2704 3124 2825 3166 esse
2849 3107 2979 3165 Jesu
3015 3124 3324 3167 sermonem
3351 3109 3663 3180 deprehen~

2081 3200 2216 3262 det,
2270 3216 2289 3249 ι
2326 3198 2455 3267 quia
2490 3198 2765 3268 publicani
2817 3206 2872 3274 et
2928 3198 3245 3253 meretrices
3292 3198 3607 3267 praecedunt
3635 3217 3657 3249 ι

2079 3287 2333 3345 Israelem
2369 3308 2387 3339 ι
2426 3289 2481 3343 in
2515 3303 2745 3361 regnum
2777 3288 2894 3344 Dei.
2930 3308 2949 3340 ι
2983 3286 3141 3344 Hunc
3193 3297 3375 3345 autem
3405 3288 3659 3344 lsraelem

2080 3380 2172 3451 qui
2204 3378 2391 3436 Jesum
2407 3381 2542 3437 vidit
2568 3395 2639 3437 ne
2663 3395 2811 3436 nunc
2828 3381 3050 3452 quidem
3068 3381 3320 3452 paenitet,
3348 3390 3409 3435 ut
3423 3383 3659 3446 veritati,

2080 3486 2205 3527 sero
2240 3472 2383 3540 licet,
2414 3474 2768 3529 assentiatur.
2798 3472 2941 3540 Quin
2975 3482 3030 3528 et
3070 3473 3202 3529 illud
3236 3473 3613 3531 animadverte
3641 3491 3658 3529 :

2087 3583 2105 3615 ι
2144 3563 2465 3620 Ρηεειίιιιιι
2485 3581 2583 3621 vos
2607 3566 2661 3620 in
2690 3581 2920 3637 regnum
2950 3564 3069 3633 Dei,
3110 3585 3129 3617 ι
3157 3564 3306 3634 quod
3349 3564 3603 3623 Israelem
3629 3583 3662 3622 a

2080 3658 2233 3727 regni
2267 3656 2361 3712 Dei
2391 3658 2637 3729 ingressu
2676 3672 2784 3712 non
2812 3656 3095 3726 prohibet;
3124 3671 3286 3712 nemo
3336 3657 3486 3712 enim
3520 3673 3661 3729 prae-

2079 3748 2222 3803 cedit
2241 3763 2368 3804 eum
2396 3749 2491 3819 qui
2518 3749 2623 3804 hoc
2643 3748 2768 3804 loco
2788 3763 3069 3818 nunquam
3093 3747 3312 3805 futurus
3337 3757 3440 3813 est,
3471 3749 3524 3805 in
3549 3764 3663 3820 quo

2081 3838 2198 3910 ipse
2230 3840 2530 3909 praecessit.
2563 3837 2698 3894 Vide
2722 3854 2854 3910 ergo
2873 3853 3005 3894 num
3034 3839 3166 3894 illud
3192 3838 3553 3910 signiﬁcatur,
3579 3838 3663 3895 Iu-

2079 3940 2260 3988 tarum
2294 3944 2489 4000 nempe
2548 3938 2609 3985 ut
2665 3929 2898 3985 salutem
2945 3929 3236 3985 universus
3271 3929 3433 3985 Israel
3462 3944 3660 3987 conse-

2078 4030 2301 4091 quatur,
2326 4035 2451 4075 cum
2470 4020 2713 4091 gentium
2752 4019 3032 4089 plenitudo
3058 4019 3358 4076 advenerit.
3385 4019 3661 4093 lutelliga~

2079 4120 2171 4167 tur
2196 4120 2376 4168 autem
2410 4110 2597 4179 Israel,
2622 4126 2729 4167 non
2760 4112 2854 4183 qui
2886 4113 3188 4168 secundum
3234 4126 3456 4168 carnem
3481 4155 3500 4180 ,
3560 4113 3659 4169 sed

401 4202 601 4275 σάρκα,
634 4202 746 4256 ἀλλ’
778 4200 808 4253 ὁ
837 4205 894 4255 ἐν
917 4203 984 4273 τῇ
1014 4201 1263 4272 εὐγενείᾳ
1298 4201 1399 4272 τῆς
1434 4200 1610 4272 ψυχῆς
1640 4217 1977 4272 χαρακτηρι-

2084 4203 2172 4275 qui
2208 4205 2407 4259 anima:
2445 4203 2609 4275 772
2657 4203 2940 4259 nobilitate
2981 4202 3242 4273 praeditus
3271 4203 3614 4273 signiﬁcatur
3637 4241 3656 4266 .

398 4291 645 4365 ζόμενος,
685 4296 779 4349 καὶ
811 4294 947 4366 ἔχων
999 4294 1096 4365 μὲν
1132 4294 1193 4347 τὸ
1224 4293 1421 4363 εὐφυὲς
1455 4291 1591 4363 πρὸς
1626 4291 1839 4346 σύνεσιν
1877 4291 1973 4347 καὶ

2084 4296 2285 4366 quique
2316 4295 2521 4366 optima
2553 4296 2619 4351 ad
2656 4293 3065 4365 intelligendum
3100 4302 3156 4349 et
3186 4293 3403 4360 indole,
3447 4301 3503 4349 et
3535 4307 3659 4364 perv

1599 4404 1828 4462 VETUS
1867 4404 2454 4465 INTERPRETATIO.

400 4532 787 4602 virginitatem,
816 4545 990 4602 neque
1023 4529 1185 4602 alium
1210 4525 1511 4602 secundum
1544 4524 1896 4596 Evangelium
1926 4525 2229 4602 spiritalem
2282 4536 2488 4595 actum,
2528 4527 2788 4602 operibus
2837 4536 3016 4602 autem
3051 4525 3347 4582 ostendunt
3369 4524 3518 4602 quod
3556 4538 3656 4579 nec

402 4604 470 4656 ab
499 4596 662 4657 initio
691 4617 865 4671 usque
903 4596 970 4671 ad
1006 4597 1643 4671 verbumipromiserunt,
1680 4603 2030 4671 econtra_eo_s
2064 4597 2394 4671 qu_i__mag_na
2423 4596 2772 4669 promittunt,
2803 4596 2937 4652 nihil
2964 4604 3147 4651 autem
3178 4597 3482 4671 secundum
3520 4609 3653 4665 pro-

400 4672 718 4748 missionem
746 4664 900 4726 suam
938 4664 1460 4748 hujusmodi'agupt.
1498 4665 1636 4748 Dicit
1659 4665 1823 4748 etiam
1852 4664 2089 4748 aliquis:
2129 4664 2868 4748 Virginitas'superhm‘eest,
2898 4675 3118 4748 propter
3146 4667 3293 4748 quod
3327 4665 3458 4748 nolo
3480 4664 3652 4747 eam:

400 4751 455 4797 et
481 4742 658 4811 majus
686 4750 773 4795 est
794 4756 967 4811 quam
999 4734 1730 4811 virtusmea—abrenuntiare
1779 4734 1921 4811 hanc
1965 4735 2154 4811 vitam,
2189 4734 2463 4811 etvagcare
2488 4734 2842 4811 spiritalibus
2877 4734 3058 4811 verbis
3092 4754 3105 4790 :
3136 4734 3411 4811 et_postea
3438 4736 3654 4811 recogi-

403 4821 525 4867 tans
566 4804 634 4867 ad
681 4804 905 4865 meliora
961 4826 1020 4865 se
1076 4806 1240 4864 tradit
1265 4820 1427 4876 quam
1476 4805 1727 4877 proliteri
1755 4804 2039 4859 videbatur
2068 4807 2120 4860 in
2179 4806 2391 4877 primis.
2437 4804 2545 4862 Alii
2572 4818 2752 4863 autem
2787 4807 3049 4862 audacter
3094 4804 3266 4861 multa
3300 4805 3651 4877 promittunt,

401 4882 656 4951 operibus
680 4889 863 4935 autem
892 4880 1164 4935 contraria
1203 4874 1318 4951 suis
1353 4874 2028 4951 promissionibusagunt.

468 4951 522 5006 5.
554 4951 682 5007 Post
715 4951 1027 5021 parabolam
1061 4958 1239 5021 autem
1263 4943 1480 5021 dicitde
1512 4959 1577 5000 eo
1607 4945 1698 5021 qu_i
1728 4943 1904 4998 dixit:
1949 4964 1966 4995 ι
1993 4943 2151 5021 Ν-οἰο,
2185 4964 2205 4999 ι
2236 4956 2423 5021 postea
2453 4946 3001 5021 autem_recogit_avit,
3023 4954 3076 5000 et
3107 4945 3186 5000 sic
3209 4943 3343 4999 abiit
3371 4962 3445 5021 :_r
3475 4944 3648 5021 amen

400 5020 525 5076 dico
546 5011 734 5097 vobis:
781 5021 1039 5097 quoniam
1081 5015 1353 5097 publicani
1384 5024 1437 5097 ει
1474 5011 1788 5097 meretrices
1838 5017 2150 5097 praecellunt
2199 5011 2296 5072 vos
2338 5019 2391 5097 in
2428 5034 2596 5097 regno
2629 5017 2752 5097 Dei.
2792 5011 2820 5068 ἶ
2960 5032 3085 5070 eum
3118 5026 3305 5097 autent
3328 5013 3437 5097 qui.
3469 5011 3646 5094 digit:

407 5107 426 5161 ι
469 5092 633 5151 Vade.
665 5082 905 5156 domine,
929 5098 983 5144 et
998 5082 1120 5161 non
1155 5086 1307 5161 abiit_,
1347 5104 1368 5161 ξ
1393 5085 1506 5161 hoc
1535 5084 1700 5161 refert
1730 5102 1743 5139 :
1786 5102 1806 5135 ι
1840 5082 2006 5139 Venit
2025 5083 2265 5161 Joannes
2298 5090 2362 5142 ad
2381 5082 2575 5161 vqs'in
2610 5088 2700 5161 via
2732 5087 2978 5161 iustitia},
3035 5101 3136 5140 nec
3162 5082 3583 5161 credidisl_is__ei_.
3622 5102 3644 5136 ι

403 5159 601 5230 lterum
625 5162 690 5216 de
714 5153 900 5230 primo
918 5158 1137 5228 quidem
1163 5175 1237 5230 χι
1272 5154 1555 5230 Publicani
1601 5161 1870 5230 autemet
1920 5156 2249 5230 meretrices
2270 5153 2621 5230 crediderunt
2653 5153 2776 5230 eiii
2819 5156 2901 5209 Ad
2950 5171 3076 5230 eum
3109 5163 3307 5230 autem
3334 5156 3428 5230 qui
3460 5153 3598 5230 digit
3627 5170 3644 5205 :

407 5251 425 5283 ι
461 5229 632 5297 Vado,
656 5223 896 5296 domine,
928 5223 983 5284 et
1015 5244 1122 5282 non
1155 5227 1288 5282 abiit
1318 5244 1331 5279 :
1367 5223 1681 5297 Vosautem
1712 5224 1958 5297 vi_dentes
1986 5241 2086 5282 nec
2108 5227 2481 5297 pcenitentiam
2518 5227 2827 5297 egistis,gut
2859 5226 3158 5297 crederetis
3188 5224 3259 5280 ei.
3300 5243 3318 5276 ι
3341 5223 3646 5297 Considera

400 5310 454 5354 et
473 5301 601 5355 illud
619 5292 779 5369 quod
803 5292 892 5355 ait
918 5319 932 5355 :
962 5319 979 5351 ι
1009 5297 1328 5369 Ριεερρόιιηι
1350 5309 1448 5369 vos
1478 5295 1537 5369 in
1562 5309 1728 5369 regno
1753 5292 1846 5348 Dei
1879 5313 1945 5369 :_i
1968 5292 2226 5369 quoniam
2261 5313 2369 5369 non
2398 5292 2628 5369 exclusit
2655 5295 2892 5360 Judreos,
2920 5306 2982 5350 ut
3007 5309 3114 5369 non
3146 5295 3520 5369 ingrediantur
3541 5292 3646 5345 ali-

400 5370 620 5437 quando
647 5363 700 5423 i'n
723 5385 958 5440 regnum
982 5369 1097 5440 Dei.
1122 5365 1293 5440 Nemo
1313 5365 1456 5440 enim
1488 5365 1688 5418 dicitur
1716 5363 2015 5433 praecedere
2045 5381 2184 5440 eum
2203 5368 2256 5420 in
2274 5368 2645 5440 galiquoiloco,
2673 5369 2766 5435 qui
2799 5381 2907 5440 non
2939 5367 3182 5434 sequitur
3199 5363 3322 5440 eum
3340 5378 3439 5440 per
3465 5363 3644 5440 ipsum

401 5431 611 5511 locum;
646 5439 770 5511 vide
794 5431 923 5511 Ergo
950 5455 1018 5511 ne
1046 5439 1183 5493 forte
1211 5439 1313 5492 hoc
1347 5435 1547 5511 indicet
1568 5431 1768 5511 sermo,
1806 5443 1866 5487 ut
1894 5449 2017 5511 cum
2044 5437 2323 5511 plenitudo
2355 5431 2593 5506 gentium
2631 5431 2939 5511 intraverit,
2968 5431 3099 5511 tunc
3126 5433 3306 5511 omnis
3340 5431 3503 5511 Israel
3523 5431 3647 5510 .sal-

399 5524 503 5578 yus
527 5509 810 5564 elliciatur.
844 5502 1089 5578 l'ntellige
1115 5516 1294 5562 autem
1341 5505 1474 5578 mihi
1509 5502 1780 5578 Israhelitas
1818 5503 1910 5573 qui
1937 5502 2061 5561 norf
2076 5502 2382 5562 secundum
2400 5521 2621 5562 carnem
2653 5514 2815 5570 sunt,
2849 5505 2942 5560 sed
2972 5507 3062 5575 qui
3086 5502 3417 5573 ingenuitate
3447 5502 3646 5557 anima:

400 5576 565 5634 Israel
586 5578 958 5649 intelliguntur
993 5574 1051 5632 in
1080 5578 1182 5632 ﬁde
1213 5586 1267 5631 et
1287 5574 1543 5645 operibus
1575 5574 1752 5628 bonis.

469 5722 515 5753 '°
548 5719 734 5775 Matth.
767 5734 882 5785 χιιι,
904 5717 993 5772 51.
1067 5719 1109 5750 ⁵⁸
1140 5716 1267 5773 ibid.
1302 5715 1389 5770 '50.
1467 5716 1511 5748 "
1544 5713 1673 5769 ibid.
1697 5712 1787 5777 ⁸52.

470 5862 582 5930 (59)
623 5858 762 5925 Lege
792 5852 1206 5926 ἐπηγγείλαντο.
