4110 6446
393 317 536 376 “89

1325 313 1680 371 COMMENT.
1722 313 1789 368 1N
1829 313 2247 372 MATTIIASUM
2289 317 2528 375 TOMUS
2569 317 2730 374 XVII.

3529 321 3662 376 H30

391 439 490 492 καὶ
513 438 563 490 οἱ
590 436 744 507 σοφοὶ
791 434 886 488 τοῦ
936 433 1066 490 λαοῦ
1118 435 1209 487 τὸν
1259 435 1384 488 Υἰον
1421 435 1640 501 ἰδόντες,
1695 437 1754 488 οῦ
1806 436 1982 506 πάντη

2089 437 2368 504 incutere;
2403 439 2494 494 sed
2526 439 2796 508 principes
2828 441 3174 496 sacerdotum
3211 449 3266 498 et
3301 442 3563 510 seniores,
3595 461 3660 498 ac

391 529 718 600 ἀναίσθητοι
754 527 856 598 τῆς
889 526 1098 580 ἑαυτῶν
1132 526 1409 597 γενόμενοι
1457 528 1750 601 ὑπεροχῆς,
1787 527 1985 598 κληρο-

389 601 562 692 νόμον
591 617 730 674 εἶναι
765 619 925 675 αὑτὸν
954 618 1304 690 ὑπειλήφασι·
1341 617 1580 688 τολμῶσι
1624 621 1681 672 δὲ
1727 620 1818 673 καὶ
1851 621 1987 673 ἀπο-

389 716 605 770 κτεῖναι
633 712 816 776 αὐτὸν,
855 713 942 766 ἵνα
972 709 1126 766 αὐτοί
1181 709 1359 782 κύριοι
1407 709 1500 764 τοῦ
1549 710 1870 781 ἀμπελῶνος
1897 712 1988 778 γέ·-

388 822 616 860 νωνταν
651 805 749 858 καί⁵
775 803 1098 863 ἐκϐαλόντες
1119 802 1301 866 αὑτὸν,
1319 803 1414 858 καὶ
1439 802 1542 872 ἔξω
1568 802 1851 875 κρίναντες
1878 803 1985 856 τῶν

388 894 490 951 τοῦ
535 895 752 968 Ἰσραὴλ
783 893 1126 966 πραγμάτων
1161 894 1490 948 ἀπέκτειναν
1512 908 1523 920 '
1585 893 1679 947 καὶ
1723 893 1926 958 εὐθέως
1958 896 1986 947 6

388 985 486 1042 τοῦ
520 987 842 1059 ἀμπελῶνος
875 985 1078 1057 Κύριος
1101 984 1159 1038 ὃν
1193 985 1543 1048 ἀπέκτειναν,
1567 985 1824 1056 ἐπιδημεῖ
1856 987 1986 1039 ἀνα-

391 1079 528 1144 στὰς
554 1081 620 1134 ὲκ
643 1079 876 1152 νεκρῶν,
908 1080 1002 1134 καὶ
1033 1079 1236 1142 κακοὺς
1287 1077 1473 1141 κακῶς
1513 1079 1638 1142 τοὺς
1674 1077 1772 1148 μὲν
1810 1094 1986 1147 γεωρ-

388 1176 528 1243 γοὺς
561 1174 880 1240 ἀπόλλυσιν,
899 1174 1078 1238 ἄλλοις
1099 1175 1156 1228 δὲ
1180 1174 1444 1246 γεωργοῖς
1477 1172 1586 1242 (64)
1615 1173 1729 1236 τοῖς
1757 1172 1986 1226 ἀποστό-

391 1263 510 1329 λοις
543 1262 736 1320 ἑαυτοῦ
773 1264 1108 1338 παραδίδωσι
1158 1264 1285 1328 τοὺς
1331 1263 1440 1318 ἀπὸ
1469 1261 1560 1316 τοῦ
1587 1260 1717 1317 λαοῦ
1767 1261 1986 1316 πιστεύ-

392 1371 622 1420 σαντας,
665 1355 912 1410 τουτέστι
935 1355 1026 1410 τὸν
1053 1354 1382 1426 ἀμπελῶνα,
1439 1353 1488 1408 οἶ
1539 1352 1880 1408 ἀποδιδόασιν
1928 1356 1986 1410 ἐν

394 1451 514 1512 τοῖς
541 1447 691 1513 ἰδίοις
742 1450 953 1520 καιροῖς
995 1447 1120 1511 τοὺς
1169 1448 1412 1520 καρποὺς
1461 1445 1538 1519 τῷ
1609 1445 1982 1517 οἰκοδεσπότῃ.

390 1536 533 1593 Εἶτα
556 1537 818 1594 εἰπόντων
851 1538 989 1609 μετά
1013 1536 1110 1608 τὴν
1137 1535 1452 1608 παραϐολὴν
1481 1534 1591 1588 τῶν
1613 1536 1671 1590 ὲν
1705 1537 1816 1599 τοῖς
1842 1535 1985 1590 ἀνω-

393 1630 544 1700 τέρω
579 1629 900 1701 πυθομένων
926 1629 1007 1684 τόο
1072 1647 1091 1682 ι
1133 1629 1222 1684 Ἐν
1255 1627 1386 1698 ποίᾳ.
1411 1626 1630 1700 ἐξουσία
1666 1625 1842 1680 ταῦτα
1866 1643 1986 1682 ποι-

393 1725 478 1786 εῖς
502 1741 518 1789 ;
549 1741 568 1774 ι
590 1721 659 1776 τά
681 1722 789 1776 ἀπὸ
813 1719 928 1775 τοῦ·
957 1739 975 1772 ι
995 1721 1214 1784 Κακοὺς
1240 1719 1424 1782 κακῶς
1450 1718 1702 1773 ἀπολέσει
1729 1719 1978 1784 αὐτοῖς»

393 1815 425 1867 6
456 1813 651 1884 Σωτὴρ
680 1811 1038 1884 ἀποκρίνεται
1071 1811 1336 1866 διδάσκων
1363 1809 1559 1874 αὐτοὺς
1588 1809 1695 1862 ἀπὸ
1723 1810 1821 1880 τῆς
1848 1827 1980 1882 προ·
2016 1789 2056 1844 Β

394 1905 650 1975 φητείας,
683 1905 764 1957 ὃτι
791 1905 882 1958 ὑπ’
906 1902 1130 1958 ἐκείνων
1157 1902 1256 1974 μὲν
1285 1901 1720 1973 ἀπεδοκιμάσθη,
1755 1902 1906 1974 παρά
1929 1903 1985 1958 δὲ

393 1994 476 2064 τῷ
512 1994 632 2066 Θεῷ
657 1996 804 2048 ἐστιν
836 1993 1072 2064 ἔντιμος,
1099 1994 1192 2047 καὶ
1220 1992 1431 2068 κεφαλὴ
1465 1993 1564 2064 τῆς
1609 1993 1736 2066 ὅλης
1779 1995 1986 2050 οἰκοδο·-

394 2088 530 2159 μῆς,
566 2089 658 2142 καὶ
717 2087 818 2158 τῆς
869 2089 990 2142 κατ’
1025 2087 1195 2158 αὐτὴν
1253 2087 1503 2160 συνοχῆς,
1556 2088 1647 2141 καὶ
1679 2088 1886 2158 κεφαλή
1922 2105 1986 2156 γε

398 2176 695 2249 θαυμαστὴ
720 2179 779 2232 ἐν
813 2177 1110 2250 ὀφθαλμοῖς
1139 2178 1248 2231 τῶν
1287 2178 1504 2232 εἰδότων
1533 2177 1752 2249 βλέπειν
1794 2180 1982 2250 αὑτήν.

396 2263 558 2332 Εἶτα,
593 2269 953 2340 προφητεύων
979 2269 1108 2341 περὶ
1131 2270 1230 2342 τῆς
1251 2267 1358 2324 ἀπὸ
1387 2269 1495 2324 τῶν
1531 2269 1700 2323 ἐθνῶν
1721 2269 1984 2342 κλήσεως,

400 2358 541 2428 φησί
572 2361 684 2423 τοῖς
715 2360 789 2430 μὴ
823 2359 1172 2415 πιστεύουσιν
1195 2363 1275 2426 εἰς
1302 2361 1466 2414 αὐτὸν
1493 2360 1833 2425 διδασκάλοις
1866 2363 1990 2416 Ἰου-

395 2449 582 2506 δειίων⁸
617 2467 637 2500 ι
674 2451 996 2522 Ἀρθὴσεται
1021 2452 1117 2520 ἀφ’
1143 2450 1294 2522 ὑμῶν
1343 2454 1376 2524 ἡ
1413 2449 1658 2521 βασιλεία
1695 2451 1788 2505 τοῦ
1827 2451 1984 2516 Θεοῦ,

398 2541 495 2596 καί
521 2541 808 2613 δοθήσεται
837 2541 976 2598 ἔθνει
1009 2541 1251 2599 ποιοῦντι
1299 2545 1427 2608 τοὺς
1473 2545 1720 2617 καρποὺς
1757 2545 1980 2614 αὐτῆς.»

409 2633 575 2700 ’Λλλ’,
591 2635 667 2700 ὡς
691 2636 1051 2706 προείπαμεν,
1069 2636 1417 2707 όλοσχερεστέ
1427 2653 1494 2708 ρα
1517 2654 1620 2702 τις,
1647 2638 1741 2690 καὶ
1765 2638 1825 2692 ού
1849 2638 1989 2692 κατὰ

394 2725 548 2792 λέξιν
582 2727 730 2782 ἐστὶν
762 2729 795 2799 ἠ
821 2727 1045 2799 τοιαύτη
1071 2727 1342 2799 διήγησις·
1363 2727 1498 2800 πρὸς
1522 2729 1588 2799 ἣν
1623 2727 1794 2782 πολλὰ
1820 2747 1904 2792 τις
1920 2728 1986 2784 ἂν

399 2820 798 2891 πνευματικὸς,
833 2820 929 2873 καὶ
963 2820 1276 2892 ἀνακρίνειν
1307 2819 1604 2889 δυνάμενος
1636 2819 1831 2882 πάντα.
1862 2822 1992 2874 ἐπα-

394 2913 642 2984 τοορήσαι
673 2911 887 2982 κρούων
939 2911 1040 2984 τὴν
1093 2911 1332 2982 ἀσαφείᾳ
1377 2910 1769 2982 κεκλεισμένην
1820 2912 1988 2986 θύραν

393 3001 509 3056 τῶν
531 3000 766 3056 ἐνταῦθα
801 3001 1198 3073 κεκρυμμένων
1221 3000 1533 3071 νοημάτων,
1579 3001 1673 3054 καὶ
1693 2999 1871 3070 ὀρθῶς
1901 2999 1990 3072 ζη-

2089 529 2360 598 sapientcs
2387 531 2567 600 populi
2599 531 2718 587 viso
2751 529 2912 597 Filio,
2937 549 3038 588 nec
3069 532 3372 588 insolentia:
3419 550 3532 590 suae
3559 537 3664 588 im-

2090 636 2378 686 memores,
2407 623 2670 678 laeredcm
2699 639 2822 679 eum
2856 640 2978 680 esse
3011 627 3321 695 cogitarunt
3349 645 3362 692 ;
3389 637 3502 682 tum
3536 643 3664 680 vero

2088 723 2146 768 ut
2175 714 2277 784 ipsi
2305 714 2478 770 vineae
2523 715 2730 769 domini
2776 715 3142 783 edicerentur,
3192 717 3502 772 interficere
3537 734 3662 770 cum

2087 805 2320 872 audent;
2350 822 2586 876 cumque
2620 808 2769 862 illum
2806 809 3118 879 eiecissent,
3147 818 3201 864 ct
3225 821 3379 864 extra
3405 807 3661 864 lsraclcm

2086 897 2489 954 amandandum
2520 899 2905 966 decrevissent,
2933 903 3308 968 trucidarunt;
3341 902 3664 958 confestim-

2087 1003 2192 1057 quc
2225 991 2395 1043 vincw
2425 987 2687 1046 Dominus
2720 1006 2882 1060 quem
2919 992 3340 1058 interemerunt,
3373 1000 3661 1062 postquam

2088 1094 2120 1132 a
2142 1079 2372 1135 mortuis
2398 1081 2656 1146 surrexit,
2692 1082 2757 1135 ad
2783 1097 2880 1137 cos
2912 1083 3222 1152 profectus,
3267 1083 3536 1153 agricolas
3568 1101 3663 1138 nc-

2091 1169 2256 1227 farios
2286 1171 2426 1226 male
2459 1171 2634 1240 perdit
2666 1189 2680 1234 ;
2716 1173 2838 1228 aliis
2860 1182 3042 1230 autem
3065 1175 3320 1244 agricolis
3343 1215 3357 1239 ,
3403 1176 3665 1244 apostolis

2089 1277 2282 1330 nempe
2309 1262 2445 1330 suis,
2470 1279 2564 1320 cos
2599 1265 2759 1320 tradit
2781 1267 2872 1336 qui
2903 1282 2933 1321 e
2964 1267 3160 1340 populo
3191 1268 3559 1332 crediderunt,
3579 1268 3664 1324 vi-

2087 1368 2244 1408 neam
2281 1353 2568 1418 videlicet;
2603 1365 2768 1424 atque
2800 1356 2855 1412 hi
2892 1355 3102 1415 fructus
3119 1358 3498 1427 patrifamilias
3529 1367 3668 1414 tem-

2089 1445 2314 1516 poribus
2347 1447 2464 1504 suis
2497 1447 2752 1504 reddunt.
2785 1448 3085 1520 Postquam
3111 1460 3292 1508 autem
3322 1451 3356 1505 ii
3382 1452 3476 1522 qui
3500 1467 3664 1521 supra

2087 1537 2451 1608 quzesiverant
2479 1555 2492 1595 :
2531 1555 2550 1588 ι
2579 1535 2637 1592 in
2664 1554 2767 1609 qua
2803 1549 3070 1610 potestate
3102 1543 3218 1599 lucc
3239 1541 3374 1599 facis
3400 1542 3495 1595 ⁸⁸2
3531 1561 3549 1596 ι
3599 1559 3665 1598 ea

2097 1635 2222 1697 post
2259 1627 2576 1697 parabolam
2599 1629 3007 1698 subjunxcrunt
3036 1649 3158 1702 quae
3191 1634 3275 1691 his
3301 1635 3478 1689 verbis
3531 1634 3665 1692 sub-

2091 1736 2231 1776 nexa
2259 1728 2388 1774 sunt
2416 1738 2428 1772 :
2467 1738 2484 1772 ι
2517 1719 2687 1776 Malos
2722 1721 2862 1776 male
2887 1723 3160 1790 perdet”,
3190 1745 3208 1776 ι
3237 1727 3458 1794 petitam
3489 1743 3520 1781 e
3543 1742 3668 1796 pro-

2087 1811 2264 1881 pbetis
2291 1810 2595 1866 doctrinam
2626 1811 2758 1882 ipsis
2815 1813 3037 1868 tradens
3071 1815 3364 1885 respondet
3409 1815 3670 1871 Servatur

2087 1917 2146 1958 se
2167 1903 2236 1958 ab
2267 1902 2373 1959 illis
2401 1901 2622 1972 quidem
2653 1917 2774 1958 esse
2805 1904 3176 1974 rcprobatnm,
3205 1906 3346 1978 apud
3375 1905 3545 1962 Deum
3569 1923 3671 1964 au-

2087 2003 2193 2047 tem
2237 1993 2290 2048 in
2321 1993 2528 2048 honore
2557 2008 2698 2059 esse,
2728 2001 2782 2048 ct
2815 1994 2984 2050 totius
3010 1995 3220 2052 aedificii
3240 2035 3254 2062 ,
3285 2012 3350 2052 ac
3373 1998 3666 2064 universe,

2086 2100 2208 2155 qua:
2241 2084 2290 2140 ei
2317 2084 2574 2150 cohaeret,
2593 2086 2873 2155 compagis
2897 2096 3082 2156 caput,
3107 2096 3161 2143 ct
3183 2087 3432 2144 mirabile
3447 2088 3667 2158 quidem

2087 2183 2248 2245 caput
2293 2177 2346 2230 in
2380 2191 2570 2232 eorum
2617 2175 2791 2232 oculis
2845 2177 2942 2248 qui
3001 2178 3133 2235 illud
3168 2178 3367 2236 intueri
3414 2190 3666 2251 possunt.

2089 2265 2296 2323 Deinde
2324 2283 2454 2323 vero
2483 2267 2827 2323 vocationem
2857 2284 2888 2326 e
2926 2270 3178 2342 gentibus
3215 2271 3540 2335 vaticinans.
3575 2269 3672 2324 Ju-

2088 2357 2328 2413 dzeorum
2355 2357 2633 2430 magistris
2672 2359 2774 2415 sibi
2805 2359 2965 2415 (idem
3002 2375 3107 2414 non
3139 2359 3466 2416 habentibus
3489 2359 3566 2414 ait
3591 2358 3668 2412 υς

2095 2469 2113 2502 ι
2155 2447 2446 2504 Auferetur
2475 2463 2508 2506 a
2551 2449 2707 2504 vobis
2737 2465 2964 2520 regnum
3021 2449 3114 2504 Dei
3145 2489 3160 2514 ,
3192 2459 3247 2506 et
3276 2451 3494 2506 dabitur
3525 2451 3671 2519 genti

2091 2538 2309 2594 facienti
2335 2537 2547 2596 fructus
2569 2538 2708 2608 ejus.
2751 2558 2769 2591 ι
2810 2537 3032 2603 Verum,
3070 2540 3144 2596 ita
3172 2549 3282 2596 uta
3317 2541 3478 2597 nobis
3505 2555 3672 2610 supra

2088 2634 2291 2689 dictum
2333 2642 2449 2698 est,
2505 2631 2689 2689 omnia
2719 2633 3034 2690 summatim
3087 2632 3252 2688 riiinis
3292 2633 3672 2703 complectitur

2091 2723 2206 2778 hac
2233 2721 2545 2793 explicatio,
2580 2736 2688 2775 non
2716 2723 2879 2775 etiam
2905 2721 3130 2778 verbum
3153 2721 3366 2792 singula
3395 2723 3666 2792 interpre—

2089 2821 2266 2878 tatur;
2290 2828 2452 2884 super
2481 2828 2588 2883 qua
2616 2811 2876 2882 spiritalis
2909 2813 3128 2884 aliquis,
3155 2824 3210 2867 et
3240 2813 3670 2884 unumquodque

2087 2905 2403 2962 examinare
2436 2903 2644 2971 valens,
2669 2904 2799 2958 dum
2832 2905 3233 2960 reconditarum
3266 2905 3354 2962 hic
3374 2905 3674 2962 sententiae

2091 3010 2212 3052 rum
2239 2996 2465 3068 januam
2499 2995 2837 3052 obscuritate
2869 2997 3146 3052 occlusam
3178 2999 3439 3067 pulsabit,
3465 2997 3532 3052 ad
3554 2997 3670 3069 ple-

394 3094 576 3166 τήσας
601 3091 772 3165 εὖροι,
805 3093 900 3148 καὶ
929 3093 1157 3163 αἰτήσας
1185 3091 1292 3146 ἀπὸ
1338 3091 1431 3145 τοῦ
1483 3091 1618 3146 Θεοῦ
1667 3091 1839 3146 λάϐοι.
1877 3091 1986 3146 Καὶ

2090 3101 2290 3158 rasque
2313 3085 2550 3142 offendet
2583 3085 2951 3141 dubitationes
2975 3125 2990 3150 ,
3045 3103 3280 3156 quarum
3339 3087 3670 3144 solutionem

396 3187 565 3256 ἡμεῖς
587 3185 645 3242 δὲ
666 3185 805 3241 κατά
829 3184 889 3239 τὸ
917 3185 1134 3256 μέτριον
1160 3187 1193 3256 ὴ
1203 3183 1321 3254 μῶν
1348 3183 1571 3238 τοιαῦτα
1595 3186 1674 3248 εἰς
1706 3185 1797 3237 τὸν
1823 3183 1986 3237 τόπον

397 3273 812 3346 φανταζόμεθαο
871 3276 954 3329 ὅτι
999 3278 1028 3329 6
1087 3275 1186 3346 μὲν
1224 3275 1606 3345 οἰκοδεσπότης
1653 3275 1936 3348 ἄνθρωπος
1959 3279 1988 3329 6

399 3365 538 3429 Θεός
567 3367 706 3430 ἐστι,
745 3367 874 3439 περί
925 3362 986 3422 οὗ
1016 3367 1346 3438 γέγραπται·
1384 3387 1402 3419 ι
1439 3365 1878 3443 Ἐτροποφόρησέ
1927 3383 1986 3419 σε

400 3455 611 3528 Κύριος
643 3459 673 3512 ό
697 3457 830 3522 Θεός
871 3476 990 3522 σου,
1020 3459 1097 3524 ὡς
1119 3460 1173 3512 εἰ
1219 3476 1302 3524 τις
1343 3460 1750 3530 τροποφορήσαι
1782 3457 1990 3530 ἀνθρω-

400 3563 506 3612 πος
538 3547 630 3603 τὸν
665 3549 779 3602 υἰδν
809 3547 996 3602 αὐτοῦ’
1027 3567 1048 3600 ι
1080 3541 1236 3610 οἶτος
1260 3547 1388 3618 γὰρ,
1423 3546 1512 3600 διὰ
1541 3546 1602 3602 τὸ
1634 3549 1990 3618 τροποφορεῐν

403 3641 500 3694 καὶ
521 3640 707 3712 φέρειν
735 3643 793 3694 ὲν
829 3641 909 3711 τῷ
941 3638 1260 3711 ἀνθρώπους
1290 3639 1518 3708 ὠφελεῖν
1543 3638 1742 3710 τρόπον
1775 3636 1988 3710 ἀνθρὼ-

405 3745 563 3785 πινον
589 3730 682 3784 τὸν
713 3729 1027 3797 ὠφελοῦντα
1055 3727 1398 3800 ἀνθρώπους,
1433 3725 1492 3779 ἓν
1513 3742 1622 3780 τισι
1655 3723 1989 3794 παραϐολαῖς

404 3819 627 3890 λέγεται
657 3816 798 3872 εἶναι
828 3820 1128 3890 ἄνθρωπος’
1165 3819 1260 3872 καὶ
1307 3816 1542 3870 ἐνταῦθα
1573 3815 1670 3886 μὲν
1707 3813 1990 3886 ἄνθρωπος

404 3911 793 3982 οἰκοδεσπότης
817 3911 1060 3965 καλεῖται
1091 3908 1180 3964 διὰ
1211 3908 1302 3962 τὸν
1330 3907 1649 3979 ἀμπελῶνα,
1667 3908 1759 3964 καὶ
1785 3906 1874 3960 τὸν
1904 3924 1992 3960 πε-

411 4004 720 4076 ρικείμενον
748 4003 825 4075 τῷ
850 4002 1132 4074 ἀμπελῶνι
1152 4001 1424 4075 φραγμὸν,
1459 4001 1556 4056 καὶ
1595 4001 1693 4071 τὴν
1733 3999 1892 4071 ληνὸν
1924 3999 1990 4071 ἢν

410 4095 610 4168 ὤρυξε,
632 4097 727 4152 καὶ
753 4097 847 4150 τὸν
874 4096 1082 4168 πύργον
1113 4096 1172 4150 δν
1193 4093 1534 4166 ᾠκοδόμησε,
1563 4093 1656 4147 καί
1677 4090 1770 4156 οὒς
1801 4088 1992 4162 κέκτη-

410 4203 502 4240 ται
533 4187 771 4251 δούλους,
799 4188 893 4242 καὶ
928 4187 1023 4250 οὓς
1067 4187 1274 4258 πέμπει
1327 4185 1465 4256 πρὸς
1521 4184 1646 4248 τοὺς
1689 4183 1990 4254 γεωργοὺς,

412 4279 508 4332 καὶ
540 4277 790 4350 δεύτερον
820 4278 1137 4332 ἀποστέλλει
1189 4277 1456 4340 πλείονας·
1501 4276 1576 4339 ὡς
1609 4273 1992 4344 οἰκοδεσπότης

411 4370 469 4423 δὲ
497 4368 712 4434 ἐξέδοτο
743 4371 1007 4440 γεωργοῖς
1029 4369 1120 4422 τὸν
1173 4367 1493 4440 ἀμπελῶνα,
1538 4368 1632 4435 ἀφ’
1661 4359 1736 4420 ὧν
1779 4363 1992 4436 ἀφελὼν

2090 3179 2346 3250 reperiet,
2379 3180 2424 3236 si
2455 3194 2576 3234 eam
2597 3186 2743 3232 recte
2765 3177 3098 3248 qumsiverit,
3128 3194 3158 3232 a
3183 3177 3400 3252 Deoque
3425 3179 3672 3249 recipiet.

2089 3271 2134 3326 si
2167 3270 2422 3340 precibus
2449 3269 2823 3340 postulaverit.
2851 3268 2960 3326 Nos
2993 3281 3172 3326 autem
3207 3286 3303 3340 pro
3328 3269 3552 3326 modulo
3576 3284 3676 3324 no.

2091 3370 2209 3418 stro
2242 3361 2372 3418 talia
2400 3377 2566 3434 super
2590 3363 2696 3420 hoc
2721 3362 2844 3417 loco
2872 3373 3053 3420 mente
3089 3365 3464 3436 concipimus;
3495 3365 3676 3420 homi-

2091 3467 2212 3506 nem
2249 3450 2506 3506 nimirum
2540 3451 2991 3521 patremfamilias
3018 3493 3033 3516 ,
3072 3451 3242 3508 Deum
3274 3469 3416 3520 esse,
3469 3456 3536 3510 de
3563 3471 3674 3528 quo

2090 3543 2354 3612 scriptum
2387 3551 2471 3598 est
2505 3544 2549 3574 ⁵⁷
2577 3561 2591 3597 :
2635 3561 2654 3593 ι
2692 3541 2937 3598 Portavit
2969 3552 3018 3600 te
3046 3542 3310 3600 Dominus
3333 3543 3498 3618 774
3527 3543 3674 3602 Dens

2091 3641 2217 3689 tuus
2241 3675 2258 3699 ,
2295 3641 2355 3688 ut
2391 3633 2528 3690 solet
2577 3634 2744 3690 homo
2795 3643 3009 3707 gestare
3033 3635 3318 3704 parvulum
3351 3651 3534 3690 suum.
3563 3653 3582 3688 ι
3621 3637 3674 3693 is

2089 3723 2235 3780 enim
2271 3722 2326 3776 in
2365 3721 2695 3795 quibusdam
2751 3723 3026 3792 parabolis
3101 3723 3265 3781 homo
3321 3725 3672 3798 appellatur,

2091 3822 2373 3882 propterea
2399 3811 2568 3882 quod,
2597 3812 2726 3866 dum
2764 3811 3012 3868 homines
3035 3813 3210 3884 juvat,
3231 3815 3512 3870 hominum
3547 3831 3669 3872 mo-

2091 3917 2180 3957 res
2213 3901 2266 3956 in
2298 3901 2580 3956 hominum
2609 3901 2895 3957 utilitatem
2933 3917 2997 3960 ac
3019 3906 3367 3961 commodum
3401 3907 3666 3965 sustinet:

2091 4000 2254 4062 atque
2282 3991 2390 4048 hoc
2421 3992 2638 4062 quidem
2667 3993 2790 4050 loco
2823 4003 3040 4066 propter
3064 3996 3300 4062 vineam,
3343 4007 3399 4054 et
3445 3999 3670 4056 assitam

2091 4083 2265 4140 vinea:
2298 4099 2502 4156 sepem,
2545 4093 2600 4139 et
2626 4085 2884 4141 effossum
2917 4088 2986 4142 ab
3021 4089 3139 4158 ipso
3170 4091 3428 4156 torcular,
3455 4099 3511 4146 et
3540 4091 3674 4147 aedi-

2093 4175 2308 4230 ﬁcatam
2359 4175 2575 4240 turrim,
2629 4185 2683 4232 et
2727 4186 2948 4248 propter
2979 4195 3168 4236 servos
3197 4196 3338 4250 quos
3367 4182 3570 4248 habet,
3621 4193 3676 4240 et

2093 4281 2232 4337 quos
2258 4267 2328 4322 ad
2363 4267 2632 4338 agricolas
2680 4269 2866 4332 mittit,
2899 4286 3152 4342 quosque
3201 4272 3410 4342 majore
3441 4289 3675 4332 numero

2095 4361 2262 4415 altera
2295 4361 2413 4416 vice
2435 4359 2619 4425 mittit,
2647 4361 2812 4416 homo
2834 4361 3226 4432 paterfamilias
3257 4367 3557 4436 appellatur
3581 4385 3594 4421 :
3619 4377 3676 4422 et

411 4461 575 4514 αὐτὸν
607 4461 821 4514 δίδωσιν
852 4461 1078 4532 ἑτέροις.
1107 4461 1228 4513 Ἔτι
1253 4459 1310 4512 δὲ
1331 4459 1492 4514 πάλιν
1521 4461 1707 4522 ἐντοῖς
1737 4457 1991 4528 ἀνωτέρω

2095 4453 2254 4522 quasi
2285 4450 2678 4524 paterfamilias
2694 4453 2945 4526 agricolis
2978 4455 3192 4512 vineam
3231 4457 3474 4523 tradidit,
3507 4475 3671 4529 quam

411 4549 694 4623 ἄνθρωπος
729 4553 1110 4622 οἰκοδεσπότης
1131 4553 1342 4622 εἴρηται
1375 4549 1462 4603 διὰ
1480 4549 1706 4604 τούτων’
1745 4567 1762 4600 ι
1799 4547 1988 4618 Ὁμοία

2097 4547 2165 4600 ab
2192 4545 2259 4600 iis
2285 4543 2480 4599 deinde
2500 4544 2736 4602 ablatam
2763 4544 2886 4602 aliis
2907 4546 3073 4604 dedit.
3111 4546 3324 4606 Rursus
3347 4564 3477 4613 vero
3510 4549 3677 4608 homo

411 4641 520 4713 γάρ
550 4643 697 4698 ἐστιν
733 4645 766 4714 ἡ
823 4642 1068 4714 βασιλεία
1101 4641 1211 4697 τῶν
1257 4641 1503 4714 οὐρανῶν
1541 4641 1810 4713 ἀνθρώπῳ
1848 4639 1991 4692 οἰκο-

2098 4634 2490 4710 paterfamilias
2517 4649 2681 4706 supra
2719 4636 2900 4693 dictus
2944 4651 3028 4694 est
3054 4638 3142 4696 his
3173 4641 3356 4697 verbis
3389 4642 3436 4678 ⁸⁸
3469 4660 3482 4696 :
3525 4659 3545 4698 ι
3587 4641 3677 4698 Si-

1612 4773 1842 4834 VETUS
1877 4771 2182 4828 l-NTERPR
2192 4767 2465 4825 ETATlO.

411 4896 582 4972 mittit
607 4895 1005 4972 paterfamilias
1029 4896 1196 4952 tilium
1219 4911 1382 4972 suum
1415 4893 1602 4972 Iesum
1631 4893 1933 4972 Christum,
1962 4891 2298 4972 quipoterat
2330 4891 2691 4971 reverentiam
2717 4889 2798 4948 cis
2827 4890 3089 4972 incutere.
3129 4887 3240 4972 Sed
3283 4889 3556 4971 principes
3588 4905 3680 4972 sa-

413 4961 697 5023 cerdotum
726 4977 780 5023 et
803 4969 1050 5024 seniores
1081 4967 1286 5036 populi,
1321 4975 1376 5020 et
1398 4965 1714 5035 prudentes,
1743 4964 1987 5017 videntes
2019 4961 2238 5036 Filium,
2271 4976 2378 5036 non
2413 4961 2640 5014 omnino
2679 4961 3324 5036 iniserisatiexsistentes,
3365 4961 3678 5036 eminentiae

413 5051 528 5110 sua:
549 5036 814 5110 heredem
847 5028 1122 5110 cumesse
1155 5028 1560 5092 intellexerunt.
1599 5028 1732 5110 Ausi
1764 5041 1892 5110 sunt
1931 5042 2138 5110 ιιιιιειτιΔ
2163 5031 2467 5110 inter-licere
2497 5038 2728 5110 enimut
2755 5029 2856 5098 ipsi
2882 5028 3225 5110 efﬁcerentur
3255 5029 3461 5110 dominii
3511 5045 3678 5110 super

412 5107 626 5160 vineam
655 5107 824 5179 illam,
855 5117 914 5179 et
941 5107 1220 5179 ejieicntes
1247 5123 1372 5162 eum
1396 5115 1546 5179 extra
1573 5121 1661 5160 res
1693 5103 2086 5179 Israelitarum,
2115 5100 2252 5157 foris
2278 5117 2401 5156 eum
2425 5100 2910 5179 iudicantes-esse,
2931 5169 2940 5179 υ
2965 5098 3378 5179 interfecerunt.
3409 5098 3674 5179 Dominus

414 5185 596 5250 antem
622 5177 716 5250 qui
741 5167 922 5232 statim
950 5167 1132 5250 rediit,
1159 5191 1317 5250 quem
1350 5176 1693 5250 occiderunt,
1729 5174 1876 5250 venit
1900 5188 2192 5239 resurgens
2229 5187 2259 5226 a
2288 5167 2634 5250 tnurtdisnet
2655 5167 2829 5250 malos
2853 5167 3329 5250 quidenrcolonos
3383 5169 3524 5250 male
3547 5184 3676 5250 per-

413 5242 572 5321 didit.
601 5237 730 5321 aliis
749 5255 928 5302 autem
953 5237 1192 5321 colonis,
1221 5247 1274 5301 id
1296 5255 1394 5321 _est
1428 5246 1693 5315 apostolis
1717 5246 1934 5321 vineam
1967 5237 2122 5321 suam
2153 5241 2522 5321 consignavit,
2547 5239 2717 5321 id.est
2732 5252 2828 5321 eos
2853 5237 2948 5308 qui
2975 5253 3041 5292 ex
3062 5237 3292 5321 Judai‘co
3322 5239 3518 5319 populo
3543 5237 3672 5321 reli:

417 5312 511 5388 qui
551 5305 920 5388 crediderunt,
951 5317 1043 5384 qui
1069 5305 1264 5372 darent
1293 5317 1347 5370 in
1377 5305 1618 5388 tempore
1649 5331 1750 5371 suo
1783 5315 1997 5388 fructus
2019 5311 2244 5388 domino
2277 5305 2400 5367 suo.
2435 5305 2564 5364 Item
2593 5307 2752 5388 docet
2767 5305 2973 5388 eos—es
2987 5309 3298 5388 prophetia,
3322 5305 3581 5388 quoniam
3609 5305 3679 5387 ab

415 5378 784 5456 istisiquidem
820 5378 1242 5442 :edillcatorihus
1272 5378 1597 5455 reprobatus
1617 5393 1721 5450 est,
1759 5399 1789 5437 a
1816 5383 2133 5456 Deoautem
2165 5381 2392 5456 electus.
2418 5389 2473 5437 et
2498 5385 2661 5447 caput
2684 5378 2853 5456 totius
2876 5378 3274 5456 rediticationis,
3302 5378 3357 5434 et
3381 5378 3676 5456 caput'mi-

418 5446 597 5508 rabile
619 5455 796 5511 lactus
826 5459 880 5510 in
907 5457 1080 5512 oculis
1110 5471 1300 5513 eorum
1331 5446 1424 5528 qui
1453 5463 1682 5525 possunt
1707 5446 1831 5510 eum
1862 5451 2068 5518 videre,
2093 5451 2165 5506 ita
2196 5451 2526 5522 prophetans
2554 5446 2794 5510 gremium
2823 5447 3006 5513 ﬁdem,
3035 5447 3168 5503 dicit
3192 5461 3297 5502 non
3327 5446 3675 5504 credentibus

2373 5593 2418 5624 ⁸⁸
2450 5589 2638 5645 Matth.
2669 5605 2760 5656 xx,
2795 5588 2844 5643 ι.

487 5595 744 5652 “Matth.
785 5614 896 5667 ut,
928 5599 1015 5656 25.
1094 5601 1141 5634 "
1165 5600 1294 5656 ibid.
1319 5600 1407 5655 41.
1485 5598 1532 5630 ⁸⁸
1554 5597 1685 5653 ibid.
1717 5597 1802 5651 45.
1880 5597 1924 5628 ⁸⁷
1951 5597 2106 5651 Deut.
2142 5611 2180 5660 I,
2209 5595 2298 5648 5i.

489 5731 605 5802 (64)
675 5732 910 5799 Ἀλλοις
971 5735 1037 5788 δὲ
1096 5735 1390 5805 γεωργοῖς,
1455 5733 1589 5790 Vide
1640 5732 2125 5805 Theophylactum.
