  <div class='ocr_page' id='page_1' title='image "/cluster/home/n/w/nwhite01/storage/ocr_20150623/13:no.3/coo.31924054872910/753.png"; bbox 0 0 4110 6424; ppageno 0'>
   <div class='ocr_carea' id='block_1_1' title="bbox 503 318 633 375">
    <p class='ocr_par' dir='ltr' id='par_1_1' title="bbox 503 318 633 375">
     <span class='ocr_line' id='line_1_1' title="bbox 503 318 633 375; baseline 0.008 -2"><span class='ocrx_word' id='word_1_1' title='bbox 503 318 633 375; x_wconf 68' lang='lat' dir='ltr'><strong>Hii!</strong></span> 
     </span>
    </p>
   </div>
   <div class='ocr_carea' id='block_1_2' title="bbox 1981 316 2302 375">
    <p class='ocr_par' dir='ltr' id='par_1_2' title="bbox 1981 316 2302 375">
     <span class='ocr_line' id='line_1_2' title="bbox 1981 316 2302 375; baseline -0.003 -2"><span class='ocrx_word' id='word_1_2' title='bbox 1981 316 2302 375; x_wconf 74' lang='lat' dir='ltr'><strong>ORIGENIS</strong></span> 
     </span>
    </p>
   </div>
   <div class='ocr_carea' id='block_1_3' title="bbox 3632 318 3770 372">
    <p class='ocr_par' dir='ltr' id='par_1_3' title="bbox 3632 318 3770 372">
     <span class='ocr_line' id='line_1_3' title="bbox 3632 318 3770 372; baseline -0.007 0"><span class='ocrx_word' id='word_1_3' title='bbox 3632 318 3770 372; x_wconf 64' lang='grc' dir='ltr'>ιιςε</span> 
     </span>
    </p>
   </div>
   <div class='ocr_carea' id='block_1_4' title="bbox 501 437 2053 513">
    <p class='ocr_par' dir='ltr' id='par_1_4' title="bbox 501 440 2048 513">
     <span class='ocr_line' id='line_1_4' title="bbox 501 440 2048 513; baseline 0.001 -18"><span class='ocrx_word' id='word_1_4' title='bbox 501 440 626 495; x_wconf 88' lang='lat' dir='ltr'><strong>mile</strong></span> <span class='ocrx_word' id='word_1_5' title='bbox 654 451 739 496; x_wconf 83' lang='lat' dir='ltr'><strong>est</strong></span> <span class='ocrx_word' id='word_1_6' title='bbox 769 441 913 495; x_wconf 90' lang='lat' dir='ltr'><strong>enim</strong></span> <span class='ocrx_word' id='word_1_7' title='bbox 950 458 1174 511; x_wconf 84' lang='lat' dir='ltr'><strong>regnum</strong></span> <span class='ocrx_word' id='word_1_8' title='bbox 1212 442 1473 496; x_wconf 59' lang='lat' dir='ltr'><strong>calorum</strong></span> <span class='ocrx_word' id='word_1_9' title='bbox 1516 442 1724 496; x_wconf 87' lang='lat' dir='ltr'><strong>homini</strong></span> <span class='ocrx_word' id='word_1_10' title='bbox 1776 441 2048 513; x_wconf 88' lang='lat' dir='ltr'><strong>patrifami</strong></span> 
     </span>
    </p>
   </div>
   <div class='ocr_carea' id='block_1_5' title="bbox 2161 437 3767 513">
    <p class='ocr_par' dir='ltr' id='par_1_5' title="bbox 2179 437 3767 513">
     <span class='ocr_line' id='line_1_5' title="bbox 2179 437 3767 513; baseline -0.001 -20"><span class='ocrx_word' id='word_1_11' title='bbox 2179 440 2435 513; x_wconf 78' lang='grc' dir='ltr'><strong>δεσπότῃ,</strong></span> <span class='ocrx_word' id='word_1_12' title='bbox 2472 442 2619 506; x_wconf 77' lang='grc' dir='ltr'>ὅστις</span> <span class='ocrx_word' id='word_1_13' title='bbox 2657 440 2874 511; x_wconf 74' lang='grc' dir='ltr'>ἐξῆλθεν</span> <span class='ocrx_word' id='word_1_14' title='bbox 2912 440 3027 511; x_wconf 71' lang='grc' dir='ltr'>ἅμα</span> <span class='ocrx_word' id='word_1_15' title='bbox 3072 437 3214 511; x_wconf 76' lang='grc' dir='ltr'>πρωῒ</span> <span class='ocrx_word' id='word_1_16' title='bbox 3263 437 3638 509; x_wconf 71' lang='grc' dir='ltr'><strong>μισθώσασθαι</strong></span> <span class='ocrx_word' id='word_1_17' title='bbox 3674 441 3767 509; x_wconf 82' lang='grc' dir='ltr'><strong>ὲρ-</strong></span> 
     </span>
    </p>
   </div>
   <div class='ocr_carea' id='block_1_6' title="bbox 498 529 2076 603">
    <p class='ocr_par' dir='ltr' id='par_1_6' title="bbox 498 529 2076 603">
     <span class='ocr_line' id='line_1_6' title="bbox 498 529 2076 603; baseline 0.001 -17"><span class='ocrx_word' id='word_1_18' title='bbox 498 529 619 593; x_wconf 82' lang='lat' dir='ltr'><strong>lias,</strong></span> <span class='ocrx_word' id='word_1_19' title='bbox 644 533 735 602; x_wconf 88' lang='lat' dir='ltr'><strong>qui</strong></span> <span class='ocrx_word' id='word_1_20' title='bbox 767 533 901 587; x_wconf 77' lang='lat' dir='ltr'><strong>exiit</strong></span> <span class='ocrx_word' id='word_1_21' title='bbox 931 534 1107 603; x_wconf 89' lang='lat' dir='ltr'><strong>primo</strong></span> <span class='ocrx_word' id='word_1_22' title='bbox 1138 548 1295 586; x_wconf 71' lang='lat' dir='ltr'><strong>mane</strong></span> <span class='ocrx_word' id='word_1_23' title='bbox 1330 532 1639 587; x_wconf 88' lang='lat' dir='ltr'><strong>conducere</strong></span> <span class='ocrx_word' id='word_1_24' title='bbox 1690 533 1971 603; x_wconf 79' lang='lat' dir='ltr'><strong>operarios</strong></span> <span class='ocrx_word' id='word_1_25' title='bbox 2023 534 2076 587; x_wconf 89' lang='lat' dir='ltr'><strong>in</strong></span> 
     </span>
    </p>
   </div>
   <div class='ocr_carea' id='block_1_7' title="bbox 490 623 2079 693">
    <p class='ocr_par' dir='ltr' id='par_1_7' title="bbox 490 623 2079 693">
     <span class='ocr_line' id='line_1_7' title="bbox 490 623 2079 693; baseline 0.002 -17"><span class='ocrx_word' id='word_1_26' title='bbox 490 625 709 678; x_wconf 83' lang='lat' dir='ltr'><strong>vineam</strong></span> <span class='ocrx_word' id='word_1_27' title='bbox 737 640 891 679; x_wconf 88' lang='lat' dir='ltr'><strong>suam</strong></span> <span class='ocrx_word' id='word_1_28' title='bbox 924 643 938 690; x_wconf 91' lang='lat'><strong>;</strong></span> <span class='ocrx_word' id='word_1_29' title='bbox 982 643 1001 676; x_wconf 73' lang='grc' dir='ltr'>ι</span> <span class='ocrx_word' id='word_1_30' title='bbox 1042 631 1115 687; x_wconf 83' lang='lat' dir='ltr'><strong>et,</strong></span> <span class='ocrx_word' id='word_1_31' title='bbox 1148 632 1206 676; x_wconf 85' lang='grc' dir='ltr'><strong>ιιι</strong></span> <span class='ocrx_word' id='word_1_32' title='bbox 1242 623 1637 693; x_wconf 76' lang='lat' dir='ltr'><strong>paterfamilias</strong></span> <span class='ocrx_word' id='word_1_33' title='bbox 1666 666 1681 689; x_wconf 94' lang='lat'><strong>,</strong></span> <span class='ocrx_word' id='word_1_34' title='bbox 1733 626 1946 678; x_wconf 83' lang='lat' dir='ltr'><strong>vineam</strong></span> <span class='ocrx_word' id='word_1_35' title='bbox 1982 626 2079 679; x_wconf 86' lang='lat' dir='ltr'><strong>ha-</strong></span> 
     </span>
    </p>
   </div>
   <div class='ocr_carea' id='block_1_8' title="bbox 495 713 2079 783">
    <p class='ocr_par' dir='ltr' id='par_1_8' title="bbox 495 713 2079 783">
     <span class='ocr_line' id='line_1_8' title="bbox 495 713 2079 783; baseline 0.001 -15"><span class='ocrx_word' id='word_1_36' title='bbox 495 714 605 778; x_wconf 88' lang='lat' dir='ltr'><strong>bet,</strong></span> <span class='ocrx_word' id='word_1_37' title='bbox 637 723 691 769; x_wconf 90' lang='lat' dir='ltr'><strong>et</strong></span> <span class='ocrx_word' id='word_1_38' title='bbox 718 714 985 783; x_wconf 80' lang='lat' dir='ltr'><strong>agricolas</strong></span> <span class='ocrx_word' id='word_1_39' title='bbox 1021 713 1315 777; x_wconf 89' lang='lat' dir='ltr'><strong>conducit,</strong></span> <span class='ocrx_word' id='word_1_40' title='bbox 1374 722 1788 783; x_wconf 89' lang='lat' dir='ltr'><strong>procuratorem</strong></span> <span class='ocrx_word' id='word_1_41' title='bbox 1822 715 1948 769; x_wconf 90' lang='lat' dir='ltr'><strong>item</strong></span> <span class='ocrx_word' id='word_1_42' title='bbox 1983 716 2079 770; x_wconf 84' lang='lat' dir='ltr'><strong>ha-</strong></span> 
     </span>
    </p>
   </div>
   <div class='ocr_carea' id='block_1_9' title="bbox 491 803 2077 875">
    <p class='ocr_par' dir='ltr' id='par_1_9' title="bbox 491 803 2077 875">
     <span class='ocr_line' id='line_1_9' title="bbox 491 803 2077 875; baseline 0.001 -16"><span class='ocrx_word' id='word_1_43' title='bbox 491 806 602 866; x_wconf 87' lang='lat' dir='ltr'><strong>het,</strong></span> <span class='ocrx_word' id='word_1_44' title='bbox 632 805 718 859; x_wconf 92' lang='lat' dir='ltr'><strong>cui</strong></span> <span class='ocrx_word' id='word_1_45' title='bbox 743 805 875 860; x_wconf 85' lang='lat' dir='ltr'><strong>dicit</strong></span> <span class='ocrx_word' id='word_1_46' title='bbox 898 806 942 837; x_wconf 74' lang='grc'>³³</span> <span class='ocrx_word' id='word_1_47' title='bbox 972 824 983 858; x_wconf 89' lang='lat'><strong>:</strong></span> <span class='ocrx_word' id='word_1_48' title='bbox 1024 824 1043 856; x_wconf 78' lang='grc' dir='ltr'>ι</span> <span class='ocrx_word' id='word_1_49' title='bbox 1084 803 1228 860; x_wconf 80' lang='lat' dir='ltr'><strong>Voca</strong></span> <span class='ocrx_word' id='word_1_50' title='bbox 1259 806 1542 875; x_wconf 83' lang='lat' dir='ltr'><strong>operarios</strong></span> <span class='ocrx_word' id='word_1_51' title='bbox 1570 847 1606 874; x_wconf 89' lang='lat'><strong>,_</strong></span> <span class='ocrx_word' id='word_1_52' title='bbox 1643 816 1697 859; x_wconf 89' lang='lat' dir='ltr'><strong>et</strong></span> <span class='ocrx_word' id='word_1_53' title='bbox 1750 806 1915 861; x_wconf 88' lang='lat' dir='ltr'><strong>redde</strong></span> <span class='ocrx_word' id='word_1_54' title='bbox 1970 806 2077 861; x_wconf 89' lang='lat' dir='ltr'><strong>illis</strong></span> 
     </span>
    </p>
   </div>
   <div class='ocr_carea' id='block_1_10' title="bbox 490 897 2070 968">
    <p class='ocr_par' dir='ltr' id='par_1_10' title="bbox 490 897 2070 968">
     <span class='ocr_line' id='line_1_10' title="bbox 490 897 2070 968; baseline -0.003 -17"><span class='ocrx_word' id='word_1_55' title='bbox 490 897 817 962; x_wconf 86' lang='lat' dir='ltr'><strong>mercedem,</strong></span> <span class='ocrx_word' id='word_1_56' title='bbox 851 898 1116 967; x_wconf 88' lang='lat' dir='ltr'><strong>incipiens</strong></span> <span class='ocrx_word' id='word_1_57' title='bbox 1143 914 1172 953; x_wconf 91' lang='lat' dir='ltr'><strong>a</strong></span> <span class='ocrx_word' id='word_1_58' title='bbox 1193 898 1697 967; x_wconf 81' lang='lat' dir='ltr'><strong>novissimisusque</strong></span> <span class='ocrx_word' id='word_1_59' title='bbox 1726 898 1790 952; x_wconf 80' lang='lat' dir='ltr'><strong>ad</strong></span> <span class='ocrx_word' id='word_1_60' title='bbox 1813 898 2070 968; x_wconf 62' lang='lat' dir='ltr'><strong>primos.»</strong></span> 
     </span>
    </p>
   </div>
   <div class='ocr_carea' id='block_1_11' title="bbox 489 987 2071 1060">
    <p class='ocr_par' dir='ltr' id='par_1_11' title="bbox 489 987 2071 1060">
     <span class='ocr_line' id='line_1_11' title="bbox 489 987 2071 1060; baseline 0.001 -18"><span class='ocrx_word' id='word_1_61' title='bbox 489 987 544 1042; x_wconf 91' lang='lat' dir='ltr'><strong>ln</strong></span> <span class='ocrx_word' id='word_1_62' title='bbox 570 988 826 1059; x_wconf 81' lang='lat' dir='ltr'><strong>parabola</strong></span> <span class='ocrx_word' id='word_1_63' title='bbox 852 998 1032 1043; x_wconf 87' lang='lat' dir='ltr'><strong>autem</strong></span> <span class='ocrx_word' id='word_1_64' title='bbox 1065 990 1133 1046; x_wconf 91' lang='lat' dir='ltr'><strong>de</strong></span> <span class='ocrx_word' id='word_1_65' title='bbox 1161 1006 1317 1045; x_wconf 56' lang='lat' dir='ltr'><strong>caena</strong></span> <span class='ocrx_word' id='word_1_66' title='bbox 1353 990 1420 1054; x_wconf 69' lang='grc' dir='ltr'><strong>θ’.</strong></span> <span class='ocrx_word' id='word_1_67' title='bbox 1445 1002 1503 1045; x_wconf 88' lang='lat' dir='ltr'><strong>et</strong></span> <span class='ocrx_word' id='word_1_68' title='bbox 1533 990 1626 1045; x_wconf 86' lang='lat' dir='ltr'><strong>filii</strong></span> <span class='ocrx_word' id='word_1_69' title='bbox 1658 991 1829 1060; x_wconf 88' lang='lat' dir='ltr'><strong>ipsius</strong></span> <span class='ocrx_word' id='word_1_70' title='bbox 1847 990 2071 1058; x_wconf 85' lang='lat' dir='ltr'><strong>nuptiis,</strong></span> 
     </span>
    </p>
   </div>
   <div class='ocr_carea' id='block_1_12' title="bbox 483 1081 2069 1151">
    <p class='ocr_par' dir='ltr' id='par_1_12' title="bbox 483 1081 2069 1151">
     <span class='ocr_line' id='line_1_12' title="bbox 483 1081 2069 1151; baseline 0.001 -16"><span class='ocrx_word' id='word_1_71' title='bbox 483 1090 539 1135; x_wconf 90' lang='lat' dir='ltr'><strong>et</strong></span> <span class='ocrx_word' id='word_1_72' title='bbox 572 1089 795 1145; x_wconf 88' lang='lat' dir='ltr'><strong>vocatu,</strong></span> <span class='ocrx_word' id='word_1_73' title='bbox 832 1096 941 1135; x_wconf 90' lang='lat' dir='ltr'><strong>non</strong></span> <span class='ocrx_word' id='word_1_74' title='bbox 970 1081 1368 1151; x_wconf 81' lang='lat' dir='ltr'><strong>paterfamilias</strong></span> <span class='ocrx_word' id='word_1_75' title='bbox 1394 1124 1409 1147; x_wconf 94' lang='lat'><strong>,</strong></span> <span class='ocrx_word' id='word_1_76' title='bbox 1458 1082 1551 1138; x_wconf 88' lang='lat' dir='ltr'><strong>sed</strong></span> <span class='ocrx_word' id='word_1_77' title='bbox 1583 1098 1675 1136; x_wconf 82' lang='lat' dir='ltr'><strong>rex</strong></span> <span class='ocrx_word' id='word_1_78' title='bbox 1716 1082 1895 1137; x_wconf 85' lang='lat' dir='ltr'><strong>dictus</strong></span> <span class='ocrx_word' id='word_1_79' title='bbox 1944 1090 2026 1137; x_wconf 89' lang='lat' dir='ltr'><strong>est</strong></span> <span class='ocrx_word' id='word_1_80' title='bbox 2056 1100 2069 1148; x_wconf 93' lang='lat'>;</span> 
     </span>
    </p>
   </div>
   <div class='ocr_carea' id='block_1_13' title="bbox 484 1172 2069 1245">
    <p class='ocr_par' dir='ltr' id='par_1_13' title="bbox 484 1172 2069 1245">
     <span class='ocr_line' id='line_1_13' title="bbox 484 1172 2069 1245; baseline -0.001 -18"><span class='ocrx_word' id='word_1_81' title='bbox 484 1173 660 1243; x_wconf 88' lang='lat' dir='ltr'><strong>major</strong></span> <span class='ocrx_word' id='word_1_82' title='bbox 691 1173 894 1244; x_wconf 82' lang='lat' dir='ltr'><strong>quippe</strong></span> <span class='ocrx_word' id='word_1_83' title='bbox 922 1182 1008 1229; x_wconf 88' lang='lat' dir='ltr'><strong>est</strong></span> <span class='ocrx_word' id='word_1_84' title='bbox 1034 1173 1428 1245; x_wconf 88' lang='lat' dir='ltr'><strong>patrefamilias</strong></span> <span class='ocrx_word' id='word_1_85' title='bbox 1448 1216 1462 1241; x_wconf 94' lang='lat'><strong>,</strong></span> <span class='ocrx_word' id='word_1_86' title='bbox 1495 1182 1683 1244; x_wconf 90' lang='lat' dir='ltr'><strong>utpote</strong></span> <span class='ocrx_word' id='word_1_87' title='bbox 1717 1173 1812 1245; x_wconf 92' lang='lat' dir='ltr'><strong>qui</strong></span> <span class='ocrx_word' id='word_1_88' title='bbox 1856 1172 2069 1227; x_wconf 80' lang='lat' dir='ltr'><strong>exerci-</strong></span> 
     </span>
    </p>
   </div>
   <div class='ocr_carea' id='block_1_14' title="bbox 400 1262 2070 1334">
    <p class='ocr_par' dir='ltr' id='par_1_14' title="bbox 400 1262 2070 1334">
     <span class='ocr_line' id='line_1_14' title="bbox 400 1262 2070 1334; baseline 0.001 -19"><span class='ocrx_word' id='word_1_89' title='bbox 400 1302 405 1309; x_wconf 93' lang='lat'><strong>.</strong></span> <span class='ocrx_word' id='word_1_90' title='bbox 481 1270 596 1316; x_wconf 89' lang='lat' dir='ltr'><strong>tum</strong></span> <span class='ocrx_word' id='word_1_91' title='bbox 626 1271 885 1334; x_wconf 88' lang='lat' dir='ltr'><strong>tanquam</strong></span> <span class='ocrx_word' id='word_1_92' title='bbox 924 1277 1016 1316; x_wconf 81' lang='lat' dir='ltr'><strong>rex</strong></span> <span class='ocrx_word' id='word_1_93' title='bbox 1052 1263 1261 1329; x_wconf 86' lang='lat' dir='ltr'><strong>mittat,</strong></span> <span class='ocrx_word' id='word_1_94' title='bbox 1307 1277 1514 1333; x_wconf 90' lang='lat' dir='ltr'><strong>eosque</strong></span> <span class='ocrx_word' id='word_1_95' title='bbox 1566 1262 1635 1318; x_wconf 84' lang='lat' dir='ltr'><strong>de</strong></span> <span class='ocrx_word' id='word_1_96' title='bbox 1684 1263 1865 1318; x_wconf 90' lang='lat' dir='ltr'><strong>medio</strong></span> <span class='ocrx_word' id='word_1_97' title='bbox 1913 1263 2070 1317; x_wconf 88' lang='lat' dir='ltr'><strong>tollat</strong></span> 
     </span>
    </p>
   </div>
   <div class='ocr_carea' id='block_1_15' title="bbox 397 1352 2067 1426">
    <p class='ocr_par' dir='ltr' id='par_1_15' title="bbox 397 1352 2067 1426">
     <span class='ocr_line' id='line_1_15' title="bbox 397 1352 2067 1426; baseline 0.001 -18"><span class='ocrx_word' id='word_1_98' title='bbox 397 1352 405 1386; x_wconf 83' lang='lat'><strong>&#39;-</strong></span> <span class='ocrx_word' id='word_1_99' title='bbox 478 1354 573 1423; x_wconf 91' lang='lat' dir='ltr'><strong>qui</strong></span> <span class='ocrx_word' id='word_1_100' title='bbox 599 1368 791 1410; x_wconf 88' lang='lat' dir='ltr'><strong>servos</strong></span> <span class='ocrx_word' id='word_1_101' title='bbox 823 1355 998 1425; x_wconf 87' lang='lat' dir='ltr'><strong>ipsius</strong></span> <span class='ocrx_word' id='word_1_102' title='bbox 1031 1353 1599 1426; x_wconf 87' lang='lat' dir='ltr'><strong>comprehenderunt,</strong></span> <span class='ocrx_word' id='word_1_103' title='bbox 1633 1365 1689 1410; x_wconf 93' lang='lat' dir='ltr'><strong>et</strong></span> <span class='ocrx_word' id='word_1_104' title='bbox 1723 1354 2067 1411; x_wconf 76' lang='lat' dir='ltr'><strong>contumeliis</strong></span> 
     </span>
    </p>
   </div>
   <div class='ocr_carea' id='block_1_16' title="bbox 478 1440 2068 1514">
    <p class='ocr_par' dir='ltr' id='par_1_16' title="bbox 478 1440 2068 1514">
     <span class='ocr_line' id='line_1_16' title="bbox 478 1440 2068 1514; baseline 0.001 -17"><span class='ocrx_word' id='word_1_105' title='bbox 478 1440 779 1499; x_wconf 73' lang='lat' dir='ltr'><strong>alleecrunt</strong></span> <span class='ocrx_word' id='word_1_106' title='bbox 825 1457 891 1498; x_wconf 85' lang='lat' dir='ltr'><strong>ac</strong></span> <span class='ocrx_word' id='word_1_107' title='bbox 928 1443 1392 1509; x_wconf 82' lang='lat' dir='ltr'><strong>trucidarunt;et</strong></span> <span class='ocrx_word' id='word_1_108' title='bbox 1420 1452 1682 1514; x_wconf 83' lang='lat' dir='ltr'><strong>tanquam</strong></span> <span class='ocrx_word' id='word_1_109' title='bbox 1729 1443 1879 1513; x_wconf 72' lang='lat' dir='ltr'><strong>regia</strong></span> <span class='ocrx_word' id='word_1_110' title='bbox 1929 1460 2068 1513; x_wconf 63' lang='lat' dir='ltr'><strong>prae-</strong></span> 
     </span>
    </p>
   </div>
   <div class='ocr_carea' id='block_1_17' title="bbox 477 1533 2066 1605">
    <p class='ocr_par' dir='ltr' id='par_1_17' title="bbox 477 1533 2066 1605">
     <span class='ocr_line' id='line_1_17' title="bbox 477 1533 2066 1605; baseline 0.001 -16"><span class='ocrx_word' id='word_1_111' title='bbox 477 1533 628 1589; x_wconf 86' lang='lat' dir='ltr'><strong>ditus</strong></span> <span class='ocrx_word' id='word_1_112' title='bbox 653 1542 944 1604; x_wconf 81' lang='lat' dir='ltr'><strong>potestate,</strong></span> <span class='ocrx_word' id='word_1_113' title='bbox 976 1550 1084 1590; x_wconf 89' lang='lat' dir='ltr'><strong>non</strong></span> <span class='ocrx_word' id='word_1_114' title='bbox 1119 1544 1178 1590; x_wconf 91' lang='lat' dir='ltr'><strong>ut</strong></span> <span class='ocrx_word' id='word_1_115' title='bbox 1205 1534 1597 1605; x_wconf 80' lang='lat' dir='ltr'><strong>paterfamilias</strong></span> <span class='ocrx_word' id='word_1_116' title='bbox 1636 1535 1931 1597; x_wconf 77' lang='lat' dir='ltr'><strong>duntaxat,</strong></span> <span class='ocrx_word' id='word_1_117' title='bbox 1963 1537 2066 1590; x_wconf 90' lang='lat' dir='ltr'><strong>mi-</strong></span> 
     </span>
    </p>
   </div>
   <div class='ocr_carea' id='block_1_18' title="bbox 477 1624 2062 1697">
    <p class='ocr_par' dir='ltr' id='par_1_18' title="bbox 477 1624 2062 1697">
     <span class='ocr_line' id='line_1_18' title="bbox 477 1624 2062 1697; baseline 0.001 -18"><span class='ocrx_word' id='word_1_118' title='bbox 477 1624 669 1681; x_wconf 87' lang='lat' dir='ltr'><strong>nistris</strong></span> <span class='ocrx_word' id='word_1_119' title='bbox 696 1625 814 1681; x_wconf 85' lang='lat' dir='ltr'><strong>suis</strong></span> <span class='ocrx_word' id='word_1_120' title='bbox 829 1625 1018 1695; x_wconf 87' lang='lat' dir='ltr'><strong>jussit,</strong></span> <span class='ocrx_word' id='word_1_121' title='bbox 1044 1635 1102 1680; x_wconf 94' lang='lat' dir='ltr'><strong>ut</strong></span> <span class='ocrx_word' id='word_1_122' title='bbox 1129 1625 1292 1696; x_wconf 88' lang='lat' dir='ltr'><strong>pedes</strong></span> <span class='ocrx_word' id='word_1_123' title='bbox 1316 1625 1462 1681; x_wconf 86' lang='lat' dir='ltr'><strong>illius</strong></span> <span class='ocrx_word' id='word_1_124' title='bbox 1486 1626 2062 1697; x_wconf 77' lang='lat' dir='ltr'><strong>manusqueligarent,</strong></span> 
     </span>
    </p>
   </div>
   <div class='ocr_carea' id='block_1_19' title="bbox 475 1716 2065 1788">
    <p class='ocr_par' dir='ltr' id='par_1_19' title="bbox 475 1716 2065 1788">
     <span class='ocr_line' id='line_1_19' title="bbox 475 1716 2065 1788; baseline 0.001 -17"><span class='ocrx_word' id='word_1_125' title='bbox 475 1716 571 1786; x_wconf 89' lang='lat' dir='ltr'><strong>qui</strong></span> <span class='ocrx_word' id='word_1_126' title='bbox 600 1724 805 1772; x_wconf 79' lang='lat' dir='ltr'><strong>vestem</strong></span> <span class='ocrx_word' id='word_1_127' title='bbox 842 1717 1140 1788; x_wconf 82' lang='lat' dir='ltr'><strong>nuptialem</strong></span> <span class='ocrx_word' id='word_1_128' title='bbox 1172 1731 1283 1772; x_wconf 90' lang='lat' dir='ltr'><strong>non</strong></span> <span class='ocrx_word' id='word_1_129' title='bbox 1310 1717 1520 1773; x_wconf 86' lang='lat' dir='ltr'><strong>habens</strong></span> <span class='ocrx_word' id='word_1_130' title='bbox 1544 1717 1610 1772; x_wconf 90' lang='lat' dir='ltr'><strong>ad</strong></span> <span class='ocrx_word' id='word_1_131' title='bbox 1641 1717 1862 1788; x_wconf 88' lang='lat' dir='ltr'><strong>nuptias</strong></span> <span class='ocrx_word' id='word_1_132' title='bbox 1887 1717 2065 1774; x_wconf 89' lang='lat' dir='ltr'><strong>fuerat</strong></span> 
     </span>
    </p>
   </div>
   <div class='ocr_carea' id='block_1_20' title="bbox 474 1808 2061 1879">
    <p class='ocr_par' dir='ltr' id='par_1_20' title="bbox 474 1808 2061 1879">
     <span class='ocr_line' id='line_1_20' title="bbox 474 1808 2061 1879; baseline 0.003 -17"><span class='ocrx_word' id='word_1_133' title='bbox 474 1808 776 1879; x_wconf 78' lang='lat' dir='ltr'><strong>ingressus,</strong></span> <span class='ocrx_word' id='word_1_134' title='bbox 816 1824 1054 1879; x_wconf 88' lang='lat' dir='ltr'><strong>eumque</strong></span> <span class='ocrx_word' id='word_1_135' title='bbox 1078 1816 1136 1864; x_wconf 92' lang='lat' dir='ltr'><strong>ut</strong></span> <span class='ocrx_word' id='word_1_136' title='bbox 1176 1809 1231 1863; x_wconf 89' lang='lat' dir='ltr'><strong>in</strong></span> <span class='ocrx_word' id='word_1_137' title='bbox 1272 1809 1526 1864; x_wconf 84' lang='lat' dir='ltr'><strong>tenebras</strong></span> <span class='ocrx_word' id='word_1_138' title='bbox 1547 1809 1849 1865; x_wconf 83' lang='lat' dir='ltr'><strong>exteriores</strong></span> <span class='ocrx_word' id='word_1_139' title='bbox 1878 1812 2061 1866; x_wconf 84' lang='lat' dir='ltr'><strong>mitte~</strong></span> 
     </span>
    </p>
   </div>
   <div class='ocr_carea' id='block_1_21' title="bbox 469 1898 2057 1971">
    <p class='ocr_par' dir='ltr' id='par_1_21' title="bbox 469 1898 2057 1971">
     <span class='ocr_line' id='line_1_21' title="bbox 469 1898 2057 1971; baseline 0.003 -19"><span class='ocrx_word' id='word_1_140' title='bbox 469 1907 613 1956; x_wconf 88' lang='lat' dir='ltr'><strong>rent.</strong></span> <span class='ocrx_word' id='word_1_141' title='bbox 636 1899 775 1955; x_wconf 88' lang='lat' dir='ltr'><strong>Cum</strong></span> <span class='ocrx_word' id='word_1_142' title='bbox 793 1916 925 1955; x_wconf 88' lang='lat' dir='ltr'><strong>vero</strong></span> <span class='ocrx_word' id='word_1_143' title='bbox 944 1916 1110 1971; x_wconf 80' lang='lat' dir='ltr'><strong>supra</strong></span> <span class='ocrx_word' id='word_1_144' title='bbox 1132 1899 1333 1957; x_wconf 87' lang='lat' dir='ltr'><strong>dicitur</strong></span> <span class='ocrx_word' id='word_1_145' title='bbox 1358 1900 1433 1955; x_wconf 75' lang='lat' dir='ltr'>“z</span> <span class='ocrx_word' id='word_1_146' title='bbox 1459 1919 1478 1951; x_wconf 77' lang='grc' dir='ltr'>ι</span> <span class='ocrx_word' id='word_1_147' title='bbox 1505 1898 1681 1956; x_wconf 84' lang='lat' dir='ltr'><strong>Homo</strong></span> <span class='ocrx_word' id='word_1_148' title='bbox 1709 1901 1931 1971; x_wconf 90' lang='lat' dir='ltr'><strong>quidam</strong></span> <span class='ocrx_word' id='word_1_149' title='bbox 1957 1902 2057 1957; x_wconf 87' lang='lat' dir='ltr'><strong>ha-</strong></span> 
     </span>
    </p>
   </div>
   <div class='ocr_carea' id='block_1_22' title="bbox 468 1990 2054 2065">
    <p class='ocr_par' dir='ltr' id='par_1_22' title="bbox 468 1990 2054 2065">
     <span class='ocr_line' id='line_1_22' title="bbox 468 1990 2054 2065; baseline 0 -17"><span class='ocrx_word' id='word_1_150' title='bbox 468 1990 632 2048; x_wconf 86' lang='lat' dir='ltr'><strong>bebat</strong></span> <span class='ocrx_word' id='word_1_151' title='bbox 656 1992 797 2050; x_wconf 91' lang='lat' dir='ltr'><strong>duos</strong></span> <span class='ocrx_word' id='word_1_152' title='bbox 833 1992 996 2060; x_wconf 89' lang='lat' dir='ltr'><strong>filios,</strong></span> <span class='ocrx_word' id='word_1_153' title='bbox 1041 2012 1060 2045; x_wconf 74' lang='grc' dir='ltr'>ι</span> <span class='ocrx_word' id='word_1_154' title='bbox 1094 2008 1271 2064; x_wconf 88' lang='lat' dir='ltr'><strong>neque</strong></span> <span class='ocrx_word' id='word_1_155' title='bbox 1298 1990 1691 2065; x_wconf 81' lang='lat' dir='ltr'><strong>paterfamilias</strong></span> <span class='ocrx_word' id='word_1_156' title='bbox 1716 2032 1732 2056; x_wconf 88' lang='lat'><strong>,</strong></span> <span class='ocrx_word' id='word_1_157' title='bbox 1764 2009 1939 2065; x_wconf 90' lang='lat' dir='ltr'><strong>neque</strong></span> <span class='ocrx_word' id='word_1_158' title='bbox 1961 2009 2054 2048; x_wconf 83' lang='lat' dir='ltr'><strong>rex</strong></span> 
     </span>
    </p>
   </div>
   <div class='ocr_carea' id='block_1_23' title="bbox 466 2084 2055 2156">
    <p class='ocr_par' dir='ltr' id='par_1_23' title="bbox 466 2084 2055 2156">
     <span class='ocr_line' id='line_1_23' title="bbox 466 2084 2055 2156; baseline 0 -18"><span class='ocrx_word' id='word_1_159' title='bbox 466 2084 771 2154; x_wconf 87' lang='lat' dir='ltr'><strong>appellatus</strong></span> <span class='ocrx_word' id='word_1_160' title='bbox 795 2093 901 2153; x_wconf 90' lang='lat' dir='ltr'><strong>est,</strong></span> <span class='ocrx_word' id='word_1_161' title='bbox 944 2086 1038 2141; x_wconf 90' lang='lat' dir='ltr'><strong>sed</strong></span> <span class='ocrx_word' id='word_1_162' title='bbox 1085 2084 1253 2141; x_wconf 90' lang='lat' dir='ltr'><strong>homo</strong></span> <span class='ocrx_word' id='word_1_163' title='bbox 1301 2085 1643 2156; x_wconf 87' lang='lat' dir='ltr'><strong>simpliciter.</strong></span> <span class='ocrx_word' id='word_1_164' title='bbox 1681 2084 2055 2152; x_wconf 82' lang='lat' dir='ltr'><strong>Quemadmo-</strong></span> 
     </span>
    </p>
   </div>
   <div class='ocr_carea' id='block_1_24' title="bbox 466 2175 2054 2247">
    <p class='ocr_par' dir='ltr' id='par_1_24' title="bbox 466 2175 2054 2247">
     <span class='ocr_line' id='line_1_24' title="bbox 466 2175 2054 2247; baseline 0.002 -19"><span class='ocrx_word' id='word_1_165' title='bbox 466 2176 597 2229; x_wconf 89' lang='lat' dir='ltr'><strong>dum</strong></span> <span class='ocrx_word' id='word_1_166' title='bbox 640 2185 822 2232; x_wconf 89' lang='lat' dir='ltr'><strong>autem</strong></span> <span class='ocrx_word' id='word_1_167' title='bbox 851 2177 906 2232; x_wconf 92' lang='lat' dir='ltr'><strong>in</strong></span> <span class='ocrx_word' id='word_1_168' title='bbox 938 2176 1140 2232; x_wconf 79' lang='lat' dir='ltr'><strong>divinis</strong></span> <span class='ocrx_word' id='word_1_169' title='bbox 1167 2175 1470 2247; x_wconf 89' lang='lat' dir='ltr'><strong>Scripturis</strong></span> <span class='ocrx_word' id='word_1_170' title='bbox 1510 2176 1884 2247; x_wconf 88' lang='lat' dir='ltr'><strong>multipliciter</strong></span> <span class='ocrx_word' id='word_1_171' title='bbox 1909 2175 2054 2231; x_wconf 88' lang='lat' dir='ltr'><strong>Deus</strong></span> 
     </span>
    </p>
   </div>
   <div class='ocr_carea' id='block_1_25' title="bbox 466 2267 2050 2338">
    <p class='ocr_par' dir='ltr' id='par_1_25' title="bbox 466 2267 2050 2338">
     <span class='ocr_line' id='line_1_25' title="bbox 466 2267 2050 2338; baseline 0.001 -18"><span class='ocrx_word' id='word_1_172' title='bbox 466 2267 754 2338; x_wconf 88' lang='lat' dir='ltr'><strong>accipitur,</strong></span> <span class='ocrx_word' id='word_1_173' title='bbox 781 2269 854 2322; x_wconf 89' lang='lat' dir='ltr'><strong>ita</strong></span> <span class='ocrx_word' id='word_1_174' title='bbox 888 2269 1120 2324; x_wconf 90' lang='lat' dir='ltr'><strong>multum</strong></span> <span class='ocrx_word' id='word_1_175' title='bbox 1155 2268 1385 2324; x_wconf 87' lang='lat' dir='ltr'><strong>interest</strong></span> <span class='ocrx_word' id='word_1_176' title='bbox 1449 2269 1686 2323; x_wconf 91' lang='lat' dir='ltr'><strong>homone</strong></span> <span class='ocrx_word' id='word_1_177' title='bbox 1710 2268 2050 2338; x_wconf 88' lang='lat' dir='ltr'><strong>simpliciter,</strong></span> 
     </span>
    </p>
   </div>
   <div class='ocr_carea' id='block_1_26' title="bbox 464 2357 2051 2430">
    <p class='ocr_par' dir='ltr' id='par_1_26' title="bbox 464 2357 2051 2430">
     <span class='ocr_line' id='line_1_26' title="bbox 464 2357 2051 2430; baseline 0.002 -19"><span class='ocrx_word' id='word_1_178' title='bbox 464 2372 535 2411; x_wconf 87' lang='lat' dir='ltr'><strong>an</strong></span> <span class='ocrx_word' id='word_1_179' title='bbox 572 2357 982 2427; x_wconf 87' lang='lat' dir='ltr'><strong>paterfamilias,</strong></span> <span class='ocrx_word' id='word_1_180' title='bbox 1010 2376 1078 2415; x_wconf 91' lang='lat' dir='ltr'><strong>an</strong></span> <span class='ocrx_word' id='word_1_181' title='bbox 1118 2377 1212 2416; x_wconf 80' lang='lat' dir='ltr'><strong>rex</strong></span> <span class='ocrx_word' id='word_1_182' title='bbox 1238 2360 1560 2430; x_wconf 89' lang='lat' dir='ltr'><strong>appelletur.</strong></span> <span class='ocrx_word' id='word_1_183' title='bbox 1596 2359 1773 2430; x_wconf 80' lang='lat' dir='ltr'><strong>Atque</strong></span> <span class='ocrx_word' id='word_1_184' title='bbox 1804 2360 1893 2414; x_wconf 88' lang='lat' dir='ltr'><strong>illa</strong></span> <span class='ocrx_word' id='word_1_185' title='bbox 1925 2360 2051 2430; x_wconf 91' lang='lat' dir='ltr'><strong>qui-</strong></span> 
     </span>
    </p>
   </div>
   <div class='ocr_carea' id='block_1_27' title="bbox 463 2448 2055 2523">
    <p class='ocr_par' dir='ltr' id='par_1_27' title="bbox 463 2448 2055 2523">
     <span class='ocr_line' id='line_1_27' title="bbox 463 2448 2055 2523; baseline 0.003 -22"><span class='ocrx_word' id='word_1_186' title='bbox 463 2448 585 2502; x_wconf 91' lang='lat' dir='ltr'><strong>dem</strong></span> <span class='ocrx_word' id='word_1_187' title='bbox 617 2448 690 2503; x_wconf 90' lang='lat' dir='ltr'><strong>ita</strong></span> <span class='ocrx_word' id='word_1_188' title='bbox 736 2464 796 2505; x_wconf 91' lang='lat' dir='ltr'><strong>se</strong></span> <span class='ocrx_word' id='word_1_189' title='bbox 830 2450 1033 2507; x_wconf 85' lang='lat' dir='ltr'><strong>habent</strong></span> <span class='ocrx_word' id='word_1_190' title='bbox 1081 2454 1223 2521; x_wconf 92' lang='lat' dir='ltr'><strong>apud</strong></span> <span class='ocrx_word' id='word_1_191' title='bbox 1276 2452 1624 2520; x_wconf 70' lang='lat' dir='ltr'><strong>Matthreum;</strong></span> <span class='ocrx_word' id='word_1_192' title='bbox 1663 2453 1921 2523; x_wconf 88' lang='lat' dir='ltr'><strong>parabola</strong></span> <span class='ocrx_word' id='word_1_193' title='bbox 1951 2468 2055 2507; x_wconf 67' lang='grc' dir='ltr'>ειυ-</span> 
     </span>
    </p>
   </div>
   <div class='ocr_carea' id='block_1_28' title="bbox 464 2541 2047 2613">
    <p class='ocr_par' dir='ltr' id='par_1_28' title="bbox 464 2541 2047 2613">
     <span class='ocr_line' id='line_1_28' title="bbox 464 2541 2047 2613; baseline 0.004 -23"><span class='ocrx_word' id='word_1_194' title='bbox 464 2547 568 2591; x_wconf 92' lang='lat' dir='ltr'><strong>tem</strong></span> <span class='ocrx_word' id='word_1_195' title='bbox 601 2554 724 2609; x_wconf 72' lang='lat' dir='ltr'><strong>qum</strong></span> <span class='ocrx_word' id='word_1_196' title='bbox 752 2542 894 2610; x_wconf 91' lang='lat' dir='ltr'><strong>apud</strong></span> <span class='ocrx_word' id='word_1_197' title='bbox 930 2541 1133 2597; x_wconf 78' lang='lat' dir='ltr'><strong>Lucam</strong></span> <span class='ocrx_word' id='word_1_198' title='bbox 1172 2544 1364 2599; x_wconf 90' lang='lat' dir='ltr'><strong>huiece</strong></span> <span class='ocrx_word' id='word_1_199' title='bbox 1392 2545 1721 2613; x_wconf 88' lang='lat' dir='ltr'><strong>respondet,</strong></span> <span class='ocrx_word' id='word_1_200' title='bbox 1769 2543 2047 2598; x_wconf 90' lang='lat' dir='ltr'><strong>hominem</strong></span> 
     </span>
    </p>
   </div>
   <div class='ocr_carea' id='block_1_29' title="bbox 460 2634 2052 2708">
    <p class='ocr_par' dir='ltr' id='par_1_29' title="bbox 460 2634 2052 2708">
     <span class='ocr_line' id='line_1_29' title="bbox 460 2634 2052 2708; baseline 0.003 -24"><span class='ocrx_word' id='word_1_201' title='bbox 460 2646 585 2684; x_wconf 87' lang='lat' dir='ltr'><strong>eum</strong></span> <span class='ocrx_word' id='word_1_202' title='bbox 639 2634 1015 2704; x_wconf 85' lang='lat' dir='ltr'><strong>nuncupavit,</strong></span> <span class='ocrx_word' id='word_1_203' title='bbox 1059 2636 1143 2691; x_wconf 91' lang='lat' dir='ltr'><strong>his</strong></span> <span class='ocrx_word' id='word_1_204' title='bbox 1183 2636 1365 2692; x_wconf 84' lang='lat' dir='ltr'><strong>verbis</strong></span> <span class='ocrx_word' id='word_1_205' title='bbox 1394 2638 1479 2691; x_wconf 81' lang='lat' dir='ltr'><strong>“z</strong></span> <span class='ocrx_word' id='word_1_206' title='bbox 1527 2655 1545 2687; x_wconf 74' lang='grc' dir='ltr'>ι</span> <span class='ocrx_word' id='word_1_207' title='bbox 1579 2635 1755 2692; x_wconf 86' lang='lat' dir='ltr'><strong>llomo</strong></span> <span class='ocrx_word' id='word_1_208' title='bbox 1786 2636 2052 2708; x_wconf 81' lang='lat' dir='ltr'><strong>plantavit</strong></span> 
     </span>
    </p>
   </div>
   <div class='ocr_carea' id='block_1_30' title="bbox 463 2722 2045 2794">
    <p class='ocr_par' dir='ltr' id='par_1_30' title="bbox 463 2722 2045 2794">
     <span class='ocr_line' id='line_1_30' title="bbox 463 2722 2045 2794; baseline 0.006 -20"><span class='ocrx_word' id='word_1_209' title='bbox 463 2722 700 2786; x_wconf 87' lang='lat' dir='ltr'><strong>vineam,</strong></span> <span class='ocrx_word' id='word_1_210' title='bbox 734 2733 787 2779; x_wconf 89' lang='lat' dir='ltr'><strong>et</strong></span> <span class='ocrx_word' id='word_1_211' title='bbox 806 2726 1256 2783; x_wconf 86' lang='lat' dir='ltr'><strong>Ioeavitcolonis.</strong></span> <span class='ocrx_word' id='word_1_212' title='bbox 1296 2746 1314 2779; x_wconf 85' lang='grc'><strong>›</strong></span> <span class='ocrx_word' id='word_1_213' title='bbox 1353 2726 1494 2794; x_wconf 87' lang='lat' dir='ltr'><strong>Quin</strong></span> <span class='ocrx_word' id='word_1_214' title='bbox 1540 2737 1594 2782; x_wconf 85' lang='lat' dir='ltr'><strong>et</strong></span> <span class='ocrx_word' id='word_1_215' title='bbox 1622 2727 1838 2784; x_wconf 85' lang='lat' dir='ltr'><strong>Marcus</strong></span> <span class='ocrx_word' id='word_1_216' title='bbox 1867 2730 1942 2784; x_wconf 87' lang='lat' dir='ltr'><strong>ait</strong></span> <span class='ocrx_word' id='word_1_217' title='bbox 1966 2729 2045 2783; x_wconf 78' lang='grc' dir='ltr'><strong>⁶³τ</strong></span> 
     </span>
    </p>
   </div>
   <div class='ocr_carea' id='block_1_31' title="bbox 463 2816 2049 2891">
    <p class='ocr_par' dir='ltr' id='par_1_31' title="bbox 463 2816 2049 2891">
     <span class='ocr_line' id='line_1_31' title="bbox 463 2816 2049 2891; baseline 0.005 -24"><span class='ocrx_word' id='word_1_218' title='bbox 463 2832 485 2866; x_wconf 76' lang='grc' dir='ltr'>σ</span> <span class='ocrx_word' id='word_1_219' title='bbox 529 2816 752 2871; x_wconf 72' lang='lat' dir='ltr'><strong>Vincam</strong></span> <span class='ocrx_word' id='word_1_220' title='bbox 782 2820 1078 2888; x_wconf 88' lang='lat' dir='ltr'><strong>pastinavit</strong></span> <span class='ocrx_word' id='word_1_221' title='bbox 1102 2822 1267 2876; x_wconf 89' lang='lat' dir='ltr'><strong>homo</strong></span> <span class='ocrx_word' id='word_1_222' title='bbox 1291 2822 1512 2891; x_wconf 88' lang='lat' dir='ltr'><strong>quidam</strong></span> <span class='ocrx_word' id='word_1_223' title='bbox 1535 2863 1548 2887; x_wconf 90' lang='lat'><strong>,</strong></span> <span class='ocrx_word' id='word_1_224' title='bbox 1584 2830 1639 2876; x_wconf 89' lang='lat' dir='ltr'><strong>et</strong></span> <span class='ocrx_word' id='word_1_225' title='bbox 1685 2822 2049 2877; x_wconf 89' lang='lat' dir='ltr'><strong>circumdedit</strong></span> 
     </span>
    </p>
   </div>
   <div class='ocr_carea' id='block_1_32' title="bbox 456 2907 2048 2982">
    <p class='ocr_par' dir='ltr' id='par_1_32' title="bbox 456 2907 2048 2982">
     <span class='ocr_line' id='line_1_32' title="bbox 456 2907 2048 2982; baseline 0.004 -21"><span class='ocrx_word' id='word_1_226' title='bbox 456 2920 664 2975; x_wconf 83' lang='lat' dir='ltr'><strong>sepem.</strong></span> <span class='ocrx_word' id='word_1_227' title='bbox 706 2926 725 2959; x_wconf 75' lang='grc' dir='ltr'>ι</span> <span class='ocrx_word' id='word_1_228' title='bbox 764 2907 1000 2964; x_wconf 86' lang='lat' dir='ltr'><strong>Rursum</strong></span> <span class='ocrx_word' id='word_1_229' title='bbox 1041 2909 1219 2966; x_wconf 85' lang='lat' dir='ltr'><strong>Lucas</strong></span> <span class='ocrx_word' id='word_1_230' title='bbox 1268 2912 1575 2967; x_wconf 88' lang='lat' dir='ltr'><strong>vocationis</strong></span> <span class='ocrx_word' id='word_1_231' title='bbox 1608 2912 1924 2982; x_wconf 88' lang='lat' dir='ltr'><strong>parabolam</strong></span> <span class='ocrx_word' id='word_1_232' title='bbox 1958 2928 2048 2968; x_wconf 78' lang='lat' dir='ltr'><strong>ex-</strong></span> 
     </span>
    </p>
   </div>
   <div class='ocr_carea' id='block_1_33' title="bbox 456 3000 2042 3074">
    <p class='ocr_par' dir='ltr' id='par_1_33' title="bbox 456 3000 2042 3074">
     <span class='ocr_line' id='line_1_33' title="bbox 456 3000 2042 3074; baseline 0.004 -22"><span class='ocrx_word' id='word_1_233' title='bbox 456 3013 688 3071; x_wconf 89' lang='lat' dir='ltr'><strong>ponens,</strong></span> <span class='ocrx_word' id='word_1_234' title='bbox 729 3019 747 3051; x_wconf 74' lang='lat' dir='ltr'><strong>c</strong></span> <span class='ocrx_word' id='word_1_235' title='bbox 785 3000 959 3057; x_wconf 83' lang='lat' dir='ltr'><strong>Homo</strong></span> <span class='ocrx_word' id='word_1_236' title='bbox 988 3002 1233 3073; x_wconf 88' lang='lat' dir='ltr'><strong>quidam,</strong></span> <span class='ocrx_word' id='word_1_237' title='bbox 1279 3024 1296 3055; x_wconf 77' lang='grc' dir='ltr'>ι</span> <span class='ocrx_word' id='word_1_238' title='bbox 1336 3005 1599 3074; x_wconf 79' lang='lat' dir='ltr'><strong>inquit“,</strong></span> <span class='ocrx_word' id='word_1_239' title='bbox 1639 3023 1657 3055; x_wconf 78' lang='grc' dir='ltr'>ι</span> <span class='ocrx_word' id='word_1_240' title='bbox 1692 3004 2042 3061; x_wconf 73' lang='lat' dir='ltr'><strong>fecitcmnam</strong></span> 
     </span>
    </p>
   </div>
   <div class='ocr_carea' id='block_1_34' title="bbox 456 3093 2041 3158">
    <p class='ocr_par' dir='ltr' id='par_1_34' title="bbox 456 3093 2041 3158">
     <span class='ocr_line' id='line_1_34' title="bbox 456 3093 2041 3158; baseline 0.008 -16"><span class='ocrx_word' id='word_1_241' title='bbox 456 3102 733 3158; x_wconf 79' lang='lat' dir='ltr'><strong>magnam,</strong></span> <span class='ocrx_word' id='word_1_242' title='bbox 765 3100 817 3145; x_wconf 92' lang='lat' dir='ltr'><strong>et</strong></span> <span class='ocrx_word' id='word_1_243' title='bbox 842 3093 1055 3147; x_wconf 79' lang='lat' dir='ltr'><strong>vocavit</strong></span> <span class='ocrx_word' id='word_1_244' title='bbox 1082 3094 1303 3151; x_wconf 89' lang='lat' dir='ltr'><strong>multos.</strong></span> <span class='ocrx_word' id='word_1_245' title='bbox 1346 3114 1363 3145; x_wconf 75' lang='grc' dir='ltr'>ι</span> <span class='ocrx_word' id='word_1_246' title='bbox 1404 3094 1483 3149; x_wconf 88' lang='lat' dir='ltr'><strong>Tu</strong></span> <span class='ocrx_word' id='word_1_247' title='bbox 1528 3110 1655 3148; x_wconf 82' lang='lat' dir='ltr'><strong>vero</strong></span> <span class='ocrx_word' id='word_1_248' title='bbox 1689 3095 1805 3150; x_wconf 82' lang='lat' dir='ltr'><strong>loca</strong></span> <span class='ocrx_word' id='word_1_249' title='bbox 1859 3097 2041 3151; x_wconf 86' lang='lat' dir='ltr'><strong>omnia</strong></span> 
     </span>
    </p>
   </div>
   <div class='ocr_carea' id='block_1_35' title="bbox 456 3181 2043 3258">
    <p class='ocr_par' dir='ltr' id='par_1_35' title="bbox 456 3181 2043 3258">
     <span class='ocr_line' id='line_1_35' title="bbox 456 3181 2043 3258; baseline 0.005 -22"><span class='ocrx_word' id='word_1_250' title='bbox 456 3181 720 3253; x_wconf 84' lang='lat' dir='ltr'><strong>colligens</strong></span> <span class='ocrx_word' id='word_1_251' title='bbox 750 3182 801 3238; x_wconf 91' lang='lat' dir='ltr'><strong>in</strong></span> <span class='ocrx_word' id='word_1_252' title='bbox 829 3186 1031 3254; x_wconf 77' lang='lat' dir='ltr'><strong>quibus</strong></span> <span class='ocrx_word' id='word_1_253' title='bbox 1054 3185 1198 3241; x_wconf 87' lang='lat' dir='ltr'><strong>Deus</strong></span> <span class='ocrx_word' id='word_1_254' title='bbox 1229 3187 1394 3241; x_wconf 88' lang='lat' dir='ltr'><strong>homo</strong></span> <span class='ocrx_word' id='word_1_255' title='bbox 1421 3188 1746 3258; x_wconf 88' lang='lat' dir='ltr'><strong>appellatur,</strong></span> <span class='ocrx_word' id='word_1_256' title='bbox 1798 3188 1960 3258; x_wconf 82' lang='lat'><strong>775</strong></span> <span class='ocrx_word' id='word_1_257' title='bbox 1991 3201 2043 3244; x_wconf 93' lang='lat' dir='ltr'><strong>et</strong></span> 
     </span>
    </p>
   </div>
   <div class='ocr_carea' id='block_1_36' title="bbox 454 3275 2043 3349">
    <p class='ocr_par' dir='ltr' id='par_1_36' title="bbox 454 3275 2043 3349">
     <span class='ocr_line' id='line_1_36' title="bbox 454 3275 2043 3349; baseline 0.005 -20"><span class='ocrx_word' id='word_1_258' title='bbox 454 3275 725 3346; x_wconf 84' lang='lat' dir='ltr'><strong>spiritalia</strong></span> <span class='ocrx_word' id='word_1_259' title='bbox 750 3292 874 3332; x_wconf 87' lang='lat' dir='ltr'><strong>cum</strong></span> <span class='ocrx_word' id='word_1_260' title='bbox 914 3277 1254 3347; x_wconf 83' lang='lat' dir='ltr'><strong>spiritalibus</strong></span> <span class='ocrx_word' id='word_1_261' title='bbox 1302 3278 1356 3332; x_wconf 91' lang='lat' dir='ltr'><strong>iu</strong></span> <span class='ocrx_word' id='word_1_262' title='bbox 1400 3280 1521 3348; x_wconf 89' lang='lat' dir='ltr'><strong>ejus</strong></span> <span class='ocrx_word' id='word_1_263' title='bbox 1559 3280 1637 3334; x_wconf 91' lang='lat' dir='ltr'><strong>rei</strong></span> <span class='ocrx_word' id='word_1_264' title='bbox 1672 3280 2043 3349; x_wconf 88' lang='lat' dir='ltr'><strong>disputatione</strong></span> 
     </span>
    </p>
   </div>
   <div class='ocr_carea' id='block_1_37' title="bbox 455 3368 2036 3440">
    <p class='ocr_par' dir='ltr' id='par_1_37' title="bbox 455 3368 2036 3440">
     <span class='ocr_line' id='line_1_37' title="bbox 455 3368 2036 3440; baseline 0.004 -20"><span class='ocrx_word' id='word_1_265' title='bbox 455 3368 812 3432; x_wconf 86' lang='lat' dir='ltr'><strong>contendens,</strong></span> <span class='ocrx_word' id='word_1_266' title='bbox 836 3378 889 3423; x_wconf 89' lang='lat' dir='ltr'><strong>et</strong></span> <span class='ocrx_word' id='word_1_267' title='bbox 920 3385 1043 3440; x_wconf 79' lang='lat' dir='ltr'><strong>qua:</strong></span> <span class='ocrx_word' id='word_1_268' title='bbox 1070 3371 1274 3440; x_wconf 88' lang='lat' dir='ltr'><strong>passim</strong></span> <span class='ocrx_word' id='word_1_269' title='bbox 1306 3371 1654 3440; x_wconf 89' lang='lat' dir='ltr'><strong>reperiuntur</strong></span> <span class='ocrx_word' id='word_1_270' title='bbox 1683 3382 1831 3427; x_wconf 87' lang='lat' dir='ltr'><strong>recte</strong></span> <span class='ocrx_word' id='word_1_271' title='bbox 1860 3375 2036 3429; x_wconf 83' lang='lat' dir='ltr'><strong>discu-</strong></span> 
     </span>
    </p>
   </div>
   <div class='ocr_carea' id='block_1_38' title="bbox 456 3461 2041 3535">
    <p class='ocr_par' dir='ltr' id='par_1_38' title="bbox 456 3461 2041 3535">
     <span class='ocr_line' id='line_1_38' title="bbox 456 3461 2041 3535; baseline 0.003 -20"><span class='ocrx_word' id='word_1_272' title='bbox 456 3461 619 3528; x_wconf 87' lang='lat' dir='ltr'><strong>tiens,</strong></span> <span class='ocrx_word' id='word_1_273' title='bbox 647 3477 747 3533; x_wconf 92' lang='lat' dir='ltr'><strong>pro</strong></span> <span class='ocrx_word' id='word_1_274' title='bbox 769 3461 1172 3535; x_wconf 87' lang='lat' dir='ltr'><strong>disquisitionis</strong></span> <span class='ocrx_word' id='word_1_275' title='bbox 1213 3471 1320 3518; x_wconf 75' lang='lat' dir='ltr'><strong>tua:</strong></span> <span class='ocrx_word' id='word_1_276' title='bbox 1340 3464 1552 3518; x_wconf 89' lang='lat' dir='ltr'><strong>ratione</strong></span> <span class='ocrx_word' id='word_1_277' title='bbox 1574 3464 1743 3517; x_wconf 90' lang='lat' dir='ltr'><strong>multa</strong></span> <span class='ocrx_word' id='word_1_278' title='bbox 1796 3464 2041 3521; x_wconf 90' lang='lat' dir='ltr'><strong>invenies</strong></span> 
     </span>
    </p>
   </div>
   <div class='ocr_carea' id='block_1_39' title="bbox 452 3555 2040 3627">
    <p class='ocr_par' dir='ltr' id='par_1_39' title="bbox 452 3555 2040 3627">
     <span class='ocr_line' id='line_1_39' title="bbox 452 3555 2040 3627; baseline 0.001 -16"><span class='ocrx_word' id='word_1_279' title='bbox 452 3571 620 3625; x_wconf 84' lang='lat' dir='ltr'><strong>super</strong></span> <span class='ocrx_word' id='word_1_280' title='bbox 655 3571 719 3611; x_wconf 92' lang='lat' dir='ltr'><strong>eo</strong></span> <span class='ocrx_word' id='word_1_281' title='bbox 745 3558 889 3627; x_wconf 86' lang='lat' dir='ltr'><strong>quod</strong></span> <span class='ocrx_word' id='word_1_282' title='bbox 926 3555 1069 3611; x_wconf 90' lang='lat' dir='ltr'><strong>Deus</strong></span> <span class='ocrx_word' id='word_1_283' title='bbox 1119 3557 1285 3611; x_wconf 89' lang='lat' dir='ltr'><strong>homo</strong></span> <span class='ocrx_word' id='word_1_284' title='bbox 1329 3564 1694 3626; x_wconf 89' lang='lat' dir='ltr'><strong>nuncupatur.</strong></span> <span class='ocrx_word' id='word_1_285' title='bbox 1737 3555 1836 3611; x_wconf 84' lang='lat' dir='ltr'><strong>llic</strong></span> <span class='ocrx_word' id='word_1_286' title='bbox 1858 3566 2040 3612; x_wconf 89' lang='lat' dir='ltr'><strong>autem</strong></span> 
     </span>
    </p>
   </div>
   <div class='ocr_carea' id='block_1_40' title="bbox 452 3647 2037 3727">
    <p class='ocr_par' dir='ltr' id='par_1_40' title="bbox 452 3647 2037 3727">
     <span class='ocr_line' id='line_1_40' title="bbox 452 3647 2037 3727; baseline 0.001 -25"><span class='ocrx_word' id='word_1_287' title='bbox 452 3648 617 3705; x_wconf 91' lang='lat' dir='ltr'><strong>homo</strong></span> <span class='ocrx_word' id='word_1_288' title='bbox 657 3648 1053 3720; x_wconf 82' lang='lat' dir='ltr'><strong>paterfamilias</strong></span> <span class='ocrx_word' id='word_1_289' title='bbox 1085 3648 1296 3727; x_wconf 81' lang='lat' dir='ltr'><strong>vineam</strong></span> <span class='ocrx_word' id='word_1_290' title='bbox 1334 3647 1620 3721; x_wconf 86' lang='lat' dir='ltr'><strong>plantavit,</strong></span> <span class='ocrx_word' id='word_1_291' title='bbox 1646 3649 1713 3703; x_wconf 92' lang='lat' dir='ltr'><strong>de</strong></span> <span class='ocrx_word' id='word_1_292' title='bbox 1737 3664 1877 3718; x_wconf 88' lang='lat' dir='ltr'><strong>qua,</strong></span> <span class='ocrx_word' id='word_1_293' title='bbox 1928 3664 2037 3703; x_wconf 90' lang='lat' dir='ltr'><strong>non</strong></span> 
     </span>
    </p>
   </div>
   <div class='ocr_carea' id='block_1_41' title="bbox 447 3740 2040 3813">
    <p class='ocr_par' dir='ltr' id='par_1_41' title="bbox 447 3740 2040 3813">
     <span class='ocr_line' id='line_1_41' title="bbox 447 3740 2040 3813; baseline -0.002 -16"><span class='ocrx_word' id='word_1_294' title='bbox 447 3740 657 3812; x_wconf 82' lang='lat' dir='ltr'><strong>absque</strong></span> <span class='ocrx_word' id='word_1_295' title='bbox 689 3743 940 3798; x_wconf 80' lang='lat' dir='ltr'><strong>examine</strong></span> <span class='ocrx_word' id='word_1_296' title='bbox 975 3740 1340 3813; x_wconf 54' lang='lat' dir='ltr'><strong>praetermissa</strong></span> <span class='ocrx_word' id='word_1_297' title='bbox 1376 3748 1528 3797; x_wconf 92' lang='lat' dir='ltr'><strong>tanta</strong></span> <span class='ocrx_word' id='word_1_298' title='bbox 1556 3742 1836 3812; x_wconf 88' lang='lat' dir='ltr'><strong>parabola,</strong></span> <span class='ocrx_word' id='word_1_299' title='bbox 1874 3756 2040 3796; x_wconf 88' lang='lat' dir='ltr'><strong>accu-</strong></span> 
     </span>
    </p>
   </div>
   <div class='ocr_carea' id='block_1_42' title="bbox 447 3833 1165 3904">
    <p class='ocr_par' dir='ltr' id='par_1_42' title="bbox 447 3833 1165 3904">
     <span class='ocr_line' id='line_1_42' title="bbox 447 3833 1165 3904; baseline 0.003 -16"><span class='ocrx_word' id='word_1_300' title='bbox 447 3836 620 3889; x_wconf 78' lang='lat' dir='ltr'><strong>ratius</strong></span> <span class='ocrx_word' id='word_1_301' title='bbox 651 3833 1039 3904; x_wconf 88' lang='lat' dir='ltr'><strong>disputandum</strong></span> <span class='ocrx_word' id='word_1_302' title='bbox 1062 3841 1165 3890; x_wconf 91' lang='lat' dir='ltr'><strong>est.</strong></span> 
     </span>
    </p>
   </div>
   <div class='ocr_carea' id='block_1_43' title="bbox 520 3927 2039 4001">
    <p class='ocr_par' dir='ltr' id='par_1_43' title="bbox 520 3927 2039 4001">
     <span class='ocr_line' id='line_1_43' title="bbox 520 3927 2039 4001; baseline 0.001 -20"><span class='ocrx_word' id='word_1_303' title='bbox 520 3929 573 3982; x_wconf 89' lang='lat'><strong>7.</strong></span> <span class='ocrx_word' id='word_1_304' title='bbox 625 3927 886 3995; x_wconf 63' lang='lat' dir='ltr'><strong>Quaenam</strong></span> <span class='ocrx_word' id='word_1_305' title='bbox 927 3944 1059 4001; x_wconf 79' lang='lat' dir='ltr'><strong>ergo</strong></span> <span class='ocrx_word' id='word_1_306' title='bbox 1085 3929 1244 3984; x_wconf 87' lang='lat' dir='ltr'><strong>vinea</strong></span> <span class='ocrx_word' id='word_1_307' title='bbox 1286 3928 1377 3984; x_wconf 87' lang='lat' dir='ltr'><strong>illa</strong></span> <span class='ocrx_word' id='word_1_308' title='bbox 1414 3938 1516 3999; x_wconf 89' lang='lat' dir='ltr'><strong>est,</strong></span> <span class='ocrx_word' id='word_1_309' title='bbox 1544 3944 1666 4000; x_wconf 63' lang='lat' dir='ltr'><strong>quae</strong></span> <span class='ocrx_word' id='word_1_310' title='bbox 1697 3928 1847 3983; x_wconf 88' lang='lat' dir='ltr'><strong>aliud</strong></span> <span class='ocrx_word' id='word_1_311' title='bbox 1880 3928 2039 3999; x_wconf 87' lang='lat' dir='ltr'><strong>quid—</strong></span> 
     </span>
    </p>
   </div>
   <div class='ocr_carea' id='block_1_44' title="bbox 444 4019 2034 4092">
    <p class='ocr_par' dir='ltr' id='par_1_44' title="bbox 444 4019 2034 4092">
     <span class='ocr_line' id='line_1_44' title="bbox 444 4019 2034 4092; baseline 0.002 -19"><span class='ocrx_word' id='word_1_312' title='bbox 444 4019 588 4091; x_wconf 83' lang='lat' dir='ltr'><strong>piam</strong></span> <span class='ocrx_word' id='word_1_313' title='bbox 617 4029 700 4075; x_wconf 89' lang='lat' dir='ltr'><strong>est</strong></span> <span class='ocrx_word' id='word_1_314' title='bbox 736 4036 901 4090; x_wconf 90' lang='lat' dir='ltr'><strong>quam</strong></span> <span class='ocrx_word' id='word_1_315' title='bbox 933 4021 1093 4091; x_wconf 91' lang='lat' dir='ltr'><strong>primi</strong></span> <span class='ocrx_word' id='word_1_316' title='bbox 1134 4021 1388 4092; x_wconf 71' lang='lat' dir='ltr'><strong>agricola:</strong></span> <span class='ocrx_word' id='word_1_317' title='bbox 1427 4030 1481 4077; x_wconf 88' lang='lat' dir='ltr'><strong>et</strong></span> <span class='ocrx_word' id='word_1_318' title='bbox 1522 4021 1767 4085; x_wconf 88' lang='lat' dir='ltr'><strong>secundi,</strong></span> <span class='ocrx_word' id='word_1_319' title='bbox 1802 4036 2034 4091; x_wconf 67' lang='lat' dir='ltr'><strong>qumque</strong></span> 
     </span>
    </p>
   </div>
   <div class='ocr_carea' id='block_1_45' title="bbox 443 4111 2031 4188">
    <p class='ocr_par' dir='ltr' id='par_1_45' title="bbox 443 4111 2031 4188">
     <span class='ocr_line' id='line_1_45' title="bbox 443 4111 2031 4188; baseline 0 -19"><span class='ocrx_word' id='word_1_320' title='bbox 443 4114 515 4169; x_wconf 87' lang='lat' dir='ltr'><strong>ah</strong></span> <span class='ocrx_word' id='word_1_321' title='bbox 558 4112 776 4169; x_wconf 88' lang='lat' dir='ltr'><strong>homine</strong></span> <span class='ocrx_word' id='word_1_322' title='bbox 816 4111 1209 4186; x_wconf 87' lang='lat' dir='ltr'><strong>patrefamilias</strong></span> <span class='ocrx_word' id='word_1_323' title='bbox 1252 4113 1496 4188; x_wconf 86' lang='lat' dir='ltr'><strong>plantata</strong></span> <span class='ocrx_word' id='word_1_324' title='bbox 1540 4113 1660 4170; x_wconf 82' lang='lat' dir='ltr'><strong>est?</strong></span> <span class='ocrx_word' id='word_1_325' title='bbox 1698 4112 1819 4169; x_wconf 67' lang='lat' dir='ltr'><strong>Haec</strong></span> <span class='ocrx_word' id='word_1_326' title='bbox 1852 4125 2031 4169; x_wconf 90' lang='lat' dir='ltr'><strong>autem</strong></span> 
     </span>
    </p>
   </div>
   <div class='ocr_carea' id='block_1_46' title="bbox 2184 530 3768 603">
    <p class='ocr_par' dir='ltr' id='par_1_46' title="bbox 2184 530 3768 603">
     <span class='ocr_line' id='line_1_46' title="bbox 2184 530 3768 603; baseline -0.003 -17"><span class='ocrx_word' id='word_1_327' title='bbox 2184 535 2357 602; x_wconf 80' lang='grc' dir='ltr'>γάτας</span> <span class='ocrx_word' id='word_1_328' title='bbox 2389 536 2469 596; x_wconf 84' lang='grc' dir='ltr'><strong>εἰς</strong></span> <span class='ocrx_word' id='word_1_329' title='bbox 2487 533 2580 587; x_wconf 85' lang='grc' dir='ltr'>τὸν</span> <span class='ocrx_word' id='word_1_330' title='bbox 2598 533 2897 603; x_wconf 78' lang='grc' dir='ltr'><strong>ἀμπελῶνα</strong></span> <span class='ocrx_word' id='word_1_331' title='bbox 2935 531 3121 585; x_wconf 73' lang='grc' dir='ltr'>αὐτοῦ·</span> <span class='ocrx_word' id='word_1_332' title='bbox 3137 552 3154 583; x_wconf 76' lang='lat' dir='ltr'><strong>i</strong></span> <span class='ocrx_word' id='word_1_333' title='bbox 3186 532 3279 585; x_wconf 74' lang='grc' dir='ltr'>καὶ</span> <span class='ocrx_word' id='word_1_334' title='bbox 3296 531 3371 594; x_wconf 79' lang='grc' dir='ltr'>ὡς</span> <span class='ocrx_word' id='word_1_335' title='bbox 3387 530 3768 598; x_wconf 76' lang='grc' dir='ltr'><strong>οἰκοδεσπότης</strong></span> 
     </span>
    </p>
   </div>
   <div class='ocr_carea' id='block_1_47' title="bbox 2182 622 3768 696">
    <p class='ocr_par' dir='ltr' id='par_1_47' title="bbox 2182 622 3768 696">
     <span class='ocr_line' id='line_1_47' title="bbox 2182 622 3768 696; baseline -0.003 -17"><span class='ocrx_word' id='word_1_336' title='bbox 2182 641 2244 695; x_wconf 87' lang='grc' dir='ltr'><strong>γε</strong></span> <span class='ocrx_word' id='word_1_337' title='bbox 2278 625 2576 696; x_wconf 75' lang='grc' dir='ltr'><strong>ἀμπελῶνα</strong></span> <span class='ocrx_word' id='word_1_338' title='bbox 2601 625 2733 695; x_wconf 77' lang='grc' dir='ltr'>ἔχει,</span> <span class='ocrx_word' id='word_1_339' title='bbox 2767 626 2861 679; x_wconf 60' lang='grc' dir='ltr'><strong>καί⁸</strong></span> <span class='ocrx_word' id='word_1_340' title='bbox 2915 624 3202 696; x_wconf 81' lang='grc' dir='ltr'>μισθοῦται</span> <span class='ocrx_word' id='word_1_341' title='bbox 3234 624 3534 695; x_wconf 79' lang='grc' dir='ltr'>γεωργούς·</span> <span class='ocrx_word' id='word_1_342' title='bbox 3565 622 3679 676; x_wconf 76' lang='grc' dir='ltr'>ἔστι</span> <span class='ocrx_word' id='word_1_343' title='bbox 3710 623 3768 675; x_wconf 77' lang='grc' dir='ltr'>δὲ</span> 
     </span>
    </p>
   </div>
   <div class='ocr_carea' id='block_1_48' title="bbox 2180 710 3767 787">
    <p class='ocr_par' dir='ltr' id='par_1_48' title="bbox 2180 710 3767 787">
     <span class='ocr_line' id='line_1_48' title="bbox 2180 710 3767 787; baseline -0.001 -18"><span class='ocrx_word' id='word_1_344' title='bbox 2180 716 2328 786; x_wconf 75' lang='grc' dir='ltr'>αὐτῷ</span> <span class='ocrx_word' id='word_1_345' title='bbox 2372 716 2467 769; x_wconf 80' lang='grc' dir='ltr'><strong>καί</strong></span> <span class='ocrx_word' id='word_1_346' title='bbox 2501 716 2795 787; x_wconf 77' lang='grc' dir='ltr'>ἐπίτροπος</span> <span class='ocrx_word' id='word_1_347' title='bbox 2832 710 2877 783; x_wconf 82' lang='grc' dir='ltr'>ᾧ</span> <span class='ocrx_word' id='word_1_348' title='bbox 2920 716 3086 784; x_wconf 87' lang='grc' dir='ltr'>λέγει·</span> <span class='ocrx_word' id='word_1_349' title='bbox 3136 734 3152 764; x_wconf 83' lang='grc' dir='ltr'>ι</span> <span class='ocrx_word' id='word_1_350' title='bbox 3180 713 3420 767; x_wconf 75' lang='grc' dir='ltr'><strong>Κάλεσον</strong></span> <span class='ocrx_word' id='word_1_351' title='bbox 3441 716 3565 777; x_wconf 84' lang='grc' dir='ltr'>τοὺς</span> <span class='ocrx_word' id='word_1_352' title='bbox 3597 712 3767 785; x_wconf 76' lang='grc' dir='ltr'>ἐργά-</span> 
     </span>
    </p>
   </div>
   <div class='ocr_carea' id='block_1_49' title="bbox 2178 805 3767 879">
    <p class='ocr_par' dir='ltr' id='par_1_49' title="bbox 2178 805 3767 879">
     <span class='ocr_line' id='line_1_49' title="bbox 2178 805 3767 879; baseline -0.001 -19"><span class='ocrx_word' id='word_1_353' title='bbox 2178 825 2297 871; x_wconf 83' lang='grc' dir='ltr'>τας.</span> <span class='ocrx_word' id='word_1_354' title='bbox 2340 807 2433 859; x_wconf 75' lang='grc' dir='ltr'><strong>καὶ</strong></span> <span class='ocrx_word' id='word_1_355' title='bbox 2484 808 2687 871; x_wconf 81' lang='grc' dir='ltr'>ἀπόδος</span> <span class='ocrx_word' id='word_1_356' title='bbox 2726 809 2819 861; x_wconf 84' lang='grc' dir='ltr'><strong>τὸν</strong></span> <span class='ocrx_word' id='word_1_357' title='bbox 2885 808 3092 879; x_wconf 85' lang='grc' dir='ltr'>μισθὸν,</span> <span class='ocrx_word' id='word_1_358' title='bbox 3144 807 3451 879; x_wconf 78' lang='grc' dir='ltr'>ἀρξάμενος</span> <span class='ocrx_word' id='word_1_359' title='bbox 3509 805 3617 861; x_wconf 80' lang='grc' dir='ltr'>ἀπὸ</span> <span class='ocrx_word' id='word_1_360' title='bbox 3656 805 3767 859; x_wconf 86' lang='grc' dir='ltr'>τῶν</span> 
     </span>
    </p>
   </div>
   <div class='ocr_carea' id='block_1_50' title="bbox 2179 896 3768 970">
    <p class='ocr_par' dir='ltr' id='par_1_50' title="bbox 2179 896 3768 970">
     <span class='ocr_line' id='line_1_50' title="bbox 2179 896 3768 970; baseline -0.001 -18"><span class='ocrx_word' id='word_1_361' title='bbox 2179 901 2424 969; x_wconf 80' lang='grc' dir='ltr'>ἐσχάτων</span> <span class='ocrx_word' id='word_1_362' title='bbox 2456 899 2562 964; x_wconf 75' lang='grc' dir='ltr'>ἕως</span> <span class='ocrx_word' id='word_1_363' title='bbox 2586 900 2692 952; x_wconf 89' lang='grc' dir='ltr'>τῶν</span> <span class='ocrx_word' id='word_1_364' title='bbox 2722 899 2974 970; x_wconf 83' lang='grc' dir='ltr'>πρώτων.</span> <span class='ocrx_word' id='word_1_365' title='bbox 3011 918 3030 951; x_wconf 72' lang='grc' dir='ltr'>ι</span> <span class='ocrx_word' id='word_1_366' title='bbox 3064 899 3150 954; x_wconf 86' lang='grc' dir='ltr'><strong>Ἐν</strong></span> <span class='ocrx_word' id='word_1_367' title='bbox 3180 898 3235 951; x_wconf 66' lang='grc' dir='ltr'>δὲ</span> <span class='ocrx_word' id='word_1_368' title='bbox 3275 900 3339 969; x_wconf 79' lang='grc' dir='ltr'><strong>τῇ</strong></span> <span class='ocrx_word' id='word_1_369' title='bbox 3379 898 3509 969; x_wconf 82' lang='grc' dir='ltr'><strong>περί</strong></span> <span class='ocrx_word' id='word_1_370' title='bbox 3533 897 3627 951; x_wconf 79' lang='grc' dir='ltr'><strong>τοῦ</strong></span> <span class='ocrx_word' id='word_1_371' title='bbox 3657 896 3768 950; x_wconf 84' lang='grc' dir='ltr'>δεί-</span> 
     </span>
    </p>
   </div>
   <div class='ocr_carea' id='block_1_51' title="bbox 2178 988 3764 1063">
    <p class='ocr_par' dir='ltr' id='par_1_51' title="bbox 2178 988 3764 1063">
     <span class='ocr_line' id='line_1_51' title="bbox 2178 988 3764 1063; baseline -0.001 -18"><span class='ocrx_word' id='word_1_372' title='bbox 2178 1009 2310 1045; x_wconf 89' lang='grc' dir='ltr'>πνου</span> <span class='ocrx_word' id='word_1_373' title='bbox 2344 991 2624 1063; x_wconf 80' lang='grc' dir='ltr'>παραϐολῇ</span> <span class='ocrx_word' id='word_1_374' title='bbox 2667 991 2799 1062; x_wconf 78' lang='grc'><strong>(65),</strong></span> <span class='ocrx_word' id='word_1_375' title='bbox 2848 992 2942 1046; x_wconf 71' lang='grc' dir='ltr'><strong>καὶ</strong></span> <span class='ocrx_word' id='word_1_376' title='bbox 2970 990 3078 1044; x_wconf 89' lang='grc' dir='ltr'>τῶν</span> <span class='ocrx_word' id='word_1_377' title='bbox 3110 991 3303 1062; x_wconf 81' lang='grc' dir='ltr'>γάμων</span> <span class='ocrx_word' id='word_1_378' title='bbox 3364 991 3460 1043; x_wconf 80' lang='grc' dir='ltr'><strong>τοῦ</strong></span> <span class='ocrx_word' id='word_1_379' title='bbox 3514 988 3632 1042; x_wconf 85' lang='grc' dir='ltr'><strong>υἰοῦ</strong></span> <span class='ocrx_word' id='word_1_380' title='bbox 3672 988 3764 1043; x_wconf 79' lang='grc' dir='ltr'><strong>αὑ-</strong></span> 
     </span>
    </p>
   </div>
   <div class='ocr_carea' id='block_1_52' title="bbox 2173 1080 3764 1153">
    <p class='ocr_par' dir='ltr' id='par_1_52' title="bbox 2173 1080 3764 1153">
     <span class='ocr_line' id='line_1_52' title="bbox 2173 1080 3764 1153; baseline 0 -18"><span class='ocrx_word' id='word_1_381' title='bbox 2173 1082 2293 1146; x_wconf 77' lang='grc' dir='ltr'>τοῦ,</span> <span class='ocrx_word' id='word_1_382' title='bbox 2320 1084 2415 1136; x_wconf 71' lang='grc' dir='ltr'><strong>καὶ</strong></span> <span class='ocrx_word' id='word_1_383' title='bbox 2450 1083 2549 1153; x_wconf 82' lang='grc' dir='ltr'><strong>τῆς</strong></span> <span class='ocrx_word' id='word_1_384' title='bbox 2574 1082 2843 1153; x_wconf 79' lang='grc' dir='ltr'><strong>κλήσεως,</strong></span> <span class='ocrx_word' id='word_1_385' title='bbox 2892 1083 2994 1135; x_wconf 80' lang='grc' dir='ltr'><strong>οὐκ</strong></span> <span class='ocrx_word' id='word_1_386' title='bbox 3048 1081 3453 1153; x_wconf 86' lang='grc' dir='ltr'>οἰκοδεσπότης,</span> <span class='ocrx_word' id='word_1_387' title='bbox 3497 1080 3631 1135; x_wconf 74' lang='grc' dir='ltr'>ἀλλὰ</span> <span class='ocrx_word' id='word_1_388' title='bbox 3664 1080 3764 1152; x_wconf 77' lang='grc' dir='ltr'><strong>βα-</strong></span> 
     </span>
    </p>
   </div>
   <div class='ocr_carea' id='block_1_53' title="bbox 2175 1174 3759 1247">
    <p class='ocr_par' dir='ltr' id='par_1_53' title="bbox 2175 1174 3759 1247">
     <span class='ocr_line' id='line_1_53' title="bbox 2175 1174 3759 1247; baseline -0.001 -19"><span class='ocrx_word' id='word_1_389' title='bbox 2175 1175 2356 1238; x_wconf 82' lang='grc' dir='ltr'>σιλεὺς</span> <span class='ocrx_word' id='word_1_390' title='bbox 2408 1177 2644 1247; x_wconf 76' lang='grc' dir='ltr'>εἴρηται·</span> <span class='ocrx_word' id='word_1_391' title='bbox 2685 1174 2887 1246; x_wconf 76' lang='grc' dir='ltr'>μείζων</span> <span class='ocrx_word' id='word_1_392' title='bbox 2941 1174 3048 1246; x_wconf 78' lang='grc' dir='ltr'>γὰρ</span> <span class='ocrx_word' id='word_1_393' title='bbox 3101 1175 3133 1245; x_wconf 77' lang='grc' dir='ltr'><strong>ἢ</strong></span> <span class='ocrx_word' id='word_1_394' title='bbox 3180 1174 3564 1243; x_wconf 79' lang='grc' dir='ltr'><strong>οἰκοδεσπότης</strong></span> <span class='ocrx_word' id='word_1_395' title='bbox 3621 1174 3759 1237; x_wconf 76' lang='grc' dir='ltr'>ἐστὶ,</span> 
     </span>
    </p>
   </div>
   <div class='ocr_carea' id='block_1_54' title="bbox 2174 1265 3761 1338">
    <p class='ocr_par' dir='ltr' id='par_1_54' title="bbox 2174 1265 3761 1338">
     <span class='ocr_line' id='line_1_54' title="bbox 2174 1265 3761 1338; baseline -0.002 -18"><span class='ocrx_word' id='word_1_396' title='bbox 2174 1266 2410 1337; x_wconf 84' lang='grc' dir='ltr'><strong>πέμπων</strong></span> <span class='ocrx_word' id='word_1_397' title='bbox 2438 1267 2752 1338; x_wconf 80' lang='grc' dir='ltr'>στράτευμα</span> <span class='ocrx_word' id='word_1_398' title='bbox 2781 1266 2858 1331; x_wconf 84' lang='grc' dir='ltr'>ὡς</span> <span class='ocrx_word' id='word_1_399' title='bbox 2905 1266 3176 1336; x_wconf 81' lang='grc' dir='ltr'>βασιλεὺς,</span> <span class='ocrx_word' id='word_1_400' title='bbox 3208 1266 3300 1319; x_wconf 80' lang='grc' dir='ltr'><strong>καί</strong></span> <span class='ocrx_word' id='word_1_401' title='bbox 3341 1265 3580 1337; x_wconf 78' lang='grc' dir='ltr'>ἀναιρῶν</span> <span class='ocrx_word' id='word_1_402' title='bbox 3631 1267 3761 1329; x_wconf 62' lang='grc' dir='ltr'>τοὺς</span> 
     </span>
    </p>
   </div>
   <div class='ocr_carea' id='block_1_55' title="bbox 2173 1357 3757 1430">
    <p class='ocr_par' dir='ltr' id='par_1_55' title="bbox 2173 1357 3757 1430">
     <span class='ocr_line' id='line_1_55' title="bbox 2173 1357 3757 1430; baseline 0.001 -19"><span class='ocrx_word' id='word_1_403' title='bbox 2173 1360 2556 1430; x_wconf 79' lang='grc' dir='ltr'><strong>κρατήσαντας</strong></span> <span class='ocrx_word' id='word_1_404' title='bbox 2606 1359 2735 1423; x_wconf 83' lang='grc' dir='ltr'>τοὺς</span> <span class='ocrx_word' id='word_1_405' title='bbox 2782 1358 3003 1422; x_wconf 77' lang='grc' dir='ltr'>δούλους</span> <span class='ocrx_word' id='word_1_406' title='bbox 3037 1357 3223 1421; x_wconf 77' lang='grc' dir='ltr'>αὐτοῦ,</span> <span class='ocrx_word' id='word_1_407' title='bbox 3269 1357 3358 1411; x_wconf 79' lang='grc' dir='ltr'><strong>καί</strong></span> <span class='ocrx_word' id='word_1_408' title='bbox 3403 1358 3757 1429; x_wconf 78' lang='grc' dir='ltr'>ὑϐρίσαντας,</span> 
     </span>
    </p>
   </div>
   <div class='ocr_carea' id='block_1_56' title="bbox 2169 1448 3754 1522">
    <p class='ocr_par' dir='ltr' id='par_1_56' title="bbox 2169 1448 3754 1522">
     <span class='ocr_line' id='line_1_56' title="bbox 2169 1448 3754 1522; baseline -0.001 -16"><span class='ocrx_word' id='word_1_409' title='bbox 2169 1452 2262 1506; x_wconf 83' lang='grc' dir='ltr'>καὶ</span> <span class='ocrx_word' id='word_1_410' title='bbox 2297 1452 2726 1515; x_wconf 79' lang='grc' dir='ltr'>ἀποκτείναντας</span> <span class='ocrx_word' id='word_1_411' title='bbox 2765 1452 2980 1514; x_wconf 73' lang='grc' dir='ltr'>αὐτούς·</span> <span class='ocrx_word' id='word_1_412' title='bbox 3020 1452 3115 1505; x_wconf 79' lang='grc' dir='ltr'>καὶ</span> <span class='ocrx_word' id='word_1_413' title='bbox 3139 1453 3195 1503; x_wconf 80' lang='grc' dir='ltr'>ὲν</span> <span class='ocrx_word' id='word_1_414' title='bbox 3234 1448 3487 1522; x_wconf 79' lang='grc' dir='ltr'><strong>βασιλικῇ</strong></span> <span class='ocrx_word' id='word_1_415' title='bbox 3514 1450 3754 1522; x_wconf 72' lang='grc' dir='ltr'>ἐξουσίᾳ,</span> 
     </span>
    </p>
   </div>
   <div class='ocr_carea' id='block_1_57' title="bbox 2169 1538 3758 1616">
    <p class='ocr_par' dir='ltr' id='par_1_57' title="bbox 2169 1538 3758 1616">
     <span class='ocr_line' id='line_1_57' title="bbox 2169 1538 3758 1616; baseline 0.006 -19"><span class='ocrx_word' id='word_1_416' title='bbox 2169 1544 2271 1616; x_wconf 81' lang='grc' dir='ltr'><strong>οὐχ</strong></span> <span class='ocrx_word' id='word_1_417' title='bbox 2297 1544 2375 1610; x_wconf 82' lang='grc' dir='ltr'><strong>ὡς</strong></span> <span class='ocrx_word' id='word_1_418' title='bbox 2402 1544 2789 1613; x_wconf 71' lang='grc' dir='ltr'>οἰκοδεσπότης</span> <span class='ocrx_word' id='word_1_419' title='bbox 2822 1543 3006 1614; x_wconf 85' lang='grc' dir='ltr'>μόνον,</span> <span class='ocrx_word' id='word_1_420' title='bbox 3045 1538 3164 1595; x_wconf 83' lang='grc' dir='ltr'>εἰπε</span> <span class='ocrx_word' id='word_1_421' title='bbox 3220 1544 3333 1605; x_wconf 82' lang='grc' dir='ltr'>τοῖς</span> <span class='ocrx_word' id='word_1_422' title='bbox 3360 1541 3627 1604; x_wconf 80' lang='grc' dir='ltr'>διακόνοις</span> <span class='ocrx_word' id='word_1_423' title='bbox 3662 1540 3758 1612; x_wconf 76' lang='grc' dir='ltr'><strong>δῆ-</strong></span> 
     </span>
    </p>
   </div>
   <div class='ocr_carea' id='block_1_58' title="bbox 2168 1632 3758 1706">
    <p class='ocr_par' dir='ltr' id='par_1_58' title="bbox 2168 1632 3758 1706">
     <span class='ocr_line' id='line_1_58' title="bbox 2168 1632 3758 1706; baseline -0.001 -18"><span class='ocrx_word' id='word_1_424' title='bbox 2168 1652 2259 1691; x_wconf 89' lang='grc' dir='ltr'>σαι</span> <span class='ocrx_word' id='word_1_425' title='bbox 2306 1636 2475 1701; x_wconf 83' lang='grc' dir='ltr'>πόδας</span> <span class='ocrx_word' id='word_1_426' title='bbox 2503 1635 2597 1689; x_wconf 77' lang='grc' dir='ltr'>καὶ</span> <span class='ocrx_word' id='word_1_427' title='bbox 2640 1638 2828 1706; x_wconf 86' lang='grc' dir='ltr'>χεῖρας</span> <span class='ocrx_word' id='word_1_428' title='bbox 2881 1635 2978 1688; x_wconf 82' lang='grc' dir='ltr'>τοῦ</span> <span class='ocrx_word' id='word_1_429' title='bbox 3031 1632 3363 1697; x_wconf 81' lang='grc' dir='ltr'>εἰσελθόντος</span> <span class='ocrx_word' id='word_1_430' title='bbox 3390 1633 3471 1696; x_wconf 90' lang='grc' dir='ltr'><strong>εἰς</strong></span> <span class='ocrx_word' id='word_1_431' title='bbox 3498 1635 3628 1697; x_wconf 82' lang='grc' dir='ltr'>τοὺς</span> <span class='ocrx_word' id='word_1_432' title='bbox 3660 1632 3758 1701; x_wconf 81' lang='grc' dir='ltr'><strong>γά-</strong></span> 
     </span>
    </p>
   </div>
   <div class='ocr_carea' id='block_1_59' title="bbox 2170 1724 3757 1800">
    <p class='ocr_par' dir='ltr' id='par_1_59' title="bbox 2170 1724 3757 1800">
     <span class='ocr_line' id='line_1_59' title="bbox 2170 1724 3757 1800; baseline -0.001 -19"><span class='ocrx_word' id='word_1_433' title='bbox 2170 1746 2325 1799; x_wconf 84' lang='grc' dir='ltr'>μους,</span> <span class='ocrx_word' id='word_1_434' title='bbox 2358 1728 2433 1799; x_wconf 82' lang='grc' dir='ltr'>μὴ</span> <span class='ocrx_word' id='word_1_435' title='bbox 2479 1727 2697 1800; x_wconf 74' lang='grc' dir='ltr'>ἔχοντος</span> <span class='ocrx_word' id='word_1_436' title='bbox 2722 1728 2926 1799; x_wconf 74' lang='grc' dir='ltr'>ἔνδυμα</span> <span class='ocrx_word' id='word_1_437' title='bbox 2954 1727 3157 1798; x_wconf 82' lang='grc' dir='ltr'>γάμου,</span> <span class='ocrx_word' id='word_1_438' title='bbox 3187 1728 3281 1781; x_wconf 80' lang='grc' dir='ltr'><strong>καί</strong></span> <span class='ocrx_word' id='word_1_439' title='bbox 3310 1725 3563 1780; x_wconf 73' lang='grc' dir='ltr'>ἐκϐαλεῖν</span> <span class='ocrx_word' id='word_1_440' title='bbox 3588 1724 3757 1780; x_wconf 61' lang='grc' dir='ltr'>αὐτὸν</span> 
     </span>
    </p>
   </div>
   <div class='ocr_carea' id='block_1_60' title="bbox 2167 1812 3751 1890">
    <p class='ocr_par' dir='ltr' id='par_1_60' title="bbox 2167 1812 3751 1890">
     <span class='ocr_line' id='line_1_60' title="bbox 2167 1812 3751 1890; baseline -0.003 -18"><span class='ocrx_word' id='word_1_441' title='bbox 2167 1819 2247 1882; x_wconf 91' lang='grc' dir='ltr'><strong>εἰς</strong></span> <span class='ocrx_word' id='word_1_442' title='bbox 2271 1818 2333 1872; x_wconf 78' lang='grc' dir='ltr'>τὸ</span> <span class='ocrx_word' id='word_1_443' title='bbox 2365 1817 2631 1890; x_wconf 78' lang='grc' dir='ltr'><strong>ἐξώτερον</strong></span> <span class='ocrx_word' id='word_1_444' title='bbox 2659 1816 2869 1881; x_wconf 81' lang='grc' dir='ltr'>σκότος.</span> <span class='ocrx_word' id='word_1_445' title='bbox 2898 1818 3027 1870; x_wconf 86' lang='grc' dir='ltr'>Ὅτε</span> <span class='ocrx_word' id='word_1_446' title='bbox 3061 1816 3118 1869; x_wconf 78' lang='grc' dir='ltr'>δὲ</span> <span class='ocrx_word' id='word_1_447' title='bbox 3149 1818 3206 1869; x_wconf 79' lang='grc' dir='ltr'><strong>ὲν</strong></span> <span class='ocrx_word' id='word_1_448' title='bbox 3229 1818 3342 1877; x_wconf 81' lang='grc' dir='ltr'>τοῖς</span> <span class='ocrx_word' id='word_1_449' title='bbox 3367 1814 3628 1886; x_wconf 79' lang='grc' dir='ltr'><strong>ἀνωτέρω</strong></span> <span class='ocrx_word' id='word_1_450' title='bbox 3659 1812 3751 1868; x_wconf 53' lang='grc' dir='ltr'>λέν</span> 
     </span>
    </p>
   </div>
   <div class='ocr_carea' id='block_1_61' title="bbox 2164 1904 3751 1982">
    <p class='ocr_par' dir='ltr' id='par_1_61' title="bbox 2164 1904 3751 1982">
     <span class='ocr_line' id='line_1_61' title="bbox 2164 1904 3751 1982; baseline -0.003 -17"><span class='ocrx_word' id='word_1_451' title='bbox 2164 1928 2341 1981; x_wconf 75' lang='grc' dir='ltr'>γεταιο</span> <span class='ocrx_word' id='word_1_452' title='bbox 2385 1931 2403 1963; x_wconf 76' lang='grc' dir='ltr'>ι</span> <span class='ocrx_word' id='word_1_453' title='bbox 2432 1910 2752 1982; x_wconf 82' lang='grc' dir='ltr'>Ἀνθρωπος</span> <span class='ocrx_word' id='word_1_454' title='bbox 2781 1905 2895 1980; x_wconf 73' lang='grc' dir='ltr'>εἶχε</span> <span class='ocrx_word' id='word_1_455' title='bbox 2930 1908 3095 1961; x_wconf 82' lang='grc' dir='ltr'>τέκνα</span> <span class='ocrx_word' id='word_1_456' title='bbox 3123 1906 3270 1969; x_wconf 73' lang='grc' dir='ltr'>δύο.»</span> <span class='ocrx_word' id='word_1_457' title='bbox 3301 1904 3427 1960; x_wconf 73' lang='grc' dir='ltr'>οὔτε</span> <span class='ocrx_word' id='word_1_458' title='bbox 3449 1905 3751 1960; x_wconf 80' lang='grc' dir='ltr'>οἰκοδεσπό-</span> 
     </span>
    </p>
   </div>
   <div class='ocr_carea' id='block_1_62' title="bbox 2162 1997 3748 2076">
    <p class='ocr_par' dir='ltr' id='par_1_62' title="bbox 2162 1997 3748 2076">
     <span class='ocr_line' id='line_1_62' title="bbox 2162 1997 3748 2076; baseline -0.004 -18"><span class='ocrx_word' id='word_1_459' title='bbox 2162 2021 2264 2076; x_wconf 87' lang='grc' dir='ltr'><strong>της</strong></span> <span class='ocrx_word' id='word_1_460' title='bbox 2299 2002 2423 2058; x_wconf 78' lang='grc' dir='ltr'>οὕτε</span> <span class='ocrx_word' id='word_1_461' title='bbox 2452 2002 2704 2074; x_wconf 77' lang='grc' dir='ltr'>βασιλεὺς</span> <span class='ocrx_word' id='word_1_462' title='bbox 2724 2002 3060 2072; x_wconf 80' lang='grc' dir='ltr'>ὠνόμασται,</span> <span class='ocrx_word' id='word_1_463' title='bbox 3086 1998 3201 2052; x_wconf 83' lang='grc' dir='ltr'>ἀλλ’</span> <span class='ocrx_word' id='word_1_464' title='bbox 3232 1998 3421 2063; x_wconf 79' lang='grc' dir='ltr'>ἁπλῶς</span> <span class='ocrx_word' id='word_1_465' title='bbox 3441 1997 3748 2070; x_wconf 73' lang='grc' dir='ltr'>ἄνθρωπτς.</span> 
     </span>
    </p>
   </div>
   <div class='ocr_carea' id='block_1_63' title="bbox 2164 2088 3751 2164">
    <p class='ocr_par' dir='ltr' id='par_1_63' title="bbox 2164 2088 3751 2164">
     <span class='ocr_line' id='line_1_63' title="bbox 2164 2088 3751 2164; baseline -0.004 -15"><span class='ocrx_word' id='word_1_466' title='bbox 2164 2097 2317 2150; x_wconf 82' lang='grc' dir='ltr'>Εἰσὶν</span> <span class='ocrx_word' id='word_1_467' title='bbox 2341 2091 2456 2162; x_wconf 72' lang='grc' dir='ltr'>οὖν,</span> <span class='ocrx_word' id='word_1_468' title='bbox 2487 2094 2678 2164; x_wconf 88' lang='grc' dir='ltr'>ῶσπερ</span> <span class='ocrx_word' id='word_1_469' title='bbox 2700 2092 2892 2146; x_wconf 72' lang='grc' dir='ltr'>πολλαὶ</span> <span class='ocrx_word' id='word_1_470' title='bbox 2921 2092 3154 2146; x_wconf 73' lang='grc' dir='ltr'>ἐπίνοιαι</span> <span class='ocrx_word' id='word_1_471' title='bbox 3180 2090 3274 2144; x_wconf 82' lang='grc' dir='ltr'><strong>τοῦ</strong></span> <span class='ocrx_word' id='word_1_472' title='bbox 3310 2089 3444 2144; x_wconf 81' lang='grc' dir='ltr'>Θεοῦ</span> <span class='ocrx_word' id='word_1_473' title='bbox 3474 2089 3620 2143; x_wconf 78' lang='grc' dir='ltr'>κατὰ</span> <span class='ocrx_word' id='word_1_474' title='bbox 3651 2088 3751 2154; x_wconf 78' lang='grc' dir='ltr'><strong>τὰς</strong></span> 
     </span>
    </p>
   </div>
   <div class='ocr_carea' id='block_1_64' title="bbox 2162 2180 3750 2260">
    <p class='ocr_par' dir='ltr' id='par_1_64' title="bbox 2162 2180 3750 2260">
     <span class='ocr_line' id='line_1_64' title="bbox 2162 2180 3750 2260; baseline -0.006 -18"><span class='ocrx_word' id='word_1_475' title='bbox 2162 2188 2312 2252; x_wconf 83' lang='grc' dir='ltr'>θείας</span> <span class='ocrx_word' id='word_1_476' title='bbox 2337 2186 2583 2260; x_wconf 76' lang='grc' dir='ltr'>Γραφὰς,</span> <span class='ocrx_word' id='word_1_477' title='bbox 2615 2185 2759 2239; x_wconf 75' lang='grc' dir='ltr'>οὕτω</span> <span class='ocrx_word' id='word_1_478' title='bbox 2781 2185 2876 2239; x_wconf 74' lang='grc' dir='ltr'>καὶ</span> <span class='ocrx_word' id='word_1_479' title='bbox 2908 2183 3164 2255; x_wconf 76' lang='grc' dir='ltr'>διαφοραὶ</span> <span class='ocrx_word' id='word_1_480' title='bbox 3195 2182 3289 2236; x_wconf 83' lang='grc' dir='ltr'>τοῦ</span> <span class='ocrx_word' id='word_1_481' title='bbox 3319 2182 3606 2254; x_wconf 73' lang='grc' dir='ltr'>ἄνθρωπον</span> <span class='ocrx_word' id='word_1_482' title='bbox 3652 2180 3750 2234; x_wconf 75' lang='grc' dir='ltr'><strong>αὐ-</strong></span> 
     </span>
    </p>
   </div>
   <div class='ocr_carea' id='block_1_65' title="bbox 2159 2272 3747 2350">
    <p class='ocr_par' dir='ltr' id='par_1_65' title="bbox 2159 2272 3747 2350">
     <span class='ocr_line' id='line_1_65' title="bbox 2159 2272 3747 2350; baseline -0.004 -18"><span class='ocrx_word' id='word_1_483' title='bbox 2159 2280 2253 2333; x_wconf 77' lang='grc' dir='ltr'>τὸν</span> <span class='ocrx_word' id='word_1_484' title='bbox 2308 2278 2698 2350; x_wconf 80' lang='grc' dir='ltr'>ὀνομάζεσθαι,</span> <span class='ocrx_word' id='word_1_485' title='bbox 2749 2278 2868 2349; x_wconf 71' lang='grc' dir='ltr'>ἦτοι</span> <span class='ocrx_word' id='word_1_486' title='bbox 2917 2275 3124 2340; x_wconf 85' lang='grc' dir='ltr'>ἁπλῶς,</span> <span class='ocrx_word' id='word_1_487' title='bbox 3185 2273 3665 2346; x_wconf 77' lang='grc' dir='ltr'>ῆοίκοδεσπότην,</span> <span class='ocrx_word' id='word_1_488' title='bbox 3710 2272 3747 2344; x_wconf 72' lang='grc' dir='ltr'><strong>ἢ</strong></span> 
     </span>
    </p>
   </div>
   <div class='ocr_carea' id='block_1_66' title="bbox 2164 2362 3752 2439">
    <p class='ocr_par' dir='ltr' id='par_1_66' title="bbox 2164 2362 3752 2439">
     <span class='ocr_line' id='line_1_66' title="bbox 2164 2362 3752 2439; baseline -0.004 -16"><span class='ocrx_word' id='word_1_489' title='bbox 2164 2368 2407 2439; x_wconf 81' lang='grc' dir='ltr'><strong>βασιλέα.</strong></span> <span class='ocrx_word' id='word_1_490' title='bbox 2440 2369 2551 2421; x_wconf 76' lang='grc' dir='ltr'><strong>Καὶ</strong></span> <span class='ocrx_word' id='word_1_491' title='bbox 2594 2367 2768 2421; x_wconf 80' lang='grc' dir='ltr'>ταῦτα</span> <span class='ocrx_word' id='word_1_492' title='bbox 2807 2368 2904 2439; x_wconf 80' lang='grc' dir='ltr'>μὲν</span> <span class='ocrx_word' id='word_1_493' title='bbox 2933 2366 3075 2420; x_wconf 81' lang='grc' dir='ltr'>κατὰ</span> <span class='ocrx_word' id='word_1_494' title='bbox 3125 2366 3218 2419; x_wconf 74' lang='grc' dir='ltr'><strong>τὸν</strong></span> <span class='ocrx_word' id='word_1_495' title='bbox 3264 2364 3564 2419; x_wconf 87' lang='grc' dir='ltr'>Ματθαῖον·</span> <span class='ocrx_word' id='word_1_496' title='bbox 3604 2362 3752 2417; x_wconf 86' lang='grc' dir='ltr'>κατὰ</span> 
     </span>
    </p>
   </div>
   <div class='ocr_carea' id='block_1_67' title="bbox 2157 2454 3750 2529">
    <p class='ocr_par' dir='ltr' id='par_1_67' title="bbox 2157 2454 3750 2529">
     <span class='ocr_line' id='line_1_67' title="bbox 2157 2454 3750 2529; baseline -0.004 -16"><span class='ocrx_word' id='word_1_497' title='bbox 2157 2459 2215 2513; x_wconf 81' lang='grc' dir='ltr'><strong>δὲ</strong></span> <span class='ocrx_word' id='word_1_498' title='bbox 2249 2458 2340 2513; x_wconf 86' lang='grc' dir='ltr'>τὸν</span> <span class='ocrx_word' id='word_1_499' title='bbox 2387 2460 2604 2513; x_wconf 81' lang='grc' dir='ltr'>Λουκᾶν</span> <span class='ocrx_word' id='word_1_500' title='bbox 2642 2460 2675 2529; x_wconf 84' lang='grc' dir='ltr'>ἠ</span> <span class='ocrx_word' id='word_1_501' title='bbox 2711 2458 2874 2529; x_wconf 88' lang='grc' dir='ltr'>ὁμοία</span> <span class='ocrx_word' id='word_1_502' title='bbox 2905 2459 2969 2527; x_wconf 81' lang='grc' dir='ltr'>τῇ</span> <span class='ocrx_word' id='word_1_503' title='bbox 3002 2456 3295 2528; x_wconf 78' lang='grc' dir='ltr'>ἐκκειμένῃ</span> <span class='ocrx_word' id='word_1_504' title='bbox 3335 2454 3621 2527; x_wconf 79' lang='grc' dir='ltr'>παραϐολῇ</span> <span class='ocrx_word' id='word_1_505' title='bbox 3655 2454 3750 2508; x_wconf 78' lang='grc' dir='ltr'><strong>ἅν·-</strong></span> 
     </span>
    </p>
   </div>
   <div class='ocr_carea' id='block_1_68' title="bbox 2159 2546 3748 2622">
    <p class='ocr_par' dir='ltr' id='par_1_68' title="bbox 2159 2546 3748 2622">
     <span class='ocr_line' id='line_1_68' title="bbox 2159 2546 3748 2622; baseline -0.003 -18"><span class='ocrx_word' id='word_1_506' title='bbox 2159 2550 2378 2622; x_wconf 84' lang='grc' dir='ltr'>θρωπον</span> <span class='ocrx_word' id='word_1_507' title='bbox 2409 2549 2573 2605; x_wconf 80' lang='grc' dir='ltr'>αὐτὸν</span> <span class='ocrx_word' id='word_1_508' title='bbox 2595 2550 2878 2620; x_wconf 83' lang='grc' dir='ltr'>ὠνόμασεν</span> <span class='ocrx_word' id='word_1_509' title='bbox 2898 2549 2956 2603; x_wconf 76' lang='grc' dir='ltr'>ἐν</span> <span class='ocrx_word' id='word_1_510' title='bbox 2982 2547 3080 2620; x_wconf 81' lang='grc' dir='ltr'><strong>τῷ·</strong></span> <span class='ocrx_word' id='word_1_511' title='bbox 3115 2567 3133 2598; x_wconf 76' lang='grc' dir='ltr'>ι</span> <span class='ocrx_word' id='word_1_512' title='bbox 3161 2546 3481 2618; x_wconf 80' lang='grc' dir='ltr'>Ἀνθρωπος</span> <span class='ocrx_word' id='word_1_513' title='bbox 3515 2548 3748 2616; x_wconf 77' lang='grc' dir='ltr'>ἐφύτευ-</span> 
     </span>
    </p>
   </div>
   <div class='ocr_carea' id='block_1_69' title="bbox 2158 2636 3745 2711">
    <p class='ocr_par' dir='ltr' id='par_1_69' title="bbox 2158 2636 3745 2711">
     <span class='ocr_line' id='line_1_69' title="bbox 2158 2636 3745 2711; baseline -0.001 -18"><span class='ocrx_word' id='word_1_514' title='bbox 2158 2658 2250 2695; x_wconf 86' lang='grc' dir='ltr'>σεν</span> <span class='ocrx_word' id='word_1_515' title='bbox 2278 2641 2598 2711; x_wconf 79' lang='grc' dir='ltr'>ἀμπελῶνα,</span> <span class='ocrx_word' id='word_1_516' title='bbox 2634 2641 2729 2693; x_wconf 73' lang='grc' dir='ltr'>καὶ</span> <span class='ocrx_word' id='word_1_517' title='bbox 2778 2639 2987 2704; x_wconf 74' lang='grc' dir='ltr'>ἐξέδοτο</span> <span class='ocrx_word' id='word_1_518' title='bbox 3019 2640 3185 2694; x_wconf 78' lang='grc' dir='ltr'>αὑτὸν</span> <span class='ocrx_word' id='word_1_519' title='bbox 3214 2640 3535 2710; x_wconf 73' lang='grc' dir='ltr'><strong>γεωργοῖς.»</strong></span> <span class='ocrx_word' id='word_1_520' title='bbox 3581 2636 3745 2691; x_wconf 81' lang='grc' dir='ltr'>Ἀλλὰ</span> 
     </span>
    </p>
   </div>
   <div class='ocr_carea' id='block_1_70' title="bbox 2157 2730 3745 2805">
    <p class='ocr_par' dir='ltr' id='par_1_70' title="bbox 2157 2730 3745 2805">
     <span class='ocr_line' id='line_1_70' title="bbox 2157 2730 3745 2805; baseline -0.001 -19"><span class='ocrx_word' id='word_1_521' title='bbox 2157 2734 2253 2787; x_wconf 72' lang='grc' dir='ltr'>καὶ</span> <span class='ocrx_word' id='word_1_522' title='bbox 2283 2734 2509 2805; x_wconf 82' lang='grc' dir='ltr'>Μάρκος</span> <span class='ocrx_word' id='word_1_523' title='bbox 2549 2732 2733 2804; x_wconf 73' lang='grc' dir='ltr'>φησίνσ</span> <span class='ocrx_word' id='word_1_524' title='bbox 2778 2751 2797 2783; x_wconf 74' lang='grc' dir='ltr'>ι</span> <span class='ocrx_word' id='word_1_525' title='bbox 2826 2731 3143 2799; x_wconf 77' lang='grc' dir='ltr'>Ἄνθρωπός</span> <span class='ocrx_word' id='word_1_526' title='bbox 3191 2748 3277 2795; x_wconf 91' lang='grc' dir='ltr'>τις</span> <span class='ocrx_word' id='word_1_527' title='bbox 3310 2730 3608 2800; x_wconf 77' lang='grc' dir='ltr'>ἐφύτευσεν</span> <span class='ocrx_word' id='word_1_528' title='bbox 3633 2731 3745 2803; x_wconf 75' lang='grc' dir='ltr'><strong>ἀμ-</strong></span> 
     </span>
    </p>
   </div>
   <div class='ocr_carea' id='block_1_71' title="bbox 2154 2821 3745 2897">
    <p class='ocr_par' dir='ltr' id='par_1_71' title="bbox 2154 2821 3745 2897">
     <span class='ocr_line' id='line_1_71' title="bbox 2154 2821 3745 2897; baseline -0.001 -20"><span class='ocrx_word' id='word_1_529' title='bbox 2154 2826 2391 2890; x_wconf 83' lang='grc' dir='ltr'>πελῶνα,</span> <span class='ocrx_word' id='word_1_530' title='bbox 2436 2827 2529 2879; x_wconf 79' lang='grc' dir='ltr'><strong>καί</strong></span> <span class='ocrx_word' id='word_1_531' title='bbox 2563 2824 2886 2897; x_wconf 83' lang='grc' dir='ltr'>περιέθηκεν</span> <span class='ocrx_word' id='word_1_532' title='bbox 2925 2821 3077 2893; x_wconf 85' lang='grc' dir='ltr'>αὐτῷ</span> <span class='ocrx_word' id='word_1_533' title='bbox 3121 2823 3429 2893; x_wconf 74' lang='grc' dir='ltr'>φραγμὸν.»</span> <span class='ocrx_word' id='word_1_534' title='bbox 3484 2823 3653 2877; x_wconf 69' lang='grc' dir='ltr'>Πάλιν</span> <span class='ocrx_word' id='word_1_535' title='bbox 3680 2838 3745 2876; x_wconf 76' lang='grc' dir='ltr'>τε</span> 
     </span>
    </p>
   </div>
   <div class='ocr_carea' id='block_1_72' title="bbox 2154 2913 3743 2990">
    <p class='ocr_par' dir='ltr' id='par_1_72' title="bbox 2154 2913 3743 2990">
     <span class='ocr_line' id='line_1_72' title="bbox 2154 2913 3743 2990; baseline -0.001 -19"><span class='ocrx_word' id='word_1_536' title='bbox 2154 2914 2221 2971; x_wconf 76' lang='grc' dir='ltr'>αὖ</span> <span class='ocrx_word' id='word_1_537' title='bbox 2248 2920 2275 2971; x_wconf 85' lang='grc' dir='ltr'>ὁ</span> <span class='ocrx_word' id='word_1_538' title='bbox 2297 2919 2511 2981; x_wconf 80' lang='grc' dir='ltr'>Λουκᾶς</span> <span class='ocrx_word' id='word_1_539' title='bbox 2538 2918 2636 2990; x_wconf 76' lang='grc' dir='ltr'>τὴν</span> <span class='ocrx_word' id='word_1_540' title='bbox 2673 2918 2773 2988; x_wconf 81' lang='grc' dir='ltr'>τῆς</span> <span class='ocrx_word' id='word_1_541' title='bbox 2818 2915 3066 2985; x_wconf 76' lang='grc' dir='ltr'>κλήσεως</span> <span class='ocrx_word' id='word_1_542' title='bbox 3113 2913 3461 2984; x_wconf 81' lang='grc' dir='ltr'>ἐκτιθέμενος</span> <span class='ocrx_word' id='word_1_543' title='bbox 3498 2914 3743 2987; x_wconf 73' lang='grc' dir='ltr'>παρασο-</span> 
     </span>
    </p>
   </div>
   <div class='ocr_carea' id='block_1_73' title="bbox 2153 3003 3740 3079">
    <p class='ocr_par' dir='ltr' id='par_1_73' title="bbox 2153 3003 3740 3079">
     <span class='ocr_line' id='line_1_73' title="bbox 2153 3003 3740 3079; baseline 0.001 -20"><span class='ocrx_word' id='word_1_544' title='bbox 2153 3006 2276 3079; x_wconf 78' lang='grc' dir='ltr'>λὴν,</span> <span class='ocrx_word' id='word_1_545' title='bbox 2328 3026 2345 3056; x_wconf 74' lang='grc' dir='ltr'>ι</span> <span class='ocrx_word' id='word_1_546' title='bbox 2381 3006 2703 3077; x_wconf 73' lang='grc' dir='ltr'>’Ἄνθρωπός</span> <span class='ocrx_word' id='word_1_547' title='bbox 2762 3022 2902 3070; x_wconf 60' lang='lat' dir='ltr'><strong>sic,»</strong></span> <span class='ocrx_word' id='word_1_548' title='bbox 2960 3004 3145 3075; x_wconf 77' lang='grc' dir='ltr'>φησὶν,</span> <span class='ocrx_word' id='word_1_549' title='bbox 3211 3004 3481 3074; x_wconf 74' lang='grc' dir='ltr'>«ἐποίησε</span> <span class='ocrx_word' id='word_1_550' title='bbox 3526 3003 3740 3061; x_wconf 74' lang='grc' dir='ltr'>δεῖπνον</span> 
     </span>
    </p>
   </div>
   <div class='ocr_carea' id='block_1_74' title="bbox 2155 3093 3739 3168">
    <p class='ocr_par' dir='ltr' id='par_1_74' title="bbox 2155 3093 3739 3168">
     <span class='ocr_line' id='line_1_74' title="bbox 2155 3093 3739 3168; baseline -0.001 -18"><span class='ocrx_word' id='word_1_551' title='bbox 2155 3098 2317 3168; x_wconf 82' lang='grc' dir='ltr'>μέγα,</span> <span class='ocrx_word' id='word_1_552' title='bbox 2350 3097 2444 3149; x_wconf 75' lang='grc' dir='ltr'>καὶ</span> <span class='ocrx_word' id='word_1_553' title='bbox 2469 3095 2693 3149; x_wconf 78' lang='grc' dir='ltr'>ἐκάλεσε</span> <span class='ocrx_word' id='word_1_554' title='bbox 2718 3093 2997 3158; x_wconf 75' lang='grc' dir='ltr'>πολλούς.»</span> <span class='ocrx_word' id='word_1_555' title='bbox 3064 3096 3174 3147; x_wconf 80' lang='grc' dir='ltr'><strong>Καὶ</strong></span> <span class='ocrx_word' id='word_1_556' title='bbox 3207 3095 3271 3147; x_wconf 81' lang='grc' dir='ltr'>σὺ</span> <span class='ocrx_word' id='word_1_557' title='bbox 3299 3093 3377 3157; x_wconf 83' lang='grc' dir='ltr'>δὲ,</span> <span class='ocrx_word' id='word_1_558' title='bbox 3419 3093 3739 3164; x_wconf 81' lang='grc' dir='ltr'>συναγαγὼν</span> 
     </span>
    </p>
   </div>
   <div class='ocr_carea' id='block_1_75' title="bbox 2147 3184 3737 3258">
    <p class='ocr_par' dir='ltr' id='par_1_75' title="bbox 2147 3184 3737 3258">
     <span class='ocr_line' id='line_1_75' title="bbox 2147 3184 3737 3258; baseline 0 -17"><span class='ocrx_word' id='word_1_559' title='bbox 2147 3188 2200 3241; x_wconf 80' lang='grc' dir='ltr'>εἴ</span> <span class='ocrx_word' id='word_1_560' title='bbox 2224 3205 2327 3241; x_wconf 80' lang='grc' dir='ltr'><strong>που</strong></span> <span class='ocrx_word' id='word_1_561' title='bbox 2357 3187 2670 3258; x_wconf 83' lang='grc' dir='ltr'>ὠνόμασται</span> <span class='ocrx_word' id='word_1_562' title='bbox 2707 3185 2996 3255; x_wconf 78' lang='grc' dir='ltr'>ἄνθρωπος</span> <span class='ocrx_word' id='word_1_563' title='bbox 3019 3186 3048 3238; x_wconf 85' lang='grc' dir='ltr'><strong>ὁ</strong></span> <span class='ocrx_word' id='word_1_564' title='bbox 3076 3184 3229 3249; x_wconf 81' lang='grc' dir='ltr'>Θεὸς,</span> <span class='ocrx_word' id='word_1_565' title='bbox 3261 3185 3356 3238; x_wconf 80' lang='grc' dir='ltr'>καὶ</span> <span class='ocrx_word' id='word_1_566' title='bbox 3390 3186 3737 3257; x_wconf 81' lang='grc' dir='ltr'>πνευματικὰ</span> 
     </span>
    </p>
   </div>
   <div class='ocr_carea' id='block_1_76' title="bbox 2147 3264 3737 3351">
    <p class='ocr_par' dir='ltr' id='par_1_76' title="bbox 2147 3264 3737 3351">
     <span class='ocr_line' id='line_1_76' title="bbox 2147 3264 3737 3351; baseline -0.006 -15"><span class='ocrx_word' id='word_1_567' title='bbox 2147 3283 2539 3351; x_wconf 81' lang='grc' dir='ltr'>πνευματικοῖς</span> <span class='ocrx_word' id='word_1_568' title='bbox 2586 3282 2644 3332; x_wconf 85' lang='grc' dir='ltr'>ὲν</span> <span class='ocrx_word' id='word_1_569' title='bbox 2686 3277 2763 3347; x_wconf 84' lang='grc' dir='ltr'>τῷ</span> <span class='ocrx_word' id='word_1_570' title='bbox 2817 3264 2946 3348; x_wconf 82' lang='grc' dir='ltr'><strong>περί</strong></span> <span class='ocrx_word' id='word_1_571' title='bbox 2992 3277 3185 3330; x_wconf 75' lang='grc' dir='ltr'>τούτου</span> <span class='ocrx_word' id='word_1_572' title='bbox 3232 3278 3538 3349; x_wconf 81' lang='grc' dir='ltr'>συγκρίνων</span> <span class='ocrx_word' id='word_1_573' title='bbox 3571 3276 3737 3349; x_wconf 80' lang='grc' dir='ltr'>λόγῳ,</span> 
     </span>
    </p>
   </div>
   <div class='ocr_carea' id='block_1_77' title="bbox 2147 3370 3735 3444">
    <p class='ocr_par' dir='ltr' id='par_1_77' title="bbox 2147 3370 3735 3444">
     <span class='ocr_line' id='line_1_77' title="bbox 2147 3370 3735 3444; baseline -0.003 -16"><span class='ocrx_word' id='word_1_574' title='bbox 2147 3375 2243 3429; x_wconf 68' lang='grc' dir='ltr'>καὶ</span> <span class='ocrx_word' id='word_1_575' title='bbox 2271 3373 2516 3444; x_wconf 75' lang='grc' dir='ltr'>ζητήσας</span> <span class='ocrx_word' id='word_1_576' title='bbox 2544 3371 2721 3444; x_wconf 78' lang='grc' dir='ltr'>ὀρθῶς</span> <span class='ocrx_word' id='word_1_577' title='bbox 2742 3370 2811 3423; x_wconf 82' lang='grc' dir='ltr'>τὰ</span> <span class='ocrx_word' id='word_1_578' title='bbox 2845 3370 2989 3423; x_wconf 78' lang='grc' dir='ltr'>κατὰ</span> <span class='ocrx_word' id='word_1_579' title='bbox 3034 3371 3161 3432; x_wconf 80' lang='grc' dir='ltr'>τοὺς</span> <span class='ocrx_word' id='word_1_580' title='bbox 3192 3370 3409 3434; x_wconf 87' lang='grc' dir='ltr'>τόπους,</span> <span class='ocrx_word' id='word_1_581' title='bbox 3438 3370 3617 3439; x_wconf 76' lang='grc' dir='ltr'>εὕροις</span> <span class='ocrx_word' id='word_1_582' title='bbox 3667 3370 3735 3424; x_wconf 80' lang='grc' dir='ltr'>ἂν</span> 
     </span>
    </p>
   </div>
   <div class='ocr_carea' id='block_1_78' title="bbox 2146 3461 3732 3536">
    <p class='ocr_par' dir='ltr' id='par_1_78' title="bbox 2146 3461 3732 3536">
     <span class='ocr_line' id='line_1_78' title="bbox 2146 3461 3732 3536; baseline -0.006 -16"><span class='ocrx_word' id='word_1_583' title='bbox 2146 3466 2409 3535; x_wconf 81' lang='grc' dir='ltr'>ἀνάλογον</span> <span class='ocrx_word' id='word_1_584' title='bbox 2430 3468 2496 3536; x_wconf 85' lang='grc' dir='ltr'>τῇ</span> <span class='ocrx_word' id='word_1_585' title='bbox 2532 3465 2757 3535; x_wconf 77' lang='grc' dir='ltr'>ζητήσει</span> <span class='ocrx_word' id='word_1_586' title='bbox 2804 3478 2899 3515; x_wconf 91' lang='grc' dir='ltr'><strong>σου</strong></span> <span class='ocrx_word' id='word_1_587' title='bbox 2958 3461 3180 3515; x_wconf 89' lang='grc' dir='ltr'>πλείονα</span> <span class='ocrx_word' id='word_1_588' title='bbox 3232 3464 3313 3526; x_wconf 86' lang='grc' dir='ltr'><strong>εἰς</strong></span> <span class='ocrx_word' id='word_1_589' title='bbox 3339 3462 3400 3514; x_wconf 73' lang='grc' dir='ltr'><strong>τὸ</strong></span> <span class='ocrx_word' id='word_1_590' title='bbox 3445 3461 3732 3532; x_wconf 74' lang='grc' dir='ltr'>ἄνθρωπον</span> 
     </span>
    </p>
   </div>
   <div class='ocr_carea' id='block_1_79' title="bbox 2144 3547 3732 3628">
    <p class='ocr_par' dir='ltr' id='par_1_79' title="bbox 2144 3547 3732 3628">
     <span class='ocr_line' id='line_1_79' title="bbox 2144 3547 3732 3628; baseline -0.004 -16"><span class='ocrx_word' id='word_1_591' title='bbox 2144 3558 2397 3628; x_wconf 86' lang='grc' dir='ltr'>λέγεσθαι</span> <span class='ocrx_word' id='word_1_592' title='bbox 2429 3557 2519 3610; x_wconf 72' lang='grc' dir='ltr'><strong>τὸν</strong></span> <span class='ocrx_word' id='word_1_593' title='bbox 2542 3555 2694 3608; x_wconf 90' lang='grc' dir='ltr'>Θεόν.</span> <span class='ocrx_word' id='word_1_594' title='bbox 2744 3547 2915 3618; x_wconf 74' lang='grc' dir='ltr'>Οὗτος</span> <span class='ocrx_word' id='word_1_595' title='bbox 2973 3553 3028 3606; x_wconf 75' lang='grc' dir='ltr'>δὲ</span> <span class='ocrx_word' id='word_1_596' title='bbox 3056 3554 3351 3622; x_wconf 76' lang='grc' dir='ltr'>ἐφύτευσεν</span> <span class='ocrx_word' id='word_1_597' title='bbox 3372 3556 3401 3607; x_wconf 85' lang='grc' dir='ltr'>ὁ</span> <span class='ocrx_word' id='word_1_598' title='bbox 3420 3553 3732 3606; x_wconf 81' lang='grc' dir='ltr'>οἰκοδεσπό-</span> 
     </span>
    </p>
   </div>
   <div class='ocr_carea' id='block_1_80' title="bbox 2144 3643 3734 3721">
    <p class='ocr_par' dir='ltr' id='par_1_80' title="bbox 2144 3643 3734 3721">
     <span class='ocr_line' id='line_1_80' title="bbox 2144 3643 3734 3721; baseline 0.009 -34"><span class='ocrx_word' id='word_1_599' title='bbox 2144 3668 2243 3721; x_wconf 76' lang='grc' dir='ltr'>της</span> <span class='ocrx_word' id='word_1_600' title='bbox 2278 3650 2564 3721; x_wconf 69' lang='grc' dir='ltr'>ἄνθρωπος</span> <span class='ocrx_word' id='word_1_601' title='bbox 2592 3647 2911 3719; x_wconf 87' lang='grc' dir='ltr'>ἀμπελῶνα,</span> <span class='ocrx_word' id='word_1_602' title='bbox 2955 3648 3135 3700; x_wconf 82' lang='grc' dir='ltr'>ὅντινα</span> <span class='ocrx_word' id='word_1_603' title='bbox 3184 3645 3605 3716; x_wconf 73' lang='grc' dir='ltr'>ἐπιμελέστερον</span> <span class='ocrx_word' id='word_1_604' title='bbox 3638 3643 3734 3715; x_wconf 74' lang='grc' dir='ltr'><strong>ζη-</strong></span> 
     </span>
    </p>
   </div>
   <div class='ocr_carea' id='block_1_81' title="bbox 2143 3738 3736 3814">
    <p class='ocr_par' dir='ltr' id='par_1_81' title="bbox 2143 3738 3736 3814">
     <span class='ocr_line' id='line_1_81' title="bbox 2143 3738 3736 3814; baseline -0.003 -18"><span class='ocrx_word' id='word_1_605' title='bbox 2143 3742 2355 3814; x_wconf 79' lang='grc' dir='ltr'>τητέον,</span> <span class='ocrx_word' id='word_1_606' title='bbox 2386 3741 2459 3813; x_wconf 85' lang='grc' dir='ltr'>μὴ</span> <span class='ocrx_word' id='word_1_607' title='bbox 2492 3739 2871 3803; x_wconf 77' lang='grc' dir='ltr'>ἀϐασανίστως</span> <span class='ocrx_word' id='word_1_608' title='bbox 2902 3739 3307 3809; x_wconf 85' lang='grc' dir='ltr'>παρερχόμενον</span> <span class='ocrx_word' id='word_1_609' title='bbox 3336 3738 3605 3807; x_wconf 60' lang='lat' dir='ltr'><strong>103’an</strong></span> <span class='ocrx_word' id='word_1_610' title='bbox 3633 3756 3736 3791; x_wconf 78' lang='grc' dir='ltr'><strong>παο</strong></span> 
     </span>
    </p>
   </div>
   <div class='ocr_carea' id='block_1_82' title="bbox 2144 3833 2397 3906">
    <p class='ocr_par' dir='ltr' id='par_1_82' title="bbox 2144 3833 2397 3906">
     <span class='ocr_line' id='line_1_82' title="bbox 2144 3833 2397 3906; baseline -0.008 -19"><span class='ocrx_word' id='word_1_611' title='bbox 2144 3833 2397 3906; x_wconf 80' lang='grc' dir='ltr'>ραϐολήν.</span> 
     </span>
    </p>
   </div>
   <div class='ocr_carea' id='block_1_83' title="bbox 2211 3920 3733 3995">
    <p class='ocr_par' dir='ltr' id='par_1_83' title="bbox 2211 3920 3733 3995">
     <span class='ocr_line' id='line_1_83' title="bbox 2211 3920 3733 3995; baseline -0.003 -17"><span class='ocrx_word' id='word_1_612' title='bbox 2211 3926 2307 3990; x_wconf 87' lang='grc' dir='ltr'><strong>Τίς</strong></span> <span class='ocrx_word' id='word_1_613' title='bbox 2334 3923 2429 3979; x_wconf 79' lang='grc' dir='ltr'>οὖν</span> <span class='ocrx_word' id='word_1_614' title='bbox 2454 3927 2482 3978; x_wconf 84' lang='grc' dir='ltr'>ὁ</span> <span class='ocrx_word' id='word_1_615' title='bbox 2512 3921 2792 3995; x_wconf 84' lang='grc' dir='ltr'>ἁμπελὼν,</span> <span class='ocrx_word' id='word_1_616' title='bbox 2818 3923 3002 3994; x_wconf 77' lang='grc' dir='ltr'>ἕτερος</span> <span class='ocrx_word' id='word_1_617' title='bbox 3029 3922 3106 3975; x_wconf 87' lang='grc' dir='ltr'><strong>ῶν</strong></span> <span class='ocrx_word' id='word_1_618' title='bbox 3124 3921 3272 3994; x_wconf 76' lang='grc' dir='ltr'>παρὰ</span> <span class='ocrx_word' id='word_1_619' title='bbox 3297 3923 3423 3985; x_wconf 70' lang='grc' dir='ltr'>τοὺς</span> <span class='ocrx_word' id='word_1_620' title='bbox 3454 3920 3733 3992; x_wconf 72' lang='grc' dir='ltr'>γεωργοὺς</span> 
     </span>
    </p>
   </div>
   <div class='ocr_carea' id='block_1_84' title="bbox 2142 4012 3733 4089">
    <p class='ocr_par' dir='ltr' id='par_1_84' title="bbox 2142 4012 3733 4089">
     <span class='ocr_line' id='line_1_84' title="bbox 2142 4012 3733 4089; baseline -0.004 -17"><span class='ocrx_word' id='word_1_621' title='bbox 2142 4019 2267 4082; x_wconf 78' lang='grc' dir='ltr'>τοὺς</span> <span class='ocrx_word' id='word_1_622' title='bbox 2300 4016 2551 4089; x_wconf 81' lang='grc' dir='ltr'>πρώτους</span> <span class='ocrx_word' id='word_1_623' title='bbox 2592 4017 2688 4069; x_wconf 74' lang='grc' dir='ltr'><strong>καὶ</strong></span> <span class='ocrx_word' id='word_1_624' title='bbox 2744 4016 2871 4079; x_wconf 72' lang='grc' dir='ltr'>τοὺς</span> <span class='ocrx_word' id='word_1_625' title='bbox 2926 4014 3232 4085; x_wconf 82' lang='grc' dir='ltr'>δευτέρους,</span> <span class='ocrx_word' id='word_1_626' title='bbox 3292 4013 3351 4068; x_wconf 80' lang='grc' dir='ltr'><strong>ὃν</strong></span> <span class='ocrx_word' id='word_1_627' title='bbox 3381 4014 3676 4082; x_wconf 76' lang='grc' dir='ltr'>ἐφύτευσεν</span> <span class='ocrx_word' id='word_1_628' title='bbox 3701 4012 3733 4065; x_wconf 84' lang='grc' dir='ltr'><strong>ὁ</strong></span> 
     </span>
    </p>
   </div>
   <div class='ocr_carea' id='block_1_85' title="bbox 2142 4101 3732 4179">
    <p class='ocr_par' dir='ltr' id='par_1_85' title="bbox 2142 4101 3732 4179">
     <span class='ocr_line' id='line_1_85' title="bbox 2142 4101 3732 4179; baseline -0.003 -17"><span class='ocrx_word' id='word_1_629' title='bbox 2142 4106 2530 4177; x_wconf 86' lang='grc' dir='ltr'>οἰκοδεσπότης</span> <span class='ocrx_word' id='word_1_630' title='bbox 2558 4106 2871 4179; x_wconf 53' lang='grc' dir='ltr'>ἄνθρωπος</span> <span class='ocrx_word' id='word_1_631' title='bbox 2906 4106 2967 4158; x_wconf 85' lang='grc'><strong>’0</strong></span> <span class='ocrx_word' id='word_1_632' title='bbox 2994 4105 3053 4159; x_wconf 82' lang='grc' dir='ltr'>δὲ</span> <span class='ocrx_word' id='word_1_633' title='bbox 3085 4104 3349 4175; x_wconf 83' lang='grc' dir='ltr'>ὰμπελὼν</span> <span class='ocrx_word' id='word_1_634' title='bbox 3386 4101 3542 4170; x_wconf 69' lang='grc' dir='ltr'>οὗτος</span> <span class='ocrx_word' id='word_1_635' title='bbox 3597 4104 3732 4174; x_wconf 77' lang='grc' dir='ltr'>πρό-</span> 
     </span>
    </p>
   </div>
   <div class='ocr_carea' id='block_1_86' title="bbox 1651 4240 2508 4304">
    <p class='ocr_par' dir='ltr' id='par_1_86' title="bbox 1651 4240 2508 4304">
     <span class='ocr_line' id='line_1_86' title="bbox 1651 4240 2508 4304; baseline -0.001 -5"><span class='ocrx_word' id='word_1_636' title='bbox 1651 4246 1883 4304; x_wconf 72' lang='lat' dir='ltr'><strong>VETUS</strong></span> <span class='ocrx_word' id='word_1_637' title='bbox 1927 4240 2508 4303; x_wconf 74' lang='lat' dir='ltr'><strong>INTERPRETATIO.</strong></span> 
     </span>
    </p>
   </div>
   <div class='ocr_carea' id='block_1_87' title="bbox 440 4375 3724 4460">
    <p class='ocr_par' dir='ltr' id='par_1_87' title="bbox 440 4375 3724 4460">
     <span class='ocr_line' id='line_1_87' title="bbox 440 4375 3724 4460; baseline -0.004 -16"><span class='ocrx_word' id='word_1_638' title='bbox 440 4387 548 4445; x_wconf 77' lang='lat' dir='ltr'><strong>sibi</strong></span> <span class='ocrx_word' id='word_1_639' title='bbox 585 4384 1265 4460; x_wconf 67' lang='lat' dir='ltr'><strong>doctoribus_.lud_ae_oru_tu</strong></span> <span class='ocrx_word' id='word_1_640' title='bbox 1299 4403 1314 4440; x_wconf 86' lang='lat'><strong>:</strong></span> <span class='ocrx_word' id='word_1_641' title='bbox 1351 4406 1368 4437; x_wconf 78' lang='grc' dir='ltr'>ι</span> <span class='ocrx_word' id='word_1_642' title='bbox 1404 4383 1649 4460; x_wconf 70' lang='lat' dir='ltr'><strong>Tenetur</strong></span> <span class='ocrx_word' id='word_1_643' title='bbox 1676 4400 1706 4439; x_wconf 89' lang='lat' dir='ltr'><strong>a</strong></span> <span class='ocrx_word' id='word_1_644' title='bbox 1731 4385 1892 4460; x_wconf 70' lang='lat' dir='ltr'><strong>vobis</strong></span> <span class='ocrx_word' id='word_1_645' title='bbox 1915 4402 2148 4460; x_wconf 76' lang='lat' dir='ltr'><strong>regnum</strong></span> <span class='ocrx_word' id='word_1_646' title='bbox 2184 4385 2312 4450; x_wconf 90' lang='lat' dir='ltr'><strong>Dei,</strong></span> <span class='ocrx_word' id='word_1_647' title='bbox 2344 4392 2398 4460; x_wconf 77' lang='lat' dir='ltr'><strong>et</strong></span> <span class='ocrx_word' id='word_1_648' title='bbox 2444 4381 2666 4436; x_wconf 87' lang='lat' dir='ltr'><strong>dabitur</strong></span> <span class='ocrx_word' id='word_1_649' title='bbox 2698 4379 2841 4449; x_wconf 81' lang='lat' dir='ltr'><strong>genti</strong></span> <span class='ocrx_word' id='word_1_650' title='bbox 2866 4377 3098 4460; x_wconf 67' lang='lat' dir='ltr'><strong>facienti</strong></span> <span class='ocrx_word' id='word_1_651' title='bbox 3134 4375 3346 4460; x_wconf 78' lang='lat' dir='ltr'><strong>fructus</strong></span> <span class='ocrx_word' id='word_1_652' title='bbox 3393 4391 3544 4460; x_wconf 68' lang='lat' dir='ltr'><strong>suos.</strong></span> <span class='ocrx_word' id='word_1_653' title='bbox 3590 4396 3607 4427; x_wconf 75' lang='grc' dir='ltr'>ι</span> <span class='ocrx_word' id='word_1_654' title='bbox 3642 4375 3724 4459; x_wconf 77' lang='lat' dir='ltr'><strong>A_d</strong></span> 
     </span>
    </p>
   </div>
   <div class='ocr_carea' id='block_1_88' title="bbox 445 4448 3726 4529">
    <p class='ocr_par' dir='ltr' id='par_1_88' title="bbox 445 4448 3726 4529">
     <span class='ocr_line' id='line_1_88' title="bbox 445 4448 3726 4529; baseline -0.003 -19"><span class='ocrx_word' id='word_1_655' title='bbox 445 4473 612 4527; x_wconf 84' lang='lat' dir='ltr'><strong>quam</strong></span> <span class='ocrx_word' id='word_1_656' title='bbox 637 4457 816 4529; x_wconf 79' lang='lat' dir='ltr'><strong>multa</strong></span> <span class='ocrx_word' id='word_1_657' title='bbox 838 4456 965 4529; x_wconf 80' lang='lat' dir='ltr'><strong>quis</strong></span> <span class='ocrx_word' id='word_1_658' title='bbox 988 4454 1250 4529; x_wconf 81' lang='lat' dir='ltr'><strong>spiritalis</strong></span> <span class='ocrx_word' id='word_1_659' title='bbox 1268 4456 1633 4529; x_wconf 82' lang='lat' dir='ltr'><strong>constitutus,</strong></span> <span class='ocrx_word' id='word_1_660' title='bbox 1656 4465 1709 4511; x_wconf 91' lang='lat' dir='ltr'><strong>et</strong></span> <span class='ocrx_word' id='word_1_661' title='bbox 1744 4456 1811 4510; x_wconf 89' lang='lat' dir='ltr'><strong>ad</strong></span> <span class='ocrx_word' id='word_1_662' title='bbox 1841 4448 2186 4529; x_wconf 72' lang='lat' dir='ltr'><strong>discutienda</strong></span> <span class='ocrx_word' id='word_1_663' title='bbox 2218 4448 2404 4508; x_wconf 76' lang='lat' dir='ltr'><strong>ouunia</strong></span> <span class='ocrx_word' id='word_1_664' title='bbox 2447 4460 2672 4522; x_wconf 88' lang='lat' dir='ltr'><strong>paratus</strong></span> <span class='ocrx_word' id='word_1_665' title='bbox 2703 4448 2907 4529; x_wconf 85' lang='lat' dir='ltr'><strong>poterit</strong></span> <span class='ocrx_word' id='word_1_666' title='bbox 2933 4448 3186 4529; x_wconf 73' lang='lat' dir='ltr'><strong>dicere,</strong></span> <span class='ocrx_word' id='word_1_667' title='bbox 3214 4448 3441 4529; x_wconf 84' lang='lat' dir='ltr'><strong>pulsans</strong></span> <span class='ocrx_word' id='word_1_668' title='bbox 3473 4448 3726 4529; x_wconf 69' lang='lat' dir='ltr'><strong>obscuri-</strong></span> 
     </span>
    </p>
   </div>
   <div class='ocr_carea' id='block_1_89' title="bbox 441 4517 3725 4599">
    <p class='ocr_par' dir='ltr' id='par_1_89' title="bbox 441 4517 3725 4599">
     <span class='ocr_line' id='line_1_89' title="bbox 441 4517 3725 4599; baseline -0.004 -16"><span class='ocrx_word' id='word_1_669' title='bbox 441 4517 611 4599; x_wconf 70' lang='lat' dir='ltr'><strong>tatem</strong></span> <span class='ocrx_word' id='word_1_670' title='bbox 633 4527 780 4596; x_wconf 90' lang='lat' dir='ltr'><strong>ejus,</strong></span> <span class='ocrx_word' id='word_1_671' title='bbox 805 4517 969 4599; x_wconf 66' lang='lat' dir='ltr'><strong>idest</strong></span> <span class='ocrx_word' id='word_1_672' title='bbox 998 4517 1201 4581; x_wconf 71' lang='lat' dir='ltr'><strong>ostium</strong></span> <span class='ocrx_word' id='word_1_673' title='bbox 1232 4527 1480 4599; x_wconf 85' lang='lat' dir='ltr'><strong>clausum</strong></span> <span class='ocrx_word' id='word_1_674' title='bbox 1502 4567 1518 4592; x_wconf 98' lang='lat'><strong>,</strong></span> <span class='ocrx_word' id='word_1_675' title='bbox 1564 4517 1627 4599; x_wconf 77' lang='lat' dir='ltr'><strong>et</strong></span> <span class='ocrx_word' id='word_1_676' title='bbox 1653 4541 1906 4599; x_wconf 69' lang='lat' dir='ltr'><strong>quazrcns</strong></span> <span class='ocrx_word' id='word_1_677' title='bbox 1961 4526 2196 4599; x_wconf 54' lang='lat' dir='ltr'><strong>inveniet</strong></span> <span class='ocrx_word' id='word_1_678' title='bbox 2228 4541 2241 4577; x_wconf 94' lang='lat'><strong>:</strong></span> <span class='ocrx_word' id='word_1_679' title='bbox 2285 4517 2481 4599; x_wconf 69' lang='lat' dir='ltr'><strong>ethos</strong></span> <span class='ocrx_word' id='word_1_680' title='bbox 2512 4517 2813 4599; x_wconf 70' lang='lat' dir='ltr'><strong>secundum</strong></span> <span class='ocrx_word' id='word_1_681' title='bbox 2849 4518 3281 4599; x_wconf 62' lang='lat' dir='ltr'><strong>mediocritatem</strong></span> <span class='ocrx_word' id='word_1_682' title='bbox 3319 4528 3569 4599; x_wconf 79' lang='lat' dir='ltr'><strong>nostram</strong></span> <span class='ocrx_word' id='word_1_683' title='bbox 3596 4517 3725 4599; x_wconf 56' lang='lat' dir='ltr'><strong>talia</strong></span> 
     </span>
    </p>
   </div>
   <div class='ocr_carea' id='block_1_90' title="bbox 442 4585 3726 4670">
    <p class='ocr_par' dir='ltr' id='par_1_90' title="bbox 442 4585 3726 4670">
     <span class='ocr_line' id='line_1_90' title="bbox 442 4585 3726 4670; baseline -0.004 -17"><span class='ocrx_word' id='word_1_684' title='bbox 442 4585 797 4670; x_wconf 55' lang='lat' dir='ltr'><strong>su_spica:mu&#39;r</strong></span> <span class='ocrx_word' id='word_1_685' title='bbox 822 4596 878 4650; x_wconf 90' lang='lat' dir='ltr'><strong>in</strong></span> <span class='ocrx_word' id='word_1_686' title='bbox 912 4595 1037 4651; x_wconf 90' lang='lat' dir='ltr'><strong>loco</strong></span> <span class='ocrx_word' id='word_1_687' title='bbox 1065 4614 1080 4651; x_wconf 90' lang='lat'>:</span> <span class='ocrx_word' id='word_1_688' title='bbox 1118 4597 1387 4670; x_wconf 81' lang='lat' dir='ltr'><strong>quoniam</strong></span> <span class='ocrx_word' id='word_1_689' title='bbox 1412 4585 1814 4670; x_wconf 64' lang='lat' dir='ltr'><strong>paterfamilias</strong></span> <span class='ocrx_word' id='word_1_690' title='bbox 1845 4596 2011 4670; x_wconf 84' lang='lat' dir='ltr'><strong>homo</strong></span> <span class='ocrx_word' id='word_1_691' title='bbox 2038 4595 2182 4651; x_wconf 86' lang='lat' dir='ltr'><strong>Deus</strong></span> <span class='ocrx_word' id='word_1_692' title='bbox 2203 4594 2404 4670; x_wconf 73' lang='lat' dir='ltr'><strong>est,__t_l_e</strong></span> <span class='ocrx_word' id='word_1_693' title='bbox 2434 4606 2545 4662; x_wconf 85' lang='lat' dir='ltr'><strong>quo</strong></span> <span class='ocrx_word' id='word_1_694' title='bbox 2573 4591 2845 4670; x_wconf 35' lang='lat' dir='ltr'><strong>scriptum.</strong></span> <span class='ocrx_word' id='word_1_695' title='bbox 2866 4598 2951 4643; x_wconf 88' lang='lat' dir='ltr'><strong>est</strong></span> <span class='ocrx_word' id='word_1_696' title='bbox 2980 4605 2995 4670; x_wconf 68' lang='grc' dir='ltr'>ε</span> <span class='ocrx_word' id='word_1_697' title='bbox 3041 4606 3060 4639; x_wconf 84' lang='grc'><strong><em>‹</em></strong></span> <span class='ocrx_word' id='word_1_698' title='bbox 3094 4587 3456 4670; x_wconf 69' lang='lat' dir='ltr'><strong>Morigeratus</strong></span> <span class='ocrx_word' id='word_1_699' title='bbox 3487 4594 3576 4669; x_wconf 66' lang='lat' dir='ltr'><strong>est</strong></span> <span class='ocrx_word' id='word_1_700' title='bbox 3619 4585 3726 4670; x_wconf 74' lang='lat' dir='ltr'><strong>Do-</strong></span> 
     </span>
    </p>
   </div>
   <div class='ocr_carea' id='block_1_91' title="bbox 441 4657 3726 4738">
    <p class='ocr_par' dir='ltr' id='par_1_91' title="bbox 441 4657 3726 4738">
     <span class='ocr_line' id='line_1_91' title="bbox 441 4657 3726 4738; baseline -0.004 -15"><span class='ocrx_word' id='word_1_701' title='bbox 441 4657 629 4723; x_wconf 71' lang='lat' dir='ltr'><strong>minus</strong></span> <span class='ocrx_word' id='word_1_702' title='bbox 657 4665 802 4722; x_wconf 87' lang='lat' dir='ltr'><strong>Deus</strong></span> <span class='ocrx_word' id='word_1_703' title='bbox 833 4672 997 4738; x_wconf 77' lang='lat' dir='ltr'><strong>tuus,</strong></span> <span class='ocrx_word' id='word_1_704' title='bbox 1025 4657 1486 4738; x_wconf 79' lang='lat' dir='ltr'><strong>quemadmodum</strong></span> <span class='ocrx_word' id='word_1_705' title='bbox 1534 4666 1579 4722; x_wconf 89' lang='lat' dir='ltr'><strong>si</strong></span> <span class='ocrx_word' id='word_1_706' title='bbox 1614 4667 1780 4738; x_wconf 88' lang='lat' dir='ltr'><strong>homo</strong></span> <span class='ocrx_word' id='word_1_707' title='bbox 1828 4667 2254 4738; x_wconf 80' lang='lat' dir='ltr'><strong>morigeraretur</strong></span> <span class='ocrx_word' id='word_1_708' title='bbox 2297 4657 2473 4738; x_wconf 81' lang='lat' dir='ltr'><strong>lilium</strong></span> <span class='ocrx_word' id='word_1_709' title='bbox 2507 4657 2702 4738; x_wconf 53' lang='lat' dir='ltr'><strong>suum.</strong></span> <span class='ocrx_word' id='word_1_710' title='bbox 2733 4680 2756 4738; x_wconf 55' lang='grc' dir='ltr'><strong>ε</strong></span> <span class='ocrx_word' id='word_1_711' title='bbox 2792 4657 2886 4712; x_wconf 76' lang='lat' dir='ltr'><strong>Sic</strong></span> <span class='ocrx_word' id='word_1_712' title='bbox 2910 4658 3056 4713; x_wconf 88' lang='lat' dir='ltr'><strong>enim</strong></span> <span class='ocrx_word' id='word_1_713' title='bbox 3081 4673 3147 4712; x_wconf 91' lang='lat' dir='ltr'><strong>eo</strong></span> <span class='ocrx_word' id='word_1_714' title='bbox 3181 4657 3325 4738; x_wconf 73' lang='lat' dir='ltr'><strong>quod</strong></span> <span class='ocrx_word' id='word_1_715' title='bbox 3348 4658 3726 4738; x_wconf 61' lang='lat' dir='ltr'><strong>morigeratur</strong></span> 
     </span>
    </p>
   </div>
   <div class='ocr_carea' id='block_1_92' title="bbox 444 4728 3726 4806">
    <p class='ocr_par' dir='ltr' id='par_1_92' title="bbox 444 4728 3726 4806">
     <span class='ocr_line' id='line_1_92' title="bbox 444 4728 3726 4806; baseline -0.003 -16"><span class='ocrx_word' id='word_1_716' title='bbox 444 4738 719 4802; x_wconf 85' lang='lat' dir='ltr'><strong>homines,</strong></span> <span class='ocrx_word' id='word_1_717' title='bbox 753 4745 813 4792; x_wconf 92' lang='lat' dir='ltr'><strong>ut</strong></span> <span class='ocrx_word' id='word_1_718' title='bbox 839 4728 1128 4806; x_wconf 77' lang='lat' dir='ltr'><strong>hominum</strong></span> <span class='ocrx_word' id='word_1_719' title='bbox 1164 4735 1451 4806; x_wconf 84' lang='lat' dir='ltr'><strong>prodiflcet</strong></span> <span class='ocrx_word' id='word_1_720' title='bbox 1482 4751 1690 4801; x_wconf 90' lang='lat' dir='ltr'><strong>mores,</strong></span> <span class='ocrx_word' id='word_1_721' title='bbox 1723 4737 1778 4790; x_wconf 93' lang='lat' dir='ltr'><strong>in</strong></span> <span class='ocrx_word' id='word_1_722' title='bbox 1806 4728 2136 4806; x_wconf 54' lang='lat' dir='ltr'><strong>quibusdam</strong></span> <span class='ocrx_word' id='word_1_723' title='bbox 2186 4734 2465 4806; x_wconf 87' lang='lat' dir='ltr'><strong>parabolis</strong></span> <span class='ocrx_word' id='word_1_724' title='bbox 2498 4733 2717 4806; x_wconf 66' lang='lat' dir='ltr'><strong>dicitur</strong></span> <span class='ocrx_word' id='word_1_725' title='bbox 2743 4730 2910 4784; x_wconf 87' lang='lat' dir='ltr'><strong>homo</strong></span> <span class='ocrx_word' id='word_1_726' title='bbox 2940 4728 3459 4806; x_wconf 69' lang='lat' dir='ltr'><strong>._quemadmodum</strong></span> <span class='ocrx_word' id='word_1_727' title='bbox 3492 4728 3538 4782; x_wconf 90' lang='lat' dir='ltr'><strong>si</strong></span> <span class='ocrx_word' id='word_1_728' title='bbox 3572 4737 3726 4797; x_wconf 86' lang='lat' dir='ltr'><strong>pater</strong></span> 
     </span>
    </p>
   </div>
   <div class='ocr_carea' id='block_1_93' title="bbox 439 4797 3722 4883">
    <p class='ocr_par' dir='ltr' id='par_1_93' title="bbox 439 4797 3722 4883">
     <span class='ocr_line' id='line_1_93' title="bbox 439 4797 3722 4883; baseline -0.004 -19"><span class='ocrx_word' id='word_1_729' title='bbox 439 4823 566 4864; x_wconf 88' lang='lat' dir='ltr'><strong>cum</strong></span> <span class='ocrx_word' id='word_1_730' title='bbox 597 4797 827 4883; x_wconf 78' lang='lat' dir='ltr'><strong>parvulo</strong></span> <span class='ocrx_word' id='word_1_731' title='bbox 856 4805 985 4883; x_wconf 86' lang='lat' dir='ltr'><strong>_filio_</strong></span> <span class='ocrx_word' id='word_1_732' title='bbox 1004 4820 1109 4883; x_wconf 81' lang='lat' dir='ltr'><strong>suo</strong></span> <span class='ocrx_word' id='word_1_733' title='bbox 1137 4797 1492 4883; x_wconf 73' lang='lat' dir='ltr'><strong>colloquatur</strong></span> <span class='ocrx_word' id='word_1_734' title='bbox 1512 4797 1768 4883; x_wconf 71' lang='lat' dir='ltr'><strong>infantia,</strong></span> <span class='ocrx_word' id='word_1_735' title='bbox 1799 4797 2281 4883; x_wconf 58' lang='lat' dir='ltr'><strong>ardescendat&#39;ad</strong></span> <span class='ocrx_word' id='word_1_736' title='bbox 2308 4802 2601 4883; x_wconf 53' lang='lat' dir='ltr'><strong>verbalilii</strong></span> <span class='ocrx_word' id='word_1_737' title='bbox 2634 4801 2742 4883; x_wconf 86' lang='lat' dir='ltr'><strong>sui,</strong></span> <span class='ocrx_word' id='word_1_738' title='bbox 2771 4807 2826 4854; x_wconf 88' lang='lat' dir='ltr'><strong>et</strong></span> <span class='ocrx_word' id='word_1_739' title='bbox 2849 4801 3210 4883; x_wconf 69' lang='lat' dir='ltr'><strong>morigeratur</strong></span> <span class='ocrx_word' id='word_1_740' title='bbox 3234 4814 3384 4879; x_wconf 74' lang='lat' dir='ltr'><strong>eum.</strong></span> <span class='ocrx_word' id='word_1_741' title='bbox 3403 4797 3722 4883; x_wconf 60' lang='lat' dir='ltr'><strong>Propterea,</strong></span> 
     </span>
    </p>
   </div>
   <div class='ocr_carea' id='block_1_94' title="bbox 479 4869 3727 4950">
    <p class='ocr_par' dir='ltr' id='par_1_94' title="bbox 479 4869 3727 4950">
     <span class='ocr_line' id='line_1_94' title="bbox 479 4869 3727 4950; baseline -0.002 -20"><span class='ocrx_word' id='word_1_742' title='bbox 479 4869 820 4948; x_wconf 68' lang='lat' dir='ltr'><strong>uto,&#39;omncs</strong></span> <span class='ocrx_word' id='word_1_743' title='bbox 851 4877 1084 4949; x_wconf 73' lang='lat' dir='ltr'><strong>justitia:</strong></span> <span class='ocrx_word' id='word_1_744' title='bbox 1111 4892 1251 4950; x_wconf 89' lang='lat' dir='ltr'><strong>quas</strong></span> <span class='ocrx_word' id='word_1_745' title='bbox 1283 4869 1505 4932; x_wconf 75' lang='lat' dir='ltr'><strong>tradidit</strong></span> <span class='ocrx_word' id='word_1_746' title='bbox 1533 4876 1676 4933; x_wconf 84' lang='lat' dir='ltr'><strong>Deus</strong></span> <span class='ocrx_word' id='word_1_747' title='bbox 1724 4869 2043 4933; x_wconf 79' lang='lat' dir='ltr'><strong>hominibus</strong></span> <span class='ocrx_word' id='word_1_748' title='bbox 2068 4915 2085 4944; x_wconf 90' lang='lat'><strong>,</strong></span> <span class='ocrx_word' id='word_1_749' title='bbox 2123 4877 2280 4947; x_wconf 85' lang='lat' dir='ltr'><strong>quasi</strong></span> <span class='ocrx_word' id='word_1_750' title='bbox 2321 4874 2561 4946; x_wconf 85' lang='lat' dir='ltr'><strong>pueriles</strong></span> <span class='ocrx_word' id='word_1_751' title='bbox 2593 4880 2724 4929; x_wconf 81' lang='lat' dir='ltr'><strong>sunt</strong></span> <span class='ocrx_word' id='word_1_752' title='bbox 2754 4869 3023 4941; x_wconf 85' lang='lat' dir='ltr'><strong>quantum</strong></span> <span class='ocrx_word' id='word_1_753' title='bbox 3067 4869 3137 4924; x_wconf 86' lang='lat' dir='ltr'><strong>ad</strong></span> <span class='ocrx_word' id='word_1_754' title='bbox 3182 4869 3434 4938; x_wconf 85' lang='lat' dir='ltr'><strong>proprias</strong></span> <span class='ocrx_word' id='word_1_755' title='bbox 3478 4869 3727 4938; x_wconf 80' lang='lat' dir='ltr'><strong>justitias</strong></span> 
     </span>
    </p>
   </div>
   <div class='ocr_carea' id='block_1_95' title="bbox 484 4965 554 5004">
    <p class='ocr_par' dir='ltr' id='par_1_95' title="bbox 484 4965 554 5004">
     <span class='ocr_line' id='line_1_95' title="bbox 484 4965 554 5004; baseline -0.014 0"><span class='ocrx_word' id='word_1_756' title='bbox 484 4965 554 5004; x_wconf 80' lang='grc' dir='ltr'>ει.</span> 
     </span>
    </p>
   </div>
   <div class='ocr_carea' id='block_1_96' title="bbox 512 5006 3725 5093">
    <p class='ocr_par' dir='ltr' id='par_1_96' title="bbox 512 5006 3725 5093">
     <span class='ocr_line' id='line_1_96' title="bbox 512 5006 3725 5093; baseline -0.002 -23"><span class='ocrx_word' id='word_1_757' title='bbox 512 5019 565 5075; x_wconf 90' lang='grc'><strong>7.</strong></span> <span class='ocrx_word' id='word_1_758' title='bbox 605 5019 741 5093; x_wconf 66' lang='lat' dir='ltr'><strong>Qua:</strong></span> <span class='ocrx_word' id='word_1_759' title='bbox 769 5034 898 5093; x_wconf 79' lang='lat' dir='ltr'><strong>ergo</strong></span> <span class='ocrx_word' id='word_1_760' title='bbox 922 5020 1194 5093; x_wconf 87' lang='lat' dir='ltr'><strong>est_vinea</strong></span> <span class='ocrx_word' id='word_1_761' title='bbox 1222 5018 1327 5093; x_wconf 73' lang='lat' dir='ltr'><strong>alia</strong></span> <span class='ocrx_word' id='word_1_762' title='bbox 1359 5018 1814 5093; x_wconf 65' lang='lat' dir='ltr'><strong>praetereolonos</strong></span> <span class='ocrx_word' id='word_1_763' title='bbox 1843 5017 2057 5093; x_wconf 71' lang='lat' dir='ltr'><strong>priores</strong></span> <span class='ocrx_word' id='word_1_764' title='bbox 2086 5027 2142 5075; x_wconf 89' lang='lat' dir='ltr'><strong>et</strong></span> <span class='ocrx_word' id='word_1_765' title='bbox 2178 5018 2475 5085; x_wconf 83' lang='lat' dir='ltr'><strong>secundos,</strong></span> <span class='ocrx_word' id='word_1_766' title='bbox 2515 5028 2681 5093; x_wconf 73' lang='lat' dir='ltr'><strong>quam</strong></span> <span class='ocrx_word' id='word_1_767' title='bbox 2707 5009 2973 5093; x_wconf 67' lang='lat' dir='ltr'><strong>plantavit</strong></span> <span class='ocrx_word' id='word_1_768' title='bbox 3001 5007 3436 5093; x_wconf 69' lang='lat' dir='ltr'><strong>paterfamilias?</strong></span> <span class='ocrx_word' id='word_1_769' title='bbox 3456 5006 3595 5093; x_wconf 32' lang='lat' dir='ltr'><strong>‘Qute</strong></span> <span class='ocrx_word' id='word_1_770' title='bbox 3616 5007 3725 5091; x_wconf 74' lang='lat' dir='ltr'><strong>ista</strong></span> 
     </span>
    </p>
   </div>
   <div class='ocr_carea' id='block_1_97' title="bbox 435 5077 3724 5162">
    <p class='ocr_par' dir='ltr' id='par_1_97' title="bbox 435 5077 3724 5162">
     <span class='ocr_line' id='line_1_97' title="bbox 435 5077 3724 5162; baseline -0.004 -17"><span class='ocrx_word' id='word_1_771' title='bbox 435 5077 868 5162; x_wconf 20' lang='lat' dir='ltr'><strong>vinea&#39;primum</strong></span> <span class='ocrx_word' id='word_1_772' title='bbox 898 5091 1122 5161; x_wconf 89' lang='lat' dir='ltr'><strong>quidem</strong></span> <span class='ocrx_word' id='word_1_773' title='bbox 1149 5077 2284 5162; x_wconf 26' lang='lat' dir='ltr'><strong>tradita&#39;est‘injuriosiscolonistpostea</strong></span> <span class='ocrx_word' id='word_1_774' title='bbox 2333 5077 2672 5162; x_wconf 69' lang='lat' dir='ltr'><strong>autem&#39;aliis</strong></span> <span class='ocrx_word' id='word_1_775' title='bbox 2701 5077 2914 5162; x_wconf 45' lang='lat' dir='ltr'><strong>coloris</strong></span> <span class='ocrx_word' id='word_1_776' title='bbox 2952 5077 3282 5162; x_wconf 68' lang='lat' dir='ltr'><strong>facientibus</strong></span> <span class='ocrx_word' id='word_1_777' title='bbox 3331 5078 3724 5162; x_wconf 32' lang='lat' dir='ltr'><strong>fructuﬁmejus.</strong></span> 
     </span>
    </p>
   </div>
   <div class='ocr_carea' id='block_1_98' title="bbox 437 5146 3725 5231">
    <p class='ocr_par' dir='ltr' id='par_1_98' title="bbox 437 5146 3725 5231">
     <span class='ocr_line' id='line_1_98' title="bbox 437 5146 3725 5231; baseline -0.002 -18"><span class='ocrx_word' id='word_1_778' title='bbox 437 5160 492 5216; x_wconf 90' lang='lat' dir='ltr'><strong>in</strong></span> <span class='ocrx_word' id='word_1_779' title='bbox 524 5148 766 5231; x_wconf 79' lang='lat' dir='ltr'><strong>tempore</strong></span> <span class='ocrx_word' id='word_1_780' title='bbox 797 5146 934 5226; x_wconf 61' lang='lat' dir='ltr'><strong>suo:</strong></span> <span class='ocrx_word' id='word_1_781' title='bbox 952 5160 1259 5231; x_wconf 75' lang='lat' dir='ltr'><strong>secundum</strong></span> <span class='ocrx_word' id='word_1_782' title='bbox 1289 5159 1433 5231; x_wconf 78' lang='lat' dir='ltr'><strong>quod</strong></span> <span class='ocrx_word' id='word_1_783' title='bbox 1463 5146 1727 5231; x_wconf 77' lang='lat' dir='ltr'><strong>Dominus</strong></span> <span class='ocrx_word' id='word_1_784' title='bbox 1759 5160 1837 5213; x_wconf 91' lang='lat' dir='ltr'><strong>ait</strong></span> <span class='ocrx_word' id='word_1_785' title='bbox 1868 5176 1880 5213; x_wconf 92' lang='lat'><strong>:</strong></span> <span class='ocrx_word' id='word_1_786' title='bbox 1918 5177 1941 5231; x_wconf 58' lang='grc' dir='ltr'>ι</span> <span class='ocrx_word' id='word_1_787' title='bbox 1969 5146 2266 5214; x_wconf 69' lang='lat' dir='ltr'><strong>Auferetur</strong></span> <span class='ocrx_word' id='word_1_788' title='bbox 2291 5174 2322 5212; x_wconf 87' lang='lat' dir='ltr'><strong>a</strong></span> <span class='ocrx_word' id='word_1_789' title='bbox 2353 5158 2510 5231; x_wconf 68' lang='lat' dir='ltr'><strong>vobis</strong></span> <span class='ocrx_word' id='word_1_790' title='bbox 2538 5170 2764 5231; x_wconf 79' lang='lat' dir='ltr'><strong>regnum</strong></span> <span class='ocrx_word' id='word_1_791' title='bbox 2812 5153 2932 5215; x_wconf 85' lang='lat' dir='ltr'><strong>Dei,</strong></span> <span class='ocrx_word' id='word_1_792' title='bbox 2961 5161 3017 5206; x_wconf 90' lang='lat' dir='ltr'><strong>et</strong></span> <span class='ocrx_word' id='word_1_793' title='bbox 3040 5151 3259 5231; x_wconf 71' lang='lat' dir='ltr'><strong>dabitur</strong></span> <span class='ocrx_word' id='word_1_794' title='bbox 3308 5149 3454 5231; x_wconf 75' lang='lat' dir='ltr'><strong>genti</strong></span> <span class='ocrx_word' id='word_1_795' title='bbox 3483 5146 3725 5231; x_wconf 59' lang='lat' dir='ltr'><strong>facienti</strong></span> 
     </span>
    </p>
   </div>
   <div class='ocr_carea' id='block_1_99' title="bbox 435 5220 3721 5300">
    <p class='ocr_par' dir='ltr' id='par_1_99' title="bbox 435 5220 3721 5300">
     <span class='ocr_line' id='line_1_99' title="bbox 435 5220 3721 5300; baseline -0.004 -14"><span class='ocrx_word' id='word_1_796' title='bbox 435 5220 673 5287; x_wconf 80' lang='lat' dir='ltr'><strong>fructum</strong></span> <span class='ocrx_word' id='word_1_797' title='bbox 703 5230 845 5299; x_wconf 87' lang='lat' dir='ltr'><strong>ejus.</strong></span> <span class='ocrx_word' id='word_1_798' title='bbox 882 5220 919 5281; x_wconf 76' lang='grc' dir='ltr'><strong>ι’</strong></span> <span class='ocrx_word' id='word_1_799' title='bbox 949 5230 1119 5286; x_wconf 86' lang='lat' dir='ltr'><strong>Putas</strong></span> <span class='ocrx_word' id='word_1_800' title='bbox 1144 5245 1275 5298; x_wconf 80' lang='lat' dir='ltr'><strong>ergo</strong></span> <span class='ocrx_word' id='word_1_801' title='bbox 1305 5220 1356 5284; x_wconf 83' lang='lat' dir='ltr'><strong>id</strong></span> <span class='ocrx_word' id='word_1_802' title='bbox 1387 5230 1570 5299; x_wconf 85' lang='lat' dir='ltr'><strong>ipsum</strong></span> <span class='ocrx_word' id='word_1_803' title='bbox 1601 5228 1868 5300; x_wconf 88' lang='lat' dir='ltr'><strong>debemus</strong></span> <span class='ocrx_word' id='word_1_804' title='bbox 1889 5229 2082 5300; x_wconf 86' lang='lat' dir='ltr'><strong>dicere</strong></span> <span class='ocrx_word' id='word_1_805' title='bbox 2119 5243 2346 5300; x_wconf 78' lang='lat' dir='ltr'><strong>regnum</strong></span> <span class='ocrx_word' id='word_1_806' title='bbox 2382 5226 2503 5294; x_wconf 88' lang='lat' dir='ltr'><strong>Dei,</strong></span> <span class='ocrx_word' id='word_1_807' title='bbox 2538 5220 2847 5300; x_wconf 62' lang='lat' dir='ltr'><strong>et&#39;vineam</strong></span> <span class='ocrx_word' id='word_1_808' title='bbox 2868 5236 2991 5300; x_wconf 68' lang='lat' dir='ltr'><strong>quae</strong></span> <span class='ocrx_word' id='word_1_809' title='bbox 3028 5221 3228 5275; x_wconf 86' lang='lat' dir='ltr'><strong>colitur</strong></span> <span class='ocrx_word' id='word_1_810' title='bbox 3254 5236 3286 5274; x_wconf 82' lang='lat' dir='ltr'><strong>a</strong></span> <span class='ocrx_word' id='word_1_811' title='bbox 3318 5220 3538 5300; x_wconf 37' lang='lat' dir='ltr'><strong>colonis.</strong></span> <span class='ocrx_word' id='word_1_812' title='bbox 3560 5220 3721 5300; x_wconf 63' lang='lat' dir='ltr'><strong>prio-</strong></span> 
     </span>
    </p>
   </div>
   <div class='ocr_carea' id='block_1_100' title="bbox 435 5286 3724 5372">
    <p class='ocr_par' dir='ltr' id='par_1_100' title="bbox 435 5286 3724 5372">
     <span class='ocr_line' id='line_1_100' title="bbox 435 5286 3724 5372; baseline -0.005 -17"><span class='ocrx_word' id='word_1_813' title='bbox 435 5286 586 5356; x_wconf 80' lang='lat' dir='ltr'><strong>ribus</strong></span> <span class='ocrx_word' id='word_1_814' title='bbox 620 5312 674 5357; x_wconf 87' lang='lat' dir='ltr'><strong>et</strong></span> <span class='ocrx_word' id='word_1_815' title='bbox 704 5286 867 5355; x_wconf 59' lang='lat' dir='ltr'><strong>d&#39;atur</strong></span> <span class='ocrx_word' id='word_1_816' title='bbox 893 5301 1048 5357; x_wconf 86' lang='lat' dir='ltr'><strong>alteri</strong></span> <span class='ocrx_word' id='word_1_817' title='bbox 1081 5286 1264 5372; x_wconf 63' lang='lat' dir='ltr'><strong>genti?</strong></span> <span class='ocrx_word' id='word_1_818' title='bbox 1296 5286 1576 5372; x_wconf 59' lang='lat' dir='ltr'><strong>Aut&#39;aliud</strong></span> <span class='ocrx_word' id='word_1_819' title='bbox 1607 5299 1827 5372; x_wconf 84' lang='lat' dir='ltr'><strong>quidem</strong></span> <span class='ocrx_word' id='word_1_820' title='bbox 1866 5299 2133 5372; x_wconf 79' lang='lat' dir='ltr'><strong>debemus</strong></span> <span class='ocrx_word' id='word_1_821' title='bbox 2157 5286 2745 5372; x_wconf 48' lang='lat' dir='ltr'><strong>euxistimare&#39;vincem,</strong></span> <span class='ocrx_word' id='word_1_822' title='bbox 2780 5286 2928 5372; x_wconf 71' lang='lat' dir='ltr'><strong>aliud</strong></span> <span class='ocrx_word' id='word_1_823' title='bbox 2958 5300 3139 5372; x_wconf 76' lang='lat' dir='ltr'><strong>autem</strong></span> <span class='ocrx_word' id='word_1_824' title='bbox 3177 5304 3405 5371; x_wconf 68' lang='lat' dir='ltr'><strong>regnum</strong></span> <span class='ocrx_word' id='word_1_825' title='bbox 3447 5288 3583 5344; x_wconf 81' lang='lat' dir='ltr'><strong>Dei?</strong></span> <span class='ocrx_word' id='word_1_826' title='bbox 3631 5286 3724 5345; x_wconf 78' lang='lat' dir='ltr'><strong>Vi-</strong></span> 
     </span>
    </p>
   </div>
   <div class='ocr_carea' id='block_1_101' title="bbox 433 5364 3721 5445">
    <p class='ocr_par' dir='ltr' id='par_1_101' title="bbox 433 5364 3721 5445">
     <span class='ocr_line' id='line_1_101' title="bbox 433 5364 3721 5445; baseline -0.004 -16"><span class='ocrx_word' id='word_1_827' title='bbox 433 5375 661 5429; x_wconf 85' lang='lat' dir='ltr'><strong>deamus</strong></span> <span class='ocrx_word' id='word_1_828' title='bbox 686 5387 818 5445; x_wconf 79' lang='lat' dir='ltr'><strong>ergo</strong></span> <span class='ocrx_word' id='word_1_829' title='bbox 852 5364 1408 5445; x_wconf 58' lang='lat' dir='ltr'><strong>primum&#39;probantes</strong></span> <span class='ocrx_word' id='word_1_830' title='bbox 1436 5371 1504 5425; x_wconf 88' lang='lat' dir='ltr'><strong>de</strong></span> <span class='ocrx_word' id='word_1_831' title='bbox 1538 5364 1861 5437; x_wconf 78' lang='lat' dir='ltr'><strong>Scripturis,</strong></span> <span class='ocrx_word' id='word_1_832' title='bbox 1905 5369 2167 5438; x_wconf 90' lang='lat' dir='ltr'><strong>quoniam</strong></span> <span class='ocrx_word' id='word_1_833' title='bbox 2200 5368 2355 5422; x_wconf 71' lang='lat' dir='ltr'><strong>vinea</strong></span> <span class='ocrx_word' id='word_1_834' title='bbox 2396 5368 2700 5437; x_wconf 80' lang='lat' dir='ltr'><strong>appellatur</strong></span> <span class='ocrx_word' id='word_1_835' title='bbox 2727 5364 2981 5433; x_wconf 84' lang='lat' dir='ltr'><strong>populus,</strong></span> <span class='ocrx_word' id='word_1_836' title='bbox 3020 5364 3065 5416; x_wconf 87' lang='lat' dir='ltr'><strong>si</strong></span> <span class='ocrx_word' id='word_1_837' title='bbox 3114 5364 3299 5415; x_wconf 87' lang='lat' dir='ltr'><strong>omnia</strong></span> <span class='ocrx_word' id='word_1_838' title='bbox 3352 5364 3472 5429; x_wconf 88' lang='lat' dir='ltr'><strong>ejus</strong></span> <span class='ocrx_word' id='word_1_839' title='bbox 3521 5374 3721 5416; x_wconf 84' lang='lat' dir='ltr'><strong>secun-</strong></span> 
     </span>
    </p>
   </div>
   <div class='ocr_carea' id='block_1_102' title="bbox 503 5503 3716 5581">
    <p class='ocr_par' dir='ltr' id='par_1_102' title="bbox 503 5503 3716 5581">
     <span class='ocr_line' id='line_1_102' title="bbox 503 5503 3716 5581; baseline -0.004 -10"><span class='ocrx_word' id='word_1_840' title='bbox 503 5516 549 5553; x_wconf 73' lang='grc'><strong>⁸³</strong></span> <span class='ocrx_word' id='word_1_841' title='bbox 578 5516 746 5573; x_wconf 79' lang='lat' dir='ltr'><strong>Matth</strong></span> <span class='ocrx_word' id='word_1_842' title='bbox 792 5534 885 5581; x_wconf 75' lang='lat' dir='ltr'><strong>xx,</strong></span> <span class='ocrx_word' id='word_1_843' title='bbox 914 5518 969 5572; x_wconf 89' lang='lat'><strong>8.</strong></span> <span class='ocrx_word' id='word_1_844' title='bbox 1046 5517 1090 5547; x_wconf 77' lang='grc'><strong>⁶⁰</strong></span> <span class='ocrx_word' id='word_1_845' title='bbox 1121 5514 1308 5569; x_wconf 82' lang='lat' dir='ltr'><strong>Matth.</strong></span> <span class='ocrx_word' id='word_1_846' title='bbox 1340 5528 1476 5579; x_wconf 60' lang='grc' dir='ltr'>χχιι,</span> <span class='ocrx_word' id='word_1_847' title='bbox 1497 5512 1552 5566; x_wconf 72' lang='lat'><strong>2.</strong></span> <span class='ocrx_word' id='word_1_848' title='bbox 1632 5512 1674 5544; x_wconf 84' lang='lat'>“</span> <span class='ocrx_word' id='word_1_849' title='bbox 1702 5511 1895 5568; x_wconf 82' lang='lat' dir='ltr'><strong>Matth.</strong></span> <span class='ocrx_word' id='word_1_850' title='bbox 1922 5527 2036 5579; x_wconf 60' lang='lat' dir='ltr'><strong>xxi,</strong></span> <span class='ocrx_word' id='word_1_851' title='bbox 2059 5509 2149 5565; x_wconf 74' lang='lat'><strong>28.</strong></span> <span class='ocrx_word' id='word_1_852' title='bbox 2228 5511 2272 5541; x_wconf 73' lang='lat'><strong>“’</strong></span> <span class='ocrx_word' id='word_1_853' title='bbox 2299 5511 2432 5568; x_wconf 92' lang='lat' dir='ltr'><strong>Luc.</strong></span> <span class='ocrx_word' id='word_1_854' title='bbox 2461 5528 2553 5577; x_wconf 74' lang='lat' dir='ltr'><strong>xx,</strong></span> <span class='ocrx_word' id='word_1_855' title='bbox 2587 5511 2639 5565; x_wconf 87' lang='lat'><strong>9.</strong></span> <span class='ocrx_word' id='word_1_856' title='bbox 2717 5509 2762 5541; x_wconf 78' lang='grc'>⁸³</span> <span class='ocrx_word' id='word_1_857' title='bbox 2788 5508 2957 5563; x_wconf 85' lang='lat' dir='ltr'><strong>Mare.</strong></span> <span class='ocrx_word' id='word_1_858' title='bbox 2992 5522 3091 5573; x_wconf 79' lang='lat' dir='ltr'><strong>xu,</strong></span> <span class='ocrx_word' id='word_1_859' title='bbox 3124 5508 3171 5560; x_wconf 91' lang='lat' dir='ltr'><strong>l.</strong></span> <span class='ocrx_word' id='word_1_860' title='bbox 3250 5505 3295 5538; x_wconf 69' lang='grc'><strong>⁸⁸</strong></span> <span class='ocrx_word' id='word_1_861' title='bbox 3326 5504 3457 5560; x_wconf 81' lang='lat' dir='ltr'><strong>Luc.</strong></span> <span class='ocrx_word' id='word_1_862' title='bbox 3489 5519 3599 5570; x_wconf 74' lang='lat' dir='ltr'><strong>xlv,</strong></span> <span class='ocrx_word' id='word_1_863' title='bbox 3630 5503 3716 5558; x_wconf 88' lang='lat' dir='ltr'><strong>l6.</strong></span> 
     </span>
    </p>
   </div>
   <div class='ocr_carea' id='block_1_103' title="bbox 2137 5629 3761 5704">
    <p class='ocr_par' dir='ltr' id='par_1_103' title="bbox 2137 5629 3761 5704">
     <span class='ocr_line' id='line_1_103' title="bbox 2137 5629 3761 5704; baseline -0.007 -14"><span class='ocrx_word' id='word_1_864' title='bbox 2137 5637 2351 5690; x_wconf 83' lang='grc' dir='ltr'>δεῖπνον</span> <span class='ocrx_word' id='word_1_865' title='bbox 2382 5635 2594 5704; x_wconf 85' lang='lat' dir='ltr'><strong>quippe</strong></span> <span class='ocrx_word' id='word_1_866' title='bbox 2614 5647 2749 5704; x_wconf 72' lang='lat' dir='ltr'><strong>cum</strong></span> <span class='ocrx_word' id='word_1_867' title='bbox 2770 5629 3266 5704; x_wconf 65' lang='lat' dir='ltr'><strong>a&#39;zp_Ec-:zp__coufu_mli</strong></span> <span class='ocrx_word' id='word_1_868' title='bbox 3302 5630 3495 5704; x_wconf 66' lang='lat' dir='ltr'><strong>docent</strong></span> <span class='ocrx_word' id='word_1_869' title='bbox 3526 5640 3718 5695; x_wconf 75' lang='lat' dir='ltr'><strong>gram-</strong></span> <span class='ocrx_word' id='word_1_870' title='bbox 3746 5688 3761 5693; x_wconf 92' lang='lat'><em>_</em></span> 
     </span>
    </p>
   </div>
   <div class='ocr_carea' id='block_1_104' title="bbox 503 5629 2023 5704">
    <p class='ocr_par' dir='ltr' id='par_1_104' title="bbox 503 5629 2023 5704">
     <span class='ocr_line' id='line_1_104' title="bbox 503 5629 2023 5704; baseline -0.002 -16"><span class='ocrx_word' id='word_1_871' title='bbox 503 5635 619 5703; x_wconf 69' lang='lat'><strong>(65)</strong></span> <span class='ocrx_word' id='word_1_872' title='bbox 682 5636 779 5687; x_wconf 76' lang='grc' dir='ltr'><strong>Ἐν</strong></span> <span class='ocrx_word' id='word_1_873' title='bbox 824 5636 891 5689; x_wconf 79' lang='grc' dir='ltr'>δὲ</span> <span class='ocrx_word' id='word_1_874' title='bbox 942 5635 1016 5704; x_wconf 73' lang='grc' dir='ltr'><strong>τῇ</strong></span> <span class='ocrx_word' id='word_1_875' title='bbox 1058 5636 1188 5703; x_wconf 73' lang='grc' dir='ltr'>περὶ</span> <span class='ocrx_word' id='word_1_876' title='bbox 1240 5634 1346 5687; x_wconf 80' lang='grc' dir='ltr'><strong>τοῦ</strong></span> <span class='ocrx_word' id='word_1_877' title='bbox 1385 5635 1634 5704; x_wconf 72' lang='grc' dir='ltr'>δείπνου</span> <span class='ocrx_word' id='word_1_878' title='bbox 1688 5629 2023 5704; x_wconf 67' lang='grc' dir='ltr'><strong>παραϐολῇ.</strong></span> 
     </span>
    </p>
   </div>
   <div class='ocr_carea' id='block_1_105' title="bbox 2135 5697 3644 5775">
    <p class='ocr_par' dir='ltr' id='par_1_105' title="bbox 2135 5697 3644 5775">
     <span class='ocr_line' id='line_1_105' title="bbox 2135 5697 3644 5775; baseline -0.005 -14"><span class='ocrx_word' id='word_1_879' title='bbox 2135 5708 2339 5771; x_wconf 85' lang='lat' dir='ltr'><strong>matici,</strong></span> <span class='ocrx_word' id='word_1_880' title='bbox 2369 5697 2691 5775; x_wconf 40' lang='lat' dir='ltr'><strong>Hrslvchins,</strong></span> <span class='ocrx_word' id='word_1_881' title='bbox 2717 5697 3344 5772; x_wconf 37' lang='lat' dir='ltr'><strong>Sui-das,&#39;l§tymologus.</strong></span> <span class='ocrx_word' id='word_1_882' title='bbox 3375 5697 3644 5755; x_wconf 64' lang='lat' dir='ltr'><strong>liuentis.</strong></span> 
     </span>
    </p>
   </div>
   <div class='ocr_carea' id='block_1_106' title="bbox 433 5702 2022 5775">
    <p class='ocr_par' dir='ltr' id='par_1_106' title="bbox 433 5702 2022 5775">
     <span class='ocr_line' id='line_1_106' title="bbox 433 5702 2022 5775; baseline 0.003 -21"><span class='ocrx_word' id='word_1_883' title='bbox 433 5702 607 5770; x_wconf 79' lang='lat' dir='ltr'><strong>Quod</strong></span> <span class='ocrx_word' id='word_1_884' title='bbox 635 5707 855 5775; x_wconf 80' lang='grc' dir='ltr'>ἄριστον</span> <span class='ocrx_word' id='word_1_885' title='bbox 902 5702 1093 5760; x_wconf 78' lang='lat' dir='ltr'><strong>Matth.</strong></span> <span class='ocrx_word' id='word_1_886' title='bbox 1132 5702 1282 5769; x_wconf 21' lang='lat' dir='ltr'><strong>’xxu,</strong></span> <span class='ocrx_word' id='word_1_887' title='bbox 1318 5705 1382 5769; x_wconf 73' lang='grc'>4,</span> <span class='ocrx_word' id='word_1_888' title='bbox 1436 5705 1567 5758; x_wconf 87' lang='lat' dir='ltr'><strong>illud</strong></span> <span class='ocrx_word' id='word_1_889' title='bbox 1603 5703 1761 5775; x_wconf 66' lang='lat' dir='ltr'><strong>idem</strong></span> <span class='ocrx_word' id='word_1_890' title='bbox 1806 5702 2022 5775; x_wconf 83' lang='grc' dir='ltr'>δεῖπνον</span> 
     </span>
    </p>
   </div>
   <div class='ocr_carea' id='block_1_107' title="bbox 432 5772 2015 5847">
    <p class='ocr_par' dir='ltr' id='par_1_107' title="bbox 432 5772 2015 5847">
     <span class='ocr_line' id='line_1_107' title="bbox 432 5772 2015 5847; baseline -0.001 -20"><span class='ocrx_word' id='word_1_891' title='bbox 432 5772 686 5843; x_wconf 64' lang='lat' dir='ltr'><strong>Appellat</strong></span> <span class='ocrx_word' id='word_1_892' title='bbox 706 5774 988 5843; x_wconf 76' lang='lat' dir='ltr'><strong>Origenes,</strong></span> <span class='ocrx_word' id='word_1_893' title='bbox 1023 5776 1485 5847; x_wconf 87' lang='lat' dir='ltr'><strong>quemadmodum</strong></span> <span class='ocrx_word' id='word_1_894' title='bbox 1524 5782 1577 5831; x_wconf 85' lang='lat' dir='ltr'><strong>et</strong></span> <span class='ocrx_word' id='word_1_895' title='bbox 1603 5772 1732 5828; x_wconf 79' lang='lat' dir='ltr'><strong>Luc.</strong></span> <span class='ocrx_word' id='word_1_896' title='bbox 1769 5789 1880 5841; x_wconf 74' lang='lat' dir='ltr'><strong>XIV,</strong></span> <span class='ocrx_word' id='word_1_897' title='bbox 1911 5774 2015 5837; x_wconf 77' lang='lat'><strong>16;</strong></span> 
     </span>
    </p>
   </div>
  </div>
