4110 6458
420 357 556 414 “97

1333 352 1687 412 COM.‘.iENT.
1729 346 1795 408 ΙΝ
1836 346 2251 408 ΜΑΤΤΗτΕΙΣΜ
2288 350 2522 408 TOIllUS
2563 351 2723 405 χνιι.

3539 354 3674 407 1νῖ98

418 478 526 534 Θὼν
554 481 678 542 τοὺς
707 479 1005 549 γεωργοὺς,
1051 480 1142 530 καὶ
1176 480 1568 550 προνοούμενος
1607 477 1702 531 τοῦ
1742 476 1998 547 ἀμπελῶ-

2113 474 2345 529 :tiferam
2398 490 2612 529 omnem
2685 488 2915 540 veram;
2969 493 2987 527 ι
3053 485 3104 528 et
3151 490 3338 529 eorum
3387 474 3672 527 instar“:

420 589 530 637 νος,
549 570 845 624 ἐκδώσεται
866 571 1028 623 αὑτὸν
1051 569 1227 633 ἄλλοις
1255 574 1543 641 γεωργοῖς,
1571 571 1765 633 οἵτινες
1790 567 2003 622 ἀποδώ-

423 678 605 715 σουσιν
638 660 786 731 αὐτῷ
836 662 963 723 τοὺς
1002 662 1248 731 καρποὺς
1294 662 1351 712 ὲν
1396 664 1509 724 τοῖς
1556 662 1764 731 καιροῖς
1800 659 1997 713 αὐτῶν.

436 754 593 806 Ἀλλὰ
623 754 715 806 καὶ
750 755 805 805 ἐν
852 752 930 822 τῷ
974 752 1211 823 Ἱερεμίᾳ
1241 751 1546 814 ἀκολούθως
1577 750 1686 821 τῷ·
1731 770 1749 802 ι
1799 752 1856 803 Ὀ
1891 750 2000 820 γὰρ

423 842 682 916 ἀμπελὼν
709 846 911 915 Κυρίου
942 842 1166 897 Σαϐαὼθ
1189 840 1337 906 οἶκος
1360 842 1454 896 τοῦ
1498 842 1713 914 Ἰσραήλ
1737 844 1875 903 ἐστι,
1907 842 2002 896 καὶ

422 936 706 1009 ἄνθρωπος
733 936 828 990 τοῦ
870 936 1039 990 Ἰούδα
1084 937 1339 1005 νεόφυτον
1377 936 1750 1007 ἠγαπημένον,
1791 953 1809 985 ι
1844 932 1999 1005 εἴρη-

426 1046 518 1084 ται
577 1031 706 1101 πρὸς
742 1030 834 1083 τὸν
878 1029 1259 1101 ἁμαρτάνοντα
1309 1028 1470 1081 λαὸνο
1521 1047 1538 1079 ι
1585 1026 1726 1096 Ἐγὼ
1769 1026 1825 1078 δὲ
1874 1024 2005 1094 ἐφύ-

425 1123 592 1174 τευσά
635 1136 693 1172 σε
743 1119 987 1190 ἄμπελον
1039 1118 1383 1190 καρποφόρον
1435 1120 1615 1171 πᾶσαν
1652 1116 1933 1187 ἀληθινὴν,
1978 1136 1997 1168 ι

425 1213 520 1265 καὶ
556 1212 815 1280 ἀνάλογον
860 1213 936 1281 τῷ
958 1231 970 1243 ·
1019 1230 1037 1263 ι
1076 1214 1306 1283 Ἔμεινα
1338 1212 1424 1264 ἵνα
1466 1212 1667 1281 ποιήσῃ
1705 1208 2001 1279 σταφυλὴν,

427 1304 648 1376 ἐποίησε
672 1304 729 1357 δὲ
756 1303 1017 1367 ἀκάνθας,
1052 1325 1071 1356 ι
1092 1305 1185 1357 καὶ
1205 1304 1283 1375 τῷ
1301 1322 1314 1335 ο
1342 1324 1359 1355 ι
1405 1305 1635 1373 Ἔμεινα
1659 1301 1751 1354 τοῦ
1783 1301 2004 1369 ποιῆσαι

427 1395 626 1466 γρίσιν,
651 1393 869 1463 εποίησε
902 1395 959 1447 δὲ
983 1395 1211 1465 ἀνομίαν
1230 1411 1243 1425 ·
1272 1395 1365 1448 καὶ
1392 1394 1451 1447 ού
1484 1392 1846 1463 δικαιοσύνην,
1870 1390 2005 1444 ἀλλᾶ

425 1486 694 1556 κραυγὴν,
733 1506 752 1537 ι
789 1485 879 1539 τό·
914 1504 931 1537 ι
966 1486 1087 1549 Πῶς
1113 1486 1388 1559 ὲστράφης
1409 1488 1487 1550 εἰς
1515 1484 1739 1556 πικρίαν
1771 1487 1803 1555 ἡ
1829 1485 2008 1554 ἄμπε-

425 1576 573 1649 λοςὴ
603 1578 890 1649 ἀλλοτρίας
927 1596 944 1624 ι
986 1576 1195 1629 Οὐκοῦν
1241 1579 1373 1648 δρᾷς
1408 1581 1465 1631 ἐν
1503 1577 1601 1647 μὲν
1645 1576 1766 1638 ταῖς
1796 1592 2008 1647 προφη-

427 1673 605 1732 τικαῖς
653 1668 826 1733 λέξεσι
867 1669 959 1722 τὸν
1005 1668 1133 1721 λαὸν
1178 1668 1467 1738 λεγόμενον
1515 1664 1652 1721 εἶναι
1687 1666 2002 1738 ἀμπελῶνα,

426 1762 521 1814 καὶ
567 1760 658 1813 τον
698 1760 1036 1827 φυτεύσαντα
1075 1758 1235 1811 αὑτὸν
1286 1755 1611 1812 ἀπειλοῦντα
1644 1759 1738 1811 καὶ
1782 1758 2006 1826 λέγοντα

2109 586 2129 617 ι
2186 566 2505 635 Exspeclavi
2538 574 2597 619 nt
2628 566 2827 621 laceret
2860 582 3013 633 uvas,
3043 576 3097 619 et
3135 566 3261 621 fecit
3291 566 3602 629 labruscas,
3650 584 3670 615 ι

2104 673 2313 711 necnon
2339 669 2392 712 et
2415 658 2631 711 illorum
2666 658 2712 690 ⁷⁸
2743 676 2755 712 :
2795 677 2813 709 ‹
2857 657 3179 726 Ιῦχερεειιινί
3210 666 3270 709 ιιι
3307 656 3509 709 faceret
3531 655 3675 723 judi-

2104 750 2273 809 cium,
2307 757 2361 801 et
2392 747 2517 801 fecit
2569 748 2937 817 iniquitatem;
2972 762 3079 799 non
3112 747 3401 816 justitiam,
3438 746 3529 799 sed
3564 745 3677 800 cla-

2106 852 2335 901 morem,
2373 855 2388 886 ι
2427 837 2475 890 iJ
2502 837 2705 890 dictum
2733 837 2874 890 est"
2902 855 2915 890 :
2952 855 2971 887 ι
3010 835 3296 902 Quomodo
3324 848 3587 889 conversa
3617 850 3678 887 es

2104 928 2158 983 in
2210 928 2629 981 amaritudinem
2688 929 2839 980 vinea
2880 928 3097 983 aliena?
3156 947 3174 978 ι
3226 924 3386 980 Vides
3441 938 3571 993 ergo
3622 924 3676 976 in

2105 1021 2497 1090 prophetarum
2525 1019 2748 1089 scriptis
2782 1021 2990 1075 vineam
3026 1020 3279 1091 appellari
3311 1034 3433 1072 eum
3475 1017 3567 1085 qui
3591 1016 3678 1069 tli-

2106 1112 2246 1164 citur
2296 1112 2563 1180 populus,
2608 1127 2845 1181 eumque
2874 1127 2903 1165 a
2931 1127 3040 1180 quo
3074 1112 3348 1180 plautatus
3385 1117 3470 1163 est
3501 1107 3681 1161 minas

2108 1202 2210 1270 ipsi
2253 1204 2521 1257 intentare
2564 1211 2617 1256 et
2640 1203 2820 1257 dicere
2850 1203 2892 1233 ⁷⁷
2924 1219 2939 1255 :
2970 1220 2988 1252 ι
3032 1201 3286 1255 Auferam
3317 1214 3498 1268 sepem
3537 1198 3677 1266 ejus,

2108 1301 2160 1347 et
2203 1293 2308 1346 erit
2356 1293 2410 1346 in
2449 1294 2833 1363 direptionem,
2883 1312 2902 1344 ι
2939 1302 2992 1347 et
3024 1301 3248 1357 caetera;
3286 1291 3341 1344 in
3375 1288 3681 1358 Evangeliis

2108 1395 2288 1437 autem
2324 1384 2534 1438 vineam
2568 1386 2884 1455 neutiquam
2917 1384 3260 1454 reprehendi,
3298 1382 3392 1438 sed
3423 1382 3680 1446 colonos;

2108 1484 2161 1528 et
2204 1482 2558 1544 praeterquam
2600 1476 2745 1544 quod
2781 1475 2941 1529 nulla:
2971 1474 3141 1528 viuere
3183 1473 3558 1541 impinguntur
3583 1470 3689 1522 nti-

2111 1579 2214 1631 naz,
2270 1565 2370 1634 ipsi
2424 1567 2586 1620 etiam
2634 1566 2889 1635 prospici,
2945 1574 3003 1620 ut
3037 1564 3421 1635 patrifamilias
3475 1561 3688 1617 fructus

2109 1658 2303 1713 reddat
2356 1658 2692 1727 temporibus
2742 1657 2877 1712 suis.
2927 1656 3036 1710 Nec
3075 1657 3118 1710 si
3167 1654 3493 1725 evangelica:
3539 1652 3688 1708 Ξενία

2112 1762 2286 1821 plura;
2322 1751 2725 1806 accurationem
2776 1749 2914 1803 tueri
2948 1749 3209 1812 volueris,
3261 1747 3475 1802 vineam
3517 1746 3690 1800 fuisse

423 1847 613 1919 αὐτῷ’
648 1868 666 1900 ι
710 1849 917 1918 ’Λφελῶ
962 1848 1052 1903 τὸν
1100 1848 1349 1920 φραγμὸν
1393 1848 1579 1911 αὐτοῦ,
1619 1849 1712 1902 καὶ
1740 1848 1893 1901 ἔσται
1931 1851 2010 1912 εἰς

2115 1842 2375 1911 pepulum
2415 1840 2717 1896 luculenter
2754 1840 2985 1909 probare
3011 1838 3234 1907 poteris.
3275 1835 3478 1891 Verum
3508 1837 3560 1889 id
3591 1849 3692 1904 po-

424 1940 756 2010 διαρπαγὴν,
798 1958 816 1990 ι
864 1939 958 1993 καὶ
983 1938 1051 1992 τὰ
1077 1939 1271 1994 λοιπά⁶
1303 1941 1359 1991 ὲν
1390 1938 1447 1991 δὲ
1476 1943 1597 2003 ταῖς
1626 1941 2013 2009 εύαγγελικαῖς

425 2032 682 2101 οὐδεμίαν
729 2032 826 2101 μὲν
875 2031 1080 2102 μέμψιν
1127 2031 1539 2102 προσαγομένην
1586 2031 1664 2102 τῷ
1707 2032 2009 2103 ἀμπελῶνι,

426 2123 610 2173 πᾶσαν
643 2120 699 2173 δὲ
731 2123 843 2184 τοῖς
874 2124 1137 2192 γεωργοῖς
1158 2134 1170 2151 ⁶
1202 2122 1297 2175 καὶ
1330 2122 1464 2193 πρὸς
1495 2122 1576 2193 τῷ
1624 2124 1895 2194 μηδεμίαν
1938 2122 2014 2177 εἴ-

420 2226 514 2263 ναι
540 2209 770 2279 ἀπειλὴν
797 2209 875 2279 τῷ
906 2209 1209 2279 ἀμπελῶνι,
1248 2210 1339 2261 καὶ
1366 2209 1622 2280 πρόνοιαν
1654 2209 1822 2263 αὑτοῦ
1864 2228 2012 2279 γινο-

428 2303 622 2371 μένην,
657 2302 744 2355 ἵνα
795 2301 921 2371 διδῷ
960 2300 1035 2371 τῷ
1084 2302 1438 2373 οἰκοδεσπότῃ
1488 2303 1615 2366 τοὺς
1663 2305 1912 2375 καρποὺς
1956 2306 2015 2359 ὲν

425 2395 539 2456 τοῖς
570 2395 781 2463 καιροῖς
811 2390 1011 2456 αὐτῶν,
1032 2392 1125 2445 καὶ
1151 2393 1252 2445 οὐκ
1284 2391 1349 2445 ἂν
1376 2393 1578 2460 δύναιο,
1609 2393 1706 2464 τὴν
1732 2393 2015 2464 ἀκρίϐειαν

425 2483 753 2554 βουλόμενος
788 2483 960 2536 σῶσαι
998 2484 1098 2553 τῆς
1140 2482 1504 2555 εὐαγγελικῆς
1531 2486 1770 2557 γραφῆς,
1801 2488 2016 2558 τρανῶς

423 2576 798 2646 παραστῆσαι,
827 2577 909 2628 ὅτι
940 2573 1201 2644 ἀμπελὼν
1235 2577 1264 2627 ὁ
1297 2576 1426 2638 λαὸς
1467 2572 1554 2647 ἦν.
1604 2577 1765 2629 Ἀλλά
1806 2580 2014 2649 μήποτε

416 2666 449 2718 ὁ
488 2664 627 2718 κατά
656 2667 716 2718 τὸ
743 2665 1072 2734 Εὑαγγέλιον
1098 2666 1207 2736 (69)
1242 2665 1502 2737 ἀμπελὼν
1536 2669 1569 2738 ὴ
1611 2654 1857 2738 βασιλεία
1888 2670 2007 2721 ἐστὶ

418 2754 524 2809 τοῦ
560 2756 718 2818 Θεοῦ,
751 2759 783 2827 ἡ
826 2757 986 2825 αὑτὴ,
1020 2754 1193 2828 οἶμαι,
1239 2760 1583 2830 τυγχάνουσα
1614 2764 1679 2831 τῇ
1726 2761 1836 2815 τῶν
1876 2764 2017 2834 Γρα-

413 2846 543 2920 φῶν
580 2847 696 2917 μετ’
721 2846 1027 2915 ἐπισκοπῆς
1050 2846 1184 2900 Θεοῦ
1208 2847 1525 2919 διδασκαλίᾳ
1547 2867 1559 2880 ·
1588 2850 1648 2902 τὸ
1677 2850 1784 2921 γάρ
1805 2867 1817 2881 ο
1853 2870 1870 2903 ι
1896 2853 2018 2924 Ἀρ-

417 2937 651 3009 θήσεται
682 2938 774 3007 ἀφ’
805 2936 959 3008 ὑμῶν
985 2938 1017 3008 ἡ
1063 2937 1312 3007 βασιλεία
1339 2939 1433 2992 τοῦ
1472 2939 1631 3005 Θεοῦ,
1668 2941 1761 2994 καὶ
1790 2941 2012 3012 δοθήσε-

419 3048 515 3085 ται
544 3030 684 3083 ἕονει
717 3030 956 3083 ποιοῦντι
991 3030 1115 3093 τοὺς
1146 3032 1393 3101 καρποὺς
1419 3032 1610 3101 αὐτῆς,
1639 3051 1657 3084 ι
1684 3033 2016 3104 ἐπιφερόμε-

418 3140 515 3178 νον
543 3125 608 3193 τῇ
635 3123 764 3193 περὶ
793 3122 887 3176 τοῦ
915 3122 1235 3193 ἀμπελῶνος
1261 3123 1568 3194 παραϐολῇ,
1607 3125 1813 3194 σαφῶς,
1837 3121 2014 3195 οἶμαι,

416 3213 577 3285 δηλοί
609 3214 680 3266 τὰ
715 3216 985 3287 μυστήρια
1028 3215 1127 3286 τῆς
1159 3214 1251 3268 τοῦ
1287 3215 1421 3269 Θεοῦ
1458 3216 1734 3287 βασιλείας
1759 3216 2013 3286 λέγεσθαι

418 3303 567 3359 εἶναι
607 3305 700 3360 τὸν
742 3306 1060 3376 ἀμπελῶνα,
1108 3307 1165 3359 δν
1211 3306 1507 3375 ἐφύτευσεν
1552 3310 1580 3360 ὁ
1625 3309 2014 3382 οἰκοδεσπότης

418 3397 733 3468 ἄνθρωπος.
769 3398 970 3451 Τοῦτον
999 3397 1063 3469 δὴ
1095 3399 1187 3451 τὸν
1211 3398 1509 3469 ἀμπελῶνα
1542 3400 1690 3465 ὄντα,
1725 3401 1802 3465 ὡς
1835 3397 2011 3472 οἶμαι,

419 3490 593 3560 νόμον
623 3489 718 3542 καὶ
760 3491 1067 3563 προφήτας,
1107 3492 1203 3545 καὶ
1235 3492 1415 3544 πᾶσαν
1458 3492 1555 3564 τὴν
1598 3491 1750 3546 θείαν
1789 3493 2015 3565 Γραφὴν

419 3579 641 3648 ἐξέδοτο
670 3581 696 3631 ὁ
738 3579 936 3645 Κύριος
967 3580 1061 3636 τοῦ
1106 3583 1425 3653 ἀμπελῶνος
1470 3586 1735 3654 γεωργοῖς
1759 3601 1772 3614 ·
1820 3588 2016 3655 προτέ-

424 3688 545 3743 ροις
581 3670 680 3741 μὲν
707 3671 785 3743 τῷ
807 3671 922 3742 λαῷ
948 3673 1163 3742 ἐκείνῳ,
1200 3674 1293 3727 καὶ¹
1323 3674 1434 3745 γὰρ
1460 3673 1666 3744 πρῶτοι
1703 3691 1722 3723 r
1763 3675 2017 3728 ἐπιστεύ-

422 3763 600 3831 θησαν
634 3761 704 3814 τὰ
741 3762 894 3828 λόγια
927 3761 1022 3815 τοῦ
1053 3762 1220 3816 Θεοῦο
1259 3782 1277 3814 ι
1318 3762 1593 3836 δευτέροις
1623 3763 1680 3816 δὲ
1718 3763 1862 3816 ἔθνει
1896 3782 2015 3817 ποι-

420 3858 578 3914 οῦντι
628 3857 757 3918 τοὺς
795 3854 1042 3924 καρποὺς
1075 3854 1264 3923 αὐτῆς,
1306 3857 1373 3925 τῇ
1403 3854 1511 3907 ἀπὸ
1531 3854 1640 3907 τῶν
1683 3854 1851 3907 ἐθνῶν
1894 3856 2016 3908 Ἐκ-

424 3948 647 4018 κλησίᾳ.
692 3945 833 3997 Ἀλλ’
875 3942 1035 4015 ἔργον
1067 3942 1396 4015 ἐξομαλξσαι,
1433 3942 1576 3998 οὕτω
1602 3945 1893 4016 νοουμένου
1918 3946 2013 3999 τοῦ

424 4038 571 4092 κατὰ
604 4038 665 4091 τὸ
690 4035 1021 4105 Εὑαγγέλιον
1044 4035 1392 4106 ἀμπελιῖινος,
1420 4036 1511 4090 τὸν
1544 4037 1831 4109 περιθέντα
1867 4037 2018 4109 αὐτῷ

428 4128 707 4199 φραγμὸν,
732 4127 882 4181 οὐδὲν
914 4125 1193 4197 πάσχοντα
1218 4127 1399 4181 ὁποῖον
1430 4130 1487 4181 ἐν
1518 4126 1596 4198 τῷ
1640 4128 1837 4201 Ἡσαΐᾳ
1874 4146 2016 4202 φρα-

2113 1933 2219 1986 tius
2254 1930 2545 1984 videndum
2587 1939 2671 1984 est
2697 1943 2880 1983 annon
2910 1937 3336 1983 commemorata
3364 1928 3418 1979 in
3444 1925 3691 1997 Evange-

2112 2026 2187 2079 lio
2214 2024 2369 2077 vinea
2397 2038 2622 2093 regnum
2658 2022 2752 2077 Dei
2791 2022 2885 2088 sit,
2928 2021 3075 2091 quod
3108 2020 3251 2075 idem
3289 2035 3411 2075 esse
3451 2019 3690 2072 arbitror

2113 2133 2177 2173 ac
2229 2118 2638 2187 Scripturarum
2685 2116 2991 2171 doctrinam
3043 2132 3166 2171 eum
3210 2114 3303 2170 Dei
3354 2115 3691 2184 inspectione

2113 2210 2499 2279 conjunctatn;
2537 2209 2668 2263 illud
2699 2209 2846 2263 enini
2868 2209 2914 2241 ⁷⁸
2944 2227 2957 2263 :
2996 2227 3014 2260 ι
3047 2208 3337 2262 Auferetur
3364 2222 3393 2263 a
3420 2208 3573 2261 vobis
3601 2223 3693 2262 re-

2114 2317 2277 2370 gnum
2312 2300 2425 2363 Dei,
2468 2310 2520 2355 et
2555 2300 2775 2354 dabitur
2808 2300 2952 2371 genti
2988 2298 3206 2355 facienti
3236 2299 3445 2353 fructus
3482 2299 3621 2369 ejus,
3664 2316 3687 2352 ι

2114 2390 2258 2459 quod
2290 2390 2456 2459 778
2493 2390 2666 2444 vinea:
2717 2391 2990 2459 parabolae
3028 2391 3334 2446 subnexum
3380 2398 3496 2453 est,
3546 2390 3695 2446 claro

2114 2479 2494 2535 demonstrare
2514 2480 2772 2535 existimo
2794 2481 3006 2534 vineam
3041 2495 3206 2550 quam
3233 2480 3493 2548 plantavit
3528 2479 3693 2532 homo

2118 2568 2506 2639 paterfamilias
2552 2569 2658 2624 diei
2705 2570 2962 2639 mysteria
3012 2584 3135 2625 esse
3178 2569 3331 2638 regni
3382 2568 3498 2622 Dei.
3542 2567 3694 2624 llano

2115 2674 2244 2728 ergo
2283 2660 2496 2714 vineam
2520 2699 2537 2725 ,
2596 2675 2762 2729 quam
2810 2660 2981 2729 legem
3014 2674 3136 2714 esse
3169 2674 3233 2714 ac
3263 2660 3556 2730 prophetas
3578 2660 3696 2713 exi-

2116 2750 2301 2812 stimo,
2333 2764 2663 2818 omnemque
2691 2748 2829 2803 adeo
2846 2749 3083 2803 divinam
3111 2748 3474 2818 Scripturam,
3505 2749 3694 2803 Domi-

2118 2858 2222 2896 nus
2251 2841 2421 2895 vinea:
2449 2841 2660 2896 colonis
2690 2840 2944 2907 tradidit;
2982 2840 3256 2910 prioribus
3290 2841 3534 2910 quidem,
3567 2841 3699 2896 huic

2117 2934 2376 2988 nimirum
2403 2934 2637 3003 p0pulo;
2669 2933 2943 3003 prioribus
2970 2934 3115 2988 enim
3143 2934 3250 2989 illis
3285 2953 3303 2985 ι
3337 2934 3541 2988 credita
3564 2944 3696 2989 sunt.

2116 3026 2330 3096 eloquia
2364 3026 2456 3081 Dei
2493 3028 2537 3060 ⁷⁰
2577 3045 2590 3080 :
2632 3045 2650 3078 ι
2703 3029 2962 3082 secundis
2985 3037 3190 3092 autem,
3232 3045 3252 3078 ι
3304 3028 3447 3097 genti
3487 3028 3697 3083 scilicet

2120 3118 2342 3173 facienti
2368 3117 2581 3173 fruetus
2608 3119 2728 3187 ejus
2758 3120 2804 3152 ⁸ο
2832 3159 2846 3183 ,
2900 3139 2918 3173 ι
2959 3135 3081 3190 quae
3122 3118 3363 3174 Ecclesia
3393 3129 3476 3175 est
3504 3136 3536 3175 e
3565 3136 3698 3191 gen-

2121 3210 2267 3264 tibus
2292 3208 2544 3265 conflata.
2587 3209 2677 3265 Sic
2708 3212 2954 3280 exposita
2988 3222 3168 3267 autem
3202 3228 3325 3284 qua:
3352 3213 3406 3267 in
3456 3212 3701 3283 Evange-

2117 3307 2193 3360 lio
2228 3316 2691 3364 commemoratur
2722 3308 2901 3373 vinea,
2945 3307 3388 3378 circumpositum
3423 3308 3471 3361 ei
3513 3323 3697 3377 sepem

2118 3399 2415 3469 explanare
2459 3414 2750 3469 operosum
2802 3410 2904 3466 est,
2957 3401 3047 3456 cui
3094 3401 3226 3455 nihil
3263 3402 3368 3456 tale
3404 3400 3696 3470 contingit,

2122 3492 2282 3560 quale
2320 3491 2608 3561 descriptae
2659 3492 2728 3545 ah
2784 3492 2920 3546 fsaia
2977 3493 3111 3561 sepi,
3164 3493 3229 3546 de
3263 3508 3372 3561 qua
3431 3494 3699 3561 scriptum

2119 3590 2203 3636 est
2228 3581 2270 3612 ⁸⁸
2309 3599 2320 3633 :
2362 3599 2380 3631 ι
2430 3579 2683 3635 Auferam
2732 3597 2915 3650 sepem
2944 3581 3091 3649 ejus,
3133 3590 3187 3636 et
3217 3582 3321 3635 erit
3348 3581 3401 3634 in
3439 3582 3701 3651 direptio-

2119 3686 2265 3735 nem,
2312 3689 2330 3721 ι
2376 3670 2744 3739 effossumqne
2775 3671 2826 3724 in
2859 3686 2920 3725 ea
2958 3672 3218 3737 torcular,
3265 3672 3698 3741 aedificatamque

2117 3761 2333 3815 turrim.
2388 3758 2522 3815 Vide
2575 3770 2756 3815 autem
2811 3778 2879 3816 an
2937 3777 3247 3817 sermonem
3297 3763 3496 3819 divina:
3555 3760 3701 3819 Stri-

2116 3861 2288 3921 ptnrze
2312 3852 2597 3921 praeceptis
2626 3851 3064 3921 accommodum,
3095 3855 3189 3924 qtti
3212 3856 3280 3908 ad
3313 3865 3564 3911 naturam
3590 3858 3697 3910 hu-

2119 3960 2338 3998 manam
2376 3945 2770 4014 hominumque
2816 3962 2997 4001 mores
3036 3947 3291 4017 pertinet,
3328 3949 3541 4003 vineam
3576 3966 3697 4005 esse

2122 4045 2363 4091 Statuere
2407 4036 2720 4105 possimus;
2760 4052 2881 4107 qua:
2911 4047 3091 4093 autem
3128 4039 3365 4094 sermoni
3408 4040 3535 4095 huic
3566 4057 3699 4095 con-

2124 4135 2286 4181 sonat
2312 4126 2502 4193 vitam,
2537 4126 2753 4181 virtutis
2786 4127 3456 4199 laudabilissimorumque
3486 4130 3696 4186 fruetus

1636 4241 1869 4298 VETUS
1909 4238 2494 4297 INTERPRETATIO.

427 4344 579 4417 etum
610 4334 748 4417 ejus,
777 4354 795 4385 ι
828 4333 1135 4417 manifeste,
1184 4336 1327 4417 sicut
1374 4335 1632 4416 arbitror,
1668 4336 2034 4417 demonstrat“
2064 4336 2321 4417 mysteria
2365 4336 2516 4417 regni
2554 4335 2645 4389 Dei
2670 4336 2894 4417 Ovineam
2930 4351 3067 4417 esse,
3096 4336 3148 4391 id
3173 4345 3257 4417 est
3281 4337 3455 4417 legem
3483 4346 3543 4417 et_
3572 4353 3698 4417 pro:

429 4409 651 4477 phetas,
681 4411 735 4459 et
782 4419 973 4477 omnes
1020 4406 1235 4477 divinas
1283 4405 1618 4475 Scripturas,
1656 4422 1794 4476 quas
1841 4408 2061 4462 tradidit
2102 4405 2369 4477 Dominus
2397 4405 2564 4459 vinem
2604 4406 2836 4475 primum
2865 4407 3084 4477 quidem
3117 4405 3584 4477 colonis,‘p0pulo
3618 4408 3696 4464 illi

428 4475 623 4546 priori,
655 4476 913 4546 quoniam
943 4485 997 4529 et
1024 4476 1214 4546 primis
1247 4495 1265 4527 ι
1302 4477 1506 4531 credita
1540 4475 1912 4545 sunt’eloquia
1948 4477 2061 4542 Dei,
2095 4497 2112 4530 ι
2151 4476 2408 4532 secundis
2443 4485 2637 4546 autem,
2672 4493 2691 4527 ι
2729 4475 2980 4545 gentibus
3013 4475 3337 4532 facientibus
3372 4475 3639 4542 fructum;
3672 4498 3694 4532 ιι

427 4545 592 4617 cuius
626 4545 797 4617 vineae
825 4559 982 4611 sepes
1008 4545 1142 4617 nihil
1174 4546 1278 4600 tale
1304 4546 1529 4617 patitur,
1561 4546 1722 4615 quale
1755 4550 2016 4616 scriptum
2065 4556 2149 4602 est
2195 4547 2248 4600 in
2306 4546 2570 4615 propheta
2611 4545 2826 4601 dicente
2858 4564 2871 4600 :
2906 4564 2923 4617 ι
2959 4546 3221 4617 Auferam
3256 4564 3439 4616 sepem
3473 4549 3615 4617 ejus,
3645 4558 3699 4602 et

429 4633 476 4671 et
497 4616 539 4670 it
570 4617 622 4669 in
656 4616 923 4687 rapinam.
960 4631 980 4666 ι
1016 4611 1397 4687 νὶᾱεειοςόιιε
1429 4615 1565 4670 forte
1581 4611 1830 4670 naturali
1861 4611 2070 4673 ratione
2098 4611 2322 4687 vineatn'
2354 4611 2634 4687 possimus
2667 4617 2847 4687 dicere
2878 4616 3095 4685 eloquia
3131 4616 3244 4671 Dei.
3289 4611 3700 4687 Consequenter

425 4695 614 4757 autem
663 4683 962 4757 st-cnndum
1015 4685 1260 4757 eamdem
1310 4687 1859 4757 naturm_ratinnem,
1895 4687 2060 4741 vitam
2109 4683 2590 4757 reprehensibilem
2623 4685 2929 4757 hominum,
2964 4683 3015 4739 et
3054 4703 3234 4742 mores
3264 4683 3700 4757 speeiosissimos

428 4755 645 4809 fruetus
670 4753 841 4820 ipsius
877 4754 1047 4808 vineae
1078 4770 1093 4808 :
1124 4754 1273 4825 ipsas
1309 4764 1489 4809 autem
1521 4753 1832 4824 Scripturas
1864 4765 1918 4809 et
1946 4757 2156 4812 litteras
2173 4753 2620 4825 'Scriptnrarum,
2646 4771 2769 4812 esse
2798 4756 2968 4810 vinea:
3008 4772 3189 4825 sepem
3217 4753 3557 4812 extrinsecus
3590 4759 3698 4811 cir-

427 4824 817 4895 cumpositam,
860 4831 919 4876 ut
948 4839 1054 4895 non
1083 4824 1328 4895 videatur
1360 4826 1517 4879 vinea
1549 4826 1617 4879 ab
1650 4827 1731 4880 eis
1758 4826 1850 4892 qui
1881 4826 2014 4883 foris
2044 4838 2192 4888 sunt,
2222 4824 2457 4880 maxime
2494 4825 2706 4880 fructus
2739 4825 2859 4895 ejus
2889 4826 2982 4895 qui
3007 4824 3135 4880 sunt
3160 4828 3212 4881 in
3242 4829 3533 4881 absconso.
3563 4827 3699 4882 Pro-

428 4894 674 4966 funditas
707 4901 887 4966 autem
912 4893 1265 4966 eloquiorum
1298 4893 1413 4960 Dei,
1449 4894 1688 4966 torcular
1713 4911 1831 4950 esse
1865 4896 2036 4950 vineae
2063 4897 2183 4965 ejus
2214 4897 2268 4949 in
2301 4911 2463 4965 quam
2499 4896 2592 4966 qui
2627 4893 2974 4964 profecerunt
3002 4900 3067 4949 de
3100 4897 3331 4964 eloquiis
3367 4895 3479 4961 Dei,
3522 4905 3596 4966 eti
3619 4897 3698 4950 fa-

427 4964 505 5018 cti
538 4973 668 5019 sunt
701 4961 923 5035 perfecti
974 4962 1184 5035 fructus
1227 4978 1438 5029 eorum,
1488 4965 1782 5020 infundunt
1806 4966 1984 5020 studia
2013 4961 2113 5020 sua
2139 4966 2297 5035 quasi
2317 4961 2534 5019 fructus
2560 4961 2700 5034 quos
2729 4967 2797 5019 de
2826 4966 2959 5035 ipsis
2986 4961 3220 5033 eloquiis
3248 4966 3527 5034 colligunt.
3558 4965 3699 5019 Tur-

428 5034 537 5087 rim
570 5042 750 5089 autem
777 5033 1095 5087 aediﬁcatam
1129 5034 1192 5104 in
1236 5048 1322 5097 ea,
1350 5049 1637 5088 ascensum
1688 5035 1999 5101 habentem,
2026 5044 2082 5090 et
2125 5033 2498 5099 eminentiam,
2527 5033 2590 5088 et
2619 5033 2955 5089 altitudinem
2985 5050 3150 5104 super
3174 5035 3386 5089 vineam
3421 5037 3615 5104 ipsam,
3641 5043 3697 5091 et

430 5117 640 5170 sepem,
673 5104 1017 5175 et_toreular,
1054 5103 1311 5175 existimo
1338 5107 1558 5175 verbum
1590 5119 1711 5160 esse
1734 5107 1802 5160 de
1830 5105 1949 5175 ipso
1978 5106 2107 5171 Deo,
2141 5118 2195 5175 et
2224 5106 2291 5161 de
2331 5103 3097 5175 dispensationibusipltristi.
3133 5114 3189 5160 et
3220 5103 3478 5175 templum
3527 5107 3696 5161 divini

431 5184 632 5245 sensus
662 5173 751 5240 qui
782 5173 1011 5245 habetur
1052 5174 1103 5226 in
1139 5187 1225 5227 eo.
1271 5172 1339 5228 Et
1369 5174 1447 5245 de;
1466 5174 1559 5227 tali
1602 5175 1736 5228 turri
1766 5172 1898 5244 puto
1929 5176 2111 5230 dicere
2147 5172 2485 5230 Salvatorem
2518 5176 2570 5228 in
2601 5191 2665 5245 eo
2704 5175 2824 5229 loco
2851 5173 3128 5245 Evangelii
3163 5193 3177 5230 :
3222 5194 3242 5227 ι
3270 5172 3406 5242 Quis
3454 5185 3694 5230 vestrum

430 5240 633 5315 volens.
670 5242 863 5315 turrim
909 5243 1202 5315 azdilicare,
1229 5258 1338 5315 non
1370 5244 1524 5312 prius
1553 5240 1919 5313 computat'si
1955 5254 2131 5315 potest
2176 5246 2329 5315 prius
2372 5260 2575 5314 ponere
2624 5240 3058 5311 fundatnentun't,
3103 5254 3157 5300 et
3190 5240 3596 5310 consummare,
3630 5260 3698 5299 ne

433 5305 583 5389 forte
608 5309 883 5389 incipiant.
932 5305 1470 5389 vitletttes'_deritlere
1515 5329 1640 5389 eum
1681 5305 1781 5383 qui
1828 5305 2406 5389 non'ennsummavitf;
2439 5333 2457 5365 ι
2495 5315 2756 5389 quoniam
2792 5315 2886 5383 qui
2921 5305 3241 5371 vult'dicere
3268 5319 3337 5371 de
3374 5314 3503 5389 Deo,
3538 5305 3698 5389 debet

429 5378 778 5456 considerare
812 5383 856 5435 si
889 5393 1077 5456 potest
1115 5382 1380 5456 incipiens
1404 5384 1589 5437 omnia
1623 5378 1743 5456 qua:
1771 5394 2091 5454 quaeruntur
2119 5388 2265 5440 circa
2294 5385 2388 5438 Dei
2414 5378 3217 5456 expositionemconsummare
3248 5405 3259 5438 :
3292 5402 3359 5440 ne
3398 5378 3535 5438 forte
3560 5386 3698 5456 incie

431 5449 589 5514 piens
617 5449 867 5518 dogmata
892 5449 1134 5521 pietatis,
1167 5449 1541 5524 imperfectam
1590 5449 1862 5524 relinquat
1895 5457 2086 5509 turrim
2118 5457 2267 5510 verbi
2314 5456 2382 5509 de
2431 5449 2561 5517 Deo,
2591 5463 2644 5507 et
2672 5468 2931 5509 coronam
2967 5472 3073 5511 non
3104 5457 3501 5524 supetmditicet
3524 5454 3595 5510 ei.
3635 5455 3696 5510 Si

499 5566 551 5597 ⁷⁷⁵
578 5568 679 5645 Is}.
709 5570 848 5645 γει.
922 5573 967 5604 ⁷³
999 5573 1129 5645 ibid.
1153 5575 1206 5628 7.
1282 5576 1328 5607 "°
1352 5573 1551 5630 Jerem.
1583 5591 1642 5643 ιι,
1669 5576 1760 5629 21.
1842 5577 1887 5609 ⁷⁷
1910 5576 2010 5633 lsa.

2119 5579 2172 5633 5.
2268 5579 2313 5609 ⁷³
2341 5577 2528 5633 Matth.
2565 5593 2693 5642 χχι,
2725 5578 2811 5631 45.
2907 5577 2952 5608 ⁷³
2991 5576 3145 5632 Rom.
3175 5594 3259 5645 ιιι,
3290 5578 3345 5633 2.
3418 5579 3463 5610 ⁸⁸
3497 5576 3691 5636 Matth.

2268 5579 2313 5609 ⁷³
2341 5577 2528 5633 Matth.
2565 5593 2693 5642 χχι,
2725 5578 2811 5631 45.

424 5648 547 5697 χχι.
583 5639 670 5693 45.
746 5639 790 5671 ³³
831 5641 934 5696 lsa.
962 5657 1015 5706 v,
1048 5643 1101 5698 5.

1842 5577 1887 5609 ⁷⁷
1910 5576 2013 5633 lsa.
2040 5594 2094 5646 v,
2119 5579 2172 5633 ὕ.

499 5755 619 5823 (69)
687 5755 861 5812 Ἀλλὰ
901 5757 1133 5825 μήποτε
1187 5764 1218 5815 ό
1270 5766 1394 5817 κατ’
1442 5762 1843 5833 Εὺιιγγέλιον,
1881 5774 1988 5820 etc.

2113 5766 2484 5835 ιιοιιιιμηειιιμ,
2517 5764 2728 5819 Glussa.
2763 5762 3024 5817 llt'ertus.
