4110 6432
443 322 577 380 M99

1916 324 2240 380 OlthEN.S

3565 333 3711 390 1500

440 461 652 498 morum
705 444 947 509 dantem,
999 443 1168 497 vinea:
1213 441 1449 499 fructum
1483 458 1644 509 esse;
1685 460 1799 513 Ipsa
1829 455 2008 500 autem

2116 448 2274 519 γμὸν,
2314 449 2442 520 περὶ
2486 441 2545 503 οὗ
2585 448 2892 521 γέγραπται
2920 466 2935 479 ι
2982 467 3000 500 ι
3058 449 3274 518 Ἀφελῶ
3321 451 3402 504 τὸν
3446 454 3706 525 φραγμὸν

439 536 743 607 δςιὴιιιηω
770 537 932 590 verba
963 545 1014 590 et
1051 536 1289 599 litteras,
1321 551 1503 604 sepem
1537 551 1659 591 esse
1692 554 1812 606 quae
1847 539 1952 591 vim
1970 555 2016 592 ae

437 629 684 684 exterius
712 628 878 682 assita
910 636 1015 690 est,
1042 635 1099 679 ut
1130 628 1306 691 vinea,
1331 626 1608 688 viamque
1637 629 1907 698 praecipue
1930 644 2016 683 oc-

438 721 621 777 cultus
648 718 859 773 fructus
893 726 1278 771 extraneorum
1311 718 1736 773 oculisminime
1759 728 2012 787 pateant;

439 811 639 866 anima:
674 818 856 863 autem
888 806 1315 877 profunditatem
1337 850 1352 875 ,
1381 825 1500 878 qua:
1540 809 1750 865 fructus
1784 811 1906 865 illos
1933 827 2017 866 re-

438 903 587 971 cipit,
616 910 669 955 et
694 915 756 955 ea
794 901 976 954 omnia
998 910 1326 968 aspernatur
1352 917 1475 972 qua:
1497 911 1713 957 exstant
1741 903 1795 957 in
1823 920 2016 973 super-

437 992 577 1055 ficie,
619 992 857 1046 torcular
881 1007 1004 1045 esse
1027 991 1081 1045 in
1107 992 1262 1046 vinea
1293 991 1501 1047 fossum
1529 1012 1542 1057 ;
1571 993 1622 1047 in
1646 994 1803 1049 vinea
1834 1006 2014 1049 autent

436 1084 758 1139 aediﬁcatam
792 1083 1012 1148 turrim,
1067 1084 1395 1153 proceritate
1420 1125 1434 1146 ,
1467 1085 1769 1140 elevatione
1801 1095 1855 1140 et
1895 1086 2019 1139 alti-

438 1174 622 1229 tudine
656 1174 892 1241 vineam,
930 1189 1111 1242 sepem
1149 1184 1202 1228 et
1237 1175 1475 1229 torcular
1509 1186 1877 1246 superantem,
1910 1193 2020 1231 ser-

435 1282 651 1323 monem
680 1282 803 1321 esse
835 1269 1052 1336 opinor,
1094 1268 1189 1337 qui
1219 1267 1287 1321 de
1316 1267 1426 1322 Deo
1460 1270 1590 1338 agit,
1618 1258 1822 1338 quique
1847 1270 2015 1324 divini

433 1374 632 1413 sensus
674 1359 726 1411 in
759 1358 877 1427 ipso
912 1359 1173 1413 reconditi
1208 1359 1463 1427 templum
1504 1369 1589 1414 est
1631 1379 1643 1413 :
1680 1376 1743 1415 ac
1770 1362 1836 1415 de
1865 1362 2016 1431 ejus-

434 1447 581 1501 modi
633 1447 771 1502 turri
827 1446 879 1501 id
933 1465 963 1501 a
1016 1448 1308 1503 Serratore
1359 1449 1564 1504 dictum
1612 1452 1868 1507 existimo
1916 1454 2013 1506 9’:

441 1558 458 1589 ι
494 1537 632 1603 Quis
674 1553 740 1591 ex
777 1538 933 1593 vobis
968 1539 1152 1595 volens
1195 1540 1388 1594 turrim
1416 1540 1706 1606 tedificare,
1729 1558 1834 1596 non
1863 1543 2017 1613 prius

432 1639 717 1698 computat
768 1646 835 1683 an
882 1629 1292 1685 fundamentum
1332 1646 1534 1701 ponere
1566 1633 1759 1702 possit,
1796 1642 1848 1689 et
1879 1649 2017 1703 Opus

433 1719 744 1785 absolvere,
802 1736 870 1773 ne
926 1720 1153 1775 illudere
1203 1722 1252 1775 ei
1298 1722 1565 1793 incipiant
1604 1725 1696 1793 qui
1757 1725 2012 1788 viderint,

2117 538 2304 603 αὑτοῦ,
2334 540 2430 593 καὶ
2470 539 2623 594 ἕσται
2649 543 2727 605 είς
2761 541 3091 613 διαρπαγὴν,
3126 561 3144 593 ι
3193 544 3285 597 καὶ
3313 545 3412 614 τὴν
3453 545 3704 617 ὀρυχθεῖ-

2118 645 2217 682 σαν
2249 632 2307 683 ὲν
2339 630 2486 698 αὐτῷ
2523 631 2703 701 ληνὸν,
2741 633 2836 686 καὶ
2878 633 2968 685 τὸν
3006 633 3429 704 οἰκοδομηθέντα
3470 636 3700 708 πύργον.

2117 721 2225 775 Καὶ
2260 722 2362 791 ὅρα
2393 724 2441 774 εἰ
2469 720 2742 792 δυνάμεθα
2774 723 2872 793 τὴν
2918 723 3016 794 μὲν
3056 722 3197 775 κατὰ
3232 723 3330 795 τὴν
3364 724 3514 779 θείαν
3559 728 3599 779 Γ
3603 744 3703 798 ρα-

2118 811 2224 883 φὴν
2265 812 2611 881 φυσιολογίαν
2643 812 2753 885 (70)
2794 813 2885 867 τδν
2931 814 3232 884 ἀμπελῶνα
3270 818 3475 869 εἰπεῖν’
3516 818 3607 872 τὸν
3644 820 3704 873 δὲ

2118 903 2404 957 ἀκόλουθον
2443 907 2509 975 τῇ
2556 903 2748 976 ἀληθεῖ
2786 904 3101 976 φυσιολογίᾳ
3147 905 3281 977 βίον,
3308 908 3366 961 έν
3400 910 3567 980 ἀρετῇ
3611 913 3706 966 καὶ

2117 993 2422 1059 καλλίστοις
2453 996 2607 1066 ἤθεσι
2631 996 3103 1068 καρποφοροῦντα,
3131 998 3314 1067 λέγειν
3326 995 3465 1054 εἶναι
3497 1002 3586 1055 τὸν
3605 1002 3702 1057 τοῦ

2119 1085 2440 1156 ἀμπελῶνος
2471 1087 2684 1158 καρπόν
2707 1104 2719 1117 ·
2758 1088 2850 1141 τὸν
2894 1088 2952 1142 δὲ
2995 1089 3210 1158 λογικὸν
3256 1091 3422 1144 τόπον
3452 1093 3546 1147 καὶ
3592 1097 3707 1147 πᾶν

2115 1178 2176 1232 τὸ
2212 1179 2448 1249 γράμμα
2474 1179 2575 1248 τῆς
2616 1180 2837 1251 Γραφῆς
2880 1181 2970 1234 τὸν
3004 1184 3257 1252 φραγμὸν
3298 1180 3435 1239 εἶναι
3467 1184 3561 1239 τοῦ
3594 1188 3700 1256 ἀμ-

2118 1271 2358 1334 πελῶνος
2392 1271 2773 1342 περικείμενον
2812 1272 3028 1338 ἔξωθεν,
3061 1274 3138 1337 ὡς
3161 1276 3235 1345 μὴ
3268 1275 3705 1333 κατοπτεύεσθαι

2117 1366 2229 1426 τοῖς
2259 1362 2454 1427 ἔξωθεν
2496 1363 2585 1415 τὸν
2618 1364 2920 1434 ἀμπελῶνα
2964 1365 3060 1418 καὶ
3100 1366 3191 1419 τὸν
3232 1369 3290 1419 ὲν
3327 1367 3556 1438 κρυπτῷ
3592 1369 3700 1438 μά-

2118 1454 2275 1507 λιστα
2308 1453 2517 1524 καρπὸν
2543 1454 2707 1507 αὐτοῦ
2730 1473 2740 1483 ·
2771 1456 2828 1507 τὸ
2860 1456 2915 1508 δὲ
2941 1456 3104 1526 βάθος
3129 1459 3225 1527 τῆς
3252 1460 3548 1533 δεχομένης
3576 1464 3705 1525 τοὺς

2118 1543 2364 1611 καρποὺς
2400 1541 2624 1606 τούτους
2664 1542 2861 1614 ψυχῆς,
2902 1548 3008 1599 πᾶν
3043 1547 3360 1603 ἐπιπόλαιον
3392 1550 3704 1605 ἀποὸαλού-

2119 1650 2238 1703 σης,
2279 1634 2376 1705 τὴν
2412 1634 2736 1706 ὀρυχθεῖσαν
2762 1633 2899 1689 εἶναι
2928 1639 2986 1690 ὲν
3026 1638 3104 1709 τῷ
3133 1640 3415 1710 ἀμπελῶνι
3448 1642 3610 1713 ληνόν
3631 1646 3707 1698 κά

2118 1724 2174 1777 δὲ
2204 1726 2576 1796 οἰκοδομηθεὶς
2620 1729 2677 1780 ὲν
2711 1726 2788 1797 τῷ
2806 1727 3094 1798 ἀμπελῶνι
3146 1730 3375 1802 πύργος,
3407 1731 3706 1804 ἀνάστημα

429 1813 577 1883 quod
601 1821 838 1880 emptum
871 1828 982 1867 non
1027 1813 1350 1883 perfecerit?
1387 1834 1405 1866 ι
1445 1816 1546 1870 bac
1566 1816 1713 1870 enim
1753 1817 2010 1886 parabola

2116 1815 2273 1886 ἔχων,
2303 1794 2398 1871 καί
2425 1794 2650 1889 δίαρμα,
2674 1794 2770 1871 καί
2797 1794 2929 1888 ὕφος
2952 1820 3093 1891 ὑπὲρ
3123 1794 3568 1893 τὸντόιμπελῶνα,
3601 1794 3707 1881 καὶ

429 1902 561 1958 illud
595 1903 890 1975 significari
930 1915 1096 1974 puto;
1149 1907 1196 1961 si
1246 1906 1313 1961 de
1354 1906 1465 1962 Deo
1505 1907 1793 1973 disserere,
1836 1918 1892 1963 et
1945 1909 2013 1963 ad

427 1995 715 2066 theologia:
746 1996 925 2051 studia
960 1997 1205 2052 animum
1246 1999 1516 2068 appellere
1543 2001 1770 2070 satagis,
1820 2002 2012 2057 viden-

428 2086 561 2141 dum
616 2086 712 2141 tibi
759 2102 884 2145 esse
916 2104 986 2142 an
1015 2097 1308 2159 postquam
1348 2090 1568 2146 initium
1612 2091 1827 2160 feceris,
1867 2110 2015 2164 qua:-

426 2192 646 2248 euuque
677 2177 846 2248 779
873 2177 941 2234 ad
971 2179 1303 2249 theologiam
1351 2180 1579 2250 requirit
1615 2183 1840 2237 verbum
1865 2225 1880 2249 ,
1918 2198 2016 2239 ex-

428 2265 578 2341 plere
607 2281 661 2326 et
686 2270 949 2341 perficere
990 2273 1216 2341 poteris,
1251 2288 1317 2326 ne
1349 2282 1636 2342 postquam
1670 2276 1886 2344 pietatis
1913 2275 2016 2331 do-

429 2375 611 2439 gmata
667 2376 900 2421 tractare
945 2367 1262 2432 occeperis,
1309 2366 1685 2436 imperfectam
1732 2367 2013 2436 relinquas

430 2458 647 2524 turrim,
700 2473 826 2528 quae
853 2456 952 2512 Dei
996 2472 1162 2512 causa
1205 2465 1386 2513 erecta
1418 2468 1524 2525 est,
1563 2458 1724 2528 eique
1749 2474 2011 2514 coronam

428 2565 538 2605 non
582 2559 970 2621 superstruas;
1008 2567 1133 2604 nam
1172 2550 1279 2604 nisi
1319 2565 1580 2606 corOnam
1628 2562 2015 2621 superstruxe-

430 2642 529 2707 ris,
564 2640 723 2697 eadet
756 2643 959 2713 aliquis
984 2658 1051 2698 ex
1084 2643 1152 2697 iis
1185 2643 1610 2714 cogitationibus
1641 2657 1782 2712 quas
1810 2644 1878 2698 de
1904 2643 2012 2698 Deo

427 2729 681 2795 finxerat,
711 2740 764 2787 et
788 2732 1053 2787 interibit.
1086 2731 1237 2787 lianc
1259 2741 1464 2798 autem,
1497 2732 1571 2787 ita
1595 2741 1654 2787 ut
1678 2748 1709 2788 a
1738 2732 1895 2787 nobis
1917 2749 2014 2786 ex-

427 2823 606 2891 posita
666 2831 769 2888 est,
831 2824 1044 2878 vineam
1097 2823 1329 2889 colonis,
1385 2824 1588 2894 populo
1635 2823 1886 2879 videlicet
1916 2824 2012 2893 qui

420 2919 558 2966 rante
604 2927 707 2967 nos
758 2913 879 2978 funt,
919 2913 1140 2968 tradidit
1160 2912 1328 2981 Deus,
1377 2922 1432 2969 et
1458 2914 1513 2968 in
1544 2914 1823 2983 speculam
1853 2929 2009 2969 suam

427 3003 626 3058 deinde
676 3004 849 3069 abiit,
900 3011 1189 3073 postquam
1222 3019 1288 3058 ex
1318 3004 1404 3058 his
1432 3019 1554 3073 quae
1581 3005 1695 3072 ipse
1728 3003 2010 3073 plantavit,

2113 1907 2204 1960 τὸν
2229 1909 2501 1980 φραγμὸν,
2538 1911 2633 1962 καὶ
2662 1910 2758 1982 τὴν
2791 1909 2972 1980 ληνὸν,
3007 1912 3035 1964 ὁ
3064 1912 3192 1982 περὶ
3219 1912 3377 1979 Θεοῦ,
3408 1910 3583 1985 οἶμαι,
3608 1916 3702 1969 λό-

2113 2015 2208 2067 γος
2243 1999 2379 2064 ἐστὶ,
2409 2001 2536 2063 ναὸς
2569 1999 2645 2054 ὢν
2677 2000 2771 2054 τοῦ
2810 2002 2868 2054 ὲν
2896 2001 3046 2072 αὑτῷ
3089 2002 3233 2056 θείου
3263 2003 3355 2057 νοῦ
3383 2021 3397 2036 ·
3444 2006 3538 2059 καὶ
3572 2016 3705 2079 περὶ

2113 2086 2353 2141 τοιούτου
2390 2088 2597 2158 νομίζω
2628 2088 2875 2160 λελέχθαι
2918 2090 3130 2162 πύργου
3176 2093 3279 2146 ὑπὸ
3313 2092 3407 2146 τοῦ
3445 2095 3702 2167 Σωτῆρος

2112 2179 2202 2232 τό·
2239 2198 2256 2231 ‹
2298 2180 2393 2244 Τίς
2430 2181 2488 2247 ἐξ
2527 2180 2701 2250 ὑμῶν,
2736 2180 3058 2250 βουλόμενος
3087 2181 3296 2254 πύργον
3322 2186 3701 2256 οἰκοδομῆσαι,

2115 2272 2236 2340 οὐχὶ
2271 2271 2485 2343 πρῶτον
2505 2271 2734 2343 ψηφίζει
2765 2274 2813 2326 εἰ
2846 2273 3067 2328 δύναται
3096 2273 3268 2329 θεῖναι
3304 2276 3394 2330 τὸν
3427 2277 3700 2347 θεμέλιον,

2114 2364 2209 2417 καὶ
2236 2363 2537 2428 ἐκτελέσαι,
2583 2363 2672 2418 ἴνα
2705 2364 2779 2435 μὴ
2820 2365 3092 2435 ἄρξωνται
3139 2367 3187 2418 οἱ
3224 2365 3556 2438 θεωροῦντες
3597 2370 3702 2437 έμ-

2116 2450 2328 2516 παίζειν
2373 2453 2452 2523 τῴ
2496 2454 2569 2525 μὴ
2617 2454 3000 2519 τελειώσαντι;
3036 2475 3053 2505 ι
3088 2454 3176 2508 διὰ
3221 2455 3332 2527 γὰρ
3378 2455 3700 2527 παραϐολῆς

2115 2545 2275 2599 κάκεῖ
2304 2546 2451 2598 δοκεῖ
2478 2562 2568 2615 μοι
2594 2543 2871 2613 λέγεσθαι,
2894 2546 2995 2609 ὄτι,
3026 2545 3234 2616 μέλλων
3255 2536 3546 2615 θεολογεῖν,
3577 2548 3705 2599 σκό-

2114 2654 2286 2709 πησον
2319 2638 2367 2690 εἰ
2399 2636 2627 2690 δύνασαι
2669 2633 2975 2707 ἀρξάμενος
3006 2638 3182 2691 πάντα
3223 2637 3260 2691 ἃ.
3309 2640 3536 2694 ἁπαιτεῖ
3581 2657 3641 2694 σε
3672 2642 3703 2694 ὀ

2112 2727 2268 2797 λόγος
2310 2729 2390 2791 εἰς
2435 2726 2714 2795 θεολογίαν
2756 2727 3061 2791 τελειῶσαι,
3113 2729 3199 2781 ἵνα
3249 2731 3346 2800 μὴ,
3394 2729 3703 2801 ἀρξάμενος

2113 2818 2220 2871 τῶν
2250 2820 2348 2890 τῆς
2382 2817 2665 2882 εὐσεϐείας
2704 2818 3010 2889 δογμάτων,
3059 2817 3223 2890 ἀτελῆ
3260 2818 3566 2891 καταλίπῃς
3608 2823 3706 2876 τὸν

2115 2910 2242 2981 περὶ⁸
2290 2908 2426 2962 Θεοῦ
2460 2908 2690 2981 πύργον,
2740 2909 2833 2963 καὶ
2869 2910 3141 2981 στεφάνην
3174 2908 3321 2980 αὑτῷ
3359 2910 3435 2981 μὴ
3477 2911 3703 2965 ἔποικος

2111 3000 2351 3072 δομήσῃς
2376 3019 2390 3032 ·
2422 3002 2471 3053 εἰ
2512 3000 2621 3072 γὰρ
2656 3000 2928 3070 στεφάνην
2970 3002 3069 3054 οὐκ
3112 3001 3578 3074 ὲποικοδομήσεις,
3606 3020 3703 3057 πεφ

427 3102 485 3150 et
512 3095 927 3165 circumposuit,
962 3107 1017 3150 et
1057 3095 1233 3160 fodit,
1273 3104 1327 3150 ct
1365 3096 1673 3159 aedificavit,
1726 3095 2009 3150 facultates

2117 3094 2290 3146 σεῖταί
2315 3109 2397 3156 τις
2428 3092 2538 3162 (7|)
2569 3092 2677 3144 ἀπὸ
2708 3092 2807 3161 τῆς
2842 3093 2970 3163 περὶ
3000 3091 3135 3145 Θεοῦ
3168 3092 3397 3158 ἑννοίας,
3436 3095 3530 3147 καὶ
3568 3096 3699 3148 ἀπο-ι

427 3187 640 3241 colonis
669 3203 733 3242 ac
764 3188 952 3257 capias
983 3189 1151 3254 dedit,
1199 3189 1343 3242 unde
1368 3187 1578 3243 fructus
1605 3188 1721 3243 suis
1747 3188 2009 3258 tempori-

428 3277 534 3333 bus
578 3276 772 3333 afferre
808 3289 1050 3348 possent.
1108 3278 1349 3349 Singulis
1379 3294 1544 3350 ergo,
1581 3280 1674 3336 sed
1726 3279 2004 3341 universo,

429 3367 647 3436 opinor,
674 3372 874 3439 populo
909 3368 1183 3425 fructuum
1214 3379 1457 3439 tempora
1491 3370 1885 3434 adventarunt;
1918 3385 2009 3424 ac-

430 3470 617 3516 curate
658 3469 836 3519 autcm
867 3478 1140 3533 exponere
1170 3463 1299 3532 quid
1326 3463 1416 3528 sit,
1459 3460 1737 3515 fructuum
1767 3470 2009 3529 tempora

2115 3183 2375 3236 θανεῖται.
2413 3180 2613 3234 Τοῦτον
2660 3181 2724 3233 δὲ
2769 3180 2883 3245 τὸν,
2926 3180 3003 3244 ὡς
3048 3182 3488 3254 ἀποδεδώκαμεν,
3522 3187 3697 3254 ἀμπε-

2114 3274 2258 3332 λῶνα
2288 3273 2499 3340 ἐξέδοτο
2544 3275 2830 3345 γεωργοῖς,
2862 3272 2940 3343 τῷ
2984 3273 3090 3344 πρὸ
3124 3273 3281 3345 ἡμῶν
3313 3274 3444 3346 λαῷ,
3484 3278 3512 3329 ὁ
3543 3275 3696 3339 Θεὸς,

2116 3368 2211 3421 καὶ
2237 3366 2591 3437 ἀπεδήμησεν
2615 3366 2694 3427 εἰς
2727 3364 2825 3434 τὴν
2854 3365 3045 3419 ἑαυτοῦ
3091 3366 3377 3438 περιωπὴν
3407 3366 3537 3437 (72),
3573 3366 3696 3428 δοὺς

2116 3457 2371 3529 ἀφορμὰς
2410 3458 2522 3519 τοῖς
2562 3458 2846 3526 γεωργοῖς,
2885 3454 2944 3522 ἐξ
2978 3448 3053 3509 ὧν
3087 3456 3248 3520 αὐτὸς
3292 3456 3570 3527 ἐφύτευσε,
3599 3455 3693 3511 καὶ

1634 3576 1813 3631 VE'I‘U
1827 3577 1864 3630 S
1906 3573 2204 3629 INTERPR
2215 3573 2342 3627 ΕΤΑ
2354 3571 2489 3628 ΤΙΟ.

429 3695 573 3750 enim
607 3711 715 3751 non
748 3698 1094 3752 aedificaverit
1121 3700 1168 3754 ei
1201 3714 1484 3763 coronam,
1514 3697 1670 3751 cadet
1698 3696 1896 3764 aliquis
1921 3697 1989 3748 ab
2013 3695 2289 3748 intellectu
2323 3693 2416 3748 Dei
2453 3692 2875 3764 scandalizatus,
2905 3699 2961 3764 et
2983 3690 3447 3764 morietur._Hanc
3483 3691 3695 3764 vineam

429 3766 656 3839 tradidit
685 3768 917 3839 colonis,
953 3768 1006 3823 id
1054 3778 1144 3839 est
1188 3769 1386 3839 populo
1439 3759 1566 3822 ante
1600 3782 1723 3832 nos,
1758 3759 1867 3839 tam
1900 3765 2295 3839 sacerdotibus,
2327 3779 2489 3839 quam
2532 3762 2708 3824 laieis,
2739 3759 3093 3839 et_profeetus
3124 3769 3213 3839 est
3233 3761 3298 3839 ad
3331 3775 3485 3815 suam
3510 3760 3700 3839 prole:-

429 3834 685 3906 ctionem,
722 3836 860 3891 dans
887 3829 1204 3894 occasiones
1253 3829 1462 3893 colonis
1508 3854 1575 3891 ex
1623 3852 1687 3891 eo
1711 3829 1862 3906 quod
1900 3835 2012 3901 ipse
2054 3829 2418 3902 plantavit,'et
2445 3829 2840 3906 circumposuit
2873 3840 3157 3906 sepem,_et
3189 3829 3322 3884 fodit
3351 3830 3611 3906 torcular,
3641 3837 3698 3881 et

427 3899 713 3979 aedificavit
738 3907 951 3970 turrim,
983 3908 1291 3978 proferendi
1325 3907 1555 3971 fruetus,
1588 3899 2243 3979 enm_appropinquasset
2273 3913 2487 3971 tempus
2534 3899 2833 3979 fructuum.
2863 3899 3317 3979 Ap’p_r0pinquant
3349 3899 3492 3979 enim
3522 3911 3575 3952 et
3604 3913 3696 3979 se-

430 3976 668 4051 cundum
695 3969 1140 4047 unumquemque
1162 3979 1380 4051 quidem
1421 3969 1667 4045 tempora
1702 3969 1998 4039 fructuum,
2036 3969 2167 4051 puto
2219 3969 2401 4025 autem
2453 3972 2776 4051 generaliter
2829 3970 3029 4051 populo
3054 3969 3696 4051 .uuiverso.-Appropin-:

431 4046 744 4118 quationem
794 4038 974 4118 autem
1025 4038 1285 4118 temporis
1333 4038 1610 4118 fructuum
1644 4059 1927 4118 exponere
1946 4038 2076 4118 vere
2098 4045 2243 4118 sicut
2277 4052 2380 4103 est,
2411 4038 2576 4118 supra
2610 4038 2854 4118 nostrum
2887 4038 3162 4118 ingenitim
3187 4047 3291 4102 est,
3322 4047 3375 4093 et
3405 4038 3587 4093 cordis
3611 4043 3700 4091 est

431 4108 755 4184 mundioris.
794 4115 996 4173 Tanton
1026 4108 1324 4174 secundum
1356 4116 1608 4171 virtutem
1641 4108 1886 4171 nostram
1916 4113 2208 4184 incipimus
2234 4113 2336 4166 hoc
2362 4108 2526 4165 modo
2558 4110 2880 4179 incipientes
2904 4108 3206 4166 secundum
3249 4120 3699 4179 unumquemque

434 4183 737 4240 hominum.

514 4297 561 4329 "
583 4296 719 4354 Luc.
748 4315 860 4365 xtv,
891 4299 982 4367 9.8,
1013 4300 1104 4355 ἓξ).

503 4472 617 4543 (70)
661 4472 780 4539 Τὴν
805 4472 922 4543 μὲν
951 4475 1102 4527 κατὰ
1143 4473 1255 4542 τὴν
1293 4476 1461 4528 θείαν
1499 4474 1752 4542 Γραφὴν
1792 4487 2008 4543 φυσιοσ-
2043 4473 2088 4531 D
2189 4473 2300 4541 (7:2)
2360 4471 2765 4541 Ἀπεδήμησεν
2806 4473 2893 4537 εἰς
2942 4470 3056 4543 τὴν
3102 4470 3319 4543 ἑαυτοῦ
3365 4468 3692 4543 περιωπήν.

432 4542 666 4614 λογίαν.
706 4542 1055 4614 φυσιολογίαν
1095 4545 1329 4613 appellat
1365 4544 1756 4614 τροπολογίαν,
1816 4550 1872 4598 at
1921 4542 2012 4594 τὸν

434 4609 563 4685 περὶ
597 4609 732 4685 Θεοῦ
767 4609 953 4685 λόγον,
984 4613 1051 4667 de
1092 4609 1201 4685 quo
1248 4609 1413 4683 paulo
1457 4609 1619 4683 post,
1660 4614 1759 4685 τὴν
1796 4614 2013 4685 αναγω-

434 4680 557 4750 γήν.
595 4680 685 4752 Sic
723 4682 904 4751 itaque
938 4680 1125 4735 locum
1147 4680 1293 4738 hunc
1337 4680 1665 4752 interpretor
1692 4680 1760 4736 ε’(
1794 4684 2017 4736 Sermo-

437 4764 559 4804 nem
587 4751 678 4821 qui
731 4754 795 4805 ad
834 4760 1083 4805 naturam
1118 4752 1411 4807 humanam
1453 4751 1767 4821 regendam,
1807 4761 1862 4806 et
1899 4752 2018 4821 ido-

435 4821 569 4894 neis
589 4820 986 4894 informantlam
1017 4824 1325 4892 praaceptis,
1357 4839 1494 4894 eque
1520 4820 1805 4893 Scriptura
1830 4820 2015 4892 petitis

436 4892 687 4957 pertinet.
730 4909 748 4941 ι
783 4889 1043 4949 Hunnus.

507 4959 588 5032 Cll
605 4972 618 5024 )
648 4963 719 5014 Et
749 4961 858 5031 γὰρ
887 4960 1198 5032 στεφάνην
1226 4963 1337 5016 οὐκ
1367 4960 1880 5032 ἐποικοδομήσας,
1910 4977 2014 5014 πε-

435 5029 630 5103 σεῖται
658 5029 768 5097 τις,
792 5029 898 5103 etc.
928 5029 1175 5103 Στεφάνη
1204 5041 1286 5087 est
1322 5029 1509 5096 tui‘ris,
1537 5029 1809 5103 seu?muri
1841 5033 2017 5103 quod:

437 5099 562 5153 dam
604 5101 996 5171 supercilium,
1046 5099 1174 5157 seu'
1204 5103 1411 5164 lorica,
1465 5117 1588 5171 quae
1639 5102 1691 5154 in
1746 5099 2013 5171 superiori
2062 5132 2074 5143 υ

441 5169 692 5241 margine
723 5170 1216 5227 circnmeursantes
1248 5189 1280 5227 a
1324 5169 1772 5241 lapsu'def‘endit,
1802 5169 1855 5226 et
1895 5171 2015 5226 telis

440 5240 507 5311 ad
553 5240 1001 5311 perpendiculum
1042 5240 1426 5304 demittendis,
1473 5252 1529 5297 et
1575 5258 1605 5297 a
1634 5242 1840 5311 pariete
1888 5242 2015 5310 reji-

436 5309 821 5381 cien’dis’stylis
851 5312 1000 5366 utilis
1020 5321 1120 5366 est.
1149 5311 1298 5366 Hanc
1325 5320 1380 5366 et
1411 5309 1663 5376 Latineﬁ
1683 5309 1964 5381 coronam,
1991 5331 2008 5363 ›

439 5387 562 5451 post
596 5378 903 5435 Vitruvium
943 5390 997 5435 et
1024 5381 1274 5435 Curtium
1304 5383 1716 5450 appellavimus.
1756 5380 2015 5451 Origenes

444 5454 499 5502 tu
524 5449 687 5522 lacn.
716 5466 774 5506 ιε
821 5451 987 5522 Ἀρχὴ
1031 5451 1206 5514 οἰκίας
1233 5452 1277 5522 Vo
1326 5449 1599 5521 θεμέλιος,
1643 5454 1736 5505 καὶ
1786 5449 1938 5514 τέλος
1970 5452 2014 5522 γὴ

440 5519 698 5593 στεφάνῃ·
729 5530 789 5593 et
814 5519 943 5593 tom.
975 5519 1071 5575 vtu
1105 5519 1417 5593 εἰκθάσομεν
1443 5522 1536 5574 καὶ
1562 5522 1654 5574 ἐπὶ
1682 5522 1780 5593 τὴν
1814 5519 2007 5589 στεφάέ

438 5602 539 5660 νην
569 5588 1145 5660 τοῦοίκοδομήματος,
1176 5588 1485 5643 κωλύουσαν
1516 5588 1746 5643 πίπτει-ι’
1765 5592 1857 5645 τὸν
1888 5593 2012 5643 ἁνε-

438 5652 701 5731 musam
721 5660 813 5731 ἐπὶ
837 5652 898 5712 τδ
918 5652 1075 5731 δῶμα
1085 5652 1179 5714 τοῦ
1198 5660 1377 5729 λύγου,
1400 5661 1507 5713 ἀπὸ
1531 5662 1705 5731 μόνων
1732 5660 1837 5714 τῶν
1865 5663 2016 5713 ἐστε-

446 5740 510 5793 pr,
520 5725 695 5795 μένων
723 5728 817 5797 τῆς
839 5725 1107 5799 στεφάνης
1129 5725 1430 5785 πιπτόντων
1454 5725 1557 5784 τῶν
1578 5732 1900 5784 πιπτόντων.
1936 5733 2009 5783 lu.

2117 4537 2397 4612 Ejusmodi
2430 4537 2591 4612 enim'r
2621 4537 2799 4596 turres
2841 4543 2892 4594 in
2928 4537 3692 4612 agrisfereesstnte‘bantur.

2118 4608 2173 4666 iii
2219 4613 2418 4681 quibus
2451 4611 2699 4666 homines
2732 4608 3091 4681 agricult'iooi
3138 4609 3304 4664 dediti
3355 4608 3693 4681 habitabant.

2119 4684 2156 4736 ll
2191 4679 2365 4736 Paral.
2394 4699 2470 4744 vt,
2514 4683 2580 4735 ιο
2613 4699 2627 4735 :
2661 4699 2680 4731 ‹
2732 4679 3012 4735 Eistruxit
3052 4680 3214 4734 etiam
3249 4689 3428 4734 turres
3463 4680 3515 4732 in
3562 4679 3699 4734 soli-

2119 4754 2337 4818 tudine,
2363 4762 2417 4807 et
2459 4751 2646 4806 effodit
2683 4751 2951 4805 cisternas
2985 4750 3270 4818 plurimas,
3321 4764 3386 4804 eo
3420 4749 3565 4818 quod
3599 4749 3702 4803 ha-

2117 4823 2280 4899 beret_
2294 4823 2459 4899 multa
2492 4836 2722 4899 pecora,
2757 4828 2866 4874 tam
2918 4822 2971 4873 in
3012 4819 3412 4899 campestribus
3440 4833 3605 4899 quam
3640 4819 3696 4871 in

2115 4893 2283 4947 eremi
2322 4889 2611 4956 vastitate;
2640 4890 2830 4945 vineas
2858 4904 3078 4960 quoque
3112 4889 3321 4954 habuit,
3353 4897 3407 4960 et
3434 4889 3698 4960 vinitores

2117 4962 2172 5016 in
2223 4964 2525 5024 montibus,
2574 4971 2627 5015 et
2677 4960 2733 5014 in
2789 4957 3072 5026 Carmelo;
3123 4966 3240 5013 erat
3279 4957 3479 5028 quippe
3531 4959 3700 5010 homo

2118 5032 2463 5101 agriculturae
2509 5030 2810 5101 deditus.)
2852 5028 3135 5101 Ejusmodi
3183 5028 3701 5101 turmae-mappam

2118 5047 2463 5155 agricultura?
2509 5047 2747 5085 accitus.
2791 5049 2810 5080 ι
2852 5047 3135 5101 rqusmoat
3183 5047 3363 5083 turres
3404 5047 3669 5099 οπωροφυ

2114 5101 2145 5152 λ
2186 5118 2279 5171 κια
2315 5100 2674 5171 appellantur.
2717 5098 3081 5171 Hieronymus
3110 5099 3163 5152 in
3201 5096 3417 5167 epistol.
3447 5098 3513 5151 ad
3555 5095 3670 5151 Sun

2115 5180 2171 5248 et
2214 5169 2488 5248 Fre_tell.:_t
2533 5169 2607 5223 De
2651 5169 3062 5248 septuagesimo
3102 5177 3362 5248 octavo,_
3393 5177 3703 5248 posuerunt

2114 5240 2416 5297 Jerusalem
2450 5242 2504 5293 iu
2534 5235 2821 5306 pomorum
2851 5235 3180 5304 custodiam,
3217 5237 3363 5307 quod
3386 5235 3449 5307 in
3481 5235 3696 5300 Grabeo,

2116 5313 2197 5375 εἰς
2219 5305 2698 5381 ὁπωροφυλάκιον,
2731 5308 2932 5363 dicitur
2966 5323 2981 5359 :
3014 5322 3114 5381 nec
3147 5305 3325 5381 potest
3350 5305 3509 5381 aliter
3532 5307 3695 5381 verti,

2115 5397 2278 5450 quam
2306 5375 2527 5435 a'nobis
2560 5380 2884 5433 translatum
2911 5387 3028 5440 est;
3068 5375 3339 5450 signitlcat
3367 5375 3512 5430 enim
3547 5376 3700 5428 ὀπω-

2119 5448 2474 5521 ροφυλάκιον,
2520 5450 2817 5519 speculam,
2854 5462 3020 5516 quam
3070 5448 3328 5521 custodes
3358 5454 3600 5521 satorum
3641 5456 3701 5501 et

2119 5512 2403 5587 pomorum
2442 5512 2643 5574 habere
2678 5512 3099 5573 consueverunt.
3138 5533 3155 5565 ι
3181 5516 3259 5571 Ad
3286 5512 3483 5587 malum
3509 5525 3694 5587 autem

2117 5584 2307 5643 alludit
2353 5589 2646 5658 Origenes,
2679 5605 2708 5641 e
2749 5603 2866 5658 quo?
2902 5595 3161 5658 tanquam
3206 5603 3244 5658 ei
3282 5586 3502 5658 specula
3552 5584 3699 5640 Deus

2117 5660 2299 5714 onmia
2334 5653 2640 5729 prospicere
2665 5674 2726 5710 ac
2759 5653 3087 5726 perluslraw
3124 5653 3365 5726 fingitur.
3400 5653 3477 5710 In.
