4110 6452
390 455 525 511 1505

1344 451 1698 507 (ῖιιιιιιιιδτ.
1740 449 1804 503 lN
1844 447 2259 505 ΜΛΤΤΙῌΞΗΜ
2297 448 2536 504 TOMUS
2578 448 2736 505 XVII.

3524 459 3662 519 ιδίϐ

387 574 692 628 στέλλονται
737 572 872 645 πρὸς
906 572 1030 636 τοὺς
1074 575 1353 644 γεωργοὺς
1382 573 1562 626 λαϐεῖν
1595 574 1721 635 τοὺς
1747 571 1840 624 τοῦ
1871 573 1967 641 ἀμ-

2080 569 2363 639 reciperet.
2404 569 2706 639 Prophetas
2732 585 2861 640 ergo
2898 572 3070 627 servis
3097 572 3390 643 signiﬁcari
3422 577 3661 646 proclive

385 665 627 730 πελῶνος
659 665 938 737 καρπούς·
981 665 1122 718 εἴποι
1167 665 1277 738 γὰρ
1312 666 1376 720 ἄν
1412 683 1515 729 τις,
1551 667 1630 718 ὅτι
1658 665 1757 717 οὐκ
1785 666 1874 717 ἐπὶ
1899 664 1977 733 τῷ

384 756 567 811 λαϐεῖν
598 758 1017 812 ἀποστέλλονται
1048 760 1171 822 τοὺς
1196 760 1440 830 καρποὺς
1457 760 1505 810 οἰ
1530 756 1825 828 προφῆται,
1863 756 1975 809 ἁλλ’

385 845 477 900 ἐπὶ
506 848 583 918 τῷ
609 849 924 922 γεωργῆσαι
966 848 1164 920 μᾶλλον
1208 850 1300 902 καὶ
1331 849 1657 920 συνεργῆσαι
1685 851 1798 911 τοῖς
1844 865 1979 920 κατι-

387 947 526 1006 ποῖς.
572 944 712 1015 Ὅρα
749 939 842 997 οὖν
884 946 933 997 εί
975 944 1251 1014 δυνάμεθα
1298 942 1475 1011 λέγειν
1515 944 1583 998 τὰ
1630 943 1976 1014 πνευματικὰ

383 1034 756 1107 καρπώματα,
792 1038 885 1090 καὶ
914 1036 1014 1101 τὰς
1059 1037 1206 1100 Θείας
1239 1037 1557 1108 προσφορὰς
1584 1035 1821 1090 δίδοσθαι
1865 1035 1974 1088 ἀπὸ

383 1124 492 1179 τῶν
532 1128 966 1199 γεωργησὰντων
1014 1133 1105 1180 τὸν
1148 1128 1446 1198 ἀμπελῶνα
1487 1129 1600 1189 τοῖς
1649 1126 1974 1181 ἀποστελλο-

386 1218 569 1288 μένοις
596 1217 819 1285 δούλοις,
853 1220 942 1273 ἵνα
984 1220 1407 1291 προσαγάγωσιν
1439 1220 1550 1291 (77)
1580 1219 1655 1283 ὡς
1686 1221 1851 1290 ἱερεῖς
1894 1217 1971 1288 τῷ

382 1308 505 1380 Θεῷ
529 1309 655 1375 τοὺς
689 1312 934 1382 καρποὺς
977 1310 1067 1364 τοῦ
1097 1312 1521 1384 προσφέροντος,
1557 1310 1691 1366 ἀλλὰ
1716 1311 1971 1376 λαϐόντες

378 1405 431 1456 οἱ
484 1405 717 1476 γεωργοὶ
754 1405 811 1455 ὲν
857 1403 934 1473 τῷ
984 1403 1098 1475 λαῷ
1145 1406 1271 1468 τοὺς
1323 1405 1725 1468 ἀποσταλέντας
1752 1404 1968 1469 δούλους

381 1491 568 1546 λαϐεῖν
609 1495 734 1557 τοὺς
777 1496 1023 1565 καρποὺς
1066 1494 1158 1548 τοῦ
1212 1495 1552 1566 ἀμπελῶνος,
1594 1496 1653 1550 ὃν
1703 1496 1800 1567 μὲν
1834 1497 1967 1549 ἔδει-

384 1606 482 1658 ραν
514 1589 645 1660 (78),
672 1588 747 1652 ὡς
777 1608 794 1641 ι
834 1589 924 1642 τὸν
951 1589 1187 1660 Μιχαίαν
1209 1590 1480 1656 ἐπάταξεν
1507 1592 1587 1654 εἰς
1615 1590 1712 1662 τὴν
1743 1592 1968 1659 σιαγόνα

381 1678 636 1744 Σεδεκίας
667 1682 780 1744 υἱὸς
807 1680 1046 1746 Χαναὰν,
1092 1701 1109 1733 ι
1145 1683 1232 1735 ὅτε
1266 1684 1358 1736 καὶ
1388 1679 1538 1737 εἶπεν
1572 1682 1720 1754 αὐτῷ
1751 1701 1955 1755 προφηο

378 1772 637 1825 τεύσαντι
678 1776 706 1827 ὁ
733 1772 1207 1846 ψευδοπροφήτης·
1246 1794 1263 1826 ι
1296 1776 1455 1828 Ποῖον
1478 1775 1695 1846 πνεῦμα
1745 1777 1951 1848 Κυρίου

379 1864 441 1917 τὸ
469 1863 706 1935 λαλῆσαν
739 1870 795 1920 ὲν
826 1868 943 1933 σοί;
981 1886 999 1917 ι
1022 1867 1079 1921 ὂν
1102 1867 1158 1920 δὲ
1187 1868 1535 1931 ἀπέκτειναν,
1567 1870 1642 1934 ὼς
1687 1871 1961 1941 Ζαχαρίαν

2079 671 2161 717 est
2207 662 2387 717 dicere
2418 680 2430 715 :
2460 673 2515 716 at
2546 661 2676 716 illud
2709 665 3063 733 quaerendum
3097 670 3265 732 venit,
3295 683 3537 738 quonam
3565 687 3662 740 pa-

2078 762 2165 809 cto
2198 755 2264 809 ad
2302 755 2529 809 colonos
2562 754 2836 808 fructuum
2870 756 3041 811 vinea:
3069 758 3506 829 recipiendorum
3535 779 3662 832 gra—

2078 846 2150 899 tia
2183 846 2469 901 mittantur
2497 865 2510 901 :
2537 847 2717 902 dicere
2749 849 2894 902 enim
2926 850 3125 918 peterit
3157 849 3428 919 quispiam
3457 867 3565 905 non
3594 852 3662 906 ad

2077 935 2420 1006 recipiendos
2452 935 2661 992 fructus
2692 943 2989 1009 prophetas
3019 940 3180 1005 mitti,
3220 942 3311 996 sed
3362 950 3423 996 ut
3459 954 3659 997 terram

2075 1029 2256 1081 colant
2290 1029 2493 1095 potius,
2522 1037 2576 1083 et
2604 1029 2872 1084 fructibus
2895 1031 3237 1100 proferendis
3270 1047 3491 1100 operam
3525 1048 3659 1087 con-

2075 1119 2271 1176 ferant.
2310 1118 2445 1175 Vide
2499 1137 2627 1191 ergo
2680 1138 2810 1176 num
2858 1124 3040 1178 dicere
3088 1125 3367 1193 possimus
3392 1126 3663 1195 spiritales

2073 1213 2308 1280 fructus,
2342 1223 2395 1268 ct
2430 1214 2643 1269 divinas
2682 1214 2989 1270 oblationes
3018 1216 3085 1270 ab
3111 1216 3179 1271 iis
3210 1219 3303 1287 qui
3328 1219 3540 1272 vineam
3570 1234 3665 1273 ex-

2072 1306 2361 1360 coluerunt
2407 1305 2579 1360 servis
2625 1305 2740 1361 dari
2776 1306 2869 1376 qui
2921 1307 3078 1362 missi
3130 1318 3276 1374 sunt,
3305 1318 3363 1363 ut
3405 1317 3663 1378 tanquam

2072 1383 2386 1451 sacerdotes
2415 1395 2627 1451 fructus
2656 1397 2774 1467 ejus
2814 1397 2908 1468 qui
2938 1397 3095 1453 οπειί
3122 1398 3232 1454 Deo
3267 1399 3537 1467 dedicent,
3571 1402 3663 1456 sed

2070 1488 2337 1557 agricolas
2365 1504 2395 1542 e
2430 1489 2627 1558 populo
2655 1490 3011 1557 apprehensis
3035 1491 3206 1546 servis
3239 1492 3330 1562 qui
3366 1493 3519 1548 missi
3548 1492 3665 1548 fue-

2071 1588 2196 1632 rant
2225 1579 2290 1633 ad
2318 1578 2623 1648 carpendos
2647 1580 2816 1633 vinea)
2850 1580 2882 1633 l‘.
2901 1592 3080 1646 uetus,
3116 1584 3267 1637 illum
3301 1585 3519 1654 quidem
3546 1601 3667 1655 per-

2068 1674 2330 1738 cussisse,
2363 1671 2823 1742 quemadmodum
2881 1691 2898 1723 ι
2934 1668 3190 1729 Sedecias
3228 1677 3373 1731 ﬁlius
3403 1677 3665 1734 Chanaan

2067 1762 2338 1831 percussit
2373 1759 2656 1816 Mle-hmani
2689 1762 2742 1815 in
2783 1763 3058 1817 maxillam
3079 1763 3146 1829 θ’,
3182 1785 3200 1817 ι
3242 1768 3460 1836 quando
3492 1769 3663 1825 falsus

2066 1854 2329 1923 propheta
2380 1855 2429 1909 ei
2493 1863 2777 1923 postquam
2850 1854 3180 1911 vaticinatus
3234 1868 3352 1923 est,
3413 1858 3659 1915 dixit”:

383 1958 582 2028 μεταξὺ
610 1958 704 2011 τοῦ
735 1960 862 2013 ναοῦ
906 1962 999 2015 καὶ
1029 1959 1122 2013 τοῦ
1161 1959 1547 2033 θυσιαστηρίου
1567 1981 1580 1993 ·
1628 1962 1685 2016 ὃν
1712 1965 1769 2017 δὲ
1799 1963 1967 2016 ἐλιθο-

2077 1966 2095 1997 ι
2132 1944 2319 2012 Qualis
2351 1954 2435 2001 est
2458 1945 2684 2016 spiritus
2723 1944 2938 1999 Domini
2975 1947 3067 2016 qui
3104 1949 3156 2001 in
3189 1957 3239 2003 te
3268 1949 3482 2005 locutus
3510 1953 3657 2006 est?»

382 2050 616 2120 ϐόλησαν
656 2050 731 2115 ὡς
762 2054 853 2107 τὸν
895 2054 1149 2124 Ἀζαρίαν
1189 2053 1306 2107 υἱὸν
1331 2054 1424 2108 τοῦ
1466 2053 1682 2108 Ἰωαδαὲ
1718 2055 1829 2126 (79)
1875 2058 1966 2111 τὸν

382 2142 552 2214 ἱερέα,
581 2143 832 2216 καθάπερ
873 2148 1180 2219 γέγραπται
1222 2150 1278 2201 ἐν
1326 2151 1392 2218 τῇ
1431 2148 1659 2221 δευτέρᾳ
1700 2150 1807 2204 τῶν
1856 2152 1969 2203 Πα-

381 2236 821 2307 ραλειπομένωνο
881 2257 899 2290 ι
954 2239 1113 2310 ἡνίκα
1158 2239 1268 2310 γὰρ
1314 2240 1535 2311 Πνεῦμα
1578 2240 1712 2294 Θεοῦ
1753 2242 1968 2296 ἐνέδυσε

377 2328 468 2379 τὸν
516 2329 770 2401 Ἀζαρίαν
798 2332 888 2384 τὸν
917 2331 1012 2384 τοῦ
1062 2331 1274 2384 Ἰωαδαὲ
1302 2331 1393 2385 τὸν
1444 2334 1615 2403 ἱερέα,
1648 2335 1743 2389 καὶ
1768 2335 1965 2405 ἀνέστη

379 2420 564 2474 ἐπάνω
608 2422 703 2475 τοῦ
745 2423 895 2491 λαοῦ,
927 2425 1020 2477 καὶ
1049 2420 1200 2477 εἶπεν
1226 2442 1238 2454 ·
1272 2426 1409 2478 Τάδε
1451 2425 1596 2495 λέγει
1632 2428 1834 2500 Κύριος
1857 2445 1868 2457 ·
1902 2428 1964 2481 Τί

380 2515 831 2584 παραπορεύεσθε
854 2517 953 2579 τὰς
987 2516 1207 2578 ἐντολὰς
1239 2518 1476 2588 Κυρίου;
1510 2520 1620 2572 Καὶ
1641 2520 1741 2574 οὐκ
1767 2520 1965 2572 εὐοδω-

380 2600 611 2674 θήσεσθε
631 2622 644 2636 ·
664 2607 745 2660 ὅτι
764 2608 1153 2675 ἐγκατελίπετε
1175 2610 1264 2662 τὸν
1282 2610 1506 2682 Κύριον,
1532 2612 1624 2666 καὶ
1651 2611 1968 2681 ἐγκαταλεί-

378 2696 470 2765 ψει
505 2697 669 2767 ὑμᾶς.
729 2699 1015 2755 Ἐπέθεντο
1054 2701 1221 2772 αὐτῷ,
1262 2703 1356 2756 καὶ
1394 2702 1776 2774 ἐλιθοϐόλησαν
1807 2706 1966 2759 αὑτὸν

378 2787 447 2841 δι’
479 2789 703 2859 ἐντολῆς
747 2790 900 2855 Ἰωὰς
944 2791 1039 2845 τοῦ
1073 2792 1357 2862 βασιλέως,
1391 2796 1450 2846 ὲν
1491 2795 1625 2866 αὐλῇ
1660 2796 1809 2850 οἴκου
1855 2798 1966 2850 Κυ-

382 2877 520 2950 ρίου.
552 2881 663 2934 Καὶ
691 2882 790 2935 οὐκ
817 2883 1061 2955 ἐμνήσθη
1104 2884 1259 2949 Ἰωὰς
1283 2886 1377 2938 τοῦ
1407 2888 1610 2952 ἐλέους,
1643 2880 1705 2940 οὗ
1741 2887 1966 2960 ἐποίησε

384 2973 503 3041 μετ’
523 2972 686 3026 αὐτοῦ
718 2975 934 3029 Ἱωαδαὲ
963 2980 992 3031 ὁ
1017 2979 1201 3050 πατὴρ
1212 2979 1397 3045 αὐτοῦ,
1421 2982 1514 3034 καὶ
1540 2980 1852 3037 ἐθανάτωσε
1876 2982 1965 3036 τὸν

381 3062 498 3118 υἱὸν
535 3064 721 3119 αὑτοῦ.
771 3067 882 3121 Καὶ
926 3067 1001 3132 ὡς
1044 3069 1406 3141 ἀπέθνησκεν,
1453 3067 1638 3126 εἶπεν·
1674 3073 1798 3127 ’Ίδοι
1853 3073 1964 3145 (80)

382 3155 605 3228 Κύριος,
640 3158 734 3213 καὶ
767 3161 1026 3233 κρινάτω.
1077 3181 1097 3214 ι

463 3402 619 3474 Ἑξῆς
649 3405 795 3458 ἐστιν
829 3406 886 3459 ἐν
910 3409 973 3477 τῇ
1010 3406 1316 3480 παραϐολῇ,
1350 3408 1431 3462 ὅτι
1466 3425 1485 3458 ι
1523 3406 1683 3462 πάλιν
1719 3408 1970 3462 ἀπέστει-

378 3491 469 3549 λεν
498 3497 688 3563 ἄλλους
713 3498 930 3563 δούλους
961 3499 1212 3565 πλείονας
1242 3501 1349 3555 τῶν
1376 3500 1627 3574 πρώτων,
1657 3501 1751 3555 καὶ
1784 3502 1970 3572 ἐποίη-

382 3605 479 3643 σαν
507 3591 687 3655 αὐτοῖς
719 3591 997 3656 ὡσαύτως.
1038 3612 1057 3645 ι
1097 3592 1319 3665 Πλήρης
1346 3594 1403 3647 δὲ
1428 3596 1461 3664 ἡ
1490 3594 1678 3666 Γραφή
1714 3596 1826 3647 ἐστι
1859 3594 1968 3648 τῶν

383 3680 805 3752 συμϐεϐηκότων
848 3686 959 3746 τοῖς
992 3683 1321 3754 προφήταις,
1349 3682 1441 3747 οὓς
1471 3685 1787 3739 ἀπέστειλεν
1826 3685 1967 3756 ὑπὲρ

378 3773 473 3828 τοῦ
522 3773 673 3838 λαοῦ,
723 3774 809 3827 ἵνα
851 3774 943 3827 τὸν
988 3774 1199 3845 καρπὸν
1247 3772 1426 3827 αὐτῶν
1472 3776 1838 3846 ἁναφέρωσιν,
1890 3775 1968 3838 ὡς

2069 2039 2237 2093 alium
2279 2047 2485 2101 autem,
2525 2039 2987 2107 quemadmodum
3033 2039 3176 2092 inter
3209 2041 3467 2110 templum
3501 2052 3554 2097 et
3583 2042 3664 2096 al-

2068 2137 2185 2184 tare
2219 2128 2542 2184 Zachariam
2569 2129 2636 2193 οι,
2672 2129 3024 2196 occiderunt;
3061 2129 3211 2184 illum
3238 2147 3365 2186 vero
3394 2133 3665 2203 lapidibus

2069 2221 2434 2289 obtriverunt,
2473 2230 2529 2274 ut
2555 2220 2808 2274 Azariam
2842 2219 3012 2274 ﬁlium
3061 2221 3461 2296 782Joiadae
3488 2240 3672 2281 sacer-

2069 2315 2271 2376 dotem,
2302 2312 2768 2382 quemadmodum
2818 2313 2871 2365 in
2905 2313 3076 2366 altero
3112 2311 3566 2383 Paralipomenon
3596 2317 3661 2371 li-

2068 2405 2168 2460 bro
2209 2406 2467 2459 traditum
2512 2414 2633 2459 est:
2668 2404 2886 2473 quando
2914 2403 3059 2458 enim
3115 2424 3132 2457 ι
3166 2404 3405 2476 Spiritus
3444 2406 3536 2461 Dei
3583 2409 3663 2463 in-

2069 2497 2187 2551 duit
2211 2495 2463 2550 Azariam
2491 2496 2657 2550 ﬁlium
2690 2494 2896 2551 Joiada:
2918 2498 3278 2565 sacerdotem,
3314 2510 3366 2553 et
3392 2501 3541 2555 stetit
3566 2517 3665 2557 su-

2068 2603 2164 2657 pra
2199 2589 2479 2658 populum,
2508 2597 2563 2643 et
2595 2588 2732 2643 dixit
2764 2607 2776 2642 :
2812 2588 2935 2644 llaec
2960 2590 3094 2644 dicit
3121 2589 3389 2646 Dominus
3426 2608 3438 2643 :
3479 2593 3666 2659 Quare

2072 2681 2514 2751 lransgrcdimini
2546 2690 2812 2751 praacepta
2840 2680 3093 2735 Domini?
3122 2681 3187 2735 Et
3223 2681 3509 2738 infeliciter
3540 2701 3666 2755 age-

2073 2770 2314 2839 tis;quia
2330 2772 2695 2840 dercliquistis
2720 2770 3034 2835 Dominum,
3076 2781 3129 2826 et
3173 2773 3513 2843 derclinquet
3544 2790 3662 2831 vos.

2072 2858 2441 2916 Surrcxerunt
2469 2872 2661 2917 contra
2691 2877 2840 2926 eum,
2870 2872 2924 2917 et
2952 2864 3331 2933 lapidaverunt
3368 2865 3524 2934 juxta
3576 2881 3660 2920 re-
3748 2876 3749 2879 ‘

2069 2949 2152 3020 gis
2175 2947 2303 3006 Joas
2343 2951 2656 3021 imperium,
2687 2952 2741 3005 in
2782 2952 2923 3005 atrio
2955 2953 3152 3008 dotnus
3180 2953 3416 3009 Domini.
3450 2953 3515 3009 Et
3553 2970 3664 3008 non

2069 3049 2152 3093 est
2179 3041 2497 3096 recordatus
2525 3041 2656 3097 Joas
2690 3059 2782 3097 rex
2813 3043 3225 3109 misericordiae,
3260 3062 3423 3116 quam
3451 3043 3657 3101 fecerat

2069 3131 2258 3187 Joiada
2301 3143 2454 3202 pater
2482 3133 2630 3189 illius
2668 3130 2876 3201 secum,
2903 3145 2957 3190 et
2999 3137 3270 3192 interfecit
3309 3137 3478 3191 ﬁlium
3519 3136 3660 3207 ejus.

2072 3226 2175 3293 Qui
2207 3242 2332 3281 cum
2361 3237 2682 3294 moreretur,
2721 3228 2798 3283 ait
2826 3246 2841 3284 :
2875 3227 3069 3283 Videat
3098 3229 3388 3298 Dominus,
3415 3236 3470 3285 et
3508 3228 3661 3300 judi-

1996 3293 2036 3347 θ
2076 3318 2250 3373 eet”.
2282 3336 2300 3368 ι

2147 3410 2234 3487 10.
2284 3409 2407 3466 llaec
2433 3411 2688 3481 deinceps
2718 3411 2987 3467 habentur
3010 3413 3064 3467 in
3099 3414 3417 3483 parabola”
3449 3436 3464 3468 .-
3506 3433 3525 3467 ι
3559 3413 3663 3470 lte-

2073 3517 2195 3555 rum
2233 3502 2382 3556 misit
2410 3502 2546 3557 alios
2581 3508 2768 3557 ser‘vos
2791 3503 2975 3572 plures
2998 3504 3295 3572 prioribus,
3330 3512 3384 3557 et
3414 3503 3663 3559 fecerunt

2073 3593 2180 3648 illis
2211 3593 2513 3647 similiter.»
2535 3593 2630 3648 llis
2662 3603 2843 3648 autem
2872 3594 3067 3649 referta
3103 3604 3180 3648 est
3213 3593 3514 3664 Scriptura,
3540 3609 3666 3666 qua

2074 3685 2422 3755 contigerunt
2457 3682 2757 3753 prophetis,
2803 3700 2942 3753 quos
2991 3700 3088 3752 pro
3149 3685 3351 3753 populo
3400 3686 3568 3754 misit,
3601 3696 3662 3740 ut

2075 3775 2292 3829 illorum
2326 3775 2554 3843 fruetus,
2586 3783 2845 3844 tanquam
2870 3775 3040 3829 sancti
3069 3777 3400 3841 sacerdotes,
3426 3775 3537 3833 Deo
3562 3793 3661 3849 per

1585 3891 1816 3949 VETUS
1857 3888 2445 3945 INTERPRE'I'ATIO.

384 3985 606 4058 pierides
655 3986 863 4058 fructus
915 3986 1205 4042 mittuntur
1254 3987 1552 4058 prephette,
1584 3987 1677 4058 sed
1728 3987 1942 4055 operari
1989 3987 2185 4055 magis.
2225 3985 2357 4041 Vide
2391 4002 2519 4055 ergo
2551 3985 2599 4040 si
2625 3985 3172 4058 possumusqdicere,
3211 3987 3344 4058 quia
3383 3985 3659 4056 spiritales

384 4054 592 4126 fructus
621 4065 675 4110 et
700 4057 899 4126 divime
927 4058 1233 4112 oblationes
1258 4054 1477 4112 'dantur
1506 4057 1576 4112 ab
1609 4056 1677 4110 iis
1702 4054 1796 4126 qui
1827 4054 2109 4112 eoluerant
2135 4058 2373 4119 vineam,
2413 4054 2690 4125 prephetis
2720 4055 3061 4111 transmissis
3112 4066 3171 4111 ut
3217 4054 3449 4110 oﬂ'erant
3496 4060 3658 4126 quasi

384 4124 699 4201 sacerdotes
737 4125 848 4201 Deo
877 4129 1060 4201 populi
1094 4126 1331 4201 fructus.
1500 4124 1831 4201 accipientes
1846 4126 2043 4201 _c_oloui
2077 4141 2141 4181 ex
2179 4126 2378 4201 populo
2412 4124 2536 4201 il|o_,_
2555 4127 2722 4201 alium
2761 4126 2979 4201 quidem
3009 4127 3345 4201 ceciderunt,
3379 4124 3524 4201 sicut
3552 4124 3653 4182 Mt-

383 4195 590 4267 cltmam
618 4195 929 4267 percutiens
954 4195 1014 4251 in
1049 4198 1325 4252 maxillam
1361 4195 1633 4253 Sedecias
1658 4198 1805 4252 ﬁlius
1835 4197 2121 4259 Chanaan,
2153 4195 2372 4265 quando
2397 4205 2454 4251 et
2485 4197 2624 4251 dixit
2664 4198 2715 4250 ei
2758 4195 3105 4267 prophetanti
3135 4197 3606 4266 pseudopmpheta
3636 4238 3650 4252 .

388 4265 632 4337 {Qualis
658 4268 882 4336 spiritus
916 4266 1008 4322 Dei
1052 4268 1145 4337 qui
1175 4270 1390 4323 locutus
1427 4277 1512 4322 est
1540 4269 1596 4322 in
1624 4269 1718 4322 te?
1750 4288 1768 4320 ι
1803 4269 1986 4322 Alium
2021 4277 2205 4323 autem
2233 4268 2572 4328 occiderunt.
2609 4265 3101 4322 sicut’Zachariam
3132 4265 3272 4337 inter
3308 4270 3566 4337 templum
3598 4276 3653 4322 et

382 4335 571 4390 altare.
604 4335 786 4391 Alium
817 4335 1192 4405 lapidaverunt
1220 4338 1361 4393 sient
1388 4338 1637 4393 Azariam
1667 4339 1839 4393 tilium
1875 4337 2078 4393 Joiadze
2112 4338 2472 4401 sacerdotem,
2508 4338 2649 4391 sicut
2681 4338 2732 4390 in
2762 4337 3004 4391 secundo
3031 4337 3170 4392 libro
3192 4335 3653 4406 Paralipomenon

383 4407 631 4478 positum
655 4418 739 4462 est
764 4424 778 4462 :
808 4427 826 4458 ι
850 4408 988 4478 cum
1019 4408 1244 4478 spiritus
1277 4407 1372 4461 Dei
1412 4408 1681 4463 induisset
1705 4409 1957 4462 Auriam
1990 4409 2159 4463 lilium
2190 4407 2392 4463 Joiada:
2433 4408 2795 4468 sacerdotem,
2825 4409 3067 4478 surrexit
3097 4423 3260 4477 super
3287 4408 3570 4478 populum,
3600 4416 3655 4462 ct

382 4475 562 4532 dixit:
588 4475 714 4532 Haec
739 4478 875 4532 dicit
906 4475 1173 4535 Dominus
1200 4498 1214 4533 :
1239 4478 1419 4545 Quare
1453 4478 1740 4548 praeteritis
1767 4480 2021 4533 mandata
2054 4478 2289 4543 Domini,
2317 4487 2370 4532 et
2401 4494 2508 4533 non
2538 4476 3032 4548 prosperabimini?
3063 4475 3441 4548 Dei-eliquistis
3466 4476 3653 4531 Domi~

386 4560 540 4618 num,
577 4548 999 4618 et_derelinquet
1032 4564 1149 4603 vos.
1214 4548 1280 4601 Et
1311 4547 1639 4618 superpositi
1659 4558 1799 4618 sunt
1826 4549 1897 4611 ei,
1928 4558 1983 4603 et
2011 4549 2388 4616 lapidaverunt
2418 4563 2543 4618 eum
2590 4560 2685 4615 per
2719 4547 3033 4618 mandatum
3080 4547 3208 4603 Joas
3244 4548 3386 4618 regis
3417 4547 3471 4601 in
3516 4548 3658 4602 atrio

385 4616 582 4688 domus
630 4615 950 4681 Domini,_et
1004 4634 1112 4673 non
1168 4628 1253 4674 est
1301 4615 1620 4673 recordatus
1649 4617 1778 4673 Joas
1826 4615 2257 4688 miser-icerdiam
2296 4634 2460 4688 quam
2492 4617 2696 4688 fecerat
2717 4632 2843 4671 cum
2875 4633 2940 4671 eo
2963 4615 3156 4674 Joiada
3185 4615 3340 4688 pater
3369 4618 3567 4687 ipsius,
3600 4629 3655 4673 et

385 4687 735 4758 mortiﬁcavit
763 4688 932 4742 ﬁlium
963 4689 1101 4758 ejus.
1133 4688 1196 4744 Et
1221 4704 1347 4744 cum
1377 4697 1692 4758 moreretur
1717 4689 1854 4742 dixit
1879 4707 1891 4742 :
1920 4686 2109 4743 Videat
2145 4686 2428 4753 Dominus,
2458 4701 2511 4743 et
2534 4687 2765 4755 judicet.
2798 4706 2818 4739 ι

458 4757 548 4829 ll).
596 4775 615 4808 ι
647 4758 845 4812 lterum
880 4756 1026 4829 misit
1061 4760 1245 4829 plures
1270 4759 1559 4829 prioribus.
1593 4766 1648 4812 et
1677 4757 1924 4812 fecerunt
1957 4759 2038 4813 eis
2066 4760 2339 4814 similiter.
2377 4778 2396 4811 ι
2431 4758 2598 4813 Plena
2638 4765 2726 4812 est
2766 4757 2947 4812 omnis
2982 4756 3263 4829 Scriptura
3306 4773 3498 4829 eorum
3531 4774 3654 4829 quae

386 4827 706 4883 acciderunt
736 4827 1038 4898 prephetis,
1063 4827 1215 4899 quos
1244 4827 1396 4883 misit
1432 4829 1498 4883 ad
1531 4830 1791 4898 populum
1844 4836 1904 4881 ut
1953 4829 2167 4884 fruetus
2194 4844 2384 4885 eorum
2420 4829 2653 4883 oderant
2693 4843 2790 4897 per
2833 4827 3120 4884 orationes
3155 4843 3286 4884 suas
3336 4828 3447 4882 Deo
3493 4828 3655 4896 quasi

458 4943 503 4977 ⁸³
529 4940 752 5068 lgIGReg.
789 4943 1042 5009 “11,24.
1119 4945 1165 4977 ⁹⁰
1190 4943 1321 4999 ibid.
1396 4943 1438 4974 "
1469 4942 1660 4999 Matth.
1697 4962 1856 5013 mn,
1885 4946 1955 5003 53

465 5030 504 5068 1.
619 5053 634 5067 .

2071 4963 2146 5001 uc.
2194 4963 2268 5012 τι,
2300 4946 2390 5002 51.
2468 4948 2513 4980 ⁹²
2546 4947 2781 5004 llParal.
2809 4966 2959 5011 xxiv,
2984 4947 3075 5014 '20,
3106 4946 3196 5014 2i,
3231 4945 3320 5000 22.
3397 4943 3442 4977 ⁹³
3460 4944 3651 4999 Matth.

389 5028 504 5079 XXI,
545 5028 634 5068 eo.

461 5123 570 5201 (7'7)
619 5124 799 5180 Codex
846 5126 1030 5197 Angl.,
1080 5127 1532 5198 προσαγάγωσιν,
1568 5127 1736 5183 editio
1780 5127 1964 5183 Huetii
2000 5132 2045 5188 D
2072 5128 2263 5201 Matth.
2293 5146 2450 5197 χχιιι,
2486 5130 2588 5195 55,
2622 5131 2897 5201 eumdemi
2924 5144 3045 5185 esse
3076 5130 3281 5201 sciscit,
3316 5130 3408 5201 qni
3440 5129 3652 5184 Zaeha~

2075 5202 2186 5255 rias
2219 5198 2422 5256 Joiadze
2458 5202 2630 5266 ﬁlius;
2668 5202 2734 5253 ad
2766 5200 2816 5253 id
2856 5200 3123 5255 Hebraico
3154 5198 3534 5254 Natat-{eorum
3569 5215 3654 5254 co-

391 5209 758 5264 προσαγωσιν.
2075 5209 2186 5280 rius
2219 5209 2422 5256 Joiadze
2458 5209 2630 5281 Illius;
2668 5209 2734 5253 ad
2766 5209 2816 5253 id
2856 5209 3123 5281 Hebraico
3154 5209 3534 5281 Natat-uterum
3569 5215 3652 5254 co‘

393 5333 408 5340 _
466 5263 577 5333 (78)
606 5266 704 5317 Ὃν
724 5266 835 5331 μὲν
855 5266 1111 5335 ἔδειραν,
1142 5275 1245 5323 etc.
1269 5264 1468 5322 Eadem
1500 5267 1661 5322 habet
1683 5267 1970 5340 TheOphy-
2073 5271 2192 5326 dlce
2222 5272 2511 5335 adductus,
2541 5286 2591 5323 In
2621 5285 2730 5339 quo
2757 5286 2856 5340 pro
2880 5270 3158 5326 Bai-aehue
3183 5285 3423 5331 nomine,
3447 5267 3652 5323 Jotada:

393 5333 662 5409 lactus.“
799 5404 809 5409 _
895 5406 906 5409 _
1068 5407 1075 5409 Α
1280 5408 1285 5409 γ
1460 5407 1470 5409 _
1543 5408 1549 5409 γ
1675 5407 1687 5409 _
1758 5407 1765 5409 Α
1834 5333 1854 5340 “
1911 5333 1927 5340 ⁷
2074 5356 2270 5395 nomen
2330 5333 2595 5409 reperitur
2637 5333 2656 5389 Ξ
2704 5333 2853 5394 salva
2910 5351 3087 5395 tamen
3152 5340 3650 5395 vetustissimorum

465 5400 708 5477 (79)_'9§
752 5404 858 5459 τὸν
894 5405 1154 5477 Ἄᾷλρίαν
1200 5407 1484 5477 vida-itm“)
1541 5407 1787 5461 Ἰωαδαέ.
1837 5408 1970 5474 Qua:

392 5472 564 5528 verba
589 5473 641 5526 in
670 5472 1122 5548 Catenaﬂquoque
1166 5493 1299 5534 mss.
1338 5472 1967 5548 Bibliotheeaeqﬂegfita

393 5554 830 5616 conceptasunt.
866 5546 1379 5616 Sicihabent;etiam
1415 5562 1606 5603 omnes
1635 5546 1744 5600 τῶν
1774 5546 1828 5600 0⁵
1850 5547 1966 5602 edi—

396 5610 777 5688 tiones’llgPar.
799 5630 949 5688 sxw,
964 5615 1056 5684 20,
1075 5610 1270 5688 praeier
1292 5618 1756 5688 Complutensem,
1775 5618 1829 5688 in
1859 5633 1967 5687 qua

396 5683 591 5758 legitur
624 5685 928 5758 Ζαχαρίαν,
960 5695 1017 5740 ιιι
1043 5683 1106 5743 ει
1147 5683 1607 5758 ιῐοξειιιιιιείίιιιο
1655 5704 1709 5741 1x
1752 5683 1961 5758 Orig'in.

396 5769 446 5827 ς.
484 5754 538 5816 8,
582 5760 638 5809 et
664 5754 1068 5827 Theodoretus,
1101 5764 1157 5827 et
1200 5757 1525 5815 HebraicUm
1568 5754 1868 5827 exemplar,
1913 5766 1967 5813 et

397 5825 586 5895 Syrus,
617 5832 672 5879 et
714 5825 917 5895 iArgabs.
966 5822 1245 5895 Perplacet
1282 5829 1417 5882 mihi
1463 5822 1744 5883 sententia
1774 5826 1965 5882 Hiero-

396 5893 581 5963 nimi,
631 5894 728 5966 qui
779 5893 1103 5951 Zachariam
1154 5894 1433 5954 Baracbia:
1478 5897 1685 5965 ﬁlium,
1734 5899 1801 5955 de
1855 5913 1966 5964 quo

2072 5411 2292 5465 Patrum
2325 5411 2645 5473 reverentia,
2676 5412 2766 5478 qui
2797 5409 3125 5480 Zachariam
3145 5410 3413 5480 Baptistae
3439 5418 3646 5478 patrem

2073 5482 2222 5552 hica
2246 5480 2499 5552 Matthazo
2527 5480 2820 5550 signiﬁcari
2867 5490 3079 5552 putant.
3108 5479 3264 5535 Nunc
3303 5480 3353 5534 id
3386 5482 3648 5552 adnotare

2072 5551 2339 5617 suliiciat,
2391 5547 2701 5604 varietatem
2749 5547 2895 5606 illam
2940 5553 3221 5620 lectionis,
3259 5565 3381 5620 quae
3422 5547 3467 5620 ll
3516 5547 3641 5603 Par.

2054 5637 2226 5685 sxw,
2250 5621 2339 5687 20,
2364 5621 2621 5688 occurrit,
2649 5621 2742 5676 ubi
2769 5621 2991 5690 Azarias
3014 5636 3111 5690 pro
3135 5618 3399 5675 Zacharia
3430 5619 3646 5687 legitur,

2074 5693 2516 5761 antiquissimam
2554 5706 2694 5757 esse,
2747 5702 2800 5747 et
2845 5689 3075 5761 Origene
3116 5692 3236 5761 ipso
3266 5690 3638 5744 vetustiorcm.

2074 5758 2471 5903 lhgyiuébdex
2502 5830 2857 5903 Anglicanus,
2886 5828 3006 5897 ἴδοι,
3037 5828 3207 5886 editio
3232 5826 3411 5920 Iluetii
3442 5827 3596 5884 είδοι.
