4110 6410
495 400 625 454 fill

1970 388 2291 443 ORIGENiS

3640 394 3779 451 1512

494 517 730 574 fructum
768 513 1099 584 temporibus
1123 512 1307 576 suis’;
1340 530 1357 562 ι
1392 517 1444 563 et
1468 508 1925 580 quemadmodum
1950 509 2067 563 Cai-

2182 508 2337 576 λόγια
2358 508 2450 562 τοῦ
2477 506 2632 573 θεοῦ,
2658 507 2716 561 τό
2734 525 2776 559 οι
2808 507 3028 573 Κακοὺς
3055 506 3242 571 κακῶς
3278 506 3532 562 ἀπολέσει
3553 510 3773 580 αὐτοὺς,

494 608 633 679 phas
654 606 779 661 anni
808 606 953 660 illius
973 601 1210 675 pontifex
1248 602 1577 665 maximus“,
1599 616 1705 654 non
1725 616 1791 654 ex
1816 615 1874 653 se
1890 616 2073 654 verum

494 700 741 772 protulit,
759 699 849 753 sed
869 699 996 767 quia
1016 697 1257 768 pontifex
1283 694 1554 749 maximus
1577 701 1712 757 erat,
1734 694 1806 746 ita
1827 693 1900 746 illi
1919 692 2076 760 quasi

492 789 876 843 vaticinantur.
902 786 1281 841 Vaticinantur
1306 793 1483 838 autem
1514 784 1579 837 de
1618 782 1890 851 gentibus,
1927 778 2076 833 futu—

494 897 613 935 rum
635 892 690 934 ut
710 880 1082 949 patrifamilias
1104 879 1311 934 fructus
1330 876 1555 931 reddant
1576 874 1911 943 temporibus
1940 873 2075 927 suis.

2186 600 2279 653 καὶ
2306 600 2396 653 τὸν
2443 599 2744 670 ἀμπελῶνα
2775 599 3069 655 ἐκδώσεται
3104 598 3284 665 ἀλλοις
3314 602 3599 672 γεωργοῖς,
3635 601 3774 655 οἵτι-

2183 708 2271 756 νες
2304 691 2673 746 ἀποδώσουσιν
2704 693 2853 763 αὐτῷ
2893 693 3023 757 τοὺς
3056 692 3301 765 καρποὺς
3331 694 3389 747 ὲν
3421 695 3533 758 τοῖς
3561 697 3772 766 καιροῖς

2184 782 2391 835 αὐτῶν·
2428 801 2445 834 ι
2479 785 2572 837 καὶ
2592 785 2754 837 οίονεὶ
2784 784 3217 855 προφητεύουσιν
3233 784 3433 855 ὁμοίως
3448 784 3525 855 τῷ
3546 786 3773 857 Καιάφα

2182 876 2261 945 τῷ
2308 875 2553 947 ἀρχιερεῖ
2595 875 2689 930 τοῦ
2730 874 2977 929 ἐνιαυτοῦ
3031 878 3262 939 ἐκείνου,
3294 880 3388 929 καὶ
3440 878 3533 945 ἀφ’
3576 876 3771 931 ἑαυτοῦ

495 974 570 1046 μὴ
623 974 862 1046 εἰρηκότι
914 974 976 1026 τὸ
1032 973 1251 1045 ἀληθὲς,
1294 972 1405 1025 ἀλλ’
1468 972 1589 1024 ἐπεὶ
1640 968 1932 1041 ἀρχιερεὺς
1978 963 2066 1039 ἦν.
2133 968 2541 1041 Προφητεύουσι
2581 970 2636 1024 δὲ
2697 968 2826 1042 περὶ
2878 969 2987 1025 τῶν
3036 969 3226 1035 ἐθνῶν,
3290 971 3370 1025 ὅτι
3415 969 3647 1027 δώσουσι
3691 969 3772 1043 τῷ

488 1070 836 1141 οἰκοδεσπότῃ
869 1070 994 1132 τοὺς
1023 1069 1268 1140 καρποὺς
1294 1068 1352 1119 ἐν
1382 1068 1495 1128 τοῖς
1527 1066 1736 1135 καιροῖς
1763 1063 1966 1115 αὐτῶν.

563 1163 648 1218 l2.
689 1163 799 1218 Eos
850 1172 1068 1235 postea,
1130 1178 1250 1217 sese
1299 1160 1483 1231 populi
1538 1159 1894 1214 aedificatores
1946 1172 2066 1211 esse

488 1263 759 1326 putantes,
787 1270 852 1308 ex
888 1254 1167 1322 Scriptura
1219 1252 1463 1321 coarguit
1488 1249 1811 1319 Sospitator,
1855 1264 1933 1310 se,
1967 1246 2065 1316 qui

487 1349 625 1418 lapis
676 1359 778 1413 est,
815 1347 882 1401 ab
925 1346 1100 1415 iisque
1149 1343 1251 1398 fuit
1310 1343 1561 1412 l‘t‘jC‘f‘lUS,
1613 1355 1643 1394 a
1697 1336 1856 1392 Patre
1901 1338 2067 1393 totius

486 1435 700 1490 aedilicii
735 1443 893 1501 caput
928 1434 1159 1502 positum
1197 1433 1258 1485 iri
1292 1433 1545 1501 probans,
1579 1438 1764 1498 utpote
1796 1429 1935 1482 duos
1960 1425 2068 1481 Ve-

491 1527 623 1581 teris
662 1536 710 1581 et
741 1527 871 1580 Novi
900 1524 1231 1580 Testameuti
1261 1522 1509 1591 angulos,
1549 1520 1813 1590 binasque
1837 1519 2068 1588 populo-

489 1635 609 1672 rum
634 1617 1018 1672 aediﬁcationes
1037 1615 1341 1668 habentem.
1359 1612 1487 1666 Tale
1512 1612 1753 1667 scdenim
1774 1610 1904 1664 illud
1924 1611 2065 1664 est’:

492 1728 511 1761 ι
544 1709 829 1777 Nunquam
880 1706 1087 1775 legistis
1128 1704 1180 1758 in
1224 1702 1523 1774 Scripturis
1566 1720 1579 1756 :
1620 1701 1878 1772 Lapidem
1906 1716 2068 1771 quem

487 1801 912 1869 reprobaverunt
944 1796 1294 1862 aediﬁcantes,
1327 1796 1416 1851 hic
1449 1794 1625 1849 factus
1676 1803 1758 1848 cst
1813 1792 1867 1846 iu
1909 1800 2072 1861 caput

484 1892 711 1963 anguli?
742 1891 785 1944 Δ
815 1890 1045 1944 Domino
1090 1888 1291 1943 factum
1327 1896 1408 1943 est
1438 1887 1601 1952 istud,
1626 1895 1680 1941 ct
1700 1895 1783 1940 cst
1821 1884 2069 1938 mirabile

485 1984 539 2038 in
571 1983 744 2038 oculis
772 1982 992 2037 nostris.
1036 2000 1055 2031 ι
1100 1978 1196 2034 llic
1239 1990 1420 2033 autem
1471 1979 1626 2034 locus
1671 1978 1723 2031 in
1771 1976 2070 2031 centesimo

2247 1151 2379 1208 Εἶτα
2417 1156 2446 1207 ὁ
2477 1154 2667 1227 Σωτὴρ
2700 1155 2792 1207 ἐπὶ
2818 1153 3027 1217 τούτοις
3058 1154 3165 1207 ἀπὸ
3189 1153 3291 1222 τῆς
3320 1154 3543 1226 Γραφῆς
3571 1154 3770 1220 abcob;

2173 1245 2434 1308 δυσωπεῖ,
2481 1244 2800 1315 νομίζοντας
2838 1240 2977 1296 εἶναι
3021 1243 3116 1296 καὶ
3160 1244 3475 1314 οἰκοδόμους
3510 1242 3623 1314 (87)
3669 1243 3769 1298 τοῦ

2170 1335 2325 1403 λαοῦ,
2354 1337 2434 1390 ὃτι
2461 1335 2608 1388 λίθον
2641 1336 2802 1389 αὑτὸν
2832 1334 2959 1388 ὄντα
2994 1336 3088 1388 καὶ
3118 1335 3624 1405 ἀποδοκιμασθὼιτα
3667 1337 3767 1390 ἀπ’

2176 1429 2354 1483 αὐτῶν
2384 1430 2413 1482 ὀ
2459 1426 2648 1500 Πατὴρ
2696 1426 2852 1498 θήσει
2891 1427 2991 1498 τῆς
3018 1427 3147 1496 ὅλης
3172 1427 3463 1497 οἰκοδομῆς
3496 1427 3767 1498 κεφαλὴν,

2180 1522 2471 1592 συνέχοντα
2497 1520 2589 1573 δύο
2614 1520 2814 1588 γωνίας
2838 1519 3082 1582 Παλαιᾶς
3115 1519 3211 1572 καὶ
3241 1518 3449 1589 Καινῆς
3469 1517 3770 1590 Διαθὴκης,

2176 1614 2269 1665 καὶ
2292 1611 2385 1664 δύο
2408 1610 2551 1663 λαῶν
2577 1610 2862 1679 οἰκοδομάς
2878 1626 2891 1640 ο
2917 1608 3154 1661 τοιοῦτον
3172 1608 3281 1680 γάρ
3309 1610 3424 1660 ἐστι
3445 1608 3508 1660 τό
3523 1624 3537 1637 ο
3560 1625 3580 1658 ι
3603 1604 3770 1661 Οὐδέ-

2179 1721 2310 1757 ποτε
2365 1702 2635 1771 ἀνέγνωτε
2685 1703 2742 1754 ὲν
2804 1704 2923 1765 ταῖς
2977 1702 3252 1771 Γραφαῖς·
3318 1699 3478 1753 Λίθον
3522 1699 3581 1752 ὃν
3625 1700 3767 1753 ἁπε-

2176 1794 2477 1863 δοκίμασαν
2524 1793 2571 1844 οί
2602 1790 3033 1861 οἰκοδομοῦντες,
3076 1784 3232 1853 οὗτος
3269 1789 3498 1861 ἐγενήθη
3548 1791 3629 1853 είς
3671 1807 3767 1844 κει

2180 1885 2350 1956 φαλὴν
2384 1883 2617 1953 γωνίας;
2647 1883 2805 1954 Παρά
2843 1882 3046 1954 Κυρίου
3076 1883 3289 1950 ἐγένετο
3320 1882 3481 1952 αὕτη,
3520 1883 3617 1935 καὶ
3645 1879 3764 1938 ἔστι

2179 1977 2463 2048 θαυμαστὴ
2481 1977 2538 2031 ὲν
2549 1975 2848 2045 ὀφθαλμοῖς
2876 1974 3051 2047 ἡμῶν.
3082 1994 3099 2026 ι
3130 1977 3323 2030 Κεῖται
3337 1974 3393 2028 δὲ
3413 1972 3604 2046 ἡλέξις
3617 1976 3672 2027 ὲν
3684 1975 3764 2044 τῷ

485 2074 649 2149 785
694 2074 904 2128 decimo
946 2070 1177 2141 septimo
1207 2071 1449 2139 psalmo,
1499 2070 1592 2140 qui
1627 2068 2061 2139 prolixissimum

2174 2068 2448 2140 ἑκατοστῷ
2487 2068 2935 2139 ἑπτακαιδεκάτῳ
2975 2066 3195 2137 ψαλμῷ,
3236 2067 3294 2130 ὅς
3338 2069 3453 2120 ἐστι
3509 2066 3613 2138 πρὸ
3658 2067 3755 2120 τοῦ

488 2165 762 2234 psalmum
802 2162 1079 2234 praecedit,
1130 2161 1463 2227 continetur,
1515 2171 1567 2215 et
1600 2160 1685 2214 his
1718 2158 1895 2213 verbis
1939 2171 2071 2210 cono

492 2266 686 2324 ceptus
712 2265 797 2309 est
826 2255 868 2285 "
897 2272 910 2308 :
943 2272 962 2304 ι
1002 2251 1261 2322 Lapidem
1289 2266 1449 2322 quem
1481 2251 1906 2320 reprobavcruut
1931 2246 2055 2300 tedi-

491 2344 742 2411 ftcantes,
794 2344 883 2399 hic
910 2344 1087 2399 factus
1115 2352 1201 2397 est
1236 2344 1288 2397 in
1316 2351 1480 2413 caput
1515 2341 1698 2412 anguli
1732 2360 1745 2395 :
1778 2356 1806 2394 a
1842 2338 2071 2393 Domino

490 2433 694 2489 factum
743 2445 827 2490 est
872 2435 1037 2502 istud,
1088 2444 1143 2489 et
1172 2445 1254 2490 est
1284 2435 1532 2489 mirabile
1559 2435 1613 2488 in
1644 2433 1818 2488 oculis
1845 2432 2066 2486 nostris.

488 2521 614 2579 Haec
642 2533 724 2580 est
758 2525 875 2579 dies
901 2540 1065 2595 quam
1099 2523 1226 2578 fecit
1264 2524 1559 2589 Dominus,
1607 2522 1978 2583 exsultemus,
2016 2528 2071 2574 et

484 2615 732 2670 laetemur
784 2616 835 2670 in
885 2632 984 2681 ea;
1023 2636 1041 2670 ι
1091 2626 1145 2673 et
1191 2616 1237 2672 si
1289 2616 1420 2686 quid
1467 2611 1613 2670 aliud
1646 2613 1808 2669 exiis
1853 2627 1976 2682 quae
2001 2610 2069 2665 de

484 2707 707 2763 Christo
756 2710 1119 2780 praenuntiata
1166 2718 1315 2773 sunt,
1366 2707 1692 2764 convincere
1735 2722 1858 2761 eum
1890 2712 2068 2775 potest

484 2801 579 2874 qui
629 2800 940 2872 Scripturas
988 2812 1134 2858 recta
1186 2811 1366 2857 mente
1416 2808 1834 2871 perscrutatur,
1903 2806 2067 2868 atque

2176 2160 2644 2231 πολυστιχωτάτου
2677 2158 2895 2231 ψαλμοῦ
2926 2158 3283 2229 τεταγμένος,
3322 2159 3415 2211 καὶ
3444 2156 3556 2228 ἔχει
3586 2157 3762 2221 οὕτως

2173 2254 2234 2307 τὸ
2268 2250 2428 2325 ῥητόν
2448 2268 2462 2282 ο
2500 2270 2518 2303 ι
2547 2249 2707 2306 Λίθον
2730 2250 2789 2303 δν
2811 2250 3217 2321 ἀπεδοκίμασαν
3249 2251 3297 2302 oi
3319 2247 3759 2315 οἰκοδομοῦντες,

2172 2336 2326 2404 οὗτος
2387 2340 2619 2410 ἐγενήθη
2676 2340 2756 2403 είς
2799 2337 3042 2410 κεφαλὴν
3087 2339 3306 2406 γωνίας.
3354 2336 3513 2409 Παρὰ
3553 2338 3760 2409 Κυρίου

2171 2437 2386 2506 ἐγένετο
2409 2433 2571 2505 αὕτη,
2597 2432 2692 2486 καὶ
2720 2430 2834 2484 ἔστι
2856 2429 3144 2501 θαυμαστὴ
3165 2431 3220 2481 ὲν
3250 2428 3547 2499 ὀφθαλμοῖς
3577 2427 3756 2500 ἡμῶν.

2170 2527 2320 2599 Δῦτη
2370 2530 2403 2597 ἡ
2439 2526 2623 2597 ἡμέρα
2668 2524 2733 2595 ἢν
2772 2522 3027 2593 ἐποίησεν
3067 2522 3096 2573 ό
3129 2520 3364 2592 Κύρῑος,
3413 2518 3759 2588 ἀγαλλιασώ-

2174 2618 2332 2690 μεθα,
2366 2614 2461 2670 καὶ
2494 2612 2887 2685 εὐφρανθῶμεν
2920 2612 2978 2664 ὲν
3025 2611 3198 2681 αὐτῇ·
3249 2629 3266 2661 ι
3314 2610 3410 2663 καὶ
3450 2610 3505 2662 εἴ
3545 2627 3600 2663 τι
3628 2610 3759 2665 ἄλλο

2169 2709 2276 2763 τῶν
2311 2708 2439 2779 περὶ
2465 2705 2702 2777 Χριστοῦ
2730 2703 3218 2774 προφητευομένων
3252 2700 3474 2754 δύναται
3504 2701 3760 2772 δυσωπῆσ-

2171 2821 2260 2858 σαι
2280 2803 2369 2855 τὸν
2398 2798 2753 2869 εὐγνωμόνως
2776 2793 3098 2863 ἐξετάζοντα
3119 2794 3189 2847 τὰ
3221 2794 3584 2868 γεγραμμένα
3600 2834 3617 2860 ,
3653 2795 3750 2849 καὶ

486 2894 618 2949 illud
667 2895 885 2965 quidem
933 2896 1073 2951 inter
1107 2911 1170 2951 ea
1218 2895 1487 2949 recenseri
1518 2893 1696 2948 debet.
1737 2890 1876 2946 Nam
1917 2889 1963 2946 si
1996 2888 2064 2945 de

2174 2890 2329 2946 τοῦτο
2368 2893 2426 2944 ὲν
2460 2890 2641 2951 αὐτοῖς
2674 2886 2741 2940 ἂν
2770 2885 3016 2958 ταχθείη.
3060 2886 3124 2938 Εἰ
3165 2884 3275 2956 γάρ
3314 2883 3389 2954 μὴ
3434 2884 3566 2956 περὶ
3606 2883 3754 2937 λίθου

482 2985 661 3057 lapide
693 3002 855 3041 sensu
884 2996 1102 3042 carente
1148 2988 1260 3041 haac
1294 3002 1323 3040 a
1349 2986 1611 3057 propheta
1666 2984 1891 3038 minime
1922 2981 2066 3036 dicta

2174 2984 2196 3037 b
2237 2982 2525 3053 προφήτης
2566 2978 2889 3047 ἀναισθήτου
2938 2975 3115 3029 ταῦτα
3156 2975 3327 3043 λέγει,
3371 2974 3447 3038 ῶς
3492 2975 3633 3029 εἴποι
3670 2993 3755 3038 τις

488 3086 638 3143 sunt,
672 3079 1131 3149 quemadmodum
1160 3079 1392 3135 stolidus
1421 3078 1652 3133 fortasse
1680 3077 1879 3147 aliquis
1912 3091 2065 3130 assc-

2174 3072 2232 3126 Ξν
2283 3072 2488 3142 ἠλίθιος
2532 3070 2692 3142 ἀνὴρ,
2724 3068 2880 3140 δῆλον
2907 3067 2973 3121 ἂν
3020 3068 3128 3138 εἴη,
3162 3068 3244 3120 ὅτι
3289 3069 3319 3120 ό
3361 3067 3754 3137 ἀποδεδοκιμα-

489 3182 593 3237 ret,
630 3171 976 3241 perspicuum
1028 3172 1215 3243 utique
1259 3173 1363 3227 erit
1407 3171 1754 3242 reprobatum
1809 3185 1838 3223 a
1883 3164 2064 3238 pepuli

2174 3163 2363 3235 σμένος
2400 3161 2506 3214 ὑπὸ
2548 3161 2656 3215 τῶν
2702 3164 2758 3214 ὲν
2788 3158 2864 3229 τῷ
2906 3157 3021 3229 λαῷ
3050 3157 3244 3227 ἐκείνῳ
3286 3157 3495 3226 σοφῶν,
3524 3157 3617 3212 καὶ
3650 3158 3750 3225 ἀρ-

484 3261 717 3331 hujusce
747 3261 1088 3331 sapientibus
1108 3301 1123 3324 ,
1154 3270 1205 3316 et
1230 3260 1574 3317 sacerdotum
1608 3257 1946 3328 principibus
1966 3298 1981 3321 ,
2011 3264 2066 3311 et

2174 3254 2417 3325 χιερέων,
2441 3254 2534 3307 καὶ
2556 3251 2963 3325 πρεσϐυτέρων,
2996 3250 3090 3304 καὶ
3117 3250 3493 3320 γραμματέων
3525 3246 3753 3320 Ἰησοῦς,

485 3353 828 3420 senioribus,
886 3368 951 3408 ac
993 3352 1190 3408 scribis
1234 3350 1453 3412 Jesum,
1512 3358 1768 3419 tanquam
1808 3347 2064 3403 Ecclesiae

2174 3338 2322 3408 οὗτος
2356 3343 2569 3414 ἀληθῶς
2603 3342 2823 3411 ἐγένετο
2849 3342 2923 3405 ὡς
2951 3339 3158 3411 κεφαλὴ
3205 3337 3531 3410 Ἐκκλησίας
3554 3341 3634 3401 είς
3662 3353 3755 3390 κε-

485 3452 649 3514 caput
684 3445 737 3498 in
789 3453 954 3515 caput
999 3444 1182 3514 anguli
1210 3456 1396 3497 revera
1433 3442 1634 3496 factum
1684 3455 1838 3505 esse,
1868 3439 2062 3493 Testa-

2174 3435 2346 3507 φαλὴν
2378 3434 2599 3503 γωνίας,
2632 3433 2767 3487 ἑνῶν
2815 3434 2908 3486 καὶ
2952 3433 3045 3485 ἐπὶ
3077 3432 3139 3484 τὸ
3186 3430 3316 3485 αὐτὸ
3351 3429 3599 3497 συνάγων
3648 3431 3749 3493 τὰς

485 3546 668 3592 menta
702 3536 809 3593 duo
845 3538 1200 3602 adunantem,
1237 3546 1291 3591 et
1319 3535 1372 3589 in
1408 3550 1576 3589 unum
1624 3543 2061 3602 componentem.

2174 3527 2265 3582 δύο
2313 3524 2609 3597 Διαθήκας.
2664 3526 2775 3577 Kal.
2828 3523 2976 3577 ἐστιν
3014 3521 3155 3591 αῦτη
3211 3523 3244 3592 ἡ
3290 3519 3516 3591 κεφαλὴ,
3571 3519 3746 3591 δῶρον

482 3629 549 3683 Ει
574 3630 679 3684 hoc
717 3638 803 3685 est
835 3641 1017 3699 caput,
1057 3630 1261 3684 donum
1295 3644 1326 3682 a
1360 3626 1471 3683 Deo
1499 3627 1597 3681 toti
1640 3626 1868 3705 rediticio
1894 3626 2066 3681 dona~

486 3728 598 3775 tum
626 3762 640 3785 ,
677 3730 730 3776 et
763 3722 1012 3775 mirabile
1052 3720 1270 3791 quidem
1320 3729 1486 3790 caput
1520 3720 1572 3773 in
1616 3704 1793 3773 oculis
1837 3718 2065 3781 nostris,

482 3809 576 3880 qui
609 3809 785 3876 ipsum
838 3808 1037 3863 intueri
1090 3823 1423 3879 possumus;
1471 3825 1535 3864 ac
1582 3815 1867 3878 propterea
1911 3814 2066 3876 post-

484 3917 646 3970 quam
674 3899 906 3971 lapidem
934 3901 1081 3954 hunc
1118 3901 1550 3970 reprobaveruut
1597 3899 1962 3965 mdilicantes,
1998 3899 2067 3953 ab

482 3990 552 4046 iis
578 3991 834 4061 agricolis
862 4000 913 4048 et
939 3991 1365 4047 aediﬁcatoribus
1400 3990 1550 4046 hisce
1581 3989 1762 4044 ablata
1792 3996 1919 4043 sunt
1950 3988 2066 4041 elo-

482 4079 611 4153 quia
654 4078 743 4135 Dei
767 4123 779 4146 ,
815 4083 957 4137 inter
986 4097 1109 4150 qua:
1136 4088 1253 4135 erat
1282 4079 1375 4133 Dei
1404 4094 1629 4150 regnum
1653 4098 1667 4146 ;
1712 4079 1854 4149 genti
1884 4088 2064 4132 autem

479 4172 603 4242 ejus
645 4169 860 4229 fructus
908 4172 1132 4227 facienti
1191 4172 1378 4225 datum
1431 4177 1536 4225 est.
1578 4167 1735 4235 Quod
1780 4169 1826 4225 si
1871 4183 2061 4224 verum

480 4263 613 4323 illud
646 4274 727 4319 cst
754 4266 791 4296 “
825 4283 838 4320 :
882 4282 901 4315 ι
937 4263 1164 4319 Dabitur
1189 4261 1335 4333 genti
1366 4259 1587 4316 facienti
1615 4259 1829 4314 fructus
1863 4259 2003 4329 ejus,
2037 4277 2057 4311 ι

2172 3618 2324 3691 παρά
2366 3616 2569 3689 Κυρίου
2612 3619 2677 3687 τῇ
2722 3617 2817 3687 ὅλῃ
2850 3615 3104 3685 οἰκοδομῇ
3153 3612 3431 3683 δεδομένη,
3476 3611 3573 3664 ml.
3617 3609 3753 3666 θαυ-

2176 3710 2354 3784 μαστὴ
2383 3707 2591 3778 κεφαλὴ
2618 3708 2675 3761 ὲν
2707 3706 3004 3777 ὀφθαλμοῖς
3032 3705 3209 3775 ἡμῶν,
3240 3704 3553 3774 δυναμένων
3577 3702 3751 3775 αὐτὴν

2175 3801 2413 3871 βλέπειν,
2449 3798 2544 3853 καὶ
2581 3798 2669 3851 διὰ
2701 3796 2880 3860 τοῦτο,
2915 3797 3037 3850 ἐπεὶ
3074 3794 3489 3866 ἀπεδοκίμασαν
3525 3797 3573 3847 οί
3603 3794 3747 3848 οἱκο-

2171 3888 2457 3960 δομοῦντες
2482 3889 2670 3943 τοῦτον
2694 3888 2785 3943 τὸν
2812 3887 2978 3951 λίθον,
3008 3886 3151 3959 ῆρθη
3182 3888 3278 3957 μὲν
3305 3888 3414 3941 ἀπὸ
3441 3886 3551 3941 τῶν
3580 3902 3749 3958 γεωρο

2167 3981 2281 4051 γῶν
2313 3982 2556 4045 ἐκείνων,
2592 3979 2689 4035 καὶ
2715 3978 2827 4032 τῶν
2867 3978 3165 4049 οἰκοδόμων
3212 3978 3436 4031 ἐκείνων
3478 3977 3548 4029 τὰ
3589 3976 3744 4045 λόγια

2168 4069 2260 4125 τοῦ
2298 4068 2454 4132 Θεοῦ,
2496 4070 2552 4122 ὲν
2592 4062 2675 4132 οἷς
2709 4063 2776 4138 ἦν
2809 4068 2844 4139 ἡ
2878 4066 3122 4137 βασιλεία
3165 4066 3259 4118 τοῦ
3295 4064 3431 4119 Θεοῦ
3453 4083 3465 4095 ·
3504 4064 3659 4137 ἐδόθη
3686 4064 3745 4121 δὲ

2166 4163 2310 4221 ἔθνει
2342 4161 2580 4215 ποιοῦντι
2609 4163 2735 4225 τοὺς
2761 4160 3007 4232 καρποὺς
3033 4158 3225 4228 αὐτῆς.
3259 4158 3322 4211 El
3350 4158 3406 4212 δὲ
3434 4157 3634 4229 ἀληθὲς
3659 4157 3738 4211 τό·

2171 4273 2189 4305 ι
2228 4254 2523 4319 Δοθήσεται
2561 4252 2703 4305 ἔθνει
2747 4250 2990 4305 ποιοῦντι
3037 4249 3164 4312 τοὺς
3208 4249 3456 4321 καρποὺς
3487 4249 3677 4320 αὐτῆς,
3715 4266 3735 4301 ι

1684 4389 1915 4447 VETUS
1954 4386 2534 4443 INTEBPRETATIO.

484 4530 647 4589 faciet
676 4528 886 4602 colonis
920 4528 1065 4602 illis?
1096 4548 1115 4581 ι
1150 4527 1571 4599 Responderunt
1594 4546 1691 4585 ore
1723 4531 1944 4602 proprio
1969 4530 2224 4602 iudicati,
2258 4532 2403 4600 quod
2438 4550 2456 4581 ι
2480 4530 2665 4602 malos
2700 4531 2839 4587 male
2873 4531 3083 4602 perdet,
3112 4530 3403 4602 etivineam
3437 4527 3587 4602 dabit
3617 4528 3739 4602 aliis

483 4601 957 4681 agricolis.‘i.Aut
979 4601 1135 4681 enim.
1156 4602 1477 4681 prepbetant
1510 4600 1970 4681 quemadmodum
2019 4600 2258 4670 Caiphas
2301 4601 2579 4681 sacerdos,
2625 4602 2719 4670 qui
2751 4600 2961 4656 non'ex
2992 4618 3051 4656 se
3079 4601 3218 4655 dixit
3245 4600 3738 4681 rerumnsedqui‘a

484 4667 740 4728 sacerdos
770 4669 871 4741 fuit
904 4669 1031 4741 anni
1065 4667 1209 4722 illius
1247 4667 1585 4741 prephetarit
1617 4670 1743 4741 :_sie
1767 4679 1821 4724 et
1846 4670 1933 4741 isti
1969 4685 2079 4723 nou
2105 4667 2172 4725 ex
2200 4687 2259 4726 se
2290 4667 2751 4741 prophetaver'unt
2779 4681 2971 4727 contra
3001 4687 3081 4737 se,
3113 4670 3371 4740 quoniam
3401 4667 3638 4724 tollenda
3658 4667 3739 4725 eis

480 4752 635 4799 erant
668 4740 880 4809 eloquia
916 4736 1115 4809 Dei,_et
1146 4736 1397 4809 gentibus
1434 4739 1610 4793 danda
1643 4739 1880 4794 fructum
1916 4740 1968 4793 in
2003 4748 2248 4809 tempore
2284 4736 2648 4795 suo—(ianuis.

555 4810 642 4867 12.
690 4831 707 4862 ι
737 4805 874 4864 Dicit
905 4808 1011 4863 illis
1041 4805 1200 4863 Jcsus
1227 4821 1260 4880 :U
1281 4805 1567 4880 Nunquam
1602 4810 1804 4880 legistis
1840 4810 1894 4863 in
1937 4805 2238 4878 Scripturis
2270 4831 2284 4865 :
2317 4811 2574 4880 Lapidem
2608 4826 2769 4879 quem
2803 4811 3231 4879 reprobaveruut
3260 4807 3613 4880 aediﬁcantes,
3650 4808 3739 4864 hic

480 4882 662 4959 factus
692 4889 775 4935 est
800 4881 852 4933 in
882 4889 1042 4949 caput
1080 4876 1306 4959 anguli?
1338 4878 1381 4929 Α
1411 4876 1865 4959 Doruinofactum
1902 4876 2163 4959 estnillud,
2200 4890 2256 4935 ct
2290 4891 2371 4935 cst
2399 4876 2746 4959 mirabile-in
2789 4876 2962 4937 oculis
3002 4883 3231 4959 nostris.
3259 4897 3277 4930 ι
3308 4877 3739 4959 Quoniaurergo

466 4954 745 5023 «putabant
775 4965 833 5004 se
857 4948 1366 5023 essetedilicatores
1390 4949 1576 5023 populi
1609 4951 1921 5023 sacerdotes
1957 4951 2054 5013 illi,
2085 4966 2207 5004 cum
2241 4967 2348 5004 non
2389 4960 2572 5023 essent
2600 4951 2956 5023 :etliticatores
2988 4949 3298 5023 probabiles
3337 4949 3655 5023 :_nec‘cuim
3691 4949 3738 5002 si

491 5018 737 5100 l'uissent_
755 5019 1083 5100 probabiles,
1115 5019 1342 5100 lapidem
1387 5018 1704 5100 hujusmotli
1749 5021 2175 5100 reprobassent;
2211 5030 2392 5100 tamen
2437 5020 2578 5100 dicit
2618 5020 2723 5100 illis
2753 5022 2821 5075 de
2849 5018 3169 5091 Scripturis,
3205 5020 3466 5100 quoniam
3492 5018 3738 5100 lapidem

484 5109 542 5148 se
567 5090 921 5159 constitutum
947 5096 1000 5142 et
1032 5090 1381 5159 mprobatum
1413 5090 1482 5142 ab
1504 5088 1583 5142 eis
1616 5089 1773 5141 l’ater
1806 5090 2094 5144 collocavit
2148 5091 2202 5143 in
2251 5091 2417 5143 totius
2445 5090 2655 5144 aedilicii
2692 5102 2888 5159 caput,
2939 5088 3001 5145 ut
3024 5091 3447 5159 comprehendat
3474 5089 3612 5159 duos
3633 5102 3737 5159 an-

483 5163 640 5232 gulos
656 5157 866 5232 Veteris
880 5156 1218 5232 Testamenti
1241 5168 1297 5232 et
1325 5158 1482 5222 Novi,
1513 5166 1569 5232 et
1591 5159 1824 5232 duorum
1852 5160 2176 5232 populorum
2205 5156 2878 5232 aediﬁcationemltoe‘est
2907 5165 3050 5232 enim
3092 5156 3235 5229 quod
3267 5158 3342 5232 ait
3371 5176 3385 5212 :
3423 5177 3441 5209 ι
3476 5156 3735 5232 Lapidem

484 5224 1098 5310 quentreprohavcruut
1123 5228 1473 5310 albicantes,
1513 5228 1601 5283 hic
1634 5228 1807 5310 factus
1830 5224 1998 5310 estin
2026 5238 2190 5310 caput
2214 5229 2419 5310 anguli.
2466 5249 2484 5281 ι
2560 5224 2633 5284 Et
2653 5231 2752 5285 iste
2781 5231 2919 5310 lapis
2941 5224 3250 5310 dontun‘est
3276 5224 3598 5310 donatun’t‘a
3628 5224 3737 5279 [leo

482 5295 713 5357 azdilicio
738 5295 1019 5364 universo,
1069 5312 1123 5351 et
1161 5298 1480 5368 admirabile
1507 5310 1672 5368 caput
1711 5299 1764 5352 in
1795 5300 1969 5354 oculis
1997 5295 2200 5353 nostris
2226 5295 2319 5368 qui
2362 5315 2656 5368 possumus
2685 5316 2809 5355 eum
2834 5295 3018 5355 {ridere
3045 5299 3220 5353 oculis
3253 5300 3471 5352 mentis.
3508 5295 3574 5368 _Si
3607 5306 3738 5364 ergo

482 5386 670 5426 verum
702 5379 797 5448 est
845 5369 990 5448 quod
1038 5368 1153 5447 ait:
1195 5386 1212 5418 ι
1243 5365 1624 5448 auferetur}.
1653 5368 1810 5448 Vobis
1840 5385 2068 5437 regnum
2103 5369 2222 5448 Qei,
2245 5365 2310 5448 ζει
2334 5365 2575 5448 dabitur_
2606 5370 2737 5448 aliis_
2757 5370 2988 5448 colonis,
3029 5370 3121 5448 qui
3148 5370 3381 5448 reddent
3420 5368 3468 5422 ei
3500 5366 3737 5448 fructum

482 5441 821 5513 temporibus
855 5435 993 5505 suis,
1025 5456 1043 5488 ι
1077 5438 1198 5492 sine
1226 5436 1392 5493 dubio
1424 5439 1627 5493 nemini
1660 5440 1819 5493 datur
1843 5435 2072 5509 regnum
2104 5438 2218 5504 Dei,
2246 5439 2298 5494 id
2327 5449 2429 5501 est.
2468 5439 2690 5495 verbum
2721 5439 2956 5503 Domini,
3002 5435 3108 5493 uisi
3145 5436 3471 5493 facientibus
3496 5435 3738 5494 fructum

551 5577 570 5608 "
598 5575 793 5631 Matth.
837 5591 948 5636 xxx,
991 5575 1079 5628 Η.

485 5645 527 5676 ⁸⁸
555 5644 742 5701 Matth.
778 5662 890 5710 χχι,
924 5646 1012 5698 45.

1180 5574 1376 5631 8Joau.
1413 5591 1489 5643 xl,
1548 5577 1636 5641 49,
1692 5578 1780 5631 3L

1883 5577 1903 5608 ⁸
1938 5574 2127 5631 Matth.
2181 5592 2297 5642 nt,
2357 5576 2445 5632 42.

2557 5578 2599 5608 ¹⁰
2630 5574 2773 5631 Psal.
2836 5592 3004 5643 cxvu,
3058 5573 3152 5643 22,
3208 5574 3299 5642 9.3,
3363 5573 3434 5630 24
3499 5582 3552 5630 et
3590 5582 3709 5639 seq.

553 5757 665 5829 (87)
689 5759 1039 5828 Νομὶζοντας
1062 5758 1210 5817 εἶναι
1233 5764 1327 5817 καὶ
1355 5765 1726 5836 οἰκοδόμους,
1750 5774 1853 5822 etc.
1881 5766 2067 5838 Chryst

2174 5784 2329 5834 imus,
2355 5766 2812 5839 Theophylactus,
2839 5764 3182 5839 Euthymius.
