4110 6468
511 504 644 559 l‘i‘ﬂ

1822 495 1887 551 ΙΝ
1928 494 2343 552 MATTIUEUM
2382 499 2618 558 TOMUS
2651 501 2816 557 XVII:

3638 502 3793 560 152%

500 624 614 691 γάρ
648 618 721 692 μὴ
757 618 855 685 ὢν,
889 637 908 670 ι
949 617 1103 687 φησὶ,
1138 636 1156 667 ι
1194 616 1311 687 μετ’
1355 612 1513 687 ἐμοῦ,
1549 614 1667 668 κατ’
1697 614 1831 685 ἐμοῦ
1860 615 2028 668 ἐστιν.
2069 634 2078 665 l

2196 618 2396 672 sentire
2417 620 2698 675 credentes
2730 610 3424 690 iniquitatem-iii'sublime
3450 621 3797 692 loquuntur”

498 705 657 760 Οῦτω
685 707 759 771 δέ,
803 705 905 761 κᾶν
939 707 1244 774 συνάγωσιν
1301 706 1350 759 oi
1413 706 1487 778 μὴ
1526 703 1595 758 τά
1623 703 1797 776 ἀληθῆ
1831 706 1962 776 περὶ
1990 703 2085 757 τοῦ

499 798 627 851 Υίοῦ
669 797 996 871 φρονοῦντες
1031 801 1089 851 ἐν
1120 796 1195 868 τῷ
1233 797 1458 868 ὀνόματι
1494 796 1691 869 Ἰησοῦ,
1730 796 2084 869 σκορπίζουσι

496 889 700 961 μᾶλλον
735 890 767 962 ἢ
792 891 1109 959 συνάγουσι.
1132 890 1270 960 Φησὶ
1295 889 1405 962 γὰρ
1426 891 1455 944 ὁ
1494 890 1705 962 Σωτήρ·
1744 908 1763 943 ι
1807 891 1918 944 Καὶ
1943 892 1972 943 ὁ
2009 891 2084 964 μὴ

496 981 743 1051 συνάγων
767 985 883 1054 μετ’
908 983 1067 1055 ἐμοῦ,
1100 982 1440 1053 σκορπίζει.»
1464 980 1574 1036 Καὶ
1604 982 1865 1054 πρόσχες,
1901 981 1982 1035 ὄτι
2008 982 2083 1056 μὴ

489 1074 709 1145 ε’ρηται
740 1074 944 1139 ἁπλῶς·
1004 1094 1023 1127 ι
1058 1076 1116 1129 '0
1152 1076 1226 1147 μὴ
1277 1076 1525 1144 συνάγων
1565 1074 1907 1147 σκορπίζειοι
1947 1074 2085 1129 ἀλλά

493 1166 635 1236 μετά
659 1167 922 1239 ἀκριϐοῦς
955 1169 1277 1242 προσθήκης
1309 1168 1429 1240 τῆς,
1463 1187 1482 1219 ι
1511 1170 1626 1239 μετ’
1645 1168 1833 1239 ἐμοῦ-ι
1863 1169 1945 1222 δεῖ
1975 1169 2084 1243 γάρ

490 1261 581 1314 τὸν
610 1262 915 1331 συνάγοντα
949 1264 1067 1334 μετ’
1091 1260 1259 1317 αὐτοῦ
1296 1261 1570 1330 συνάγειν.
1624 1260 1860 1331 Νοήσεις
1907 1260 1963 1313 δέ
1993 1260 2084 1313 τὸν

494 1354 611 1422 μετ’
645 1353 812 1407 αὑτοῦ
844 1355 1165 1425 συνάγοντα,
1191 1356 1493 1425 ἐπιστήσας
1525 1352 1621 1423 τῷ’
1660 1370 1677 1403 ι
1703 1351 2083 1422 Συναχθέντων

491 1441 647 1511 ὑμῶν
678 1442 891 1496 καὶτοῦ
938 1443 1073 1514 ἐμοῦ
1108 1442 1438 1514 πνεύματος,
1485 1442 1583 1496 σῦν
1614 1444 1676 1513 τῇ
1724 1441 1952 1512 δυνάμει
1987 1442 2080 1496 τοῦ

490 1534 699 1603 Κυρίου
743 1533 940 1605 Ἰησοῦ,
976 1532 1310 1605 παραδοῦναι
1364 1534 1456 1587 τὸν
1484 1532 1727 1586 τοιοῦτον
1757 1531 1835 1601 τῷ
1866 1534 2082 1604 Σατανᾷ

488 1625 570 1688 είς
594 1624 814 1696 ὄλεθρον
868 1624 968 1695 τῆς
1023 1625 1279 1698 σαρκός-ι
1338 1624 1401 1697 τὸ
1452 1625 1580 1696 γάρ·
1638 1642 1657 1674 ι
1699 1621 2080 1693 Συναχθέντων

2193 713 2247 758 ει
2277 706 2556 762 Conditori
2584 710 2925 774 obtrectant;
2979 724 3105 764 cum
3144 723 3212 765 eo
3246 712 3450 782 quippe
3476 728 3587 767 non
3620 724 3793 782 sunt,

2188 802 2243 850 et
2268 796 2468 854 idcirco
2488 801 2749 856 adversus
2764 817 2889 855 eum
2913 810 3043 857 sunt
3065 817 3080 852 :
3108 820 3128 852 ι
3150 800 3254 868 Qui
3278 804 3445 869 enim,
3460 823 3478 855 ι
3502 805 3678 875 inquit
3699 807 3793 869 "',.

2194 904 2214 939 ι
2239 903 2347 944 non
2385 904 2470 946 est
2498 907 2739 959 mecum,
2768 904 2957 949 contra
2993 878 3080 951 me
3102 904 3204 951 est.
3237 914 3254 946 ι
3296 894 3556 950 Similiter
3584 906 3768 953 autem

2187 983 2440 1050 quamvis
2484 982 2538 1037 in
2585 985 2806 1040 nomine
2834 984 2963 1041 Jesu
3022 995 3386 1056 congregem,
3416 987 3510 1056 qui
3544 1003 3670 1043 vera
3700 990 3769 1043 de

2186 1072 2326 1128 Filio
2352 1090 2461 1131 non
2496 1077 2777 1143 sentiunt,
2822 1089 3087 1148 spargunt
3132 1079 3313 1149 potius
3345 1094 3517 1147 quam
3536 1093 3765 1151 congre-

2186 1177 2350 1239 gant;
2396 1169 2471 1223 ait
2497 1169 2698 1239 quippe
2739 1168 3095 1224 Servator”:
3130 1191 3148 1224 ι
3181 1170 3246 1226 Ει
3271 1172 3365 1241 qui
3397 1186 3504 1225 non
3537 1186 3767 1244 congre-

2184 1269 2277 1330 gat
2305 1276 2516 1314 mecum
2541 1301 2557 1327 ,
2610 1260 2835 1332 spargit.
2869 1282 2887 1314 ι
2917 1261 3301 1317 Animadverte
3346 1269 3526 1318 autem
3561 1264 3762 1318 dictum

2185 1366 2294 1405 non
2325 1350 2497 1406 fuisse
2540 1352 2903 1422 simpliciter:
2938 1371 2957 1404 ι
2985 1352 3089 1419 Qui
3115 1369 3221 1408 non
3259 1362 3582 1425 congregat,
3612 1371 3775 1426 ερατ-ι

2184 1443 2293 1514 git;
2328 1463 2347 1496 ι
2385 1444 2481 1499 sed
2509 1459 2632 1498 cum
2660 1454 2822 1500 cauto
2850 1444 2957 1500 hoc
2988 1453 3043 1500 et
3065 1445 3339 1517 exquisito
3369 1446 3761 1511 addilamento,

2188 1552 2207 1586 ι
2240 1550 2485 1602 mecum;
2519 1554 2538 1587 ι
2594 1542 2810 1606 oportet
2847 1536 2992 1591 enim
3023 1545 3083 1592 ut
3123 1537 3215 1608 qui
3253 1547 3580 1609 congregat,
3632 1553 3765 1595 con-

2183 1634 2365 1693 greget
2396 1638 2522 1678 cum
2557 1638 2643 1678 eo.
2669 1622 2775 1689 Qui
2805 1633 2986 1678 autem
3020 1641 3145 1681 cum
3171 1642 3237 1681 eo
3267 1635 3593 1698 congregat,
3622 1628 3765 1683 hunc

492 1715 644 1786 ὑμῶν
676 1717 771 1770 καὶ
802 1717 895 1770 τοῦ
928 1715 1063 1788 ἐμοῦ
1092 1715 1422 1787 πνεύματος,
1477 1716 1575 1768 σὺν
1610 1717 1677 1786 τῇ
1705 1714 1934 1785 δυνάμει
1986 1712 2078 1767 τοῦ

2182 1713 2490 1782 dignosces,
2536 1713 2582 1769 si
2614 1712 2683 1768 ad
2710 1713 2765 1768 id
2791 1714 3087 1769 attenderis
3114 1714 3157 1747 ³³
3189 1732 3202 1767 :
3237 1734 3255 1767 ι
3283 1717 3638 1786 Congregatis
3665 1731 3776 1772 vo--

488 1807 697 1879 Κυρίου
736 1807 935 1879 Ἰησοῦ,
951 1828 969 1860 i
988 1808 1141 1880 δηλοῖ
1164 1808 1255 1861 τὸν
1279 1808 1577 1877 συνάγοντα
1615 1808 1733 1878 μετ’
1763 1807 1949 1859 αὐτοῦ.
1970 1806 2078 1859 Καὶ

2182 1805 2266 1861 bis
2297 1814 2349 1861 et
2379 1820 2503 1861 meo
2532 1805 2726 1876 spiritu
2746 1847 2762 1873 ,
2801 1821 2927 1861 cum
2957 1807 3158 1863 virtute
3193 1806 3406 1862 Domini
3435 1806 3597 1873 Jesu,
3647 1819 3761 1865 tra-

485 1899 584 1953 ούκ
617 1898 684 1957 ἂν
732 1896 916 1968 λέγοις
948 1900 1029 1953 τό’
1064 1917 1082 1950 ι
1105 1900 1490 1970 Συναχθέντων
1532 1899 1688 1970 ὑμῶν
1730 1899 1787 1952 ἐν
1811 1901 1877 1969 τῇ
1920 1898 2078 1953 δυνά-

2182 1896 2309 1951 dere
2359 1896 2674 1966 huiusmodi
2700 1897 2915 1952 Satanae
2945 1895 3000 1950 in
3028 1896 3304 1952 interitum
3336 1898 3537 1953 carnis.
3569 1916 3589 1951 ι
3627 1897 3762 1953 Illud

486 2007 579 2060 μει
611 1990 704 2043 τοῦ
740 1991 948 2063 Κυρίου
985 1990 1216 2063 Ίησοῦ,»
1244 1991 1507 2065 ἁρμόζειν
1537 1993 1651 2054 τοῖς
1678 1991 1795 2061 ήτοι
1824 1989 1964 2061 μετὰ
1983 1990 2075 2044 τοῦ

2182 1990 2361 2043 enim:
2392 2007 2411 2041 ‹
2438 1988 2797 2060 Congregatis
2829 1988 2982 2044 vobis
3009 1997 3063 2045 et
3087 2005 3209 2044 meo
3244 1991 3463 2061 spiritu,
3501 2007 3623 2046 cum
3651 1991 3763 2045 vir-

483 2081 670 2153 κακῶς
698 2082 848 2153 βιοῦν
874 2083 1217 2151 συνάγουσιν,
1264 2083 1383 2154 ἦτοι
1416 2082 1823 2152 συναγομένοις,
1868 2083 1901 2152 ἢ
1942 2081 2077 2153 μετά

2182 2088 2292 2134 ιυιε
2328 2079 2549 2135 Domini
2576 2079 2707 2136 Jesu
2730 2121 2745 2148 ,
2781 2098 2801 2133 ι
2840 2095 2964 2136 cum
2999 2080 3164 2151 79o
3211 2080 3302 2136 illo
3340 2089 3758 2151 congregantem

482 2173 577 2228 τοῦ
601 2172 787 2237 κακῶς
810 2175 905 2228 καὶ
932 2173 1145 2239 ἀσεϐῶς
1181 2178 1398 2248 φρονεῖν
1425 2175 1552 2247 περὶ
1581 2173 1717 2228 Θεοῦ
1750 2174 1784 2246 ἢ
1816 2173 1910 2227 τοῦ
1942 2175 2078 2245 Χρι-

2182 2171 2432 2227 ostendit.
2465 2170 2576 2228 Nec
2600 2172 2783 2227 dicere
2809 2187 2979 2243 queas
3022 2172 3111 2226 illa
3137 2188 3151 2226 :
3184 2190 3203 2223 ι
3232 2171 3585 2243 Congregatis
3607 2171 3760 2228 vobis

487 2264 615 2318 στοῦ
645 2265 832 2320 αὑτοῦ.
871 2265 1057 2321 Ταῦτα
1091 2267 1186 2321 xui.
1205 2265 1296 2321 διὰ
1325 2266 1387 2320 τδ
1414 2269 1542 2331 τοὺς
1595 2266 1786 2337 ὄχλους
1817 2268 2077 2338 φρονοῦν-

2182 2260 2230 2315 in
2263 2261 2465 2316 virtute
2498 2259 2713 2316 Domini
2738 2260 2867 2317 Jesu
2890 2302 2904 2328 ,
2935 2279 2954 2313 ι
2986 2260 3053 2317 iis
3089 2262 3380 2318 convenire
3420 2263 3513 2332 qui
3544 2262 3627 2316 vel
3665 2276 3759 2316 neo

479 2374 580 2421 τας
633 2357 763 2429 περὶ
817 2357 911 2412 τοῦ
947 2358 1144 2430 Ἰησοῦ,
1175 2359 1303 2423 τοὺς
1352 2360 1490 2431 ὑπὲρ
1532 2359 1720 2422 αὐτοῦ,
1760 2360 1855 2413 καὶ
1896 2360 2074 2433 πολλῷ

2182 2352 2359 2422 quiter
2386 2353 2632 2409 viventes
2660 2364 3028 2425 congregant,
3061 2364 3158 2409 aut
3197 2364 3627 2424 congregantur,
3674 2355 3759 2409 vel

479 2450 699 2504 ἔλαττον
732 2448 1066 2522 φρονοῦντας
1109 2449 1211 2520 τῆς
1260 2449 1419 2515 ἀξίας
1456 2450 1647 2515 αὑτοῦ,
1684 2450 1940 2519 λέγεσθαι
1992 2454 2073 2518 εἰς

2182 2444 2316 2499 male
2350 2454 2404 2500 et
2434 2444 2599 2514 impie
2628 2445 2694 2500 de
2735 2443 2847 2500 Deo
2879 2444 3163 2515 ipsiusque
3191 2444 3409 2501 Christo
3436 2446 3755 2500 sentientes.

480 2542 766 2613 προφήτην
800 2541 964 2595 αὐτὸν
1006 2540 1323 2612 ἐσχηκέναι.
1379 2539 1747 2606 Συνεξετάσας
1771 2541 1827 2595 δὲ
1860 2541 2074 2606 τούτοις

2182 2532 2352 2604 Atque
2383 2534 2499 2589 haec
2523 2548 2588 2589 eo
2621 2534 2766 2589 dicta
2803 2546 2951 2599 sunt,
2975 2536 3120 2605 quod
3156 2536 3329 2591 turba:
3352 2550 3477 2605 quae
3506 2551 3604 2606 pro
3625 2534 3755 2591 Jesu

477 2633 575 2705 τὴν
598 2633 693 2687 τοῦ
726 2634 913 2687 Δουκᾶ
940 2633 1070 2705 περὶ
1100 2632 1209 2686 τῶν
1250 2631 1461 2703 ὁμοίων,
1508 2632 1678 2707 λέξιν,
1722 2634 2068 2706 τρανότερον,

2182 2624 2426 2689 stabant,
2478 2633 2533 2680 et
2564 2624 2805 2695 aliquam
2852 2626 2920 2681 de
2958 2625 3089 2681 Jesu
3139 2627 3452 2696 opinionem
3495 2641 3753 2695 sust-cpe-

476 2721 652 2797 οἶμαι,
678 2727 1112 2791 κατασκευάσεις
1160 2725 1229 2793 τὰ
1277 2727 1670 2806 προειρημένα·
1720 2726 1868 2790 ὅστις
1913 2727 2067 2797 φησί·

2182 2726 2295 2770 rant
2312 2756 2336 2785 ,_
2362 2716 2457 2772 sed
2489 2717 2759 2773 minorem
2794 2732 2859 2772 ac
2901 2717 3069 2772 ferret
3111 2717 3284 2788 ipsius
3330 2718 3596 2789 dignitas,
3628 2733 3754 2773 eum

480 2816 634 2871 «Καὶ
655 2810 724 2886 ἦν
770 2815 1041 2870 διδάσκων
1071 2817 1133 2869 τὸ
1171 2815 1494 2888 καθημέραν
1528 2817 1587 2870 ἐν
1622 2814 1700 2887 τῷ
1735 2816 1887 2888 ἱερῷ.
1917 2818 1978 2870 Ui
2011 2816 2069 2882 δέ

2182 2818 2433 2879 tanquam
2486 2809 2807 2879 prophetam
2868 2809 3125 2865 habuisse
3182 2809 3453 2864 dicantur.
3505 2810 3660 2876 Quod
3707 2810 3756 2867 si

2178 2897 2337 2955 Luca:
2373 2900 2439 2954 de
2471 2900 2663 2955 iisdem
2695 2900 2862 2955 rebus
2890 2900 3195 2954 orationem
3228 2916 3353 2955 cum
3384 2900 3530 2955 hisce
3561 2909 3759 2957 contu-

2169 2989 2300 3045 leris
2323 3029 2339 3054 ,
2371 2990 2596 3057 clarius,
2632 2990 2849 3062 Opinor,
2877 3005 2995 3060 quae
3026 3005 3193 3061 supra
3226 2991 3371 3046 dicta
3399 3001 3526 3047 sunt
3556 2992 3756 3061 proba-

2170 3082 2345 3149 veris;
2379 3082 2474 3152 qui
2501 3082 2719 3151 quidem
2757 3082 2836 3138 sic
2865 3083 2942 3137 ait
2965 3083 3049 3138 ³¹ε
3086 3102 3105 3135 ι
3138 3082 3203 3137 Ει
3231 3091 3349 3138 erat
3377 3082 3584 3139 docens
3616 3098 3756 3153 quo-

2169 3173 2300 3228 tidie
2345 3171 2399 3226 in
2442 3172 2668 3242 templo.
2715 3170 2997 3243 Principes
3028 3184 3213 3229 autem
3271 3173 3657 3241 sacerdotum,
3702 3189 3758 3235 et

475 2905 774 2977 ἀρχιερεῖς,
803 2904 901 2971 καὶ⁴
920 2908 968 2968 oi
998 2910 1363 2979 γραμματεῖς,
1394 2907 1487 2960 καὶ
1513 2907 1561 2959 οἱ
1588 2906 1951 2978 πρεσϐύτεροι
1973 2907 2066 2970 τοῦ

476 2994 606 3049 λαοῦ
659 2995 885 3068 ὲζήῖουν
932 2997 1096 3051 αὐτὸν
1143 2997 1405 3063 ἀπολέσαι
1449 3000 1545 3053 καὶ
1597 3000 1695 3070 οὐχ
1729 2999 1983 3073 εὕρισκον
2015 3000 2068 3054 τί

477 3087 817 3158 ποιήσουσιν·
865 3088 895 3140 ό
946 3087 1058 3158 γὰρ
1108 3085 1235 3152 λαὸς
1302 3088 1449 3151 ἄπας
1508 3087 1844 3161 ἐξεκρέματο
1899 3090 2067 3147 αὐτοῦ

475 3177 712 3246 ἀκούωνο
749 3196 778 3240 ι,
806 3179 900 3232 καὶ
934 3162 993 3232 ἐν
1034 3178 1245 3243 τούτοις
1294 3180 1404 3252 γὰρ
1432 3179 1710 3251 δηλοῦται,
1741 3181 1824 3234 ὅτι
1875 3182 1925 3235 οἱ
1956 3180 2066 3234 τῶν

486 3268 795 3333 Ἰουδαϊκῶν
851 3268 1244 3340 προϊστάμενοι
1297 3271 1632 3342 παρανόμως
1687 3271 1860 3339 λόγων
1913 3271 2063 3343 (97),

2182 3264 2385 3329 scribae,
2407 3272 2462 3319 et
2485 3265 2731 3321 seniores
2752 3266 2937 3336 populi
2961 3266 3280 3335 quaerebant
3309 3266 3460 3322 illum
3485 3269 3759 3338 perdere»;

472 3356 861 3429 ὀνομαζόμενοι
888 3358 1184 3430 ἀρχιερεῖς,
1219 3359 1314 3411 καὶ
1357 3362 1727 3431 γραμματεῖς,
1760 3359 1947 3432 ἐχθροὶ
1983 3360 2063 3433 τῷ

2182 3358 2230 3408 et
2256 3368 2364 3406 non
2403 3352 2751 3409 inveniebant
2791 3355 2935 3424 quod
2974 3354 3217 3410 facerent
3242 3356 3319 3411 illi
3345 3374 3360 3413 :
3384 3359 3564 3414 omnis
3605 3366 3752 3415 enim

486 3448 683 3521 Ἰησοῦ,
719 3450 815 3505 καὶ
840 3450 1202 3523 πρεσϐύτεροι
1252 3451 1347 3505 τοῦ
1380 3451 1533 3517 λαοῦ,
1575 3451 1799 3524 ζητοῦσι
1830 3454 1929 3525 μέν
1970 3454 2062 3509 τὸν

2182 3444 2407 3514 populus
2434 3459 2736 3515 suspensus
2765 3453 2884 3501 erat
2914 3446 3145 3503 audiens
3178 3447 3372 3515 illum;
3404 3466 3425 3500 ›
3466 3450 3519 3504 in
3551 3451 3636 3507 his
3672 3453 3753 3509 sl»

484 3542 694 3614 Ἷησοῦν
724 3545 1013 3611 ἀπολέσαι,
1048 3545 1143 3598 καὶ
1167 3544 1430 3614 ἀφανίσαι
1471 3546 1531 3599 τὸ
1555 3546 1729 3619 ὄνομα
1759 3530 1927 3600 αὐτοῦ
1951 3545 2062 3600 ἀπὸ

2182 3537 2390 3606 quidem
2435 3537 2747 3592 ostenditur
2784 3552 2887 3593 eos
2921 3538 3014 3605 qui
3052 3539 3357 3594 litterarum
3401 3539 3751 3600 Judaicarum

472 3634 580 3689 τῶν
612 3634 941 3709 ἀνθρώπων,
969 3637 1064 3690 καὶ
1097 3637 1197 3710 τὴν
1237 3638 1365 3710 περὶ
1395 3635 1561 3691 αὑτοῦ
1592 3621 1792 3689 πίστιν·
1836 3638 1935 3707 οὐχ
1967 3638 2060 3700 εὑ-

2182 3626 2367 3683 studiis
2409 3626 2597 3697 inique
2640 3636 2916 3697 praesunt,
2965 3631 3238 3700 principes
3278 3634 3620 3688 sacerdotum
3644 3675 3660 3699 ,
3694 3646 3750 3692 et

473 3726 721 3798 ρίσκουσι
749 3727 807 3781 δέ
826 3727 880 3781 τί
909 3729 1225 3799 ποιήσουσιν
1254 3730 1334 3791 είς
1364 3729 1501 3798 ὅπερ
1537 3727 1816 3798 βούλονται
1848 3727 2065 3792 ἀνύσαι,

2182 3716 2377 3772 tcribas
2404 3715 2534 3775 Jesu
2563 3716 2828 3785 infensos,
2854 3726 2919 3772 et-
2942 3719 3125 3789 populi
3155 3721 3402 3777 seniores
3426 3723 3622 3788 dictos,
3650 3724 3748 3782 Je-

470 3804 569 3872 άτε
598 3816 1001 3890 προληφθέντος
1030 3817 1230 3882 παντὸς
1257 3816 1350 3871 τοῦ
1379 3817 1458 3881 είς
1484 3816 1647 3870 αὑτὸν
1674 3815 2066 3882 πιστεύσαντος

2182 3823 2288 3861 sum
2315 3807 2534 3876 quidem
2569 3808 2828 3877 perdere,
2873 3816 2930 3862 et
2961 3823 3161 3864 nomen
3194 3810 3369 3881 ipsius
3398 3813 3748 3885 habitamque

468 3906 626 3973 λαοῦ,
661 3906 757 3961 καὶ
779 3905 1149 3979 ἐξηρτημένον
1181 3906 1283 3977 τῆς
1326 3907 1408 3969 εἰς
1432 3905 1525 3958 τὸν
1579 3904 1788 3976 Ἰησοῦν
1817 3905 2060 3978 ἀγάπης,

2182 3896 2231 3952 le
2255 3912 2320 3952 eo
2349 3897 2509 3952 tidem
2538 3912 2607 3951 ex
2634 3896 2921 3952 hominum
2956 3900 3232 3957 mentibus
3262 3901 3478 3973 delere,
3522 3914 3576 3961 et
3608 3907 3748 3962 obli-

470 3999 567 4053 καὶ
600 3998 1016 4071 ἐκκρεμαμένου
1041 3999 1099 4052 ἐν
1125 3996 1202 4069 τῷ
1223 3998 1443 4053 ἀκούειν
1471 3997 1571 4067 τῆς
1586 3997 1934 4063 διδασκαλίας
1959 3998 2058 4051 αὐ-

2182 4003 2343 4043 .erare
2400 3989 2571 4057 velle;
2637 3998 2694 4044 at
2753 3989 3030 4059 quomodo
3078 3992 3415 4050 voluntatem
3467 4011 3625 4054 suam
3678 4002 3747 4057 ad

470 4086 586 4154 τοῦ,
618 4088 714 4144 καῖ⁵
766 4088 861 4142 τοῦ
905 4088 1068 4159 λόγου
1103 4088 1289 4143 αὐτοῦ.
1319 4089 1433 4143 Καὶ
1483 4088 1596 4141 ἔστι
1638 4104 1705 4157 γε
1744 4087 1904 4141 τοῦτο
1933 4089 2058 4142 ἰδεῖν

2182 4078 2370 4134 :xitum
2406 4079 2729 4149 provehant,
2764 4093 2874 4134 non
2910 4082 3169 4151 reperire,
3196 4092 3384 4154 utpote
3405 4095 3518 4143 toto
3545 4093 3748 4161 popqu

473 4178 637 4251 μέχρι
670 4178 763 4234 τοῦ
813 4179 992 4254 δεῦρο,
1023 4179 1147 4235 τίνα
1194 4180 1395 4251 τρόπον
1453 4181 1675 4253 ζητοῦσι
1733 4179 1983 4234 καθελεῖν
2011 4181 2059 4234 οἱ

2182 4170 2259 4241 [ui
2299 4170 2404 4242 ipsi
2451 4170 2613 4226 [idem
2659 4171 2986 4227 adhibuerat
3022 4172 3139 4243 jam
3180 4182 3307 4232 ante
3349 4187 3651 4248 occupato,
3693 4192 3749 4238 et

470 4272 902 4344 προϐαλλόμενοι
934 4272 1034 4344 τήν
1058 4271 1356 4344 θεραπείαν
1389 4271 1483 4325 τοῦ
1514 4272 1649 4325 Θεοῦ
1679 4270 1755 4335 ὡς
1785 4270 2061 4343 ἀρχιερεῖς

2182 4278 2355 4319 amore
2392 4263 2505 4334 jam
2541 4279 2666 4319 cum
2700 4262 2832 4318 Jesu
2870 4263 3195 4334 coniuncto,
3243 4275 3298 4323 et
3346 4271 3415 4324 ab
3456 4285 3551 4327 ore
3598 4272 3747 4331 illius

471 4358 669 4433 αὐτοῦ,
717 4362 814 4415 καὶ
867 4360 968 4434 τὴν
1000 4359 1150 4415 θείαν
1184 4360 1405 4435 Γραφὴν
1441 4360 1517 4425 ὡς
1550 4363 1921 4433 γραμματεῖς,
1967 4360 2062 4414 καὶ

2182 4355 2464 4425 pendente,
2492 4370 2618 4411 cum
2653 4353 2961 4413 doctrinam
2992 4355 3151 4428 Liuius
3198 4373 3617 4442 sermonemque
3645 4379 3746 4429 au;

1670 4468 1902 4527 VETUS
1942 4462 2533 4524 INTERPRETATIU.

469 4590 723 4647 videntes.
746 4605 874 4655 eos,
914 4604 1055 4661 quos
1079 4590 1400 4646 existimant
1440 4605 1613 4661 unum
1641 4608 1655 4644 :
1685 4591 1845 4661 quasi
1875 4605 2072 4661 magna
2102 4589 2171 4644 de
2202 4601 2270 4642 eo
2296 4601 2490 4661 sapere
2517 4593 2890 4657 proponentes
2921 4587 3272 4659 iniquitatem
3310 4589 3386 4649 in;
3405 4593 3624 4649 excelso
3662 4593 3741 4652 lo-

472 4668 826 4740 q_uuntt_ir,-et
851 4660 1305 4740 maleloquentes
1338 4662 1405 4715 de
1435 4659 1546 4715 Deo
1571 4676 1679 4740 non
1704 4659 1845 4716 sunt
1889 4659 1991 4731 pro
2018 4675 2127 4740 eo:
2159 4674 2271 4740 nere.
2284 4660 2435 4740 enim
2463 4666 2596 4738 sunt
2622 4672 2748 4712 cum
2774 4672 2872 4740 εο,Δ
2888 4670 3174 4740 propterea
3210 4670 3342 4740 sunt
3373 4671 3739 4740 contractu»,

474 4726 619 4797 sicut
647 4731 779 4786 dicit
811 4745 826 4782 :
867 4750 889 4782 ι
916 4729 1020 4797 Qui
1050 4726 1157 4784 non
1188 4741 1272 4785 est
1301 4745 1546 4793 mecum,
1579 4732 1871 4785 adversum
1889 4726 1992 4785 'me
2017 4738 2119 4785 est.
2151 4747 2170 4781 ι
2216 4727 2308 4783 Sic
2357 4735 2413 4782 et
2455 4726 2513 4781 si.
2545 4726 3012 4798 congregant'qui
3043 4745 3152 4786 non
3182 4732 3492 4798 sapinntde
3519 4726 3741 4789 Christo

474 4745 619 4797 sicut
647 4745 779 4786 arcu
811 4745 826 4782 :
867 4750 889 4782 ι
916 4745 1020 4797 Qui
1050 4746 1157 4784 non
1188 4745 1272 4785 est
1301 4745 1546 4793 mecum,
1579 4745 1871 4785 adversum
1905 4746 1992 4785 me
2017 4745 2119 4785 est.
2151 4747 2170 4781 ι
2216 4745 2308 4783 me
2357 4745 2413 4782 et
2455 4745 2513 4781 sn.
2545 4745 2880 4797 congregant
2919 4745 3012 4798 qui
3043 4745 3152 4786 non
3182 4745 3241 4784 sa
3286 4745 3492 4789 mutue
3519 4745 3741 4789 uuristo

468 4801 615 4868 quod
645 4814 835 4854 verum
864 4810 948 4855 est
979 4800 1032 4852 in
1062 4798 1464 4872 nom_ine_l_esu,
1491 4800 1822 4872 dispergunt
1851 4801 2027 4872 magis
2049 4815 2215 4872 quam
2242 4808 2604 4872 congregant,
2649 4798 2795 4853 sicut
2818 4797 2937 4867 ipse
2972 4799 3103 4854 dicit
3133 4816 3148 4872 :_
3183 4818 3203 4851 ι
3231 4745 3339 4866 δεῖ
3366 4815 3473 4872 non
3513 4817 3745 4872 congre-

468 4880 560 4941 gat
585 4884 823 4941 mecum,
851 4872 1080 4941 spargit.
1114 4888 1139 4920 ι
1168 4868 1234 4924 Ει
1263 4869 1383 4923 vide
1410 4869 1540 4938 quia
1574 4868 1705 4923 non’
1730 4868 2263 4941 simpliciterdixit:
2297 4885 2316 4919 ι
2347 4868 2451 4933 Qui
2482 4882 2593 4921 non
2624 4876 2940 4941 congregat,
2969 4868 3209 4938 spargit;
3250 4868 3407 4941 nesed.
3430 4885 3554 4941 cu_m
3574 4868 3741 4941 cauta

470 4937 813 5008 adiectione:
851 4937 1007 5005 (Qui
1035 4955 1143 4993 non
1177 4937 1472 5007 congregat
1503 4954 1739 4993 mecum.
1770 4958 1788 4989 ι
1818 4937 1921 5005 Qui
1949 4939 2096 4993 enim
2129 4948 2424 5008 congregat
2444 4978 2460 5000 ,
2479 4952 2624 5008 cum
2655 4937 2880 5008 Christo
2902 4937 3244 5008 congregare
3270 4938 3450 4992 debet.
3482 4937 3621 5005 Quid
3666 4944 3757 5001 sit,

469 5006 649 5064 autem
678 5025 1009 5079 congregare
1051 5024 1177 5062 cum
1218 5006 1436 5079 gliris‘to
1483 5008 1772 5079 intelliges,
1804 5013 1859 5079 si
1881 5009 2317 5063 consideraverts
2342 5006 2493 5076 quod
2522 5007 2666 5079 dicit
2690 5006 2984 5079 Apostolus
3010 5006 3472 5079 incongregatis
3499 5009 3654 5066 vobis
3683 5023 3740 5066 et

471 5093 596 5149 meo
624 5076 820 5149 spiritu
847 5076 970 5133 cum
996 5079 1198 5149 virtute
1223 5076 1438 5149 Domini
1467 5079 1642 5149 nostri
1669 5077 1798 5134 Jesu
1824 5078 2030 5133 Christi
2065 5078 2279 5133 tradere
2307 5076 2553 5149 eumqui
2577 5077 2705 5149 talis
2719 5083 2805 5130 est
2823 5076 3050 5149 _S_atana:
3082 5076 3137 5130 in
3169 5076 3450 5149 interitum
3477 5082 3747 5141 caruit).

471 5146 626 5211 Quod
656 5143 812 5202 'enim
843 5149 979 5203 dicit
1009 5164 1023 5200 :
1065 5166 1082 5199 ι
1111 5147 1471 5219 gongregatis
1508 5148 1665 5202 vobis
1704 5156 1760 5219 et
1803 5163 1925 5219 meo
1959 5149 2191 5217 spiritu,
2230 5162 2374 5219 cum_
2401 5143 2604 5201 virtute
2647 5143 3058 5219 _Jesu_(_3hristi,
3098 5164 3118 5219 ξ
3163 5146 3480 5219 manifestat
3507 5151 3634 5219 quid
3668 5151 3741 5211 sit

472 5231 806 5286 congregare
832 5234 957 5272 cum
997 5233 1084 5273 eo.
1120 5216 1184 5270 Et
1218 5214 1463 5272 hoc—non
1486 5218 1742 5272 convenit
1787 5218 1853 5272 ad
1902 5214 2006 5273 eos
2030 5218 2251 5272 dicere:
2286 5236 2305 5268 ι
2334 5215 2690 5286 Cougregatis
2723 5214 2875 5270 vobis
2910 5230 3034 5270 cum
3068 5216 3267 5272 virtute
3311 5214 3751 5276 Doniini‘nostri.

470 5283 869 5358 Jesdlihrisli.
902 5306 923 5340 ι
961 5287 1067 5354 Qui
1097 5287 1244 5341 enim
1265 5297 1772 5358 congregantcum
1806 5289 1949 5342 male
1977 5288 2321 5358 sapientibus
2349 5288 2416 5358 de
2447 5283 2690 5358 Christo,
2727 5298 2836 5338 non
2864 5295 3199 5358 congregant
3228 5302 3365 5358 cum,
3394 5287 3634 5358 Christo.
3672 5287 3739 5342 Et

472 5354 812 5412 manifestius
837 5360 983 5414 hunc
1011 5372 1233 5413 sensum
1263 5356 1430 5427 habes
1454 5354 1596 5427 apud
1627 5357 1852 5415 Lucam‘
1873 5358 1945 5411 ita
1979 5354 2247 5412 difeutem
2277 5372 2292 5408 ;
2324 5375 2343 5407 ι
2375 5354 2440 5409 lit
2470 5364 2589 5427 erat
2617 5355 2825 5410 docens
2851 5354 3176 5427 quotidiégin
3209 5357 3431 5425 templo.
3459 5354 3743 5427 Brincipes

474 5434 656 5497 autem
699 5430 1068 5490 sacerdotum,
1097 5436 1153 5482 et
1185 5426 1400 5491 scribae,
1429 5425 1761 5484 etﬁseuiorcs
1786 5428 2255 5497 populivulebaut
2283 5440 2410 5497 cum
2454 5425 2698 5497 perdere,
2722 5432 2777 5478 et
2799 5440 2914 5497 non
2937 5425 3283 5497 inveniebant
3312 5427 3453 5497 quid
3475 5425 3734 5483 facerent.

470 5492 888 5566 _Pupu|us_enim
916 5498 1097 5552 omnis
1132 5511 1434 5566 suspensus
1460 5506 1581 5552 erat
1611 5497 1666 5551 in
1694 5492 1820 5553 eum
1858 5492 2100 5555 audiens
2123 5512 2273 5552 eum.
2304 5514 2324 5547 ι
2360 5493 2426 5548 Et
2455 5492 2521 5548 in
2564 5493 2671 5566 bis.
2703 5494 3033 5559 ostenditur,
3070 5492 3457 5566 quoniamiqui
3496 5506 3740 5566 praesunt

472 5563 682 5637 inique
706 5563 955 5621 J‘udaicis
985 5566 1196 5637 turbis,
1223 5563 1277 5621 et
1308 5566 1664 5637 neminantur
1689 5567 1964 5637 principes
1994 5567 2457 5637 sacerdotuiu,get
2486 5564 2701 5637 scribae,
2728 5563 3309 5637 etseniorcsgpopuli,
3340 5563 3547 5623 inimici
3566 5566 3738 5637 Libri-

472 5632 789 5707 sti,’volunt
813 5636 1034 5707 quidem
1064 5636 1290 5707 perdere
1321 5635 1601 5707 Christum
1627 5676 1642 5701 ,
1669 5632 1725 5690 et
1751 5632 2064 5707 disperdere
2092 5651 2291 5690 nomen
2338 5634 2458 5707 ejus
2488 5647 2556 5687 ex
2591 5634 2906 5707 hominibus
2928 5674 2950 5707 ,_
2985 5642 3040 5688 et
3068 5633 3322 5707 (idemde
3348 5649 3453 5707 eo,
3474 5635 3580 5707 scd
3626 5651 3737 5690 non

474 5704 764 5763 inveniunt
794 5703 927 5775 quid
954 5703 1159 5761 faciant
1182 5705 1484 5761 secundum
1512 5708 1658 5775 quod
1680 5703 1899 5774 volunt,
1925 5708 2186 5777 quoniam
2213 5703 2550 5776 praeveniens
2581 5703 2764 5759 omnis
2790 5705 3023 5773 populus
3054 5704 3149 5774 qui
3171 5703 3406 5759 credidit
3437 5706 3509 5773 ci,
3540 5707 3738 5778 pendet

549 5822 594 5855 ’³
616 5820 809 5877 Matth.
840 5837 940 5888 XII,
968 5821 1056 5877 50.
1132 5823 1176 5855 ³⁰
1208 5823 1336 5879 ibid.
1411 5825 1453 5857 ³⁸
1479 5823 1500 5877 l
1526 5824 1653 5880 Cor.
1676 5840 1726 5890 v,
1758 5823 1810 5888 4,
1843 5823 1896 5879 5.
1975 5823 2018 5857 "
2050 5821 2078 5879 Ι

2182 5863 2187 5876 .
2220 5839 2333 5891 XIX,
2374 5822 2464 5889 47,
2494 5821 2586 5878 48.

543 5935 656 6006 (97)
692 5934 861 5994 Vetus
896 5934 1166 6004 interpres
1201 5938 1411 6008 legebat
1438 5940 1609 6011 ὄχλων
1641 5957 1653 5995 :
1686 5941 1845 5997 vertit
1876 5941 2053 5998 enim:
2096 5959 2116 5994 ι
2146 5939 2250 6008 Qui
2282 5947 2522 6012 praisunt
2550 5937 2735 6010 inique
2761 5936 3001 5995 Judaicis
3031 5938 3224 5994 turbis.
3253 5956 3275 5991 ι
