4110 6410
437 425 570 481 15ἑῖ

1350 421 1707 484 COMMENT.
1753 422 1818 477 IN
1858 423 2277 480 MATTHIEUM
2315 422 2555 480 TOMUS
2595 423 2760 480 XVII.

3555 428 3576 482 1
3589 430 3694 483 530

433 562 558 607 νων,
589 543 812 596 δεθέντα
841 545 937 615 τήν
978 545 1238 616 πονηρίαν
1336 543 1435 597 οὐκ
1466 545 1544 606 εἰς
1575 543 1692 595 δέον
1719 543 2008 613 ἐχρήσατο,

2116 542 2398 606 ministris,
2431 543 2525 611 qui
2555 542 2789 596 vinculis
2823 541 3059 611 prie-lecti
3090 555 3238 606 sunt,
3285 544 3536 613 colligata
3571 545 3692 613 ejus

432 636 528 689 καὶ
549 635 646 705 τὴν
683 635 1007 706 δραστήριον
1039 635 1265 708 δύναμιν
1293 639 1349 688 ἐν
1443 634 1644 706 πρᾶξιν
1673 633 1884 703 ἀγαθὴν
1915 635 2016 686 οὐκ

432 725 698 787 ἐτέλεσεν,
729 725 788 776 ού
837 724 996 795 μόνον
1043 725 1150 778 ἀπὸ
1181 723 1273 777 τοῦ
1309 724 1485 794 γάμου
1512 721 1860 792 ἐκϐληθῆναι,
1903 721 2015 774 ἀλλ’

431 815 571 870 ὥστε
600 817 695 868 καὶ
728 818 808 877 εἰς
848 815 938 868 τὸν
969 815 1243 886 ἀλλότριον
1272 813 1448 883 φωτὸς
1482 811 1804 881 δικασθῆναι
1829 810 2014 863 τόπον»

433 907 559 960 ἔνθα
586 907 774 970 σκότος
795 903 861 977 ἦν
887 907 948 959 τὸ
968 907 1044 970 ὡς
1071 908 1128 959 ἐν
1163 903 1678 975 σκότειβαθύτερον,
1705 905 1799 957 καὶ
1824 904 2017 958 καλού-

435 1015 594 1067 μενον
625 999 818 1061 σκότος
847 996 1126 1068 ἐξώτερον.
1163 998 1272 1051 Καὶ
1303 997 1357 1049 εἴ
1381 996 1462 1060 τίς
1493 1013 1557 1064 γε
1587 995 1762 1066 ήμῶν,
1797 996 1890 1048 ἐπὶ
1917 996 2014 1066 τὴν

431 1091 625 1160 κλῆσιν
653 1089 823 1143 ἐλθὼν
847 1089 941 1143 τοῦ
977 1089 1242 1160 βασιλέως
1273 1091 1352 1152 εἰς
1381 1089 1507 1151 τοὺς
1531 1089 1742 1158 γάμους
1771 1087 1864 1140 τοῦ
1895 1087 2012 1139 υἱοῦ

431 1181 618 1246 αὑτοῦ,
647 1182 793 1235 δοκεῖ
829 1181 926 1252 μὲν
966 1179 1260 1234 ὑπακούειν
1307 1180 1400 1232 καὶ
1446 1179 1704 1250 ἔρχεσθαι
1734 1176 1872 1248 μετὰ
1906 1177 2014 1229 τῶν

430 1270 803 1340 κεκλημένων,
836 1271 896 1322 ού
941 1269 1047 1341 μὴν
1079 1269 1352 1324 ἐνδέδυται
1390 1269 1451 1322 τὸ
1493 1267 1888 1339 προειρημένον
1927 1266 2012 1318 έν-

430 1362 576 1432 δυμα
608 1363 804 1432 γάμου,
835 1362 1006 1414 ταῦτα
1053 1362 1318 1426 πείσεται,
1351 1363 1444 1414 καὶ
1488 1361 1664 1423 δεθεὶς
1706 1359 1884 1412 ποδῶν
1917 1359 2014 1411 καλ¹

432 1452 630 1522 χειρῶν
653 1452 1046 1523 ἐκϐληθήσεται
1077 1455 1155 1516 εἰς
1182 1453 1243 1506 τὸ
1273 1454 1463 1516 σκότος
1487 1453 1546 1505 τὸ
1567 1450 1828 1516 ἐξώτερον
1847 1467 1860 1479 °
1885 1449 2012 1503 ἔνθα

434 1541 573 1593 κατὰ
607 1542 700 1594 τό·
749 1561 767 1593 ι
816 1543 954 1596 Οὐαὶ
989 1545 1038 1594 οἱ
1077 1543 1343 1609 γελῶντες
1389 1542 1504 1606 νῦν,
1538 1543 1619 1594 ὃτι
1663 1540 1946 1602 κλαύσετε,
1989 1559 2006 1590 ι

432 1632 460 1682 ό
495 1631 770 1701 κλαυθμὸς
811 1635 922 1694 τοῖς
962 1631 1030 1684 τὰ
1071 1631 1164 1685 τοῦ
1215 1630 1489 1701 κλαυθμοῦ
1533 1631 1623 1683 καὶ
1656 1630 1855 1700 θρήνου
1887 1628 2014 1693 ἄξια

431 1723 777 1794 ἁμαρτήσασι
797 1741 810 1754 ο
837 1723 1160 1777 κλαύσονται
1189 1724 1245 1777 δέ
1279 1722 1600 1795 θρηνοῦντες
1627 1721 1725 1784 τὰς
1753 1721 1888 1784 ἰδίας
1921 1737 2008 1772 τα-

432 1815 754 1886 λαιπωρίας.
789 1812 899 1870 Εἶθ’
934 1818 1018 1868 ἶνα
1045 1818 1373 1888 παραστήσῃ
1405 1818 1434 1868 6
1479 1816 1652 1884 Λόγος
1689 1815 1780 1867 τὸν
1823 1814 2008 1883 φόϐον,

435 1905 526 1958 καὶ
569 1904 660 1957 τὸν
709 1906 929 1976 τρόμον,
981 1906 1076 1960 καὶ
1104 1905 1176 1960 τὰ
1225 1904 1522 1976 σκυθρωπὰ
1562 1903 1882 1975 πράγματα,
1917 1903 2011 1955 καὶ

432 1996 556 2057 τοὺς
579 1996 773 2058 πόνους
805 1999 862 2049 ἐν
888 1992 969 2060 οἷς
998 1997 1210 2050 ἔσονται
1247 1999 1296 2050 οἱ
1335 1996 1410 2068 μὴ
1439 1997 1775 2067 ἐνδεδυμένοι
1808 1994 2012 2066 ἔνδυμα

433 2086 633 2156 γάμου,
663 2083 782 2140 εῐπε
808 2088 898 2140 1:6-
936 2109 953 2140 ι
1003 2090 1152 2142 Ἐκεῖ
1187 2089 1338 2142 ἔσται
1364 2091 1394 2141 6
1426 2088 1717 2158 κλαυθμὸς,
1765 2108 1781 2138 ι
1814 2089 1908 2140 καὶ
1949 2088 2008 2141 οὑ

436 2179 594 2246 μόνον
615 2180 643 2230 6
664 2179 952 2251 κλαυθμὸς,
971 2181 1107 2234 ἀλλὰ
1131 2199 1148 2232 ι
1182 2182 1274 2233 καὶ
1288 2183 1316 2233 6
1335 2180 1576 2251 βρυγμὸς
1597 2179 1703 2232 τῶν
1729 2179 1970 2232 ὀδόντων.
1987 2199 2005 2230 ι

2121 631 2382 700 nequitia,
2410 647 2515 700 qua
2549 639 2743 700 praeter
2773 630 2856 685 fas
2879 647 3012 685 usus
3037 641 3139 690 est.
3167 633 3558 702 industriaque,
3585 650 3692 703 qua

2120 723 2245 778 boni
2275 723 2409 777 nihil
2435 724 2565 792 egit,
2607 739 2713 777 non
2751 740 2781 778 a
2819 725 3022 792 nuptiis
3052 723 3340 792 dejieiatur
3370 726 3568 788 solum,
3598 726 3694 780 sed

2118 815 2174 868 in
2203 816 2382 868 locum
2417 814 2580 868 etiam
2613 814 2820 867 lumine
2852 823 3127 868 carentem
3161 814 3448 884 relegetur,
3482 815 3572 867 ubi
3609 822 3692 870 te-

2117 906 2302 960 nebrae
2347 915 2476 960 sunt
2518 915 2784 974 quantum
2816 915 2940 974 pote
2984 904 3288 974 profundae,
3316 913 3369 958 et
3400 904 3697 960 exteriores

2117 998 2355 1052 tenebra:
2394 997 2574 1051 dictze.
2607 996 2760 1061 Quod
2816 997 2862 1051 si
2903 998 3029 1065 quis
3062 1011 3192 1065 ergo
3225 1005 3494 1059 nostrum,
3537 999 3629 1066 qni
3663 1014 3694 1050 ιι

2117 1103 2243 1158 rege
2290 1095 2516 1142 vocatus
2566 1087 2631 1140 ad
2670 1085 2834 1158 794
2864 1087 3082 1156 nuptias
3113 1088 3207 1141 lilii
3253 1088 3424 1157 ipsius
3464 1090 3695 1153 venerit,

2115 1179 2520 1247 obtemperasse
2553 1190 2606 1233 et
2641 1195 2765 1233 cum
2799 1180 3005 1235 vocatis
3049 1181 3263 1234 venisse
3292 1180 3558 1244 videatur,
3591 1180 3696 1232 ml-

2115 1269 2261 1324 nime
2307 1278 2487 1324 tamen
2521 1279 2725 1325 vestem
2763 1271 2912 1324 illam
2961 1272 3257 1339 nuptialem
3297 1271 3364 1326 de
3415 1287 3521 1340 qua
3554 1271 3698 1335 dixi.

2115 1377 2259 1427 nius,
2297 1361 2555 1427 induerit,
2606 1362 2723 1417 hinc
2765 1363 3118 1432 perpetietur,
3153 1372 3206 1418 et
3251 1363 3479 1432 pedibus
3523 1363 3699 1416 mani—

2115 1454 2325 1522 busque
2355 1455 2689 1508 constrictus
2723 1454 2969 1507 mittetur
2990 1455 3044 1508 in
3077 1456 3331 1509 tenebras
3365 1457 3696 1520 exteriores;

2115 1545 2225 1612 ubi,
2249 1546 2404 1615 juxta
2437 1546 2567 1600 illud
2613 1545 2700 1599 “z
2750 1564 2768 1596 ι
2817 1544 2907 1600 Vae
2947 1547 3105 1601 vobis
3155 1549 3248 1617 qui
3297 1549 3484 1601 ridetis
3530 1564 3696 1610 nunc,

2113 1637 2242 1706 quia
2287 1637 2538 1706 lugebitis
2585 1645 2640 1690 et
2674 1635 2890 1704 ﬂebitis,
2933 1656 2952 1689 ι
3007 1637 3166 1692 ﬂetus
3214 1653 3310 1693 eos
3357 1647 3556 1704 manet,
3605 1641 3697 1708 qui

2114 1728 2241 1782 ﬂetu
2290 1743 2355 1782 ae
2403 1729 2550 1782 luctu
2593 1727 2756 1798 digna
2803 1728 3219 1793 commiserint;
3271 1729 3475 1783 ﬂebunt
3519 1740 3698 1785 autem

2114 1821 2450 1876 calamitates
2482 1836 2610 1875 snas
2646 1821 2914 1890 lugentes.
2944 1820 3147 1876 Deinde
3185 1832 3243 1877 ut
3272 1823 3547 1887 timorem,
3585 1834 3697 1878 tre-

2118 1929 2346 1978 morem,
2385 1914 2682 1976 tristitiam,
2725 1927 2790 1967 ac
2838 1913 3051 1966 labores
3108 1929 3249 1983 quos
3295 1916 3570 1983 patientur
3604 1919 3701 1986 qui

2116 2015 2264 2061 veste
2293 2006 2517 2075 nuptiali
2549 2005 2724 2060 induti
2771 2022 2878 2060 non
2921 2005 3142 2070 fuerint,
3169 2007 3404 2062 declaret
3437 2006 3698 2074 Verbum,

2117 2099 2193 2152 ait
2235 2099 2316 2151 “:
2366 2117 2384 2149 ι
2431 2097 2508 2152 lbi
2549 2100 2653 2152 erit
2686 2097 2866 2161 ﬂetus,
2907 2118 2926 2150 ι
2969 2113 3146 2168 neque
3178 2099 3353 2152 solum
3389 2099 3570 2165 ﬂetus,
3605 2103 3698 2156 sed

2124 2207 2142 2236 ι
2185 2199 2238 2244 et
2267 2189 2471 2244 stridor
2509 2188 2778 2243 dentium.
2816 2208 2834 2241 ι
2877 2187 2944 2242 Ει
2990 2197 3051 2242 ιιι
3085 2189 3286 2244 multos
3312 2199 3532 2244 vocatos
3558 2206 3697 2258 esse,

436 2267 542 2320 Καὶ
575 2269 888 2339 ἐπιφέρεται
919 2272 984 2340 τῇ
1017 2269 1114 2341 ὅλῃ
1140 2268 1421 2338 παραϐολῇ
1460 2267 1548 2322 διὰ
1579 2268 1640 2320 τὸ
1673 2267 1901 2332 πολλοὺς
1934 2268 2011 2320 δε-

2119 2297 2226 2336 ηοιι
2257 2296 2450 2337 omnes
2478 2288 2682 2345 autem,
2715 2279 2808 2334 sed
2843 2295 3048 2348 paucos
3092 2295 3158 2334 ex
3208 2280 3340 2349 ipsis
3371 2281 3587 2338 venisse
3610 2282 3703 2336 do-

431 2356 698 2427 ὃηλῶσοαι
729 2359 854 2423 τοὺς
895 2359 1210 2430 κληθέντας,
1251 2360 1310 2412 οὐ
1341 2361 1547 2422 πάντας
1585 2359 1641 2412 δέ
1675 2359 2009 2430 ἐληλυθέναι,

431 2449 548 2501 ἀλλ’
575 2449 788 2518 ὀλίγους
820 2452 881 2515 ἐξ
900 2452 1098 2517 αὐτῶν,
1125 2452 1218 2504 τόο
1255 2471 1273 2504 ι
1314 2451 1504 2504 Πολλοί
1537 2455 1642 2504 εισι
1671 2451 1878 2522 κλητοὶ,
1911 2453 2014 2506 όλί-

433 2559 516 2608 γοι
549 2541 606 2594 δὲ
647 2543 912 2596 ἐκλεκτοί.
964 2564 982 2595 ι

503 2634 688 2689 Ταῦτα
720 2637 818 2707 μὲν
851 2635 944 2690 οὖν
981 2639 1424 2711 όλοσχερέστερον
1448 2641 1528 2703 εἰς
1559 2640 1657 2711 τὴν
1697 2640 2008 2712 παραϐολὴν

431 2725 692 2797 λελέχθω·
749 2729 1122 2800 πειρασόμεθα
1175 2729 1232 2782 δὲ
1283 2731 1665 2793 ἐπανελθόντες
1717 2732 2009 2801 ἐρευνῆσαι

432 2818 572 2872 κατὰ
599 2817 697 2889 τὴν
734 2819 1010 2890 παροῦσαν
1047 2819 1275 2891 δύναμιν
1308 2821 1499 2892 αὐτὴν,
1531 2819 1625 2873 ἐὰν
1653 2821 1780 2892 ἄρα.
1809 2820 2009 2892 βοηθη-

431 2908 616 2972 θέντες
666 2910 771 2963 ὑπὸ
818 2910 911 2963 τοῦ
945 2910 1046 2981 τῆς
1077 2911 1269 2980 σοφίας
1312 2912 1649 2982 Πνεύματος,
1693 2911 2008 2983 δυνηθῶμέν

428 3020 551 3056 τινα
576 3004 668 3056 καὶ
699 3003 969 3076 βαθύτερα
995 3006 1075 3069 εἰς
1100 3005 1198 3076 τὴν
1231 3005 1543 3077 παραϐολήν
1580 3007 1833 3076 εὑρόντες
1868 3008 2010 3060 οἰκο-

431 3097 688 3167 δομῆσαι,
719 3097 810 3150 καὶ
836 3096 979 3149 κατὰ
999 3098 1061 3150 τὸ
1099 3096 1319 3166 εὔλογον
1353 3098 1646 3168 σιωπῆσαι,
1681 3097 2009 3162 αἰνίξασθαι,

431 3187 464 3255 ἢ
487 3185 757 3238 ἐκθέσθαι.
784 3187 846 3238 ’11
875 3186 1116 3256 βασιλεία
1138 3187 1316 3241 τοίνυν
1337 3187 1445 3242 τῶν
1472 3187 1715 3261 οὐρανῶν
1731 3187 2013 3260 ὡμοιώθη,

433 3276 572 3328 κατὰ
606 3278 704 3348 μὲν
733 3277 822 3330 τὸν
865 3278 1238 3347 βασιλεύοντα,
1277 3279 1548 3357 ἀνθρώπῳ
1579 3281 1822 3352 βασιλεῖ·
1869 3281 2012 3335 κατὰ

516 3368 604 3422 τὸν
652 3369 1003 3440 βασιλεύοντα
1033 3372 1110 3444 τῷ
1161 3373 1388 3444 βασιλεῖ,
1436 3373 1513 3443 τῷ
1557 3372 1657 3444 υἱῷ
1697 3371 1862 3426 αὑτοῦ
1893 3373 2010 3443 (7)·

2118 2361 2405 2435 οεοι,ἰοιὶ
2455 2371 2676 2425 dentom
2729 2371 3000 2440 parabolas
3062 2371 3115 2424 id
3174 2370 3526 2440 subjungitur
3583 2373 3630 2404 "
3679 2391 3693 2428 :

2125 2481 2144 2514 ‹
2191 2462 2343 2517 Multi
2371 2462 2516 2518 enim
2539 2470 2667 2519 sunt
2691 2461 2892 2527 vocati,
2932 2461 3093 2530 pauci
3119 2477 3248 2515 vero
3279 2462 3456 2516 electi.
3499 2482 3517 2514 ι

2189 2643 2274 2697 ΓΙ.
2309 2641 2434 2697 llzec
2473 2643 2638 2712 igitur
2671 2657 2838 2712 super
2885 2644 3145 2712 parabola
3199 2644 3406 2698 rudiori
3455 2645 3697 2699 minerva

2113 2732 2258 2787 dicta
2293 2733 2440 2787 sint:
2471 2748 2591 2787 eam
2621 2741 2801 2786 autem
2835 2736 3115 2802 repetitam
3149 2749 3244 2802 pro
3276 2735 3468 2788 virium
3499 2735 3700 2804 quibus

2113 2839 2262 2878 nunc
2309 2824 2576 2893 pollemus
2624 2825 2847 2879 modulo
2901 2827 3205 2895 expendere
3247 2827 3596 2889 conabimur,
3649 2827 3696 2881 si

2113 2915 2277 2969 modo
2303 2916 2582 2984 sapientia:
2609 2914 2814 2984 Spiritu
2843 2915 3039 2985 adjuti,
3069 2916 3367 2985 penitiores
3391 2931 3456 2972 ac
3478 2916 3702 2986 profun-

2111 3008 2295 3063 diores
2351 3023 2548 3063 sensus
2599 3024 2630 3062 a
2687 3008 2847 3064 nobis
2903 3024 3066 3079 super
3131 3009 3397 3078 parabola
3454 3019 3701 3079 repertos

2115 3108 2380 3166 astruere,
2425 3108 2478 3154 et
2521 3100 2676 3169 juxta
2725 3100 2993 3154 rationem
3034 3099 3284 3165 reticere,
3334 3102 3417 3155 vel
3465 3102 3701 3155 obscure

2115 3184 2445 3255 signiﬁcare,
2491 3187 2572 3240 vel
2602 3196 2788 3256 aperte
2816 3188 3089 3258 explicare
3118 3189 3415 3258 possimus.
3452 3189 3698 3260 Regnum

2113 3291 2243 3346 ergo
2275 3277 2564 3343 calorum,
2591 3288 2856 3347 quantum
2881 3279 2947 3333 ad
2983 3291 3322 3351 regnantem,
3355 3282 3560 3336 homini
3590 3285 3701 3353 regi

2115 3369 2478 3425 assimilatum
2524 3379 2646 3437 est;
2680 3382 2947 3441 quantum
2987 3382 3168 3427 autem
3199 3375 3266 3428 ad
3302 3362 3428 3429 eum
3469 3377 3562 3446 qui
3595 3392 3700 3432 tilia

430 3461 573 3535 κατὰ
595 3463 650 3514 δὲ
675 3461 743 3514 τὰ
773 3461 1182 3533 βασιλευόμενα,
1209 3466 1320 3526 τοῖς
1347 3463 1552 3527 δούλοις
1572 3465 1666 3517 καὶ
1692 3467 1804 3528 τοῖς
1826 3464 2011 3534 κεκλη-

2116 3471 2242 3511 cum
2282 3474 2408 3530 rege
2457 3469 2666 3530 regnat,
2722 3461 2894 3531 ipsius
2925 3462 3064 3528 lilio;
3101 3474 3366 3532 quantum
3413 3478 3595 3520 autem
3633 3467 3700 3520 ad

433 3549 614 3619 μένοις
654 3551 732 3614 εἰς
770 3553 891 3614 τοὺς
921 3553 1150 3623 γάμους,
1185 3546 1260 3606 ὧν
1297 3555 1345 3606 οἱ
1380 3553 1478 3623 μὲν
1506 3553 1606 3606 οὐκ
1626 3554 1816 3625 ήθελον
1842 3553 2016 3610 εἰσελ-

430 3641 563 3704 θεῖν,
594 3643 642 3695 οἱ
669 3641 724 3694 δὲ
766 3642 1142 3712 ἀμελήσαντες
1171 3643 1265 3696 τοῦ
1304 3643 1565 3695 εἰσελθεῖν
1602 3663 1620 3694 ι
1659 3644 1923 3712 ἀπῆλθον,
1955 3645 2015 3706 ὃς

435 3735 532 3802 μὲν
563 3734 642 3797 εις
671 3733 761 3801 τὸν
801 3734 931 3790 ἴδιον
959 3734 1146 3804 ἀγρὸν,
1182 3734 1242 3796 ὃς
1277 3734 1333 3786 δέ
1365 3733 1459 3788 ἐπὶ
1493 3734 1591 3803 τὴν
1617 3735 1887 3806 ἐμπορίαν
1919 3737 2012 3788 αὑ-

428 3821 544 3886 τοῦ,
570 3822 662 3875 καὶ
686 3821 832 3874 ἄλλοι
855 3823 1225 3891 κρατήσαντες
1252 3823 1376 3884 τοὺς
1401 3820 1618 3884 δούλους
1659 3821 1888 3891 ὕϐρισαν
1917 3823 2010 3874 καὶ

429 3913 775 3980 ἀπέκτειναν.
815 3933 833 3964 ι
882 3915 1002 3966 Ἔτι
1040 3913 1150 3966 τῶν
1187 3912 1618 3984 βασιλευομένων
1664 3913 1780 3966 ἐστὶ
1827 3913 2012 3966 καὶτὸ

431 4009 746 4073 στράτευμα
773 4003 865 4057 τοῦ
898 4003 1180 4074 βασιλέως,
1219 4004 1313 4057 καὶ
1343 4005 1392 4056 οἱ
1439 4003 1544 4057 ἀπὸ
1575 4003 1685 4064 τῶν
1733 4003 1867 4057 ὁδῶν
1897 4020 2016 4056 συν-

431 4095 688 4168 αγόμενοι
734 4096 962 4168 πονηροὶ
993 4098 1088 4151 καὶ
1139 4095 1358 4165 ἀγαθοὶ,
1419 4095 1524 4159 ἕως
1563 4096 1809 4167 ἐπλήσθη
1843 4098 1870 4150 ὁ
1913 4096 2014 4165 γά-

2119 3563 2184 3605 ea
2219 3565 2341 3617 quae
2383 3551 2528 3621 regis
2574 3553 2828 3620 potestati
2867 3554 3084 3610 subdita
3132 3563 3280 3619 sunt,
3319 3556 3512 3615 servis.
3543 3565 3595 3608 et
3637 3555 3702 3609 iis

2119 3640 2213 3708 qui
2243 3640 2308 3694 ad
2346 3644 2564 3709 nuptias
2595 3644 2772 3696 vocati
2817 3652 2968 3708 siml,
3005 3660 3236 3714 quorum
3269 3645 3322 3697 hi
3355 3645 3562 3712 ingredi
3599 3661 3697 3698 no-

2116 3731 2356 3795 luerunt,
2408 3733 2481 3785 illi
2529 3749 2658 3788 vero
2709 3733 2918 3804 ingredi
2973 3736 3304 3805 negligentes
3355 3754 3373 3786 ι
3427 3736 3701 3802 abierunt,

2117 3819 2260 3873 alius
2291 3821 2344 3873 in
2391 3820 2572 3873 villam
2617 3837 2798 3888 suam,
2836 3823 2978 3878 alius
3013 3838 3139 3877 vero
3167 3823 3234 3877 ad
3279 3824 3700 3894 negotiationem

2119 3926 2298 3972 suam.
2329 3911 2420 3964 alii
2455 3927 2582 3966 vero
2612 3921 2904 3967 tenuerunt
2933 3929 3123 3968 servos
3157 3914 3296 3984 ejus,
3331 3925 3385 3968 et
3416 3925 3704 3969 contume-

2120 4003 2208 4058 liis
2237 4003 2458 4064 allectos
2481 4003 2796 4059 occiderunt
2831 4005 2897 4061 ⁸⁷.
2940 4025 2958 4058 ι
2993 4005 3260 4060 Prmlcrea
3292 4021 3357 4060 ex
3385 4007 3452 4060 iis
3474 4017 3556 4061 est
3582 4022 3705 4075 qttte

2119 4097 2266 4166 regis
2295 4096 2524 4165 imperio
2547 4107 2741 4167 parcnt
2771 4099 2888 4169 ipse
2913 4101 3058 4169 regis
3085 4101 3380 4164 exercitus,
3406 4100 3609 4170 quique
3635 4116 3703 4154 ex

1633 4211 1867 4267 VETUS
1905 4209 2486 4266 INTERPRETATIO.

431 4332 720 4389 Dominum
743 4331 955 4395 Jesum,
985 4331 1145 4401 quasi
1177 4345 1286 4401 non
1321 4330 1529 4388 habens
1559 4329 1978 4401 excusationem
2014 4327 2256 4401 aliquam
2300 4327 2420 4401 ideo
2455 4325 2594 4401 dixit
2621 4344 2686 4401 :_c
2719 4325 3026 4401 Obmutuit,
3063 4346 3090 4401 )_
3128 4335 3182 4381 et
3211 4341 3335 4401 non
3361 4325 3707 4401 soluatreje-

430 4413 554 4459 etus
580 4414 664 4456 est
691 4417 720 4455 ο
745 4401 969 4471 nuptiis
1001 4395 1093 4470 qui
1125 4400 1381 4469 injuriam
1418 4399 1625 4468 nuptiis
1657 4399 1802 4461 fecit,
1831 4399 1929 4471 sed
1963 4397 2142 4471 adhuc
2171 4413 2202 4450 ο
2246 4395 2513 4471 ministris
2542 4397 2684 4471 regis
2723 4413 2888 4466 super
2913 4397 3126 4471 vincula
3163 4397 3497 4471 constitutis,
3526 4395 3706 4467 ligatis

431 4473 688 4544 pedibus,
712 4472 763 4526 id
792 4467 895 4536 est,
933 4467 1400 4544 incessione,_qua
1429 4467 1536 4544 non
1578 4479 1663 4524 est
1705 4485 1838 4528 usus
1865 4467 1933 4544 ad
1966 4469 2197 4544 bonum,
2223 4475 2276 4520 et
2309 4467 2584 4544 manibus.
2623 4468 2673 4520 id
2695 4477 2825 4544 _est,
2858 4467 3285 4536 apprehensoria
3331 4467 3556 4544 virtute,
3595 4483 3705 4536 qua

434 4536 642 4597 nullum
669 4536 881 4595 bonum
909 4557 1046 4610 opus
1073 4536 1336 4609 implevit,
1362 4541 1761 4594 condemnatus
1787 4548 1871 4593 est
1902 4537 1960 4610 in
1994 4538 2115 4590 loco
2150 4537 2219 4610 ab
2248 4536 2630 4610 omnilumiee
2659 4536 2858 4610 alieno,
2893 4546 2950 4591 et
2978 4548 3245 4610 quantum
3266 4537 3350 4610 _ad
3370 4552 3578 4610 omnes
3620 4547 3703 4610 te-

431 4615 631 4667 nebras
663 4604 1029 4680 pressioribus
1055 4604 1293 4665 tenebris
1323 4604 1444 4678 quae
1471 4619 1738 4680 vocantur
1776 4608 2010 4664 tenebrae
2043 4608 2361 4680 exteriores.
2409 4604 2514 4680 §ed
2536 4606 2595 4680 _si
2621 4604 3023 4680 quisgnostrun—t
3061 4607 3127 4680 ad
3171 4607 3547 4680 invitationem
3583 4608 3707 4680 qni-

429 4684 552 4737 dem
586 4676 728 4752 regis
758 4683 981 4736 veniens
1015 4681 1080 4735 ad
1123 4676 1353 4750 nuptias
1385 4681 1478 4736 lilii
1513 4679 1655 4747 ejus.
1697 4695 1808 4752 non
1843 4685 2123 4752 autem__et
2157 4677 2381 4752 indutus
2410 4676 2574 4752 fuerit
2618 4677 2799 4752 qualia
2849 4677 3500 4752 pradiximrusnttptialia
3537 4677 3707 4752 vesti-

430 4746 871 4819 mentafsimilia
899 4754 1156 4821 patiente,
1183 4746 1378 4821 ligatus
1411 4746 1690 4821 nianusiet
1713 4750 1876 4818 pedes
1905 4747 2283 4821 expelleturin
2312 4746 2564 4821 tenebras
2589 4746 2908 4821 exteriores,
2945 4747 3035 4802 ubi
3064 4751 3169 4821 erit
3196 4747 3376 4821 ﬂetus,
3405 4748 3705 4821 secundum

428 4824 572 4891 quod
603 4815 867 4890 scriptum
895 4815 1016 4876 est:
1057 4840 1074 4871 ι
1119 4819 1209 4874 Vae
1225 4815 1334 4888 'qui
1369 4836 1514 4891 nunc
1553 4815 2314 4891 ridetis,quoniai_uﬂebitis.
2355 4834 2384 4891 )_
2423 4815 2486 4869 Et
2523 4825 2582 4891 ut
2607 4818 2866 4891 ostendat
2887 4831 3072 4891 sermo
3101 4818 3356 4891 _ttjistitias
3387 4825 3443 4870 et
3483 4817 3708 4891 dolores

427 4886 618 4950 eorum
651 4886 934 4961 inquibus
976 4899 1138 4945 erunt
1168 4886 1274 4959 qui
1297 4890 1475 4961 vestiti
1508 4906 1616 4948 non
1647 4886 1850 4947 fuerint
1879 4887 2213 4957 nuptialibus
2253 4887 2619 4952 vestimentis,
2653 4887 2776 4942 ideo
2816 4887 2950 4941 dixit
2978 4905 2992 4941 :
3039 4905 3057 4937 ι
3100 4886 3212 4942 Illic
3240 4889 3346 4941 erit
3386 4900 3496 4939 non
3525 4887 3706 4940 solum

427 4964 610 5025 ﬂetus,
638 4963 732 5016 sed
753 4960 924 5016 etiam
959 4961 1206 5016 dentium
1237 4960 1461 5013 stridor.
1501 4979 1520 5011 ι

501 5033 604 5102 17,
634 5031 760 5087 "th
793 5047 923 5102 ergo
959 5029 1597 5102 secundum-siniplieem
1631 5028 1978 5102 traditionem
2023 5028 2131 5081 sint
2160 5025 2346 5102 dieta:
2396 5035 2668 5102 tentemus
2703 5035 2882 5102 autem
2917 5034 3225 5102 repetentes
3264 5026 3499 5102 scrutari
3531 5025 3707 5081 subti-

431 5101 560 5154 lius.
585 5101 832 5172 Regnum
857 5095 992 5172 Ergo
1018 5101 1284 5172 emlorum
1317 5095 1495 5172 simile
1521 5108 1624 5160 est,
1670 5099 1970 5172 secundum
2002 5113 2126 5152 eum
2157 5098 2379 5166 quidem
2412 5097 2505 5172 qui
2537 5105 2747 5166 regnat,
2783 5095 3010 5172 homini
3044 5097 3190 5172 regi;
3227 5098 3705 5172 seenndum_eutu

431 5179 612 5242 autem
657 5165 750 5242 qui
777 5165 1096 5242 conregnat,
1133 5170 1244 5231 lilio
1277 5169 1420 5238 regis
1439 5187 1464 5242 ;A
1487 5169 1784 5242 secundum
1831 5184 1894 5223 ea
1925 5184 2052 5242 vero
2097 5165 2218 5237 qua:
2247 5177 2377 5242 sunt
2399 5168 2471 5235 _in
2507 5165 2673 5242 regno
2704 5165 2868 5235 regis,
2903 5166 3265 5219 assimilatum
3311 5177 3393 5242 est
3420 5167 3615 5232 servis,
3653 5175 3709 5242 et

432 5236 690 5298 invitatis
711 5242 778 5295 ad
825 5236 1595 5311 nuptias,quorum—quidam
1629 5238 1847 5307 quidem
1901 5236 2147 5311 nolentes
2193 5237 2378 5290 venire
2423 5236 2782 5311 neglexerunt
2829 5244 3050 5311 propter
3095 5237 3483 5311 occupationes
3520 5237 3706 5311 sweuli

433 5311 620 5380 hujus,
657 5329 676 5358 ι
708 5313 798 5364 alii
847 5305 1027 5369 autem
1053 5305 1286 5380 injuriis
1313 5305 1614 5380 aﬂ‘eeerunt
1645 5305 1865 5380 servos,
1910 5317 1964 5362 et
1992 5309 2330 5363 occiderunt.
2371 5326 2388 5358 ι
2429 5305 2622 5380 Adhuc
2663 5314 2846 5380 autem
2873 5306 3170 5380 ex__eis_qui
3205 5305 3572 5380 regnabantur
3605 5305 3708 5359 fuit

428 5379 590 5432 etiun
632 5381 720 5434 ille
755 5384 1026 5436 exercitus
1068 5375 1248 5451 regis:
1283 5389 1338 5435 et
1384 5379 1476 5451 qui
1519 5379 1604 5451 ab
1630 5379 1866 5451 exitibus
1909 5380 2116 5431 viarum
2134 5384 2553 5451 congregantur
2594 5375 2722 5428 boni
2763 5384 2819 5427 et
2848 5376 2996 5451 mali,
3034 5376 3598 5451 donec_it_npleren_tur
3638 5389 3706 5451 ex

430 5451 874 5506 recumbentibus
897 5453 1099 5520 nuptiae
1123 5443 1156 5503 ἴ
1165 5460 1220 5506 et
1250 5451 1344 5521 qui
1386 5443 1526 5503 inter
1554 5448 1962 5502 discumbentes
1988 5465 2094 5511 non
2134 5443 2324 5501 habuit
2357 5443 2744 5501 vestimentum
2780 5447 3044 5514 nuptiale,
3071 5453 3126 5500 et
3159 5443 3395 5499 ministri
3429 5446 3523 5514 qui
3563 5445 3707 5514 iussi

501 5567 545 5598 “
572 5567 705 5642 Luc.
744 5585 818 5633 \‘I,
843 5568 959 5648 25._
1011 5571 1054 5603 ⁸³
1082 5570 1273 5626 Matth.
1309 5587 1443 5638 x-xn,
1474 5569 1557 5625 l5.
1634 5567 1682 5599 “
1713 5567 1844 5622 ibid.
1880 5569 1960 5623 1-1.
2036 5569 2080 5599 ⁸⁷
2110 5569 2240 5636 ibid.
2273 5568 2307 5622 5
2329 5576 2380 5622 et
2410 5568 2462 5621 6.

499 5684 577 5752 ΓΙ)
614 5686 772 5740 Κατὰ
816 5685 884 5738 δὲ
927 5686 1032 5738 τόν
1075 5688 1490 5750 ,ϐασιλεύοντα
1520 5685 1596 5750 τῷ
1627 5685 1895 5749 βασιλεῖ,
1934 5685 2014 5750 τῷ

430 5753 544 5820 ridi
577 5757 783 5810 αὐτοῦ.
819 5755 984 5809 Vetus
1031 5758 1295 5825 interpres
1335 5773 1344 5804 τ
1385 5777 1401 5806 ι
1459 5757 1769 5811 Secundum
1829 5765 2008 5810 autem

429 5843 552 5902 etim
589 5827 682 5915 qui
710 5835 1006 5896 conregnat
1031 5827 1140 5882 lilio
1165 5828 1333 5896 regis;
1367 5847 1384 5878 ι
1422 5826 1707 5899 legendum
1741 5825 2005 5898 fortasse:

2118 5683 2584 5754 συμϐασιλεύοντα
2630 5683 2708 5754 τῷ
2757 5679 3027 5752 βασηι-ιι,
3068 5685 3420 5754 βασιλεύοντα
3466 5684 3580 5754 ἅμα
3625 5684 3707 5755 τῷ

2117 5755 2470 5824 βασιλεῖηνυΙ
2513 5755 2644 5823 quid
2687 5755 2888 5818 sunile,
2941 5769 3038 5808 nec
3097 5757 3254 5812 aliter
3310 5771 3504 5812 sensus
3559 5763 3706 5810 stare

2115 5823 2314 5894 potest.
2347 5823 2609 5880 llum'tus.
