4110 6406
335 280 470 333 1557

1255 276 1610 336 COMMENT.
1653 270 1721 334 lN
1752 270 2166 337 nuru-13ml
2200 270 2441 340 Tuitus
2481 276 2642 339 xvn.

3465 284 3604 342 13.38

333 402 433 471 μὲν
462 401 576 454 ἔστι
603 399 671 455 τὰ
703 398 798 454 τοῦ
830 397 1316 453 καταναλίσκεσθαι
1347 401 1382 455 ά
1401 404 1415 421 ⁹
1440 405 1457 420 ⁸
1482 404 1521 467 ⁹,
1547 401 1639 455 ἐπὶ
1662 392 1899 455 τοσοῦτοι

2020 402 2150 457 illud
2177 402 2500 473 interpretor
2526 402 2573 435 ⁸⁸
2598 419 2612 455 :
2647 422 2666 454 ι
2699 402 2963 461 Dominus
2989 412 3177 462 noster
3224 404 3367 476 ignis
3392 416 3599 462 consuo

328 494 358 547 ὁ
399 492 532 556 Θεὸς
569 495 720 565 ἡμῶν
766 493 878 566 πῦρ
912 495 1030 547 ἐστι
1079 494 1475 548 καταναλίσκον
1519 495 1736 547 ἐκεῖνον
1773 492 1912 546 ἐπὰν

330 584 385 638 δὲ
417 586 666 657 ἀναλωθῇ
703 587 809 639 ὑπὸ
848 585 943 640 τοῦ
977 584 1463 648 καταναλίσκοντος
1496 585 1666 656 πυρὸς
1705 585 1775 638 τὰ
1820 601 1917 638 πε-

331 675 541 742 φυκότα
585 676 674 728 ὑπ’
710 676 919 729 ἐκείνου
957 676 1368 739 ἀναλίσκεσθαι,
1418 675 1539 729 τότε
1581 675 1764 728 οὐκέτι
1815 676 1915 746 μὲν

330 765 484 818 ἔσται
519 767 547 818 ὀ
576 766 708 829 Θεὸς
737 765 893 836 ἡμῶν
929 765 1038 836 πῦρ
1077 764 1492 827 καταναλίσκον,
1529 764 1687 836 μόνον
1721 764 1798 830 δὲ,
1838 767 1914 828 ὡς

332 853 486 911 εἶπεν
524 856 776 926 Ἰωάννης
797 896 810 919 ,
843 855 980 925 φῶς,
1006 855 1182 924 λέγων
1205 872 1217 884 ·
1244 874 1262 905 ι
1310 855 1366 908 Ὀ
1402 855 1532 919 Θεὸς
1563 855 1677 924 φῶς
1710 858 1844 908 ὲστι.
1888 877 1907 908 ι

332 945 549 999 Τούτων
587 946 642 998 δὲ
695 944 1053 1015 κινηθέντων,
1090 943 1326 1016 πρόσχες
1354 945 1402 996 εἰ
1446 943 1667 996 δύνασαι
1704 943 1764 996 τὸ
1807 945 1915 997 ἀπὸ

331 1038 429 1107 τῆς
478 1039 723 1092 Ἰωάννου
787 1037 1081 1107 καθολικῆς
1147 1034 1467 1107 Ἐπιστολῆς
1527 1034 1697 1100 οὕτως
1759 1035 1911 1107 ἕχον·

337 1146 355 1178 ι
405 1129 722 1200 Ἀγαπητοὶ,
748 1130 842 1183 νῦν
868 1130 1034 1183 τέκνα
1077 1126 1211 1180 Θεοῦ
1252 1128 1440 1198 ἐσμεν,
1468 1129 1563 1180 καὶ
1595 1127 1746 1181 οὔπω
1774 1127 1913 1197 ἐφα-

330 1217 537 1290 νερώθη
577 1220 630 1273 τί
680 1220 940 1292 ἐσόμεθα.
991 1219 1256 1290 Οἴδαμεν,
1304 1219 1406 1283 ὃτι,
1456 1219 1551 1272 ὲάν
1602 1219 1908 1291 φανερωθῇ,

329 1310 500 1381 ὅμοιοι
561 1310 709 1382 αὐτῷ
761 1311 1016 1381 ἐσόμεθα,
1075 1312 1157 1365 ὅτι
1212 1311 1454 1383 ὀψόμεθα
1509 1310 1668 1363 αὑτὸν
1729 1309 1912 1375 καθώς

329 1401 468 1463 ἐστι,
522 1420 540 1452 ι
574 1402 664 1455 τὸν
696 1402 897 1473 τρόπον
942 1402 1137 1457 τοῦτον
1176 1402 1444 1455 ἐκλαϐεῖν.
1486 1402 1600 1454 Νῦν
1651 1403 1746 1473 μὲν
1780 1403 1909 1474 γὰρ.

329 1490 432 1545 κᾶν
462 1491 779 1562 ἀξιωθῶμεν
810 1492 1027 1562 βλέπειν
1060 1493 1171 1565 (14)
1213 1495 1303 1547 τὸν
1343 1494 1475 1547 Θεὸν
1506 1493 1583 1564 τῷ
1616 1494 1692 1564 νῷ
1725 1494 1818 1546 καὶ
1845 1498 1908 1566 τῇ

329 1582 549 1653 καρδίᾳ,
570 1583 631 1634 οὐ
662 1582 933 1653 βλέπομεν
962 1583 1123 1637 αὐτὸν
1150 1582 1333 1648 καθώς
1361 1586 1528 1650 ἐστιν,
1564 1583 1699 1637 ἀλλὰ
1732 1583 1911 1648 καθὼς

325 1671 415 1725 διὰ
445 1672 545 1743 τὴν
592 1672 864 1744 ἡμετέραν
914 1673 1226 1744 οἰκονομίαν
1269 1677 1401 1745 ἡμῖν
1446 1674 1685 1742 γίνεται·
1721 1676 1812 1728 ἐπὶ
1854 1676 1910 1729 δὲ

2020 508 2174 546 meus
2204 500 2322 558 est;
2360 511 2379 543 δ
2411 492 2668 562 quoniam
2701 500 2966 560 quantum
3001 508 3184 548 rerum
3214 501 3299 548 est
3322 507 3442 562 quae
3469 507 3601 546 eon-

2019 583 2159 636 sumi
2211 583 2419 637 meritis
2451 590 2600 647 sunt,
2649 592 2861 637 tantum
2910 582 3055 639 Deus
3106 593 3293 638 noster
3328 584 3470 656 ignis
3517 593 3604 639 est

2017 687 2114 727 cas
2149 688 2481 727 consumens
2519 690 2532 726 :
2574 684 2861 744 postquam
2907 683 3088 730 autem
3124 676 3194 729 ah
3240 676 3363 746 igne
3392 690 3602 731 consu-

2016 774 2201 819 mente
2256 764 2457 819 fuerint
2506 774 2852 834 consumpto.
2888 781 3010 834 qua:
3052 777 3245 821 natura
3283 775 3599 837 comparata

2016 865 2146 910 sunt
2166 865 2226 911 ut
2256 856 2325 910 ab
2351 856 2443 911 illo
2473 868 2898 925 consumuntur;
2926 867 3055 913 tunc
3087 874 3220 913 sane
3245 848 3390 913 Deus
3414 866 3601 914 noster

2017 948 2156 1017 ignis
2189 963 2520 1003 consumens
2556 949 2790 1018 amplius
2818 965 2927 1003 non
2951 951 3075 1015 erit,
3111 951 3204 1004 sed
3238 950 3422 1004 lumen
3453 949 3600 1004 dun-

2015 1047 2182 1100 tavat,
2217 1048 2276 1093 ut
2305 1039 2463 1093 docet
2485 1037 2723 1096 Joannes
2753 1040 2937 1095 dicens
2962 1042 3008 1072 ⁵⁸
3042 1058 3054 1093 :
3089 1059 3108 1091 ι
3143 1040 3287 1096 Deus
3316 1041 3411 1095 lux
3441 1050 3544 1096 est.
3570 1060 3592 1094 ι

2015 1124 2113 1180 llis
2144 1142 2307 1196 porro
2334 1130 2604 1195 excussis,
2633 1130 2755 1184 vide
2784 1145 2854 1183 an
2905 1130 3083 1184 locum
3115 1130 3263 1185 hunc
3293 1146 3359 1186 ex
3397 1130 3598 1187 Catho-

2016 1217 2118 1273 lica
2151 1217 2380 1275 Joannis
2410 1219 2674 1290 Epistula,
2703 1223 2796 1291 qui
2835 1222 2915 1276 sic
2962 1222 3126 1278 habet
3166 1224 3211 1255 ⁵⁷
3250 1241 3270 1277 γε
3312 1242 3331 1274 ι
3375 1222 3600 1278 Charis-

2015 1310 2175 1374 simi,
2226 1327 2371 1365 nunc
2413 1311 2506 1366 lilii
2559 1312 2650 1367 Dci
2688 1329 2913 1378 sunms,
2958 1323 3011 1367 ct
3057 1314 3295 1368 nondum
3345 1316 3598 1383 apparuit

2013 1403 2159 1470 quod
2209 1402 2445 1469 erimus;
2499 1406 2707 1460 scimus
2759 1405 3015 1474 quoniam
3077 1421 3201 1460 cum
3260 1406 3595 1474 apparuerit,

2014 1494 2221 1548 similes
2263 1495 2311 1548 ei
2346 1494 2585 1561 erimus,
2621 1496 2877 1564 quoniam
2926 1496 3232 1551 videbimus
3272 1496 3439 1566 798
3472 1511 3594 1549 eum

2015 1583 2174 1637 sicuti
2205 1594 2307 1647 est,
2343 1603 2362 1635 ι
2396 1585 2586 1638 eodem
2621 1584 2785 1638 modo
2827 1585 3175 1655 interpretari
3206 1586 3406 1653 possis.
3440 1582 3599 1639 Nunc

2015 1675 2159 1727 enim
2189 1676 2352 1729 etiam
2402 1676 2447 1729 si
2479 1675 2627 1744 digni
2675 1674 2975 1729 habeantur
2999 1676 3093 1744 qui
3128 1674 3297 1729 Deum
3334 1688 3513 1731 mente
3544 1679 3599 1731 et

328 1762 472 1817 τέλει
524 1762 634 1815 τῶν
688 1764 1049 1833 πραγμάτων,
1102 1764 1198 1818 καὶ
1255 1765 1356 1834 τῆς
1414 1765 1899 1828 ἀποκαταστάσεως

2019 1765 2185 1820 corde
2214 1782 2526 1830 cernamus,
2557 1782 2678 1821 eum
2718 1775 2896 1820 tamen
2927 1766 3152 1821 minime.
3177 1767 3336 1822 sicuti
3362 1777 3446 1822 est
3473 1781 3596 1822 cor-

331 1854 549 1909 πάντων
588 1846 662 1907 ὧν
714 1873 733 1905 ι
785 1854 1014 1924 ὲλάλησε
1050 1855 1140 1908 διὰ
1185 1856 1451 1925 στόματος
1492 1854 1599 1908 τῶν
1642 1855 1812 1923 ἁγίων
1855 1854 1913 1921 ἐξ

293 1945 523 2006 αἰῶνος
557 1945 851 2016 προφητῶν
894 1945 1085 2011 αὐτοῦ,
1139 1963 1158 1995 ι
1202 1945 1446 2015 ὀψόμεθα
1486 1945 1668 2010 αὑτὸν,
1709 1946 1808 2015 οὐχ
1838 1946 1915 2008 ὡς

339 2036 454 2098 νῦν,
489 2036 518 2089 ὃ
544 2036 644 2089 οὐκ
669 2035 835 2099 ἔστιν,
864 2035 978 2088 ἀλλ’
1008 2036 1085 2099 ὡς
1113 2036 1311 2107 πρέπει
1340 2035 1484 2100 τότε,
1513 2035 1542 2088 ὅ
1567 2037 1733 2088 ἐστιν.

2022 1856 2225 1922 nimus,
2263 1858 2356 1912 sed
2387 1857 2566 1927 qualis
2597 1857 2816 1926 regendi
2862 1856 3031 1911 nostri
3083 1871 3248 1911 causa
3301 1856 3458 1911 nobis
3483 1850 3598 1910 elli—

2021 1947 2198 2013 citur;
2233 1957 2287 2001 at
2318 1948 2372 2002 in
2408 1964 2590 2003 rerum
2621 1948 2746 2014 fine,
2776 1957 2829 2003 et
2861 1948 3109 2003 omnium
3141 1963 3332 2002 eorum
3371 1950 3597 2004 restitue

2020 2037 2167 2092 tione
2205 2056 2327 2110 quae
2370 2060 2389 2091 ι
2442 2040 2657 2095 lucutus
2705 2028 2927 2108 est’per
2965 2054 3026 2093 os
3066 2047 3400 2104 sanctorum,
3432 2039 3525 2109 qui
3561 2053 3593 2092 ιι

326 2129 525 2182 saeculo
560 2137 690 2182 sunt
738 2130 1124 2197 prophetarum
1178 2128 1299 2195 ejus
1333 2126 1401 2190 ⁸⁸,
1452 2146 1470 2177 ι
1500 2141 1624 2180 eum
1651 2167 1666 2193 ,
1709 2142 1816 2180 non
1853 2125 1906 2180 id
1945 2128 2090 2197 quod
2137 2145 2247 2184 non
2280 2139 2386 2198 est,
2417 2128 2879 2201 quemadmodum
2913 2144 3081 2194 nunc,
3111 2128 3439 2198 videbimus,
3474 2130 3591 2196 sed.

329 2218 402 2273 ita
437 2229 494 2273 ut
524 2229 653 2272 tunc
690 2237 787 2288 par
813 2221 938 2283 erit,
972 2221 1023 2275 id
1057 2220 1202 2289 quod
1233 2236 1420 2275 revera
1449 2228 1551 2275 est.

334 2352 337 2355 .
401 2308 583 2372 ’Ἃπαξ
622 2309 679 2362 δὲ
722 2309 895 2363 ταῦτα
932 2311 1177 2373 εἰπόντες
1209 2312 1288 2373 εἰς
1329 2310 1424 2363 eo"
1478 2329 1496 2361 I
1554 2310 1821 2384 Ὡμοιώθη
1871 2314 1904 2385 ἡ

330 2397 571 2467 βασιλεία
592 2398 700 2452 τῶν
731 2399 976 2471 οὐρανῶν
1009 2400 1280 2472 ἀνθρώπῳ
1311 2400 1539 2470 βασιλεῖ,
1574 2421 1592 2453 ι
1628 2402 1905 2474 δυνάμεθα

328 2489 423 2541 καὶ
452 2489 549 2559 τὴν
579 2488 757 2542 αἰτίαν
798 2490 976 2560 εὑρεῖν
1017 2491 1128 2559 (15)
1155 2491 1250 2544 τοῦ
1282 2492 1518 2563 συνεχῶς
1550 2493 1641 2546 τὸν
1670 2477 1905 2564 ἷωτῆρα

328 2578 454 2631 Υἱὸν
483 2579 576 2633 τοῦ
605 2580 913 2650 ἀνθρώπου,
946 2580 978 2652 ἢ
1013 2582 1141 2636 Υῖὸν
1177 2581 1486 2654 ἀνθρώπου,
1533 2582 1724 2637 ἑαυτὸν
1760 2582 1900 2638 ὠνο-

329 2671 583 2740 μακέναι,
625 2672 920 2744 δηλοῦντα,
967 2675 1071 2738 ὅτι,
1104 2674 1293 2746 ὥσπερ
1324 2677 1352 2727 ὁ
1399 2676 1534 2739 Θεὸς
1583 2674 1903 2746 ἀνθρώπους

322 2762 622 2831 οἰκονομῶν
684 2763 760 2827 ὡς
815 2766 875 2818 ὲν
928 2764 1266 2836 παραϐολαῖς
1320 2766 1606 2837 ἄνθρωπος
1661 2766 1898 2837 λέγεται,

322 2854 466 2926 τάχα
490 2856 548 2909 δέ
584 2874 701 2920 πως
734 2857 827 2910 καὶ
861 2857 1068 2926 γίνεται
1087 2875 1099 2889 ’
1131 2857 1303 2922 οὕτως
1337 2859 1428 2913 καὶ
1460 2862 1489 2913 ὁ
1517 2859 1726 2931 Σωτὴρ,
1763 2878 1900 2933 προ-

2082 2309 2173 2365 20.
2229 2308 2528 2381 Postquam
2582 2326 2646 2365 ea
2688 2310 2741 2364 in
2802 2310 2947 2364 hunc
2984 2309 3162 2365 locum
3192 2308 3280 2361 ἠε
3317 2327 3335 2360 ι
3402 2302 3593 2367 Simile

2015 2401 2220 2459 factum
2280 2412 2363 2458 est
2437 2418 2666 2473 regnum
2726 2402 2990 2455 caelorum
3070 2401 3275 2455 homini
3340 2404 3497 2472 regi.
3565 2420 3588 2457 s

2009 2495 2439 2560 edisseruimus,
2522 2509 2744 2548 causam
2797 2510 3018 2563 quoque
3092 2493 3331 2562 reperire
3395 2509 3593 2563 possu-

2007 2602 2162 2651 mus,
2218 2597 2436 2656 propter
2505 2600 2672 2654 quam
2721 2584 2849 2637 Υἱὸν
2925 2582 3020 2638 τοῦ
3093 2582 3382 2656 ἀνθρώπου
3417 2624 3431 2648 ,
3502 2584 3585 2639 vel

2008 2676 2134 2732 Υίὸν
2195 2675 2482 2749 ἀνθρώπου
2532 2690 2591 2731 se
2648 2679 2764 2746 ipse
2801 2674 3107 2745 Sospitator
3141 2673 3452 2755 frequenter
3485 2691 3590 2745 αντ

2005 2775 2208 2845 pellat,
2295 2774 2582 2829 declarans
2660 2774 2805 2845 quod
2882 2773 3342 2844 quemadmodum
3408 2774 3591 2829 homi-

2007 2881 2138 2922 num
2206 2880 2394 2920 curam
2468 2880 2664 2935 gerens
2742 2864 2889 2921 Deus
2954 2865 3121 2921 homo
3182 2865 3236 2920 in
3309 2865 3587 2936 parabolis

323 2947 640 3017 ηγουμένως
687 2947 815 3013 Υἱὸς
857 2947 935 3005 ὢν
975 2948 1070 3002 τοῦ
1115 2948 1282 3013 Θεοῦ,
1318 2950 1413 3004 καὶ
1450 2950 1582 3015 Θεός
1619 2952 1758 3015 ἐστι,
1806 2953 1899 3006 καὶ

2005 2960 2229 3025 dicitur,
2265 2967 2320 3013 et
2370 2958 2776 3028 quodammodo
2817 2957 3046 3014 fortasse
3093 2958 3360 3025 el‘licitur;
3410 2960 3485 3013 ita
3532 2973 3587 3014 et

324 3036 440 3098 υίὸς
491 3038 588 3108 τῆς
624 3039 842 3107 ἀγάπης
879 3037 1066 3103 αὐτοῦ,
1096 3039 1193 3093 καὶ
1243 3058 1261 3090 ι
1305 3038 1471 3093 εἰκὼν
1494 3041 1588 3093 τοῦ
1629 3041 1764 3094 Θεοῦ
1808 3043 1904 3097 τοῦ

322 3129 588 3200 ἀοράτουο
628 3149 646 3181 ι
682 3132 742 3184 οὑ
786 3131 937 3201 μένει
974 3133 1031 3187 δὲ
1085 3134 1142 3186 ὲν
1187 3126 1232 3201 ᾧ
1277 3133 1394 3186 ἐστι
1454 3136 1904 3206 προηγουμένως,

320 3221 459 3275 ἀλλὰ
492 3222 700 3290 γίνεται
733 3225 852 3277 κατ’
891 3225 1201 3296 οἰκονομίαν
1229 3225 1323 3278 τοῦ
1355 3225 1412 3278 ὲν
1440 3225 1775 3298 παραϐολαῖς
1812 3227 1899 3280 λε-

319 3314 555 3384 γομένου
586 3314 893 3387 ἀνθρώπου,
929 3316 1080 3382 δντος
1112 3317 1172 3370 δὲ
1205 3315 1363 3382 Θεοῦ,
1408 3316 1539 3382 Υἱὸς
1585 3317 1895 3390 ἀνθρώπου,

319 3406 462 3460 κατά
502 3407 564 3461 τὸ
617 3408 899 3480 μιμεῖσθαι
951 3410 1078 3465 ὅταν
1128 3408 1452 3481 ἀνθρώπους
1497 3412 1754 3483 οἰκονομῇ
1808 3411 1899 3465 τὸν

2005 3045 2263 3101 Servator
2288 3046 2382 3117 qui
2410 3045 2581 3101 Filius
2613 3045 2702 3100 Dei
2731 3048 2907 3117 primo
2932 3056 2987 3102 et
3016 3049 3285 3118 praecipue
3312 3056 3416 3111 est,
3442 3047 3587 3103 Deus

2004 3153 2221 3209 quoque
2253 3148 2355 3213 est,
2385 3147 2439 3194 et
2467 3140 2612 3196 filius
2651 3142 2856 3195 amoris
2905 3140 3102 3210 ipsius,
3134 3148 3190 3195 et
3225 3159 3243 3192 ι
3279 3140 3457 3211 imago
3489 3140 3586 3196 Dei

2004 3231 2293 3287 invisibilis
2319 3231 2399 3299 °°;
2435 3250 2454 3284 ι
2493 3233 2587 3289 sed
2615 3233 2762 3287 ineo
2797 3233 2942 3302 quod
2980 3232 3158 3302 primo
3206 3233 3322 3302 ipse
3353 3247 3418 3287 ac
3447 3249 3587 3302 pra:-

2004 3321 2164 3392 cipue
2211 3330 2316 3383 est.
2349 3338 2459 3377 non
2494 3332 2814 3393 permanet;
2850 3333 2905 3377 at
2943 3323 3101 3392 juxta
3154 3323 3301 3378 illius
3349 3322 3588 3378 admini-

2006 3412 2324 3469 strationem
2356 3414 2451 3485 qui
2497 3415 2662 3470 homo
2712 3414 2765 3470 in
2804 3414 3078 3484 parabolis
3116 3414 3351 3479 dicitur,
3394 3430 3587 3471 revera

1539 3525 1773 3582 VETUS
1810 3525 2399 3583 INTERPRETATIO.

316 3618 456 3674 Cum
497 3628 674 3692 autem
716 3628 1037 3692 consumpta
1077 3618 1276 3692 fuerint
1315 3620 1386 3674 ab
1438 3620 1563 3689 igne
1600 3630 1994 3692 consumente,
2035 3638 2097 3676 ea
2135 3638 2258 3691 quae
2295 3633 2553 3692 consueta
2595 3631 2724 3678 sunt
2761 3622 3015 3678 consumi
3054 3622 3124 3677 ab
3161 3636 3260 3688 eo,
3302 3630 3435 3677 tunc
3465 3623 3580 3692 jam

317 3690 564 3744 nouerit
602 3688 745 3742 Deus
783 3698 968 3744 noster
1007 3690 1143 3758 ignis
1182 3688 1533 3751 consumens,
1574 3692 1666 3745 sed
1708 3691 1913 3753 lumen,
1953 3692 2093 3746 sicut
2127 3688 2258 3747 dicit
2293 3691 2532 3747 Joannes
2574 3711 2589 3748 :
2633 3712 2652 3742 ι
2702 3693 2842 3747 Deus
2880 3693 3062 3746 lumen
3102 3701 3206 3746 est.
3253 3710 3270 3742 ι
3315 3688 3579 3758 Quoniam

319 3768 505 3839 autem
544 3758 795 3839 novimus
835 3758 984 3839 haec,
1022 3760 1146 3839 vide
1184 3758 1232 3839 si
1274 3768 1428 3839 potes
1466 3760 1969 3839 etiamusecnmlum
2027 3758 2172 3816 hunc
2210 3762 2512 3839 intelligere
2559 3762 2781 3816 modum
2823 3778 2886 3839 ex
2929 3759 3160 3839 Joannis
3194 3760 3445 3839 ΕρὴςιιψιΔ
3473 3763 3579 3817 Ca-

317 3829 517 3883 tholica
557 3828 636 3883 sic
678 3828 907 3902 habente
933 3845 947 3882 :
978 3846 996 3878 ι
1044 3827 1388 3902 Charissimi,
1431 3843 1576 3902 nunc
1602 3829 1733 3902 Atilii
1768 3828 1860 3883 Dei
1914 3846 2142 3891 sumus,
2184 3832 2286 3902 sed
2317 3827 2580 3902 nondum
2623 3833 2874 3901 apparuit
2911 3832 3041 3902 quid
3083 3827 3312 3887 erimus.
3358 3831 3579 3888 Scimus

318 3908 509 3971 autem
539 3898 794 3971 quoniam
837 3897 883 3950 si
936 3898 1279 3971 apparuerit,
1320 3897 1525 3951 similes
1565 3900 1614 3953 ei
1658 3900 1903 3971 erimus,
1944 3902 2203 3969 quoniam
2244 3901 2546 3957 videbimus
2584 3897 2708 3957 eum
2750 3897 3056 3955 siculi-est.
3108 3921 3127 3952 ι
3158 3902 3313 3956 Nunc
3350 3903 3572 3971 quidem

315 3967 606 4041 etsidigni
649 3966 1123 4041 fuerimus__Deum
1163 3967 1345 4041 videre
1405 3977 1584 4022 mente
1631 3978 1686 4023 et
1716 3970 1906 4041 corde,
1951 3966 2195 4041 videmus
2248 3986 2372 4025 eum
2428 3986 2541 4026 non
2595 3975 3057 4041 quemadmotum
3099 3981 3204 4036 est,
3247 3973 3343 4027 sed
3370 3966 3573 4041 quem-

316 4035 606 4093 admodum
648 4045 871 4107 prOpter
906 4037 1364 4107 dispensationem
1422 4048 1665 4093 nostrain
1708 4039 1884 4095 factus
1943 4039 2105 4094 fuerit
2153 4041 2328 4095 nohis.
2374 4043 2429 4100 In
2490 4035 2819 4096 line-autem
2865 4056 3070 4103 rerum,
3111 4049 3165 4094 et
3207 4035 3571 4098 restitutionis

316 4107 562 4161 ninnium
603 4106 941 4181 quascunque
969 4106 1193 4181 locutus
1229 4115 1313 4160 est
1354 4123 1450 4181 per
1486 4122 1547 4163 os
1586 4111 1970 4181 prophetarum
2011 4128 2041 4164 a
2082 4112 2317 4174 smculo,
2360 4112 2664 4165 videbimus
2706 4127 2830 4165 cum
2873 4127 2980 4165 non
3021 4112 3163 4165 sicut
3201 4112 3385 4179 modo,
3426 4113 3573 4181 quod

314 4193 424 4230 non
458 4184 583 4247 est:
622 4175 713 4247 sed
753 4175 1208 4246 quemadmodum
1251 4185 1381 4230 tunc
1420 4175 1702 4245 decueiit,‘
1727 4181 2026 4233 secundum
2063 4181 2206 4247 quod
2247 4190 2349 4234 est.
3094 4232 3101 4237 .

384 4247 474 4299 ΞΟ.
508 4246 775 4325 Quoniam
811 4247 992 4325 alitem
1032 4247 1197 4301 semel
1233 4246 1471 4301 diximus
1509 4246 1624 4303 haec
1664 4250 1715 4302 in
1742 4263 1820 4303 eo
1857 4246 2156 4325 qu01|_a_it:
2188 4270 2207 4301 ι
2241 4250 2433 4325 Simile
2464 4259 2551 4303 est
2589 4264 2813 4325 regnum
2845 4251 3109 4325 caelorum
3141 4249 3348 4305 lmmini
3384 4251 3522 4325 regi,
3548 4271 3568 4305 ι

315 4332 611 4389 possumus
649 4316 892 4389 invenire
928 4324 982 4370 et
1014 4330 1214 4389 causas
1254 4326 1469 4385 propter
1505 4333 1644 4389 quas
1682 4334 1825 4389 saepe
1877 4316 1934 4373 et
1970 4316 2234 4374 'Salvator
2274 4320 2466 4373 Filium
2527 4335 2586 4375 se
2653 4316 2889 4374 huminis
2933 4320 3178 4373 nominat
3222 4335 3235 4371 :
3277 4316 3574 4377 ostendens

313 4385 575 4458 quoniam
591 4386 757 4458 sicut
808 4385 953 4458 Deus
988 4386 1284 4458 _homin_es
1320 4385 1678 4458 dispensans,
1719 4385 1875 4458 quasi
1931 4390 1984 4442 in
2036 4390 2308 4458 parabolis
2345 4390 2549 4443 dicitur
2589 4391 2782 4451 homo,
2827 4390 3054 4443 forsitan
3097 4391 3177 4443 sic
3225 4400 3280 4445 et.
3318 4389 3571 4446 Salvator

314 4453 690 4526 principaliter
726 4457 959 4528 quidem
987 4453 1156 4509 Filius
1197 4454 1289 4509 Dei
1330 4453 1620 4528 exsistens.
1661 4453 1915 4517 ct'Deus.
1947 4466 2000 4510 et
2037 4453 2182 4514 illius
2217 4459 2502 4514 charitatis
2541 4460 2680 4528 ejus.
2721 4468 2774 4513 et
2805 4478 2821 4509 ι
2858 4460 3036 4526 imago
3075 4459 3165 4514 Dei
3209 4461 3518 4526 invisibilis,
3545 4480 3567 4515 ι

302 4543 419 4601 non
443 4537 645 4601 autem
678 4540 909 4601 araneus
939 4525 1116 4601 _in.eo‘
1153 4528 1297 4595 quod
1336 4528 1421 4580 erit
1458 4527 1847 4601 principaliter,
1897 4529 2129 4601 edicitur
2164 4532 2462 4583 secundum
2492 4525 2962 4601 dispensationem
2994 4529 3138 4584 filius
3177 4530 3414 4586 hominis
3451 4525 3573 4601 ejus

307 4598 401 4666 qui
442 4597 500 4650 in
541 4595 815 4668 parabolis
847 4594 1044 4668 dicitur
1074 4595 1265 4668 homo.
1307 4594 1606 4668 secundum
1634 4594 2055 4652 'simJitudinem
2096 4600 2353 4664 hominis,
2379 4615 2504 4652 cum
2545 4594 2771 4668 coeperit
2810 4601 3057 4653 homines
3096 4603 3434 4668 dispensare.
3462 4594 3566 4657 Sed

306 4665 614 4738 Benm_qui
657 4666 715 4738 in
749 4665 1022 4738 parabolis
1052 4665 1272 4738 dicitur,
1313 4676 1364 4720 et
1403 4666 1464 4720 lit
1497 4668 1654 4735 quasi
1693 4668 1878 4738 homo,
1915 4683 2023 4722 non
2064 4668 2326 4724 debemus
2363 4684 2609 4738 quaerere
2634 4665 2771 4738 quis
2812 4670 2995 4729 homo.
3037 4680 3098 4725 ut
3135 4665 3281 4726 illius
3316 4671 3569 4729 dicamus

302 4753 427 4791 esse
463 4735 640 4790 tilium
684 4734 1016 4808 salvatorem
1059 4749 1073 4786 :
1116 4736 1211 4808 sed
1262 4745 1470 4791 stantes
1510 4734 1769 4808 in_sensu
1811 4737 1927 4799 Dei.
1967 4747 2020 4792 et
2075 4734 2456 4807 parabolartim
2510 4734 2805 4793 dicentium
2862 4741 3038 4808 ipsum
3092 4756 3216 4795 esse
3266 4741 3565 4806 hominem,

303 4808 595 4876 sapienter
619 4806 910 4860 audiamus
942 4819 1083 4860 'eum
1135 4806 1406 4860 dicentem
1447 4820 1507 4860 se
1559 4805 1754 4860 Filium
1806 4805 2259 4878 hominisIApud
2300 4825 2399 4864 nos
2439 4823 2571 4879 ergo
2609 4805 2898 4873 homines,
2938 4828 2957 4860 ι
3003 4810 3181 4865 simile
3217 4819 3301 4864 est
3338 4805 3564 4881 regnum

368 4906 422 4983 ‘"
457 4948 617 5002 Deut.
644 4964 720 5010 iv,
741 4948 833 5003 24.
911 4949 958 4981 ⁵⁸
986 4947 1146 5004 Joan.
1179 4964 1217 5015 ι,
1243 4949 1334 5004 Si.
1416 4951 1460 4983 ⁸⁷
1490 4948 1509 5003 l
1538 4921 1698 5007 .ioan.
1734 4969 1819 5017 Ill,
1843 4954 1899 5009 2.

2005 4954 2024 4986 ³
2047 4953 2180 5009 Luc.
2219 4972 2259 5021 ι,
2295 4954 2381 5009 '70.
2459 4956 2505 4989 ’9
2531 4955 2724 5011 Matth.
2768 4972 2903 5020 xxii,
2932 4956 2988 5010 2.
3066 4955 3110 4988 ⁸⁸
3138 4954 3255 5011 Col.
3290 4969 3332 5021 ι,
3368 4954 3454 5011 l5.

379 5081 491 5150 (14)
516 5080 648 5135 Νῦν
666 5081 784 5150 μὲν
812 5081 942 5152 γὰρ,
975 5083 1091 5137 κᾶν
1111 5082 1450 5153 ἀξιωθῶμεν
1466 5086 1746 5151 βλέπειν,
1772 5097 1879 5145 etc.

309 5150 772 5204 Theonhvlacws.
1875 5186 1879 5190 ι

378 5164 772 5220 teopnytactus.
1875 5186 1879 5190 ’

378 5219 493 5287 (15)
536 5219 851 5293 ΔΔυνάμεθα
908 5223 1006 5278 καί
1058 5222 1174 5292 τὴν
1222 5224 1420 5278 αἰτίαν
1479 5225 1713 5293 εὑρεῖν,
1770 5237 1875 5283 etc.

306 5290 775 5357 Quemadmodum
823 5294 1072 5348 homines
1109 5290 1161 5347 in
1198 5294 1353 5349 libris
1385 5290 1560 5351 sacris
1596 5314 1614 5347 ι
1653 5297 1757 5350 lilii
1781 5301 1881 5353 ho-

309 5364 516 5436 minum
537 5361 897 5436 _:__s_aapissime
920 5364 1286 5436 appellantur;
1320 5365 1391 5420 ita
1413 5365 1668 5421 Christus
1691 5369 1878 5436 appel-

308 5433 519 5504 laturi
537 5428 1036 5504 Filius__liominis,'i
1072 5449 1169 5503 pro
1194 5448 1261 5488 eo
1293 5437 1438 5504 quod
1464 5444 1548 5490 est
1579 5453 1602 5504 ι
1632 5428 1815 5499 homo,
1849 5456 1870 5490 ι

306 5502 427 5553 κατ’
463 5497 675 5570 ἰεοχήν.
701 5497 983 5570 Origenes,
1017 5497 1207 5558 homil.
1256 5504 1281 5558 l
1310 5497 1397 5559 'iu
1429 5500 1624 5557 Ezech.
1651 5517 1669 5556 :
1701 5524 1722 5557 ι
1769 5497 1871 5562 Per

304 5584 521 5623 nionem
548 5568 884 5640 prophetiam
915 5570 1182 5627 Ezechieli
1208 5574 1408 5628 dicitur
1437 5590 1450 5626 :
1480 5573 1576 5627 Fili
1609 5574 1866 5634 hominis.

304 5641 435 5704 Quis
460 5638 661 5694 autem
687 5638 829 5693 filius
864 5641 1098 5696 hominis
1134 5652 1193 5698 ut
1238 5643 1499 5699 Dominus
1533 5660 1685 5699 meus
1710 5644 1872 5702 Jesus

302 5705 589 5764 Christus?
628 5729 649 5762 ο
691 5707 840 5764 lianc
882 5709 1209 5768 locutionem
1259 5713 1461 5771 Grmcis
1503 5714 1734 5777 Hebraei.
1765 5713 1872 5771 Ro-

1982 5093 2160 5165 manis
2180 5091 2350 5165 Graeci
2378 5094 2871 5165 communicarunt.
2896 5090 3176 5165 Origenes,
3207 5099 3264 5152 in
3288 5114 3369 5165 p3.
3409 5109 3483 5157 iv,
3501 5092 3557 5158 2,

1980 5176 2051 5235 εξ
2078 5162 2299 5235 Catenis
2324 5162 2510 5235 Regiis
2541 5180 2556 5216 :
2594 5162 2774 5235 ξυμέν
2808 5178 2892 5225 τις
2924 5163 3172 5235 Αοίήσεται
3203 5162 3561 5235 περιφραστι-

1981 5181 2045 5217 ex
2078 5181 2297 5217 harenis
2324 5181 2510 5232 uegns
2541 5181 2556 5216 :
2608 5181 2650 5216 υ
2661 5181 2774 5285 ¹⁴μεν
2808 5181 2892 5225 τις
2929 5181 3172 5234 οιησεται
3203 5181 3558 5235 περιφραστι-

1981 5230 2093 5295 κῶς
2118 5233 2389 5305 εἰρῆσθαι,
2424 5234 2500 5297 ὡς
2529 5234 2675 5305 καὶ-ί
2706 5231 3039 5305 λλησιννέθος
3063 5231 3141 5305 τῷ
3164 5232 3391 5305 τοιούτῳ
3423 5236 3558 5305 χρήτ-

1980 5301 2182 5374 σασοαι
2204 5301 2589 5374 σχηματισμῷ,
2618 5301 2882 5374 λέγουσιν·
2904 5301 3032 5368 Υἱὸς
3071 5301 3468 5374 Ἀχαιῶνηκαῖ
3490 5301 3559 5357 τὰ

1980 5372 2162 5444 ι’ξμοια.
2194 5370 2370 5426 Πολλά
2406 5374 2464 5426 δὲ
2488 5370 2720 5444 τοιαῦτα
2765 5372 2988 5444 φέρεται
3021 5373 3115 5425 καὶ
3153 5375 3211 5425 ὲν
3242 5375 3307 5444 τῇ
3342 5373 3555 5444 Γραφῇ,

1977 5435 2055 5495 ὧν
2080 5445 2196 5496 ἐστι
2228 5445 2321 5496 καὶ
2351 5443 2431 5524 τθό·
2463 5435 2978 5564 Βροτόςίγειν-ἆὲτὸς
3001 5435 3307 5512 τυναικόςτ
3349 5435 3442 5496 καὶ
3469 5435 3555 5495 τόδ

1990 5513 2086 5564 Ἐν
2114 5530 2423 5564 νεννητοιο
2448 5528 2750 5564 νυναικων
2766 5514 2843 5564 οὺ
2882 5513 2971 5564 sic
3027 5510 3300 5564 Ἰωάννου
3326 5510 3552 5564 μείζων-⁸

1990 5513 2086 5566 Ἐν
2114 5514 2423 5582 πεννητοῖς
2448 5513 2750 5582 γυναικῶν
2766 5510 2971 5577 οὐδεὶς
3011 5510 3300 5582 Ἰωάννου
3320 5510 3552 5580 μείζων-⁸

1978 5585 2072 5637 καὶ
2096 5578 2256 5707 erat
2284 5578 2410 5653 ’γὰρ
2437 5578 2698 5648 (τί-λέξεις
2725 5582 2846 5636 ἀντὶ
2869 5582 2994 5646 τοῦ,
3023 5578 3337 5648 ἄνθρωποι,
3372 5582 3555 5653 εἴρηνο

1978 5668 2088 5707 ται.
2183 5669 2393 5707 υιιτιυε.

1977 5668 2088 5713 ται.
2134 5668 2393 5710 ιιυιῑτιυε.
