4110 6430
409 276 548 346 isse

1883 284 2045 344 ORIG
2054 282 2214 341 ENIS

3546 297 3691 354 £360

407 411 687 474 Servator,
709 418 937 463 ostenso
963 405 1069 463 sibi
1095 407 1447 472 numismate,
1483 408 1699 478 ipsique
1726 406 1977 477 impressi

2099 408 2312 479 Σωτὴρ,
2337 408 2743 480 ἑπιδειχθέντος
2760 406 2856 462 τοῦ
2870 410 3210 481 νομίσματος
3225 411 3322 465 καὶ
3336 413 3439 484 τῆς
3462 416 3523 468 ἐν
3542 419 3699 495 αὐτῷ

401 500 664 573 imagine,
699 502 809 556 ait:
847 520 865 551 ι
900 498 1130 554 Reddite
1147 513 1269 569 qua:
1300 509 1430 553 sunt
1461 498 1719 564 Caesaris,
1742 499 1983 564 Caesari;

404 599 460 643 et
484 608 607 663 qua!
638 601 767 648 sunt
824 590 938 657 Dei,
974 589 1104 645 Deo.
1149 608 1170 643 ι
1202 590 1378 658 Atque
1443 589 1559 646 haec
1604 590 1827 661 quidem
1883 591 1988 646 hoc

404 680 525 735 loco
550 681 983 743 consideremus,
1006 679 1136 748 quia
1162 679 1332 750 809
1361 680 1406 735 si
1432 682 1652 750 quando
1679 681 1749 737 ab
1783 683 1851 738 iis
1870 693 1989 739 ten-

402 772 498 826 tati
521 772 615 843 qui
652 771 973 827 occasiones
1010 781 1282 841 quaerunt,
1321 779 1377 826 et
1421 771 1754 841 quaestiones
1788 788 1989 843 propo-

399 873 559 927 nunt,
618 879 727 919 non
774 862 1019 919 discendi
1068 878 1258 928 causa,
1290 862 1385 918 sed
1437 873 1499 918 ut
1541 880 1645 921 nos
1692 881 1793 935 pro
1842 865 1985 920 virili

397 963 742 1025 coarguant,
796 970 1086 1011 sermones
1149 954 1309 1010 nobis
1360 957 1637 1013 tentandis
1678 957 1986 1028 propositos

396 1044 706 1113 audiamus,
735 1062 842 1101 non
878 1049 1096 1117 penitus
1136 1050 1540 1114 obmutescere,
1595 1064 1772 1118 neque
1820 1049 1984 1104 etiam

395 1146 622 1203 temere,
654 1138 749 1194 sed
784 1147 944 1195 caute
978 1150 1033 1196 et
1076 1140 1421 1196 considerate
1456 1141 1787 1211 respondere
1822 1140 1987 1196 debe-

393 1242 541 1291 mus,
572 1237 634 1283 ut
665 1244 885 1285 omnem
945 1229 1031 1286 his
1065 1246 1258 1287 ansam
1306 1230 1666 1300 praecidamus
1697 1228 1791 1299 qui
1831 1226 1987 1284 oeca-

393 1317 581 1373 siones
603 1330 882 1389 quaerunt,
907 1330 962 1377 et
1006 1338 1130 1391 qua:
1157 1322 1224 1376 ad
1265 1322 1498 1376 salutem
1547 1318 1839 1375 conferunt
1887 1334 1983 1374 eos

391 1404 668 1475 iuculpate
690 1408 1008 1473 doceamus,
1035 1411 1129 1481 qui
1156 1410 1277 1464 ideo
1307 1412 1539 1465 audiunt
1561 1419 1621 1464 ut
1645 1410 1874 1465 salutem
1906 1410 1988 1464 in-

390 1500 755 1571 dipiscantur.
788 1502 1051 1559 Pharisrei
1088 1520 1252 1574 porro
1273 1504 1536 1559 docendis
1570 1505 1741 1559 variis
1766 1502 1983 1559 Iudaeo-

391 1608 518 1647 rum
553 1593 939 1650 traditionibus
960 1595 1165 1651 assumi
1188 1603 1456 1664 possunt;
1482 1593 1775 1650 Herodiani
1798 1604 1979 1651 autem

392 1685 514 1756 ejus
539 1686 690 1741 verbi
742 1702 931 1749 causa,
981 1687 1129 1757 quod
1174 1686 1320 1741 inter
1363 1701 1460 1742 eos
1512 1686 1606 1756 qui
1658 1687 1980 1757 simpliciori

394 1750 556 1832 modo
571 1778 911 1848 appellantur
929 1750 1121 1841 Judaei,
1148 1777 1350 1850 regiam
1382 1750 1631 1834 obtinere
1657 1750 1978 1849 potestatem
2016 1750 2056 1808 Β

393 1889 423 1923 ιι
454 1869 639 1925 multis
683 1870 1047 1926 existimatur.
1095 1868 1366 1941 Utrinque
1414 1886 1544 1926 vero
1582 1869 1981 1942 Sospitatorem

388 1965 457 2018 de
483 1977 653 2019 censu
692 1963 1064 2033 interrogant;
1099 1962 1147 2018 is
1178 1972 1360 2017 autem
1392 1961 1550 2032 ipsis,
1575 1964 1649 2018 ita
1682 1973 1796 2018 uta
1822 1963 1983 2019 nobis

388 2071 556 2125 supra
578 2056 786 2113 dictum
819 2066 924 2123 est,
954 2055 1288 2126 respondet:
1324 2071 1512 2110 verum
1563 2071 1689 2111 cum
1736 2055 1979 2110 disertidi

384 2164 555 2203 causa
595 2148 776 2218 ipsum
833 2164 943 2203 non
976 2148 1334 2218 interrogem,
1381 2147 1476 2203 sed
1528 2156 1590 2202 ut
1616 2162 1741 2201 eum
1777 2149 1829 2202 in
1864 2162 1981 2202 ser-

387 2255 554 2295 mone
584 2240 881 2311 illaqueent
906 2255 970 2295 ac
986 2248 1215 2303 tentent,
1241 2248 1524 2309 propterea
1556 2249 1775 2309 accepta
1808 2239 1979 2309 ipsius

388 2348 556 2402 super
590 2349 688 2388 sua
715 2332 1021 2402 quaestione
1046 2331 1337 2395 sententia,
1367 2331 1686 2402 nullamque
1702 2330 1803 2386 sibi
1841 2347 1981 2401 prae-

388 2423 557 2477 bitam
610 2424 740 2478 huic
781 2421 1075 2477 insidiandi
1131 2421 1479 2477 occasionem
1540 2421 1814 2485 demirati,
1869 2436 1976 2476 non

387 2513 532 2584 apud
565 2528 690 2567 eum
722 2511 969 2582 quidem,
1007 2510 1469 2582 quemadmodum
1513 2510 1788 2581 discipuli,
1823 2526 1980 2565 tuan-

386 2610 613 2668 serunt;
652 2618 831 2673 neque
856 2602 1178 2672 simpliciter
1196 2600 1469 2668 abierunt,
1495 2609 1557 2655 ut
1588 2602 1656 2656 de
1684 2602 1817 2657 aliis
1839 2602 1978 2657 scri-

384 2701 541 2760 ptum
572 2700 677 2756 est,
709 2691 805 2747 sed
841 2709 861 2743 ι
909 2691 1102 2748 relicto
1149 2706 1218 2747 eo
1259 2690 1628 2760 abierunt“;
1678 2710 1696 2745 ι
1731 2705 1796 2747 ac
1827 2691 1977 2762 ejus-

387 2783 533 2836 modi
556 2782 776 2853 quidem
811 2791 958 2847 sunt,
985 2783 1080 2854 qui
1106 2782 1297 2838 relicto
1320 2781 1522 2849 Verbo,
1560 2790 1615 2837 et
1646 2781 1750 2836 ﬁde
1775 2783 1824 2837 ei
1863 2797 1971 2837 non

387 2875 595 2937 habita,
621 2885 905 2947 postquam
930 2876 1222 2931 audierunt
1245 2874 1399 2940 illud,
1437 2874 1717 2929 recedunt.
1748 2872 1813 2929 Et
1846 2890 1973 2931 vero

384 2968 452 3020 de
488 2968 555 3022 iis
601 2969 695 3039 qui
742 2978 1033 3039 postquam
1061 2968 1386 3031 audierunt,
1424 2967 1494 3021 ab
1546 2968 1664 3037 ipsa
1693 2966 1974 3023 auditione

2092 497 2318 562 εἰκόνος,
2340 499 2504 570 φησιν
2525 516 2538 529 ·
2582 520 2602 553 ι
2642 500 2898 554 Ἀπόδοτε
2922 499 2991 553 τά
3016 500 3295 574 Καίσαρος
3309 501 3388 573 τῷ
3422 504 3693 574 Καίσαρι,

2092 589 2186 641 καὶ
2209 588 2278 643 τά
2299 588 2393 643 τοῦ
2414 589 2548 644 Θεοῦ
2565 589 2642 660 τῷ
2662 590 2801 662 Θεῷ.
2830 610 2848 643 ι
2873 592 2981 645 Καὶ
3000 591 3159 646 τοῦτο
3176 592 3233 647 δὲ
3254 594 3398 649 κατά
3411 595 3505 650 τὸν
3523 598 3698 652 τόπον

2092 681 2478 753 σκοπήσωμεν,
2520 684 2623 749 ὅτι,
2671 685 2773 739 ἐάν
2822 701 2974 750 ποτε,
3020 684 3406 758 πειραζόμενοι
3446 689 3554 743 ὑπὸ
3580 690 3693 745 τῶν

2091 766 2395 838 ζητούντων
2432 771 2707 843 ἀφορμάς,
2752 774 3145 847 προτεινόντων
3178 775 3566 849 προσλήματα,
3591 780 3690 854 οὐγ

2090 862 2177 915 ἴνα
2207 862 2473 934 μάθωσιν,
2509 865 2625 919 ἀλλ’
2656 865 2745 920 ἴνα
2767 865 2866 938 ὅση
2900 865 3132 939 δύναμις
3172 868 3331 939 ἡμῶν
3371 875 3669 946 κατηγορή-

2090 970 2277 1019 σωσιν,
2316 954 2607 1027 ἀκούωμεν
2654 956 2848 1026 λόγους
2892 960 3282 1031 πειραστικοὺς
3341 959 3515 1032 ἡμῶν,
3563 962 3683 1018 οὔτε

2088 1045 2264 1117 πάντη
2297 1048 2509 1118 σιωπᾷν
2549 1048 2859 1120 ὀφείλομεν,
2901 1048 3027 1103 οὕτε
3054 1048 3130 1114 ὡς
3159 1049 3350 1122 ἔτυχεν
3384 1052 3683 1126 ἀποκρῖναι

2090 1136 2235 1203 σθαι,
2270 1137 2406 1192 ἀλλά
2455 1139 2941 1211 περιεσκεμμένως
2968 1141 3063 1194 καὶ
3103 1142 3245 1213 μετά
3280 1144 3673 1215 περισκέψεως,

2087 1220 2168 1291 εἰς
2198 1228 2260 1280 τὸ
2287 1227 2387 1299 ὅση
2415 1227 2644 1300 δύναμις
2684 1230 2917 1301 ἐκκόψαι
2944 1229 3044 1294 τάς
3071 1231 3328 1304 ἀφορμὰς
3356 1233 3464 1287 τῶν
3495 1234 3677 1291 θελόνες

2084 1339 2193 1375 των
2225 1321 2505 1394 ἀφορμὰς,
2557 1323 2653 1377 καὶ
2693 1323 2968 1379 διδάσκειν
3021 1325 3402 1399 ἀνεπιλήπτως
3449 1327 3519 1382 τά
3567 1328 3675 1383 σώ-

2088 1411 2252 1479 ζοντα
2285 1415 2413 1476 τοὺς
2444 1413 2804 1485 βουλομένους
2828 1416 2886 1469 ἐν
2911 1415 2988 1487 τῷ
3010 1417 3230 1471 ἀκούειν
3265 1415 3555 1482 σώζεσθαι.
3578 1417 3679 1472 Δύ-

2085 1522 2278 1560 νανται
2302 1506 2358 1559 δέ
2391 1507 2440 1559 οἱ
2475 1508 2575 1578 μὲν
2602 1509 2887 1578 Φαρισαῖοι
2914 1507 3286 1579 λαμϐάνεσθαι
3310 1512 3391 1574 εἰς
3414 1509 3525 1581 (40)
3551 1510 3683 1575 τοὺς

2084 1596 2443 1663 διδασκάλους
2475 1598 2584 1652 τῶν
2628 1597 2905 1671 διαφόρων
2950 1600 3256 1655 Ἰουδαϊκῶν
3302 1601 3677 1671 παραδόσεων·

2084 1690 2134 1742 οἱ
2163 1689 2221 1743 δὲ
2263 1690 2585 1760 Ἡρωδιανοὶ
2621 1692 2700 1755 εἰς
2730 1689 2822 1744 τὸν
2855 1690 3207 1763 νομιζόμενον
3238 1692 3391 1764 παρά
3412 1694 3526 1757 τοῖς
3550 1691 3682 1745 πολ-

2083 1782 2191 1849 λοῖς
2223 1783 2506 1865 βασιλικὸν,
2554 1784 2827 1839 Ἰουδαίων
2856 1784 2966 1839 τῶν
2996 1783 3170 1849 οὕτως
3192 1783 3560 1859 ἁπλούστερον
3591 1784 3682 1838 λε-

2083 1875 2331 1947 γομένων
2375 1876 2550 1943 λόγων
2586 1876 2722 1948 (41).
2771 1877 2888 1946 Ἀφ’
2922 1877 3203 1950 ἑκατέρων
3232 1873 3330 1932 οὖν
3379 1877 3681 1934 πυνθάνον-

2082 1985 2173 2023 ται
2226 1966 2323 2022 τοῦ
2373 1968 2629 2040 Σωτῆρος
2673 1968 2743 2023 τά
2791 1969 2924 2042 πνρὶ
2954 1970 3050 2023 τοῦ
3079 1970 3309 2041 κήνσουσ
3340 1972 3374 2024 ὁ
3402 1970 3460 2023 δὲ
3492 1971 3679 2033 αὐτοῖς

2081 2059 2458 2130 ἀποκρίνεται,
2502 2059 2580 2123 ὡς
2626 2058 3068 2130 ἀποδεδώκαμεν
3105 2057 3246 2131 πλὴν
3297 2057 3420 2111 ἐπεὶ
3456 2058 3518 2111 ού
3567 2073 3677 2128 μα-

2081 2150 2193 2204 θεῖν
2230 2150 2511 2221 βούλονται
2538 2153 2603 2204 ἐκ
2641 2148 2735 2203 τοῦ
2766 2150 2978 2221 ἐρωτᾷν
3019 2148 3201 2213 αὐτὸν,
3236 2148 3374 2202 ἀλλά
3408 2148 3674 2217 παγιδεῦ-

2083 2261 2171 2297 σαι
2198 2245 2255 2297 ἐν
2272 2242 2437 2313 λόγῳ,
2458 2243 2554 2295 καὶ
2580 2241 2862 2313 πειράζειν
2890 2239 3071 2304 αὐτὸν,
3098 2239 3186 2293 διά
3215 2238 3374 2293 τοῦτο
3400 2239 3675 2294 ἀκούσαν-

2078 2349 2170 2396 τες
2197 2331 2264 2386 τά
2284 2330 2543 2385 δοκοῦντα
2567 2331 2716 2403 αὐτῷ
2740 2331 2876 2403 πρὸς
2895 2330 2959 2385 τὸ
2982 2331 3173 2403 πύσμα
3198 2330 3385 2396 αὑτοῦ,
3411 2333 3506 2386 καὶ
3538 2330 3672 2385 θαυ-

2083 2423 2375 2493 μάσαντες,
2409 2422 2494 2475 ὅτι
2535 2421 2610 2493 μὴ
2650 2421 2849 2475 ἔδωκεν
2888 2422 3072 2487 αὐτοῖς
3108 2421 3366 2494 ἀφορμάς
3398 2420 3494 2474 τοῦ
3521 2417 3679 2492 αὐτῷ

2078 2510 2470 2576 ἐπιϐουλεύειν,
2502 2514 2603 2566 οὐκ
2634 2512 2855 2583 ἔμειναν
2884 2512 2983 2583 μὲν
3004 2514 3134 2583 παρ’
3167 2509 3339 2582 αὐτῷ,
3372 2510 3449 2574 ὡς
3480 2511 3530 2563 οἱ
3567 2527 3676 2581 pa-

2078 2598 2256 2671 θηται·
2290 2599 2413 2653 οὒδέ
2444 2599 2634 2664 ἀπλῶς
2662 2599 2925 2671 ἀπῆλθον,
2967 2600 3043 2663 ὡς
3078 2599 3206 2669 περὶ
3238 2599 3414 2655 ἀλλων
3464 2599 3673 2672 γέγρα-

2079 2709 2229 2753 πται,
2272 2712 2291 2743 ι
2328 2691 2559 2762 ἀφέντες
2594 2710 2613 2743 ι
2660 2691 2718 2745 δέ
2753 2713 2770 2743 ι
2814 2690 2976 2746 αὐτὸν
3021 2691 3281 2764 ἀπῆλθον·
3319 2710 3339 2743 ι
3376 2691 3471 2746 καὶ
3501 2690 3676 2745 τοιοῦο

2075 2783 2158 2836 τοί
2180 2783 2245 2852 γέ
2278 2785 2418 2837 εἰσιν
2451 2784 2501 2836 οἱ
2537 2783 2791 2852 ἀφιέντες
2830 2782 2922 2836 τὸν
2949 2783 3143 2853 Λόγον,
3187 2782 3283 2837 καὶ
3313 2781 3677 2848 ἀπιστοῦντες

2076 2874 2242 2947 αὐτῷ,
2270 2875 2365 2929 καὶ
2401 2875 2655 2939 ἀπιόντες
2684 2876 2778 2928 ἀπ’
2808 2875 2974 2929 αὐτοῦ
3020 2875 3160 2946 μετά
3196 2874 3257 2928 τὸ
3289 2873 3522 2928 ἀκοῦσαι
3566 2875 3669 2928 αύ-

2073 2968 2189 3023 τοῦ.
2245 2969 2356 3024 Καὶ
2405 2969 2504 3039 οὐχ
2556 2968 2865 3041 ἁμαρτήσει
2917 2967 3090 3037 λέγων
3127 2968 3259 3041 περὶ
3300 2967 3411 3021 τῶν
3442 2965 3582 3037 μετά
3603 2965 3668 3018 τὺ

384 3058 667 3125 deﬁciunt,
702 3074 810 3114 non
841 3058 1180 3114 aberraverit
1209 3057 1458 3128 profecto
1497 3058 1591 3128 qui
1632 3058 1833 3113 dixerit
1875 3074 1971 3115 eos

2078 3055 2307 3111 ἀκοῦσαι
2340 3056 2692 3112 ἀποστάντων
2741 3057 2832 3110 καὶ
2871 3056 2968 3110 τοῦ
3008 3055 3250 3120 ἀκούειν,
3295 3056 3378 3109 ὅτι
3409 3056 3460 3109 οἱ
3489 3054 3668 3109 τοιοῦ-

387 3151 579 3204 relicto
602 3149 731 3205 Jesu
757 3150 991 3217 abiisse;
1020 3166 1122 3206 nos
1172 3159 1354 3205 autem
1390 3149 1522 3205 illud
1563 3166 1782 3220 sponsa:
1812 3168 1963 3207 usur-

385 3241 639 3313 pahimus
669 3258 684 3294 ε
718 3261 735 3293 ι
766 3241 940 3297 Tenui
967 3257 1118 3309 eum,
1141 3257 1244 3298 nec
1274 3242 1458 3298 dimisi
1488 3258 1614 3297 eum
1643 3243 1710 3299 ⁸⁸.
1756 3263 1775 3294 ι

386 3419 464 3477 lle
499 3418 829 3481 Sadducwis.
852 3423 943 3491 qui
967 3419 1151 3476 Iesum
1183 3423 1641 3494 interrogaverunt
1663 3424 1729 3480 de
1750 3426 1968 3480 muliere

772 3508 891 3562 qua:
928 3504 1126 3561 septem
1149 3494 1278 3547 viris
1303 3504 1574 3564 nupserat.

452 3580 545 3636 29.
582 3600 603 3635 ι
637 3582 693 3637 In
740 3583 836 3638 illo
873 3584 962 3638 die
994 3596 1349 3642 accesserunt
1387 3588 1456 3642 ad
1497 3603 1624 3643 eum
1657 3588 1966 3653 Sadductei,

381 3671 477 3742 qui
505 3672 696 3728 dicunt
721 3687 830 3728 non
853 3688 978 3729 esse
1008 3675 1463 3732 resurrectionem
1492 3676 1560 3743 ",
1596 3696 1615 3728 ι
1641 3686 1697 3732 et
1731 3678 1964 3748 reliqua,
1994 3728 1999 3733 ,

2082 3167 2165 3203 τοι
2189 3150 2422 3217 ἀφέντες
2455 3149 2549 3203 τὸν
2599 3147 2807 3220 Ἰησοῦν
2838 3147 3099 3220 ἀπῆλθον’
3139 3150 3302 3219 ἡμεῖς
3342 3148 3402 3201 δέ
3432 3146 3669 3218 ἐροῦμεν

2079 3242 2142 3297 τὸ
2163 3242 2263 3313 τῆς
2292 3241 2531 3314 νύμςρης·
2567 3260 2586 3293 ι
2641 3239 2952 3313 Ἐκράτησα
2979 3240 3163 3306 αὐτὸν,
3203 3240 3299 3294 καὶ
3343 3240 3443 3293 οὐκ
3472 3239 3664 3311 ἀφῆκα

2076 3333 2255 3387 αὐτόν.
2291 3352 2310 3385 ι

2071 3426 2211 3492 Περὶ
2254 3424 2373 3479 τῶν
2407 3423 2847 3487 ΣαδδουκαΙων,
2886 3422 2944 3477 οἳ
2973 3422 3371 3492 ἐπηρώτησαν
3415 3422 3523 3492 τὸν
3557 3422 3661 3489 Ἰη-

2070 3491 2226 3549 σοῦν
2240 3496 2373 3563 περὶ
2390 3494 2498 3563 τῆς
2512 3494 2797 3572 γυναικὸς
2812 3492 2921 3562 τῆς
2931 3494 3081 3549 ἑπτὰ
3089 3491 3401 3561 λαϐούσης
3410 3491 3654 3561 ἄνδρας.

2148 3605 2169 3639 ι
2217 3587 2307 3641 Ἐν
2340 3588 2528 3660 ἐκείνῃ
2569 3588 2636 3658 τῇ
2685 3585 2871 3659 ἡμέρᾳ
2901 3585 3205 3657 προσῆλθον
3238 3586 3386 3657 αὐτῷ
3427 3584 3655 3639 Σαδδου-

2070 3680 2214 3734 καῖοι
2252 3678 2502 3748 λέγοντες
2550 3678 2626 3749 μὴ
2668 3674 2808 3731 εἶναι
2849 3677 3165 3743 ἀνάστασιν,
3208 3696 3227 3730 ι
3267 3678 3363 3731 καὶ
3401 3674 3473 3731 τά
3504 3674 3654 3747 ἑξῆς,

1580 3791 1813 3849 VETUS
1847 3790 2429 3849 INTERPRETATIO.

383 3902 556 3976 modi,
583 3900 637 3957 id
665 3911 751 3976 est
770 3903 1018 3976 diversas
1041 3904 1301 3971 malitias,
1326 3913 1381 3961 et
1413 3919 1853 3976 nonpossumus
1890 3906 2045 3975 prius
2078 3905 2307 3961 reddere
2330 3905 2440 3961 Deo
2467 3920 2591 3974 qua:
2622 3903 2727 3976 Dei
2759 3914 2908 3976 sunt,
2938 3905 3045 3962 nisi
3073 3904 3479 3962 reddiderimus
3501 3905 3654 3976 prin-

381 3972 490 4041 cipi
516 3987 645 4055 quae
666 3973 929 4055 principis
954 3984 1103 4055 sunt,
1130 3976 1182 4029 id
1216 3983 1348 4055 est“.
1372 3975 1479 4030 nisi
1508 3972 1933 4055 deposuerimus
1949 3976 2225 4055 _malitiam
2251 3972 2595 4055 universam:
2618 3975 2753 4055 ideo
2776 3974 3288 4055 Dominus_ps_tenso
3319 3976 3424 4031 sibi
3456 3972 3654 4055 31.5m-

386 4051 568 4128 stnate
586 4044 902 4128 etimagine
922 4044 1042 4114 ejus
1071 4058 1233 4128 respo

1237 4043 1356 4099 udit
1389 4061 1403 4116 ς
1447 4063 1467 4097 ι
1505 4043 1733 4116 Reddite
1759 4045 1986 4116 Caesari,
2017 4061 2143 4116 quae
2169 4045 2604 4116 Caesarissunt;
2634 4054 2690 4116 et
2717 4044 2848 4116 Deo,
2880 4060 3005 4116 quae
3037 4044 3131 4101 Dei
3174 4059 3323 4101 sunt.
3372 4064 3391 4097 ι
3453 4043 3520 4101 Et
3549 4046 3654 4100 hoc

339 4129 346 4135 '
384 4111 666 4185 discamus
691 4127 757 4167 ex
786 4111 908 4185 loco
931 4111 1206 4184 praesenti,
1239 4114 1497 4182 quoniam
1530 4115 1576 4170 si
1608 4114 1831 4185 quando
1858 4111 2050 4173 tentati
2080 4114 2351 4171 fuerimus
2377 4113 2448 4168 ab
2478 4113 2560 4169 eis
2583 4115 2680 4185 qui
2707 4111 3275 4171 volunt'occasionem
3306 4155 3320 4177 ,
3350 4124 3407 4170 et
3451 4130 3653 4184 propoo

383 4183 698 4254 nnntnohis
726 4183 992 4254 quasdam
1019 4184 1442 4254 propositiones,
1476 4199 1583 4239 non
1615 4183 1672 4240 ut
1702 4184 1938 4252 discant,
1972 4189 2069 4242 sed
2110 4195 2172 4240 ut
2208 4199 2429 4254 causam
2453 4183 2823 4240 accusationis
2860 4184 3141 4241 inveniant
3165 4193 3356 4240 contra
3389 4183 3512 4251 nos,
3550 4183 3652 4241 nec

381 4251 609 4325 omnino
640 4251 819 4325 tacere
839 4251 1134 4325 debemus,
1160 4270 1260 4309 nec
1280 4253 1604 4325 simpliciter
1638 4256 1993 4324 respondere,
2023 4255 2119 4311 sed
2150 4270 2275 4309 cum
2301 4253 2566 4325 cogitatu,
2593 4263 2649 4325 et
2676 4254 3100 4324 circumspectu,
3129 4263 3191 4309 ut
3216 4261 3483 4324 quantum
3518 4270 3651 4325 pos-

384 4321 542 4402 sibile
569 4321 726 4377 nobis
752 4322 939 4386 fuerit,
964 4323 1325 4402 praecidamus
1353 4321 1698 4402 occasionem
1733 4321 2110 4402 quaerentium
2161 4325 2216 4378 in
2249 4321 2408 4379 nobis
2429 4321 2773 4378 occasionem
2790 4366 2806 4391 ,
2831 4332 2888 4378 et
2907 4321 3206 4380 doceamus
3236 4321 3650 4395 _irreprehe'nsi-

386 4390 666 4462 hiliterea
693 4408 816 4460 qua:
846 4390 1077 4462 possunt
1097 4394 1309 4448 salvare
1332 4394 1577 4448 volentes
1607 4390 1831 4449 salvari.

453 4461 524 4515 29
548 4460 633 4514 «In
665 4462 759 4516 illo
783 4460 893 4547 die,
918 4472 1268 4518 accesserunt
1290 4463 1357 4517 ad
1391 4463 1578 4520 Jesum
1619 4462 1907 4520 Sadducaei
1962 4464 2058 4535 qui
2095 4463 2285 4519 dicunt
2336 4477 2445 4519 non
2474 4476 2599 4518 esse
2646 4463 3141 4528 resurrectionem,
3174 4475 3229 4519 et
3281 4463 3649 4535 interrogave-

490 4602 539 4636 “
569 4601 759 4658 Matth.
802 4619 942 4670 nu,
965 4603 1059 4658 22.

1171 4605 1218 4637 ³⁸
1242 4604 1402 4660 Cant.
1443 4620 1543 4670 ιιι,
1576 4606 1630 4660 4.
1705 4605 1753 4637 ⁸⁸
1789 4603 1980 4659 Matth.
2014 4619 2150 4665 χχιι,
2181 4603 2253 4658 2'5
2278 4610 2335 4657 et
2360 4617 2479 4673 seq.

452 4715 581 4789 (40)
601 4717 899 4789 Δύνανταε
937 4716 1029 4789 δέ
1054 4719 1110 4771 οι
1153 4715 1272 4789 μὲν
1319 4718 1629 4789 Φαρισαῖοι
1671 4715 1966 4789 λαμϐάνε-

2078 4714 2431 4771 ιεεεοιιιιίοιιε
2466 4710 2729 4789 _Masorae
2768 4711 2980 4789 initium
3033 4709 3369 4789 Pharisaeos.
3394 4708 3645 4789 dedisse;

383 4786 677 4854 σθαιέις.
729 4798 835 4844 etc.
876 4787 1178 4843 Pharisaeos
1218 4787 1273 4841 in
1312 4788 1568 4844 omnibus
1617 4786 1964 4844 consensisse

383 4858 613 4921 Scribis.
634 4856 855 4914 Scribas
887 4871 1068 4913 autem
1096 4856 1480 4913 traditionibus
1500 4857 1672 4915 fuisse
1700 4857 1963 4912 addictis-

384 4931 556 4985 simos
576 4929 897 4985 testiﬁcatur
927 4928 1286 4999 Epiphanius.
1320 4926 1672 4999 Traditiones
1702 4927 1821 4982 ista:
1862 4924 1960 4980 Ju-

383 4999 572 5070 daica,
595 5014 719 5070 quae
735 5014 898 5054 merae
917 4997 1075 5070 nugae
1112 5006 1179 5070 et
1228 4997 1627 5070 fabuleaniles
1649 4997 1761 5070 fere
1782 5003 1958 5070 erant,

380 5065 757 5139 δευτιρώσεις,
785 5078 841 5123 et
865 5065 1054 5139 earuin
1093 5068 1346 5139 doctores
1369 5110 1385 5133 ,
1427 5065 1756 5139 δευτερωται
1778 5065 1962 5139 appel-

384 5134 659 5203 labantur,
681 5138 991 5206 cuiusmodi
1009 5148 1167 5194 erant
1183 5137 1467 5204 Pharisaei,
1500 5146 1563 5193 ut
1587 5134 1681 5192 hic
1698 5134 1962 5206 Origenes

384 5207 644 5280 tradit,et
670 5206 1035 5280 Hieronymus
1077 5211 1132 5280 in_
1170 5208 1399 5280 epistola
1431 5207 1501 5263 ad
1558 5206 1856 5280 Algasiam,
1878 5213 1962 5280 _et

385 5279 439 5351 in
471 5276 661 5351 Matth.
687 5294 826 5351 nu.
858 5273 1072 5333 Talium
1113 5273 1489 5351 δευτερώσεων
1524 5273 1834 5351 exemplum
1876 5273 1963 5351 in-

384 5347 539 5414 signe
569 5348 757 5410 habes,
790 5347 858 5404 de
889 5364 1150 5404 manuum
1186 5344 1478 5412 lav'atione,
1526 5344 1719 5401 Matth.
1766 5361 1865 5411 xv,
1904 5344 1957 5411 1,

381 5417 437 5472 2.
466 5417 511 5471 Α
545 5417 859 5475 doctoribus
893 5420 1246 5474 tradebantur
1279 5419 1464 5475 pueris
1493 5432 1602 5472 una
1648 5431 1774 5472 cum
1810 5414 1960 5470 Scri-

386 5434 437 5472 z.
466 5434 511 5471 ιι
545 5434 859 5475 uoctormus
893 5434 1246 5474 tradebantur
1275 5434 1464 5500 pueris
1493 5434 1602 5472 una
1648 5434 1774 5472 cum
1811 5434 1959 5499 acri-

386 5498 564 5556 ptura,
593 5499 752 5558 atque
776 5503 982 5558 earum
1015 5489 1384 5558 observationi
1412 5487 1756 5558 deditumse
1789 5486 1959 5541 fuisse

385 5555 679 5624 proﬁtetur
704 5557 927 5622 Paulus,
951 5557 1070 5614 Gal.
1098 5574 1138 5623 ι,
1176 5558 1263 5612 14.
1297 5556 1375 5612 Ex
1407 5557 1478 5612 iis
1503 5565 1637 5612 orta:
1666 5555 1880 5611 Masora
1911 5562 1968 5609 et

384 5626 627 5697 Cabala:
654 5630 949 5685 verisimile
975 5630 1121 5684 enim
1136 5637 1222 5683 est
1247 5628 1558 5697 huiusmodi
1584 5627 1959 5687 traditionum,

391 5701 514 5752 qua
549 5694 695 5750 circa
732 5700 867 5768 legis
900 5700 1135 5754 litteram
1184 5694 1529 5768 potissimum
1578 5697 1961 5755 versabantur.

2069 4782 2519 4867 quamuartemju
2546 4782 2820 4867 aliqui-bus
2865 4782 3085 4867 utilem,
3128 4794 3330 4867 vanam
3355 4779 3411 4834 in
3459 4780 3646 4867 multis

2067 4852 2125 4910 et
2156 4854 2389 4921 futilem,
2411 4853 2504 4907 alii
2527 4852 2758 4921 subinde
2786 4852 3095 4916 excoluere,
3140 4859 3195 4906 et
3234 4852 3288 4903 in
3316 4852 3640 4921 immensum

2069 4940 2291 4998 auxere.
2315 4917 2703 4998 Δεύτερώσεων
2733 4921 3214 4998 quidem_pri_t_nos_
3235 4928 3501 4998 auctores.
3515 4917 3644 4974 facit

2068 4976 2819 5079 Hiéfétéimseﬂzsimeéi
2836 5001 2911 5079 PE
2931 4976 3009 5079 ,βέ
3061 4989 3268 5079 κίνει
3291 4986 3642 5079 melius

2066 5066 2226 5119 annis
2249 5062 2452 5118 Christi
2472 5071 2651 5116 ortum
2683 5076 3012 5130 praecessere
3036 5079 3050 5115 :
3083 5073 3271 5116 earum
3293 5062 3641 5126 postmodum

2066 5133 2427 5208 patrocinium
2461 5131 2702 5208 suscepit
2720 5128 2788 5184 Β.
2815 5131 3009 5208 Αξιὶιιιι,
3055 5131 3257 5208 aliique
3281 5125 3504 5208 deinde
3529 5125 3640 5208 He:

2107 5219 2338 5284 raeorum
2363 5192 2638 5284 _magistri
2658 5218 2673 5267 ;
2708 5215 2739 5284 ιι
2777 5192 3005 5284 ’ςιιίιιυε
3042 5192 3261 5256 demum
3314 5194 3371 5250 in
3407 5192 3642 5253 'l‘almud

2067 5274 2252 5329 relatae
2269 5284 2324 5328 et
2343 5272 2397 5327 di
2437 5280 2569 5326 estaa
2598 5279 2747 5326 sunt.
2776 5272 3036 5326 Husrtus.

2134 5342 2247 5425 ﬂ“)
2285 5288 2451 5425 0.19%.
2482 5339 2815 5425 Ἠεωδέαενοζ
2836 5341 3458 5425 ειςεὸνῑίξμιῶμεγον
3486 5338 3646 5425 ξορα

2062 5409 2187 5501 eos.
2530 5410 2863 5501 ρασαεκδν
2929 5409 3240 5501 ’ίιίυδαιε-οτ.

2063 5479 2484 5553 ἁπλούστερον
2531 5479 2872 5603 ,ιιηίομένων
2931 5482 3151 5562 λόγων·ἷ
3199 5480 3277 5537 Ita
3318 5484 3550 5539 habebat
3576 5479 3643 5537 C.

2068 5552 2132 5608 ll.
2161 5568 2177 5617 ;
2203 5562 2256 5608 at
2277 5551 2344 5608 Β.
2383 5565 2570 5607 vocem
2655 5549 3195 5623 9x;6a£wv_eXpungit,
3229 5567 3396 5623 quam
3433 5566 3534 5623 nos
3565 5564 3649 5623 re-

2064 5622 2363 5745 tinendaml,
2420 5631 2476 5677 et
2527 5634 2626 5689 pro
2656 5619 2850 5688 λόγων,
2886 5619 3173 5691 legendum
3229 5619 3419 5691 λόγον,
3447 5620 3647 5679 existi-

2064 5708 2298 5748 mamus.
2352 5708 2404 5746 ι).
