4110 6432
371 337 504 392 1561

1251 335 1610 393 COMMEN'I'.
1653 336 1721 393 ΙΝ
1759 334 2177 392 ΜΑΤΤΗᾹΞΙΙΜ
2217 335 2455 393 TOMUS
2492 335 2656 392 XVII.

3515 339 3660 393 1562

369 455 476 518 ἕως
512 454 628 508 τοῦθ
671 473 687 504 ι
756 453 1181 527 Ἐξεπλήσσοντο
1226 457 1320 509 ἐπὶ
1356 461 1420 528 τῇ
1474 458 1663 529 διδαχῇ
1707 457 1894 513 αὐτοῦ.
1945 477 1962 508 ι

2070 471 2240 523 usque
2265 455 2331 510 ad
2368 455 2418 509 id
2448 474 2461 510 :
2502 475 2520 506 ι
2552 453 2891 509 Mirabantur
2921 453 2974 508 in
3001 453 3250 509 doctrina
3274 452 3413 522 ejus.
3441 472 3460 504 ι
3496 451 3653 508 Paria

372 546 454 601 Τὰ
495 547 550 600 δὲ
588 547 1008 618 ἰσοδυναμοῦντα
1046 547 1277 610 τούτοις,
1307 549 1339 620 ἦ
1381 549 1449 602 τά
1483 549 1621 603 αύτά
1655 551 1841 612 αὐτοῖς
1891 547 1968 601 51'-

373 651 535 708 ρηται
565 636 658 688 καὶ
688 636 841 707 παρά
877 635 956 706 τῷ
997 636 1211 706 Μάρκῳ
1252 637 1347 690 καὶ
1387 637 1463 708 τῷ
1489 641 1673 709 Λουκᾷ
1696 640 1756 691 ὲν
1779 637 1966 701 ἄλλαις

370 727 492 780 κατ’
546 725 703 795 ὀλίγα
773 725 1004 792 λέξεσιν.
1065 745 1082 776 ι
1161 727 1250 778 Ἐν
1313 728 1499 802 ἐκείνῃ
1552 731 1618 799 τῇ
1676 728 1880 800 ἡμέρᾳ·
1940 749 1959 780 ι

371 818 503 889 ποίᾳ
542 817 687 888 (42);
725 818 756 889 ἢ
805 819 894 871 ὅτε
946 837 964 868 ι
1007 817 1366 888 πορευθέντες
1405 821 1454 872 οἱ
1489 821 1772 890 Φαρισαῖοι
1826 835 1966 890 συμ-

372 908 582 964 ϐούλιον
627 909 819 963 ἔλαϐον
867 909 988 962 κατ’
1027 909 1216 975 αὐτοῦ,
1257 910 1407 974 ὅπως
1433 911 1594 965 αὑτὸν
1628 909 1967 978 παγιδεύσω-

372 1018 458 1053 σιν
479 1002 537 1053 ὲν
563 1000 727 1071 λόγῳ,
767 1022 783 1052 ι
825 1001 920 1054 καὶ
955 1001 1317 1055 πυνθάνονται
1347 1001 1416 1056 τά
1443 1003 1571 1074 1:591
1597 1001 1692 1055 τοῦ
1721 1003 1959 1073 κήνσου;

371 1089 528 1152 Είκὸς
563 1089 696 1161 γὰρ,
743 1092 845 1153 ὃτι,
883 1091 1316 1162 ἀποκρινομένου
1363 1091 1458 1144 τοῦ
1506 1093 1758 1164 Σωτῆρος
1805 1093 1963 1162 ἡμῶν

369 1180 496 1249 1:591
536 1181 630 1233 τοῦ
679 1182 906 1252 κήνσου,
955 1183 1051 1235 καὶ
1096 1183 1360 1247 εἰπόντος·
1401 1205 1419 1235 ι
1473 1185 1725 1238 Ἀπόδοτε
1769 1181 1862 1238 οὖν
1892 1185 1960 1238 τὰ

369 1272 648 1344 Καίσαρος
669 1273 746 1344 τῷ
775 1275 1037 1344 Καίσαρι,
1062 1275 1157 1328 καὶ
1185 1275 1252 1329 τὰ
1278 1277 1368 1330 τοῦ
1393 1276 1528 1330 Θεοῦ
1550 1277 1628 1348 τῷ
1655 1278 1798 1350 Θεῷ,
1826 1297 1844 1331 ι
1865 1279 1960 1332 καὶ

366 1362 764 1434 θαυμασάντων
797 1365 896 1436 τήν
939 1367 1231 1437 ἀπόκρισιν
1257 1366 1442 1432 αὑτοῦ,
1473 1367 1733 1440 ᾠήθησαν
1756 1370 1804 1423 οἱ
1834 1370 1962 1422 Σαδ-

363 1455 622 1520 δουκαῖοι,
653 1457 853 1521 εἰδότες
883 1457 1047 1510 αὑτοῦ
1081 1459 1181 1522 τὰς
1210 1460 1437 1525 συνετὰς
1469 1461 1812 1533 ἀποκρίσεις,
1838 1462 1957 1533 ήτοι

363 1550 519 1601 αὐτοὶ
572 1548 661 1602 διὰ
713 1548 813 1619 τῆς
854 1551 1250 1622 ὲπαπορήσεως
1311 1554 1688 1625 παραστήσειν
1729 1554 1958 1616 ἑαυτοὺς

363 1639 649 1710 κρείττονα
692 1640 849 1709 λόγον
872 1640 1114 1711 ἔχοντας,
1148 1644 1223 1716 μή
1263 1639 1404 1697 εἷναι
1434 1643 1692 1712 λέγοντας
1721 1644 1956 1698 ἀνάστα-

363 1748 449 1784 σιν
490 1730 599 1784 τῶν
633 1730 962 1794 ἐλπιζόντων
1001 1733 1192 1804 αὐτὴν,
1226 1733 1259 1804 ἢ
1297 1735 1438 1806 τάχα
1489 1737 1583 1788 καὶ
1615 1736 1954 1806 μαθήσεσθαι

361 1823 480 1887 πῶς
511 1823 732 1877 δύναται
766 1819 903 1877 εἶναι
929 1824 1225 1891 ἀνάστασις
1254 1828 1395 1880 κατὰ
1417 1829 1516 1898 τὴν
1555 1829 1801 1894 Μωσέως
1826 1845 1955 1900 γρα-

362 1915 491 1985 φὴν,
524 1915 617 1968 καὶ
639 1918 790 1979 ποῖος
817 1919 846 1970 ὁ
876 1916 990 1987 βίος
1013 1919 1165 1972 ἔσται
1185 1919 1294 1974 τῶν
1323 1921 1803 1992 άναστησυμένων.
1839 1923 1960 1976 Πα-·

363 2009 590 2079 ρατήρει
620 2009 696 2074 δὲ,
723 2009 804 2062 ὅτι
833 2011 1017 2081 σχεδὸν
1051 2013 1202 2067 πᾶσα
1231 2015 1263 2084 ἡ
1289 2013 1384 2066 τοῦ
1414 2014 1608 2085 καιροῦ
1640 2013 1834 2067 τούτου
1861 2014 1954 2068 τοῦ

360 2101 611 2173 Σωτῆρος
644 2103 800 2174 ήμῶν
823 2103 1143 2158 διδασκαλία
1176 2105 1313 2177 πρὸς
1348 2105 1573 2171 πεύσεις
1607 2106 1837 2175 ἐγίνετο·
1862 2109 1957 2162 καὶ

359 2193 576 2264 πρῶτόν
603 2211 690 2263 γε,
716 2214 733 2246 ι
755 2195 1001 2260 ἐλθόντος
1036 2196 1204 2250 αὑτοῦ
1235 2198 1316 2262 είς
1349 2197 1411 2252 τὸ
1447 2199 1614 2270 ἱερὸν,
1647 2198 1956 2270 προσῆλθον

359 2284 508 2355 αύτῷ
533 2284 838 2340 διδάσκοντι
867 2288 917 2340 οἱ
949 2288 1228 2360 ἀρχιερεῖς
1259 2289 1352 2342 καὶ
1380 2290 1430 2342 οἱ
1469 2287 1828 2362 πρεσϐύτεροι
1862 2290 1954 2345 τοῦ

356 2372 490 2426 λαοῦ
531 2375 800 2443 λέγοντες⁸
842 2377 931 2430 Ἐν
972 2377 1102 2449 ποίᾳ
1141 2378 1362 2451 ἐξουσίᾳ
1391 2379 1566 2434 ταῦτα
1606 2383 1822 2447 ποιεῖς;
1861 2383 1957 2436 καὶ

355 2469 441 2531 τίς
464 2467 631 2521 ἔδωκέ
660 2487 741 2522 σοι
761 2469 860 2542 τὴν
881 2469 1130 2537 ἐξουσίαν
1154 2471 1360 2545 ταύτην
1381 2490 1395 2539 ;
1419 2474 1592 2546 »Πρὸς
1616 2474 1710 2539 οὓς
1726 2477 1958 2548 ἀντερω-

355 2563 529 2632 τήσας
562 2561 630 2615 τά
659 2563 790 2634 περὶ
833 2563 1106 2627 Ἰωάννου,
1137 2563 1318 2630 ἔδοξεν
1345 2565 1586 2635 εὐλόγως
1608 2568 1956 2640 παρῃτῆσθαι

355 2651 455 2721 τὴν
495 2651 632 2723 πρὸς
680 2652 740 2705 τὸ
784 2652 1030 2724 βούλημα
1076 2653 1255 2707 αὐτῶν
1295 2655 1610 2727 ἀπόκρισινο
1647 2651 1768 2709 εἶτα
1817 2659 1958 2728 μετά

354 2741 514 2794 τοῦτο
540 2739 688 2810 λέγει
718 2742 1032 2814 παραϐολὴν
1073 2743 1174 2814 τὴν
1207 2743 1338 2815 1:591
1369 2743 1464 2798 δύο
1505 2745 1734 2811 τέκνων,
1768 2746 1863 2800 τοῦ
1894 2765 1956 2801 τε

358 2831 732 2903 ὑποσχομένου
777 2833 1115 2907 ἐργάσασθαι
1169 2836 1227 2889 ἐν
1276 2835 1356 2907 τῷ
1399 2836 1706 2908 ἀμπελῶνι,
1757 2838 1852 2892 καὶ
1881 2838 1956 2910 μὴ

357 2921 758 2992 ἐργασαμένου,
789 2923 884 2974 καὶ
901 2921 997 2975 τοῦ
1027 2924 1496 2996 ἐπαγγειλαμένου
1527 2927 1649 2997 μὲν,
1690 2927 1765 3000 μὴ
1798 2930 1959 3000 ὲργα-

357 3011 594 3081 σαμένου
621 3012 679 3065 δέ
711 3012 846 3084 (45).
878 3010 1012 3067 Εἶτα
1044 3016 1182 3086 μετά
1201 3016 1375 3072 ταῦτα
1400 3019 1549 3087 λέγει
1578 3019 1678 3091 τὴν
1701 3021 1829 3091 περὶ
1861 3021 1970 3075 τοῦ-

356 3102 681 3174 ἀμπελῶνος
753 3104 1070 3179 παραϐολὴν
1097 3146 1112 3171 ,
1182 3109 1278 3161 καὶ
1350 3109 1462 3163 τῶν
1515 3111 1954 3166 ἀποκτεινάντων

356 3195 620 3267 γεωργῶν
648 3197 776 3262 τοὺς
824 3197 1065 3264 δούλους,
1113 3202 1208 3253 καὶ
1250 3201 1342 3255 τὸν
1390 3202 1528 3268 υἱὸν,
1575 3203 1670 3256 καὶ
1719 3203 1792 3257 τὰ
1828 3205 1956 3276 ἑξῆς

353 3287 580 3340 τούτων’
634 3289 766 3361 περὶ
811 3288 922 3342 τῶν
969 3292 1051 3354 είς
1094 3292 1221 3355 τοὺς
1262 3293 1476 3364 γάμους
1530 3293 1746 3366 κλητῶν
1789 3295 1957 3366 ἄλλην

355 3378 694 3451 παραϐολήνο
727 3380 822 3433 καὶ
851 3382 990 3452 μετὰ
1012 3381 1168 3435 τοῦτο
1193 3382 1453 3456 δευτέραν
1477 3387 1672 3441 πεῦσιν
1704 3388 1804 3458 τὴν
1829 3388 1958 3459 1:591

354 3468 450 3522 τοῦ
485 3469 688 3540 κήνσου
733 3469 1043 3543 ἀνέγραψεν
1091 3474 1118 3525 ό
1149 3473 1450 3538 Ματθαῖος,
1484 3477 1580 3529 καὶ
1605 3476 1795 3547 τρίτην
1847 3477 1958 3530 τῶν

357 3561 735 3615 Σαδδουκαίων
772 3563 902 3634 περὶ
951 3564 1304 3628 ἀναστάσεως
1362 3567 1728 3637 ὲπαπόρησιν.
1791 3567 1953 3622 ’Λλλά

355 3655 450 3708 καὶ
485 3654 720 3726 τετάρτη
751 3655 891 3726 μετὰ
913 3657 1118 3726 ταύτην
1147 3655 1492 3726 ἐπερώτησις
1522 3659 1815 3729 γεγένηται
1843 3659 1952 3713 ἀπό

352 3761 498 3808 τινος
540 3745 836 3815 Φαρισαίου
899 3745 1253 3815 πειράζοντος
1293 3746 1456 3798 αὐτὸν
1497 3748 1625 3816 περὶ
1668 3746 1784 3799 τοῦ·
1814 3747 1950 3800 Ποία

358 3853 381 3889 ι
419 3835 607 3906 ἐντολὴ
636 3836 844 3907 μεγάλη
877 3837 936 3890 ἐν
957 3835 1034 3906 τῷ
1065 3837 1238 3906 νόμῳ.
1279 3855 1298 3888 ι
1349 3837 1630 3892 Τοσούτων
1657 3838 1715 3892 δὲ
1742 3839 1952 3910 ἐρωτή-

357 3945 496 3982 σεων
551 3928 980 3999 προσαγομένων
1030 3928 1200 3999 αὐτῷ,
1243 3929 1337 3982 καὶ
1383 3930 1550 3994 αὐτὸς
1595 3931 1949 4002 συνηγμένων

355 4019 466 4073 τῶν
490 4019 799 4090 Φαρισαίων
823 4018 1176 4091 ἐπηρώτησεν
1207 4021 1406 4084 αὐτοὺς
1439 4021 1508 4074 τά
1534 4023 1778 4093 περὶτοῦ
1811 4024 1949 4093 Χρι-

358 4110 488 4165 στοῦ
521 4111 653 4182 (44).
687 4112 752 4166 Οἱ
782 4111 1128 4166 Σαδδουκαῖοι
1173 4112 1378 4184 μέντοι,
1417 4112 1668 4182 λέγοντες
1700 4114 1774 4186 μὴ
1809 4113 1948 4171 εἶναι

2072 546 2176 609 his,
2208 546 2285 599 vel
2315 561 2447 601 sane
2471 546 2659 600 eadem
2684 546 2826 616 apud
2863 543 3105 598 Marcum
3147 554 3203 597 et
3235 545 3408 614 διο
3448 543 3656 599 Lucam

2070 655 2178 693 non
2205 639 2359 692 valde
2380 639 2819 708 discrepantibus
2837 638 3017 692 verbis
3045 647 3358 692 narrantur.
3409 656 3428 688 ι
3465 636 3522 692 In
3562 637 3658 690 illo

2066 730 2174 793 die,
2212 750 2231 781 ι
2265 745 2504 800 quonam
2547 730 2766 785 die?an
2794 729 3015 800 quando
3051 747 3070 780 ι
3093 729 3359 783 abeuntes
3393 727 3652 782 Pharisaei

2067 820 2357 876 consilium
2393 820 2634 873 inierunt
2665 820 2931 875 adversus
2953 818 3127 880 illum,
3154 827 3214 872 ut
3249 826 3504 887 caperent
3526 831 3652 871 eum

2067 913 2120 966 in
2151 926 2405 968 sermone
2452 910 2523 977 ³⁷,
2560 929 2578 962 ι
2616 919 2670 964 et
2697 911 2876 980 ipsum
2907 911 2976 964 de
3007 924 3177 964 censu
3212 907 3656 978 interregarunt‘l

2064 999 2363 1070 Postquam
2391 999 2536 1054 enim
2571 997 2828 1053 Servator
2861 1009 3046 1054 noster
3093 997 3512 1068 responsionem
3572 997 3657 1051 eis

2063 1096 2131 1150 de
2161 1110 2331 1150 censu
2373 1094 2543 1157 dedit,
2593 1102 2649 1147 et
2687 1093 2825 1148 dixit
2864 1093 2911 1125 ⁸⁸
2944 1111 2956 1146 :
3010 1111 3031 1144 ι
3071 1091 3301 1147 Reddite
3355 1107 3484 1162 ergo
3529 1107 3656 1160 quae

2063 1197 2192 1242 sunt
2224 1187 2458 1242 Caesaris
2483 1228 2499 1253 ,
2533 1183 2774 1251 Ctesari;
2825 1193 2880 1239 et
2931 1199 3056 1254 qua:
3083 1193 3212 1238 sunt
3253 1182 3387 1246 Dei,
3448 1182 3589 1248 Deo,
3627 1202 3650 1236 ι

2061 1279 2345 1348 ipsiusque
2383 1278 2799 1348 responsionem
2843 1277 3021 1332 mirati
3058 1284 3208 1342 sunt,
3252 1275 3546 1331 verisimile
3571 1284 3656 1329 est

2061 1371 2485 1438 responsionum
2514 1370 2635 1440 ejus
2660 1379 2946 1440 perspecta
2985 1370 3274 1440 prudentia
3309 1367 3656 1422 existimasse

2063 1463 2415 1527 Sadducaeos,
2450 1463 2532 1517 vel
2555 1464 2830 1532 proposita
2860 1464 3168 1532 quaestione
3203 1462 3383 1532 palam
3412 1459 3658 1515 facturos

2059 1555 2379 1610 melioribus
2405 1569 2465 1610 se
2493 1555 2988 1624 niti-argumentis,
3027 1569 3164 1609 'cum
3206 1553 3437 1608 minime
3471 1567 3661 1607 resur-

2057 1658 2308 1703 recturos
2337 1661 2434 1701 eos
2472 1645 2719 1700 dicerent
2746 1645 2854 1715 qui.
2882 1645 3340 1700 resurrectionem
3388 1653 3654 1714 sperant;

2056 1740 2140 1794 vel
2163 1746 2310 1794 certe
2339 1735 2620 1807 quomodo
2641 1735 2796 1804 juxta
2827 1733 3032 1805 Moysis
3060 1733 3260 1802 scripta
3305 1749 3428 1788 esse
3474 1733 3651 1803 possit

2059 1828 2414 1893 resurrectio,
2433 1827 2724 1898 qualisque
2747 1833 3186 1881 resurrectorum
3217 1823 3401 1878 futura
3424 1824 3496 1878 sit
3519 1823 3653 1889 vita,

2059 1939 2180 1978 sese
2205 1920 2520 1976 discituros.
2545 1918 2616 1972 At
2647 1933 2866 1972 omnem
2897 1917 3009 1972 fere
3035 1932 3066 1970 a
3103 1915 3443 1985 Sospitatore
3465 1925 3658 1971 nostro

2059 2012 2402 2083 temporibus
2427 2011 2535 2066 illis
2558 2011 2885 2082 explicatam
2911 2008 3240 2073 doctrinam,
3268 2006 3657 2078 interrogatio-

2059 2107 2224 2160 nibus
2269 2103 2653 2175 respondendo
2704 2103 2960 2158 traditam
3023 2100 3196 2156 fuisse
3253 2101 3528 2156 observa:
3587 2114 3658 2156 ac

2057 2198 2295 2269 primum
2327 2194 2546 2275 quidem
2589 2213 2610 2248 ι
2646 2210 2771 2250 cum
2809 2193 3049 2249 venisset
3078 2192 3132 2246 in
3157 2191 3443 2261 templum,
3467 2205 3655 2246 acces-

2057 2299 2248 2346 serunt
2273 2289 2341 2344 ad
2386 2304 2514 2344 eum
2543 2289 2832 2345 docentem
2868 2285 3145 2356 principes
3189 2283 3555 2348 sacerdotum,
3601 2289 3660 2338 et

2056 2379 2304 2433 seniores
2329 2377 2517 2447 populi
2544 2378 2792 2432 dicentes
2822 2391 2836 2428 :
2885 2375 2945 2429 In
2973 2389 3082 2444 qua
3111 2382 3380 2444 potestate
3422 2373 3538 2428 haec
3575 2371 3656 2427 l‘a-

2057 2471 2174 2526 cis?
2213 2478 2269 2524 et
2306 2469 2434 2539 quis
2465 2469 2562 2523 tibi
2595 2468 2745 2523 dedit
2772 2468 2914 2521 hanc
2938 2474 3264 2536 potestatem
3296 2465 3409 2518 "b
3441 2465 3654 2532 Quibus

2058 2579 2181 2618 cum
2211 2562 2374 2616 aliam
2403 2562 2471 2615 de
2498 2559 2708 2615 Joanne
2737 2559 3221 2630 interrogationem
3245 2558 3487 2612 vicissim
3521 2573 3652 2627 pro-

2058 2654 2354 2724 posuisset,
2391 2667 2584 2706 corum
2616 2648 2907 2721 postulatis
2944 2649 3356 2717 responsionem
3395 2664 3462 2702 ex
3493 2663 3652 2718 sequo

2059 2747 2323 2801 invidisse
2370 2745 2522 2802 visus
2573 2752 2676 2799 est.
2745 2742 2952 2798 Deinde
2981 2741 3297 2811 parabolam
3348 2748 3536 2795 narrat
3585 2741 3655 2796 de

2058 2838 2275 2891 duobus
2307 2834 2456 2899 ﬁliis,
2487 2843 2542 2890 et
2589 2834 2711 2904 ejus
2757 2833 2850 2903 qui
2903 2834 2958 2887 in
2995 2833 3152 2886 vinea
3189 2840 3548 2901 operaturum
3591 2846 3654 2885 se

2058 2935 2363 2997 receperat,
2395 2939 2574 2996 neque
2606 2932 2867 2995 operatus
2891 2932 3002 2989 est;
3041 2932 3096 2978 et
3139 2923 3259 2992 ejus
3283 2923 3376 2992 qui
3424 2921 3653 2978 minime

2059 3016 2408 3086 promiserat,
2435 3015 2797 3070 nihilominus
2824 3021 3004 3067 tamen
3027 3020 3285 3083 operatus
3309 3020 3416 3067 est.
3451 3009 3652 3065 Postea

1982 3146 2024 3201 ε
2060 3107 2376 3177 parabolam
2405 3107 2472 3161 de
2495 3107 2676 3172 vinea,
2705 3120 3102 3176 servorumque
3126 3120 3191 3160 ac
3208 3105 3305 3159 lilii
3337 3103 3651 3160 interfecto-

2059 3199 2211 3254 ribus
2233 3199 2513 3268 agricolis,
2543 3211 2775 3268 quaeque
2803 3197 2890 3252 his
2917 3197 3210 3267 subjuncta
3259 3206 3390 3251 sunt
3408 3236 3423 3260 ,
3449 3196 3654 3252 edisse-

2057 3290 2149 3344 rit.
2192 3290 2370 3343 Aliam
2397 3289 2749 3359 postmodum
2783 3288 2853 3344 de
2873 3289 3118 3344 invitatis
3149 3289 3217 3344 ad
3252 3290 3472 3359 nuptias
3491 3304 3652 3359 para-

2057 3378 2268 3444 bolam;
2301 3394 2366 3434 ac
2417 3377 2579 3433 aliam
2611 3377 2810 3433 deinde
2859 3392 3024 3447 super
3048 3392 3220 3433 censu
3265 3378 3653 3449 interrogatio-

2059 3486 2216 3537 nem;
2259 3485 2469 3525 necnon
2494 3479 2546 3524 et
2591 3470 2812 3524 tertiam
2849 3467 3274 3524 Sadducaaorum
3310 3469 3378 3523 de
3401 3483 3648 3523 resurre-

2059 3565 2241 3619 ctione
2280 3561 2642 3632 quzcstionem
2690 3559 3018 3629 conscripsit
3067 3559 3373 3614 Mattlneus.
3419 3558 3563 3625 Quin
3596 3569 3652 3613 et

2059 3664 2256 3725 quarta
2280 3661 2404 3718 post
2434 3652 2586 3707 illam
2621 3667 2652 3706 a
2682 3652 2923 3721 quodam
2951 3649 3228 3705 Pharisaao
3253 3665 3378 3705 eum
3408 3660 3650 3707 tentante

2061 3749 2199 3802 facta
2223 3753 2311 3800 est
2343 3744 2722 3814 interrogatio,
2739 3744 3018 3814 quodnam
3049 3744 3258 3800 scilicet
3279 3743 3420 3798 foret
3448 3762 3467 3795 ι
3493 3760 3648 3798 man-

2057 3839 2245 3894 datum
2273 3850 2530 3907 magnum
2553 3835 2607 3889 in
2648 3834 2863 3908 legea”.
2897 3854 2915 3887 ι
2940 3835 3078 3890 Cum
3109 3843 3189 3890 tot
3212 3851 3343 3906 ergo
3370 3851 3640 3906 propone-

2057 3940 2247 3986 rentur
2297 3929 2401 4000 ipsi
2431 3927 2788 3998 quaestiones,
2846 3929 3192 3999 congregatis
3245 3928 3539 3984 Pbariszeis
3578 3929 3647 3984 de

2057 4024 2223 4079 rebus
2254 4022 2325 4077 ad
2355 4021 2636 4076 Christum
2683 4021 3086 4090 pertinentibus
3125 4021 3243 4092 ipse
3283 4037 3504 4092 quoque
3549 4037 3648 4080 eos

2057 4117 2429 4187 interrogavit.
2459 4113 2744 4170 Sadducaei
2771 4116 2926 4188 ει]
2973 4131 3105 4189 ergo
3143 4117 3236 4188 qui
3283 4116 3645 4174 resurrectio-

1556 4246 1790 4304 VETUS
1836 4247 2426 4305 INTERPRETATIO.

356 4338 632 4418 runt'eum
671 4335 955 4418 dicentes:
993 4335 1274 4418 Magister,
1321 4338 1540 4418 hloyses
1566 4342 1708 4418 dixit
1743 4342 1848 4418 :__Si
1879 4345 2005 4414 quis
2043 4353 2298 4400 mortuus
2323 4343 2509 4418 inerit,
2550 4362 2568 4396 ι
2618 4353 2674 4399 et
2698 4355 2914 4400 caetera.
2943 4343 3003 4399 In
3032 4359 3139 4415 qua
3183 4343 3310 4418 die?
3348 4343 3400 4398 in
3433 4342 3524 4397 illa
3555 4343 3646 4400 die

358 4409 478 4486 sine
505 4407 696 4486 dubio,
731 4409 953 4477 quando
979 4427 998 4459 ι
1038 4407 1288 4486 ineuntes
1317 4407 1589 4486 Pharisazi
1609 4407 1910 4486 consilium
1933 4425 2267 4486 acceperunt
2289 4417 2557 4486 adversus
2578 4431 2704 4470 eum
2734 4424 2796 4486 ut
2822 4407 3081 4486 caperent
3099 4429 3222 4467 eum
3249 4414 3299 4466 in
3330 4429 3638 4486 sermone,»

356 4487 412 4554 et
447 4477 924 4554 interrogaverunt
948 4481 1172 4554 eumde
1191 4495 1382 4536 censu.
1433 4479 1689 4554 Forsitan
1724 4485 1870 4539 enim
1924 4477 2292 4554 respondente
2339 4485 2572 4538 Domino
2610 4504 2622 4539 :

2690 4504 2709 4537 ι
2758 4484 2988 4540 Reddite
3039 4499 3161 4554 quae
3213 4493 3343 4538 sunt
3379 4484 3642 4554 passaris,

354 4545 578 4626 Ctesari,
605 4545 809 4616 etquae
838 4556 966 4626 sunt
993 4549 1108 4610 Dei,
1139 4549 1392 4626 Deo;oet_
1417 4552 1824 4626 admirantibus
1846 4545 2067 4610 cunctis
2098 4556 2167 4609 de
2193 4571 2460 4626 responso
2490 4556 2687 4624 ipsius,
2728 4556 2867 4610 bene
2908 4545 3324 4609 aestimaverunt
3376 4545 3642 4626 Pharisaei

355 4617 604 4672 videntes
639 4630 860 4672 sensata
882 4617 1004 4688 ejus
1038 4635 1326 4683 responsa.
1357 4621 1647 4679 Sadducaei
1699 4633 1880 4680 autem
1912 4641 2005 4696 per
2032 4617 2526 4696 interregationem'
2577 4617 2894 4695 hujusmodi
2922 4626 3215 4680 voluerunt
3261 4639 3320 4679 se
3356 4625 3644 4680 ostendere

422 4753 683 4809 "Matth.
725 4770 861 4821 ιιιι,
907 4756 994 4811 15.

577 4903 687 4978 ξεῖ
709 4903 910 4978 emittm
943 4902 1018 4971 τῇ
1044 4904 1254 4978 ἡμέρῳ
1285 4906 1468 4978 ποίῃ]
1501 4906 1646 4978 Opus
1676 4909 1885 4978 imperf.
1969 4913 2016 4970 D
2044 4903 2181 4965 εἶναι

428 4971 540 5043 (45)
566 4972 677 5048 ιςᾳι
701 4971 808 5048 τοῦ
828 4971 1339 5048 ἐπαγγειλαμένου
1366 4971 1485 5043 μὲν
1505 5017 1520 5039 .
1543 4971 1636 5048 ξμὴ
1681 4971 1938 5048 ἐργασα-

349 5039 540 5122 μέννού
571 5041 657 5122 δέ.
709 5043 906 5122 l.e_go,_
925 5039 1021 5097 καὶ
1052 5039 1165 5098 τοῦ
1191 5046 1266 5116 μὴ
1307 5039 1776 5118 ἐπαγγειλαμένου
1818 5050 1939 5122 μὲν.

357 5111 727 5182 ἐργασαμένου
751 5112 829 5166 δέ.
866 5112 1127 5170 Hunnus.

432 5179 543 5257 (μ)
571 5179 634 5233 Ol
657 5183 1047 5257 Σαδδουκαῖοι
1077 5185 1305 5257 μέντοι,
1341 5186 1624 5256 λέγοντες
1651 5187 1738 5257 μὴ
1785 5189 1941 5245 εἶναι

357 5248 722 5326 ἀνάστασιν,
749 5262 855 5326 etc.
889 5248 1171 5326 Origenes,
1205 5248 1395 5326 honiil.
1418 5248 1487 5313 39
1526 5257 1582 5309 in
1604 5248 1764 5322 ἰὼ..
1787 5258 1942 5314 Jose-

361 5320 527 5388 phus,
557 5323 744 5398 ΔιειὶιίΔ
774 5320 1056 5398 lib._;vfu,
1090 5341 1212 5398 cap.
1235 5325 1292 5391 2,
1332 5336 1388 5381 et
1410 5327 1488 5381 De
1522 5327 1644 5381 bell.
1669 5320 1800 5383 Jud.
1842 5331 1935 5386 lib.

363 5338 527 5388 pnus,
557 5338 744 5445 Ακιιιίέ
774 5338 869 5378 ιιι).
901 5341 1056 5391 ινιιι,
1090 5341 1212 5398 cap.
1235 5338 1292 5391 2,
1332 5338 1388 5381 et
1410 5338 1488 5381 De
1522 5338 1644 5381 oeu.
1669 5338 1800 5383 Jud.
1842 5338 1935 5386 lib.

363 5406 422 5472 ιι,
451 5403 575 5472 cap.
606 5389 668 5472 7_;
748 5395 1094 5472 ertullianus,
1128 5397 1206 5451 De
1230 5407 1540 5472 resurgam.
1561 5412 1683 5466 cap.
1714 5399 1784 5472 2;
1812 5398 1940 5472 Phi—

362 5461 607 5539 lastrius,
626 5465 774 5539 ρει-.-
795 5479 862 5539 v;
890 5463 1276 5539 Hieronymus,
1298 5470 1352 5521 in
1376 5467 1570 5522 Matth.
1604 5461 1660 5522 εἰ
1681 5461 1802 5539 add.
1832 5469 1941 5523 Lu-

357 5529 454 5598 ci].
479 5531 684 5607 cap.8;
710 5529 971 5607 lsidorus,
1005 5536 1217 5607 Origin.
1254 5529 1346 5592 lib.
1369 5555 1486 5603 vm,
1519 5555 1642 5607 cap.
1668 5539 1738 5604 4;
1771 5537 1940 5594 Joan-

358 5615 458 5678 nes
486 5599 940 5678 Damascen.,__0e
953 5599 1218 5678 Ιιῳιϊέἱρἀ
1240 5599 1696 5678 Theopiivlactus,
1717 5599 1770 5663 in
1792 5611 1938 5665 hunc

357 5667 548 5752 Matth.
583 5670 761 5752 locum
793 5667 1096 5752 ιἘνταῦθα
1129 5667 1234 5752 δξό
1259 5667 1486 5752 Κύριος,
1507 5667 1766 5752 πρὸςγτὴν
1793 5679 1940 5752 αἴρε-

359 5753 442 5791 σιν
465 5742 573 5794 τῶν
609 5742 976 5796 Σαδδουκαίων
1004 5742 1369 5816 ἐνιστάμενος,
1393 5742 1825 5820 δογματιζὸντων
1857 5742 1934 5820 μὴ

1072 4757 1119 4790 ⁸⁸
1159 4759 1316 4827 ibid.,
1341 4761 1426 4814 21.
1506 4762 1551 4794 ⁸³
1579 4762 1770 4818 Matth.
1799 4781 1916 4828 ιιι,
1942 4766 2036 4822 23.
2111 4767 2158 4799 ”
2190 4764 2382 4819 Matth.
2425 4780 2564 4829 ιιιι,
2609 4764 2700 4822 56.

2207 4909 2305 5034 Ἦν
2323 4908 2502 4982 ψυχὴν
2526 4909 2816 4991 ἀθάνατον,
2840 4907 2976 4962 ἀλλά
3008 4905 3185 4988 πάντη
3205 4903 3637 4975 διαφθείρεσθαι,

2289 4995 2339 5034 tc
2368 4990 2551 5034 autem
2587 4980 2848 5034 Dominus
2874 4977 3123 5031 Incresrm
3147 4975 3400 5029 refellens
3432 4973 3637 5029 Saddu-

2045 4991 2152 5036 etc.
2187 4998 2206 5032 ι
2239 4973 2551 5034 Ηίθόἱιίθιιι
2587 4980 2848 5034 Dominus
2874 4977 3123 5031 haeresim
3147 4973 3400 5029 refellens
3427 4973 3641 5029 Saddu-

2049 5065 2311 5115 eteorum,
2359 5051 2455 5120 qui
2489 5050 2728 5104 animam
2762 5048 3127 5120 immortalem
3160 5061 3267 5098 non
3288 5045 3637 5120 esseuscisce-

2047 5120 2200 5183 bant,
2229 5122 2320 5176 sed
2344 5115 2561 5183 penitus
2587 5119 2828 5173 interire.
2856 5135 2874 5168 ι
2905 5115 2972 5169 Et
2993 5117 3046 5169 in
3073 5115 3241 5170 Marc.
3263 5131 3339 5170 ιιι
3365 5131 3378 5167 :
3405 5115 3634 5170 Ἔπειτα

2044 5190 2128 5244 ὃτι
2158 5192 2207 5244 οἱ
2238 5185 2588 5262 Σαδδουκαῖοι
2621 5189 2752 5262 περὶ
2784 5187 2882 5262 τῆς
2912 5186 3039 5262 των.
3080 5186 3348 5262 σωμάτων
3399 5185 3636 5262 ἀναστά-

2047 5278 2184 5324 σεως
2211 5250 2749 5332 ἀμφέδαλλονηῷστε
2782 5250 2931 5332 καὶ.ιό
2960 5250 3176 5332 Ῑςύριοξ
3212 5255 3342 5332 1:591
3381 5250 3490 5332 τῷν
3528 5273 3636 5332 σῳ-

2051 5278 2184 5324 σεως
2211 5273 2579 5332 ἀμφεῠαλλον,
2609 5276 2749 5312 ωστε
2782 5273 2874 5310 και
2902 5273 2931 5308 ο
2960 5273 3166 5378 nugtor;
3212 5273 3342 5327 περι
3381 5273 3490 5307 των
3528 5273 3633 5308 σω-

2051 5332 2236 5402 μάτων
2269 5329 2442 5402 εἷπεν,
2475 5331 2556 5402 ὃτι
2585 5329 2720 5402 ξῷσι
2750 5325 3002 5402 παρά-τῷ
3076 5325 3169 5395 εῷ,
3203 5327 3323 5402 οὐχὶ
3349 5325 3478 5402 περὶ
3523 5325 3633 5402 τιῖιν

2045 5397 2266 5472 ψυχῶνο
2292 5399 2589 5472 τοῦτοίγάρ
2624 5399 2724 5472 ήδη
2751 5397 3069 5472 ὡμολόγητο
3136 5397 3229 5472 καὶ
3273 5401 3445 5472 ’παρὰ
3519 5399 3631 5472 τοῖς

2048 5465 2332 5542 σαρκικοῖς
2348 5465 2754 5532 Σαδδουκαίοις.
2779 5465 2812 5542 ις
2833 5465 3098 5542 Praeterea
3121 5467 3249 5542 quia
3269 5465 3548 5542 Sadduceri
3566 5469 3632 5518 de

2046 5533 2447 5597 resurrectione
2469 5554 2759 5610 corporum
2783 5538 3101 5610 dubitabant
3135 5533 3156 5590 Ξ
3179 5537 3251 5610 ita
3277 5545 3339 5610 ut
3367 5533 3630 5589 Dominus

2044 5612 2112 5681 de
2140 5613 2461 5681 corporibus
2496 5605 2699 5666 diierit
2727 5609 2920 5681 vivere
2958 5608 3048 5660 illa
3078 5607 3220 5676 apud
3274 5605 3466 5669 Deum,
3520 5621 3628 5681 non

2042 5680 2111 5735 de
2155 5675 2375 5748 ani—mis.
2404 5680 2518 5736 Hoc
2550 5681 2696 5736 enim
2743 5678 2856 5749 jam
2908 5678 2969 5749 in
2997 5675 3250 5749 contesso
3305 5686 3422 5730 erat
3463 5675 3629 5749 etiam

2042 5744 2462 5822 apud'carnales
2488 5744 2836 5809 Sadduczeos.
2881 5767 2899 5802 ι
2927 5745 3032 5802 Nec
3072 5746 3265 5803 desunt
3291 5751 3384 5820 qui
3438 5747 3630 5802 existi-
