4110 6420
485 340 623 398 1567

1979 345 2237 404 ORIGEN
2244 347 2309 405 IS

3637 354 3783 410 1568

481 471 592 518 quo
627 454 892 509 nimirum
921 469 1089 511 sensu
1129 457 1550 514 resurrectionis
1606 458 1961 526 vocabulum,
2000 469 2059 516 ut

2183 462 2371 528 τέκνα,
2403 460 2841 533 ἑπιγαμῆρεύσει
2871 464 2899 516 ὁ
2933 462 3161 532 ἀδελφὸς
3207 463 3372 518 αὐτοῖ
3422 466 3522 538 τὴν
3556 473 3790 537 γυναῖκα

481 546 812 602 tradidimus
847 590 860 613 ,
924 549 1264 618 usurpabant
1291 591 1306 613 ,
1348 566 1368 600 ε
1429 558 1483 604 et
1527 551 2002 622 interrogaverunt
2049 571 2068 606 ο

2181 552 2368 616 αὑτοῦ,
2403 554 2500 608 καὶ
2532 553 2826 606 ἀναστήσει
2863 553 3084 625 σπέρμα
3109 553 3186 624 τῷ
3217 554 3432 627 ἀδελφῷ
3456 558 3677 611 αὑτοῦ.»

481 639 774 697 Dominum
837 654 1083 699 nostrum
1116 685 1132 707 ,
1186 662 1205 695 ι
1237 645 1529 701 dicentes:
1578 645 1790 718 Moyses
1830 649 2005 712 dixit,
2043 647 2102 703 Si
2141 651 2266 718 quis
2324 658 2575 703 mortuus
2642 648 2804 703 fuerit
2845 663 2952 702 non
3011 649 3217 706 habens
3271 650 3468 719 lilium,
3522 665 3581 708 ut
3629 657 3792 712 ducat

481 733 650 790 frater
680 737 800 804 ejus
845 753 1068 792 uxorem
1116 737 1300 802 illius,
1331 748 1385 794 et
1417 741 1652 796 suscitet
1682 757 1869 797 semen
1915 741 2071 798 fratri
2113 758 2237 798 suo.
2284 761 2304 794 ι

550 829 640 885 30.
706 829 805 886 llic
841 846 971 900 ergo
1028 832 1389 900 exponendas
1445 834 1577 886 mihi
1649 834 1868 890 videtur
1921 835 2075 891 locus

481 921 571 976 ille
624 921 874 994 Moysis,
937 922 1004 976 ad
1059 938 1220 992 quem
1285 940 1350 979 ea
1420 923 1733 980 referebant
1785 925 2072 983 Sadducsei

478 1029 602 1084 quae
668 1014 721 1068 in
778 1013 1070 1086 Evangelio
1137 1017 1207 1072 ab
1273 1017 1406 1088 ipsis
1464 1018 1612 1073 dicta
1667 1018 1837 1074 fuisse
1906 1021 2073 1091 813

478 1114 797 1160 narrantur.
875 1107 966 1163 Sic
1033 1125 1164 1178 ergo
1233 1125 1292 1163 se
1355 1109 1518 1164 habet
1577 1111 1668 1166 ille
1729 1111 2072 1167 Deuterono-

479 1199 577 1252 mii
605 1199 764 1255 locus
791 1199 885 1254 "z
956 1219 974 1252 ι
1011 1200 1069 1255 Si
1126 1201 1490 1256 habitaverint
1540 1202 1738 1258 fratres
1793 1204 1978 1270 simul,
2023 1212 2080 1259 et

477 1307 624 1345 unus
645 1306 713 1345 ex
763 1291 830 1347 iis
876 1302 1128 1347 mortuus
1175 1292 1395 1355 fuerim
1431 1305 1484 1349 et
1535 1296 1766 1364 reliqua,
1806 1311 1981 1365 usque
2008 1297 2076 1350 ad

478 1382 530 1435 id
569 1401 581 1436 :
607 1401 625 1433 ι
663 1382 864 1438 Domus
893 1385 1231 1440 disealceati.
1260 1403 1279 1438 ι
1308 1385 1463 1441 Hunc
1487 1387 1653 1458 igitur
1674 1387 1852 1441 locum
1879 1403 2074 1458 perpe-

476 1489 597 1528 ram
639 1475 1066 1546 interpretantes
1099 1479 1408 1544 Sadducaei,
1441 1487 1626 1547 utpote
1653 1482 2075 1536 resurrectionis

477 1582 630 1641 spem
683 1584 788 1622 non
828 1570 1112 1631 habentes,
1167 1586 1269 1626 nec
1322 1571 1622 1641 quidquam
1680 1571 1792 1628 Deo
1844 1573 2069 1644 dignum

476 1675 643 1728 super
670 1660 840 1716 bacce
868 1663 984 1732 lege
1011 1663 1197 1716 animo
1229 1665 1622 1733 concipiente‘s,
1655 1665 1702 1720 si
1734 1665 1918 1722 futura
1954 1677 2074 1723 erat

2259 834 2442 900 Ἀξιον
2480 830 2576 888 οὖν
2619 835 2701 897 εἰς
2745 833 2903 887 τοῦτό
2965 851 3053 905 μοι
3103 835 3254 889 δοκεῖ
3296 836 3642 908 παραθέσθαι
3689 844 3788 913 τὴν

2185 927 2428 991 Μωσέως
2465 927 2630 992 λέξιν,
2676 930 2757 990 εἰς
2789 929 2856 999 ἢν
2893 927 3159 999 ἀνέφερον
3204 928 3558 984 Σαδδουκαῖοι
3610 933 3678 986 τά
3725 937 3786 987 ἐν

2179 1019 2259 1090 τῷ
2319 1019 2638 1089 Εὐαγγελεῳ
2696 1019 3060 1091 γεγραμμένα
3119 1019 3211 1072 ὑπ’
3270 1019 3453 1075 αὐτῶν
3509 1024 3780 1094 εἰρῆσθαι.

2184 1113 2338 1182 Ἔχει
2370 1108 2462 1166 οῦν
2519 1111 2692 1175 οὕτως
2752 1114 2810 1166 ἐν
2872 1112 2948 1182 τῷ
2995 1113 3402 1184 Δευτερονομίῳ
3457 1115 3519 1168 τὸ
3574 1119 3773 1188 ῥητόν·

2187 1223 2205 1254 ‹
2244 1204 2371 1258 Ἐάν
2397 1204 2453 1258 δὲ
2482 1205 2884 1274 κατοικήσωσιν
2909 1203 3130 1272 ἀδεΑφοὶ
3153 1203 3245 1256 ἐπὶ
3267 1204 3327 1257 τὸ
3349 1205 3500 1270 αὐτὸ,
3532 1208 3622 1260 καὶ
3641 1208 3776 1262 ἀπο-

2181 1294 2318 1366 θάνῃ
2349 1291 2429 1360 εἷς
2467 1295 2528 1360 ἐξ
2560 1294 2794 1359 αὑτῶν,»
2830 1294 2926 1348 καὶ
2957 1295 3026 1348 τὰ
3059 1293 3209 1365 ἑξῆς,
3250 1295 3358 1360 ἕως
3405 1296 3520 1351 τοῦ·
3571 1317 3588 1349 ι
3612 1295 3772 1362 Οἶκος

2182 1386 2276 1439 τοῦ
2312 1386 2674 1449 ὑπολυθέντος
2706 1385 2768 1440 τὸ
2792 1387 3066 1458 ὑπόδημα.
3108 1407 3127 1440 ι
3191 1387 3396 1442 Τούτου
3453 1390 3518 1461 δὴ
3547 1390 3637 1444 τοῦ
3671 1394 3770 1462 ρη-

2181 1478 2277 1532 τοῦ
2307 1481 2358 1532 οἱ
2391 1479 2761 1543 Σαδδουκαῖοι,
2816 1479 2894 1543 ὡς
2925 1479 3024 1550 τὴν
3078 1479 3270 1534 ἐλπίδα
3295 1481 3394 1552 τῆς
3427 1482 3774 1547 ἀναστάσεως

2185 1573 2259 1643 μὴ
2287 1571 2523 1642 ἔχοντες,
2577 1572 2798 1641 φαύλως
2848 1571 3202 1636 ἀκούσαντες,
3260 1573 3355 1625 καὶ
3417 1573 3586 1645 μηδὲν
3638 1574 3773 1628 θεοῦ

2161 1648 2329 1726 ’ἀξιον
2349 1662 2747 1734 ἐνθυμηθέντες
2777 1663 2858 1726 εἰς
2891 1661 2980 1716 τὸν
3014 1661 3330 1734 ἐκκείμενον
3369 1664 3555 1735 νόμον,
3587 1665 3774 1738 ᾠήθη-

473 1752 806 1808 resurrectio
839 1755 1246 1810 consectarium
1295 1772 1418 1811 esse
1455 1759 1830 1826 crediderunt,
1861 1769 1920 1814 ut
1964 1761 2059 1826 vir1

2180 1771 2280 1807 σαν
2307 1755 2620 1808 ἀκολουθεῖν
2665 1754 2744 1826 τῷ
2771 1750 2907 1808 εἶναι
2940 1754 3238 1809 ἀνάστασιν
3275 1757 3336 1810 τὸ
3361 1757 3454 1811 καὶ
3485 1756 3576 1810 τὸν
3604 1757 3775 1830 ἄνδρα

473 1852 765 1912 postquam
818 1847 1233 1911 resurrexisset,
1289 1864 1510 1903 rursum
1552 1849 1640 1904 vir
1697 1849 1860 1916 foret,
1894 1852 2072 1906 virilia

473 1936 680 1992 habens
713 1939 997 2006 membra;
1029 1949 1083 1994 et
1115 1940 1312 1994 mulier
1347 1941 1601 1995 muliebri
1631 1943 1819 1998 induta
1843 1959 2074 2013 corpore

474 2029 782 2083 etiamnum
839 2031 1038 2085 mulier
1088 2041 1420 2102 resurgeret.
1471 2032 1724 2102 Cumque
1784 2034 1900 2089 haec
1947 2036 2073 2090 inde

475 2118 744 2188 consequi
771 2119 1078 2183 crederent,
1121 2120 1188 2174 de
1220 2120 1325 2176 hac
1348 2121 1770 2176 resurrectionis
1816 2123 2069 2178 doctrina

471 2206 683 2276 abjecte
704 2218 760 2263 et
787 2207 1028 2264 demisse
1059 2210 1380 2274 sentientes,
1417 2212 1802 2268 consarcinata
1826 2213 2066 2283 quadarn

471 2299 539 2351 de
566 2308 774 2369 septem
801 2298 1065 2356 fratribus
1121 2300 1304 2356 fabula
1347 2302 1443 2372 qui
1490 2303 1738 2358 eamdem
1783 2305 2070 2362 duxissent

472 2407 723 2458 uxorem,
756 2395 1043 2460 cuiusnam
1096 2398 1212 2466 ipsa
1253 2408 1541 2468 postquam
1572 2399 1698 2454 talis
1726 2403 2069 2458 resurrexis-

471 2491 576 2550 set,
610 2482 790 2538 futura
822 2495 968 2540 οδες-ι
1001 2502 1141 2541 uxor
1177 2488 1517 2556 quaerebant,
1565 2504 1689 2544 cum
1742 2500 1950 2560 septem
1980 2493 2063 2546 vi-

472 2589 662 2628 rorum
695 2592 836 2631 uxor
869 2587 1026 2632 antea
1085 2579 1256 2633 semel
1298 2580 1441 2634 dicta
1499 2578 1711 2636 fuisset.
1746 2583 1968 2650 Absque
1999 2600 2062 2639 ea

469 2675 651 2720 autem
680 2667 920 2734 fictione,
965 2672 1134 2741 petito
1171 2687 1199 2726 a
1241 2673 1565 2728 mulieribus
1593 2685 1915 2744 argumento
1941 2693 2065 2748 qua:

469 2758 724 2828 pluribus
752 2762 1066 2831 nupsissent
1098 2763 1254 2831 viris,
1283 2765 1367 2819 vel
1407 2780 1438 2819 a
1463 2764 1598 2819 viris
1624 2767 1716 2834 qui
1747 2768 1933 2837 plures
1960 2769 2064 2823 du-

469 2851 678 2907 xissent
710 2869 932 2919 uxores,
991 2857 1236 2911 eamdem
1271 2866 1524 2927 poterant
1553 2860 1912 2928 qurestionem
1939 2876 2064 2930 pro-

467 2958 691 3012 ponere.
717 2945 787 2999 At
813 2948 1153 3016 respondens
1173 2948 1307 3018 ipsis
1335 2947 1645 3020 Sospitator
1692 2961 1901 3016 noster,
1935 2969 2063 3008 sen-

466 3053 590 3092 sum
622 3038 842 3106 quidem
871 3038 1124 3095 Mosaiea:
1147 3041 1304 3112 legis,
1335 3041 1402 3096 iis
1434 3044 1590 3111 quasi
1642 3045 1776 3099 tanti
1813 3044 2059 3116 mysterii

2178 1846 2339 1900 πάλιν
2365 1846 2584 1900 ἔσεσθαι
2618 1848 2950 1908 ἀναστάντα,
2989 1847 3196 1919 ἄρρενα
3220 1847 3386 1919 μόρια
3413 1848 3606 1919 ἔχοντα
3635 1850 3769 1920 (59.),

2173 1937 2268 1990 καὶ
2293 1938 2394 2008 τὴν
2434 1940 2691 2006 γυναῖκα,
2722 1939 2958 2006 γυναῖκα
3013 1938 3438 2010 ἀναστήσεσθαι,
3490 1941 3650 2011 σῶμα
3676 1958 3778 2010 γυ-

2171 2033 2410 2085 ναικεῖον
2445 2031 2856 2102 περικειμένηνο
2887 2029 2982 2084 καὶ
3035 2031 3310 2096 ταπεινῶς
3361 2032 3774 2104 ὑπολαμὸάνον·

2168 2137 2260 2184 τες
2285 2120 2538 2190 λέγεσθαι
2568 2121 2636 2174 τά
2660 2123 2792 2194 περὶ
2828 2104 3177 2186 ἀναστάσεως
3218 2123 3283 2176 ὲκ
3321 2122 3414 2177 τοῦ
3448 2123 3620 2178 ταῦτα
3670 2125 3774 2178 αὺ-

2167 2215 2281 2277 τοῖς
2313 2213 2558 2284 νομίζειν
2587 2213 2925 2278 ἀκολουθεῖν,
2967 2212 3276 2280 πλάσαντές
3315 2232 3439 2270 τινα
3481 2215 3650 2287 μῦθον
3677 2217 3772 2269 τὸν

2169 2305 2298 2377 περ)⁸
2333 2305 2474 2359 ἐπτά
2507 2305 2758 2376 ἀδελφῶν
2775 2307 3144 2377 γαμησάντων
3170 2307 3298 2379 μίαν
3329 2312 3591 2376 γυναῖκα,
3626 2310 3770 2380 ἐπη-

2166 2399 2370 2469 πόρουν
2418 2398 2563 2462 τίνος
2619 2398 2686 2452 ἀν
2717 2397 2930 2467 γένοιτο
2989 2399 3128 2471 γυνὴ
3183 2400 3406 2471 τοιαύτη
3459 2402 3768 2468 ἀναστᾶσα,

2168 2489 2426 2560 φθάσασα
2455 2489 2604 2554 ἅπαξ
2635 2490 2776 2544 ἑπτὰ
2802 2492 3142 2562 χρηματίσαι
3168 2491 3378 2563 ἀνδρῶν
3409 2493 3568 2564 γυνή.
3619 2493 3770 2546 Ἐδύ-

2165 2600 2326 2636 ναντο
2349 2583 2408 2638 δὲ
2437 2584 2532 2637 καὶ
2564 2583 2734 2655 χωρίς
2765 2583 2860 2637 τοῦ
2911 2583 3154 2638 τοιούτου
3200 2583 3521 2654 πλάσματος
3544 2587 3761 2639 ἐπαπο-

2169 2673 2332 2744 ρῆσαι
2353 2675 2418 2726 ὲκ
2438 2672 2548 2726 τῶν
2579 2673 2911 2744 πολυγάμων
2939 2673 3236 2742 γυναικῶν,
3264 2674 3408 2744 τάχα
3437 2674 3494 2727 δὲ
3539 2676 3634 2729 καὶ
3661 2693 3766 2728 πο-

2163 2765 2427 2836 λυγάμων
2455 2765 2689 2837 ἀνδρῶν.
2715 2765 2826 2817 Καὶ
2853 2765 2882 2818 ὁ
2905 2765 3096 2838 Σωτὴρ
3120 2766 3302 2837 ἡμῶν,
3333 2767 3767 2838 ἀποκρινόμενος

2161 2858 2366 2924 αὐτοῖς,
2397 2857 2459 2911 τὸ
2488 2857 2588 2928 μὲν
2625 2857 2875 2928 βούλημα
2920 2855 3014 2910 τοῦ
3049 2858 3189 2912 κατά
3230 2859 3436 2913 Μωσέα
3487 2860 3652 2930 νόμου
3698 2861 3765 2914 οὐ

2161 2949 2486 3021 διηγήσατο,
2518 2949 2595 3013 ὡς
2642 2949 2744 3002 οὐκ
2797 2947 2970 3015 ἀξίοις
2996 2947 3252 3018 γνώσεως
3307 2950 3625 3020 τηλικούτου
3662 2971 3765 3022 μυ-

2166 3041 2412 3113 στηρίου·
2451 3041 2611 3112 μόνον
2649 3039 2708 3095 δὲ
2765 3041 3085 3110 ἀπεφήνατο
3143 3041 3320 3110 λέγων
3353 3044 3449 3096 καὶ
3482 3044 3583 3108 τὰς
3607 3043 3762 3109 θείας

465 3129 780 3198 cognitione
830 3131 1066 3202 indignis
1118 3149 1226 3187 non
1282 3134 1632 3203 explanavit;
1687 3136 1780 3190 sed
1817 3137 2059 3193 ostendit

2165 3131 2388 3204 Γραφάς
2421 3131 2787 3201 ἀπαγγέλλειν
2834 3132 2964 3201 περὶ
3010 3131 3111 3202 τῆς
3149 3133 3214 3185 ὲκ
3258 3133 3468 3206 νεκρῶν
3518 3135 3758 3189 ἀναστά-

465 3220 642 3274 solum
670 3221 885 3278 divinas
919 3224 1233 3295 Scripturas
1275 3225 1342 3279 de
1395 3227 1800 3283 resurrectione
1840 3245 1871 3284 a
1907 3245 2054 3284 mor-

463 3313 576 3368 tuis
611 3313 662 3366 id
687 3317 1040 3384 pronuntiare
1066 3318 1244 3372 nullas
1279 3317 1350 3372 ibi
1396 3316 1618 3374 futuras
1641 3303 1859 3389 nuptias
1893 3322 1932 3385 ⁸,
1958 3323 2053 3377 sed

461 3403 615 3473 quia
648 3407 880 3463 mortuis
920 3420 1238 3479 resurgunt,
1296 3411 1506 3480 angelis
1559 3413 1683 3468 coeli
1730 3415 1941 3472 similes
1967 3416 2054 3471 fu-

464 3509 652 3554 turos:
687 3509 740 3555 et
770 3502 1233 3570 quemadmodum
1277 3506 1369 3574 qui
1425 3513 1556 3560 sunt
1597 3505 1650 3559 in
1679 3507 1821 3562 cmlo
1849 3509 2049 3579 angeli,

462 3603 639 3658 neque
670 3591 1082 3646 matrimonium
1118 3594 1470 3658 eontrahunt,
1517 3611 1696 3666 neque
1725 3597 2051 3667 elocantur;

459 3680 533 3734 ita
557 3689 614 3736 et
644 3683 790 3752 quia
819 3685 1052 3740 mortuis
1081 3696 1390 3757 resurgunt.
1417 3686 1529 3760 Ego
1570 3704 1698 3744 vero
1721 3690 1847 3746 inde
1873 3692 2053 3746 mani-

2165 3239 2324 3288 σεως,
2349 3223 2432 3275 ὅτι
2462 3225 2578 3276 ἐκεῖ
2613 3223 2687 3294 μή
2721 3225 2826 3276 εἰσι
2851 3223 3039 3294 γάμοι,
3071 3223 3206 3278 ἀλλὰ
3238 3223 3477 3293 γίνονται
3505 3229 3554 3280 οἱ
3585 3229 3649 3282 ἐκ
3669 3247 3758 3282 νε-

2162 3315 2312 3388 κρῶν
2343 3317 2691 3386 ἀνιστάμενοι
2717 3317 2793 3381 ὡς
2825 3317 2878 3370 οἱ
2931 3317 2991 3370 ὲν
3017 3315 3100 3387 τῷ
3137 3316 3351 3389 οὐρανῷ
3374 3317 3615 3388 ἄγγελοι·
3657 3321 3754 3376 καὶ

2164 3408 2356 3479 ῶσπερ
2379 3409 2428 3462 οἱ
2469 3410 2527 3464 ὲν
2558 3409 2635 3480 τῷ
2663 3407 2881 3482 οὐρανῷ
2907 3409 3126 3478 ἄγγελοι
3153 3408 3278 3464 οὕτε
3308 3410 3598 3482 γαμοῦσιν,
3622 3410 3752 3468 οὔτε

2160 3499 2491 3572 γαμοῦνται,
2519 3501 2682 3563 οὕτω,
2711 3501 2897 3572 φησὶν,
2932 3503 3026 3555 καὶ
3044 3503 3095 3556 οἱ
3129 3503 3480 3574 ἀνιστάμενοι
3507 3504 3616 3558 ἀπὸ
3639 3506 3750 3560 τῶν

2159 3593 2392 3668 νεκρῶν.
2440 3593 2584 3663 Ἐγὼ
2607 3594 2654 3647 δ’
2680 3590 2834 3664 οἶμαι
2861 3593 2950 3648 διὰ
2975 3594 3181 3650 τούτων
3207 3595 3521 3667 δηλοῦσθαι.
3555 3601 3637 3653 ὅτι
3689 3601 3754 3653 οὐ

2159 3689 2319 3758 μόνον
2348 3687 2490 3742 κατὰ
2515 3687 2576 3740 τὸ
2603 3687 2678 3759 μὴ
2709 3689 2928 3756 γαμεῖν,
2981 3688 3075 3740 καὶ
3118 3687 3178 3740 τὸ
3214 3687 3289 3760 μὴ
3321 3689 3638 3760 γαμεῖσθαι,
3668 3690 3749 3756 ὡς

459 3775 660 3832 festum
697 3777 812 3832 ﬁeri
847 3779 1062 3850 opinor,
1088 3796 1195 3835 non
1221 3798 1288 3837 ex
1319 3798 1386 3837 eo
1419 3783 1769 3839 solummodo
1789 3785 1935 3854 quod
1961 3801 2052 3840 ne-

2165 3781 2200 3833 )i
2232 3781 2290 3834 ὲν
2311 3778 2389 3850 τῷ
2413 3779 2628 3851 οὐρανῷ
2671 3778 2891 3847 ἄγγελοι
2944 3779 3185 3848 γίνονται
3225 3782 3275 3834 οἱ
3328 3779 3746 3854 καταξιούμενοι

457 3884 565 3936 que
596 3871 1006 3927 matrimunimn
1041 3875 1391 3942 contrahant,
1422 3891 1598 3946 neque
1644 3875 1928 3931 elocentur
1953 3877 2048 3946 qui

2165 3872 2249 3943 πῆς
2276 3873 2341 3924 ὲκ
2367 3870 2578 3941 νεκρῶν
2599 3870 2969 3934 ἀναστάσεωςο
3005 3869 3146 3925 ἀλλά
3173 3872 3268 3924 καὶ
3322 3871 3465 3926 κατά
3511 3872 3580 3926 τά
3639 3891 3742 3944 μευ

458 3963 865 4018 resurrectione
898 3980 930 4019 a
960 3966 1195 4023 mortuis
1245 3965 1395 4035 digni
1435 3966 1728 4032 habentur,
1758 3967 1929 4040 814
1947 3984 2048 4022 an-

2165 3962 2670 4036 ιασχηματιζόμενα
2710 3963 2822 4035 (55)
2849 3961 3028 4016 αὐτῶν
3059 3962 3129 4018 τά
3173 3963 3402 4035 σώματα
3424 3965 3524 4036 τῆς
3551 3981 3742 4020 ταπει-

1672 4107 1911 4166 VETUS
1949 4104 2542 4164 INTERPRETATIO.

661 4225 932 4308 Quoniam
961 4244 1093 4300 ergo
1119 4231 1194 4308 ad
1220 4229 1590 4286 defensionem
1626 4230 1943 4308 sui_erroris
1979 4229 2268 4308 proferunt
2293 4227 2917 4308 §addpcmiexprpplum
2953 4226 3022 4308 de
3060 4226 3179 4296 lege
3221 4225 3484 4308 Mosaiea,
3521 4227 3750 4298 dignum

455 4295 593 4378 mihi
623 4299 803 4380 visum
830 4308 916 4380 est
953 4295 1154 4380 ponere
1181 4301 1360 4380 ipsum
1395 4310 1606 4380 textum
1632 4301 1768 4367 legis
1794 4317 1955 4368 quem
1983 4295 2278 4380 proferunt
2309 4299 2621 4380 sadducari,
2670 4295 2958 4380 habentem
2987 4298 3093 4351 hoc
3113 4295 3278 4380 modo
3307 4297 3359 4350 in
3412 4295 3755 4380 Denterono-

455 4369 608 4420 mio:
645 4368 756 4450 cSi
787 4369 1154 4451 habitaverint
1184 4368 1400 4451 fratres
1429 4372 1482 4425 in
1537 4372 1798 4440 idipsum,
1831 4381 1885 4451 et
1933 4368 2222 4451 mortuus“
2237 4369 2403 4424 fuerit
2439 4385 2582 4451 unus
2639 4383 2704 4449 es
2734 4368 3076 4451 eis,nsemen
3101 4376 3283 4451 autem
3311 4382 3418 4420 non
3443 4368 3626 4451 fuerit
3671 4369 3749 4451 ei,

457 4451 570 4489 non
605 4439 711 4518 erit
735 4455 874 4518 uxor
898 4441 1098 4495 mortui
1131 4442 1470 4518 fra_tri_s_viro
1505 4437 2125 4518 non'appropinquanti.
2181 4439 2372 4518 Frater
2403 4439 2504 4494 viri
2531 4439 3022 4518 ejusingredietur
3079 4437 3168 4518 ad,
3200 4452 3324 4518 eam
3349 4478 3366 4503 ,
3406 4448 3461 4492 et
3512 4438 3750 4518 accipiet

455 4521 578 4590 eam
603 4508 724 4589 sibi.
744 4511 795 4562 in
837 4525 1085 4590 uxorem,
1119 4522 1179 4566 ut
1210 4512 1419 4590 habitet
1445 4527 1574 4590 cum
1605 4508 1944 4590 caret—erit—
1977 4509 2160 4590 infans
2191 4511 2514 4590 quicunque
2543 4508 2708 4590 fuerit
2738 4517 2920 4590 natus,
2972 4508 3340 4587 constituetur
3396 4522 3462 4561 ex
3522 4509 3749 4590 agmine

458 4573 646 4656 fratris
677 4579 798 4660 ejus
820 4573 1122 4660 mortuiuet
1145 4597 1253 4660 non
1283 4582 1554 4660 delebitur
1575 4596 1775 4635 nomen
1792 4581 1923 4660 _ejus
1944 4597 2013 4660 ex
2040 4573 2316 4660 lsrael.__Si
2341 4573 2526 4660 autem
2559 4578 2798 4660 noluerit
2831 4578 3007 4660 homo.
3023 4576 3271 4659 accipere
3295 4593 3523 4660 uxorem
3558 4578 3746 4660 fratris

458 4645 567 4725 sui,
593 4649 854 4730 ascendet
879 4651 1236 4731 ElXOI‘fI'EEI‘lS
1258 4651 1381 4731 eju_s
1407 4653 1472 4706 ad
1504 4651 1806 4731 portamad
1832 4645 2366 4731 senioresactdicet
2394 4667 2408 4703 :
2435 4647 2554 4731 Non
2587 4647 2913 4731 vult.fr_ater
2959 4647 3059 4731 viri
3102 4647 3210 4731 mei
3249 4649 3519 4731 suscitare
3537 4649 3747 4731 _fratris

457 4715 770 4798 sui_nomen
802 4719 854 4774 in
879 4721 1065 4798 Israel.
1111 4719 1176 4775 Et
1198 4715 1618 4798 vocabunteum
1645 4722 1895 4798 seniores
1923 4721 2163 4777 civitatis
2194 4721 2364 4783 illius,
2395 4728 2449 4774 et
2475 4719 2661 4798 dicent
2681 4718 2752 4772 ei.
2783 4717 2848 4771 Et
2871 4718 2914 4798 s_i
2953 4726 3107 4798 stans
3149 4716 3351 4798 dixerit
3385 4737 3398 4771 :
3451 4717 3588 4772 Nolo
3619 4733 3741 4798 eam

453 4787 705 4857 accipere
725 4828 740 4854 ,
774 4791 1042 4846 accedens
1071 4807 1210 4846 uxor
1232 4791 1422 4849 fratris
1449 4792 1572 4862 ejus
1594 4793 1663 4847 ad
1701 4808 1851 4860 eum,
1877 4801 2005 4847 ante
2025 4803 2383 4863 conspectum
2418 4790 2698 4846 seniorum
2742 4787 3076 4842 excalceabit
3123 4788 3558 4842 ealceamentum
3618 4788 3741 4857 ejus

521 4906 567 4940 ⁹⁹
597 4905 756 4963 Deut.
782 4924 911 4974 xxv,
939 4909 974 4964 5
1009 4918 1064 4964 et
1091 4925 1247 4980 seqq.
1327 4911 1344 4942 ³
1386 4910 1586 4980 Philip.
1646 4926 1727 4976 Ill,
1753 4910 1843 4964 2|.

525 5028 642 5105 (5‘2)
659 5028 902 5105 _’Ar6pa
927 5029 1114 5105 .7:ng
1137 5030 1394 5105 ecetram
1421 5028 1792 5105 ἀναστάῃτα,
1823 5029 2046 5105 ἇρῤξιία

2165 5047 2175 5080 ι
2207 5026 2385 5098 Hujus
2413 5027 2617 5105 quippe
2637 5021 3010 5105 distinctionis
3038 5024 3290 5105 indigens
3315 5031 3610 5105 est-eorum
3641 5037 3744 5105 pa-

443 5091 891 5169 pdpca‘éxort'a,
923 5109 1029 5154 τις.
1057 5099 1219 5155 Falso
1251 5108 1306 5154 et
1345 5100 1528 5168 inepte
1550 5098 1698 5152 credi
1747 5091 2045 5168 putat'Ori-
2151 5091 2311 5163 tura;
2347 5091 2458 5169 qui
2485 5091 2615 5169 sunt
2656 5096 2772 5169 sub
2799 5094 2999 5169 mortis
3043 5091 3308 5169 imperio;
3341 5111 3359 5144 ι
3401 5102 3516 5169 tum
3544 5109 3620 5169 _:__«
3649 5091 3746 5149 llis

450 5184 615 5237 genes
639 5169 922 5223 hominum
985 5186 1216 5238 corpora
1279 5169 1546 5238 pudendis
1595 5169 1709 5223 fore
1751 5171 2040 5234 instructa,

448 5255 574 5294 cum
607 5249 925 5306 resurgent;
949 5241 1039 5295 alii
1071 5241 1315 5295 futurum
1341 5241 1680 5303 existimant,
1705 5249 1763 5294 ut
1791 5241 1892 5294 viri
1922 5255 2042 5294 om-

448 5326 548 5363 nes
607 5326 672 5364 ac
726 5310 941 5364 femime
992 5313 1297 5366 masculum
1338 5327 1528 5366 sexum
1578 5310 1886 5377 obtineant,
1936 5311 2041 5366 hoc

449 5378 601 5435 Pauli
641 5383 763 5436 loco
795 5382 1026 5446 inducti,
1055 5383 1150 5450 qui
1197 5383 1425 5436 habetur
1466 5380 1664 5450 Ephes.
1715 5397 1788 5446 tv,
1822 5383 1910 5436 17).
1944 5378 2038 5437 His

447 5453 719 5522 dogmatis
751 5453 978 5522 haesisse
1011 5449 1265 5505 videntur
1316 5449 1523 5522 praeter
1538 5449 1850 5521 Origenem,
1885 5451 2036 5505 llila-

449 5521 566 5575 rius
589 5538 714 5576 ean.
745 5521 816 5575 εδ
851 5524 902 5576 in
934 5521 1148 5588 Mattb.;
1182 5522 1537 5588 Athanasius,
1577 5536 1742 5576 scrm.
1779 5522 1813 5576 ’5
1842 5532 2034 5576 contra

449 5593 719 5662 Arianos;
758 5591 994 5647 Basilius
1019 5594 1071 5646 in
1105 5594 1303 5662 psalm.
1335 5609 1481 5656 cxw,
1523 5602 1577 5647 et
1621 5591 2034 5662 Theodoretus:

449 5661 666 5735 Ταύτης
685 5663 806 5735 ᾼγάρ
839 5663 940 5735 τῆς
970 5661 1291 5735 διαιρέσεως
1326 5663 1511 5734 ἐνδεὴς
1560 5662 1667 5716 τῶν
1701 5663 1806 5735 ὑπο
1832 5661 1911 5732 τῷ
1940 5661 2038 5715 θα-

448 5732 596 5802 νάτῳ
622 5732 928 5804 τελούντων
950 5736 983 5804 ἡ
1017 5732 1180 5804 φύσις
1201 5751 1214 5764 ο
1241 5743 1295 5788 et
1326 5732 1476 5796 mox,
1513 5735 1626 5804 τοῖς
1658 5749 1722 5799 γε
1751 5734 2040 5795 ἀθανάτοις

451 5803 836 5873 γεγενημένοις
881 5803 941 5858 τὸ
974 5803 1128 5875 θῆλυ
1179 5804 1338 5878 γένος
1392 5803 1703 5859 παντάπασι
1768 5804 2040 5873 περιττόν.

2149 5161 2333 5248 autem
2368 5161 2460 5248 qui
2500 5166 2840 5248 immortales
2876 5164 3002 5248 facti
3041 5161 3192 5248 sunt,
3233 5163 3394 5248 plane
3417 5161 3632 5248 inutilis
3662 5173 3747 5246 est

2149 5235 2434 5293 muliebris
2460 5251 2680 5292 sexus.»
2725 5235 2830 5289 Sed
2892 5235 3009 5290 haec
3048 5235 3267 5304 plenius
3328 5242 3631 5288 tractamus
3687 5235 3741 5288 in

2146 5308 2507 5374 Origem'anis.
2542 5305 2806 5361 HUETIUS.

2214 5366 2327 5450 (5:5)
2367 5378 2546 5434 Ἀλλὰ
2567 5377 2666 5431 καὶ
2692 5375 2940 5456 κατὰ-κτά
2956 5373 3615 5456 τιμςιόισχςημοιτιοιῗόιιειῖτοτι,
3631 5384 3737 5456 etc.

2139 5445 2448 5521 Corporeos
2461 5448 2819 5521 esseangelos
2831 5445 2971 5499 Pati
2984 5447 3084 5499 bus
3095 5445 3587 5521 antiquisﬁpsique
3603 5446 3738 5521 adeo

2145 5520 2238 5576 toti
2253 5514 2378 5574 'l‘ere
2399 5514 2710 5589 antiquitati
2742 5530 3076 5589 persuasum
3089 5514 3212 5589 fuit.

3291 5515 3485 5569 ideuda
3511 5515 3736 5570 utnliino

2146 5591 2288 5646 actio
2323 5589 2358 5645 5
2387 5583 2611 5645 secundi
2633 5583 2838 5642 Niciani
2885 5586 3126 5652 concilii,
3157 5587 3248 5638 ubi
3282 5586 3424 5639 hanc
3470 5599 3593 5639 esse
3633 5583 3736 5639 Ec-

2146 5661 2326 5717 clesia:
2357 5661 2640 5714 catholicae
2662 5655 2988 5713 sententiam
3021 5670 3086 5709 ex
3144 5654 3374 5716 Basilio,
3409 5653 3736 5720 Athanasio,

2149 5730 2446 5795 Methodio,
2478 5730 2755 5795 aliisque;
2805 5725 3140 5780 contrariam
3193 5734 3376 5780 autem
3422 5723 3734 5794 gentilium,

2153 5803 2308 5858 docet
2350 5799 2591 5857 Joannes
2623 5795 3149 5856 Thessalonicensis.
3203 5795 3480 5852 Videndus
3518 5808 3741 5865 quoque
