4110 6484
396 405 534 465 157⁸1

1304 394 1659 455 COMMENT.
1703 393 1767 448 IN
1806 390 2225 448 ΜΑἸΤΗᾹΞΗΜ
2265 388 2505 446 TOMUS
2538 387 2706 443 XV".

3512 385 3653 441 ta78
3746 362 3751 377 ’

393 521 490 576 τοῦ
521 522 582 576 rb
612 518 783 592 όνομα
828 518 886 573 έν
929 514 1164 590 Ἰσραὴλ,
1211 515 1305 569 καὶ
1351 512 1683 584 καλούμενος
1715 509 1821 563 ὑπὸ
1861 508 1962 577 τῆς

2081 508 2411 577 ιθηὶιιιειιιιο
2438 521 2469 561 a
2497 513 2689 561 senatu
2720 501 2957 559 civitatis
2990 504 3154 560 dicit:
3188 501 3325 559 Nolo
3349 517 3469 560 eam
3501 518 3641 558 uxo-
3684 568 3717 583 ⁸,

395 612 685 685 γερουσίας
731 611 833 683 τῆς
882 609 1090 672 πόλεως
1135 606 1283 675 λέγει
1302 622 1315 637 ⁸
1367 605 1442 658 Οὑ
1493 602 1750 674 βούλομαι
1792 599 1976 654 λαϐεῖν

396 706 586 775 αὑτὴν,
608 704 724 771 κκαι
760 701 1048 774 ἅτιμοῦται
1078 697 1442 768 ὑπολυόμενος
1469 695 1531 750 rb
1565 693 1841 764 ὑπόδημα,
1883 689 1978 743 καὶ

397 796 699 868 ὲμπτύεται
740 795 820 858 είς
859 791 921 846 rb
967 790 1255 862 πρόσωπον
1297 788 1404 841 ὑπὸ
1445 786 1544 856 τῆς
1578 783 1854 856 γυναικὸς,
1884 783 1979 836 καὶ

401 885 849 959 μετονομάζεται,
883 884 973 938 ἵνα
1016 883 1078 937 rb
1107 882 1280 953 ὄνομα
1315 877 1479 933 αὑτοῦ
1586 895 1604 928 ι
1646 877 1675 931 ὁ
1709 869 1856 937 οίκος
1883 872 1976 927 τοῦ

400 978 758 1040 ὑπολυθέντος
799 975 861 1028 rb
895 974 1168 1046 ὑπόδημα,
1208 990 1226 1023 ι
1263 971 1385 1025 τότε
1416 969 1630 1038 λέγεται
1657 964 1973 1037 ἄνθρωπος’

399 1069 560 1121 οἱονεὶ
598 1065 707 1137 γὰρ
740 1064 828 1119 διὰ
859 1065 957 1137 μὲν
986 1062 1086 1133 τῆς
1120 1062 1404 1134 τηρήσεως
1441 1057 1536 1112 τοῦ
1568 1057 1735 1128 νόμου
1765 1054 1980 1123 ἐλέγετο

399 1155 546 1225 αὑτῷ
586 1155 676 1207 τό’
730 1172 750 1206 ι
796 1152 939 1222 Ἐγὼ
968 1148 1115 1206 εἶπα·
1148 1151 1269 1205 Θεοί
1304 1150 1462 1203 ἐστε·
1500 1167 1518 1200 ι
1555 1146 1645 1201 διὰ
1690 1146 1747 1198 δὲ
1788 1144 1883 1199 τοῦ
1910 1144 1978 1198 τὰ

397 1246 618 1300 ἐναντία
647 1244 726 1317 τῷ
748 1246 899 1316 νόμῳ
931 1246 1127 1308 ποιεῖν,
1157 1242 1319 1296 οἱονεὶ
1346 1239 1623 1311 ἐλέγχεται
1652 1238 1757 1291 ὑπὸ
1777 1236 1870 1291 τοῦ
1892 1236 1980 1289 λό-

338 1360 347 1369 ·
396 1356 494 1408 γου
530 1338 639 1410 (61)
682 1337 984 1407 φάσκοντος
1012 1336 1149 1409 πρὸς
1178 1333 1371 1390 αὐτόν·
1408 1352 1428 1385 ι
1469 1332 1657 1403 Ὑμεῖς
1686 1330 1743 1383 δὲ
1771 1330 1848 1393 ὡς
1887 1328 1980 1383 ἄν·

396 1431 608 1502 θρωποι
639 1428 1030 1500 ὰποθνήσκετε.
1077 1447 1094 1478 ι
1125 1427 1236 1481 Καὶ
1261 1426 1499 1499 πρόσχες
1525 1424 1574 1477 εί
1601 1421 1821 1476 δύνασαι
1851 1420 1978 1491 νοῆ-

398 1538 492 1576 σαι
522 1521 661 1593 μετὰ
691 1520 784 1574 τὸν
815 1519 1043 1574 θάνατον
1075 1520 1177 1589 τῆς
1220 1518 1448 1589 ὲκδοχῆς
1499 1515 1594 1570 τοῦ
1651 1514 1981 1586 γράμματος

396 1608 540 1669 εἶναι
587 1614 753 1684 ἄλλην
783 1613 1011 1684 ἐκδοχὴν
1042 1612 1136 1666 τοῦ
1169 1611 1356 1682 νόμου,
1390 1607 1858 1681 διημαρτημένην,
1886 1606 1979 1659 καὶ

397 1705 458 1759 οὑ
481 1704 876 1776 πνευματικὴν,
902 1703 1022 1757 οὐδὲ
1051 1702 1436 1772 ἀνεπίληπτον,
1467 1699 1608 1771 πλὴν
1634 1699 1733 1771 τὴν
1768 1698 1981 1767 γένεσιν

397 1796 627 1868 ἔχουσαν
657 1795 1051 1868 ἡμαρτημένην
1085 1794 1204 1864 μὲν,
1237 1793 1345 1846 ἀπὸ
1372 1792 1430 1845 δὲ
1462 1792 1563 1863 τῆς
1586 1790 1842 1863 ἀφορμῆς
1872 1789 1982 1845 τῶν

2082 614 2194 654 rem
2224 599 2490 667 accipere,
2524 604 2578 652 et
2601 595 2971 652 calceamento
2995 604 3193 652 exutus
3225 594 3525 667 ignominia
3557 609 3659 649 no-
3684 584 3695 600 “

2079 698 2245 754 tatur,
2267 691 2398 745 etin
2422 686 2616 742 faciem
2643 686 2967 756 conspuitur
2992 702 3024 741 a
3047 685 3296 751 muliere,
3323 694 3379 741 et
3402 671 3692 784 πωπω-ξ

2078 782 2338 848 minatur,
2363 788 2425 835 ut
2452 794 2649 834 nomen
2683 778 2830 834 illius
2855 779 2946 845 sit,
2984 799 3004 831 ι
3038 779 3235 834 domus
3264 776 3601 843 discalceati,
3630 794 3654 832 ι

2079 882 2209 931 tunc
2235 874 2510 929 hominem
2540 870 2713 926 fuisse
2739 870 3090 941 appellatum.
3115 868 3253 925 Nam
3279 877 3502 940 propter
3524 869 3660 938 legis

2079 964 2539 1028 observationem,
2581 961 2739 1032 quasi
2786 961 2838 1015 id
2889 961 2966 1016 illi
3017 962 3301 1017 dicebatur
3342 961 3423 1015 u:
3475 978 3494 1013 ι
3546 959 3660 1030 Ego

2079 1057 2230 1113 dixi:
2264 1055 2346 1112 Dii
2389 1057 2825 1129 estlsppropter
2874 1071 2961 1110 res
3007 1062 3188 1109 autem
3238 1060 3430 1108 contra
3482 1051 3657 1123 legem

2079 1160 2277 1222 gestas,
2328 1151 2487 1222 quasi
2540 1150 2961 1221 reprehenditur
3000 1162 3030 1203 a
3086 1144 3370 1217 ScripIJra
3418 1143 3521 1215 ipsi
3569 1143 3662 1199 di-

2079 1253 2235 1300 cente
2268 1245 2349 1296 ιιι
2387 1262 2406 1297 ι
2441 1242 2554 1300 Vos
2584 1253 2764 1299 antem
2799 1243 2943 1299 sicut
2975 1239 3226 1295 homines
3263 1236 3598 1293 moriemini.
3635 1254 3655 1287 ι

2079 1334 2310 1389 Attende
2338 1349 2502 1404 porro
2526 1335 2697 1405 818
2726 1350 2795 1389 an
2829 1341 2955 1404 post
2982 1330 3234 1386 litteratis
3259 1328 3664 1400 interpretatio-

2081 1429 2169 1481 nis
2211 1436 2473 1492 mortem,
2520 1428 2683 1482 aliam
2732 1425 2868 1497 legis
2914 1421 3424 1493 interpretationem
3480 1431 3664 1476 mente

2080 1518 2260 1588 possis
2289 1519 2602 1589 concipere,
2637 1518 2918 1573 erroribus
2952 1516 3299 1587 implicitam,
3333 1530 3511 1586 neque
3549 1515 3665 1585 spi-

2079 1612 2354 1676 ritualem,
2414 1626 2591 1681 neque
2635 1611 2992 1681 inculpatam,
3050 1617 3431 1665 verumtamen
3481 1617 3663 1663 ortum

2083 1704 2371 1758 habentem
2401 1703 2683 1758 erroribus
2720 1703 2941 1772 quidem
2988 1702 3313 1766 involutum,
3344 1700 3436 1757 sed
3477 1700 3547 1756 ab
3596 1699 3665 1756 iis

2083 1805 2265 1851 tamen
2310 1809 2432 1865 quae
2474 1794 2529 1848 in
2574 1794 2689 1863 lege
2722 1794 2925 1864 scripta
2959 1803 3087 1849 sunt
3128 1792 3456 1863 profectum,
3487 1806 3666 1862 neque

398 1886 458 1941 ὲν
500 1886 578 1956 τῷ
607 1886 757 1957 νόμῳ
797 1884 1196 1956 γεγραμμένων
1228 1880 1549 1955 ἐρχομένην,
1584 1881 1679 1933 καὶ
1704 1880 1765 1933 οὐ
1799 1878 1980 1950 βουλο-

2083 1887 2270 1944 fratris
2299 1888 2385 1944 sui
2434 1902 2631 1943 nomen
2664 1886 2932 1942 suscitare
2964 1885 3257 1949 volentem,
3288 1892 3345 1940 et
3392 1884 3527 1954 legis
3566 1900 3667 1938 no—

400 1977 566 2047 μένην
604 1976 905 2047 ἀναστῆσαι
942 1975 1004 2028 τὸ
1038 1974 1210 2044 ὄνομα
1248 1972 1343 2027 τοῦ
1384 1969 1612 2041 ἀδελφοῦ
1654 1970 1851 2033 αὐτῶν,
1886 1970 1980 2021 καὶ

405 2066 627 2137 τιμῆσαι
655 2066 715 2120 rb
752 2065 925 2137 ὄνομα
956 2064 1050 2119 τοῦ
1092 2065 1280 2136 νόμου.
1314 2063 1389 2117 Ob
1422 2062 1672 2134 βούλεται
1719 2061 1777 2116 δὲ
1809 2063 1843 2133 ἡ
1872 2078 1980 2115 τοι-

398 2157 535 2231 αύτη
584 2158 780 2231 ἐκδοχὴ
829 2157 1164 2231 παραλαϐεῖν
1209 2157 1309 2228 τὴν
1352 2157 1587 2225 γυναῖκα
1612 2154 1706 2209 τοῦ
1748 2153 1978 2224 ἀδελφοῦ

398 2252 587 2318 αὑτοῦ,
615 2252 791 2324 ψυχήν
810 2269 824 2283 ·
861 2252 982 2305 οὑδὲ
1009 2251 1117 2325 γὰρ
1157 2249 1300 2304 θέλει
1331 2249 1751 2322 καρποφορῆσαι
1783 2248 1877 2301 ἐπὶ
1903 2245 1982 2317 τῷ

398 2344 616 2408 δοξάσαι
639 2346 700 2398 τὸ
723 2344 895 2415 ὄνομα
914 2343 1008 2397 τοῦ
1038 2342 1363 2414 τεθνηκότος
1384 2341 1616 2402 ἀδελφοῦ
1635 2357 1648 2370 ·
1679 2340 1757 2394 διὸ
1778 2342 1812 2412 ἡ
1842 2340 1980 2409 γυνὴ

375 2439 460 2490 οὐ
496 2438 647 2493 κάτω
675 2437 906 2509 ἔστηκεν
939 2438 974 2509 ἡ
1011 2435 1201 2508 ἑτοίμη
1232 2436 1461 2508 τιμῆσαι
1482 2435 1573 2489 τὸν
1606 2435 1872 2509 πρότερον
1889 2434 1982 2487 ἂν·

374 2530 499 2603 δρα
531 2531 723 2601 αὐτῆς,
756 2530 893 2585 ἀλλὰ
941 2529 1219 2585 ἀναϐαίνει
1263 2529 1358 2583 ἐπὶ
1386 2528 1486 2600 τὴν
1530 2527 1708 2598 πύλην
1752 2528 1846 2580 καὶ
1883 2526 1982 2597 τὴν

397 2622 601 2677 εἴσοδον
638 2623 740 2694 τῆς
777 2623 984 2686 πόλεως
1025 2623 1224 2694 ἑαυτῆς
1266 2620 1497 2693 ἐχούσης
1537 2620 1633 2675 καί⁸
1667 2618 1979 2692 γερουσίαν.

400 2714 511 2768 Καὶ
566 2713 792 2768 νοείσθω
837 2714 1009 2768 ταῦτα
1039 2714 1302 2784 γινόμενα
1339 2712 1479 2768 κατὰ
1521 2712 1619 2784 τὴν
1658 2710 1982 2783 Ἐκκλησίαν

397 2803 495 2856 καὶ
516 2804 625 2874 ,τὴν
665 2806 745 2868 εἰς
777 2804 948 2877 αὐτὴν
991 2804 1301 2876 εἰσαγωγὴν
1332 2805 1428 2859 καὶ
1462 2802 1685 2857 εἴσοδον.
1739 2800 1982 2875 Ἐλέγχει

398 2889 495 2948 οὖν
538 2895 573 2965 ὴ
601 2895 738 2965 γυνὴ
776 2892 870 2949 τὸν
906 2894 981 2967 μὴ
1015 2894 1335 2966 βουλόμενον
1361 2892 1531 2967 ἄνδρα
1563 2893 1983 2967 καρποφορῆσαι

398 2988 493 3042 τδν
532 2988 729 3042 τοιόνδε
774 2988 952 3059 λόγον,
995 2989 1090 3043 καὶ
1116 2988 1294 3058 λέγει’
1347 3005 1369 3039 ι
1406 2988 1483 3042 Οὑ
1513 2985 1657 3045 Θέλει
1692 2989 1722 3041 ό
1757 2985 1983 3056 ἁδελπ

400 3078 493 3133 τοῦ
528 3077 717 3151 ἀνδρός
746 3096 848 3150 μου
875 3078 1178 3150 ἀναστῆσαι
1202 3079 1266 3132 rb
1296 3077 1468 3149 ὄνομα
1495 3074 1592 3130 τοῦ
1624 3074 1853 3145 ἀδελφοῦ
1885 3076 1983 3129 αὑ-

400 3170 494 3226 τοῦ
533 3172 592 3225 ὲν
626 3170 864 3243 Ἰσραήλ.
898 3190 918 3224 ι
955 3167 1092 3226 Εἶτα
1118 3174 1152 3244 ἡ
1183 3169 1443 3243 γερουσία
1470 3170 1572 3240 τῆς
1603 3167 1809 3232 πόλεως
1840 3165 1984 3221 ὲκεί-

400 3279 520 3334 νης,
554 3261 885 3329 ὲξετάξουσα
923 3263 1016 3318 τὸν
1056 3262 1294 3318 τοιοῦτον
1335 3263 1524 3348 ἄνδρα,
1566 3262 1894 3317 πυνθάνεται
1933 3263 1982 3315 εἰ

399 3351 620 3423 ἀληθῶς
652 3353 714 3406 οὐ
765 3353 1048 3424 βούλεται’
1082 3353 1520 3426 ἀποκριναμένου
1562 3353 1622 3407 δὲ
1666 3353 1874 3407 ἐκείνου
1922 3352 1985 3406 τὸ

403 3442 480 3514 μὴ
525 3442 828 3513 βούλεσθαι,
862 3445 1227 3518 προσέρχεται
1271 3445 1413 3519 αὑτὴ
1444 3445 1581 3519 πρὸς
1612 3445 1704 3499 τὸν
1754 3445 1830 3517 μὴ
1859 3445 1985 3517 βου-

400 3534 630 3605 ληθέντα
656 3534 1018 3609 ἐξαναστῆσαι
1060 3537 1283 3609 σπέρμα
1319 3536 1397 3609 τῷ
1429 3536 1644 3609 ἁδελφῷ
1670 3537 1859 3603 αὑτοῦ,
1891 3539 1985 3593 καὶ

400 3625 493 3678 ἐπὶ
521 3627 621 3697 τῆς
648 3628 937 3701 γερουσίας
965 3629 1178 3700 ἐλέγχει
1205 3630 1392 3693 αὑτὸν,
1427 3629 1521 3684 καὶ
1560 3628 1821 3700 ἀτιμάζει
1847 3630 1982 3683 ὑπο-

400 3714 604 3770 λύουσα
623 3718 685 3770 rb
713 3718 965 3789 ὑπόδημα
1006 3719 1171 3773 αὑτοῦ
1198 3719 1259 3772 rb
1284 3718 1362 3773 ἓν.
1395 3720 1506 3773 Καὶ
1539 3719 1731 3774 σκόπει
1771 3721 1831 3773 ὲν
1860 3720 1989 3773 τοὺέ

401 3823 516 3870 τοις
543 3806 631 3860 διὰ
657 3807 716 3860 rb
739 3846 755 3872 ,
785 3826 804 3858 ι
838 3808 1012 3861 Λῦσαι
1037 3807 1099 3860 rb
1123 3808 1378 3878 ὑπόδημα
1400 3810 1464 3862 ὲκ
1486 3808 1593 3862 τῶν
1617 3808 1794 3862 ποδῶν
1821 3825 1936 3872 σου,
1956 3828 1976 3861 ι

401 3897 692 3968 εἰρημένον
723 3899 860 3969 πρὸς
890 3899 1127 3952 Μωῦσέα
1154 3900 1248 3954 καὶ
1307 3898 1534 3971 Ἰησοῦν,
1570 3899 1665 3953 καὶ
1698 3900 1757 3955 rb
1779 3941 1796 3966 ,
1839 3901 1981 3954 «Οὐκ

402 3988 520 4058 εἰμὶ
559 3986 708 4052 ἄξιος
738 3988 826 4043 ἵνα
862 3988 1009 4044 λύσω
1035 3989 1127 4044 τὸν
1156 3990 1355 4061 ἱμάντα
1395 3990 1491 4046 τοῦ
1523 3990 1868 4063 ὑποδήματος
1891 3993 1982 4046 αὑ-

402 4079 520 4144 τοῦ,
563 4099 583 4132 ι
628 4084 1012 4154 γεγραμμένον
1061 4086 1120 4138 έν
1152 4084 1231 4156 τῷ
1270 4084 1412 4139 κατὰ
1452 4086 1688 4150 Λουκᾶν,
1718 4085 1813 4138 καὶ
1842 4083 1983 4138 κατὰ

404 4172 653 4244 Μάρκον,
678 4173 774 4229 καὶ
797 4176 856 4229 ὲν
876 4174 953 4246 τῷ
982 4175 1124 4230 κατὰ
1157 4176 1432 4247 Ἰωάννην,
1466 4176 1675 4247 μήποτε
1697 4176 1757 4229 οὑ
1786 4175 1983 4232 ταύτόν

406 4265 522 4317 ἐστι
546 4265 608 4317 rb
639 4263 797 4320 λῦσαι
819 4267 881 4321 rb
903 4267 1157 4339 ὑπόδημα
1180 4267 1259 4339 τῷ
1282 4266 1544 4321 ὑπολῦσαι
1560 4283 1573 4296 ”
1610 4267 1671 4320 οὑ
1704 4264 1813 4338 γὰρ
1848 4266 1982 4340 ὑετο-

2083 1981 2215 2036 mini
2245 1983 2508 2037 honorem
2535 1980 2846 2036 conciliate.
2871 1978 3108 2035 Uxorem
3133 1987 3314 2033 autem
3344 1976 3531 2032 fratris
3554 1977 3663 2035 sui.

2078 2069 2342 2138 animam,
2378 2070 2626 2139 accipere
2659 2084 2768 2122 non
2804 2067 2918 2122 vult
2946 2066 3216 2137 ejusmodi
3251 2066 3663 2137 interpretatio;

2082 2177 2258 2233 neque
2289 2162 2433 2217 enim
2463 2161 2531 2217 ad
2573 2161 2626 2216 id
2669 2159 2839 2216 fetum
2885 2159 3132 2230 proferre
3171 2159 3310 2225 vult,
3345 2168 3407 2214 ut
3454 2158 3666 2213 nomini

2080 2253 2351 2311 demortui
2397 2252 2586 2308 fratris
2614 2251 2841 2324 gloriam
2879 2260 3054 2323 paret.
3090 2250 3387 2322 Propterea
3436 2265 3547 2306 non
3582 2249 3667 2302 in—

2084 2346 2281 2402 feriore
2313 2346 2433 2401 loco
2475 2344 2626 2401 stetit
2653 2343 2851 2399 mulier
2882 2343 3123 2414 priorem
3153 2343 3334 2399 virum
3370 2356 3535 2399 suum
3570 2340 3668 2395 ho-

2082 2453 2218 2495 nore
2247 2446 2432 2510 parata
2479 2436 2713 2500 allicere,
2753 2435 2849 2493 sed
2891 2436 2960 2491 ad
2999 2436 3241 2492 civitatis
3273 2449 3411 2498 suae,
3456 2447 3581 2504 qua:
3611 2440 3669 2487 et

2082 2532 2198 2600 ipsa
2245 2538 2494 2586 senatum
2538 2528 2722 2595 habet,
2772 2535 2983 2598 portam
3033 2541 3101 2583 ac
3144 2520 3357 2582 aditum
3398 2524 3664 2581 ascendit.

2084 2621 2208 2678 llaec
2236 2630 2417 2677 autem
2443 2622 2497 2675 in
2525 2618 2790 2686 Ecclesia,
2820 2619 2889 2674 ad
2922 2619 3096 2689 ipsius
3124 2619 3435 2691 ingressum
3470 2625 3525 2673 et
3547 2616 3668 2671 adi-

2081 2724 2196 2770 tum
2220 2714 2361 2770 facta
2388 2713 2776 2784 intelligantur.
2808 2708 2999 2766 Virum
3024 2727 3157 2782 ergo
3177 2709 3339 2766 talem
3361 2709 3666 2765 doctrinam

2081 2806 2302 2877 gignere
2328 2805 2601 2865 nolentem
2627 2804 2879 2876 coarguit
2904 2804 3121 2871 mulier,
3140 2811 3193 2860 et
3218 2803 3353 2860 dicit
3383 2802 3462 2856 “z
3498 2819 3519 2853 ι
3544 2797 3665 2855 Non

2082 2897 2199 2952 vult
2230 2896 2399 2952 frater
2426 2896 2527 2952 viri
2563 2896 2671 2953 mei
2709 2896 2979 2953 suscitare
3022 2910 3220 2949 nomen
3265 2891 3453 2950 fratris
3481 2893 3567 2948 sui
3610 2893 3666 2946 in

2083 2986 2268 3044 Israel.
2300 3007 2318 3041 ι
2360 2986 2537 3059 liuius
2576 2987 2773 3045 deinde
2803 2988 3041 3044 civitatis
3067 2993 3295 3046 senatus
3331 2986 3668 3058 interrogato

2083 3082 2204 3138 viro
2251 3080 2543 3152 ejusmodi,
2587 3096 2657 3136 an
2705 3094 2895 3137 revera
2946 3081 3083 3136 nolit
3126 3095 3191 3136 ex
3245 3079 3366 3152 ipso
3414 3076 3666 3147 inquirit.

2086 3170 2381 3243 Postquam
2410 3186 2542 3228 vero
2572 3187 2634 3228 se
2664 3170 2890 3227 minime
2941 3170 3076 3228 velle
3106 3168 3409 3242 respondit,
3449 3168 3568 3241 ipsa
3600 3167 3668 3223 ad

2082 3278 2208 3318 eum
2238 3263 2448 3320 accmlit
2465 3261 2560 3332 qui
2584 3260 2738 3317 fratri
2767 3276 3088 3323 suo.scmen
3113 3260 3383 3319 suscitare
3413 3276 3524 3317 non
3562 3277 3663 3316 vo-

2079 3356 2203 3421 luit,
2229 3364 2285 3412 et
2311 3371 2496 3414 coram
2523 3358 2837 3415 senioribus
2863 3356 3042 3428 ipsum
3074 3354 3376 3420 convincit,
3411 3362 3466 3411 et
3494 3352 3668 3411 altero

2079 3448 2203 3518 ejus
2229 3448 2411 3503 soluto
2444 3450 2630 3506 calceo
2654 3449 2878 3506 infamia
2909 3457 3085 3504 notat.
3118 3446 3217 3504 llic
3243 3454 3426 3503 autem
3446 3453 3667 3514 propter

2078 3538 2213 3594 illud
2260 3538 2341 3592 “:
2379 3556 2401 3591 ι
2435 3537 2598 3594 Solve
2637 3518 3067 3595 calceamentnm
3098 3537 3166 3591 de
3208 3535 3439 3606 pedibus
3471 3533 3603 3594 tuis.
3638 3550 3657 3583 ι

2079 3629 2229 3701 quod
2258 3628 2430 3700 Moysi
2454 3638 2508 3685 et
2534 3627 2702 3687 Josue
2723 3629 2930 3684 dictum
2962 3636 3066 3692 est,
3097 3637 3153 3682 et
3182 3625 3313 3681 illud
3341 3637 3562 3695 quoque
3586 3620 3665 3673 ":

2094 3739 2112 3771 ι
2143 3718 2262 3775 Non
2294 3736 2416 3776 sum
2440 3720 2636 3791 dignus
2667 3728 2729 3774 ut
2759 3720 2969 3776 solvam
2992 3720 3111 3789 ejus
3138 3716 3429 3788 corrigiam
3462 3714 3667 3769 calcea-

2087 3808 2279 3873 menti,
2319 3827 2338 3861 ι
2370 3810 2515 3878 quod
2545 3809 2598 3862 in
2628 3807 2936 3878 Evangeliis
2980 3806 3281 3863 secundum
3308 3802 3513 3859 Lucam
3540 3802 3583 3833 ¹⁸
3611 3810 3667 3857 et

2086 3900 2388 3956 secundum
2418 3898 2661 3955 Mat-enm
2704 3901 2771 3967 ¹⁹,
2807 3914 3020 3955 necnon
3055 3906 3111 3954 et
3149 3899 3205 3953 in
3249 3893 3545 3967 Evangelio
3574 3910 3664 3950 see

2087 3989 2327 4045 cundum
2355 3988 2622 4046 Joannem
2645 3991 2906 4061 scriptum
2934 4001 3036 4057 est,
3069 3990 3194 4047 vide
3222 4005 3354 4046 num
3380 3990 3521 4045 idem
3554 4003 3663 4043 non

2082 4081 2156 4138 sit
2177 4080 2389 4137 solvere
2418 4081 2870 4147 calceamentum,
2895 4097 2960 4139 ac
2987 4083 3346 4150 discaleeare;
3379 4096 3482 4137 nec
3518 4081 3664 4134 enim

2081 4174 2399 4232 discalceari
2435 4176 2697 4247 jubentur
2745 4173 2980 4245 Moyses,
3021 4174 3108 4230 vel
3146 4171 3332 4237 Josue,
3378 4187 3555 4242 neque
3596 4169 3665 4227 de

2083 4266 2375 4323 Servatore
2418 4269 2651 4339 loquens
2693 4264 2934 4322 Joannes
2977 4281 3112 4321 usus
3155 4272 3240 4320 est
3278 4277 3432 4329 voce,
3465 4261 3664 4317 discal-

405 4354 671 4411 λύσασθαι
698 4358 976 4413 κελεύεται
1001 4359 1264 4431 Μωῦσῆς,
1294 4358 1328 4432 ἢ
1366 4358 1594 4432 Ἰησοῦς,
1636 4358 1758 4411 οὐδὲ
1802 4357 1980 4413 Ἰωάν-

2081 4374 2260 4416 ceare.
2290 4357 2343 4415 Is
2370 4373 2502 4431 ergo
2524 4360 2618 4430 qui
2650 4359 2820 4430 legem
2850 4356 3022 4430 819
3048 4356 3215 4412 violat
3239 4369 3417 4425 neque
3435 4352 3663 4408 omnino

1597 4472 1833 4531 VETUS
1873 4473 2033 4528 INTE
2042 4472 2460 4531 RPRETATIO.

402 4602 607 4668 eorum
626 4603 747 4668 quae
771 4589 1027 4645 dicuntur
1054 4589 1107 4644 in
1137 4589 1263 4668 lege
1281 4590 1745 4668 su_mit__origmem
1782 4606 1796 4640 :
1829 4590 2020 4668 etideo
2048 4591 2248 4668 dicitur
2262 4591 2428 4645 immo
2456 4606 2799 4668 propinquus
2823 4592 3015 4668 nolens
3042 4592 3309 4648 suscitare
3333 4604 3533 4668 nomen
3553 4587 3664 4668 fra-

403 4672 504 4741 tris
526 4660 630 4741 sui,
658 4668 712 4741 et
736 4661 1001 4716 honorare
1031 4661 1412 4741 ιιοιιιιξιιιοείξιἑ
1439 4660 1553 4741 Hoc
1575 4660 1757 4741 autem
1786 4664 2160 4741 verbnm_cum
2186 4662 2256 4716 sit
2283 4676 2531 4741 pravum,
2560 4660 2815 4741 iLOtI'vult
2838 4665 3083 4733 accipere
3108 4677 3331 4718 uxorem
3351 4661 3534 4741 fratris
3550 4662 3658 4723 sui,

402 4730 454 4782 id
494 4730 844 4811 estanimam
867 4741 1089 4811 rectam.
1215 4730 1650 4811 fructificandum
1683 4739 1738 4785 et
1766 4733 2127 4811 reparandum
2157 4746 2354 4811 nomen
2393 4732 2543 4811 legis.
2579 4730 2803 4811 Propter
2826 4730 2971 4804 quod
3000 4734 3205 4811 _mulier
3238 4733 3328 4787 illa
3359 4745 3469 4785 non
3501 4730 3663 4784 dcor-

402 4814 521 4873 sunt
551 4808 657 4853 stat
680 4810 1019 4873 qu:e_parata
1047 4798 1148 4873 fuit
1177 4804 1444 4873 honorare
1471 4802 1648 4857 virum
1683 4798 1842 4855 suum
1877 4803 2135 4873 priorem.
2172 4802 2263 4855 sed
2301 4798 2547 4873 ascendit
2591 4804 2657 4855 ad
2688 4798 2945 4873 'porlam,
2982 4803 3048 4857 de
3077 4819 3185 4873 qua
3224 4803 3487 4873 scriptam
3509 4810 3614 4873 _es_t
3642 4819 3659 4855 :

408 4866 759 4951 _c‘l‘lzec‘porta
792 4866 1030 4951 pomini,
1056 4870 1191 4951 justi
1220 4872 1755 4951 intrabuntineam;
1796 4890 1813 4923 ι
1843 4866 1993 4951 eiuad
2024 4872 2274 4951 seniores
2288 4872 2525 4927 civitatis
2550 4866 2724 4951 illius;
2750 4875 2801 4928 id
2827 4866 3001 4951 estad
3033 4866 3378 4951 presbyteros
3397 4869 3656 4932 Ecclesia:

406 4938 518 5020 pet,
543 4938 621 5019 .et’
651 4940 936 5020 convincet
964 4938 1413 5020 _ntuli’eryerbnm
1460 4941 1591 4995 illud
1620 4955 1858 5020 _pravum
1882 4942 2103 5020 _dicens,
2132 4942 2276 5020 quod
2313 4959 2331 4992 ι
2375 4958 2481 5020 non
2526 4944 2641 4996 vult
2684 4944 2856 5020 frater
2877 4944 2977 4997 viri
3014 4938 3117 4995 moi
3152 4938 3420 5020 suscitare
3457 4954 3658 5020 nomen

403 5006 701 5092 fratriSOstti
730 5011 781 5063 in
816 5008 1018 5092 Israe|._
1040 5028 1058 5060 ι
1087 5008 1369 5092 ριιίηςιιίηι
1394 5006 1669 5092 contraria
1697 5012 1855 5066 docet
1882 5011 2007 5092 legi,
2033 5006 2288 5092 non-vult
2319 5012 2588 5092 suscitare
2623 5027 2808 5092 semen
2843 5013 2993 5083 legis.
3042 5014 3117 5092 ita
3143 5012 3385 5092 seniores
3404 5010 3659 5092 _civitalis

407 5076 564 5157 illius
593 5077 929 5157 interrOgant
968 5080 1144 5133 virum
1186 5081 1336 5157 illum
1355 5080 1515 5157 talem
1547 5082 1592 5137 si
1616 5096 1741 5157 vere
1764 5094 1871 5135 non
1912 5076 2060 5157 ιῖιιιι.Δ
2080 5082 2310 5147 Quando
2335 5082 2480 5157 enim
2515 5083 2824 5157 sacerdotes
2860 5076 3161 5136 discutiunt
3191 5081 3355 5157 verba
3385 5081 3656 5151 dogmatis

408 5144 846 5231 filicttjus..qua5i
881 5150 1218 5231 interrogant
1262 5151 1414 5205 illud.
1451 5149 1517 5231 Et
1543 5166 1679 5231 _cum
1717 5152 2020 5231 invenerint
2048 5144 2224 5231 ipsum
2257 5150 2403 5220 quod
2428 5150 2529 5223 legi
2559 5154 2832 5231 contraria
2868 5155 3177 5231 proﬁtetur,
3216 5151 3431 5231 videtur
3460 5144 3654 5221 dogma

405 5213 868 5302 senioribus
889 5213 1501 5302 darehresponsnmnct
1525 5220 1707 5276 dicere
1731 5222 1859 5302 quia
1890 5221 2015 5302 nolo
2045 5213 2293 5302 accipere
2322 5236 2441 5302 eam
2481 5213 2604 5290 quae
2644 5213 2932 5302 fuit_legis.
2971 5220 3108 5276 Cum
3144 5213 3272 5302 ergo
3305 5221 3395 5274 ille
3425 5213 3655 5301 respon-

403 5284 827 5369 deritnol‘lese,
860 5289 1070 5369 accedit
1091 5284 1323 5369 adeunt
1344 5292 1525 5369 anima
1551 5284 1763 5369 sancta,
1787 5301 1841 5346 et
1868 5292 1971 5347 sub
2001 5284 2284 5369 praesentia
2311 5284 2589 5369 seniorum
2623 5284 2898 5369 excalce'at
2921 5307 3051 5369 _eutn
3076 5284 3501 5369 calt-eamentum
3519 5284 3656 5369 _ejus

405 5368 597 5416 unum,
627 5364 682 5408 et
732 5359 1052 5431 ignotitiniat
1082 5375 1227 5431 eum.
1283 5359 1349 5415 Et
1386 5362 1525 5431 videi
1550 5362 1603 5414 in
1657 5362 1742 5431 his
1770 5377 1837 5416 ex
1866 5376 1933 5415 eo
1973 5359 2116 5431 quod
2151 5361 2277 5414 alibi
2310 5362 2690 5431 scriptumrcst
2725 5380 2738 5415 :
2780 5378 2799 5412 ι
2842 5360 3003 5415 Solve
3038 5362 3405 5417 calceamenta
3453 5359 3650 5424 pedum

403 5433 621 5505 tuorum
659 5442 678 5475 ι
712 5430 779 5480 ad
808 5427 1024 5499 Moysen
1060 5447 1074 5483 :
1100 5441 1154 5485 et
1179 5429 1373 5485 iterum
1407 5432 1459 5485 in
1490 5430 1779 5499 Evangt-lio
1809 5432 1941 5486 dic't
1976 5427 2042 5485 τ’(
2072 5430 2244 5500 anns
2272 5446 2378 5483 non
2404 5427 2525 5484 sum
2561 5430 2759 5501 dignus
2791 5446 2821 5483 e
2859 5446 2893 5484 o
2924 5432 3137 5486 solvere
3163 5431 3526 5486 calceatnenta
3558 5443 3653 5497 pe-

405 5493 531 5548 :lutn
560 5509 680 5554 elus
706 5508 720 5549 ι
753 5513 772 5547 ι
802 5514 869 5553 ne
897 5502 1034 5554 forte
1063 5517 1168 5554 non
1203 5501 1276 5554 sit
1310 5503 1411 5554 hoc
1437 5503 1612 5554 iosnm
1646 5501 1855 5554 solvere
1884 5501 2334 5554 calceamentum.
2357 5510 2411 5554 et
2436 5502 2765 5554 excalceare.
2797 5446 2907 5554 Ngec
2933 5502 3078 5554 enim
3099 5501 3412 5554 excalceare
3432 5499 3653 5554 iubetur

405 5493 531 5548 :lutn
560 5495 680 5564 ejus
706 5508 720 5549 ι
753 5513 772 5547 ι
802 5514 869 5553 ne
895 5493 1034 5554 forte
1063 5517 1168 5555 non
1203 5501 1276 5555 sit
1310 5503 1411 5557 hoc
1437 5503 1612 5571 ipsum
1641 5493 1855 5556 solvere
1884 5493 2334 5566 calceamentum,
2357 5510 2411 5554 et
2436 5493 2765 5557 excalcéare.

475 5636 519 5706 ’ξ
553 5635 698 5694 Psal.
747 5653 931 5706 unt,
965 5638 1021 5696 6.
1128 5641 1172 5673 “
1210 5641 1346 5695 Ibid.
1382 5642 1435 5694 7,

405 5707 448 5738 ⁸⁸
486 5705 620 5764 Luc.
657 5724 749 5771 ιιι,
804 5705 923 5763 16δ
970 5712 1013 5741 ³⁸
1033 5709 1201 5767 Marc.
1231 5727 1270 5776 ι,
1309 5712 1358 5765 7.

471 5823 586 5898 (6|)
624 5825 834 5895 Λόγου.
868 5825 1048 5880 Codex
1074 5825 1294 5896 Regius.
1327 5828 1512 5899 νόμου.

726 5921 998 5979 ΡΔἹἮΟΙ..
1044 5920 1161 5981 (in.
1214 5921 1380 5981 XIII.

1550 5641 1592 5671 ⁸⁸
1635 5639 1788 5695 Deut.
1830 5657 1960 5703 xxv,
2010 5640 2063 5694 7.

2845 5499 2907 5557 ec
2933 5502 3078 5557 enim
3099 5501 3412 5558 excalceare
3428 5499 3653 5571 jnbetur

2174 5642 2219 5672 ’⁸
2252 5638 2425 5698 Exod.
2470 5657 2568 5709 ιιι,
2602 5641 2678 5709 5;
2738 5639 2851 5699 Jos.
2884 5657 2937 5708 v,
2992 5641 3079 5698 l6.
3189 5640 3232 5673 "
3270 5638 3430 5697 Joan.
3476 5654 3517 5708 ι,
3554 5636 3648 5693 27.

3259 5915 3337 5973 50
