4110 6414
488 353 626 411 1579

1960 340 2281 399 οιιιιιεΝιε

3627 348 3763 405 I580

488 474 871 536 discaleeatur,
926 471 1128 541 neque'
1152 467 1394 524 calceatu
1445 466 1658 538 integro
1700 473 1949 529 ornatur,
1977 465 2068 519 sed

2177 480 2274 534 νης
2302 463 2434 535 περὶ
2474 462 2568 517 τοῦ
2594 463 2849 538 Σωτῆρος
2884 465 3138 537 ὠνόμασε
3169 462 3231 518 τδ
3265 461 3551 518 ὑπολῦσαι.
3593 460 3767 531 Οὗτος

484 576 782 634 utrumque
826 563 1049 620 dimidia
1077 577 1143 617 ex
1188 568 1344 631 parte
1384 558 1578 626 habet;
1610 567 1894 629 propterea
1931 571 2057 611 con-

488 662 630 715 victo
662 674 727 714 eo
749 671 933 712 coram
964 653 1274 709 senioribus
1299 650 1491 706 faciem
1517 650 1691 719 ipsius
1723 648 1917 705 mulier
1940 662 2071 702 con-

486 751 660 821 Ispuit;
711 747 1013 803 doctrinam
1063 744 1206 799 enim
1254 743 1458 797 liberos
1512 756 1618 795 non
1670 750 2067 810 procreantern,

484 856 659 911 neque
692 839 857 893 fetum
893 838 1110 892 dantem
1137 834 1318 890 omnis
1347 833 1526 889 anima
1562 833 1837 903 conspuit,
1866 846 2070 901 perque

483 929 654 999 ipsius
686 925 1115 983 confutationem
1146 923 1461 985 discalceat,
1487 923 1931 993 quotiescunque
1962 922 2069 976 im-

481 1020 653 1091 pingit
685 1034 748 1073 ac
777 1017 1013 1071 vacillat.
1052 1035 1071 1067 ι
1114 1013 1181 1068 Et
1212 1013 1546 1084 respondens
1577 1013 1653 1067 ait
1679 1031 1691 1066 :
1748 1011 1839 1067 Sic
1873 1009 2071 1066 facient

483 1111 689 1166 homini
733 1111 825 1181 qui
875 1124 982 1164 non
1029 1107 1264 1163 aedificat
1311 1107 1536 1162 domum
1586 1105 1780 1160 fratris
1825 1105 1909 1160 sui
1941 1106 2005 1157 ⁸ο.
2045 1123 2063 1156 ι

480 1202 717 1258 Rursum
749 1211 930 1257 autem
977 1201 1067 1256 hic
1095 1200 1347 1266 observa,
1388 1198 1856 1268 quemadmodum
1905 1198 2070 1251 homo

480 1295 782 1364 appellatus
824 1293 1039 1361 estqui
1088 1303 1298 1362 peceat,
1346 1291 1420 1345 ita
1465 1290 1558 1360 qui
1608 1291 1831 1345 domum
1884 1286 2069 1342 fratris

480 1388 566 1439 sui
598 1401 705 1439 non
745 1384 1000 1445 aedificat,
1042 1384 1322 1439 hominem
1373 1396 1520 1437 nunc
1550 1381 1749 1436 iterum
1784 1378 2066 1451 appellari.

479 1476 744 1546 Quisquis
774 1491 905 1546 ergo
938 1474 1214 1530 hominem
1246 1472 1520 1544 ejusmodi
1554 1488 1585 1527 a
1620 1472 1847 1527 muliere
1872 1471 2071 1527 discal-

481 1578 693 1623 ceatum
726 1577 777 1622 ct
823 1575 1153 1637 consputum
1196 1566 1414 1630 viderit,
1462 1565 1752 1636 ipsamque
1798 1565 2067 1620 dicentem

480 1662 743 1715 audiverit
770 1677 783 1713 :
819 1680 837 1711 ι
869 1660 959 1716 Sic
988 1660 1190 1715 facient
1216 1660 1427 1713 homini
1452 1660 1546 1730 qui
1570 1654 1685 1713 non
1714 1657 1948 1713 aedificat
1973 1656 2071 1712 do-

478 1769 628 1808 mum
663 1752 849 1807 fratris
871 1752 978 1817 sui,
1018 1772 1036 1804 ι
1082 1751 1267 1806 omnia
1310 1751 1379 1807 ad
1425 1750 1840 1807 aedificationem
1878 1747 2070 1805 fratris

477 1846 561 1898 sui
594 1856 742 1915 agat;
789 1844 895 1900 nisi
927 1844 1074 1899 enim
1106 1843 1461 1900 aedificaverit
1486 1841 1672 1898 fratris
1699 1842 1786 1898 sui
1812 1842 2063 1910 domum,

476 1938 649 1991 altero
684 1938 868 1993 calceo
897 1946 1151 2000 exuetur,
1192 1944 1249 1992 et
1288 1944 1643 2007 conspuetur,
1666 1944 1723 1991 et
1749 1934 2068 2007 quicunque

478 2031 603 2085 talis
636 2029 818 2093 fuerit,
854 2044 1054 2085 nomen
1086 2028 1261 2099 ipsius
1293 2027 1347 2083 in
1378 2028 1548 2084 Israel
1575 2028 1647 2084 ab
1678 2027 1935 2083 omnibus
1964 2027 2067 2081 ha-

478 2121 780 2178 bitantibus
815 2140 835 2173 ι
873 2122 1070 2176 domus
1093 2120 1412 2176 discalceati
1446 2139 1465 2172 ι
1496 2120 1860 2190 appellabitur
1888 2120 1956 2174 “.
1985 2119 2066 2174 Ad

478 2214 704 2267 alteram
742 2227 871 2268 vero
899 2211 1186 2283 praesentis
1231 2211 1464 2281 hujusce
1497 2210 1636 2282 legis
1667 2211 2066 2282 expositionem

480 2315 715 2361 mentem
759 2314 1169 2370 convertemus,
1213 2305 1434 2373 sintque
1466 2303 1686 2368 fratres,
1723 2305 1869 2377 leges
1910 2305 2066 2371 dirae;

476 2413 710 2468 quarum
756 2399 994 2469 priorem
1022 2398 1117 2469 qui
1152 2396 1412 2460 servavit,
1446 2394 1541 2452 Dei
1574 2397 1731 2452 exlex
1760 2412 1874 2452 non
1913 2406 2065 2463 erat;

475 2493 569 2561 qui
608 2499 788 2546 autem
831 2491 1194 2562 posteriorem
1246 2496 1453 2556 tuetur,
1483 2488 1693 2544 Christi
1728 2488 1923 2544 sublex
1960 2497 2065 2544 est.

475 2584 808 2639 Adveniente
831 2593 1012 2639 autem
1043 2582 1288 2647 Christo,
1325 2581 1567 2652 intellige
1602 2583 1844 2653 priorem
1871 2581 2067 2653 legem,

477 2677 839 2732 lnnnanarum
876 2677 1184 2731 animarum
1216 2677 1420 2739 virum,
1465 2674 1762 2741 interiisse,
1805 2673 2067 2743 quoniam

474 2772 628 2841 prius
680 2788 698 2822 ι
745 2784 857 2845 non
898 2769 1260 2840 glorificatum
1304 2777 1409 2833 est,
1453 2768 1600 2837 quod
1633 2767 1833 2823 claruit
1864 2766 1920 2821 in
1963 2767 2069 2822 hac

473 2871 627 2933 parte
653 2870 877 2933 propter
902 2861 1259 2919 excellentem
1299 2862 1532 2933 gloriam
1566 2862 1614 2891 ¹¹
1648 2879 1667 2913 ι
1722 2873 1831 2931 qua
1870 2859 2069 2931 praedi-

474 2966 588 3011 tum
638 2965 759 3012 erat
805 2955 1110 3026 posterius;
1157 2953 1431 3026 posterior
1476 2968 1673 3024 nempe
1719 2953 1805 3008 lex
1836 2952 2091 3030 Christi,

474 3065 597 3121 σμ’ῖὲ
631 3048 769 3118 legis
803 3048 1002 3119 prioris
1037 3062 1102 3102 ac
1144 3045 1398 3103 Mosaicte
1433 3044 1601 3101 frater
1633 3054 1737 3105 est.
1780 3044 2066 3116 ipsiusque

2172 551 2266 609 οὖν
2311 556 2340 608 6
2386 557 2724 628 παρανομῶν
2772 556 2897 612 οὔτε
2946 557 3006 623 ἐξ
3054 557 3192 611 ὅλων
3239 555 3586 619 ύπολέλυται.
3639 557 3767 612 οὔτε

2173 649 2348 720 πάντη
2372 650 2439 720 τῇ
2466 647 2718 703 ὑποδέσει
2747 647 3106 721 κεκόσμηται,
3132 648 3245 703 ἀλλ’
3276 647 3337 713 ἐξ
3358 648 3617 720 ἡμισείας
3642 649 3768 704 ἑκά-

2171 757 2328 812 τερον
2360 739 2473 810 ἔχει
2493 756 2504 766 ·
2545 739 2626 794 διὸ
2658 740 2893 811 ἐμπτύει
2929 741 3011 804 εἰς
3042 740 3103 793 τὸ
3139 739 3430 813 πρόσωπον
3461 739 3633 795 αὐτοῦ
3672 741 3767 796 καὶ

2174 831 2265 884 ἐπὶ
2283 831 2385 902 τῆς
2405 831 2696 904 γερουσίας
2716 830 2985 902 ὲλέγξασα
3016 832 3178 886 αὐτὸν
3199 833 3338 904 γυνή
3360 850 3374 863 ·
3397 833 3636 905 ἐμπτύει
3657 835 3770 907 γὰρ

2173 926 2321 977 πᾶσα
2352 922 2499 994 ψυχὴ
2527 922 2605 994 τῷ
2631 924 2691 977 οὐ
2724 923 3146 986 τεκνοποιοῦντι,
3180 921 3303 978 οὐδὲ
3326 925 3768 997 καρποφοροῦντι

2171 1014 2332 1083 λόγῳ,
2366 1014 2461 1068 καὶ
2493 1014 2579 1068 διὰ
2615 1014 2716 1085 τῆς
2753 1014 3070 1087 ἀνατροπῆς
3108 1014 3329 1069 ύπολύει
3375 1016 3541 1070 αὐτὸν
3586 1018 3646 1070 ὲν
3685 1012 3769 1082 οἷς

2174 1107 2386 1162 πταίειο
2429 1127 2448 1159 ‹
2501 1108 2608 1161 Καὶ
2649 1107 3013 1179 ἀποκριθεῖσα
3059 1108 3231 1178 λέγει,
3266 1109 3371 1174 ὅτι,
3409 1107 3572 1163 Οὕτω
3601 1112 3764 1183 ποιή-

2176 1218 2325 1256 σουσι
2357 1201 2435 1273 τῷ
2474 1201 2748 1276 ἀνθρώπῳ
2789 1202 2848 1265 ὃς
2886 1202 2985 1255 οὐκ
3032 1202 3309 1272 οἰκοδομεῖ
3353 1203 3445 1257 τὸν
3482 1198 3626 1258 οἷκον
3663 1204 3758 1257 τοῦ

2172 1295 2404 1365 ἀδελφοῦ
2449 1294 2637 1348 αὑτοῦ.
2683 1314 2701 1345 ι
2746 1293 2855 1348 Καὶ
2888 1295 3126 1366 πρόσχες
3170 1295 3334 1348 πάλιν
3384 1294 3640 1359 ἐνταῦθα,
3675 1297 3754 1350 ὅτι

2170 1387 2422 1459 δεύτερον
2447 1389 2481 1440 6
2500 1386 2574 1451 ὡς
2595 1386 2881 1459 ἄνθρωπος
2900 1386 3011 1458 (62)
3028 1387 3345 1459 ὠνόμασται
3365 1388 3459 1441 ἐπὶ
3473 1388 3571 1441 τοῦ
3590 1389 3760 1461 ἀμαρ-

2169 1478 2446 1542 τάνοντος,
2478 1478 2574 1532 νῦν
2604 1477 2649 1530 δ’
2695 1477 2798 1548 ἤδη
2824 1474 2917 1531 καὶ
2950 1479 3026 1549 μὴ
3059 1477 3467 1549 οἰκοδομοῦντος
3493 1479 3588 1532 τὸν
3618 1475 3762 1533 οἷκον

2170 1572 2264 1627 τοῦ
2296 1572 2526 1641 ἀδελφοῦ
2555 1570 2739 1626 αὑτοῦ.
2772 1572 2889 1635 Πᾶς
2916 1567 3009 1625 οὖν
3038 1574 3067 1625 6
3101 1570 3315 1641 βλέπων
3334 1570 3526 1625 τοῦτον
3553 1572 3646 1627 τὸν
3674 1573 3766 1627 ἀν-

2172 1666 2389 1737 θρωπον
2417 1664 2781 1738 ὑπολυόμενον
2806 1664 2914 1718 ἀπὸ
2940 1662 3219 1732 γυναικδς,
3242 1664 3337 1717 καὶ
3354 1664 3763 1735 ἑμπτυόμενον,

2173 1758 2266 1812 καὶ
2299 1757 2511 1813 ἀκούων
2543 1758 2713 1826 αὐτῆς
2755 1756 3020 1826 λεγούσης
3040 1773 3071 1835 ’κ
3110 1776 3128 1808 ‹
3161 1756 3320 1811 Οὕτω
3362 1757 3653 1829 ποιήσουσι
3687 1756 3767 1828 τῷ

2171 1849 2464 1924 ἀνθρώπῳ,
2506 1850 2566 1914 ὃς
2610 1851 2711 1905 οὐκ
2756 1849 3031 1920 οἰκοδομεῖ
3071 1848 3164 1904 τὸν
3196 1844 3347 1903 οἷκον
3392 1848 3488 1903 τοῦ
3530 1848 3764 1920 ἀδελφοῦ

2168 1940 2355 2009 αὑτοῦ,
2393 1962 2412 1994 ι
2438 1943 2617 1999 πάντα
2650 1941 2788 2014 πρὸς
2816 1940 3104 2012 οἰκοδομὴν
3132 1940 3222 1994 τοῦ
3252 1939 3482 2011 ἀδελφοῦ
3506 1942 3761 1996 ποιείτω·

2168 2037 2218 2089 εί
2239 2035 2349 2108 γὰρ
2387 2036 2463 2107 μὴ
2492 2034 2845 2106 οἰκοδομῆσαι
2876 2035 2969 2088 τὸν
2995 2030 3147 2089 οἷκον
3180 2033 3276 2089 τοῦ
3303 2034 3538 2106 ἀδελφοῦ
3571 2035 3763 2100 αὑτοῦ,

2170 2125 2573 2197 ὕπολυθήσεται
2616 2125 2679 2179 τὸ
2724 2123 2784 2179 ἒν
2828 2125 3106 2196 ὑπόδημα,
3152 2125 3247 2180 καὶ
3292 2124 3760 2198 ἐμπτυσθήσεται,

2168 2216 2348 2271 καὶτὸ
2387 2216 2561 2289 ὄνομα
2602 2217 2805 2281 παντὸς
2847 2216 2942 2271 τοῦ
2982 2216 3226 2271 τοιούτου
3264 2219 3324 2271 ὲν
3363 2216 3580 2290 Ἰσραὴλ
3610 2218 3765 2288 παρά

2168 2312 2282 2374 τοῖς
2315 2309 2484 2381 ὁρῶσι
2531 2308 2866 2382 κληθήσεται
2910 2327 2929 2361 ι
2967 2306 3114 2374 οἶκος
3160 2307 3257 2363 τοῦ
3298 2308 3658 2374 ὑπολυθέντος
3701 2310 3766 2363 τὸ

2170 2402 2440 2473 ὑπόδημα.
2478 2421 2498 2453 ι
2531 2402 2761 2472 Ἰδωμεν
2792 2400 2850 2455 δὲ
2878 2401 2973 2456 καὶ
3001 2401 3261 2475 δευτέραν
3282 2403 3363 2467 είς
3382 2402 3476 2457 τὸν
3504 2402 3763 2476 ἐκκείμε-

2168 2512 2258 2550 νον
2289 2494 2453 2567 νόμον
2486 2493 2600 2567 (65)
2632 2494 2909 2567 διήγησιν,
2939 2495 3032 2549 καὶ
3058 2493 3304 2549 ἔστωσαν
3325 2494 3422 2549 δύο
3440 2494 3596 2566 νόμοι
3616 2495 3765 2549 ἀδελ-

2170 2587 2291 2657 φοί·
2329 2587 2452 2663 καθ’
2496 2585 2593 2652 οὓς
2619 2588 2648 2642 6
2691 2587 2791 2657 μὲν
2828 2591 3078 2660 τηρήσας
3108 2587 3201 2641 τὸν
3241 2587 3508 2660 πρότερον
3548 2588 3650 2641 οὐκ
3692 2581 3764 2658 ἧν

2169 2678 2370 2747 ἄνομος
2399 2675 2536 2730 Θεοῦ
2555 2692 2571 2710 ο
2601 2678 2631 2730 6
2656 2676 2715 2730 δὲ
2737 2676 2830 2730 τὸν
2853 2676 3106 2749 δεύτερον
3129 2677 3420 2747 φυλάσσων
3434 2677 3594 2744 ,ἐστὶν
3615 2676 3764 2731 two—

2173 2785 2272 2841 μος
2305 2767 2566 2841 Χριστοῦ.
2609 2770 2720 2823 Καὶ
2761 2768 2874 2824 νόει
2924 2787 3017 2841 μοι
3059 2768 3206 2824 κατὰ
3245 2769 3345 2842 τὴν
3385 2770 3625 2843 Χριστοῦ
3659 2788 3764 2825 πα-

2174 2859 2397 2933 ρουσίαν
2437 2858 2761 2932 τεθνηκέναι
2801 2860 2892 2914 τδν
2946 2860 3212 2933 πρότερον
3251 2862 3435 2933 νόμον,
3470 2862 3762 2935 ἄνθρωπον

2168 2950 2268 3022 τῆς
2300 2950 2409 3004 τῶν
2447 2949 2752 3024 ἀνθρώπων
2780 2951 2981 3023 ψυχῆς,
3017 2951 3141 3005 ἐπεὶ
3175 2970 3197 3004 ε
3236 2952 3312 3024 μὴ
3350 2952 3668 3020 δεδόξασται
3702 2954 3765 3009 τὸ

2167 3039 2554 3113 δεδοξασμένον
2599 3043 2659 3095 ὲν
2702 3041 2878 3113 τούτῳ
2925 3041 3004 3112 τῷ
3047 3041 3204 3116 μέρει
3250 3043 3519 3117 πρότερον
3572 3045 3766 3101 ἕνεκεν

476 3143 621 3196 filius
653 3138 917 3205 Verbum,
950 3139 1095 3210 quod
1124 3147 1178 3195 et
1205 3138 1445 3209 priorem
1477 3137 1684 3209 genuit.
1710 3137 1849 3192 Cum
1882 3144 2064 3192 autem

2169 3132 2269 3203 τῆς
2314 3131 2759 3205 ὑπερϐαλλούσης
2793 3132 2953 3205 δόξης
2989 3150 3009 3186 ι
3046 3134 3147 3205 τῆς
3191 3132 3335 3190 κατὰ
3369 3135 3432 3190 τὸ
3471 3135 3759 3210 δεύτερον

475 3233 641 3289 simul
668 3231 976 3286 habitarent
1005 3231 1115 3286 duo
1146 3231 1202 3285 bi
1236 3229 1453 3294 fratres,
1485 3240 1725 3300 tempore
1761 3228 2065 3300 praesertim

476 3329 765 3390 adventus,
795 3324 931 3379 alter
955 3339 1144 3379 eorum
1173 3323 1329 3388 obiit,
1375 3338 1552 3392 neque
1597 3335 1784 3377 semen
1811 3331 1934 3376 erat
1964 3320 2065 3385 illi,

474 3419 566 3475 sed
595 3416 837 3473 defuncti
878 3430 1037 3479 uxor,
1063 3415 1280 3472 subdita
1324 3428 1523 3484 nempe
1564 3413 1667 3483 legi
1699 3411 1904 3477 anima,
1942 3421 2071 3482 post

474 3505 673 3576 prioris
697 3505 797 3560 viri
843 3515 1096 3570 mortem,
1126 3505 1192 3559 ad
1236 3511 1561 3559 extraneum
1606 3504 1787 3557 virum
1829 3517 1930 3557 nec
1961 3502 2067 3557 sibi

475 3600 840 3671 propinquum
875 3615 981 3653 non
1015 3598 1241 3665 transit;
1273 3597 1358 3652 vir
1380 3598 1527 3652 enim
1556 3596 1668 3662 ille,
1693 3599 1777 3652 lex
1802 3596 2060 3651 nimirum

472 3689 772 3760 Evangelii,
823 3698 1011 3760 utpote
1045 3689 1317 3744 demortui
1352 3689 1453 3743 viri
1504 3689 1692 3754 frater,
1739 3687 1907 3759 priori
1956 3687 2062 3758 legi

474 3784 733 3838 affinitate
764 3782 1095 3853 conjunctus
1129 3790 1236 3847 est,
1264 3791 1317 3836 et
1347 3782 1557 3837 accedit
1598 3782 1665 3837 ad
1701 3780 1885 3836 fratris
1922 3794 2062 3836 uxo-

475 3893 611 3930 rem.
650 3877 825 3943 Pauli,
857 3875 1090 3946 exempli
1124 3877 1317 3947 gratia,
1349 3876 1588 3930 animam
1620 3875 1725 3945 legi
1757 3874 2060 3945 subjectum

475 3969 784 4031 considera,
833 3980 994 4036 atque
1024 3967 1201 4038 ipsum
1237 3967 1431 4040 deinde
1465 3966 1756 4038 Evangelia
1783 3966 2060 4021 subditum

474 4068 693 4131 propter
726 4059 1030 4121 Christum,
1083 4057 1175 4127 qui
1210 4057 1390 4128 ipsum
1444 4073 1474 4112 a
1523 4058 1641 4127 lege
1682 4055 1950 4111 redemit:
1998 4071 2063 4112 ac

473 4153 597 4208 vide
628 4166 809 4206 annon
841 4151 1039 4205 animo:
1066 4148 1223 4204 Pauli
1258 4150 1343 4203 vir
1376 4149 1593 4213 obicrit,
1639 4157 1694 4203 et
1724 4158 1942 4204 mortuo
1975 4157 2062 4204 ta-

474 4262 599 4300 men
631 4261 698 4301 co
732 4242 971 4300 defuncti
1006 4257 1144 4298 uxor
1174 4241 1324 4298 foras
1353 4257 1461 4298 non
1493 4242 1637 4308 ierit,
1664 4249 1727 4297 ut
1751 4242 1920 4314 820
1952 4244 2063 4298 bte-

476 4336 660 4392 reticis
687 4349 1008 4404 persuasum
1042 4343 1146 4402 est,
1178 4348 1357 4405 neque
1383 4332 1501 4390 viro
1528 4332 1633 4390 sibi
1660 4332 1885 4389 minime
1914 4333 2059 4388 affini

2169 3222 2421 3294 δεύτερον
2442 3222 2500 3277 δὲ
2522 3222 2687 3295 νόμον
2696 3221 2807 3298 ,τοῦ
2830 3223 3093 3297 Χριστοῦ,
3117 3222 3346 3295 ἀδελφὺν
3361 3225 3490 3280 ὄντα
3518 3225 3614 3281 τοῦ
3635 3245 3764 3300 προ-

2168 3314 2329 3386 τέρου
2370 3313 2585 3369 καὶιδυά
2617 3316 2920 3381 Μωῦσέως,
2953 3317 3048 3371 καὶ
3077 3318 3193 3373 υἱὸν
3229 3318 3327 3372 τοῦ
3361 3318 3529 3373 αὑτοῦ
3564 3317 3761 3390 Λόγον,

2166 3406 2227 3470 ὃς
2248 3406 2455 3460 καὶτὸν
2482 3406 2748 3478 πρότερον
2768 3406 3046 3481 ἐγέννησε.
3077 3408 3493 3464 Κατοικούντων
3519 3406 3611 3465 οὖν
3639 3411 3762 3465 τού-

2170 3518 2274 3555 των
2306 3499 2415 3554 τῶν
2461 3499 2556 3556 δύο
2598 3500 2845 3571 ἀδελφῶν
2888 3502 2983 3555 ἐπὶ
3025 3502 3087 3557 τὸ
3131 3502 3284 3568 αὐτὸ,
3336 3502 3575 3575 μάλιστα
3616 3501 3763 3557 κατὰ

2168 3592 2266 3664 τὴν
2294 3592 2617 3665 παρουσίαν,
2650 3592 2924 3669 ἀπέθανεν
2950 3596 2979 3648 6
3001 3588 3083 3658 εἷς
3110 3592 3172 3660 ἐξ
3201 3594 3407 3659 αὐτῶν,
3434 3597 3531 3650 καὶ
3563 3595 3663 3648 οὐκ
3690 3589 3762 3666 ἦν

2170 3683 2319 3757 αὐτῷ
2352 3685 2593 3758 σπέρμα,
2624 3685 2760 3741 ἀλλά
2793 3687 2826 3758 ή
2852 3674 2992 3758 γυνὴ
3014 3686 3108 3741 τοῦ
3142 3686 3466 3759 τεθνηκότος
3501 3686 3640 3760 μετά
3665 3687 3763 3742 τὸν

2170 3776 2399 3834 θάνατον
2436 3778 2529 3832 τοῦ
2554 3778 2823 3852 προτέρου
2853 3780 3065 3853 ἀνδρὸς,
3103 3781 3136 3851 ἡ
3171 3779 3279 3834 ὑπὸ
3301 3780 3465 3852 νόμον
3501 3779 3669 3852 ψυχὴ,
3697 3781 3762 3833 ού

2168 3871 2378 3940 γίνεται
2420 3870 2525 3938 ἔξω
2558 3870 2713 3945 ἀνδρὶ
2759 3869 2836 3942 μὴ
2868 3870 3168 3941 ἐγγίζοντι·
3214 3866 3422 3941 ἐγγίζει
3457 3869 3567 3942 γὰρ
3595 3870 3760 3942 ἀνὴρ,

2165 3969 2194 4021 6
2226 3965 2319 4019 τοῦ
2362 3964 2693 4035 Εὑαγγελίου
2723 3965 2905 4036 νόμος,
2944 3965 3020 4029 ὡς
3050 3963 3279 4034 ἀδελφὸς
3311 3962 3407 4018 τοῦ
3452 3964 3645 4037 ἀνδρὸς
3680 3983 3762 4019 τε·

2168 4058 2448 4132 θνηκότος,
2483 4057 2560 4129 τῷ
2603 4057 2856 4130 προτέρῳ
2902 4058 3072 4129 νόμῳ,
3123 4059 3219 4112 καὶ
3268 4058 3577 4130 εἰσέρχεται
3623 4060 3763 4132 πρὸς
3866 4112 3871 4121 .

2168 4153 2268 4226 τὴν
2303 4154 2532 4220 γυναῖκα
2561 4150 2657 4204 τοῦ
2689 4149 2952 4221 ἀδελφοῦ·
2984 4145 3119 4215 οἷον,
3154 4151 3230 4216 ὡς
3261 4152 3355 4205 ἐπὶ
3383 4152 3765 4226 παραδείγμα-

2167 4258 2279 4304 τος,
2315 4239 2392 4296 ίδέ
2425 4261 2516 4314 μοι
2550 4245 2648 4314 τὴν
2679 4242 2892 4297 Παύλου
2929 4242 3110 4315 ψυχὴν
3143 4244 3250 4298 ὑπὸ
3287 4244 3474 4315 νόμον,
3512 4240 3635 4298 εἶτα
3673 4244 3760 4298 διὰ

2166 4334 2400 4405 Χριστὸν
2435 4334 2845 4407 ὲξαγοράσαντα
2869 4336 3032 4389 αὐτὸν
3054 4336 3164 4415 ἀπὸ
3190 4334 3286 4390 τοῦ
3315 4337 3505 4409 νόμου,
3541 4337 3764 4408 γενόμε-

476 4426 763 4496 conjuncta
790 4426 900 4480 sit:
937 4424 1103 4481 frater
1127 4424 1272 4481 enim
1296 4424 1396 4480 viri
1420 4424 1540 4496 ejus
1568 4424 1634 4480 ad
1661 4438 1784 4480 eam
1807 4424 2058 4489 accessit,

2169 4441 2256 4479 νον
2298 4425 2405 4479 ὑπὸ
2446 4426 2508 4479 τὸ
2546 4427 2875 4496 Εὑαγγέλιον
2897 4445 2911 4460 ·
2950 4430 3044 4482 καὶ
3088 4429 3190 4499 ὅρα
3222 4430 3273 4482 εί
3314 4428 3391 4502 μὴ
3424 4429 3694 4484 ἀπέθανεν
3732 4429 3763 4480 6

1648 4540 1880 4597 VETUS
1915 4540 2497 4600 lNTERPRETATiO.
2664 4525 2667 4529 ’

478 4662 714 4736 Moyses,
747 4678 847 4736 nec
876 4660 1118 4736 Joannes
1160 4662 1227 4717 de
1267 4661 1550 4736 salvatore
1584 4661 1834 4736 loquens,
1871 4661 2185 4719 excalceare
2209 4664 2366 4729 dixit,
2401 4664 2493 4719 sed
2524 4683 2543 4716 ι
2578 4664 2808 4736 solvere.
2846 4683 2863 4717 ι
2897 4663 3002 4720 lste
3028 4672 3210 4719 autem
3241 4665 3334 4735 qui
3364 4676 3552 4721 contra
3589 4666 3760 4736 legem

477 4733 609 4803 agit,
640 4734 1004 4789 excalceatur.
1041 4733 1214 4788 Omne
1249 4733 1393 4788 enim
1427 4734 1627 4805 dogma
1653 4733 1911 4805 quoniam
1947 4748 2014 4786 ex
2053 4736 2345 4805 occasione
2379 4736 2627 4791 veritatis
2658 4734 3068 4805 Scripturarum
3119 4733 3399 4801 nascitur,
3442 4733 3762 4804 plerumque

480 4807 535 4859 in
567 4805 749 4875 aliqua
778 4805 998 4875 quidem
1032 4813 1195 4876 parte;
1220 4818 1408 4876 verum
1436 4803 1588 4869 dicit,
1618 4803 1671 4857 in
1707 4803 2020 4876 alia_autem
2056 4803 2283 4862 falsum.
2314 4804 2370 4858 ln
2396 4821 2506 4876 qua
2533 4821 2663 4876 ergo
2690 4803 2846 4876 parte
2877 4806 3073 4860 falsum
3105 4806 3256 4876 dicit,
3298 4806 3353 4860 in
3385 4803 3456 4861 ea
3484 4815 3636 4875 parte
3667 4803 3760 4859 ar-

479 4873 686 4943 guitur,
719 4885 774 4930 et
797 4873 1115 4931 convictum
1149 4874 1217 4929 ab
1246 4873 1428 4928 anima
1466 4880 1657 4928 sancta
1684 4873 2030 4946 excalceatur
2053 4890 2083 4929 a
2110 4876 2292 4931 colore
2317 4873 2634 4932 verisimilis
2657 4873 2861 4932 erroris
2905 4876 3012 4944 sui,
3042 4877 3188 4946 quod
3220 4875 3399 4932 fuerat
3432 4873 3757 4938 calceatum.

480 4946 549 5000 Et
588 4947 709 5000 ideo
752 4946 932 5018 omnis
967 4946 1368 5018 bmresiarchus
1402 4958 1584 5018 sermo
1617 4958 1717 4999 nec
1747 4943 1814 4999 ad
1840 4945 2433 5018 plenumcxcalceatus
2471 4955 2575 5018 est,
2604 4963 2704 5003 nec
2727 4948 2794 5002 ad
2824 4947 3044 5018 plenum
3063 4943 3474 5018 ‘calceamentis
3501 4952 3760 5018 ornatus.

480 5018 707 5086 1’r0pter
748 5017 893 5087 quod
920 5018 1139 5087 exspuit
1168 5016 1222 5070 in
1259 5013 1451 5083 faciem
1483 5015 1603 5087 ejus
1647 5029 1831 5087 coram
1864 5017 2173 5087 senioribus
2201 5017 2400 5087 mulier
2428 5017 2521 5072 illa
2566 5013 2962 5073 abrenuntiatis
2992 5032 3140 5072 eum.
3175 5017 3455 5087 Exspuer_e
3485 5015 3634 5069 enim
3678 5015 3762 5087 vi-

479 5084 641 5147 detur
673 5088 727 5140 in
761 5084 971 5159 faciem
1017 5084 1289 5159 dogmatis
1333 5086 1553 5159 erratici
1602 5084 1783 5139 omnis
1813 5085 1997 5140 anima
2033 5087 2088 5139 in
2129 5102 2195 5141 co
2229 5086 2378 5159 quod
2410 5090 2760 5143 abrenuntiat
2809 5089 3010 5159 ipsum,
3048 5098 3101 5142 et
3135 5084 3374 5159 abdicat;
3405 5084 3471 5139 Et
3497 5100 3627 5141 vere
3645 5086 3765 5159 nisi

480 5157 949 5213 alu‘enuntiavcrit
973 5155 1155 5212 anima
1198 5171 1361 5211 omne
1386 5157 1580 5227 dogma
1616 5169 1955 5227 perversum,
1977 5171 2106 5227 non
2146 5155 2325 5227 potest
2352 5155 2578 5212 firmiter
2606 5161 2774 5214 verbo
2803 5155 3009 5214 nubere
3037 5161 3298 5215 veritatis.
3335 5156 3403 5212 Et
3424 5156 3765 5227 respondens

480 5230 629 5311 dicet
660 5247 673 5283 :
715 5247 733 5279 ι
768 5227 867 5310 ,510
906 5227 1107 5311 facient
1150 5227 1395 5311 homini,
1426 5224 1519 5308 qui
1555 5225 1932 5311 nonlgedificat
1958 5224 2183 5311 domum
2215 5226 2546 5311 (fratrissui.
2581 5247 2599 5279 ›
2637 5230 2829 5311 omnis
2856 5246 2987 5311 ergo
3014 5231 3109 5311 qui
3136 5230 3281 5285 videt
3308 5231 3456 5311 hunc
3485 5224 3760 5311 hominem

479 5299 781 5353 excalceari
819 5315 850 5353 a
877 5300 1124 5362 muliere,
1167 5308 1221 5352 et
1255 5297 1469 5368 exspui,
1518 5308 1570 5351 et
1593 5297 1783 5368 audire
1809 5296 2077 5368 dicentem
2110 5314 2124 5352 :
2158 5316 2175 5347 ι
2215 5296 2307 5353 Sic
2333 5296 2534 5354 facient
2558 5301 2706 5355 omni
2740 5296 2947 5355 homini
2978 5296 3071 5368 qui
3113 5316 3220 5356 non
3276 5300 3508 5355 aedificat
3538 5297 3760 5368 domum

481 5372 666 5425 fratris
708 5371 828 5434 sui,
885 5389 903 5420 ι
940 5370 1124 5424 omnia
1155 5369 1220 5422 a=l
1267 5367 1680 5422 aedificationem
1712 5365 1896 5421 fratris
1921 5366 2100 5421 facere
2125 5369 2303 5424 debet.
2348 5368 2405 5423 Si
2434 5379 2614 5425 autem
2652 5387 2759 5425 non
2803 5365 3155 5425 aedificaverit
3195 5370 3424 5429 domum
3461 5368 3646 5424 fratris
3677 5367 3762 5423 sui

480 5442 637 5510 legis,
663 5440 1071 5495 excalccabitur
1114 5439 1364 5495 similiter
1386 5455 1555 5493 unum
1579 5438 2032 5510 calceamentum,
2067 5447 2121 5493 et
2144 5448 2461 5509 exspuetur,
2488 5451 2544 5496 et
2567 5456 2767 5496 nomen
2802 5441 2923 5510 ejus
2956 5441 3241 5495 vocabitur
3268 5442 3322 5494 in
3355 5439 3521 5497 Israel
3544 5437 3614 5494 ab
3639 5453 3765 5493 om-

410 5580 411 5585 η
482 5508 642 5567 nibus
672 5511 981 5566 videntibus
1005 5525 1152 5574 eum,
1193 5528 1211 5559 ‹
1261 5510 1458 5563 (toruus
1501 5508 1795 5563 excalceati
1831 5508 2279 5564 calce-amentum.
2323 5530 2340 5564 ι
2373 5511 2644 5578 Quoniam
2691 5508 2874 5567 autem
2920 5511 3116 5566 animm
3147 5514 3227 5568 vir
3256 5512 3408 5582 prior
3439 5509 3545 5567 fuit
3581 5523 3768 5566 sermo

553 5635 601 5665 ὀ
643 5632 860 5688 Denter.
911 5649 1038 5700 xxv,
1083 5632 1138 5687 9.
1215 5634 1259 5664 ἰ
1304 5631 1437 5685 lhid.
1488 5631 1573 5685 10.
1649 5631 1695 5663 ²²
1736 5628 1774 5683 ll
1809 5630 1935 5684 Cor.
1966 5645 2044 5694 Ill,
2078 5629 2163 5685 10.

554 5728 664 5803 (Cit)
714 5730 788 5803 it}
821 5728 901 5794 ὡς
945 5728 1274 5803 (ξπθρωτξος.
1332 5727 1602 5803 Particulo
1654 5731 1682 5781 6
1725 5727 1813 5783 hic
1866 5728 2068 5799 παρέλκ

2176 5740 2229 5785 et
2269 5732 2625 5803 expuugenda
2654 5737 2758 5785 est.
2784 5727 3051 5783 Hus'mzs.

555 5797 664 5868 ftis)
705 5799 922 5866 Νόμων.
951 5798 1132 5853 Codex
1163 5797 1384 5869 Regius,
1416 5801 1595 5852 τόπον.
