4110 6408
417 373 546 429 εδει

1336 364 1689 422 ΕΟΜΜΕΝΤ.
1729 347 1797 420 ἸΝ
1839 362 2254 420 MATTll/EUM
2291 364 2528 422 TOMUS
2566 365 2728 420 XVII.

3543 375 3679 428 1Σίὃῖ

414 492 552 562 ἀνὴρ
585 489 684 560 τῆς
718 487 928 541 Παύλου
960 485 1155 555 ψυχῆς,
1193 486 1284 537 καὶ
1327 487 1478 540 οὐδὲν
1507 483 1667 558 ἦττον
1699 485 1990 540 ἀποθανόν-

2094 484 2194 538 sibi
2223 501 2443 539 uxorem
2478 486 2800 555 assumpsit.
2845 500 2968 540 cum
3002 500 3176 557 eaque
3208 488 3490 556 habitavit,
3527 501 3582 546 et
3607 509 3673 545 ev

413 598 503 644 τος
530 580 759 640 ἐκείνου,
788 579 922 648 γυνὴ
960 581 1052 630 τοῦ
1086 576 1406 653 τεθνηκότος
1429 577 1488 629 ού
1512 577 1732 645 γέγονεν
1759 576 1883 640 ἔξω,
1919 577 1994 639 ὼς

413 673 614 726 οἴονται
643 673 693 724 οἱ
724 671 830 725 ἀπὸ
857 670 965 722 τῶν
985 668 1245 740 αἱρέσεων
1267 668 1398 737 (ϐό),
1429 668 1548 721 οὐδὲ
1569 668 1720 739 ἀνδρὶ
1751 669 1823 738 μὴ
1847 668 1996 736 ὲγγίο

414 763 562 828 ζοντι
581 780 594 794 ·
625 763 654 816 6
686 761 794 834 γὰρ
824 760 1052 830 ἀδελφὸς
1083 759 1175 812 τοῦ
1209 759 1400 830 ἀνδρὸς
1421 760 1592 830 αὐτῆς
1615 760 1827 830 εἰσῆλθε
1859 761 1996 832 πρὸς

415 852 606 924 αὐτὴν,
637 853 731 905 καὶ
759 849 946 903 ἐλαϐεν
974 848 1142 917 αὐτὴν
1169 847 1346 918 ἐαυτῷ
1365 850 1444 913 είς
1470 852 1718 917 γυναῖκα,
1749 851 1842 903 καὶ
1873 866 1994 902 συν-

415 945 630 1017 ῴκησεν
654 945 813 1015 αὐτῇ,
842 945 936 996 καὶ
958 943 1182 1010 γέγονεν
1201 943 1228 994 ό
1259 942 1488 1012 καρπὸς,
1521 943 1615 997 καὶ
1643 943 1706 996 τὸ
1724 942 1990 1014 γέννημα,

416 1039 508 1091 καὶ
539 1037 600 1090 τὸ
638 1035 866 1097 παιδίον,
901 1036 995 1088 καὶ
1036 1035 1096 1088 τὸ
1139 1034 1325 1104 τεχθὲν
1356 1033 1466 1104 (65)
1499 1037 1563 1088 ὲκ
1602 1035 1695 1089 τοῦ
1731 1037 1993 1107 ὀνόματος

413 1128 506 1180 τοῦ
539 1127 1015 1196 τετελευτηκότοςο
1061 1125 1204 1178 κατὰ
1234 1124 1343 1198 γὰρ
1378 1125 1468 1178 τὸν
1503 1127 1871 1196 πνευματικὸν
1911 1127 1994 1180 νό-

418 1233 515 1287 μον
552 1217 614 1270 τὸ
641 1216 969 1286 Εύαγγέλιον
997 1214 1251 1286 ὀνομάζει
1291 1215 1488 1279 πάντα,
1523 1216 1616 1270 καὶ
1659 1217 1757 1269 οὐκ
1789 1216 1994 1286 ἐξήλει-

413 1325 544 1362 πται
569 1311 630 1362 τὸ
657 1310 827 1380 ὄνομα
847 1309 940 1363 τοῦ
967 1309 1412 1379 τετελευτηκότος
1441 1311 1529 1363 ὅτε
1560 1309 1814 1382 ἐλήλυθεν
1841 1313 1868 1364 ὁ
1902 1313 1991 1364 νό-

417 1420 516 1473 μος
546 1401 640 1455 τοῦ
669 1402 1031 1471 Εὑαγγελίου·
1065 1403 1214 1475 παρά
1243 1403 1353 1476 γὰρ
1391 1403 1470 1474 τῷ
1495 1403 1734 1474 ἀληθινῷ
1780 1404 1994 1476 Ἰσραὴλ

410 1497 656 1564 τηρεῖται
703 1495 797 1547 καὶ
839 1494 899 1548 τὸ
943 1495 1114 1565 ὄνομα
1158 1493 1252 1550 τοῦ
1281 1496 1567 1568 προτέρου.
1616 1496 1712 1560 Τίς
1751 1497 1808 1549 δὲ
1856 1499 1992 1568 μετά

413 1588 585 1640 ταῦτα
615 1590 643 1641 6
672 1587 744 1658 μὴ
773 1587 1091 1658 βουλόμενος
1121 1587 1405 1660 ἄνθρωπος
1429 1589 1616 1642 λαϐεῖν
1640 1589 1738 1661 τὴν
1759 1594 1993 1659 γυναῖκα

411 1675 506 1729 τοῦ
541 1676 770 1746 ἀδελφοῦ
798 1675 1072 1749 έαυτοῦ,ἥ
1111 1680 1139 1731 6
1174 1680 1232 1730 ἐν
1275 1681 1394 1742 ταῖς
1422 1679 1665 1750 αἱρέσεσι
1694 1679 1868 1749 λόγος,
1916 1683 1990 1752 μὴ

412 1769 733 1840 βουλόμενος
753 1770 852 1843 τὴν
876 1771 1188 1842 τιμήσασαν
1208 1770 1384 1843 ψυχὴν
1406 1771 1497 1826 τδν
1519 1773 1782 1846 πρότερον
1801 1774 1988 1844 ἄνδρα,

2101 575 2321 630 nomine
2350 573 2614 638 defuncti,
2659 575 2893 642 fructus,
2940 591 3010 632 ac
3041 577 3240 646 proles,
3275 587 3439 650 atque
3472 579 3674 646 infans,

2096 673 2150 718 ct
2187 664 2325 720 fetus
2351 667 2554 721 exstitit
2582 686 2594 720 :
2625 683 2751 721 nam
2779 667 2933 739 juxta
2962 669 3296 738 spiritualem
3338 671 3508 740 legem
3557 688 3676 728 om-

2098 757 2188 810 nia
2220 759 2466 812 nominat
2493 757 2866 828 Evangelium,
2893 774 2994 814 nec
3024 771 3310 829 postquam
3351 762 3569 818 advenit
3591 764 3672 818 lrx

2097 847 2394 920 Evangelii,
2427 851 2670 905 defuncti
2701 866 2898 906 nomen
2927 852 3274 910 obliteratum
3312 864 3429 919 est;
3462 856 3515 910 in
3551 875 3677 912 vero

2097 944 2338 998 scdenim
2392 945 2574 1009 Israel,
2630 948 2830 1014 prioris
2876 963 3071 1002 nomen
3129 959 3398 1003 servatur.
3441 949 3674 1016 Quinam

2097 1045 2276 1090 autem
2305 1046 2488 1106 postea
2519 1037 2683 1090 homo
2711 1037 2800 1093 ille
2830 1045 2912 1095 est
2943 1038 3126 1094 fratris
3149 1041 3230 1095 sui
3265 1056 3490 1096 uxorem
3515 1058 3676 1096 assu-

2097 1142 2244 1180 mere
2293 1129 2503 1192 nolens,
2545 1127 2648 1181 nisi
2689 1128 3067 1184 haereticorum
3112 1130 3380 1194 doctrina,
3435 1133 3675 1191 animam

2095 1233 2216 1286 quae
2240 1219 2404 1288 priori
2438 1235 2538 1273 suo
2562 1221 2699 1285 viro,
2733 1220 3038 1290 priorisque
3068 1221 3166 1275 viri
3197 1222 3478 1277 memoriae
3503 1223 3694 1278 bono--

2095 1324 2208 1362 rem
2251 1310 2520 1374 exhibuit,
2561 1313 2848 1368 admittere
2885 1314 3181 1369 recusans?
3209 1313 3470 1369 adversus
3511 1331 3676 1386 quam

2093 1400 2280 1454 fratris
2313 1400 2484 1470 ipsius
2522 1417 2660 1456 uxor
2690 1403 2758 1456 ad
2801 1413 3014 1474 portam
3045 1404 3310 1468 ascendit,
3341 1404 3409 1459 de
3449 1422 3556 1475 qua
3589 1407 3676 1461 di-

2095 1498 2242 1544 ctum
2280 1501 2363 1545 est
2398 1491 2481 1543 "z
2519 1511 2538 1542 ‹
2591 1491 2715 1546 Ilzec
2758 1505 2912 1562 porta
2951 1495 3183 1560 Domini,
3226 1495 3358 1566 justi
3400 1496 3678 1552 intrabunt

2097 1581 2148 1634 in
2173 1597 2316 1645 eam,
2349 1602 2368 1633 ι
2403 1593 2456 1636 et
2477 1583 2543 1636 ad
2569 1592 2818 1638 senatum
2845 1586 3108 1651 ascendit,
3131 1599 3368 1657 eumque
3394 1587 3679 1644 denuntiat

2093 1673 2188 1742 qui
2224 1671 2377 1726 fratri
2420 1688 2521 1728 suo
2557 1690 2740 1729 semen
2774 1677 2828 1730 in
2870 1677 3035 1731 Israel
3078 1677 3346 1734 suscitare
3385 1696 3496 1735 non
3541 1681 3677 1750 vult,

2095 1779 2272 1834 neque
2305 1763 2395 1819 Dei
2429 1764 2532 1836 legi
2553 1781 2650 1836 per
2675 1767 2913 1838 Moysem
2939 1767 3150 1824 traditae
3179 1770 3443 1826 honorem
3474 1775 3678 1842 imper-

411 1862 507 1917 καὶ
537 1863 636 1933 τὴν
666 1842 885 1935 μνήμην
914 1863 1009 1918 τοῦ
1044 1864 1308 1934 προτέρου
1335 1842 1529 1937 ἀνδρὸς
1557 1842 1988 1938 παραδέξασθαι;

2095 1856 2206 1910 tiri.
2233 1854 2529 1926 Postquam
2553 1871 2682 1928 ergo
2709 1859 2782 1914 ab
2809 1859 3124 1930 hujusntodi
3158 1861 3382 1918 homine
3410 1865 3677 1934 quaesive-

409 1955 532 2008 καθ’
561 1948 622 2008 οῦ
652 1956 934 2009 ἀναϐαίνει
961 1958 994 2028 ή
1025 1955 1161 2028 γυνὴ
1193 1956 1287 2010 τοῦ
1315 1957 1546 2027 ἀδελφοῦ
1579 1958 1744 2012 αὑτοῦ
1779 1961 1872 2012 ἐπὶ
1894 1960 1992 2031 τὴν

410 2047 608 2118 πύλην,
644 2047 772 2119 περὶ
797 2042 865 2120 ἦς
888 2048 1134 2102 λέλεκται
1153 2049 1214 2102 τὸ
1234 2088 1251 2113 ,
1286 2067 1304 2100 ι
1341 2047 1488 2120 Αὕτη
1517 2051 1550 2121 ἡ
1580 2049 1721 2122 πύλη
1751 2050 1846 2104 τοῦ
1881 2053 1992 2104 Κυ-

414 2139 556 2210 ρίου,
593 2139 790 2194 δίκαιοι
827 2139 1223 2196 εἰσελεύσονται
1250 2143 1308 2195 έν
1338 2143 1496 2214 αὑτῇ,
1539 2161 1558 2196 ι
1595 2143 1688 2197 καὶ
1715 2143 1991 2200 ἀναϐαίνει

411 2231 504 2284 ἐπὶ
533 2231 632 2303 τὴν
671 2233 980 2304 γερουσίαν,
1012 2234 1106 2289 καὶ
1135 2234 1567 2308 διαμαρτύρεται
1599 2237 1728 2310 περὶ
1775 2237 1871 2292 τοῦ
1913 2240 1990 2312 μὴ

408 2325 738 2396 βουλομένου
771 2327 1076 2398 ἀναστῆσαι
1116 2325 1340 2399 σπέρμα
1379 2325 1456 2398 τῷ
1497 2325 1708 2398 ἀδελφῷ
1733 2328 1899 2383 αὑτοῦ
1935 2331 1991 2384 έν

421 2418 657 2491 Ἰσραὴλ,
711 2419 847 2491 μηδὲ
891 2419 1122 2490 τιμῆσαι
1161 2417 1256 2472 τὸν
1286 2418 1382 2473 τοῦ
1425 2419 1562 2474 Θεοῦ
1601 2421 1879 2487 Μωῦσέως
1907 2423 1992 2476 νόε-

410 2529 534 2583 μον.
574 2513 744 2568 Ἐπάν
765 2509 858 2567 οῦν
881 2513 916 2585 ἡ
943 2511 1206 2584 γερουσία
1233 2511 1470 2584 πύθηται
1497 2513 1592 2568 τοῦ
1620 2513 1862 2568 τοιούτου
1897 2515 1992 2569 ἀν-

409 2603 630 2676 θρώπου
662 2607 711 2660 εί
751 2606 926 2680 ἀληθῆ
973 2608 1100 2680 περὶ
1143 2608 1306 2661 αὑτοῦ
1349 2607 1496 2676 λέγει
1525 2609 1560 2676 ἡ
1606 2607 1766 2679 γυνὴ,
1803 2609 1898 2662 καὶ
1927 2609 1988 2662 ού

409 2695 660 2767 βούλεται
704 2697 1070 2769 ἐξαναστῆσαι
1117 2699 1340 2770 σπέρμα
1388 2697 1467 2770 τῷ
1521 2697 1734 2770 ἀδελφῷ
1783 2698 1986 2752 αὑτοῦο

407 2787 532 2841 τότε
581 2789 946 2862 προσέρχεται
987 2793 1022 2863 ἡ
1065 2792 1202 2862 γυνὴ
1245 2789 1339 2844 τοῦ
1382 2789 1705 2863 τεθνηκότος
1749 2790 1990 2844 ἐναντίον

407 2881 508 2952 τῆς
537 2881 847 2953 γερουσίας,
893 2883 988 2937 καὶ
1034 2883 1254 2937 ὑπολύει
1299 2883 1360 2935 τὸ
1401 2883 1654 2953 ὑπόδημα
1683 2881 1744 2935 τὸ
1783 2881 1842 2935 ἓν
1881 2881 1989 2936 ἀπὸ

408 2973 504 3028 τοῦ
538 2973 696 3037 ποδὸς
718 2975 903 3040 αὑτοῦ,
930 2976 1018 3030 ἵνα
1044 2976 1148 3032 κᾶν
1243 2977 1630 3047 ὑποδεδεμένος
1660 2975 1721 3030 τὸ
1750 2976 1987 3048 Χριστοῦ

405 3064 577 3138 ὄνομα
623 3067 1014 3138 ὑπολελυμένος
1045 3085 1105 3122 τε
1229 3068 1290 3122 τὸ
1333 3068 1428 3121 τοῦ
1474 3067 1611 3121 Θεοῦ
1657 3066 1846 3138 ὄνομα,
1893 3069 1988 3122 καὶ

405 3155 497 3210 διὰ
537 3156 692 3212 τοῦτό
730 3175 794 3227 γε
824 3158 926 3212 οὑκ
964 3159 1191 3226 ἐνδόξως
1231 3157 1350 3212 οὐδὲ
1392 3158 1610 3229 ἀληθῶς
1651 3157 1713 3211 τὸ
1751 3158 1986 3230 Χριστοῦ
2014 3178 2056 3236 C

403 3248 591 3320 φορῶν
639 3248 843 3322 ὄνομαο
905 3249 1136 3323 ἐμπτύει
1189 3251 1247 3305 δὲ
1297 3252 1390 3306 καὶ
1437 3254 1517 3316 είς
1563 3252 1852 3325 πρόσωπον
1889 3253 1984 3307 τοῦ

405 3339 646 3394 τοιούτου
691 3342 725 3412 ἡ
766 3340 924 3414 γυνὴ,
970 3343 1065 3396 καὶ
1103 3341 1349 3408 ὀνειδίζει
1383 3343 1460 3408 ὡς
1500 3343 1772 3416 ἀνθρώπῳ
1813 3344 1984 3417 αὑτῷ,

403 3432 501 3485 καὶ
527 3433 588 3486 οὑ
631 3431 942 3505 βουληθέντι
987 3433 1372 3507 θεοποιηθῆναι
1403 3437 1468 3490 ὲκ
1509 3436 1604 3490 τοῦ
1633 3438 1987 3510 καρποφορῆ-

405 3539 528 3577 σαι·
564 3522 658 3577 καί
700 3541 863 3596 φησιν
903 3525 1046 3580 οὕτω
1091 3527 1253 3580 παντὶ
1294 3525 1514 3580 ἔσεσθαι
1550 3527 1627 3600 τῷ
1675 3529 1751 3599 μὴ
1784 3529 1988 3583 οἰκοδο-

408 3614 642 3685 μήσαντι
668 3614 758 3668 τὸν
782 3611 929 3670 οἷκον
961 3615 1055 3669 τοῦ
1079 3615 1310 3690 ἀδελφοῦ
1340 3617 1528 3683 αὑτοῦ,
1559 3618 1653 3671 τοῦ
1683 3619 1984 3689 Εὑαγγελι-

405 3705 505 3758 κοῦ
544 3705 727 3774 λόγου,
755 3708 783 3759 ὁ
806 3709 1029 3777 νομικός
1061 3711 1178 3762 ἐστι
1204 3709 1299 3763 καὶ
1333 3711 1699 3780 προφητικόςο
1733 3711 1826 3764 καὶ
1857 3711 1987 3765 ἀλλο

403 3796 576 3866 ὖνομα
596 3798 692 3866 οὑχ
724 3797 833 3862 ἕξει
861 3800 889 3851 6
918 3798 991 3868 μὴ
1016 3799 1312 3870 οἰκοδομῶν
1338 3801 1399 3854 τὸ
1427 3801 1597 3871 ὄνομα
1633 3801 1801 3855 αὑτοῦ
1832 3803 1984 3875 παρά

403 3891 520 3950 τοῖς
559 3888 918 3959 Ἰσραηλίταις
948 3890 981 3960 ἦ
1008 3889 1185 3956 τοῦτο,
1219 3892 1302 3944 ὅτι
1343 3889 1490 3958 οἶκός
1524 3895 1671 3946 ἐστιν
1703 3885 1860 3958 οὗτος
1887 3894 1982 3947 τοῦ

406 3975 770 4040 ὑπολυθέντος
810 3977 871 4032 τὸ
907 3980 1180 4050 ὑπόδημα.
1225 3982 1341 4046 Πᾶς
1393 3980 1484 4036 οὖν
1535 3986 1564 4037 6
1601 3985 1659 4037 ὲν
1713 3984 1980 4056 αίρέσεσι,

409 4066 644 4136 μάλιστα
685 4071 807 4132 ταῖς
853 4069 1270 4136 διακοπτούσαις
1313 4072 1410 4145 τὴν
1459 4072 1709 4146 θεότητα,
1751 4075 1846 4127 καὶ
1891 4075 1984 4129 τὸν

406 4155 568 4227 νόμον
606 4158 714 4211 ἀπὸ
749 4158 844 4212 τοῦ
877 4160 1209 4229 Εὑαγγελίου
1250 4161 1612 4233 χωριζούσαις
1643 4164 1986 4236 καλινδούμε-

405 4266 517 4314 νος,
558 4268 576 4302 ι
620 4247 767 4316 οἶκός
804 4271 822 4302 ι
871 4254 987 4306 ἐστι
1027 4271 1046 4303 ι
1098 4252 1192 4306 τοῦ
1236 4253 1595 4320 ὑπολυθέντως
1631 4255 1905 4328 ὑπόδημα,
1960 4276 1978 4309 ι

405 4343 782 4414 ὲμπτυόμενος
817 4345 898 4409 είς
944 4344 1254 4417 πρόσωπον,
1287 4347 1383 4400 καὶ
1425 4347 1789 4419 ὑπολυόμενος
1820 4349 1882 4402 τὸ
1925 4347 1984 4401 ἓν

404 4434 678 4506 ὑπόδημα.
732 4437 843 4491 Καὶ
907 4437 1104 4510 τρίτην
1158 4437 1215 4491 δὲ
1267 4438 1523 4510 τοιαύτην
1577 4439 1834 4494 ὑπόνοιαν
1903 4441 1984 4504 εἰς

2094 1947 2164 2002 rit
2193 1955 2416 2004 senatus
2447 1963 2518 2004 an
2548 1963 2675 2004 vera
2705 1950 2772 2004 de
2813 1966 2879 2005 eo
2923 1949 3122 2007 referat
3163 1953 3379 2019 mulier,
3427 1965 3482 2010 et
3520 1954 3678 2012 fratri

2094 2053 2198 2095 suo
2239 2055 2426 2096 semen
2463 2043 2731 2098 suscitare
2773 2043 2938 2111 nolit;
2971 2050 3106 2101 tunc
3137 2044 3379 2103 defuncti
3409 2063 3548 2102 uxor
3576 2063 3675 2104 co-

2092 2145 2212 2186 ram
2239 2130 2550 2188 senioribus
2572 2133 2801 2201 accedit,
2823 2134 3165 2206 alterumque
3185 2152 3253 2192 ex
3275 2137 3452 2208 ipsius
3473 2139 3678 2196 calcea-

2093 2222 2295 2280 mentis
2345 2223 2417 2279 ab
2464 2223 2585 2294 ejus
2639 2224 2776 2294 pede
2825 2226 3020 2293 solvit;
3076 2236 3138 2282 ut
3175 2229 3398 2286 etiamsi
3455 2231 3677 2288 nomine

2089 2311 2298 2370 Christi
2332 2313 2494 2371 fuerit
2515 2315 2840 2386 subligatus,
2875 2315 2970 2374 Dei
3000 2319 3225 2375 nomine
3252 2331 3510 2385 eruatur,
3545 2339 3675 2394 pro—

2092 2413 2387 2477 ptereaque
2416 2422 2594 2478 neque
2616 2407 2936 2474 honoriﬁce,
2973 2424 3148 2480 neque
3183 2427 3312 2468 vere
3337 2413 3544 2470 Christi
3573 2431 3674 2472 no-

2094 2512 2218 2551 men
2248 2506 2440 2569 gerat:
2475 2497 2610 2568 quin
2640 2506 2698 2553 et
2737 2497 2980 2556 hominis
3005 2500 3279 2571 ejusmodi
3309 2501 3502 2560 faciem
3542 2521 3678 2561 con-

2092 2589 2240 2658 spuit
2274 2588 2492 2656 mulier,
2539 2603 2775 2659 eumque
2815 2588 3042 2646 incessit
3087 2591 3336 2649 dieteriis
3386 2603 3448 2649 ut
3491 2595 3675 2652 homi-

2093 2694 2240 2746 nem,
2271 2690 2326 2736 et
2375 2694 2471 2750 per
2501 2679 2644 2737 fetus
2671 2681 2964 2737 editionem
3002 2679 3173 2738 Deum
3215 2685 3332 2740 fieri
3365 2687 3674 2760 nolentem;

2092 2777 2256 2840 atque
2279 2772 2355 2827 ita
2391 2771 2688 2843 unicuique
2709 2771 2964 2842 .fulurum
2987 2787 3111 2830 esse
3134 2776 3231 2844 ait,
3264 2777 3360 2847 qui
3391 2793 3504 2834 non
3536 2780 3672 2835 adio

2092 2862 2335 2917 liraverit
2359 2863 2584 2919 domum
2615 2862 2800 2921 fratris
2835 2865 2942 2932 sui,
2969 2863 3234 2921 doctrina:
3263 2883 3459 2940 nempe
3504 2885 3674 2926 evan-

2091 2952 2297 3024 gelicae,
2347 2970 2470 3024 quae
2519 2954 2707 3026 legalis
2744 2955 2936 3012 eadem
2988 2965 3044 3010 et
3097 2959 3412 3029 prophetica
3443 2971 3562 3030 est;
3607 2979 3673 3020 ac

2091 3045 2238 3101 aliud
2270 3061 2380 3101 non
2409 3046 2676 3102 obtinebit
2719 3061 2945 3114 nomen,
2977 3048 3072 3117 qui
3121 3047 3310 3106 fratris
3338 3051 3423 3106 sui
3469 3069 3669 3110 nomen

2091 3139 2234 3209 apud
2261 3137 2535 3196 lsraelitas
2563 3153 2672 3194 non
2703 3139 2958 3204 aedificat,
2987 3155 3152 3210 quam
3182 3141 3335 3210 illud,
3363 3157 3490 3200 eum
3522 3147 3674 3202 scili-

2088 3239 2176 3286 cet
2197 3245 2320 3286 esse
2346 3231 2568 3287 domum
2593 3230 2930 3287 discalceati.
2961 3230 3224 3302 Quisquis
3254 3249 3388 3306 ergo
3416 3236 3471 3292 in
3500 3237 3672 3294 haere-

2089 3323 2263 3392 sibus,
2285 3339 2352 3379 ac
2379 3324 2448 3380 iis
2476 3323 2776 3396 prmsertim
2797 3337 2920 3393 quae
2943 3323 3282 3380 divinitatem
3306 3327 3576 3395 dividunt,
3605 3347 3670 3386 ac

2088 3416 2262 3488 legem
2288 3415 2358 3472 ab
2387 3415 2679 3488 Evangelia
2709 3417 2997 3480 dirimunt,
3030 3417 3330 3484 volutatur,
3362 3437 3384 3472 ι
3421 3421 3619 3479 domus
3642 3443 3662 3476 ι

2088 3509 2178 3564 ille
2213 3518 2298 3565 est
2346 3526 2366 3560 ι
2399 3507 2711 3564 discalceati
2743 3509 2810 3573 ",
2849 3527 2868 3560 ι
2905 3507 2959 3562 in
3005 3507 3202 3564 faciem
3249 3523 3579 3582 consputns,
3615 3525 3672 3572 et

2085 3604 2259 3657 altero
2287 3601 2474 3656 calceo
2499 3610 2719 3657 exutus.
2747 3599 2928 3654 Tertia
2959 3600 3073 3656 haec
3093 3608 3350 3669 pmterea
3380 3602 3436 3656 in
3462 3604 3671 3662 huncce

2087 3695 2264 3748 locum
2290 3693 2448 3748 nobis
2477 3693 2750 3748 succurrit
2773 3690 3052 3762 cogitatio,
3085 3707 3249 3759 quam
3278 3693 3468 3762 paucis
3496 3711 3666 3766 expo-

2086 3801 2299 3839 nemus.
2365 3782 2556 3838 Mulier
2608 3783 2824 3852 quidem
2866 3784 3011 3838 dicta
3069 3794 3155 3838 est
3215 3783 3496 3855 Sapientia
3541 3805 3671 3860 pro-

2085 3889 2204 3946 pter
2235 3876 2366 3931 illud
2405 3877 2448 3908 ⁸⁸
2479 3894 2492 3929 :
2537 3895 2555 3926 ε
2593 3874 2829 3941 Quaesivi
2873 3891 3134 3946 sponsam
3181 3878 3311 3932 mihi
3348 3894 3467 3932 eam
3508 3896 3668 3936 assu-

2086 3989 2267 4040 mere;
2297 3992 2316 4025 I
2373 3973 2596 4042 ipsaque
2626 3971 2859 4027 amanda
2900 3982 3004 4040 est,
3025 3974 3179 4044 juxta
3225 3977 3274 4031 id
3314 3977 3458 4047 quod
3494 3993 3527 4032 a
3563 3978 3667 4033 Sa-

2086 4067 2304 4123 lomone
2331 4067 2536 4122 dictum
2579 4075 2664 4120 est
2694 4066 2739 4097 ³⁸
2766 4048 2794 4119 τ’
2826 4083 2845 4117 ι
2885 4064 3054 4136 Dilige
3101 4083 3220 4121 eam
3266 4078 3321 4123 et
3368 4084 3665 4125 conserva-

2085 4161 2164 4214 bit
2212 4168 2302 4214 te:
2345 4177 2364 4210 ι
2407 4158 2488 4212 vir
2531 4167 2714 4212 autem
2767 4155 2940 4226 ipsius
2989 4157 3208 4225 sapiens
3263 4167 3364 4213 est.
3415 4159 3569 4225 Quod
3619 4162 3666 4216 si

2084 4268 2214 4321 ergo
2261 4251 2414 4306 nullo
2442 4267 2511 4306 ex
2560 4249 2837 4320 Sapientia
2881 4249 3064 4319 genito
3108 4249 3239 4312 fetu,
3291 4266 3360 4306 ex
3405 4251 3509 4307 hac
3554 4263 3665 4309 νιιςι

2082 4345 2246 4415 82],
2280 4343 2574 4400 decesserit
2599 4340 2839 4410 sapiens,
2871 4341 2964 4410 qui
2993 4355 3118 4395 cum
3161 4340 3278 4410 ipso
3313 4358 3423 4397 una
3455 4342 3667 4397 habita.

2085 4438 2223 4494 verit
2253 4437 2443 4499 frater,
2474 4437 2528 4491 in
2554 4435 2858 4503 eademque
2886 4433 3261 4502 conquieverit
3281 4433 3552 4497 doctrina,
3587 4437 3666 4490 ei-

402 4527 497 4582 τὸν
528 4529 691 4584 τόπον
736 4529 1117 4602 ὲξεδεξάμεθα,
1161 4531 1228 4603 ἢν
1279 4530 1368 4586 διὰ
1413 4530 1663 4603 βραχέων
1714 4532 1978 4605 ἐροῦμεν⁹

2091 4533 2208 4587 dem
2243 4531 2446 4602 praesit,
2465 4539 2526 4584 ut
2545 4544 2613 4584 ex
2643 4527 2922 4597 Sapientia
2940 4536 3199 4584 nascatur
3221 4526 3420 4598 aliquis
3437 4530 3665 4598 gloriam

403 4622 541 4693 γυνὴ
569 4622 725 4694 μὲνὴ
755 4622 923 4692 Σοφία
947 4622 1160 4696 εἴρηται
1185 4623 1275 4678 διὰ
1308 4622 1401 4689 τὸ,
1444 4642 1463 4675 ε
1497 4623 1714 4696 Ταύτην
1744 4625 1985 4698 ἐζήτησα

2091 4627 2138 4681 ei
2154 4625 2548 4682 conciliaturus
2570 4623 2662 4692 qui
2683 4640 2747 4678 ex
2768 4625 2874 4680 hoc
2894 4622 3165 4688 convictu,
3189 4621 3296 4676 fetu
3322 4636 3430 4676 non
3455 4623 3666 4690 relicto,

402 4714 621 4787 νύμφην
652 4715 952 4784 ἀγαγέσθαι
993 4714 1236 4787 ἐμαυτῷ,
1277 4733 1296 4768 ι
1329 4715 1424 4769 καὶ
1461 4715 1591 4788 ὲρᾷν
1615 4715 1695 4768 δεῖ
1720 4717 1862 4771 κατά
1891 4719 1983 4772 τὸν

2091 4718 2411 4774 excesserit.
2460 4715 2617 4782 Quod
2673 4717 2720 4770 si
2774 4717 2996 4772 relictus
3029 4715 3194 4769 frater
3223 4714 3484 4770 doctrina:
3539 4717 3667 4772 huic

1598 4832 1828 4891 VETUS
1874 4833 2174 4890 INTERPR
2184 4833 2457 4890 ETATIO.

403 4953 654 5010 Mosaicae
687 4955 842 5024 legis,
865 4953 1351 5034 secundusautem
1379 4953 1728 5034 evangelic-us
1759 4969 1963 5034 sermo,
1991 4955 2082 5011 cui
2111 4954 2468 5034 nnbttpmnis
2495 4953 2872 5034 animarccta.
2897 4957 3110 5034 mortua
3135 4948 3268 5034 lege,
3300 4947 3540 5034 illud‘est
3565 4949 3667 5000 do-

403 5036 716 5100 enmentum
741 5019 895 5100 quod
930 5024 1224 5100 Apostolus
1249 5022 1378 5100 dicit
1405 5019 1706 5078 hoc‘modo
1737 5042 1750 5076 :
1781 5043 1800 5074 ι
1836 5025 1917 5078 An
1945 5023 2463 5100 _ignoratis._fratres
2496 5023 2817 5091 (scientibus
2838 5021 2988 5100 enim
3031 5020 3200 5100 legem
3235 5019 3486 5100 loquor),
3520 5035 3664 5100 quo.-

405 5095 550 5147 niam
591 5095 676 5149 lex
714 5089 1028 5150 dominatur
1061 5094 1299 5159 homini,
1337 5093 1390 5147 in
1423 5102 1688 5164 quantum
1730 5089 2000 5165 temporis
2022 5096 2188 5151 vivit?
2236 5094 2292 5148 Si
2339 5089 2518 5148 autem
2555 5104 2803 5147 mortuus
2836 5089 3000 5144 fuerit
3029 5090 3131 5156 vir,
3178 5089 3355 5143 soluta
3379 5100 3462 5144 est
3488 5105 3518 5142 a
3548 5091 3691 5159 lege-

475 5211 521 5242 ’³
561 5210 703 5268 Psal.
728 5213 1008 5282 cxvn,20.
1083 5214 1131 5246 “
1153 5213 1373 5270 Denter.
1402 5229 1531 5281 xxv,
1561 5214 1654 5268 10.
1731 5216 1776 5247 ³⁵
1815 5213 1944 5286 Sap.
1975 5231 2095 5280 vm,
2124 5215 2181 5270 ‘2.
2257 5215 2304 5246 "
2341 5213 2502 5268 Prov.
2543 5229 2616 5276 tv,
2650 5211 2704 5266 6.

476 5308 588 5388 (δέ)
638 5308 738 5388 Ὠς⁸
776 5312 1003 5388 οἴονται
1045 5315 1100 5388 oi
1288 5310 1418 5388 raw
1447 5311 1754 5388 αζρέσεων.
1786 5311 1972 5388 infra:

2091 5312 2436 5368 Simonianos
2483 5305 3142 5388 anitetn,_Saturnili:tnos.
3170 5303 3567 5388 Cerdo-nianos,
3594 5319 3658 5353 an

401 5373 499 5459 Ἰξίς
524 5373 581 5433 δὲ
613 5373 752 5459 μετά
779 5383 1019 5459 ταῦταλὸ-
1039 5384 1136 5459 μὴ*
1145 5383 1466 5459 βουλόμενος
1485 5373 1768 5459 ἄνθρωπος
1791 5381 1974 5459 λαβεῖν

2091 5384 2422 5453 potissimum
2451 5378 2799 5459 Marcionitas
2837 5376 3201 5459 perstringit“
3221 5376 3316 5441 qui
3345 5373 3658 5459 Deum‘ma-

413 5401 436 5434 ι
453 5401 499 5446 ις
524 5401 581 5433 οε
613 5401 752 5449 μετα
779 5401 952 5436 ταυτα
980 5401 1008 5437 ο
1039 5401 1112 5455 μη
1145 5401 1464 5454 ρουλομενος
1485 5401 1768 5504 ανυρωπος
1793 5401 1974 5435 Ααοειν

401 5453 501 5523 τὴν
525 5452 760 5527 γυναῖκα
791 5452 893 5527 τοῦ
912 5453 1139 5527 ἀδελφοῦ
1175 5452 1388 5527 ἑαυτοῦ·
1440 5454 1472 5527 ἢ
1511 5455 1540 5506 6
1611 5470 1638 5505 ν
1673 5454 1976 5527 ταῖςαίρέ-

2091 5401 2422 5453 pOIISSlmum
2451 5401 2799 5434 mat‘cwnttas
2839 5401 3173 5446 [mrsu-mg",
3221 5401 3316 5441 qui
3345 5401 3513 5426 vuum
3544 5401 3655 5425 um-

2091 5459 2222 5517 lum,
2261 5461 2597 5514 creatorem,
2654 5449 3096 5527 legishauctorem
3119 5462 3135 5527 ξ
3158 5444 3405 5527 -ὶιοιιυιιη
3440 5452 3655 5508 autem,

402 5511 520 5601 σε’σι
537 5511 824 5601 ’λόγοςκμῂ
870 5511 1189 5601 βουλόμενος
1217 5525 1317 5601 την
1346 5511 1654 5601 τιμῆσασαν
1681 5511 1857 5601 ψυχὴν
1884 5511 1976 5601 τὸν

2091 5511 2282 5580 Christi
2322 5532 2528 5592 patrem
2555 5511 2684 5601 esse
2713 5511 3085 5601 definiebant;
3122 5511 3352 5584 ideoque
3391 5511 3562 5583 legem
3596 5528 3656 5567 ac

352 5589 371 5642 ἢ
400 5585 667 5676 πρότερον
709 5585 903 5676 ςῇςρά,
935 5585 1148 5665 καῖτὴν
1169 5585 1417 5676 μνήμην
1440 5585 1533 5676 τοῦ
1546 5585 1852 5676 ηπροτέροῦ
1878 5595 1973 5676 ἁν-

2091 5585 2374 5676 Pmrlr'is
2404 5591 2780 5676 τςῐτυάἰθινεξξη·
2820 5585 3171 5676 ¹Ξξ³ε.’[1ξ³ἓ;-,,
3209 5663 3254 5676 -.

399 5653 525 5736 δρὸς
559 5653 1005 5736 παραδέξασθαι;
1049 5653 1117 5718 εί
1141 5653 1317 5736 paulo.
1347 5653 1508 5736 post:
1546 5653 1658 5736 Πᾶς
1685 5653 1778 5736 οὖν
1824 5665 1858 5736 ό
1916 5666 1973 5715 ἐν

2091 5653 2097 5665 ’
2155 5653 2268 5736 (65)
2315 5653 2546 5733 Τεχθέν.
2577 5660 2807 5715 Codices
2845 5655 3173 5712 Holmiensis
3204 5663 3258 5710 et
3301 5653 3652 5725 Anglicanus,

400 5733 670 5840 αἱρέσεσι,
710 5733 944 5803 μάλιστα
981 5737 1100 5814 ταξς
1136 5733 1561 5798 διακοπτούσαις
1605 5733 1702 5816 τὴν
1745 5735 1975 5804 θεότητα
2080 5735 2294 5806 ταχθέν.

402 5821 494 5855 κα.
526 5802 616 5855 τὸν
649 5803 812 5873 νόμον
841 5803 948 5858 ἀπὸ
979 5821 1072 5856 του
1105 5806 1433 5878 Εὑαγγελὶου
1460 5805 1836 5877 χωριζουσαις,
1865 5818 1969 5858 etc.

482 5823 494 5855 ι
526 5823 616 5855 τον
649 5823 812 5873 νόμον
841 5823 948 5858 απτ)
979 5823 1072 5856 του
1108 5823 1433 5873 ιιυαγγελιου
1460 5823 1836 5873 χωριςουσαις,
1865 5823 1969 5858 (τις.
