4110 6414
499 352 638 407 1ἴὶ85

1980 353 2303 408 ORIGENIS

3620 357 3759 415 ιεει

492 450 748 542 praeesse,
779 483 1013 541 eamque
1050 468 1186 526 tueri
1226 468 1500 533 noluerit,
1533 467 1831 541 ignominia
1861 467 2050 525 allicie-

2166 471 2383 525 εἰπόντα
2422 470 2746 542 Σολομῶνα·
2787 491 2806 524 ι
2853 471 3143 547 Ἑράσθητι
3177 471 3368 543 αὐτῆς,
3404 472 3500 528 καὶ
3520 475 3759 546 τηρήσει

434 610 437 613 ς
500 576 591 619 tur
614 580 644 618 a
684 561 964 634 Sapientia
1001 561 1178 631 ipsum
1207 559 1430 615 dimidia
1461 567 1669 615 tantum
1701 575 1767 614 ex
1796 569 1948 630 parte
1972 575 2068 614 ex—

382 666 395 674 ’
490 654 807 707 calceante:
866 666 971 705 nec
1024 650 1169 703 enim
1217 662 1326 703 non
1370 648 1770 703 excalccahitur
1799 648 2067 718 ejusmodi

494 749 682 808 homo,
713 757 888 814 neque
915 742 1141 798 omnino
1166 740 1585 795 excalceabitur.
1604 738 1673 793 Ut
1691 747 1874 795 autem
1892 740 2065 812 legem

493 839 669 893 virum
703 836 972 902 mulieris,
1005 834 1203 889 animm
1257 832 1500 899 scilicet,
1534 847 1601 887 ex
1635 831 1916 903 Scriptura
1955 832 2062 889 dici

488 929 802 998 probemus,
837 926 984 980 hunc
1002 940 1069 980 ex
1099 923 1342 995 Epistola
1372 925 1439 979 ad
1485 924 1763 979 Romanos
1793 938 2063 995 propone-

488 1035 614 1076 mus
649 1020 828 1075 locum
849 1059 865 1085 ,
912 1017 1007 1088 qui
1061 1017 1133 1071 ita
1163 1031 1224 1072 se
1250 1016 1415 1071 habet
1442 1016 1489 1048 "'
1523 1033 1538 1070 :
1573 1033 1592 1067 ι
1626 1016 1709 1070 Αη
1752 1016 2014 1086 ignoratis
2044 1055 2061 1083 ,

487 1110 684 1167 fratres
707 1107 1030 1178 (scientibus
1060 1106 1208 1162 enim
1240 1106 1414 1175 legem
1451 1104 1698 1175 loquor),
1732 1106 1860 1175 quia
1890 1105 1977 1162 lex
2007 1106 2062 1161 in

486 1201 708 1257 homine
735 1199 1050 1256 dominatur
1070 1208 1277 1268 quanto
1309 1204 1553 1267 tempore
1575 1196 1756 1251 vivit?
1796 1214 1816 1248 ι
1858 1206 1914 1252 et
1954 1212 2063 1253 ca:-

486 1304 621 1363 tera,
645 1307 821 1363 usque
859 1290 927 1346 ad
959 1289 1011 1344 id
1040 1307 1053 1343 :
1098 1306 1117 1340 ι
1150 1286 1207 1342 Si
1239 1286 1407 1359 fuerit
1426 1302 1551 1343 cum
1577 1287 1684 1342 alio
1712 1287 1852 1342 viro.
1880 1306 1900 1341 ι
1935 1288 2064 1343 Plu-

486 1385 623 1439 rima
662 1391 846 1438 autem
877 1396 909 1436 a
946 1380 1103 1435 nobis
1132 1379 1187 1433 in
1225 1378 1369 1433 hunc
1397 1378 1578 1433 locum
1595 1377 1738 1433 dicta
1762 1387 1907 1445 sunt,
1932 1394 2059 1435 cum

2170 580 2228 616 σε
2250 578 2263 593 ⁸
2318 581 2339 615 ι
2372 564 2511 635 ἀνὴρ
2544 563 2601 617 δὲ
2641 564 2811 635 αὐτῆς
2852 566 2881 619 6
2911 564 3104 635 σοφός’
3148 564 3244 618 ἐὰν
3282 560 3375 618 οὖν
3406 565 3436 617 ὁ
3483 566 3648 634 σοφὸς
3684 566 3761 638 μὴ

2166 656 2431 726 γεννήσας
2463 655 2616 720 τινάς
2648 658 2714 710 ἐκ
2759 656 2861 727 τῆς
2891 656 3092 726 Σοφίας
3116 655 3405 727 ἀπαλλαγῇ
3431 656 3527 711 τοῦ
3563 657 3703 727 βίου,
3733 660 3763 712 6

2165 749 2496 820 κατοικήσας
2514 750 2631 818 μετ’
2646 747 2812 802 αὐτοῦ
2836 747 3083 817 ἀδελφὸς,
3103 747 3199 801 καὶ
3220 749 3277 802 ὲν
3293 750 3406 811 τοῖς
3425 747 3612 812 αὐτοῖς
3630 749 3763 802 ἀνα-

2164 840 2514 911 παυσάμενος
2545 838 2745 909 λόγοις,
2772 839 3123 912 πρεσϐευέτω
3149 838 3259 893 τῶν
3286 838 3484 903 αὐτῶν,
3522 839 3612 893 ἵνα
3637 857 3761 909 γεν-

2164 930 2300 1003 νηθῇ
2324 932 2389 985 ὲκ
2419 930 2521 1002 τῆς
2552 930 2752 1001 Σοφίας
2777 932 2807 985 6
2834 930 2989 995 κλέος
3012 931 3389 1003 περιποιήσων
3409 930 3487 1002 τῷ
3508 931 3757 987 ἀπαλλα-

2169 1019 2319 1090 γέντι
2348 1022 2449 1093 τῆς
2476 1022 2834 1093 συμϐιώσεως
2870 1022 2961 1075 τὸν
3003 1022 3216 1094 καρπὸν
3262 1022 3615 1094 παραστῆσαι
3639 1039 3652 1052 ·
3693 1024 3757 1077 Ei

2162 1114 2220 1167 δὲ
2244 1113 2319 1186 μὴ
2354 1113 2596 1184 βούλοιτο
2621 1114 2954 1186 πρεσϐεῦσαι
2986 1114 3015 1167 6
3038 1114 3503 1186 καταλειπόμενος
3526 1114 3753 1185 ἀδελφὸς

2162 1204 2271 1259 τῶν
2314 1206 2510 1274 λόγων,
2552 1205 2988 1277 ἀτιμασθήσεται
3032 1207 3139 1261 ὑπὸ
3179 1207 3281 1276 τῆς
3307 1205 3502 1274 σοφίας
3534 1204 3591 1271 ἐξ
3616 1208 3747 1276 ἡμι-

2165 1296 2315 1361 σείας
2345 1298 2507 1351 αὐτὸν
2540 1298 2880 1369 ὑπολυούσης
2900 1316 2914 1329 ο
2949 1298 3073 1353 οὗτε
3106 1298 3215 1368 γὰρ
3235 1299 3335 1368 οὐχ
3357 1296 3748 1368 ὑπολυθήσεται

2164 1387 2194 1439 6
2222 1387 2481 1453 τοιοῦτος,
2516 1389 2641 1442 οὕτε
2668 1390 2888 1455 τελείως
2916 1390 3337 1462 ὑπολυθήσεται.
3374 1390 3475 1453 Et;
3503 1389 3559 1443 δὲ
3582 1407 3748 1444 κατα-

486 1478 537 1530 in
567 1475 773 1532 nostris
806 1475 860 1530 in
893 1472 1192 1544 Epistolam
1224 1470 1290 1524 ad
1322 1469 1600 1525 Romanos
1649 1471 2050 1528 commentariis

2170 1477 2366 1549 σκευὴν
2407 1478 2500 1531 τοῦ
2527 1479 2617 1533 τὸν
2646 1480 2808 1552 νόμον
2835 1479 3004 1551 ἄνδρα
3037 1478 3294 1549 λέγεσθαι
3320 1477 3463 1533 κατά
3487 1479 3587 1549 τὴν
3613 1478 3755 1551 Γρα-

487 1570 663 1636 ipsum
693 1568 1198 1637 interpretaremur.

2169 1570 2276 1641 φὴν
2328 1571 2619 1638 γυναικὸς,
2668 1573 2768 1643 τῆς
2809 1571 3023 1643 ψυχῆς,
3069 1569 3506 1642 παραθησόμεθα
3542 1570 3613 1625 τὰ
3645 1569 3755 1624 ἀπ’-δ

484 1659 583 1726 τῆς
617 1659 752 1731 πρὸς
775 1657 1076 1727 Ῥωμαίους
1094 1654 1270 1718 οὕτως
1290 1654 1481 1725 ἔχοντα
1500 1670 1514 1684 ⁶
1546 1673 1565 1705 ι
1593 1654 1663 1707 Ἦ
1688 1655 1953 1724 ἀγνοεῖτε,
1975 1655 2217 1728 ἀδελφοὶ.
2238 1660 2586 1730 (γινώσκουσι
2614 1664 2725 1737 γάρ
2750 1665 2913 1731 νόμον
2933 1662 3123 1736 λαλῶ),
3150 1663 3234 1717 ὅτι
3253 1662 3284 1715 6
3315 1664 3479 1733 νόμος
3507 1662 3755 1735 κυριεύει
3781 1705 3790 1719 .

483 1750 578 1802 τοῦ
612 1747 897 1820 ἀνθρώπου
925 1747 1010 1816 ἐφ’
1034 1747 1163 1799 ὅσον
1184 1745 1506 1818 χρόνονλζῇς
1543 1764 1563 1797 ι
1597 1746 1693 1800 καὶ
1739 1747 1808 1800 τά
1846 1745 1976 1817 έξῆς
2026 1747 2133 1813 ἓως
2165 1752 2259 1805 τοῦ
2284 1770 2297 1783 υ
2337 1772 2358 1805 ι
2394 1756 2692 1827 γενομένην
2723 1755 2878 1827 ἀνδρὶ
2903 1755 3093 1825 ἑτέρῳ.
3135 1773 3155 1807 ι
3188 1754 3417 1825 Εἴρηται
3444 1753 3501 1807 δὲ
3529 1751 3753 1823 πλείονα

481 1847 610 1915 ἡμῖν
665 1845 746 1908 εἰς
801 1844 892 1898 τὸν
942 1843 1128 1906 τόπον,
1175 1840 1555 1913 διηγουμένοις
1608 1841 1671 1895 τὸ
1716 1841 1913 1913 χωρίον
1962 1842 2057 1896 τοῦ
2095 1845 2196 1916 τῆς
2232 1848 2341 1920 (66)
2380 1851 2514 1923 πρὸς
2541 1851 2845 1923 Ῥωμαίους
2902 1842 3417 1918 Ἐπιστολῆςέντοῖς
3467 1850 3548 1913 είς
3577 1846 3751 1920 αὐτὴν

481 1938 843 2008 ἐξηγητικοῖς.

551 2034 641 2087 55.
675 2031 936 2098 Quamvis
963 2041 1143 2087 autem
1174 2031 1291 2086 haec
1332 2044 1429 2100 per
1466 2029 1861 2101 digressionem
1893 2044 1922 2084 a
1957 2047 2050 2084 nn-

2225 2022 2411 2090 Ταῦτα
2468 2033 2590 2107 μὲν,
2642 2036 2692 2088 εί
2743 2034 2839 2089 καὶ
2886 2034 3025 2105 μετά
3057 2032 3451 2105 παρεκϐάσεως
3496 2031 3749 2104 λελέχθαι

476 2127 566 2180 itis
597 2125 885 2179 videantur
912 2138 1035 2179 esse
1077 2124 1220 2178 dicta
1248 2162 1264 2187 ,
1322 2123 1388 2178 ad
1438 2122 1816 2178 elucidandam
1872 2134 2052 2178 tamen

479 2211 773 2266 Mosaicam
808 2213 977 2283 legem
1009 2213 1218 2281 prolata
1247 2212 1388 2279 sint,
1418 2226 1584 2283 quam
1641 2212 1873 2269 citantos
1913 2213 2053 2268 Sad-

478 2304 649 2359 ilucaci
667 2302 1009 2358 Servatorem
1026 2304 1456 2375 interrogabant,
1482 2304 1725 2360 dicentes
1751 2304 1797 2339 ⁸³
1818 2326 1830 2359 :
1854 2323 1873 2357 ι
1903 2304 2046 2377 Moy-

476 2410 565 2450 ses
590 2395 764 2449 dixit:
829 2393 885 2450 Si
933 2395 1057 2464 quis
1089 2404 1340 2451 mortuus
1392 2394 1555 2451 fuerit
1600 2411 1708 2449 non
1755 2398 1960 2453 habens
1988 2400 2054 2451 ﬁ-

476 2489 631 2553 lium,
668 2507 693 2540 ο
736 2496 790 2544 et
829 2488 1073 2558 reliqua.
1133 2488 1378 2560 Agedum
1430 2503 1560 2544 vero
1608 2490 1875 2560 reliquam
1935 2498 2057 2559 post

474 2580 563 2634 illa
584 2579 870 2651 Evangelii
904 2587 1112 2645 partem
1136 2581 1496 2636 enucleemus
1523 2620 1539 2644 ,
1581 2595 1705 2651 qua:
1752 2581 1878 2635 inde
1904 2581 2052 2636 ordi-

474 2681 563 2726 tur
587 2672 676 2726 3’:
716 2690 736 2723 ι
775 2670 942 2727 Erant
970 2679 1152 2726 autem
1180 2671 1321 2742 apud
1356 2686 1460 2728 nos
1505 2682 1710 2743 septem
1738 2674 1967 2739 fratres,
1999 2684 2054 2727 et

476 2762 712 2832 primus,
745 2776 918 2817 uxore
946 2762 1451 2825 ducta,‘defunctus
1478 2773 1584 2831 est,
1630 2781 1649 2816 ι
1689 2773 1745 2819 et
1772 2779 1894 2833 qua:
1924 2772 2055 2819 sunt

476 2855 755 2924 deinceps.
787 2854 957 2909 Isaias
986 2855 1206 2925 quidem
1237 2854 1314 2910 ait
1339 2855 1392 2909 in
1431 2855 1716 2925 prophetia
1747 2855 1794 2887 ⁸⁸
1823 2873 1838 2909 ι
1875 2874 1895 2907 ι
1944 2856 2053 2926 Ap-

471 2948 808 3019 prehcndent
827 2960 1030 3019 septem
1060 2950 1319 3005 mulieres
1339 2950 1517 3004 virum
1544 2963 1713 3003 unum
1743 2947 1796 3004 in
1824 2950 1912 3005 die
1935 2949 2050 3018 illa,

474 3040 716 3097 dicentes
746 3055 763 3094 :
792 3040 992 3097 Panem
1023 3052 1275 3098 nostrum
1312 3042 1666 3098 comedemus
1697 3083 1712 3107 ,
1771 3051 1826 3098 et
1880 3044 2050 3098 vesti-

475 3136 680 3189 mentis
712 3135 919 3190 nostris
950 3138 1264 3207 opericmur
1287 3176 1305 3202 ,
1356 3135 1733 3190 tantummodo
1772 3135 2053 3191 invocetur

475 3241 670 3283 nomen
692 3236 842 3282 tuum
861 3244 1024 3299 super
1045 3243 1167 3295 nos,
1184 3227 1345 3284 aufer
1366 3228 1720 3299 opprobrium
1740 3236 2010 3284 nostrum.
2026 3246 2046 3281 ι

472 3322 808 3376 Accedentcs
836 3332 1016 3376 autem
1054 3321 1122 3376 ad
1154 3321 1500 3375 Servatorem
1549 3328 1796 3374 nostrum
1839 3318 2052 3374 Sadtlu-

2155 2126 2320 2189 δοκεῖ,
2372 2124 2610 2197 εἰρήσθω
2661 2125 2742 2189 εῖς
2800 2125 3098 2196 σαφήνειαν
3155 2122 3251 2176 τοῦ
3307 2120 3461 2194 παρά
3517 2123 3750 2177 Μωῡσεῖ

2155 2218 2342 2289 νόμου,
2371 2210 2434 2270 οὗ
2481 2216 2812 2288 μνησθέντες
2859 2218 2909 2270 oi
2943 2215 3293 2270 Σαδδουκαῖοι
3341 2213 3603 2267 ἐπύθοντο
3648 2214 3745 2268 τοῦ

2157 2309 2425 2382 Σωτῆρος,
2443 2308 2796 2378 λέγοντεςξτό·
2822 2326 2842 2360 ι
2874 2309 3114 2377 Μωῦσῆς
3145 2303 3317 2362 εἶπεν·
3356 2307 3482 2361 Ἐάν
3507 2324 3591 2371 τις
3620 2309 3750 2362 ἁπο-

2157 2400 2291 2472 θάνη
2327 2400 2402 2473 μὴ
2432 2400 2571 2470 έχων
2621 2400 2808 2462 τέκνα,
2848 2418 2868 2453 ι
2904 2399 3000 2453 καὶ
3042 2399 3113 2453 τά
3140 2398 3286 2471 ἑξῆς.
3327 2399 3466 2471 Φέρε
3507 2399 3566 2453 δὲ
3606 2398 3750 2470 μετά

2154 2492 2327 2546 ταῦτα
2371 2491 2440 2546 τά
2483 2490 2617 2546 ἄλλα
2663 2490 2756 2545 τοῦ
2801 2490 3133 2559 Εὐαγγελίου
3165 2489 3513 2563 ἐξετάσωμεν
3542 2490 3612 2544 τὰ
3636 2489 3747 2545 ἀπὸ

2154 2584 2249 2637 τοῦ
2270 2601 2282 2613 ·
2312 2602 2334 2635 ι
2371 2579 2553 2636 ’Ἦσαν
2581 2583 2638 2636 δὲ
2670 2583 2799 2655 παρ’
2826 2584 2959 2654 ήμῖν
2982 2583 3121 2636 ἑπτὰ
3145 2582 3386 2652 ἀδελφοὶ,
3418 2584 3513 2636 καί
3540 2584 3569 2636 6
3588 2583 3742 2653 οπρῶο

2154 2694 2242 2741 τος
2266 2677 2449 2749 γήμας
2475 2674 2816 2747 ἐτελεύτησε,
2850 2694 2869 2728 ι
2897 2674 2991 2727 καὶ
3012 2675 3081 2728 τά
3103 2673 3255 2745 ἑξῆς.
3294 2675 3351 2728 '0
3375 2674 3477 2746 μὲν
3518 2672 3743 2739 ’Πσαῖας

2155 2771 2212 2821 ἐν
2238 2771 2303 2839 τῇ
2333 2766 2639 2841 προφητείᾳ
2663 2766 2826 2835 φησίν
2850 2782 2862 2796 ·
2907 2783 2925 2816 ι
2978 2764 3361 2837 Ἐπιλήψονται
3387 2764 3528 2819 έπτά
3551 2766 3741 2833 γυναῖο

2154 2874 2248 2922 κες
2273 2855 2561 2928 ἀνθρώπου
2590 2855 2730 2919 ἑνὸς,
2758 2854 3033 2924 λέγουσαι·
3055 2853 3157 2908 Τὸν
3175 2854 3336 2925 ἄρτον
3361 2854 3519 2926 ήμῶν
3548 2854 3742 2926 φαγώ-

2156 2949 2315 3021 μεθα,
2344 2948 2439 3001 καί
2468 2946 2538 3000 τά
2589 2947 2780 3017 ἱμάτια
2825 2945 2984 3018 ἡμῶν
3027 2944 3473 3019 περιϐαλώμεθα,
3506 2947 3646 3019 πλὴν
3677 2947 3741 3002 τὸ

2152 3040 2404 3111 ὄνοματὸ
2433 3040 2524 3095 σὸν
2557 3039 2842 3113 κεκλήσθω
2873 3039 2958 3109 ἐφ’
2996 3040 3165 3112 ἡμᾶς’
3206 3039 3373 3109 ἀφελε
3425 3039 3517 3094 τὸν
3548 3040 3739 3095 ὀνειδι-

2154 3133 2289 3203 σμὸν
2309 3134 2488 3204 ἡμῶν.
2525 3152 2544 3185 ι
2573 3134 2638 3187 υἱ
2659 3132 2717 3187 δὲ
2748 3130 3134 3209 προσελθόντες
3164 3132 3506 3188 Σαδδουκαῖοι
3530 3133 3608 3205 τῷ
3633 3133 3740 3187 Σω-

2151 3225 2276 3298 τῆρι
2318 3225 2379 3278 τὸ
2416 3223 2684 3279 ἀνάπαλιν
2720 3226 2786 3296 τῇ
2834 3224 3141 3297 προφητείᾳ
3178 3224 3312 3294 φασὶ
3360 3225 3491 3296 περὶ
3526 3224 3736 3297 ἀνδρῶν

2153 3316 2294 3371 ἐπτά
2311 3316 2677 3389 γαμησάντων
2707 3317 2839 3387 μίαν
2859 3319 3093 3387 γυναῖκα
3110 3333 3124 3347 ·
3144 3316 3370 3389 πλάσμα
3389 3317 3448 3373 δὲ
3471 3316 3619 3371 δοκεῖ
3646 3332 3739 3388 μοι

469 3415 587 3473 c.ei.
622 3415 689 3468 de
718 3423 922 3484 septem
969 3414 1103 3470 viris
1137 3413 1230 3484 qui
1266 3428 1433 3468 unam
1493 3411 1766 3467 duxerant
1819 3426 2042 3467 uxorem

2154 3407 2285 3465 εἶναι
2310 3409 2371 3463 τὸ
2402 3407 2695 3480 πρόϐλημα
2727 3408 2927 3474 αὐτῶν,
2952 3408 3304 3482 προθεμένων
3331 3409 3420 3464 διὰ
3446 3409 3542 3463 τοῦ
3567 3409 3736 3465 πλάσ-

469 3507 767 3576 prophetiae
793 3506 1067 3561 contraria
1113 3506 1347 3561 dicunt:
1386 3504 1707 3575 ﬁgmentum
1748 3514 1930 3559 autem
1972 3503 2049 3559 vi-

469 3598 628 3652 detur
640 3612 764 3653 esse
788 3598 1020 3668 quarstio
1038 3610 1255 3662 eorum,
1279 3595 1480 3667 quibus
1507 3595 1558 3650 id
1574 3595 1910 3665 propositum
1939 3605 2043 3659 est,

469 3696 529 3742 ut
571 3701 667 3757 per
710 3686 986 3742 ﬁctionem
1035 3685 1342 3741 doctrinam
1371 3685 1439 3739 de
1487 3684 1888 3739 resurrectione
1915 3684 2045 3739 sub-

460 3788 681 3835 vertant
706 3818 721 3844 ,
778 3779 982 3850 quique
1035 3777 1201 3848 822
1234 3792 1300 3831 ex
1342 3776 1746 3832 resurrectione
1777 3777 2040 3845 consequi

468 3871 785 3926 existimant
820 3881 882 3926 ut
915 3871 1294 3940 unusquisque
1322 3877 1758 3925 resurrectorum
1793 3868 2039 3924 eamdem

468 3965 665 4019 habeat
687 3964 999 4019 afﬁnitatem
1052 3979 1118 4018 ac
1169 3962 1416 4018 habitum
1451 3977 1577 4017 cum
1609 3962 1823 4033 quibus
1847 3962 1900 4015 in
1937 3961 2040 4016 hac

465 4057 575 4110 vita
616 4056 830 4118 habuit,
880 4056 1016 4111 adeo
1063 4064 1123 4110 ut
1171 4066 1399 4109 uxorem
1435 4069 1590 4109 suam
1627 4062 1916 4123 postquam
1952 4067 2039 4107 re-

465 4150 766 4204 surrexerit
793 4148 876 4202 vir
913 4148 1140 4217 recipiat
1168 4164 1182 4213 ;
1220 4156 1371 4217 pater
1398 4156 1579 4200 autem
1612 4144 1666 4199 in
1689 4144 1880 4200 eodem
1911 4159 2039 4214 erga

462 4240 636 4295 ﬁlium
661 4241 872 4304 habitu,
898 4247 954 4295 et
979 4237 1150 4294 frater
1171 4253 1299 4308 erga
1338 4236 1563 4291 fratrem
1594 4243 1922 4304 perseveret.
1970 4235 2041 4289 At

462 4347 649 4387 rerum
677 4334 924 4386 omnium
963 4330 1239 4402 opiﬁcem,
1275 4343 1401 4383 cum
1438 4343 1527 4381 res
1554 4341 1803 4396 quasque
1832 4325 1899 4380 ad
1930 4326 2038 4380 uti-

456 4425 667 4479 iitatem
715 4432 1107 4493 compararet,
1166 4421 1258 4477 ubi
1305 4427 1461 4476 ortus
1512 4418 1651 4474 foret
1683 4427 1738 4473 et
1761 4418 2035 4482 interitus,

2155 3518 2322 3579 ματος
2362 3500 2452 3553 τὸν
2498 3499 2627 3571 περὶ
2681 3499 3032 3564 ἀναστάσεως
3079 3499 3343 3573 ἀθετῆσαι
3394 3500 3550 3570 λόγον
3572 3540 3589 3567 ,
3638 3500 3735 3555 καὶ

2149 3593 2439 3665 οἰηθέντων
2462 3591 2775 3647 ἀκολουθεῖν
2816 3594 2881 3664 τῇ
2921 3592 3219 3647 ἀναστάσει
3262 3592 3324 3646 τὸ
3360 3592 3588 3647 ἕκαστον
3625 3594 3734 3647 τῶν

2148 3684 2524 3755 ἀνισταμένων
2562 3683 2662 3757 τὴν
2692 3683 2860 3755 αὐτὴν
2900 3674 3042 3755 ἔχειν
3080 3683 3264 3755 σχέσιν
3304 3684 3442 3756 πρὸς
3467 3684 3561 3749 οὒς
3589 3681 3732 3756 εἶχεν

2148 3779 2207 3831 ὲν
2249 3776 2326 3848 τῷ
2375 3777 2475 3848 βίῳ
2515 3776 2713 3848 τούτῳ,
2748 3777 2814 3830 ἵν’
2842 3780 2871 3831 ό
2902 3776 3000 3847 μὲν
3030 3777 3170 3849 ἀνὴρ
3200 3776 3450 3849 ἀπολάϐῃ
3492 3778 3586 3832 καὶ
3632 3778 3732 3849 τὴν

2147 3870 2380 3937 γυναῖκα
2431 3866 2569 3937 μετά
2604 3866 2713 3920 τοῦ·
2747 3869 2929 3937 τυχεῖν
2972 3868 3350 3932 ἀναστάσεως·
3392 3868 3420 3920 6
3448 3866 3506 3920 δὲ
3543 3868 3733 3940 πατὴρ

2149 3957 2308 4030 μείνῃ
2343 3960 2401 4012 ὲν
2427 3961 2494 4030 τῇ
2538 3958 2718 4029 σχέσει
2746 3961 2813 4030 τῇ
2844 3957 2981 4029 πρὸς
3022 3956 3113 4011 τὸν
3146 3957 3281 4022 υἱὸν,
3313 3956 3408 4011 καὶ
3450 3958 3478 4011 6
3507 3957 3735 4028 ἀδελφὸς

2144 4050 2281 4123 πρὸς
2305 4050 2395 4103 τὸν
2423 4050 2667 4120 ἀδελφόν.
2707 4049 2963 4115 Ἤγνόουν
2990 4049 3046 4103 δὲ
3067 4049 3198 4121 ἄρα,
3223 4050 3307 4103 ὅτι
3332 4049 3362 4103 6
3380 4049 3732 4121 δημιουργὸς.

2148 4142 2322 4196 πάντα
2366 4140 2535 4195 ποιῶν
2581 4140 2716 4212 πρὸς
2751 4139 2814 4193 τὸ
2864 4141 3154 4211 χρήσιμον,
3203 4140 3337 4193 ὅπου
3376 4140 3475 4211 μὲν
3521 4140 3735 4209 γένεσίς

2145 4232 2260 4287 ἐστι
2300 4232 2395 4286 καὶ
2423 4232 2619 4305 φθορὰ,
2656 4231 3302 4309 πεποίηκενιάναγγαίως
3331 4231 3430 4296 τάς
3475 4230 3733 4295 τοιαύτας

2146 4325 2379 4396 σχέσεις,
2414 4325 2481 4378 ἶν’
2514 4327 2542 4378 6
2572 4325 2670 4396 μέν
2700 4321 2839 4398 τιςῇ
2868 4325 3008 4397 ἀνὴρ
3044 4324 3132 4378 διά
3163 4324 3421 4394 γυναικὸς
3446 4324 3727 4378 διακονού-

2148 4432 2308 4488 μενος
2338 4413 2541 4467 παίδων
2576 4412 2788 4482 γενέσει
2807 4428 2822 4444 ·
2852 4414 2899 4466 οἱ
2927 4412 2984 4467 δὲ
3012 4413 3340 4485 γεννώμενοι
3375 4412 3547 4483 σχῶσί
3587 4429 3635 4464 τι
3664 4412 3728 4463 ἐκ

460 4512 730 4583 ejusmodi
762 4512 978 4567 habitus
1026 4511 1337 4569 necessario
1372 4509 1646 4565 invexisse
1678 4507 2032 4573 nesciebant,

2154 4507 2242 4579 τῆς
2280 4505 2370 4562 διὰ
2416 4505 2525 4559 τῶν
2567 4502 2752 4558 αὐτῶν
2784 4503 3050 4574 γενέσεως
3087 4502 3199 4575 (67)
3245 4503 3531 4573 συγγενὲς,
3579 4502 3730 4565 ὄντες

1675 4645 1907 4704 VETUS
1942 4641 2523 4699 INTERPBETATIO.

460 4773 584 4827 viri.
616 4772 785 4843 Igitur
817 4771 1027 4826 virente
1057 4770 1174 4824 viro
1211 4771 1453 4843 adultera
1485 4770 1662 4843 es_t._si
1694 4767 1833 4843 facta
1864 4763 2026 4843 fuerit
2062 4762 2213 4841 alteri
2258 4762 2396 4816 viro.
2448 4758 2504 4814 Si
2554 4768 2734 4814 autem
2776 4765 3027 4813 mortuus
3060 4756 3224 4812 fuerit
3246 4758 3349 4822 vir,
3383 4756 3608 4811 liberata
3640 4761 3723 4809 cst

461 4861 490 4898 a
519 4832 784 4913 legefviri,
822 4844 893 4896 ita
922 4851 981 4897 ut
1008 4856 1114 4895 non
1148 4843 1221 4896 sit
1249 4841 1562 4913 atlulterarsi
1596 4838 1757 4913 fuerit
1790 4832 2107 4913 curnaltero
2135 4833 2326 4913 νὶιοκξ
2433 4900 2444 4913 .
2601 4899 2613 4910 .
2892 4912 2901 4913 ί
2948 4897 2959 4908 _
3020 4912 3045 4913 ἡ
3104 4896 3141 4913 '7
3191 4896 3203 4908 .
3400 4894 3459 4913 ﬁ

660 4894 784 4969 ιῐέεέ
824 4894 891 4966 in
924 4894 1423 4967 eicessuﬁdiximus
1456 4894 1523 4966 ad
1565 4906 2022 4963 manifestandum
2059 4906 2228 4971 legem
2279 4900 2484 4971 Moysi,
2529 4899 2687 4969 cujus
2730 4896 3363 4976 mempria_m_facientes
3400 4894 3714 4976 Saridm-a‘i,

457 4964 1167 5053 Christuminterrogabant
1185 4964 1426 5036 dicentes
1453 4964 1470 5034 ξ
1500 4964 1522 5031 ῆι
1559 4979 1769 5050 Moyses
1803 4976 1973 5040 dixit;
2014 4992 2032 5024 ι
2068 4964 2720 5053 ηξρωῳωίωηωύυππι
2743 4968 2927 5053 omnia.
2955 4968 3033 5022 sic
3061 4968 3392 5053 futura-esse
3581 4978 3718 5053 qut):

461 5034 892 5108 .‘n‘b’db"gu7..'iii{
930 5034 1420 5107 έὲεέὗισῆέιόνῐιζί
1454 5061 1500 5106 et
1543 5034 1761 5108 uxores,
1795 5034 1976 5115 patres
2002 5053 2056 5097 et
2084 5043 2200 5104 lilii,
2232 5034 2426 5118 fratres
2454 5049 2508 5118 et
2549 5055 2789 5118 sorores.
2839 5037 3154 5118 Debuerunt
3186 5038 3331 5091 enim
3368 5034 3722 5118 considerare

459 5137 587 5177 ttmc
614 5124 892 5178 Sadducaei
927 5138 988 5177 ea
1014 5139 1136 5193 qua:
1164 5124 1530 5191 sequebantur
1555 5110 2086 5193 opiniunenreorum
2128 5131 2139 5165 :
2172 5112 2429 5191 quoniam
2458 5111 2503 5163 si
2532 5110 2767 5193 SBHE-ibi
2799 5110 3021 5193 nuptiae,
3056 5110 3476 5193 etpartusiﬂ
3511 5115 3721 5193 νενιξῇ

456 5206 509 5249 ct
541 5204 743 5249 mortes
768 5203 822 5248 et
849 5178 1193 5248 inﬁrmitates
1226 5178 1254 5247 ε’
1272 5193 1317 5248 si
1350 5178 1625 5254 nativitas,
1656 5196 1711 5242 et
1741 5186 1971 5255 pueritia
1995 5194 2043 5237 et
2069 5178 2420 5255 ascensiones
2443 5180 2733 5255 apuerilia
2752 5180 2841 5255 _ad_
2871 5178 3237 5255 maturitatem
3270 5178 3501 5255 virilem,
3529 5184 3581 5255 et
3620 5178 3724 5255 ini-

458 5244 1130 5320 {.bé'a'iiiinés'éciiééiiitig.‘
1151 5244 1426 5317 Stameni
1468 5261 1582 5314 haec
1608 5244 1823 5316 omnia.
1853 5255 1956 5308 erit
1994 5264 2048 5307 et
2078 5251 2306 5313 malitia,
2351 5261 2403 5304 et
2444 5244 2529 5302 vii
2568 5250 2765 5303 alicubi
2796 5250 2969 5302 virtus
3012 5248 3320 5320 invenietur
3353 5248 3406 5301 in
3449 5246 3589 5300 raris
3622 5244 3726 5320 itu-

455 5316 1273 5406 iiiiitihus—q—umrentibuseam.7
1305 5329 1373 5411 Et
1416 5331 1501 5385 his
1543 5329 1674 5400 quid
1719 5334 1895 5397 potest
1938 5339 2061 5377 esse
2088 5321 2322 5390 amplius
2351 5320 2590 5374 vanum?
2614 5329 2668 5374 et
2698 5320 2892 5374 melius
2925 5326 3009 5373 est
3041 5327 3100 5371 ut
3139 5331 3238 5372 nec
3275 5317 3347 5372 sit
3372 5316 3722 5375 resurrectio.

525 5480 567 5511 ⁸⁷
594 5478 755 5535 Rom.
787 5495 886 5544 vn,
918 5479 972 5543 l,
1002 5477 1073 5542 2,
1106 5477 1160 5531 '5.

546 5594 636 5661 66)
668 5592 778 5647 Τοῦ
805 5591 933 5660 τῆς.
967 5589 1271 5661 Legendum
1291 5587 1451 5661 τοῦτο
1483 5587 1601 5657 τῆς.

546 5596 614 5645 66
668 5596 778 5647 Τοῦ
805 5596 933 5660 τῆς.
967 5596 1271 5661 Legendum
1291 5596 1451 5641 τοῦτο
1483 5596 1601 5657 της.

523 5596 638 5730 ίίὶἲζ
677 5663 792 5730 Τῆς
822 5663 918 5715 διὰ
947 5659 1065 5714 τῶν
1091 5657 1289 5715 αὐτῶν
1314 5657 1624 5728 γενέσεως.
1665 5653 1741 5730 Ita
1775 5651 1837 5707 C.
1872 5650 1938 5703 Β.
1975 5659 2029 5702 at

456 5727 866 5801 Ηέγεννήσεως.
919 5731 1098 5801 Malim
1131 5727 1468 5801 γεννήσεως,
1509 5738 1563 5780 et
1596 5727 1758 5801 paulo
1806 5736 2027 5791 (rituque

454 5798 706 5864 superius
732 5817 744 5852 :
794 5799 1201 5860 διακονούμενος
1234 5798 1439 5852 παίδων
1466 5799 1737 5865 γεννήσει,
1773 5802 1827 5847 ct
1856 5806 1978 5844 mox
2007 5804 2020 5840 :

1265 5474 1311 5507 ³⁸
1338 5472 1530 5528 Matth.
1566 5486 1680 5527 xxn
1711 5509 1726 5535 ,
1780 5468 1872 5523 24.
1949 5467 1996 5498 ³⁸
2030 5465 2183 5529 ἰὺὶιΙη
2215 5463 2306 5517 25.

2385 5463 2429 5494 ³ο
2478 5461 2580 5518 isa.
2612 5464 2761 5526 ",1.

2139 5577 2444 5648 γεννήσεως
2468 5576 2527 5648 δὲ
2558 5576 2717 5648 ἔργον
2749 5571 2840 5648 ἦν,
2876 5584 2929 5648 et
2962 5576 3156 5648 iterum
3202 5575 3432 5631 inferius
3464 5591 3481 5627 :
3516 5568 3594 5631 ὧν
3636 5575 3725 5648 ὲντ

2138 5641 2312 5700 ταῦοα
2333 5647 2421 5700 διὰ
2443 5641 2693 5717 γέννησιν
2711 5641 2868 5718 χρεία
2884 5641 2973 5717 ἦν,
2997 5646 3354 5718 etaliquanto
3379 5654 3505 5715 post
3529 5663 3544 5718 :_
3569 5646 3724 5717 παρὰ

2136 5719 2203 5789 τα
2259 5720 2318 5770 ἐν
2365 5715 2617 5789 γεννήσει
2652 5715 2972 5789 πράγματα.
3032 5716 3136 5789 Sed
3171 5715 3427 5771 fortasse
3482 5715 3720 5785 γένεσιν,

2135 5788 2387 5857 γέννησιν
2412 5787 2719 5842 confmlerit
2750 5788 3032 5857 Origenes.
3061 5788 3324 5842 Hunnus.
