4110 6482
431 453 570 511 1389

1347 444 1701 502 (ΣΟΜΜΕΝΤ.
1745 443 1808 497 IN
1854 439 2272 497 MATTIHSUM
2312 437 2551 494 TOMUS
2584 430 2749 490 XVI].

3455 450 3459 454 -
3551 425 3688 482 1-590

426 567 519 620 τοῦ
551 563 808 634 βασιλέως
832 563 890 614 ὲν
910 562 975 631 τῇ
1008 559 1300 613 ἀναστάσει
1324 559 1432 611 τῶν
1461 557 1670 629 νεκρῶν
1702 558 1871 628 γαμεῖ
1903 556 2001 625 γά·
2031 581 2044 616 λ

2104 553 2277 623 angeli
2312 550 2406 605 Dei
2456 551 2508 604 in
2558 550 2697 605 coelo
2719 548 2805 611 ³⁶;
2838 564 2855 597 ι
2908 560 3093 599 verum
3144 559 3363 615 quoque
3419 552 3477 597 et
3520 542 3684 605 illud,

429 675 530 730 μον
584 654 734 727 παρά
776 654 951 708 πάντα
982 651 1176 722 γάμον,
1206 650 1264 703 ὃν
1297 649 1573 719 ὀφθαλμὸς
1604 644 1734 711 εἶδε,
1776 648 1869 701 καὶ
1905 642 1999 710 οὖς

425 751 645 816 ἤκουσε,
676 746 769 800 καὶ
802 745 896 797 ἐπὶ
922 743 1143 815 καρδίαν
1174 739 1460 813 ἀνθρώπου
1490 740 1655 812 ἀνέϐη
1677 758 1690 770 ·
1731 740 1824 793 καὶ
1856 739 2000 792 ἔστιν

426 841 453 891 ὁ
478 839 673 911 σεμνὸς
701 837 792 891 καὶ
823 834 963 897 θεῖος
997 835 1201 897 ἐκεῖνος
1227 832 1322 886 καὶ
1349 830 1713 901 πνευματικὸς
1744 829 1919 900 γάμος
1944 830 2001 882 ὲν

426 931 684 1003 ἀρρήτοις
709 930 965 1000 ῥήμασιν,
998 944 1013 976 ι
1050 924 1085 979 ἀ
1110 925 1184 996 μὴ
1211 923 1418 990 ἔξεστιν
1442 921 1714 993 ἀνθρώπῳ
1744 920 1942 974 λαλεῖν.
1978 940 1996 972 ι

426 1023 658 1092 Ζητήσει
683 1019 740 1072 δέ
766 1036 848 1083 τις
873 1019 920 1071 εί
964 1016 1227 1085 ἀνάλογον
1260 1013 1338 1085 τῷ
1371 1017 1429 1067 έν
1463 1016 1529 1085 τῇ
1574 1013 1866 1066 ἀναστάσει
1893 1010 2004 1064 τῶν

422 1111 629 1185 νεκρῶν
649 1109 742 1164 τοῦ
774 1109 1008 1181 νυμφίου
1037 1108 1201 1179 γάμῳ
1228 1107 1334 1160 εἰσὶ
1358 1107 1451 1160 καὶ
1478 1106 1624 1161 ἄλλοι
1662 1106 1849 1176 γάμοι,
1885 1104 1918 1174 ἢ
1947 1106 2004 1157 ὲν

418 1204 485 1272 τῇ
536 1200 832 1254 ἀναστάσει
860 1200 970 1253 τῶν
1005 1199 1214 1271 νεκρῶν
1262 1198 1420 1269 μόνος
1458 1200 1486 1250 ὁ
1517 1197 1769 1269 νυμφίος,
1802 1212 2007 1266 καταρ-

419 1291 594 1361 γήσας
620 1290 797 1344 πάντα
837 1291 1033 1361 γάμον,
1066 1291 1236 1360 γαμεῖ
1264 1288 1464 1359 γάμον,
1494 1289 1593 1359 οὐχ
1631 1289 1765 1341 ὅπου
1795 1285 2005 1340 ἔσονται

419 1380 468 1431 οἱ
516 1377 609 1431 δύο
640 1381 720 1443 εἰς
754 1379 933 1451 σάρκα
983 1380 1132 1449 μίαν,
1155 1377 1266 1431 ἀλλ’
1296 1379 1430 1430 ὅπου
1478 1375 1810 1450 κυριώτερόν
1858 1376 2006 1428 ἐστιν

419 1470 613 1534 εἰπεῖν,
650 1470 730 1524 δτι
773 1470 831 1525 ἒν
861 1469 1079 1541 πνεῦμά
1110 1472 1249 1523 είσιν
1276 1471 1304 1522 ὀ
1337 1468 1567 1540 νυμφίος
1595 1469 1689 1522 καὶ
1719 1469 1752 1540 ἡ
1790 1464 1998 1537 νύμφη.

429 1560 571 1628 ζΑλλ’
626 1561 727 1633 ὅρα
758 1561 967 1632 μήποτε
1015 1560 1235 1631 ὀλισθῇς
1279 1559 1497 1613 ἀκούων
1525 1559 1782 1613 τοιούτων
1806 1557 2001 1627 λόγων,

420 1652 556 1723 πρὸς
588 1651 646 1705 τὸ
671 1651 768 1723 τὴν
798 1652 928 1725 περὶ
962 1653 1069 1704 τῶν
1098 1649 1311 1704 αἰώνων
1342 1650 1453 1721 (70)
1496 1649 1819 1720 μυθοποιῖαν
1842 1647 2007 1720 ἀρρέ-

418 1761 525 1798 νων
567 1744 662 1798 καὶ
702 1743 932 1815 θηλειῶν
966 1741 1371 1815 παραδέξασθαι
1421 1741 1563 1795 κατά
1604 1741 1730 1804 τοὺς
1761 1738 2007 1794 ἀναπλά-

420 1855 620 1901 σαντας
653 1838 751 1901 τὰς
790 1826 1051 1906 συζυγίας
1081 1835 1261 1890 αὐτῶν
1289 1833 1541 1907 οὐδαμῶς
1571 1833 1677 1887 ὐπὸ
1710 1831 1819 1886 τῶν
1848 1830 2007 1901 ἱερῶν

418 1928 766 2000 γραμμάτων
792 1927 1148 1999 δηλουμένας.

2105 645 2249 714 quod
2278 642 2440 713 quasi
2467 642 2519 695 in
2556 638 2813 709 parabola
2842 637 2912 692 de
2937 636 3164 706 nuptiis,
3194 636 3263 690 ab
3286 634 3355 691 iis
3381 650 3502 705 quae
3523 650 3688 702 supra

2104 750 2307 791 terram
2341 735 2475 789 fiunt
2506 733 2682 803 ’plane
2727 729 2961 785 diversis
2995 726 3166 799 825
3206 727 3413 783 dictum
3459 737 3545 779 est
3585 724 3692 778 hoc

2106 828 2229 883 loco
2250 824 2291 857 ³⁷
2331 834 2347 871 :
2380 843 2398 876 ι
2431 822 2617 877 Simile
2648 820 2852 875 factum
2892 826 2981 874 est
3018 831 3246 888 regnum
3283 815 3551 869 cmlorum
3590 813 3691 867 lio-

2105 918 2237 972 mini
2275 916 2411 986 regi,
2438 915 2531 985 qui
2562 913 2771 968 faciens
2800 910 3016 982 nuptias
3034 909 3146 965 ﬁlio
3164 925 3287 976 suo,
3317 929 3336 961 )
3368 918 3422 962 et
3443 906 3687 975 reliqua;

2104 1020 2158 1064 et
2188 1010 2292 1065 hoc
2320 1008 2449 1061 item
2478 1007 2602 1061 loco
2625 1004 2673 1037 ⁸⁸
2701 1022 2715 1059 :
2753 1022 2770 1056 ι
2801 1002 2957 1059 Tunc
2985 1002 3162 1058 simile
3193 1002 3298 1056 erit
3320 1014 3548 1070 regnum
3577 1012 3689 1053 cm-

2106 1100 2283 1156 lorum
2313 1099 2500 1153 decem
2528 1096 2856 1169 virginibus,
2888 1109 3011 1165 quae
3045 1094 3376 1164 accipientes
3412 1090 3690 1160 lampades

2108 1209 2260 1257 suas,
2294 1212 2313 1245 ι
2345 1198 2399 1247 et
2421 1191 2652 1261 reliqua.
2679 1188 2735 1244 lu
2763 1189 3163 1245 resurrectione
3193 1200 3324 1256 ergo
3345 1192 3689 1239 mortuorum

2108 1283 2519 1339 matrimonium
2552 1282 2828 1337 contrahit
2851 1281 2995 1352 regis
3023 1280 3168 1334 ﬁlius
3192 1293 3356 1349 super
3382 1292 3545 1332 omne
3567 1291 3690 1330 ma-

2110 1373 2426 1428 trimonium
2455 1372 2602 1443 quod
2630 1372 2826 1427 oculus
2853 1370 3016 1435 vidit,
3041 1377 3094 1423 et
3126 1368 3283 1423 auris
3298 1368 3525 1433 audivit,
3548 1376 3603 1421 et
3634 1367 3688 1419 iu

2109 1480 2203 1519 cor
2248 1463 2486 1518 hominis
2532 1461 2781 1518 ascendit
2802 1460 2890 1529 ”;
2935 1471 2989 1515 et
3032 1475 3102 1515 ex
3141 1460 3209 1515 iis
3241 1460 3427 1513 verbis
3471 1457 3690 1512 arcanis

2115 1574 2134 1607 ι
2164 1569 2285 1624 qua:
2314 1568 2421 1608 non
2450 1553 2575 1608 licet
2601 1551 2809 1607 homini
2837 1551 2989 1622 loqui
3013 1551 3059 1584 ⁸ο
3091 1570 3111 1602 ι
3143 1550 3512 1606 venerandum
3554 1548 3689 1603 illud

2108 1655 2211 1712 est,
2239 1653 2293 1701 et
2315 1644 2584 1708 divinum,
2607 1659 2672 1699 ac
2698 1643 2983 1713 spirituale
3006 1641 3442 1697 matrimonium.
3475 1640 3693 1708 Quaeret

2110 1745 2292 1792 autem
2327 1735 2525 1805 aliquis
2557 1749 2626 1789 an
2674 1733 2836 1804 quale
2875 1741 2959 1787 est
3002 1732 3057 1786 in
3102 1742 3447 1787 mortuorum
3500 1746 3691 1786 resur-

2108 1828 2349 1884 rectione
2376 1826 2562 1897 sponsi
2599 1824 3031 1891 matrimonium,
3061 1822 3188 1878 talia
3216 1823 3328 1877 sint
3353 1832 3408 1877 et
3434 1822 3541 1876 alia
3574 1837 3692 1878 ωτι·-

2034 1915 2078 1969 Β
2110 1919 2369 1975 trimonia
2400 1937 2415 1985 ;
2444 1935 2511 1973 au
2540 1919 2594 1972 in
2626 1925 2971 1971 mortuorum
3000 1914 3403 1971 resurrectione
3451 1926 3690 1982 sponsus

418 2022 568 2078 solus
601 2022 750 2077 omni
779 2022 1041 2091 abrogato
1066 2020 1421 2076 matrimonio
1482 2021 1600 2091 ipse
1650 2019 2063 2074 matrimonium
2105 2016 2403 2082 contrahit,
2437 2030 2547 2069 non
2591 2027 2702 2085 quo
2744 2012 2856 2067 duo
2898 2017 3061 2066 erunt
3111 2010 3167 2064 in
3208 2024 3374 2065 carne
3416 2024 3548 2076 una,
3593 2010 3688 2063 sed

416 2129 527 2183 quo
576 2130 685 2170 uno
732 2130 901 2169 unum
961 2114 1211 2184 spiritum
1263 2129 1566 2185 sponsum,
1622 2128 1992 2185 sponsamque
2028 2111 2244 2166 futuros
2291 2110 2472 2165 dicere
2511 2107 2685 2178 magis
2707 2116 3136 2161 consentaneum
3182 2111 3286 2158 est.
3321 2102 3391 2157 At
3417 2100 3683 2172 ejusmodi

418 2222 698 2262 sermones
730 2206 977 2272 audiens,
1012 2221 1144 2261 cave
1175 2220 1244 2261 ne
1299 2221 1474 2277 usque
1513 2206 1649 2261 adeo
1687 2207 1928 2271 aberres,
1987 2214 2049 2261 ut
2086 2205 2394 2260 fabulosum
2452 2202 2583 2257 illud
2631 2202 2698 2256 de
2743 2199 3005 2255 masculis
3051 2213 3118 2254 ac
3160 2196 3380 2253 feminis
3417 2195 3689 2249 Eonibus

418 2300 732 2371 ﬁgmentum
762 2302 1039 2370 admittas,
1063 2301 1227 2373 'juxta
1271 2316 1464 2357 eorum
1509 2302 1851 2371 doctrinam,
1895 2301 1988 2373 qui
2027 2302 2272 2372 ipsorum
2308 2298 2557 2370 syzygias
2605 2298 2659 2352 in
2692 2294 2867 2352 sacris
2921 2292 3077 2349 libris
3125 2305 3472 2363 nequaquam
3521 2304 3689 2359 appa-

416 2408 597 2453 rentes
625 2397 1029 2453 conﬁnxerunt.
1764 2455 1768 2459 ,

499 2494 650 2548 Ἐπεὶ
690 2493 949 2565 οὐδεμιᾶς
972 2493 1331 2568 τροπολογίας
1367 2495 1536 2549 δεῖται
1574 2495 1636 2548 τὸ
1661 2494 1851 2565 πύσμα
1890 2495 1998 2549 τῶν

416 2583 787 2637 Σαδδουκαίων
838 2582 967 2654 περὶ
1021 2582 1128 2636 τῶν
1188 2583 1328 2638 έπτά
1382 2583 1625 2654 ἀδελφῶν
1686 2583 1999 2654 ἐσχηκότων

416 2677 547 2748 μίαν
576 2677 830 2745 γυναῖκα,
866 2674 1000 2746 φέρε
1032 2676 1458 2747 κατανοήσωμεν
1502 2676 1629 2740 τοὺς
1675 2674 1769 2729 τοῦ
1814 2674 1999 2745 Σωτῆ-

416 2786 509 2840 ρος
552 2768 681 2840 περὶ
705 2765 878 2821 ταῦτα
906 2765 1119 2835 λόγους,
1144 2767 1202 2821 ὲν
1234 2760 1316 2831 οἷς
1349 2784 1511 2839 φησι·
1554 2786 1571 2818 ι
1605 2765 1888 2821 Πλανᾶσθε
1923 2765 1998 2838 μὴ

414 2859 612 2924 εἰδότες
652 2857 751 2923 τὰς
792 2858 1038 2930 Γραφάς,
1069 2859 1204 2932 μηδὲ
1232 2859 1329 2931 τὴν
1360 2857 1590 2932 δύναμιν
1625 2858 1717 2912 τοῦ
1744 2857 1909 2912 Θεοῦο
1942 2860 2000 2912 ὲν

414 2951 523 3022 γὰρ
559 2953 626 3023 τῇ
676 2950 973 3006 ἀναστάσει
1023 2950 1147 3004 οὔτε
1202 2948 1502 3023 γαμοῦσιν,
1552 2951 1677 3004 οὔτε
1738 2949 2001 3024 γαμίζον-

414 3058 525 3106 ται,
557 3041 674 3095 ἀλλ’
716 3042 850 3096 εἰσὶν
880 3042 956 3106 ὡς
987 3042 1036 3095 οἱ
1064 3041 1286 3111 άγγελοι
1323 3044 1383 3096 έν
1416 3041 1495 3115 τῷ
1522 3040 1759 3115 οὐρανῷ.
1790 3061 1809 3094 ι
1853 3040 2000 3114 Πρὸς

414 3132 573 3186 τοῦτο
601 3133 659 3186 δὲ
694 3133 922 3205 ζητήσει
968 3151 1053 3199 τις
1093 3132 1318 3188 τοιαῦτα
1360 3132 1507 3205 (71)’
1543 3134 1572 3186 ὁ
1594 3132 1769 3203 λέγων
1809 3131 2001 3205 Σωτὴρ

413 3226 527 3288 τοῖς
556 3224 963 3291 Σαδδουκαίοιςο
1005 3243 1024 3277 ι
1069 3224 1350 3279 Πλανᾶσθε
1385 3223 1460 3297 μὴ
1494 3224 1697 3289 εἰδότες
1727 3223 1827 3289 τάς
1855 3223 1999 3297 Γρα-

415 3314 544 3385 φάς,
575 3314 711 3386 μηδὲ
741 3314 838 3387 τὴν
879 3313 1109 3387 δύναμιν
1149 3315 1242 3369 τοῦ
1277 3314 1434 3381 Θεοῦ,
1487 3334 1506 3368 ι
1560 3315 1814 3387 ἐμφαίνει
1861 3314 2001 3370 κατά

413 3405 512 3470 τὰς
548 3406 771 3478 Γραφάς
811 3405 1180 3480 παρίστασθαι
1224 3407 1286 3461 τὸ
1325 3408 1383 3461 ὲν
1436 3409 1503 3480 τῇ
1546 3407 1840 3462 ἀναστάσει
1890 3404 2000 3460 τῶν

412 3496 623 3569 νεκρῶν
647 3498 722 3571 μὴ
744 3494 882 3554 εῖναι
901 3499 1133 3573 γάμους,
1155 3500 1249 3554 ἅτε
1277 3500 1387 3554 τῶν
1408 3499 1865 3572 ἀναστησομένων
1886 3502 2001 3564 τοῖς

412 3590 471 3641 ὲν
491 3588 707 3661 οὐρανῷ
725 3577 985 3660 ’ἀγγέλοις
1004 3589 1117 3664 (72)
1136 3592 1269 3662 παρ’
1290 3586 1372 3654 οἷς
1393 3589 1493 3642 οὐκ
1515 3589 1631 3642 ἐστι
1649 3589 1848 3661 γάμοςο
1872 3588 2000 3642 ποία

312 3726 321 3731 -
411 3674 506 3733 οὖν
534 3678 724 3751 Γραφὴ
749 3678 922 3753 δηλοῖ,
958 3680 1042 3734 ὅτι
1068 3681 1126 3735 ὲν
1155 3682 1222 3751 τῇ
1256 3680 1552 3733 ἀναστάσει
1583 3678 1707 3732 οὔτε
1731 3678 2000 3750 γαμοῦσιν

2172 2492 2264 2548 54.
2298 2490 2567 2560 Quoniam
2602 2487 3030 2544 Sadduczeorum
3062 2487 3128 2541 de
3176 2494 3382 2555 septem
3428 2482 3687 2539 fratribus

2102 2585 2195 2658 qui
2228 2600 2394 2640 unam
2430 2585 2740 2638 habuerunt
2771 2596 2996 2636 uxorem
3024 2579 3258 2651 quaestio
3290 2578 3494 2633 nullam
3543 2579 3687 2633 desi—

2053 2674 2256 2733 ‘derat
2295 2675 2683 2746 tropologiam,
2737 2673 2967 2744 agedum
3017 2671 3326 2727 Servaloris
3383 2669 3525 2724 circa
3565 2684 3685 2724 eam

2104 2785 2216 2825 rem
2246 2782 2528 2825 sermones
2558 2765 2952 2835 expendamus,
2982 2764 3036 2818 in
3059 2763 3259 2834 quibus
3284 2762 3449 2817 ait“:
3484 2780 3500 2813 ι
3526 2760 3689 2815 Erra-

2104 2861 2177 2917 tis
2207 2860 2514 2916 nescientes
2559 2856 2895 2927 Scripturas,
2946 2871 3122 2926 neque
3170 2855 3423 2909 virtutem
3474 2854 3584 2910 Dei.
3626 2852 3687 2908 In

2104 2949 2504 3008 resurrectione
2526 2951 2672 3004 enim
2704 2963 2881 3019 neque
2913 2948 3138 3014 nubent,
3165 2961 3342 3017 neque
3371 2947 3644 3002 nubentur
3668 2963 3683 3000 :

2104 3043 2200 3102 sed
2246 3034 2377 3099 sunt
2425 3042 2566 3098 sicut
2614 3040 2789 3113 angeli
2838 3039 2932 3095 Dei
2968 3040 3022 3094 in
3057 3040 3215 3095 coelo.
3249 3059 3269 3092 ι
3308 3040 3389 3094 Ad
3420 3039 3477 3094 id
3503 3047 3684 3117 autem

2102 3132 2449 3207 proposuerit
2474 3131 2674 3203 aliquis
2700 3132 2967 3199 ejusmodi
2996 3132 3288 3202 quaesitum
3320 3149 3334 3185 :
3380 3129 3688 3201 Sospitator

2103 3224 2420 3283 Sadducaeis
2463 3224 2652 3280 dicens
2684 3243 2696 3279 :
2734 3243 2753 3275 ι
2778 3223 2984 3279 Erratis
3012 3224 3330 3280 nescientes
3350 3224 3684 3293 Seripluras,

2104 3332 2281 3388 neque
2302 3316 2557 3372 virtutem
2583 3313 2703 3382 Dei,
2736 3332 2753 3366 ι
2787 3314 2840 3369 id
2871 3314 2924 3368 in
2963 3311 3263 3384 Scripturis
3293 3314 3479 3372 doceri
3507 3314 3687 3369 decla~

2102 3415 2209 3471 rat,
2242 3407 2296 3461 in
2324 3403 2731 3461 resurrectione
2758 3410 3100 3458 mortuorum
3147 3403 3366 3472 nuptias
3403 3416 3511 3457 non
3548 3403 3688 3457 futu-

2103 3508 2217 3558 ras,
2247 3500 2437 3564 utpote
2463 3492 2670 3564 angelis
2698 3493 2792 3561 qui
2820 3491 2879 3546 in
2911 3491 3050 3547 cmlo
3084 3499 3240 3556 sunt,
3281 3501 3337 3546 et
3379 3493 3519 3562 apud
3546 3508 3685 3562 quos

2104 3586 2266 3641 nulla:
2290 3595 2421 3641 sunt
2448 3585 2673 3656 nuptiae,
2708 3583 2982 3639 similibus
3019 3583 3089 3638 iis
3125 3582 3326 3639 futuris
3367 3585 3460 3654 qui
3501 3601 3685 3640 resur-

2104 3684 2270 3746 gent;
2312 3689 2564 3745 quaenam
2622 3690 2752 3745 ergo
2819 3674 2979 3730 docet
3033 3672 3316 3744 Scriptura
3379 3674 3435 3728 in
3496 3689 3683 3729 resur-

412 3769 538 3824 οὔτε
558 3771 911 3841 γαμίζονται;
944 3771 1035 3825 καὶ
1060 3770 1162 3824 ποῦ
1186 3771 1281 3824 τοῦ
1312 3770 1479 3841 νόμου
1505 3769 1539 3841 ἦ
1563 3768 1673 3824 τῶν
1703 3769 1997 3841 προφητῶν
2026 3765 2044 3824 (

2101 3766 2347 3822 rectione
2369 3780 2542 3836 neque
2564 3771 2830 3835 nupturos
2857 3779 3033 3835 neque
3060 3773 3289 3834 nuptum
3317 3765 3425 3818 iri?
3466 3772 3522 3820 et
3546 3780 3683 3834 quo-

416 3860 759 3932 μανθάνομεν
783 3861 911 3932 περὶ
934 3860 1043 3914 τῶν
1068 3860 1546 3933 ἀναστησομένων,
1566 3860 1648 3913 ὅτι
1679 3858 1894 3913 ἔσονται
1921 3857 1998 3924 ὡς

2104 3872 2230 3912 nam
2279 3856 2333 3911 in
2381 3857 2502 3912 loco
2546 3856 2635 3912 vel
2681 3857 2812 3927 legis
2844 3856 2928 3912 vel
2970 3855 3361 3927 prophetarum
3418 3856 3683 3912 discimus

411 3950 462 4003 ot
495 3952 553 4005 ὲν
580 3950 657 4022 τῷ
681 3950 897 4024 οὐρανῷ
934 3950 1187 4022 άγγελοι;
1223 3950 1412 4021 σαφῶς
1440 3950 1549 4022 γὰρ
1576 3948 1801 4005 τοιαῦτα
1839 3951 1897 4003 ὲν
1930 3951 1996 4023 τῇ

2105 3949 2314 4005 similes
2338 3949 2545 4021 angelis
2573 3949 2700 4006 caeli
2730 3948 2945 4006 futuros
2970 3950 3065 4022 qui
3098 3959 3381 4022 resurgeut
3399 3950 3425 4004 ?
3458 3948 3512 4006 id
3536 3950 3681 4006 enim

1596 4086 1828 4146 VETUS
1856 4085 2468 4158 IINTERPRETATIO.
3244 4042 3261 4051 ’

418 4228 473 4307 in
511 4242 675 4307 carpe
703 4242 833 4307 una,
862 4226 962 4307 sed
988 4226 1128 4293 duos
1172 4224 1399 4307 spiritus
1436 4241 1602 4292 unus,
1635 4226 1687 4281 id
1714 4236 1803 4307 est
1823 4234 2139 4307 sponsuset
2167 4241 2387 4307 sponsa.
2572 4226 2791 4307 videnhe
2825 4234 2881 4281 tu
2915 4225 3145 4307 audiens
3174 4226 3288 4307 haec
3320 4226 3539 4306 aberres
3577 4244 3678 4279 Ωιι-

416 4298 572 4353 diens
597 4296 803 4352 fabulas
828 4297 1135 4363 aliquorum
1168 4295 1463 4351 dicentium
1489 4312 1610 4351 esse
1642 4298 1837 4352 saecula
1858 4295 2281 4361 masculina—et
2302 4298 2586 4363 feminina,
2618 4297 2712 4367 qui
2744 4296 3020 4351 ﬁnxerunt
3045 4305 3100 4350 et
3126 4295 3547 4365 conjunctiones
3584 4313 3679 4352 sa:-

416 4368 663 4436 culorum
691 4368 906 4421 illorum
941 4381 1064 4436 qua
1083 4381 1191 4420 non
1218 4376 1368 4428 sunt,
1400 4381 1579 4435 neque
1606 4368 1667 4421 ﬁt
1695 4383 1887 4423 eorum
1917 4369 2178 4422 memoria
2210 4368 2263 4421 in
2293 4367 2615 4436 Scripturis.
2704 4434 2713 4436 _
2820 4430 2825 4431 γ

493 4438 583 4492 δι.
616 4435 772 4493 Nunc
798 4434 1083 4492 videamus
1108 4436 1313 4507 Christi
1344 4434 1628 4506 responsa,
1662 4438 1865 4507 quibus
1898 4438 1975 4491 ait
2006 4455 2020 4491 :
2061 4456 2078 4488 ι
2109 4436 2318 4493 Erratis
2349 4434 2657 4493 nescientes
2696 4434 3031 4507 Scripturas,
3069 4451 3244 4507 neque
3268 4436 3523 4492 virtutem
3556 4437 3669 4491 Dei.

415 4506 478 4577 fu
508 4507 910 4577 resurrectione
936 4522 1125 4577 neque
1145 4505 1379 4577 nubunt,
1407 4505 1585 4577 neque
1616 4505 1817 4563 uxores
1856 4506 2163 4576 accipiunt,
2204 4507 2296 4561 scd
2345 4516 2474 4562 sunt
2524 4509 2666 4563 sicut
2696 4505 2874 4575 angeli
2928 4507 2982 4560 in
3026 4505 3187 4577 cudo.
3224 4525 3241 4558 ι
3287 4507 3551 4573 Queritur
3589 4508 3678 4561 hic

418 4576 685 4642 Salvator,
718 4577 811 4647 qui
843 4576 973 4647 dicit
998 4574 1065 4630 ad
1093 4574 1424 4647 Sadducaeos
1449 4594 1464 4630 :
1494 4574 1521 4628 “ι
1554 4576 1765 4633 Erratis
1801 4574 2105 4632 nescientes
2136 4578 2470 4647 Scriptores,
2504 4592 2682 4647 neque
2729 4574 2987 4633 virtutem
3041 4574 3156 4647 Dei.
3195 4596 3212 4627 ι
3270 4579 3480 4632 indicat
3526 4580 3678 4632 enim

455 4647 675 4729 ueniam
792 4646 1119 4729 quibusdam
1149 4644 1450 4729 Scripturis
1475 4647 1713 4729 positum
1744 4658 1828 4702 est
1861 4657 1973 4729 ,.u_t
2003 4647 2057 4701 in
2087 4644 2484 4729 resurrectione
2518 4644 2863 4729 nuptiaenon
2901 4647 3031 4709 sint,
3071 4645 3390 4729 hominibus
3433 4649 3681 4729 videlicet

436 4661 675 4730 [nontam
708 4662 762 4729 in
792 4661 1119 4770 quibusdam
1149 4661 1450 4715 bCl‘lpllll‘ls
1475 4661 1713 4716 positum
1744 4661 1828 4702 est
1861 4687 1876 4712 ,
1913 4661 1973 4701 ιιι
2003 4663 2057 4701 ιιι
2087 4661 2484 4703 resurrectione
2518 4661 2863 4729 nuptiarnon
2901 4661 3031 4709 sint,
3074 4661 3390 4726 nominibus
3433 4661 3677 4702 vnleucet

436 4725 575 4773 actis
594 4732 650 4771 tn
680 4732 807 4771 stmt
834 4716 1096 4788 ttudtnem
1118 4717 1459 4788 angelorum.
1489 4716 1622 4782 Quae
1644 4732 1775 4787 ergo
1800 4719 2074 4785 scriptura
2103 4728 2186 4773 est
2207 4718 2413 4772 docens
2437 4734 2699 4788 quoniam
2728 4735 2784 4771 ιιι
2812 4725 3416 4788 resurrectioneneque
3444 4718 3677 4782 nubunt,

413 4802 590 4857 neque
621 4802 819 4858 uxores
847 4785 1164 4858 accipiunt?
1189 4785 1262 4858 Et
1293 4786 1346 4839 iu
1377 4801 1485 4858 qua
1504 4785 1787 4858 scriptura
1817 4788 1902 4841 vel
1935 4788 2068 4858 legis
2089 4826 2104 4850 ,
2155 4788 2238 4841 vel
2290 4785 2678 4858 prophetarum
2731 4788 2999 4841 discimus
3025 4785 3342 4858 ,_quoniani
3381 4797 3543 4842 erunt
3584 4790 3679 4856 qui

414 4855 1014 4927 resurrexerint,rsicut
1046 4855 1223 4927 angeli
1252 4856 1305 4927 in
1336 4857 1476 4910 ccelo
1498 4856 1523 4909 ?
1545 4855 1830 4927 Manifeste
1858 4855 2009 4927 enim
2040 4858 2093 4911 in
2135 4855 2304 4913 Veteri
2339 4855 2690 4912 Testamento
2743 4858 2847 4913 hoc
2889 4871 2995 4915 non
3045 4855 3241 4927 legitur
3277 4858 3549 4927 scriptum
3571 4855 3680 4920 ,iet

412 4935 623 4998 quaerat
647 4926 742 4998 qui
772 4926 920 4998 vult,
938 4925 984 4979 si
1023 4924 1224 4998 poterit
1252 4926 1517 4998 invenire.
1543 4924 1657 4983 Nos
1689 4937 1870 4998 autem
1893 4926 2129 4998 dicimus
2150 4928 2279 4998 quia
2307 4928 2576 4998 scriptum
2605 4938 2710 4992 est,
2743 4943 2852 4983 non
2879 4936 3061 4991 tamen
3084 4924 3138 4981 in
3166 4927 3299 4998 ipsis
3324 4924 3675 4983 sei-monibus

412 4996 701 5067 manifeste
726 4997 829 5051 ista
859 4996 1193 5067 dicentibus,
1228 4996 1322 5050 sed
1350 4996 1696 5067 inmysterio
1730 4997 2101 5053 indicantibus
2133 4996 2439 5053 secundum
2469 4999 2804 5053 intellectum
2844 4998 3125 5067 moralem.
3162 4997 3295 5050 l\am
3331 5013 3455 5052 cum
3487 4998 3559 5052 sit
3592 5000 3676 5052 lex

395 5066 607 5143 umbra
632 5064 1284 5143 futu_rorum_bonorum,_
1303 5073 1359 5119 et
1392 5064 1582 5121 dicens
1609 5068 1858 5143 quaedam
1886 5067 1963 5143 de
1983 5067 2115 5143 viris
2148 5078 2202 5122 et
2238 5070 2526 5143 uxoribus,
2561 5078 2615 5123 et
2649 5082 2931 5143 exponens
2960 5066 3206 5143 nuptias,
3240 5083 3348 5121 non
3400 5070 3674 5143 νήνι-ιρις-

415 5131 539 5207 liter
563 5139 631 5192 de
659 5136 808 5207 ipsis,
823 5134 1030 5207 nuptiis
1062 5134 1401 5206 intelligitur,
1430 5150 1571 5207 quas
1616 5131 1723 5190 non
1775 5137 2099 5207 simpliciter
2151 5140 2455 5194 secundum
2503 5131 2739 5195 caruem'
2782 5135 3000 5207 nuptias
3039 5131 3452 5207 egistimamu's,
3484 5131 3593 5193 scd'
3609 5139 3677 5192 de

416 5202 614 5259 talibus
640 5202 844 5274 nuptiis
874 5202 1065 5275 quales
1101 5218 1201 5259 nos
1230 5202 1395 5274 supra
1429 5202 1499 5261 de
1534 5205 1756 5262 Christo
1776 5218 1828 5261 et
1850 5202 2094 5263 Ecclesia
2126 5208 2479 5277 exposuimus
2503 5210 2556 5263 in
2580 5208 2779 5263 saeculo
2807 5202 2903 5261 illo
2929 5205 3066 5261 fore.
3094 5203 3316 5276 Utputa,
3350 5226 3371 5260 ι
3400 5210 3676 5262 Abraham

411 5317 746 5445 Ξθκόξιιαιι.
772 5338 907 5388 ml,
938 5323 1028 5379 30.
1103 5324 1147 5356 ³⁷
1181 5322 1310 5379 ibid.
1338 5324 1394 5379 2.
1472 5323 1514 5356 ³⁸
1544 5324 1738 5382 Matth.
1772 5343 1899 5392 xxv,
1940 5329 1985 5380 l.

2101 5327 2174 5380 ¹⁹Ι
2216 5327 2342 5384 Cor.
2378 5344 2439 5393 ιι,
2486 5329 2542 5383 9.
2638 5327 2682 5359 ⁵⁰
2706 5326 2750 5382 ll
2778 5326 2905 5382 Cor.
2937 5341 3034 5391 xtl,
3066 5326 3119 5381 4.

484 5522 598 5596 (70)
623 5523 785 5597 Πρὸς,
826 5525 891 5580 τό
915 5526 1031 5596 τὴν
1072 5529 1205 5597 περὶ
1238 5526 1355 5581 τῶν
1384 5525 1634 5593 αἰώνων,
1665 5538 1770 5584 etc.
1807 5529 1994 5586 Valen-

409 5594 589 5671 tinum
636 5596 911 5671 suggillat.
961 5594 1223 5671 Hostius.
1255 5597 1550 5653 ——lbidem
1605 5615 1703 5669 pro
1736 5597 1987 5671 θηλειῶν,

409 5665 997 5754 “stemmate?!”
1035 5668 1333 5754 θαλέέυνομ
1605 5665 1620 5669 ’
1702 5740 1727 5752 η
1791 5665 1802 5671 ’
1913 5749 1924 5754 -
1975 5665 1984 5668 ’

2101 5665 2392 5754 άπῂοέλοιΙς.
2432 5672 2822 5754 Ιξοθει-αιίιιιιίιι
2841 5665 2875 5754 ,_
2897 5665 3130 5754 fortasse
3160 5665 3670 5754 ὁμοῐωθησομένων,

1023 5716 1383 5819 355.2%}503:
1418 5754 1513 5819 τις
1564 5740 1827 5819 τοιαῦτᾳ,
1876 5749 1983 5796 etc.

2101 5716 2192 5819 ιὀίι⁴
2223 5716 2423 5815 ὁμοίων
2458 5716 2759 5819 ἐσομένων..
2793 5716 3117 5819 velaliquid
3137 5716 3669 5819 _eft't_sm_ot'li._r\_letu;

408 5803 890 5888 ()‘rigenes’homil.
922 5807 991 5888 ξξθ
1023 5807 1076 5862 ἱη
1108 5803 1239 5863 Luc.
1256 5803 1520 5888 eamdem
1552 5803 1983 5888 proponiit’qme-
2094 5803 2398 5888 interpres:
2449 5832 2469 5888 ς
2503 5803 2829 5888 Heiniuibus
2863 5803 3111 5868 videlicet
3134 5803 3290 5869 factis
3323 5814 3377 5867 iu
3412 5813 3669 5867 similitu-

411 5878 666 5938 stioncm.
693 5893 857 5939 quam
894 5878 998 5931 alia
1027 5879 1376 5943 responsione
1405 5878 1690 5935 dissolvit:
1721 5892 1776 5935 tu
1803 5878 1980 5937 locum
2091 5878 2273 5940 dinem
2310 5884 2683 5953 angelorum.»
2714 5882 2785 5939 lu.

3233 5328 3273 5358 "
3318 5327 3499 5381 Matth.
3541 5342 3675 5394 xxii,

2101 5533 2349 5589 consule.
2378 5529 2640 5588 Πυετιυε.

2170 5601 2284 5673 (72)
2312 5603 2455 5673 'At's
2480 5601 2597 5655 τῶν
2621 5600 3142 5673 ἁναστησρμένων·
3167 5603 3291 5668 τοῖς
3330 5601 3399 5673 έν
3438 5600 3668 5673 οὐρανῷ
