4110 6456
450 399 587 455 1595

1925 390 2254 450 ORIGENIS

3560 388 3707 444 133θῦ

443 508 794 587 Quapropter
834 515 969 570 mihi
1025 529 1132 569 non
1183 514 1343 571 aliter
1396 514 1531 570 solvi
1595 529 1758 584 posse
1806 512 2019 567 videtur

2123 510 2322 580 Διόπερ
2361 507 2485 578 ἐμοὶ
2527 505 2629 560 οὐκ
2663 504 2849 573 άλλως⁹
2892 504 3139 575 φαίνεται
3186 466 3455 557 δύνασθαι⁸
3488 500 3713 556 λύεσθαι

445 606 691 663 illud”:
743 625 763 658 ε
806 605 1055 673 Erratis,
1106 606 1408 661 nescientes
1456 605 1799 676 Scripturas.
1850 618 2025 672 neque

446 699 701 753 virtutem
738 696 833 752 Dei
860 712 878 763 ;
905 697 960 751 in
986 696 1385 752 resurrectione
1413 695 1558 750 enim
1589 710 1766 766 neque
1796 694 2022 757 nubent,

444 804 620 859 neque
648 788 944 854 nubentur,
978 806 996 839 ι
1032 802 1194 858 quam
1223 800 1318 857 per
1341 787 1681 857 allegoriam,
1712 801 1835 856 quae
1857 784 2023 841 simili

445 879 605 934 modo
639 879 781 949 apud
817 879 1140 950 Apostolum
1190 879 1245 933 in
1297 877 1540 948 Epistola
1589 877 1656 932 ad
1701 876 1923 933 Galatas
1956 876 2025 932 de

443 969 637 1025 ancilla
695 978 750 1024 et
811 968 983 1025 libera
1006 969 1076 1037 “,
1131 976 1185 1024 et
1243 983 1408 1037 super
1454 966 1678 1037 reliquis
1727 965 2023 1037 Scripturis

443 1060 499 1116 in
556 1061 756 1132 quibus
820 1061 888 1117 de
955 1062 1074 1115 viro
1135 1068 1191 1116 et
1245 1059 1476 1115 muliere
1527 1059 1734 1115 dictum
1786 1067 1871 1114 est
1920 1059 2022 1113 ali-

442 1152 599 1224 quid,
651 1153 787 1209 tradi
848 1161 1045 1223 potest.
1088 1150 1156 1206 Et
1201 1151 1661 1223 quemadmodum
1700 1160 1885 1206 errant
1927 1149 2021 1220 qui

440 1258 565 1300 cum
592 1245 981 1315 prophetarum
1014 1243 1215 1314 scripta
1245 1243 1580 1314 tropologice
1615 1257 1725 1297 non
1750 1243 2020 1312 interpre-

441 1344 644 1400 tentur,
678 1349 978 1404 corporeos
1003 1335 1158 1390 cibos
1189 1341 1317 1405 post
1340 1333 1802 1389 resurrectionem
1831 1347 2022 1397 esuros

440 1442 542 1481 nos
567 1443 634 1482 ac
663 1427 935 1483 hibituros
982 1428 1332 1492 existimant,
1375 1427 1504 1496 quia
1538 1427 1668 1481 talia
1712 1424 2023 1495 Scriptura-

442 1534 567 1573 rum
601 1518 785 1575 verbis
812 1519 1196 1585 continentur;
1245 1519 1318 1574 ita
1352 1526 1407 1573 et
1438 1534 1562 1574 cum
1592 1534 1680 1573 res
1729 1518 1797 1573 de
1828 1520 2020 1573 matri-

442 1609 665 1672 moniis,
689 1618 744 1664 et
767 1611 901 1667 viris
932 1625 997 1665 ac
1021 1609 1346 1664 mulieribus
1378 1609 1724 1679 conscriptas
1760 1608 1929 1664 verbo
1948 1618 2023 1664 te-

441 1714 547 1754 nus
576 1707 816 1767 ιυθηιυτ,
848 1699 1205 1771 futurumque
1238 1708 1525 1755 autumant
1554 1709 1614 1755 111.
1640 1711 1771 1755 tunc
1800 1715 2022 1771 quoque

438 1792 686 1847 venereis
709 1800 929 1847 utamur
953 1792 1363 1862 congressibus,
1387 1800 1610 1863 propter
1631 1806 1771 1862 quos
1786 1792 2016 1847 orationi

2129 598 2224 663 τὸ,
2260 616 2278 649 t
2333 595 2612 650 Πλανᾶσθε
2657 595 2732 668 μὴ
2771 595 2972 659 εἰδότες
2998 594 3095 658 τὰς
3135 592 3376 666 Γραφὰς,
3435 592 3572 663 μηδὲ
3617 591 3716 663 τὴν

2129 690 2355 761 δύναμιν
2396 690 2492 763 τοῦ
2539 688 2708 744 Θεοῦ·
2756 692 2815 745 ὲν
2844 692 2953 762 γὰρ
2995 694 3062 763 τῇ
3109 690 3405 744 ἀναστάσει
3450 688 3574 743 οὒτε
3615 675 3745 757 Tac"

2133 781 2343 853 μοῦσιν,
2373 780 2497 835 οὔτε
2529 780 2915 853 γαμίσκονται,
2953 802 2971 833 ι
3004 782 3038 853 ἢ
3069 781 3158 835 διὰ
3178 781 3280 852 τῆς
3307 781 3569 849 ἀνάλογον
3603 797 3714 834 κει-

2133 874 2300 945 μένης
2340 874 2671 945 ἀλληγορίας
2709 873 2861 945 παρὰ
2905 872 2982 944 τῷ
3025 872 3338 945 Ἀποστόλῳ
3368 874 3427 928 ὲν
3466 875 3535 945 τῇ
3575 872 3713 944 πρὸς
3762 882 3776 893 ‘

2129 963 2373 1027 Γαλάτας
2401 962 2688 1035 Ἐπιστολῇ
2739 964 2869 1035 περὶ
2921 964 3212 1035 παιδίσκης
3260 965 3354 1019 καὶ
3388 965 3709 1037 ἐλευθέρας,

2129 1054 2606 1126 άποδοθησομὲνης
2630 1056 2724 1110 καὶ
2748 1057 2828 1120 είς
2848 1055 2947 1120 τὰς
2967 1056 3158 1120 λοιπάς
3180 1057 3402 1128 Γραφὰς
3427 1056 3556 1111 ἔνθα
3583 1058 3713 1130 περὶ

2127 1144 2322 1217 ἀνδρὸς
2370 1146 2464 1199 καὶ
2508 1146 2766 1215 γυναικὸς
2813 1146 3060 1201 λέλεκταί
3093 1165 3168 1201 τι.
3202 1148 3314 1201 Καὶ
3355 1133 3543 1220 ὥσπερ
3573 1146 3715 1201 πλα-

2127 1235 2324 1291 νῶνται
2350 1239 2399 1291 οἱ
2429 1237 2517 1292 διὰ
2545 1238 2658 1307 (74)
2704 1239 2764 1293 τὸ
2794 1240 2867 1311 μὴ
2905 1239 3251 1311 τροπολογεῖν
3298 1239 3370 1294 τὰ
3399 1238 3712 1311 προφητικὰ

2127 1328 2361 1400 οἰόμενοι
2387 1328 2601 1400 μέλλειν
2626 1331 2773 1402 ἡμᾶς
2803 1330 2942 1401 μετὰ
2964 1329 3060 1401 τὴν
3084 1330 3377 1383 ἀνάστασιν
3398 1329 3597 1385 ἐσθίειν
3618 1332 3715 1384 καὶ

2129 1422 2303 1475 πίνειν
2344 1422 2634 1493 σωματικᾶ
2678 1422 2963 1494 βρώματα,
2995 1424 3117 1477 ἐπεὶ
3149 1424 3206 1476 αἱ
3239 1421 3411 1487 λέξεις
3437 1423 3544 1476 τῶν
3573 1423 3710 1493 Γρα-

2067 1502 2085 1519 “
2129 1512 2247 1582 φῶν
2279 1513 2503 1567 τοιαῦτα
2535 1514 2902 1586 περιέχουσιν·
2937 1513 3111 1578 οὕτως
3144 1514 3237 1567 καὶ
3267 1514 3336 1568 τά
3362 1515 3489 1584 περὶ
3517 1514 3712 1586 γάμων

2126 1606 2486 1678 γεγραμμένα
2543 1606 2637 1659 καὶ
2692 1605 2902 1677 ἀνδρῶν
2952 1606 3046 1659 καὶ
3093 1607 3369 1674 γυναικῶν
3419 1607 3714 1677 τηροῦντες

2128 1699 2221 1751 ἐπὶ
2251 1696 2347 1750 τοῦ
2393 1696 2578 1768 ῥητοῦ,
2627 1696 3006 1767 καὶηοιόμενοι
3059 1691 3379 1759 συνουσίαις
3415 1697 3564 1768 ἡμᾶς
3616 1698 3711 1751 καὶ

2125 1788 2246 1841 τότε
2290 1786 2587 1860 χρήσεσθαι
2628 1786 2761 1859 (75),
2806 1788 2873 1840 δι’
2903 1788 2969 1851 ἃς
2999 1787 3120 1841 οὐδὲ
3163 1786 3442 1857 σχολάζειν
3489 1788 3607 1841 ἐστὶ
3642 1790 3711 1859 τῇ

438 1895 634 1936 vacare
662 1882 888 1938 minime
917 1882 1084 1950 licet;
1118 1899 1243 1939 cum
1276 1883 1469 1954 polluti
1503 1883 1909 1954 quodammodo
1963 1894 2017 1940 ct

2121 1882 2391 1951 προσευχῇ
2428 1878 2675 1943 δυνατὸν,
2709 1881 2768 1932 ὲν
2805 1879 3069 1950 μολυσμῷ
3100 1896 3218 1942 πως
3247 1880 3416 1934 ὅντων
3443 1880 3539 1934 καὶ
3580 1880 3714 1934 ἀκα-

438 1971 704 2028 immundi
734 1973 845 2029 sint
875 1975 968 2045 qui
999 1975 1247 2032 venereis
1268 1976 1433 2031 rebus
1465 1985 1716 2033 utuntur.

506 2062 597 2118 56.
626 2061 821 2129 Quaaro
854 2064 1111 2135 deinceps
1135 2079 1204 2119 an
1229 2063 1318 2119 illa
1349 2082 1363 2117 :
1390 2082 1423 2129 ,ι
1460 2062 1692 2127 Erratis,
1713 2063 2018 2119 nescientes

437 2145 772 2219 Scripturas,
792 2166 972 2222 neque
1002 2153 1260 2209 virtutem
1304 2152 1435 2219 Dei,
1476 2172 1495 2204 ι
1546 2153 1614 2207 ad
1662 2152 1791 2207 illud
1840 2151 2017 2206 solum

436 2237 744 2295 referatur:
803 2260 823 2294 ι
858 2242 918 2297 ln
952 2244 1358 2299 resurrectione
1400 2243 1546 2298 enim
1588 2257 1766 2313 neque
1815 2242 2020 2298 nubent

434 2343 615 2399 neque
641 2330 948 2401 nubentur;
990 2353 1009 2385 ι
1045 2349 1114 2388 an
1135 2342 1190 2389 et
1209 2332 1279 2388 ad
1305 2347 1368 2388 ea
1394 2346 1613 2404 quoque
1640 2349 1656 2387 ι
1698 2351 1717 2384 ι
1753 2330 1859 2388 Sed
1888 2341 2020 2388 sunt

435 2419 580 2477 sicut
605 2423 783 2493 angeli
814 2422 909 2479 Dei
931 2424 986 2479 in
1014 2425 1187 2491 coelo;
1222 2444 1241 2478 ι
1269 2440 1370 2481 nec
1392 2425 1539 2480 enim
1558 2424 1774 2495 reperio
1797 2425 1852 2479 in
1872 2438 2017 2495 quo-

434 2525 562 2566 nam
618 2509 917 2583 Scriptura:
950 2515 1072 2571 loco
1096 2516 1304 2587 angelis
1335 2515 1389 2571 in
1417 2515 1558 2572 caelo
1589 2516 1799 2572 similes
1845 2515 2017 2571 futuri

433 2601 708 2672 dicantur,
738 2606 833 2678 qui
867 2607 1100 2663 salutem
1132 2588 1534 2679 adipiscentur;
1570 2608 1742 2680 828
1767 2608 1874 2664 nisi
1890 2609 2017 2680 quis

436 2692 670 2767 fortasse
703 2696 832 2753 illud
865 2697 1133 2756 declarari
1169 2701 1485 2771 pronuntiet
1523 2701 1571 2734 ⁸⁸
1611 2719 1626 2756 :
1665 2718 1684 2751 σ
1719 2698 1801 2755 Tu
1834 2711 2017 2755 autem

434 2782 539 2838 ibis
561 2785 628 2839 ad
676 2793 859 2856 patres
885 2797 1006 2844 tuos
1037 2788 1092 2843 in
1146 2784 1301 2860 pace,
1343 2789 1583 2846 nutritus
1633 2790 1691 2844 in
1738 2797 2019 2845 senectute

434 2875 613 2944 bona;
645 2895 666 2929 ι
720 2884 776 2933 et
800 2877 896 2933 illo
921 2879 1010 2931 ⁸ος
1052 2899 1072 2931 ι
1122 2880 1418 2951 Appositus
1445 2890 1529 2938 est
1574 2881 1777 2953 populo
1824 2896 1947 2949 suo,
1989 2900 2009 2934 ι

434 2970 520 3025 vel
573 2984 640 3027 eo
661 2972 756 3045 qui
803 2971 860 3027 in
909 2970 1333 3029 Deuteronomio
1365 2972 1600 3029 habetur
1655 2973 1778 3029 loco
1807 2973 1875 3040 ",
1906 2986 2018 3043 quo

434 3062 623 3132 homo,
650 3064 807 3136 quasi
833 3079 865 3120 a
895 3064 1007 3122 Deo
1035 3065 1091 3120 in
1114 3065 1276 3133 coelo,
1309 3074 1366 3121 et
1394 3081 1560 3136 supra
1586 3073 1786 3122 terram
1811 3064 2017 3123 consti-

2121 1971 2322 2044 θαρσίᾳ
2351 1972 2456 2025 τινὶ
2489 1972 2599 2027 τῶν
2634 1972 2935 2045 χρωμένων
2962 1970 3319 2042 ἀφροδισίοις.

2188 2062 2348 2117 Μετὰ
2375 2062 2548 2117 ταῦτα
2577 2062 2726 2134 ζητῶ
2755 2063 2983 2135 πότερον
3011 2062 3072 2116 τὸ
3091 2101 3106 2125 ,
3144 2081 3164 2114 ‹
3200 2062 3485 2117 Πλανᾶσθε
3529 2063 3605 2136 μὴ
3641 2065 3712 2118 εί-

2118 2156 2269 2220 δότες
2303 2155 2401 2219 τὰς
2445 2154 2691 2227 Γραφὰς,
2746 2156 2881 2226 μηδὲ
2924 2155 3032 2227 τὴν
3078 2154 3310 2226 δύναμιν
3354 2155 3449 2209 τοῦ
3484 2156 3641 2223 Θεοῦ,
3680 2176 3700 2210 ι

2119 2248 2212 2299 ἐπὶ
2251 2246 2411 2318 μόνον
2456 2244 2786 2317 ἀναφέρεται
2830 2245 2924 2309 τὸ,
2964 2264 2983 2296 ί
3037 2246 3124 2299 Ἐν
3157 2245 3262 2317 γὰρ
3301 2248 3366 2317 τῇ
3417 2248 3705 2301 ἀναστάσει

2117 2337 2241 2391 οὔτε
2281 2337 2576 2409 γαμοῦσιν,
2611 2335 2735 2390 οὔτε
2775 2336 3164 2407 γαμίσκονται,
3219 2355 3243 2389 r
3275 2336 3309 2407 ἢ
3355 2338 3446 2391 καὶ
3484 2339 3576 2391 ἐπὶ
3604 2338 3699 2392 τό·

2124 2450 2143 2482 ι
2189 2429 2330 2483 Ἀλλ’
2371 2429 2508 2484 εἰσὶν
2536 2429 2613 2494 ὡς
2643 2431 2691 2484 oi
2723 2428 2942 2499 ἄγγελοι
2968 2430 3025 2482 ὲν
3049 2429 3129 2500 τῷ
3163 2429 3396 2502 οὐρανῷ.
3435 2449 3452 2483 ι
3487 2431 3561 2485 θὺ
3591 2430 3707 2503 γὰρ

2119 2522 2359 2594 εὑρίσκω
2394 2520 2497 2575 ποῦ
2537 2521 2763 2593 Γραφῆς
2806 2521 3055 2590 λέγονται
3092 2524 3140 2575 οἱ
3168 2521 3536 2594 σωθησόμενοι
3564 2520 3701 2578 εἶναι

2116 2612 2192 2677 ὡς
2228 2611 2448 2682 ἄγγελοι
2486 2611 2545 2664 ὲν
2590 2610 2668 2682 τῷ
2705 2609 2943 2682 οὐρανῷ·
2977 2613 3025 2664 εί
3059 2610 3133 2682 μὴ
3166 2609 3382 2682 ἄρα’τις
3409 2612 3503 2665 καὶ
3545 2609 3711 2665 τοῦτο

2119 2705 2279 2773 φήσει
2304 2701 2593 2774 δηλοῦσθαι
2622 2702 2680 2753 ὲν
2704 2699 2783 2770 τῷ
2802 2740 2818 2764 ,
2855 2718 2875 2751 ί
2908 2700 2982 2753 Σὺ
3015 2700 3074 2754 δὲ
3104 2699 3380 2775 ἀπελεύσῃ
3407 2700 3548 2771 πρὸς
3575 2701 3705 2766 τοὺς

2118 2793 2361 2865 πατέρας
2395 2809 2490 2846 σου
2519 2793 2637 2864 μετ’
2667 2792 2912 2863 εἰρήνης,
2947 2790 3177 2863 τραφεὶς
3196 2792 3256 2846 ἐν
3293 2791 3442 2863 γήρᾳ
3471 2790 3645 2860 καλῷ,
3674 2810 3700 2845 ι

2119 2885 2215 2940 καὶ
2246 2884 2356 2956 τῷ,
2395 2903 2415 2938 ι
2463 2883 2774 2958 Προπτέθη
2818 2884 2954 2956 πρὸς
2982 2883 3044 2937 τὸ
3074 2884 3230 2953 γένος
3267 2883 3456 2949 αὐτοῦ,
3506 2903 3524 2937 ι
3563 2882 3701 2956 ἢτῷ

2117 2978 2178 3031 ἐν
2248 2973 2652 3048 Δευτερονομίῳ
2719 2974 2998 3046 λεγομένῳ
3062 2976 3193 3046 περὶ
3231 2973 3520 3044 ἀνθρώπου
3549 3014 3565 3039 ,
3625 2976 3702 3038 ὠς

2116 3068 2454 3140 τεταγμένου
2483 3066 2588 3121 ὑπὸ
2615 3064 2751 3120 Θεοῦ
2779 3066 2838 3119 ὲν
2862 3066 3078 3139 οὐρανῷ
3103 3065 3196 3121 καὶ
3223 3067 3318 3120 ἐπὶ
3354 3066 3459 3137 γῆς
3477 3084 3491 3097 ·
3524 3066 3703 3137 ἑαυτῷ

433 3161 587 3209 tutus
631 3153 950 3222 exhibetur;
999 3166 1163 3226 quem
1214 3155 1398 3211 locum
1429 3156 1528 3211 tibi
1557 3156 1676 3227 ipse
1726 3152 2015 3226 quaesitum

2121 3160 2177 3215 δὲ
2221 3159 2316 3231 τὴν
2352 3158 2499 3224 λέξιν
2549 3158 2796 3229 τηρήσας
2841 3157 3113 3229 εὑρήσεις.
3162 3155 3319 3227 Ἑξῆς
3347 3156 3525 3230 τούτῳ
3558 3157 3708 3212 ἔστιν

432 3245 692 3315 reperies.
724 3244 932 3302 Deinde
973 3245 1108 3303 illud
1139 3249 1523 3319 exponendum
1567 3248 1717 3303 venit
1745 3248 1837 3304 ηε
1874 3265 1897 3301 ι
1939 3246 2014 3303 De

2123 3251 2254 3307 ίδεῖν
2279 3251 2372 3304 τό·
2423 3267 2444 3302 ι
2497 3250 2635 3321 Περὶ
2673 3249 2777 3321 τῆς
2821 3249 3172 3312 ἀναστάσεως
3210 3247 3320 3302 τῶν
3351 3249 3563 3321 νεκρῶν
3602 3249 3699 3303 οὐκ

433 3337 837 3393 resurrectione
864 3345 1208 3394 mortuorum
1237 3355 1346 3396 non
1374 3340 1582 3413 legistis
1605 3341 1752 3412 quod
1800 3341 2009 3398 dictum

2121 3342 2393 3411 ἀνέγνωτε
2432 3340 2495 3394 τὸ
2538 3338 2702 3411 ῥηθὲν
2751 3339 2881 3409 ὑμῖν
2930 3339 3040 3392 ὑπὸ
3087 3337 3182 3393 τοῦ
3233 3337 3370 3392 Θεοῦ
3420 3338 3700 3408 λέγοντες·

431 3437 573 3485 esui
595 3427 717 3486 Deo
739 3428 953 3487 dicente
970 3430 1128 3487 vobis
1158 3447 1173 3484 :
1208 3430 1322 3504 Ego
1362 3447 1485 3488 sum
1528 3432 1677 3488 Deus
1709 3432 2008 3498 Abraham,

2129 3432 2274 3503 Ἑγώ
2307 3434 2424 3504 είμι
2450 3432 2480 3484 ὁ
2519 3430 2651 3494 Θεὸς
2699 3429 2967 3501 Ἀϐραὰμ,
3002 3430 3099 3484 καὶ
3134 3431 3165 3482 ὁ
3194 3428 3328 3496 Θεὸς
3367 3429 3571 3494 Ἰσαὰκ.
3605 3430 3700 3483 καὶ

430 3526 487 3573 et
508 3518 651 3577 Deus
694 3516 846 3578 Isaac
864 3562 880 3590 ,
908 3531 960 3579 et
986 3520 1131 3580 Deus
1180 3522 1395 3581 Jacob?
1425 3523 1570 3581 Deus
1606 3539 1715 3579 non
1744 3512 1848 3581 est.
1867 3523 2013 3581 Deus

2121 3526 2147 3581 ὁ
2171 3524 2306 3588 Θεὸς
2345 3521 2574 3588 Ἰακιῖἦ;
2603 3522 2718 3576 Οὐκ
2744 3520 2890 3575 ἔστιν
2916 3522 2945 3575 ὁ
2963 3521 3116 3589 Θεὸς,
3150 3521 3285 3587 Θεὸς
3316 3522 3544 3593 νεκρῶν,
3564 3520 3705 3576 ἀλλὰ

431 3620 799 3680 mortuorum,
827 3625 922 3670 seu
948 3613 1269 3671 voventium.
1305 3633 1325 3668 ι
1352 3613 1435 3668 Ad
1459 3612 1512 3669 id
1532 3622 1716 3670 autem
1740 3613 2011 3679 dicemus,

2121 3614 2359 3680 ζώντων.
2403 3633 2423 3666 ι
2456 3613 2569 3667 Καὶ
2591 3614 2671 3676 είς
2698 3610 2857 3666 τοῦτο
2882 3610 2939 3665 δὲ
2976 3613 3245 3686 φήσομεν,
3286 3613 3370 3668 ὅτι
3403 3611 3573 3683 μυρία
3602 3611 3697 3666 δυ-

1627 3722 1861 3782 VETUS
1894 3722 2478 3780 INTERPRETATIO.

430 3835 602 3909 ralem
635 3834 947 3909 historiam,
976 3853 1202 3896 necesse
1229 3838 1452 3896 habebit
1479 3854 1651 3896 unum
1687 3837 1866 3893 facere
1892 3854 1960 3894 ex
1984 3836 2245 3909 duobus:
2277 3845 2371 3909 aut
2398 3852 2508 3892 non
2549 3837 2774 3909 credere
2816 3841 3181 3909 praesentibus
3226 3841 3406 3897 verbis
3449 3840 3694 3909 Christi,

431 3906 589 3978 quasi
622 3906 763 3962 male
789 3905 1009 3964 Christo
1037 3909 1271 3977 dicente,
1300 3909 1393 3978 qui
1426 3910 1565 3965 dixit
1592 3909 1833 3978 positum
1863 3922 1986 3963 esse
2016 3908 2073 3978 in
2095 3906 2426 3978 Scripturis,
2453 3908 2601 3977 quod
2633 3905 2871 3977 positum
2906 3924 3013 3964 non
3046 3919 3168 3965 erat
3193 3928 3208 3964 :
3235 3921 3329 3965 aut
3356 3910 3602 3978 refugere
3628 3905 3695 3969 ad

433 3926 589 3976 quaSI
622 3926 763 3962 unane
789 3926 1009 3964 ωιηειο
1037 3926 1271 3977 arcente,
1339 3926 1392 3963 ut
1426 3926 1565 3965 αιχιι
1592 3926 1833 3978 posnum
1863 3926 1986 3963 esse
2016 3926 2069 3961 Ill
2105 3926 2426 3977 acnpturts,
2453 3926 2601 3977 quoa
2633 3926 2871 3977 positum
2906 3926 3013 3964 non
3046 3926 3168 3965 erat
3193 3928 3208 3964 :
3235 3926 3329 3965 aut
3356 3926 3602 3978 relugere
3628 3926 3695 3969 ad

433 3976 603 4048 libros
652 3984 895 4048 secretos
945 3978 1011 4048 in
1052 3979 1253 4048 quibus
1300 3926 1373 4035 3e
1422 3980 1553 4034 vita“
1580 3980 1672 4034 illa
1724 3979 1879 4033 beata
1934 3976 2282 4048 manifestius
2304 3977 2518 4033 videtur
2549 3991 2687 4048 esse
2707 3979 3126 4048 conscriptum:
3170 3989 3225 4034 et
3271 3980 3415 4036 dicet
3458 3982 3525 4035 ad
3574 3982 3698 4038 illas

430 4045 733 4120 scripturas
768 4044 1112 4120 referendum
1158 4064 1302 4120 esse,
1330 4051 1477 4120 quod
1511 4049 1599 4103 hic
1624 4047 1892 4120 Dominus
1917 4048 2050 4120 dicit
2079 4047 2147 4120 ad
2181 4044 2512 4104 Sadducaaos
2540 4065 2556 4103 :
2598 4066 2625 4120 «μ
2648 4045 2857 4120 Erratis
2884 4044 3192 4120 nescientes
3218 4048 3553 4120 Scripturas.
3582 4071 3601 4104 ι
3631 4054 3700 4108 Et

432 4116 563 4203 vide
585 4114 700 4203 nisi
717 4131 785 4203 ex
814 4117 967 4203 omni
1001 4128 1154 4201 parte
1181 4114 1685 4203 cadat'quieunque
1717 4119 1979 4203 mortalem.
2008 4116 2416 4203 Scripturarum
2429 4118 2655 4203 (respuit
2676 4117 3033 4174 intellectum.
3064 4114 3505 4203 Proptereanupn
3536 4123 3701 4203 aliter

430 4184 566 4258 mihi
612 4184 1017 4258 videtursolvi'
1063 4203 1227 4258 posse
1273 4184 1417 4258 quod
1467 4184 1713 4244 dicitur:
1753 4205 1771 4235 ι
1803 4188 2014 4242 Erratis
2060 4184 2368 4258 nescientes
2428 4184 2795 4258 Scripturas,
2825 4203 3003 4257 neque
3046 4184 3301 4244 virtutem
3354 4189 3491 4255 Dei;
3528 4210 3546 4242 ι
3591 4192 3701 4247 nisi

430 4203 566 4239 mlnl
612 4203 829 4241 videtur
878 4203 1016 4243 som
1101 4204 1227 4245 osse
1273 4203 1417 4258 quoo
1467 4203 1713 4244 utentur:
1753 4205 1771 4235 ι
1803 4203 2014 4242 erratis
2063 4203 2368 4242 uescrentes
2428 4203 2778 4256 scripturas,
2825 4203 3003 4257 neque
3046 4203 3301 4244 Virtutem
3354 4203 3443 4243 uel
3476 4207 3491 4255 ;
3528 4210 3546 4242 ι
3591 4203 3698 4247 nisi

430 4254 753 4329 Scripturas
775 4255 868 4326 qui
903 4203 1184 4313 moraiiter
1216 4260 1468 4326 audiens,
1493 4260 1654 4313 aliam
1680 4273 1751 4329 ex,
1774 4258 1896 4329 aliis
1926 4256 2271 4321 intellexerit,
2305 4257 2753 4329 demonstrantes
2786 4257 2849 4329 in,
2872 4259 3076 4328 quibus
3108 4259 3315 4329 aliquid
3353 4261 3425 4314 de
3480 4262 3615 4316 viris
3643 4273 3698 4317 ct

428 4326 697 4401 uxoribus
740 4325 1042 4397 loquuntur
1070 4328 1366 4398 Scriptura:
1394 4347 1415 4401 :_
1443 4339 1499 4384 et
1525 4327 1985 4401 quemadmodum
2032 4335 2221 4401 errant
2270 4326 2365 4396 qui
2412 4328 2757 4401 propheticas
2810 4325 3277 4401 Scripturasnou
3335 4330 3702 4401 intelligentvs

429 4396 733 4470 moraliter,
762 4396 955 4470 putant
980 4407 1102 4468 post
1131 4396 1588 4470 resurrectionem
1622 4399 1874 4452 homines
1931 4396 2360 4470 manducaturos
2393 4406 2446 4470 et
2476 4396 2747 4470 bibituros
2774 4396 2948 4470 escas
2978 4399 3226 4454 carnales
3253 4416 3266 4465 ;
3295 4408 3350 4452 et
3397 4396 3535 4468 post'
3556 4417 3699 4470 quo-

428 4465 576 4523 niam
612 4474 667 4540 et
700 4463 996 4536 scripturae
1024 4468 1356 4540 prophetica:
1385 4470 1512 4523 talia
1549 4470 1831 4523 continent
1856 4465 2105 4540 quaedam
2133 4465 2275 4540 sicut
2304 4466 2452 4540 etde
2481 4466 2686 4535 nuptiis
2736 4467 2978 4540 virorum
3029 4476 3084 4522 et
3133 4463 3421 4540 mulierum
3470 4463 3693 4540 scripta,

426 4534 728 4589 secundum
757 4534 964 4591 testam
1024 4534 1414 4608 intélligentes,
1449 4547 1645 4607 putant
1669 4553 1770 4593 nos
1799 4534 1968 4609 etiam»
1998 4544 2121 4604 post
2147 4537 2355 4609 exitum
2379 4534 2603 4609 futuros
2624 4551 2757 4609 esse
2784 4537 2838 4590 in
2870 4552 2971 4609 usu
3017 4539 3322 4593 carnalium
3352 4534 3694 4609 nuptiarum,

425 4611 646 4677 propter
678 4621 817 4674 quas
844 4622 944 4662 nec
973 4622 1167 4663 vacare
1196 4604 1320 4677 quis
1345 4604 1690 4677 orationibus
1719 4615 1897 4677 potest
1922 4607 2132 4677 absque
2160 4606 2372 4661 macula
2401 4621 2503 4660 nec
2536 4605 2728 4677 inphoc
2763 4604 2991 4677 mundo.

496 4673 586 4746 ὅσ.
621 4672 751 4729 item
786 4691 970 4744 quaero
997 4679 1141 4746 quod
1172 4672 1305 4733 dicit
1332 4697 1346 4734 :
1384 4699 1404 4730 ι
1437 4676 1643 4734 Erratis
1666 4672 1973 4732 néscientes
2007 4672 2341 4746 scripturas,
2366 4691 2546 4746 neque
2569 4675 2825 4730 virtutem
2853 4675 2970 4742 Dei,
2997 4696 3015 4726 ι
3047 4685 3230 4731 utrum
3262 4676 3330 4732 ad
3361 4679 3492 4734 illud
3515 4680 3692 4735 solum

421 4744 832 4817 pertinet_quod
880 4744 1052 4802 dicit:
1087 4766 1106 4798 σ
1148 4747 1205 4801 In
1257 4751 1656 4804 resurrectione
1683 4762 1859 4817 neque
1889 4744 2566 4817 nubunt,‘nequeuxores
2590 4747 2908 4816 accipiunt;
2940 4765 2959 4797 ι
2995 4756 3092 4801 aut
3125 4747 3288 4802 etiam
3330 4764 3399 4803 ex
3443 4765 3509 4803 eo
3549 4751 3692 4817 quod

416 4817 541 4887 ait:
581 4832 611 4887 «ί
638 4815 743 4870 Sed
777 4826 943 4872 erunt
972 4819 1115 4874 sicut
1145 4818 1324 4887 angeli
1360 4820 1415 4872 in
1441 4819 1603 4874 cosio.
1636 4838 1656 4871 ι
1690 4815 1800 4872 Nec
1827 4817 2050 4871 invenio
2081 4815 2280 4872 alicubi
2324 4815 2664 4887 Scripturam
2709 4815 3005 4879 dicentem,
3052 4825 3273 4887 sanctos
3319 4830 3441 4887 post
3485 4815 3689 4873 exitum

422 4882 541 4958 fore
570 4886 712 4958 sicut
739 4888 962 4957 angelos
995 4888 1090 4942 Dei
1116 4907 1130 4942 :
1162 4882 1266 4944 nisi
1298 4887 1441 4944 forte
1466 4888 1591 4956 quis
1618 4899 1673 4944 et
1707 4888 1809 4943 hoc
1837 4887 2115 4943 moraliter
2145 4888 2415 4958 intelligat
2440 4882 2742 4958 secundum
2775 4887 2906 4941 illud
2936 4886 3080 4958 quod
3104 4882 3344 4942 dicitur}
3364 4886 3482 4943 «Tu
3509 4897 3689 4941 autent

420 4954 527 5009 ibis
555 4955 621 5010 ad
653 4954 838 5030 patres
868 4968 990 5014 tuos
1018 4974 1142 5014 cum
1170 4974 1324 5030 pace,
1359 4954 1599 5030 nutritus
1621 4959 1678 5013 in
1706 4966 1924 5030 senecta
1955 4959 2119 5030 bona.
2150 4980 2171 5013 ι
2206 4954 2382 5030 ιιεηῐς
2417 4957 2765 5030 ¢_Appqsitus
2797 4965 2881 5030 est
2912 4954 2979 5030 ad
3004 4958 3268 5030 populum
3306 4973 3489 5030 suum,
3522 4976 3540 5007 ›
3572 4964 3690 5030 aut,

426 5042 445 5074 ι
477 5022 762 5095 appositus
784 5038 869 5084 est
893 5030 959 5084 ad
989 5022 1370 5100 genus-suurn.
1394 5048 1421 5081 vr
1460 5027 1650 5084 Restat
1677 5039 1738 5084 ut
1764 5028 2014 5084 dicamus
2040 5028 2109 5083 de
2140 5037 2208 5083 eo
2232 5028 2381 5098 quod
2407 5028 2484 5081 ait
2508 5022 2573 5082 Si
2604 5022 2722 5080 Non
2753 5025 2965 5098 legistis
2989 5022 3057 5082 de
3074 5022 3506 5083 _resurrectione
3548 5027 3693 5095 quod

516 5140 568 5212 ν
592 5139 783 5199 Matth.
816 5161 953 5199 χχιι.
999 5145 1091 5210 29,
1137 5144 1226 5206 50.
1348 5149 1395 5181 ⁸⁸
1430 5146 1549 5204 Gal.
1578 5164 1651 5211 tv,
1679 5147 1771 5212 σε,
1795 5145 1886 5201 2'5.
1988 5146 2034 5179 ⁵⁸
2057 5145 2194 5202 Gen.
2229 5160 2319 5211 xv,
2351 5142 2441 5197 15.
2543 5143 2591 5174 ⁸⁸
2616 5140 2751 5198 Gen.
2778 5142 3055 5212 xxxv,29.
3166 5143 3212 5175 "
3240 5142 3455 5198 Denter.
3482 5157 3556 5209 tv,
3601 5142 3694 5198 '52.

419 5212 465 5242 ⁵³
506 5210 696 5267 Matth.
730 5231 867 5281 nu,
896 5216 987 5282 5i,
1026 5218 1117 5273 52.

485 5327 604 5409 ¹(Ἠ)
632 5328 743 5409 Καὶ
767 5328 969 5409 ᾦᾳπερ
1007 5335 1357 5409 πλανῶν-[αι
1410 5340 1464 5409 οξ
1504 5337 1625 5401 διὰ,
1643 5345 1754 5409 etc.
1809 5322 2000 5409 Cerin-

2121 5335 2369 5409 Drigenes
2397 5335 2617 5404 quidem
2636 5335 2765 5409 pari
2790 5335 3003 5390 futuros
3049 5335 3247 5409 impios
3272 5406 3283 5409 _
3306 5350 3433 5391 cum
3486 5335 3697 5409 sanctis

370 5418 387 5481 γ
421 5399 998 5481 tingian_i-ntell‘i_ge_de
1028 5400 1228 5481 quibus
1263 5405 1533 5481 Eusebius
1563 5399 1619 5481 et
1641 5406 1996 5481 Epiphanius.
2109 5399 2430 5481 conditione
2458 5399 2695 5481 censuit,
2720 5399 3318 5481 ροειιιυξιιηοίιεὶιιτηῇε
3352 5404 3531 5481 pinnis
3577 5405 3695 5481 foe:

423 5466 787 5547 Veliutelhlige
810 5466 1125 5547 Chiliastas,
1159 5476 1273 5547 sive
1320 5466 1851 5547 Cltillonetitas',‘qui
1907 5493 2001 5547 or;
2112 5477 2222 5530 rint
2247 5475 2495 5541 exerciti,
2522 5484 2577 5530 et
2602 5466 3168 5547 getntium'pleltitudo
3225 5466 3545 5539 advenerit;
3600 5474 3693 5531 sed

420 5547 537 5594 tum
582 5555 611 5593 a
663 5540 825 5612 Papia
879 5542 936 5598 S.
983 5545 1214 5600 Joannis
1270 5547 1540 5618 discipulo
1589 5540 1890 5603 traxerunt.
1936 5544 2001 5600 lli
2113 5540 2527 5618 nequecertum
2557 5540 3255 5618 tempus_pr'.i:ti_xi_t_ullum,
3294 5559 3471 5618 neque
3501 5558 3699 5618 corpo-

418 5619 642 5686 sanctos
670 5622 792 5680 post
820 5618 1276 5671 resurrectionem
1313 5614 1436 5672 cum
1470 5618 1695 5674 Christo
1728 5618 1875 5672 mille
1906 5634 2004 5670 an-
2115 5614 2237 5671 reas
2268 5615 2388 5670 illas
2407 5625 2530 5686 post
2550 5616 2709 5686 hanc
2735 5616 2899 5686 vitam
2936 5614 3164 5686 delicias
3199 5614 3450 5686 agnoscit
3477 5630 3521 5686 ;_
3541 5614 3693 5668 ideo-

422 5676 511 5732 uis
538 5676 886 5759 regnaturus,
912 5688 1266 5759 et-corporeis
1309 5688 1687 5759 voluptatibus
1736 5688 2002 5759 fruituros
2111 5701 2218 5759 que
2253 5676 2714 5742 inter'Gbiliastas
2743 5684 3018 5740 immerito
3043 5700 3073 5738 a
3122 5676 3401 5741 nonnullis
3435 5676 3690 5740 refertur.

422 5747 739 5828 eredeliant,
798 5752 900 5828 hoc
937 5747 1187 5828 ⁸εἰοειηίι-ῇε
1210 5760 1418 5828 decepti
1445 5747 1586 5812 'loco
1621 5759 1712 5827 qui
1774 5758 2004 5811 habetur
2112 5747 2377 5828 llus-rtus.

426 5813 651 5879 Apocal.
689 5813 779 5881 xx,
830 5820 882 5887 4,
935 5824 988 5886 5,
1028 5825 1079 5879 6.
1122 5825 1251 5881 Vide
1296 5813 1669 5884 Pitilasttiuui,
1696 5830 1827 5883 hacr.
1890 5843 1999 5882 th.

2182 5828 2295 5898 (75)
2324 5826 2506 5881 Codex
2540 5823 2765 5898 Regius,
2796 5824 3051 5896 χρῆσθαι.
