4110 6460
408 368 532 420 ιδοι

1551 353 2154 413 (ὩΝΗΙΕΧΤΜΗΟἏΠ
2169 353 2207 406 ιι
2256 350 2521 407 ῧῐὶΙὶΙΙίἓ,

3545 349 3684 401 ιω

402 499 508 554 qua
541 481 781 554 glorians
816 479 944 534 dicit
973 478 1015 510 '“
1049 497 1061 532 :
1101 476 1219 531 Mea
1249 487 1368 530 sunt
1414 477 1671 544 ﬂumina,
1705 486 1750 528 et
1776 491 1867 544 ego
1893 474 1992 542 [eri
2027 483 2067 534 Α
2101 479 2205 532 est,
2231 466 2600 536 itdisripulus
2619 461 2862 534 magistri
2881 460 3283 530 suidiscipulns
3301 470 3405 516 est.
3427 460 3686 530 Propter-

403 593 463 629 ea
485 616 499 639 ,
524 575 670 630 sicut
700 561 962 640 scriptum
990 578 1072 622 est
1097 567 1239 636 apud
1283 565 1644 620 Ezechielem.
1701 565 1990 618 Sadduca-i

405 681 535 737 ergo
566 664 658 736 qui
689 664 878 718 dicunt
905 660 1358 715 resurrectionem
1385 673 1493 712 non
1515 673 1657 724 esse,
1689 658 1993 727 interroga-

404 767 604 814 verunt
632 757 967 812 Salvatorem
993 772 1052 811 ea
1078 769 1200 824 qua:
1222 753 1424 822 scripta
1447 759 1595 813 sunt,
1618 750 1994 804 existimantes

410 850 687 906 silentium
725 851 1004 918 imponere
1040 848 1109 902 ei.
1159 845 1266 900 Sed
1310 861 1409 900 nec
1444 844 1627 911 Jesus,
1661 860 1762 899 nec
1809 843 1993 898 dilecti

414 941 667 1012 discipuli
725 940 844 1009 ejus
890 939 1186 1010 aliquando
1243 940 1606 993 obstruuntur
1661 937 1730 992 ab
1788 937 1990 1006 impiis.

413 1035 700 1106 Proprium
767 1044 850 1088 est
889 1035 1034 1087 cnim
1077 1041 1136 1085 ut
1184 1029 1498 1085 Sadducaais
1564 1031 1838 1085 silentium
1889 1032 1995 1084 im-

418 1137 652 1195 ponatur
711 1141 741 1178 a
808 1124 1049 1178 Clh‘isto.
1110 1121 1299 1179 Justus
1364 1124 1509 1178 enim
1577 1133 1717 1178 tacet
1773 1124 1995 1192 quidem

415 1220 593 1272 sciens
637 1227 837 1286 tempus
879 1215 1123 1280 tacendi,
1164 1226 1212 1270 et
1257 1225 1458 1286 tempus
1493 1216 1740 1285 loquendi
1768 1218 1834 1281 τ’,
1889 1234 1995 1270 non

411 1318 594 1364 autem
651 1307 999 1362 obmutescit.
1058 1305 1123 1360 Et
1181 1307 1323 1361 sicut
1391 1309 1668 1378 proprimn
1733 1319 1821 1364 est
1862 1309 1996 1379 justi

414 1406 630 1463 tacere,
661 1413 768 1453 non
811 1407 991 1452 autem
1020 1397 1400 1453 obmutescere
1437 1416 1451 1452 :
1485 1400 1564 1453 sic
1605 1399 1886 1469 pr0prinm
1919 1411 2001 1454 est

417 1490 844 1547 Saddncmorum
864 1533 878 1556 ,
906 1493 988 1545 vel
1018 1493 1262 1546 omnium
1293 1492 1384 1563 qtti
1417 1493 1683 1546 mendacii
1717 1501 1845 1547 sunt
1873 1493 2002 1547 doc-

417 1595 585 1650 tores,
615 1585 991 1640 obmutescere
1023 1585 1264 1654 quidem,
1293 1601 1400 1638 non
1430 1598 1610 1638 autem
1641 1595 1838 1640 tacere.
1867 1584 1998 1639 Nam

417 1679 518 1730 etsi
540 1677 927 1732 obmutescunt
947 1686 1210 1746 quantum
1236 1677 1301 1730 ad
1319 1692 1455 1739 rem,
1474 1692 1580 1729 non
1599 1685 1778 1730 tamen
1797 1686 1998 1732 tacent.

421 1769 544 1820 ldeo
568 1777 619 1820 et
649 1766 915 1820 Dominus
947 1782 1055 1820 non
1081 1767 1287 1821 homini
1312 1767 1473 1830 dixit,
1506 1767 1599 1820 scd
1636 1768 1770 1820 mari
1797 1786 1810 1821 :
1843 1767 2000 1832 Tace,

417 1869 465 1913 et
497 1861 794 1913 obmutesce
815 1858 883 1923 ⁷³,
911 1860 1199 1928 increpans
1226 1859 1356 1912 illud
1389 1875 1512 1913 cum
1543 1860 1874 1914 turbaretur.
1907 1859 2008 1914 Ta-
2042 1873 2079 1925 Β

421 1969 543 2006 men
576 1951 834 2007 Pharisaei
879 1954 971 2023 qui
1000 1953 1456 2008 resurrectionem
1487 1955 1875 2019 consentiunt,
1907 1971 2004 2008 au-

419 2047 630 2101 dientes
656 2047 801 2116 quod
842 2048 1119 2102 silentium
1154 2047 1415 2119 imposuit
1443 2047 1775 2110 Sadducreis.
1806 2065 1999 2104 conve-

423 2149 618 2194 ttcrttttl
659 2140 712 2193 in
759 2155 927 2194 unum
957 2181 971 2206 ,
1002 2141 1254 2196 videlicet
1296 2142 1714 2196 resurrectionis
1753 2142 2005 2210 dogmate

419 2236 778 2305 prmvalenlc,
811 2246 863 2291 et
904 2237 1212 2306 congregati
1256 2246 1382 2291 sunt
1422 2237 1515 2305 qui
1561 2251 1667 2290 non
1709 2251 2005 2306 congrega-

420 2329 622 2385 bantur
659 2331 900 2400 qnandiu
932 2331 1248 2386 Sadduczcis
1293 2330 1570 2385 silentium
1609 2346 1718 2384 non
1761 2331 2007 2399 impone-

423 2434 589 2478 retur.
620 2421 990 2480 Nihilominus
1025 2435 1204 2479 tamen
1249 2435 1305 2478 et
1346 2424 1390 2478 si
1433 2425 1747 2494 congregati
1779 2423 2003 2488 fuerint,

421 2523 706 2585 propterea
731 2517 875 2587 quod
899 2517 1072 2570 tenuit
1092 2515 1512 2570 resurrectionis
1532 2516 1803 2586 probatio,
1823 2525 2002 2569 tamen

423 2626 567 2663 unus
597 2626 660 2663 ex
684 2610 761 2665 eis
787 2611 1162 2680 interrogavit,
1193 2627 1300 2664 non
1330 2611 1488 2682 quasi
1523 2612 1709 2665 volens
1743 2611 1810 2666 ab
1835 2626 1902 2665 eo
1930 2609 2008 2663 di-

421 2716 573 2754 scere
595 2703 1118 2770 quaeinterrogabat.
1145 2703 1238 2758 sed
1265 2712 1480 2757 tentans
1498 2701 1788 2756 Dominum
1813 2703 2004 2757 Deum.

424 2791 656 2847 Omnem
689 2810 820 2864 ergo
850 2795 1126 2849 hominem
1153 2795 1244 2863 qui
1282 2811 1388 2847 non
1417 2794 1660 2848 discendi
1684 2794 1879 2863 gratia,
1909 2794 2005 2849 scd

426 2886 668 2940 tentandi
707 2902 897 2952 causa,
929 2901 1107 2956 neque
1125 2903 1188 2940 ex
1213 2885 1408 2940 affectu
1443 2885 1677 2955 simplici
1703 2886 2002 2955 interrogat

421 2982 657 3052 aliquem
690 2979 974 3034 doctorum
1003 2979 1071 3034 de
1095 2980 1463 3049 qualicunque
1490 2978 1731 3048 capitulo
1755 3021 1771 3046 ,
1809 2980 2005 3034 existi-

422 3092 574 3132 mare
607 3075 872 3129 debemus
903 3071 1124 3126 fratrem
1155 3070 1413 3125 Pharisaei
1440 3070 1587 3126 illius
1625 3072 1716 3141 qui
1756 3070 2006 3127 Salvato-

422 3179 536 3218 rem
569 3162 994 3232 interrogatione
1031 3175 1130 3215 sua
1155 3160 1418 3215 tentabat.
1461 3157 1660 3216 Omnia
1697 3152 1842 3216 enim
1884 3177 2007 3233 quae

421 3255 559 3309 fiunt
584 3255 636 3308 in
671 3265 894 3309 sanctos
911 3252 1114 3307 Christi
1142 3255 1256 3308 sive
1283 3253 1353 3307 ab
1375 3253 1810 3320 insidiatoribus,
1831 3256 1944 3310 sive
1975 3273 2005 3310 a
2035 3243 2080 3303 C

423 3349 797 3419 diligentibus,
826 3348 878 3402 in
924 3362 983 3402 se
1029 3347 1264 3416 suscipit
1287 3346 1574 3402 universae
1609 3347 1910 3402 secundum
1942 3364 2005 3402 ca

420 3443 565 3496 enim
606 3458 724 3512 qua:
759 3441 962 3510 scripta
991 3449 1141 3505 sunt,
1175 3449 1411 3496 tractare
1433 3439 1698 3495 debemus
1727 3447 1781 3494 et
1802 3455 1864 3494 ea
1885 3457 2008 3510 quae

422 3537 623 3604 scripta
667 3550 774 3588 non
821 3543 970 3590 sunt.
1005 3533 1280 3605 Scriptum
1321 3544 1405 3589 eSt
1442 3531 1592 3586 enim
1633 3543 1855 3603 pr0pter
1883 3550 2008 3588 esu-

417 3626 620 3679 rientes
648 3638 703 3682 et
732 3629 980 3683 sitientes
1009 3645 1134 3683 eum
1159 3629 1358 3686 dixisse
1395 3649 1408 3684 :
1436 3621 1638 3694 Esurii,
1668 3638 1724 3683 et
1750 3647 1762 3682 :
1790 3628 1900 3682 sitii
1925 3627 1973 3660 “
1995 3641 2017 3686 ι

418 3726 470 3770 et
510 3728 733 3788 propter
767 3722 975 3783 nudos,
1009 3729 1061 3774 et
1092 3721 1434 3791 peregrinos,
1467 3731 1523 3776 et
1558 3730 1924 3790 regrotantes,
1959 3729 2020 3779 et

422 3809 474 3862 in
514 3826 730 3862 carcere
761 3812 966 3878 positos
1001 3827 1013 3862 :
1055 3810 1242 3864 Nudus
1273 3813 1383 3881 fui;
1414 3821 1470 3865 et
1510 3830 1522 3866 :
1557 3813 1738 3882 hospes
1765 3813 1883 3884 fui;
1913 3819 1969 3866 et
1999 3827 2015 3867 :
2043 3845 2048 3850 -

422 3901 662 3967 inﬁrmus
705 3902 818 3970 fui;
849 3911 904 3956 et
934 3921 945 3954 :
979 3904 1030 3955 in
1075 3921 1283 3957 carcere
1321 3905 1401 3975 fui
1433 3905 1500 3960 ⁷⁸.
1542 3905 1852 3980 Secundum
1882 3917 2021 3958 con-

421 3989 761 4060 scquentiam
802 3989 1180 4044 similitudinis
1213 3989 1483 4044 addamus
1512 3999 1566 4044 ct
1594 4005 1693 4044 nos
1728 4008 1740 4043 :
1773 3989 2007 4060 injurias

422 4095 619 4150 passus
642 4095 788 4144 sum,
813 4094 984 4135 caesus
1017 4094 1168 4144 sum,
1198 4089 1250 4134 et
1278 4088 1517 4134 tentatus
1547 4095 1691 4144 sum,
1721 4087 1775 4134 ct
1797 4078 2004 4134 omnia.

424 4173 489 4228 lit
519 4176 661 4229 sicut
687 4175 738 4230 in
775 4175 880 4230 illis
914 4191 1036 4246 qua:
1076 4175 1278 4244 scripta
1323 4184 1482 4241 sunt,
1517 4191 1678 4230 verus
1704 4184 1788 4231 cst
1824 4191 2008 4232 sermo

425 4265 634 4319 Domini
669 4267 904 4321 dicentis
935 4284 947 4319 :
997 4264 1250 4330 Quandiu
1291 4267 1382 4319 uni
1410 4283 1475 4320 ea:
1515 4251 1748 4321 minimis
1780 4269 1898 4322 istis
1927 4269 2007 4339 fe-

420 4359 592 4426 (talis,
619 4359 747 4410 mihi
768 4359 968 4428 fecistis
990 4359 1036 4389 ⁷⁶
1057 4375 1071 4424 ;
1092 4359 1170 4414 sic
1193 4375 1316 4413 cum
1340 4359 1597 4428 injuriam
1622 4375 1818 4430 passus
1847 4361 2008 4418 fuerit

419 4452 601 4522 justus
630 4493 645 4517 ,
679 4452 761 4506 vel
791 4451 1200 4522 blasphematus
1225 4494 1240 4518 ,
1269 4453 1354 4507 vel
1385 4453 1589 4523 aliquid
1627 4455 1733 4510 tale
1771 4470 2001 4526 passus,

420 4558 562 4613 pone
603 4543 884 4598 Christum
924 4544 976 4598 in
1013 4559 1108 4599 eos
1149 4545 1242 4614 qui
1273 4543 1520 4599 fecerunt
1566 4545 1834 4601 dicentem
1878 4547 2001 4603 eis:

420 4639 652 4707 Quando
681 4639 772 4693 nni
813 4655 876 4693 cx
913 4637 1155 4694 minimis
1201 4638 1322 4694 istis
1353 4637 1560 4694 fecistis
1589 4639 1848 4711 injuriam
1871 4683 1885 4708 ,
1920 4656 2008 4697 me

421 4734 694 4796 tentastis,
725 4747 812 4786 me
847 4730 1286 4802 blasphemastis.

489 4845 542 4900 2,
578 4844 876 4901 Videamus
905 4860 1052 4899 nunc
1077 4843 1508 4914 propositionem
1541 4852 1801 4900 tentantis
1837 4863 1852 4900 :
1889 4844 2011 4900 Ma-

421 4941 602 5009 gister,
639 4939 837 5008 inquit.
865 4937 1004 5009 quod
1043 4945 1118 4990 est
1154 4936 1472 4990 mandatum
1502 4937 1678 5006 majus
1716 4939 1773 4991 in
1797 4937 2012 5010 lege"?

423 5032 662 5090 'l‘entans
697 5032 950 5088 dicebat:
988 5030 1266 5100 Magister,
1313 5029 1574 5099 quoniam
1604 5046 1711 5084 non
1738 5033 1896 5101 quasi
1923 5032 2006 5087 di-

426 5127 670 5198 scipulus
702 5129 907 5186 Christi
941 5127 1251 5198 proferebat
1282 5127 1424 5182 hanc
1449 5142 1661 5184 vocem.
1687 5128 1802 5184 Hoc
1824 5141 2006 5186 autem

425 5224 764 5280 manifestius
783 5226 888 5280 erit
913 5225 982 5278 ab
1001 5222 1254 5292 exemplo
1276 5224 1421 5293 quod
1445 5223 1712 5280 dicemus.
1733 5223 1892 5291 Puta,
1919 5241 2010 5295 pa-

426 5323 508 5368 ter
535 5314 626 5368 lilii
653 5317 738 5370 sui
781 5330 932 5386 pater
955 5327 1071 5379 est,
1117 5325 1172 5370 et
1205 5329 1368 5369 nemo
1406 5330 1532 5370 eum
1575 5316 1794 5386 proprie
1827 5326 2008 5387 potest

423 5406 603 5462 dicere
648 5419 854 5477 patrem
880 5451 894 5473 ,
942 5411 1046 5466 nisi
1083 5411 1228 5468 filius
1253 5411 1409 5481 ejus;
1435 5419 1489 5464 et
1531 5419 1708 5464 mater
1739 5411 1864 5464 lilia:
1890 5426 2005 5466 sua:

423 5509 599 5556 mater
628 5511 734 5566 est,
783 5514 838 5556 et
868 5504 1014 5558 nulla
1047 5519 1166 5559 eam
1195 5514 1372 5574 potest
1395 5504 1578 5558 dicere
1609 5513 1868 5570 matrem,
1900 5506 2005 5560 nisi

422 5595 535 5650 sola
563 5595 671 5649 lilia
704 5594 844 5665 ejus.
875 5594 965 5650 Sic
993 5606 1045 5652 et
1067 5598 1326 5660 magister
1351 5597 1602 5667 discipuli
1632 5599 1716 5652 sui
1747 5600 2006 5671 magister

1147 5736 1192 5767 '"
1216 5734 1389 5790 Eccle.
1421 5751 1500 5798 lit,
1529 5734 1578 5790 7.

1039 5807 1081 5836 ⁷⁸
1111 5804 1269 5859 Joan.
1299 5823 1415 5867 sm,
1452 5808 1535 5861 l5.

1022 5877 1068 5908 ⁸³
1111 5879 1240 5931 ibid.
1274 5878 1369 5942 '57,
1406 5879 1490 5931 33.

493 5735 538 5766 "
580 5732 782 5788 Ezech.
822 5735 1050 5800 xxrx,9.

422 5803 677 5860 "Matth.
709 5820 842 5866 uti,
871 5807 960 5860 56.

420 5877 468 5909 ⁸³
489 5879 821 5943 Mantum,
855 5879 942 5931 56.

1675 5736 1722 5766 ⁷³
1747 5736 1912 5792 Marc.
1944 5754 2016 5802 Ir,
2042 5739 2132 5794 59.

1615 5808 1659 5838 ⁷⁹
1686 5806 1699 5858 1
1728 5808 1855 5862 Cor.
1882 5825 2000 5866 vttt.
2031 5813 2084 5863 li.

1571 5879 1615 5910 ⁸³
1647 5879 1775 5932 ibid.
1810 5880 1898 5936 39.
1974 5883 2020 5912 ⁸⁵
2051 5882 2067 5933 Ι
2123 5882 2248 5936 αυτ.
2283 5897 2318 5945 t,
2344 5881 2438 5938 24.

2101 577 2164 615 ea
2208 575 2368 613 tietno
2403 569 2577 628 potest
2617 556 2799 611 dicere
2848 558 3016 618 bene,
3053 556 3343 625 magister,
3377 555 3480 610 nisi
3517 556 3687 610 disci-

2103 652 2285 720 pulus.
2321 649 2385 703 Et
2411 650 2531 704 vide
2563 647 2669 702 nisi
2695 658 2913 717 propter
2943 650 3047 703 hoc
3071 649 3197 717 quia
3227 663 3336 700 non
3365 663 3558 700 omnes
3590 648 3684 716 qui

2101 743 2292 796 dicunt
2315 758 2438 795 eum
2473 741 2814 810 magistrum,
2844 742 2982 796 bene
3005 741 3232 804 dicunt,
3259 739 3351 792 sed
3381 739 3434 792 hi
3460 739 3561 792 soli
3591 742 3687 808 qui

2104 833 2305 886 habent
2331 831 2575 886 discendi
2606 833 2938 885 voluntatem
2966 831 3034 885 ab
3061 846 3150 892 eo,
3174 829 3390 884 dicebat
3427 829 3492 882 ad
3521 829 3690 883 disci-

2105 921 2260 988 pulos
2292 935 2422 974 suos
2450 921 2494 950 ⁷⁸
2522 937 2534 973 :
2582 919 2683 973 Vos
2711 923 2907 973 uocatis
2938 937 3016 973 me
3048 919 3388 990 Magistrum,
3420 929 3470 972 et
3499 919 3688 972 Domi-

2105 1025 2251 1072 num,
2283 1018 2332 1061 et
2370 1009 2494 1061 bene
2532 1009 2712 1063 dicitis
2739 1025 2756 1061 :
2791 1026 2908 1062 sum
2941 1010 3151 1062 etenim.
3189 1007 3332 1062 Bene
3361 1024 3490 1076 ergo
3520 1009 3689 1062 disci-

2105 1101 2216 1170 puli
2251 1101 2454 1155 Christi
2499 1109 2698 1154 vorant
2737 1117 2861 1155 cum
2907 1102 3267 1171 magistrum,
3309 1113 3362 1155 et
3390 1103 3690 1156 servientes

2105 1194 2272 1247 verbo
2290 1194 2459 1261 ipsius
2478 1194 2612 1247 bene
2628 1194 2788 1264 831
2813 1195 2963 1248 illum
2989 1193 3273 1248 Dominum
3299 1204 3515 1248 vocant.
3539 1192 3691 1247 Unde

2108 1284 2243 1338 bene
2273 1285 2489 1338 dicebat
2518 1283 2815 1353 Apostolus
2838 1285 2904 1338 7':
2943 1283 3111 1337 Nobis
3142 1294 3316 1337 autem
3341 1301 3475 1337 unus
3508 1283 3693 1336 Domi-

2109 1391 2205 1428 nus
2225 1374 2382 1430 Jesus
2401 1376 2667 1442 Christus,
2690 1393 2782 1446 per
2805 1394 2957 1447 quem
2975 1378 3174 1438 omnia,
3192 1387 3240 1430 et
3267 1393 3359 1429 nos
3381 1393 3472 1445 per
3495 1377 3688 1444 ipsum.

2109 1467 2175 1521 Et
2207 1469 2336 1522 illud
2358 1468 2642 1522 considera
2672 1469 2816 1537 quod
2835 1469 2968 1523 ait”
3001 1488 3013 1522 :
3048 1467 3196 1523 Satis
3223 1476 3299 1521 est
3328 1469 3608 1536 discipulo,
3635 1479 3689 1521 ut

2107 1557 2204 1625 [iat
2230 1571 2334 1609 non
2357 1556 2682 1625 simpliciter
2698 1557 2841 1611 sicut
2867 1561 3147 1627 magister,
3170 1557 3263 1610 sed
3287 1559 3421 1609 sicut
3447 1557 3696 1626 magister

2109 1649 2243 1717 ejus.
2283 1646 2339 1701 Si
2380 1647 2503 1718 qttis
2547 1663 2678 1717 ergo
2718 1648 2921 1717 aliquis
2950 1665 3058 1702 non
3101 1649 3264 1702 discit
3291 1663 3320 1702 a
3361 1647 3566 1712 Verbo,
3596 1663 3694 1700 nec

2114 1737 2276 1794 tradit
2309 1753 2366 1791 se
2391 1752 2458 1790 ex
2492 1745 2606 1791 toto
2629 1737 2815 1790 animo
2843 1753 2964 1803 suo,
2995 1746 3054 1790 ut
3079 1739 3171 1790 liat
3199 1733 3395 1791 dilecta
3431 1739 3694 1807 plantatio

2110 1829 2262 1898 ejus,
2293 1828 2424 1883 dicit
2451 1837 2632 1884 autem
2675 1829 2724 1885 ei
2753 1847 2767 1883 :
2804 1828 3080 1899 Magister,
3121 1827 3288 1882 frater
3315 1838 3397 1884 est
3437 1829 3694 1884 Pltarisa-i

2111 1923 2374 1977 tentantis
2403 1921 2708 1989 Christum,
2748 1932 2803 1977 ct
2829 1924 3060 1977 dicentis
3086 1923 3133 1976 ei
3162 1941 3174 1975 :
3215 1922 3488 1992 Magister.
3519 1921 3610 1975 Sic
3642 1933 3696 1976 et

2109 2018 2291 2071 omnis
2316 2015 2410 2086 qui
2442 2016 2573 2071 dicit
2599 2033 2612 2071 :
2648 2014 2810 2069 Pater
2835 2024 3013 2068 noster
3037 2015 3129 2085 qui
3151 2031 3202 2067 es
3230 2014 3283 2066 in
3314 2015 3458 2066 caelis
3486 2015 3555 2075 ⁸⁸,
3583 2031 3694 2069 non

2107 2107 2269 2161 debet
2299 2109 2497 2163 habere
2523 2108 2773 2177 spiritum
2799 2108 3068 2161 seruitutis
3101 2108 3157 2158 in
3191 2106 3397 2172 tintore,
3425 2106 3514 2159 sed
3536 2107 3698 2174 spiri-

2111 2209 2222 2252 tum
2257 2200 2560 2270 adoptionis
2588 2199 2823 2269 ﬁliorum
2847 2198 2916 2251 ⁸³.
2945 2196 3046 2264 Qui
3082 2205 3264 2251 autem
3301 2211 3408 2250 non
3444 2197 3693 2264 spiritum

2110 2289 2419 2359 adoptionis
2452 2291 2688 2344 filiorum
2730 2289 2914 2355 habet,
2939 2299 2994 2342 et
3019 2289 3149 2343 dicit
3175 2306 3188 2342 :
3225 2286 3388 2342 Pater
3410 2296 3584 2342 noster
3605 2289 3696 2359 qui

2106 2397 2160 2435 es
2190 2383 2244 2435 in
2269 2384 2435 2445 caelis,
2467 2383 2749 2446 mentitur,
2784 2396 2908 2435 cum
2943 2395 3054 2434 non
3087 2381 3158 2434 sit
3186 2379 3330 2435 filius
3364 2377 3490 2446 Dei,
3526 2379 3694 2433 Deum

2108 2472 2323 2528 Patrem
2359 2489 2519 2540 suum
2543 2473 2846 2542 appellans.
2879 2471 3238 2540 Interrogatio
3259 2480 3437 2524 autem
3471 2471 3586 2538 ipsa
3614 2477 3698 2521 est

2109 2566 2233 2620 talis
2268 2583 2281 2620 :
2315 2564 2468 2630 Quod
2505 2574 2582 2618 est
2617 2579 2868 2634 magnum
2909 2563 3225 2616 mandatum
3259 2562 3316 2615 in
3361 2561 3471 2630 lege
3498 2561 3590 2613 “i
3638 2559 3695 2612 ln

2110 2671 2222 2728 quo
2244 2655 2470 2724 dignum
2492 2663 2578 2709 est
2595 2663 2656 2708 ut
2683 2653 2750 2708 de
2773 2653 3154 2708 mandatorum
3173 2649 3474 2704 differentia
3492 2647 3696 2717 aliquid

2107 2765 2472 2821 exponamus.
2510 2747 2771 2816 Quaedam
2810 2750 2958 2803 enim
2998 2747 3253 2802 mandata
3293 2755 3422 2800 sunt
3465 2762 3696 2814 magna,

2107 2844 2356 2914 quaedam
2401 2853 2585 2898 autem
2624 2842 3057 2913 subsequentia;
3101 2852 3155 2896 et
3188 2842 3268 2897 sic
3308 2856 3406 2911 per
3447 2841 3694 2896 ordinem

2109 2949 2286 3004 usque
2308 2934 2372 2988 ad
2397 2932 2623 2987 minima
2651 2933 2902 2986 mandata
2927 2940 3012 2986 est
3035 2929 3445 3000 requirendum.
3466 2927 3522 2982 Si
3550 2928 3696 2982 enim

2109 3027 2343 3081 tentanti
2368 3024 2668 3088 Pharisteo,
2700 3033 2755 3078 et
2781 3024 2983 3079 dicenti
3017 3041 3030 3076 :
3059 3022 3213 3086 Quod
3243 3031 3321 3076 est
3345 3021 3516 3089 majus
3547 3036 3701 3073 man-

2108 3117 2296 3170 datum
2326 3117 2382 3170 in
2413 3119 2550 3187 lege,
2578 3131 2687 3171 non
2716 3115 3128 3184 respondisset,
3161 3119 3557 3180 consequenter
3585 3109 3700 3163 exi-

2111 3206 2462 3261 stimaremns
2492 3221 2600 3261 non
2629 3220 2752 3262 esse
2783 3204 3106 3258 mandatum
3136 3202 3314 3272 majus
3343 3201 3515 3255 altero
3542 3215 3700 3254 man-

2111 3298 2260 3354 dato.
2301 3297 2458 3354 Nunc
2496 3307 2677 3354 autem
2720 3311 2846 3352 cum
2887 3295 3226 3365 respondens
3268 3295 3457 3348 dicat:
3501 3292 3700 3362 Diliges

2119 3389 2403 3446 Dominum
2442 3390 2613 3445 Deum
2641 3403 2789 3443 tuum
2824 3404 2890 3442 ea:
2926 3398 3038 3442 toto
3073 3386 3228 3440 corde
3261 3399 3384 3450 tuo,
3413 3394 3462 3440 et
3489 3401 3555 3440 ea:
3590 3395 3700 3438 tota

2110 3485 2294 3538 anima
2340 3492 2467 3547 tua,
2511 3494 2561 3536 et
2605 3497 2671 3536 ea:
2713 3490 2825 3535 tota
2859 3491 3032 3534 mente
3070 3487 3183 3545 tua,
3214 3480 3310 3532 hoc
3343 3488 3421 3533 est
3451 3495 3700 3548 magnum

2109 3575 2427 3630 mandatum
2456 3584 2506 3628 et
2530 3575 2762 3642 primum
2789 3572 2860 3636 “,
2889 3573 3254 3627 necessariam
3279 3571 3544 3626 discimus
3569 3585 3701 3624 sen-

2110 3668 2335 3722 tentiam
2359 3666 2428 3720 de
2453 3665 2748 3726 mandatis,
2773 3664 3033 3732 quoniam
3057 3669 3110 3716 et
3131 3671 3258 3716 sunt
3280 3675 3475 3730 magna
3497 3669 3552 3714 et
3572 3670 3701 3714 sunt

2110 3756 2374 3812 inferiora
2413 3772 2590 3826 usque
2634 3757 2701 3810 ad
2737 3757 2985 3810 minima.
3028 3755 3223 3809 Adhuc
3256 3763 3437 3808 autem
3476 3764 3530 3808 et
3568 3753 3698 3807 illud

2110 3850 2329 3904 attende
2351 3849 2496 3919 quod
2532 3846 2846 3904 Pharisams
2870 3846 3224 3915 interrogavit
3257 3863 3270 3901 :
3305 3846 3458 3911 Quod
3479 3856 3555 3900 est
3589 3863 3700 3901 ma-

2111 3957 2272 4012 gnum
2288 3941 2601 3995 mandatum
2623 3943 2678 3996 in
2701 3941 2808 4011 lege
2827 3942 2852 3994 ?
2871 3941 3134 3994 Dominus
3157 3948 3338 3994 autem
3359 3943 3697 4008 respondens

2111 4033 2161 4086 ei
2181 4032 2340 4086 docet
2361 4047 2461 4086 nos
2477 4032 2606 4102 quia
2635 4046 2744 4086 non
2774 4031 2952 4086 solum
2985 4045 3244 4100 magnum
3272 4041 3355 4085 est
3376 4031 3695 4085 mandatum

2109 4125 2335 4196 diligere
2350 4123 2666 4188 Dominum,
2682 4125 2774 4179 sed
2792 4125 2958 4180 etiam
2978 4124 3237 4194 primum.
3255 4123 3495 4178 Primum
3514 4133 3694 4177 autem

2111 4235 2218 4280 non
2254 4219 2443 4274 ordine
2470 4217 2788 4288 Scripturae,
2815 4219 2907 4272 sed
2937 4217 3200 4287 dignitate
3225 4216 3464 4272 virtutis.
3500 4215 3563 4270 Et
3593 4216 3698 4270 hoc

2110 4312 2270 4382 quasi
2303 4311 2636 4367 conveniens
2680 4311 2808 4364 huic
2837 4311 2957 4364 loco
2983 4319 3066 4364 est
3094 4308 3484 4364 attendendum
3509 4350 3525 4374 ,
3566 4309 3694 4378 quia

2111 4407 2271 4476 quasi
2301 4406 2486 4460 multis
2512 4404 2787 4460 mandatis
2810 4403 3146 4469 constitutis,
3171 4403 3243 4456 ita
3268 4417 3414 4457 nunc
3436 4417 3694 4470 maguum

2111 4499 2218 4554 hoc
2250 4509 2304 4554 et
2333 4499 2570 4566 primum
2600 4498 2738 4552 dixit
2771 4495 3089 4551 mandatum
3125 4513 3137 4548 :
3169 4493 3372 4562 Diliges
3412 4493 3697 4546 Dominum

2033 4585 2086 4646 Ι)
2114 4593 2283 4647 Deum
2316 4603 2464 4646 tuum
2492 4607 2557 4646 ex
2584 4601 2692 4645 toto
2722 4593 2878 4644 corde
2909 4601 3018 4655 tuo,
3051 4599 3099 4642 et
3128 4605 3191 4642 ea:
3218 4597 3328 4642 tota
3358 4588 3539 4641 anima
3569 4599 3658 4640 tua
3677 4628 3695 4653 ,

2107 4695 2158 4740 et
2183 4702 2247 4739 ea:
2274 4694 2384 4739 tota
2412 4694 2581 4738 mente
2606 4693 2719 4737 tua.
2756 4682 3068 4737 Secundum
3098 4689 3152 4735 et
3177 4679 3354 4735 simile
3376 4690 3459 4734 est
3492 4679 3694 4748 priori,

2107 4787 2164 4832 et
2179 4787 2398 4848 propter
2412 4773 2832 4832 similitudinem
2858 4788 3116 4844 magnum
3134 4790 3148 4826 :
3171 4772 3369 4842 Diliges
3391 4764 3695 4839 proximum

2107 4869 2246 4922 sicut
2283 4881 2333 4923 te
2367 4869 2540 4936 ipsum
2563 4868 2634 4934 ⁸³,
2670 4877 2728 4923 ut
2767 4865 3072 4922 secundum
3105 4864 3210 4917 hoe
3239 4861 3608 4931 intelligamus
3639 4869 3697 4916 et

2111 4961 2257 5016 aliud
2296 4975 2420 5016 esse
2447 4961 2591 5031 quod
2631 4961 2704 5016 sit
2737 4955 3113 5030 magnitudine
3147 4964 3200 5010 et
3225 4955 3416 5009 ordine
3440 4954 3693 5020 tertium,

2111 5051 2258 5106 aliud
2285 5066 2417 5107 vero
2452 5061 2706 5121 quartum
2734 5067 2749 5116 ;
2775 5060 2828 5106 et
2851 5049 2931 5104 sic
2954 5062 3051 5118 per
3071 5047 3318 5102 ordinem
3342 5045 3697 5102 dinumerans

2110 5144 2242 5216 legis
2269 5145 2529 5199 mandata
2557 5186 2572 5209 ,
2601 5144 2878 5212 accipiens
2898 5157 2928 5195 a
2963 5140 3074 5195 Deo
3106 5139 3451 5210 sapientiam,
3485 5141 3698 5194 ordinet

2111 5251 2175 5290 ea
2206 5237 2332 5305 quis
2361 5252 2536 5306 usque
2562 5235 2629 5290 ad
2667 5234 2978 5287 minimum.
3010 5231 3166 5298 Quod
3208 5247 3346 5301 opus
3383 5232 3587 5286 nullius
3619 5231 3698 5286 al-

2112 5331 2284 5386 terius
2310 5339 2414 5388 est.
2441 5329 2546 5383 nisi
2567 5327 2768 5382 Christi
2795 5327 2968 5381 solius
2985 5326 3080 5396 qui
3103 5337 3186 5380 est
3209 5324 3303 5380 Dei
3328 5325 3502 5380 virtus
3522 5333 3576 5379 et
3604 5325 3695 5380 Dei

2113 5420 2377 5490 sapientia
2397 5419 2462 5472 ⁸⁸.
2487 5417 2529 5470 Α
2555 5417 2892 5487 temporibus
2916 5417 3079 5488 igitur
3103 5414 3276 5486 Moysi
3300 5431 3473 5484 usque
3492 5415 3557 5469 ad
3585 5415 3698 5470 Sal-

2117 5513 2326 5567 vatoris
2353 5511 2646 5566 adventum
2677 5525 2802 5565 cum
2833 5510 3102 5580 legeretur
3126 5509 3212 5562 lex
3231 5548 3246 5573 ,
3282 5508 3510 5564 forsitan
3548 5524 3698 5578 qua:-

2115 5605 2336 5659 rebatur
2350 5603 2495 5673 quod
2523 5613 2666 5658 esset
2695 5617 2954 5671 maguum
2977 5601 3293 5656 mandatum
3323 5600 3376 5654 in
3401 5615 3486 5657 ea.
3513 5599 3696 5672 Neque

2881 5738 2928 5769 "
2965 5738 3096 5792 ibid.
3134 5737 3222 5792 56.
3332 5737 3378 5768 ⁷⁸
3429 5737 3559 5796 ibid.
3607 5741 3696 5795 40.

2699 5811 2743 5845 ⁸⁸
2772 5809 2960 5865 Matth.
2984 5825 3058 5872 vt,
3088 5808 3140 5862 9.
3217 5809 3262 5840 ⁸¹
3286 5807 3445 5864 Rom.
3468 5827 3583 5876 viti,
3614 5815 3694 5866 lii.

2240 5740 2286 5771 ⁷⁵⁵
2307 5740 2499 5794 Matth.
2531 5756 2654 5807 xxv,
2689 5739 2778 5794 55.

2156 5811 2201 5842 ⁸ο
2233 5811 2422 5864 Matth.
2457 5813 2601 5878 mea
