4110 6438
451 315 584 374 1605

1611 310 1933 368 ORIGENIS
1969 309 2035 364 ΙΝ
2076 310 2431 368 MATTHXEU
2443 311 2489 366 Μ

3571 324 3706 382 1604

442 433 587 488 enim
631 431 1020 500 interrogasset
1051 428 1153 482 hoc
1185 428 1524 492 Pharisaeus’,
1570 429 1676 484 nisi
1716 428 1842 499 quia
1877 426 2019 496 apud
2051 435 2094 493 Α
2128 425 2304 495 majus
2355 441 2478 481 esse
2524 427 2826 482 secundum
2872 431 3074 499 priore.
3124 430 3532 504 Recapitulatur
3573 453 3708 509 ergo

441 526 563 580 illos
583 525 649 579 de
673 525 775 578 hoc
793 525 1077 592 quaesitum
1104 522 1316 586 fuisset,
1332 531 1384 577 et
1401 537 1508 576 non
1529 523 1825 585 inventum,
1846 521 2020 576 donec

440 616 723 670 inveniens
759 614 918 670 Jesus
958 615 1143 669 docuit
1183 630 1289 670 non
1329 615 1506 670 solum
1554 614 1697 685 quod
1728 623 1872 669 esset
1902 629 2020 668 ma-

439 721 604 775 gnum
625 745 640 768 ,
675 704 769 759 sed
800 705 964 758 etiam
993 703 1230 772 primum
1252 746 1267 770 ,
1294 712 1350 760 et
1373 703 1518 774 quod
1544 713 1689 760 esset
1716 705 2014 760 secundum

438 798 616 852 simile
656 797 846 866 priori.
885 796 1061 866 Ipsius
1091 812 1222 866 ergo
1257 805 1340 852 est
1371 811 1510 866 opus
1541 796 1785 852 invenire
1811 805 1865 851 et
1905 805 2016 851 ter-

437 889 605 951 tium,
635 897 688 943 et
731 898 1012 958 quartum,
1037 899 1087 943 et
1120 889 1352 958 reliqua.
1393 889 1617 955 Quaeres
1648 899 1827 944 autem
1861 889 1906 945 si
1933 900 2019 946 est

437 980 654 1049 aliquod
683 981 999 1035 mandatum
1034 997 1140 1035 non
1170 981 1376 1036 habens
1405 991 1719 1050 utrumque,
1747 981 1796 1035 id
1824 990 1926 1044 est,
1958 991 2018 1036 ut

435 1081 484 1125 et
505 1071 740 1140 primum
769 1073 840 1126 sit
864 1081 917 1125 et
943 1087 1226 1143 magnum,
1261 1071 1352 1125 sed
1383 1087 1552 1125 unum
1578 1087 1641 1124 ex
1670 1072 1768 1126 eis.
1801 1070 1865 1125 Et
1886 1081 2016 1141 puto

434 1163 538 1218 tale
563 1164 770 1232 aliquid
800 1164 935 1218 dicit
965 1163 1264 1233 Apostolus
1297 1163 1362 1218 ad
1388 1162 1651 1233 Ephesios
1674 1164 1719 1195 δ”
1747 1179 1759 1215 :
1795 1163 2014 1216 Honora

433 1264 631 1323 patrem
657 1265 805 1309 tuum
829 1266 877 1310 et
904 1266 1150 1322 matrem,
1175 1257 1314 1325 quod
1341 1267 1415 1310 est
1447 1257 1755 1309 mandatum
1785 1256 2014 1325 primum

433 1348 487 1401 in
511 1351 880 1417 promissione,
904 1358 959 1401 ut
985 1349 1108 1403 bene
1127 1351 1198 1404 sit
1224 1349 1340 1412 tibi,
1365 1358 1413 1402 et
1439 1349 1542 1402 eris
1569 1349 1833 1418 longtevus
1859 1365 2015 1418 super

432 1453 648 1495 terram.
667 1441 809 1511 Ergo
823 1442 1060 1510 primum
1081 1441 1320 1510 quidem,
1339 1457 1445 1494 non
1461 1449 1640 1494 autem
1656 1453 1708 1495 et
1725 1457 2008 1511 magnum:

433 1532 655 1586 Honora
697 1545 902 1602 patrem
938 1544 1083 1586 tuum
1121 1541 1172 1586 et
1214 1542 1482 1597 matrem;
1518 1532 1639 1587 etsi
1676 1543 1760 1587 est
1793 1535 2010 1604 aliquod

432 1642 690 1695 magnum
717 1626 960 1694 quidem,
985 1640 1090 1679 non
1115 1633 1296 1679 autem
1322 1634 1375 1680 et
1398 1625 1658 1694 primum,
1675 1640 1887 1694 quaeres
1909 1627 2012 1680 dif-

434 1715 718 1772 ferentiam
779 1715 1171 1786 magnitudinis
1217 1715 1624 1771 mandatorum.
1669 1715 1737 1771 Et
1769 1717 1900 1786 quia
1943 1716 2011 1772 ad

2127 531 2289 571 omne
2323 519 2662 581 mandatum,
2689 521 2855 592 832
2883 524 2973 578 sed
3003 534 3056 578 et
3081 526 3316 594 primum
3345 527 3472 582 illud
3500 538 3555 583 et
3588 546 3708 584 ma-
3741 568 3752 590 ι

2126 625 2291 679 gnum
2323 609 2375 663 in
2401 610 2503 665 hoc
2536 614 2810 667 secundo:
2839 613 3037 684 Diliges
3070 619 3372 684 proximum
3397 627 3545 672 tuum
3569 621 3708 676 sicut

2127 703 2394 770 teipsnm;
2437 702 2696 770 quoniam
2740 703 3026 774 diligentes
3067 708 3433 777 nosmetipsos
3477 709 3524 764 si
3577 712 3708 781 quid

2127 792 2419 848 fecerimus
2443 833 2458 860 ,
2492 803 2546 847 et
2575 794 2753 864 ipsum
2781 796 3058 868 diligimus
3092 797 3262 860 Deum
3294 800 3388 870 qui
3417 799 3595 857 factus
3623 813 3706 859 est

2123 898 2317 944 auctor
2355 888 2663 957 dilectionis
2689 897 2908 953 nostrae,
2943 897 3001 942 ut
3021 889 3345 944 alterutrum
3379 891 3704 962 diligamus,

2123 991 2176 1035 et
2208 981 2497 1050 diligamur
2517 981 2586 1034 ab
2606 980 2860 1034 invicem.
2893 980 3108 1037 Gratias
3133 982 3279 1036 enim
3305 990 3526 1054 agentes
3558 984 3612 1038 in
3639 1000 3705 1040 eo

2122 1073 2266 1142 quod
2301 1072 2654 1128 rationabiles
2698 1087 2923 1136 sumus,
2971 1083 3024 1127 et
3054 1073 3231 1128 vocati
3273 1089 3465 1128 sumus
3508 1075 3576 1129 ad
3609 1073 3706 1129 Dei

2124 1164 2495 1234 agnitionem,
2533 1173 2586 1218 et
2617 1164 3008 1232 consequimur
3040 1162 3306 1218 beneficia
3335 1164 3454 1234 ejus
3489 1174 3542 1219 et
3583 1181 3708 1234 gra-

2123 1257 2274 1319 tiam,
2309 1255 2854 1326 recapitulamusDei
2890 1257 3234 1311 dilectionem
3268 1257 3321 1310 in
3347 1259 3612 1324 secundo,
3648 1266 3705 1312 et

2121 1346 2285 1400 simili
2330 1346 2516 1415 priori.
2562 1345 2816 1414 Magnum
2861 1360 2990 1415 ergo
3023 1355 3076 1401 et
3108 1347 3346 1416 primum
3383 1349 3702 1402 mandatum

2121 1437 2174 1488 iu
2219 1436 2334 1504 lege
2377 1444 2460 1489 est
2493 1435 2597 1490 hoc
2629 1453 2642 1490 :
2688 1434 2888 1506 Diliges
2928 1436 3214 1489 Dominum
3255 1436 3422 1490 Deum
3456 1447 3603 1490 tuum
3639 1453 3704 1491 ea:

2122 1536 2230 1579 toto
2247 1525 2402 1579 corde
2429 1538 2536 1590 tuo,
2554 1535 2602 1579 et
2616 1542 2679 1579 ea:
2703 1536 2812 1580 tota
2835 1527 3017 1580 anima
3041 1537 3152 1592 tua,
3166 1537 3214 1580 et
3235 1544 3298 1581 ea:
3321 1537 3432 1580 tota
3449 1537 3618 1581 mente
3634 1530 3700 1584 θ’.

2123 1618 2407 1671 Subtrahit
2431 1628 2612 1671 autem
2637 1618 2703 1672 de
2727 1619 3100 1688 magnitudine
3124 1618 3262 1689 ejus,
3289 1629 3342 1673 et
3369 1619 3436 1674 de
3463 1620 3703 1688 primatu

2119 1711 2321 1780 ipsius,
2362 1710 2455 1780 qui
2485 1710 2759 1765 subtrahit
2793 1709 2996 1780 aliquid
3033 1710 3100 1765 de
3129 1720 3241 1765 toto
3279 1712 3373 1766 illo
3400 1714 3662 1768 mandato
3683 1754 3700 1780 ,

431 1807 898 1878 comparatienem
928 1808 1148 1877 quidem
1183 1807 1566 1863 mandatorum
1609 1817 1739 1864 sunt
1768 1809 1875 1864 alia
1911 1809 2005 1863 mi-

2120 1800 2173 1855 id
2195 1809 2300 1868 est,
2333 1809 2427 1855 aut
2452 1801 2519 1855 de
2540 1816 2604 1855 eo
2629 1801 2775 1870 quod
2801 1801 2897 1868 ait,
2919 1817 2984 1855 ex
3007 1811 3118 1856 toto
3150 1801 3327 1869 corde,
3356 1811 3470 1870 aut,
3502 1820 3566 1857 ea:
3589 1811 3703 1858 tota

429 1899 613 1963 nima,
647 1899 777 1952 utile
822 1907 905 1952 est
948 1899 1014 1952 ad
1060 1898 1370 1969 exemplum
1415 1897 1661 1968 proferre
1703 1899 1848 1970 quod
1893 1899 2010 1970 ipse

428 1989 696 2045 Dominus
719 1990 796 2044 ait
821 1991 908 2044 8"z
945 1990 1005 2045 Si
1043 1991 1158 2062 quis
1197 1991 1412 2044 solverit
1445 2007 1608 2045 unum
1641 1991 1705 2044 de
1742 1993 2008 2046 mandatis

426 2082 510 2137 Itis
537 2082 775 2152 pusillis,
797 2091 847 2136 et
878 2082 1118 2136 docuerit
1151 2082 1226 2136 sic
1248 2083 1505 2149 homines,
1533 2085 1782 2138 minimus
1807 2088 2009 2140 vocabi~

427 2186 517 2232 tur
556 2175 613 2229 in
654 2191 814 2246 regno
844 2173 962 2228 Dei.
991 2171 1059 2228 Et
1087 2172 1338 2228 Salvator
1365 2174 1580 2244 quidem
1618 2174 1838 2230 tradens
1864 2175 2005 2246 quod

424 2275 573 2324 esset
604 2279 863 2336 magnum
893 2265 1210 2320 mandatum
1238 2273 1292 2320 et
1321 2265 1583 2336 primum,
1613 2266 1678 2321 ad
1702 2265 2006 2339 interroga-

425 2359 630 2416 tionem
667 2355 932 2412 Pharisaai
975 2356 1233 2412 tentantis
1265 2374 1280 2424 ;
1324 2357 1588 2427 adjiciens
1626 2367 1807 2414 autem
1839 2368 1893 2414 et
1909 2375 2006 2414 se-

423 2450 665 2506 cundum
691 2447 873 2504 simile
900 2447 1092 2519 priori,
1120 2448 1265 2519 quod
1286 2457 1442 2504 erat:
1473 2447 1674 2520 Diliges
1701 2451 2008 2518 proximum

425 2554 576 2599 tuum
607 2544 747 2598 sicut
787 2543 1009 2612 teipsum
1038 2542 1106 2607 ”,
1136 2541 1286 2598 addit
1335 2543 1560 2599 dicens:
1603 2541 1667 2598 In
1693 2545 1775 2599 his
1799 2543 2005 2600 duobus

422 2635 694 2691 mandatis
720 2635 890 2689 omnis
911 2635 998 2690 lea:
1019 2643 1070 2690 et
1088 2637 1354 2706 prophetae
1377 2636 1599 2704 pendent
1622 2636 1690 2692 ’°.
1713 2637 2006 2707 Apostolus

423 2735 608 2783 autem
645 2727 711 2782 ad
737 2725 1015 2783 Romanos
1045 2726 1180 2784 dicit
1205 2729 1248 2761 ⁹¹
1285 2747 1298 2782 :
1333 2726 1457 2782 Non
1486 2729 1861 2794 moechaberis,
1901 2746 2003 2784 non

424 2818 655 2886 occides,
691 2835 794 2873 non
821 2819 1026 2890 furtum
1053 2819 1241 2891 facies,
1266 2829 1313 2876 et
1339 2822 1387 2875 si
1417 2821 1557 2892 quod
1579 2833 1656 2878 est
1680 2821 1829 2876 aliud
1853 2839 2006 2876 man-

423 2913 633 2977 datum,
656 2913 713 2966 in
733 2914 830 2966 hoc
844 2914 996 2968 uerbo
1032 2915 1420 2984 recapitulatur
1435 2931 1454 2970 :
1481 2915 1681 2989 Diliges
1702 2918 2006 2988 proximum

425 3013 574 3057 tuum
603 3005 738 3057 sicut
773 3004 1020 3073 teipsum.
1070 3001 1361 3060 Videamus
1382 3020 1514 3077 ergo
1540 3015 1722 3062 utrum
1749 3006 1895 3062 aliud
1921 3016 2008 3063 est

422 3093 659 3163 pendere
696 3107 912 3147 omnem
958 3093 1134 3164 legem
1163 3103 1218 3150 et
1264 3095 1556 3165 prophetas
1582 3096 1636 3151 in
1671 3096 1756 3152 his
1789 3097 2006 3152 duobus

2116 1894 2330 1958 anima,
2365 1902 2498 1958 aut,
2528 1909 2592 1947 ea:
2625 1903 2738 1947 tota
2772 1902 2960 1949 mente.
3003 1892 3070 1947 Et
3113 1893 3340 1950 forsitan
3382 1911 3575 1952 omnes
3605 1897 3699 1967 qui

2116 1985 2350 2059 diligunt
2384 1985 2553 2041 Deum
2577 2029 2592 2053 ,
2629 1995 2683 2040 et
2718 1985 3008 2041 Dominum
3037 2003 3235 2053 suum,
3275 1987 3378 2042 nisi
3407 1997 3700 2058 sequentes

2116 2087 2299 2150 partes
2331 2079 2702 2149 impleverint,
2745 2088 2799 2132 et
2827 2094 2890 2132 ex
2923 2087 3037 2133 toto
3069 2081 3234 2134 corde
3275 2080 3568 2135 dilexerint
3591 2120 3607 2144 ,
3647 2089 3702 2136 et

2115 2186 2181 2226 ex
2215 2179 2329 2226 tota
2355 2170 2538 2226 anima
2558 2211 2574 2237 ,
2606 2179 2660 2225 et
2689 2186 2755 2225 ex
2792 2178 2908 2224 tota
2936 2181 3114 2226 mente
3135 2211 3151 2237 ,
3187 2187 3253 2226 ex
3299 2184 3449 2242 parte
3481 2183 3701 2230 servant

2116 2263 2436 2318 mandatum
2471 2280 2486 2331 ;
2521 2263 2577 2318 hi
2607 2273 2787 2319 autem
2813 2264 2915 2319 soli
2946 2263 3375 2334 magnitudinem
3401 2265 3520 2334 eius
3553 2267 3607 2322 in
3636 2281 3698 2324 se

2115 2355 2426 2427 suscipiunt
2445 2364 2502 2412 et
2528 2355 2846 2427 primatum,
2872 2355 2966 2426 qui
2990 2371 3099 2409 non
3129 2354 3306 2411 solum
3336 2356 3568 2429 diligunt
3589 2356 3696 2412 Do-

2115 2449 2326 2504 minum
2360 2447 2533 2505 Deum
2559 2465 2745 2516 suum,
2780 2449 2876 2505 sed
2899 2449 3064 2504 etiam
3093 2447 3198 2503 tria
3221 2447 3312 2503 illa
3335 2448 3691 2519 susceperint,

2115 2540 2169 2595 id
2197 2549 2302 2608 est,
2329 2548 2392 2596 ut
2411 2555 2478 2596 ex
2513 2549 2630 2596 toto
2655 2539 2821 2595 corde
2847 2553 2951 2594 suo
2983 2537 3128 2610 apud
3151 2551 3212 2594 se
3235 2538 3383 2594 illam
3412 2547 3580 2594 totam
3608 2555 3696 2594 re-

2113 2635 2374 2700 condaut,
2398 2643 2452 2689 et
2479 2633 2826 2704 operationes
2845 2631 2965 2703 ejus
2990 2640 3045 2686 et
3078 2631 3437 2703 cogitationes
3464 2631 3616 2703 ejus:
3643 2641 3698 2686 et

2112 2739 2180 2779 ex
2211 2733 2323 2779 tota
2348 2723 2532 2778 anima
2561 2739 2686 2790 sua,
2715 2723 2766 2777 id
2795 2731 2898 2789 est,
2929 2735 2988 2777 ut
3009 2723 3184 2793 parati
3211 2722 3321 2778 sint
3341 2737 3544 2794 ponere
3573 2737 3695 2778 eam

2113 2831 2214 2888 pro
2241 2817 2444 2887 pietate
2470 2814 2564 2870 Dei
2587 2815 2680 2887 qui
2709 2816 2964 2870 universa
2986 2817 3211 2882 creavit,
3235 2815 3457 2886 quando
3487 2815 3696 2872 utilitas

2111 2907 2353 2979 exegerit
2401 2905 2593 2974 Verbi,
2639 2923 2707 2961 ex
2744 2921 2810 2962 eo
2847 2907 2992 2977 quod
3038 2922 3103 2962 ex
3147 2916 3257 2963 tota
3297 2908 3480 2964 anima
3519 2907 3697 2979 diligit

2115 2997 2310 3067 Deum,
2337 2997 2412 3052 ita
2438 3009 2497 3052 ut
2523 2998 2672 3052 nulla
2696 3013 2822 3068 pars
2845 2997 3041 3052 animae
3067 2998 3328 3053 evellatur
3351 2998 3418 3052 ad
3453 2999 3691 3069 aliquam

2111 3105 2226 3146 rem
2259 3105 2383 3161 quae
2408 3105 2438 3145 a
2470 3089 2576 3145 fide
2607 3100 2690 3146 est
2723 3091 2897 3145 aliena
2934 3107 2948 3144 :
2979 3100 3032 3144 et
3067 3091 3122 3144 in
3160 3099 3272 3145 tota
3295 3101 3476 3146 mente
3504 3099 3693 3146 nostra

421 3184 697 3239 mandatis
719 3184 786 3239 de
810 3179 1103 3240 dilectione
1130 3184 1226 3240 Dei
1259 3194 1314 3241 et
1343 3187 1601 3256 proximi,
1627 3187 1771 3244 aliud
1797 3197 2002 3255 autem,
2032 3172 2076 3230 (ἒ
2112 3182 2250 3238 nihil
2285 3181 2433 3238 aliud
2478 3181 2778 3252 cogitantes
2810 3183 2894 3237 vel
2938 3181 3278 3254 proferentes
3321 3183 3428 3238 nisi
3473 3198 3536 3237 ea
3571 3198 3694 3254 qua:

422 3275 773 3345 recapitulari
801 3290 966 3331 omne
991 3277 1310 3332 mandatum
1345 3278 1399 3332 in
1432 3279 1537 3334 hoc
1571 3280 1830 3336 mandato
1858 3301 1871 3336 :
1901 3281 2004 3336 Di-

421 3367 555 3437 liges
610 3368 914 3436 proximum
969 3377 1120 3422 tuum
1167 3371 1304 3424 sicut
1353 3372 1616 3441 teipsum;
1684 3382 1777 3428 aut
1819 3373 2003 3428 omnia

422 3458 682 3514 mandata
729 3467 782 3513 et
829 3459 1066 3528 pendent
1099 3468 1154 3514 et
1199 3460 1629 3530 recapitulantur
1669 3463 1726 3518 in
1769 3471 2004 3533 utroque

423 3550 703 3606 mandato.
755 3548 897 3604 Dicit
942 3565 1074 3621 ergo
1120 3551 1320 3622 aliquis
1367 3553 1604 3624 pendere
1651 3569 1682 3608 a
1730 3554 2002 3610 mandatis

423 3643 680 3698 mandata
704 3684 721 3711 ,
750 3652 806 3698 et
833 3659 863 3698 a
893 3643 1070 3713 primo
1099 3644 1318 3715 quidem
1349 3653 1404 3700 et
1423 3660 1622 3716 magno
1651 3647 1888 3718 pendere
1916 3663 2003 3702 se-

419 3733 664 3790 cundum
701 3741 758 3788 et
785 3733 963 3789 simile
989 3733 1168 3802 primo
1192 3751 1207 3801 ;
1237 3749 1268 3788 a
1291 3735 1530 3790 secundo
1551 3745 1732 3791 autem
1757 3737 1999 3804 tertium,

419 3835 474 3881 et
503 3827 584 3882 sic
622 3825 881 3895 deinceps
927 3825 1111 3881 omnia
1154 3841 1277 3896 quae
1316 3838 1447 3884 sunt
1484 3837 1610 3899 post
1656 3829 1956 3885 secundum
1981 3870 1998 3895 ,

423 3916 657 3986 pendere
687 3931 716 3970 a
742 3917 1172 3986 praecedentibus
1203 3937 1216 3973 :
1246 3928 1299 3974 et
1325 3919 1646 3989 Apustolum
1673 3923 1892 3992 quidem
1921 3939 2003 3979 se-

420 4008 662 4065 cundum
705 4008 1201 4065 considerationem
1233 4012 1311 4066 rei
1342 4012 1550 4068 dixisse
1577 4014 1812 4083 pendere
1837 4031 2001 4071 omne

421 4103 738 4159 mandatum
768 4118 798 4157 a
823 4105 1078 4160 mandato
1103 4124 1116 4160 :
1149 4105 1345 4178 Diliges
1366 4091 1668 4176 proximum
1692 4118 1840 4162 tuum
1862 4111 2000 4164 sicut

421 4195 647 4264 teipsum
676 4210 696 4259 ;
734 4193 1072 4250 Salvatorem
1101 4205 1280 4252 autem
1313 4197 1584 4263 docuisse,
1611 4199 1870 4269 quoniam
1901 4201 2001 4255 do-

323 4345 327 4355 I
421 4287 774 4341 minationem
814 4287 1018 4343 habent
1045 4287 1289 4344 omnium
1324 4289 1704 4344 mandatorum
1739 4290 1852 4346 luec
1889 4292 2000 4346 duo

419 4379 696 4434 mandata.
735 4379 883 4433 Alter
912 4388 1096 4434 autem
1127 4380 1434 4435 discutiens
1471 4391 1696 4451 quaeret.
1724 4384 1999 4453 quomodo

415 4472 626 4527 dictum
651 4480 734 4526 est
758 4470 889 4524 illud
920 4489 932 4524 :
962 4470 1084 4525 Non
1120 4471 1483 4539 mmchaberis,
1513 4491 1616 4528 non
1647 4476 1868 4539 occides.
1895 4493 2000 4531 non

420 4565 626 4635 furtum
653 4563 836 4632 facies,
862 4573 911 4617 et
943 4564 990 4617 si
1015 4564 1152 4632 quod
1174 4563 1324 4620 aliud
1350 4577 1425 4618 est
1451 4566 1765 4620 mandatum
1787 4568 1842 4621 in
1865 4568 1994 4638 lege,

417 4659 475 4713 in
506 4657 602 4710 hoc
631 4655 783 4709 verbo
815 4655 1236 4726 recapituletur:
1276 4656 1477 4727 Diliges
1505 4661 1814 4728 proximum
1849 4670 1998 4715 tuum

419 4752 562 4806 sicut
598 4751 841 4819 teipsum.
884 4747 1038 4803 Dicet
1063 4762 1195 4820 ergo
1223 4768 1237 4803 :
1267 4757 1322 4804 et
1347 4749 1475 4803 illud
1503 4752 1818 4808 mandatum
1849 4773 1861 4807 :
1897 4752 1997 4806 Di-

416 4841 546 4910 liges
568 4836 1034 4892 DominumDeum
1055 4847 1203 4890 tuum
1216 4854 1282 4892 ea:
1303 4847 1412 4892 toto
1433 4841 1589 4895 corde
1611 4850 1719 4906 tuo,
1736 4852 1785 4897 et
1801 4860 1865 4898 ea:
1887 4854 1998 4899 tota

415 4932 599 4985 anima
633 4941 726 4984 tua
753 4939 822 4995 ,et
852 4946 917 4984 ea:
942 4939 1053 4984 tota
1077 4939 1248 4986 mente
1284 4943 1375 4984 tua
1393 4972 1408 4998 ,
1437 4933 1830 5004 recapitulatur
1853 4937 1908 4991 in
1930 4951 1998 4992 eo

417 5025 706 5080 mandato:
728 5023 922 5095 Diliges
942 5024 1242 5095 proximum
1259 5034 1408 5080 tuum
1430 5027 1567 5082 sicut
1585 5029 1828 5100 teipsum.
1855 5030 1998 5097 Quo-

416 5118 583 5173 modo
605 5126 784 5172 autem
814 5132 1001 5172 verum
1025 5116 1099 5171 sit
1118 5117 1262 5187 quod
1287 5119 1365 5172 ait
1389 5137 1403 5173 :
1426 5118 1493 5173 Et
1514 5121 1561 5176 si
1585 5123 1723 5192 quod
1747 5122 1895 5177 aliud
1917 5131 1995 5178 est

416 5207 755 5273 mandatum,
785 5207 840 5260 in
863 5207 960 5261 hoc
989 5206 1141 5261 verba
1177 5209 1580 5279 recapitulatur,
1618 5213 1724 5267 nisi
1754 5223 1808 5268 et
1833 5230 1993 5268 man-

413 5301 602 5357 datum
629 5299 774 5370 quod
801 5299 1039 5369 positum
1072 5307 1158 5355 est
1183 5302 1250 5356 de
1284 5300 1576 5359 dilectione
1613 5303 1704 5359 Dei
1733 5307 1996 5374 recapitu.

417 5393 558 5447 letur
604 5392 657 5446 in
707 5392 948 5446 secundo
971 5432 986 5456 ,
1016 5400 1071 5445 et
1111 5390 1276 5447 simili
1311 5393 1528 5461 priori?
1560 5393 1624 5448 Et
1667 5395 1711 5449 si
1756 5396 1991 5465 primum

415 5484 732 5539 mandatum
779 5484 1164 5553 recapituletur
1209 5484 1263 5538 in
1312 5487 1588 5550 secundo,
1640 5502 1862 5544 necesse
1910 5498 1994 5543 est

491 5688 534 5718 ’⁸⁷
589 5689 787 5755 thcs.
830 5707 880 5745 vn
907 5732 920 5752 ,
959 5692 1026 5751 εὶ,
1059 5692 1110 5747 5.

421 5771 559 5824 χχιι,
594 5759 684 5813 57.
751 5762 794 5793 ’³
818 5777 958 5816 vers.
988 5762 1041 5817 6.
1119 5764 1162 5794 "’
1184 5763 1339 5817 Prov.
1377 5782 1464 5830 xv,
1493 5759 1582 5819 32.

2111 3277 2208 3333 Dei
2238 3285 2388 3333 sunt.
2418 3274 2486 3330 Et
2512 3276 2633 3331 vide
2669 3275 2713 3330 si
2761 3285 2912 3346 potes
2945 3290 3040 3331 cor
3065 3276 3285 3346 quidem
3315 3278 3562 3347 accipere
3592 3290 3692 3347 pro

2113 3370 2394 3426 intellectu
2415 3411 2430 3439 ,
2475 3369 2570 3440 qui
2599 3377 2681 3425 est
2721 3369 2773 3422 in
2823 3368 3250 3439 intelligibilihus
3283 3369 3604 3438 speculans,
3637 3376 3693 3423 ct

2109 3463 2406 3517 ostendens
2448 3459 2660 3516 fontem
2704 3467 2758 3514 et
2802 3459 3130 3529 principium
3176 3473 3368 3513 eorum
3411 3459 3556 3529 quod
3605 3468 3691 3513 est

2111 3556 2257 3612 Deus
2289 3571 2306 3623 ;
2338 3562 2576 3609 mentem
2624 3560 2806 3607 autem
2851 3551 2920 3606 ad
2963 3548 3320 3620 proferendas
3363 3565 3474 3605 res.
3509 3549 3688 3604 Mente

2110 3652 2257 3706 enim
2290 3648 2622 3720 proferimus
2646 3646 2891 3717 singulas
2922 3661 3033 3708 res,
3059 3655 3114 3700 et
3140 3659 3236 3715 per
3263 3643 3689 3714 unumquodque

2111 3743 2476 3814 signiﬁcatum
2496 3739 2656 3810 quasi
2676 3747 2858 3794 mente
2877 3746 3064 3794 nostra
3085 3735 3507 3802 inambulamus,
3526 3744 3689 3804 atque

2111 3835 2464 3908 proferimus.
2483 3831 2549 3888 Et
2568 3833 2614 3888 si
2635 3833 2760 3904 quis
2783 3831 3062 3902 ingeniose
3083 3829 3349 3898 intelligat
3370 3828 3687 3882 mandatum

2108 3928 2253 4000 quod
2280 3928 2345 3982 de
2359 3925 2651 3982 dilectione
2671 3923 2909 3996 positum
2934 3934 3019 3978 est
3040 3923 3092 3976 in
3112 3921 3366 3978 omnibus
3387 3921 3492 3976 illis
3513 3920 3689 3976 tribus

2108 4037 2231 4092 qua:
2266 4028 2395 4074 sunt
2433 4017 2713 4074 nominata
2737 4058 2751 4082 ,
2795 4024 2850 4071 et
2881 4013 3316 4070 consideraverit
3359 4013 3413 4066 in
3457 4012 3688 4083 singulis

2109 4115 2417 4186 quibusque
2439 4110 2687 4166 ﬁdelibus
2706 4108 2800 4164 Dei
2817 4105 3182 4174 dilectionem,
3203 4105 3442 4160 inveniet
3458 4104 3686 4161 forsitan

2109 4217 2280 4262 totum
2300 4204 2618 4260 mandatum
2637 4211 2731 4256 aut
2760 4200 2903 4270 apud
2922 4214 3091 4254 unum
3117 4196 3367 4264 forsitan,
3388 4197 3469 4252 vel
3493 4213 3688 4253 secun-

2107 4301 2260 4366 dum,
2285 4299 2370 4354 vel
2394 4297 2638 4363 tertium,
2662 4294 2842 4351 ethoc
2865 4293 2908 4348 si
2930 4291 3096 4348 fuerit
3117 4291 3300 4346 datum
3327 4291 3383 4345 in
3405 4290 3684 4354 omnibus,

2108 4403 2202 4449 aut
2228 4391 2323 4446 Dei
2349 4387 2697 4446 dilectionem
2725 4386 2906 4440 minus
2929 4383 3241 4444 habentem,
3272 4381 3358 4437 vel
3385 4379 3684 4449 modicum,

2109 4485 2191 4539 vel
2215 4481 2471 4553 amplius,
2507 4486 2603 4533 aut
2626 4491 2692 4532 ex
2722 4491 2789 4531 eo
2813 4474 2960 4545 quod
2984 4472 3116 4529 dicit
3137 4489 3204 4527 ea:
3233 4481 3341 4528 toto
3379 4471 3555 4537 corde,
3593 4479 3688 4527 aut

2036 4541 2082 4597 Β
2105 4593 2172 4631 ex
2204 4590 2270 4630 eo
2291 4541 2437 4642 quod
2459 4541 2562 4637 ait,
2588 4585 2653 4624 ea:
2677 4577 2788 4622 tota
2819 4541 3018 4632 anima,
3049 4576 3142 4620 aut
3168 4579 3233 4619 ea:
3260 4573 3371 4618 tota
3401 4572 3590 4618 mente.

2175 4667 2227 4722 5.
2254 4664 2446 4721 Simile
2465 4671 2549 4718 est
2563 4659 2862 4718 secundum
2879 4655 3196 4714 nlandatum
3214 4657 3407 4727 priori,
3423 4655 3680 4727 quoniam

2103 4769 2188 4816 est
2213 4758 2432 4816 dilectio
2460 4753 2700 4810 hominis
2727 4753 2822 4824 qui
2848 4751 3026 4807 factus
3049 4758 3135 4806 est
3155 4750 3456 4806 secundum
3488 4747 3680 4817 imagi-

2105 4869 2229 4907 ncm
2260 4851 2395 4916 Dei,
2430 4848 2662 4904 forsitan
2706 4854 2761 4901 et
2799 4844 3103 4901 secundum
3147 4842 3578 4900 similitudinem.
3617 4837 3675 4892 ln

2103 4942 2446 5011 expositione
2472 4948 2654 4992 autem
2705 4935 2948 4990 mandati
2977 4934 3124 5005 quod
3160 4943 3245 4990 est
3283 4934 3352 4989 de
3392 4929 3680 4987 dilectione

2103 5031 2337 5104 proximi
2358 5030 2619 5100 positum.
2643 5028 2808 5083 etiam
2831 5027 2948 5082 haec
2963 5032 3091 5082 sunt
3110 5023 3387 5081 discenda.
3406 5019 3678 5088 Quoniam

2104 5117 2412 5176 secundum
2444 5115 2591 5185 quod
2635 5115 2842 5170 dictum
2873 5122 2958 5171 est
3005 5114 3061 5169 in
3099 5114 3313 5170 decimo
3349 5109 3562 5182 psalmo
3582 5109 3631 5143 "
3661 5126 3678 5166 :

2103 5213 2209 5278 Qui
2242 5210 2418 5281 diligit
2449 5209 2820 5280 iniquitatem,
2851 5209 2963 5262 odit
2998 5209 3232 5261 animam
3265 5222 3420 5260 suam
3448 5221 3469 5272 ;
3500 5213 3557 5260 et
3594 5218 3681 5260 se-

2101 5305 2341 5359 cundum
2377 5302 2522 5372 quod
2555 5304 2611 5356 in
2653 5300 2965 5356 Proverbiis
2991 5299 3189 5355 dicitur
3214 5298 3297 5354 ’δε
3337 5298 3444 5364 Qui
3476 5295 3681 5367 repellit

2101 5397 2465 5465 disciplinam,
2488 5395 2600 5450 odit
2629 5394 2860 5464 seipsum
2884 5410 2902 5458 ,'
2930 5389 3282 5448 manifestum
3311 5401 3396 5447 est
3415 5388 3678 5460 quoniam

2103 5506 2261 5544 ιιριιιο
2300 5488 2532 5558 diligens
2574 5486 2918 5558 iniquitatem
2948 5483 3126 5556 diligit
3162 5481 3475 5555 proximum
3516 5494 3676 5538 suum

1189 5693 1233 5724 ⁸⁸
1285 5692 1472 5748 Matth.
1508 5711 1574 5760 v,
1613 5696 1696 5751 19.
1771 5698 1813 5730 δε·
1843 5696 2033 5752 Matth.
2073 5712 2210 5761 xxn,
2241 5694 2332 5750 39.
2407 5693 2452 5726 ⁸⁸
2481 5694 2613 5749 ibid.
2652 5692 2742 5746 40.
2819 5693 2861 5724 9‘
2895 5690 3054 5745 Rom.
3085 5705 3206 5753 xm,
3242 5688 3297 5746 9.
3375 5691 3422 5722 “
3476 5685 3671 5742 Matth.
