4110 6472
374 398 379 405 .
477 360 613 416 Ιϐοὸ

1615 350 2268 410 COMMENTARIORUM
2312 351 2576 410 SERIES.

3579 360 3718 419 1606

474 483 621 536 sicut
659 480 899 549 seipsum
920 517 936 543 ,
970 491 1094 531 cum
1133 489 1233 530 nec
1258 474 1498 545 seipsum
1530 474 1718 545 diligat
1746 516 1761 539 ,
1795 485 1850 529 et
1889 489 2048 529 nemo
2082 480 2122 536 Α
2153 472 2424 528 sustineat
2448 472 2692 539 dilectio,
2733 474 2828 529 sed
2862 474 3046 529 omnia
3089 473 3338 531 sustinet.
3373 472 3438 530 Et
3470 476 3730 546 quoniam

475 573 745 643 repellens
783 569 1127 640 disciplinam
1155 567 1334 638 diligit
1370 566 1681 637 proximum
1719 582 1878 623 suum
1908 567 2052 623 sicut

477 671 744 737 seipsum,
766 664 966 735 quippe
981 664 1073 732 qui
1095 678 1195 718 nee
1217 662 1395 732 ipsum
1417 677 1477 718 se
1499 661 1707 734 diligit;
1729 672 1782 718 et
1806 664 1881 719 ita
1911 662 1971 718 tit
1994 672 2053 719 ut

478 763 571 831 qui
588 759 1137 831 diligitiniquitatem,
1156 766 1209 811 et
1224 757 1336 811 odit
1353 757 1591 811 animam
1612 771 1792 822 suam,
1811 770 1912 810 nec
1926 771 2054 825 pos-

482 852 554 906 sit
570 864 792 904 servare
815 845 1114 901 secundum
1135 845 1474 900 mandatum.
1498 843 1758 900 Similiter
1777 852 1832 899 et
1850 844 1943 913 qui
1967 860 2052 901 re-

479 938 629 1007 pellit
642 935 1006 1005 disciplinam,
1030 942 1313 1003 peccatum
1337 932 1546 1003 diligit:
1567 932 1687 987 ideo
1712 934 1870 1003 etqui
1888 935 2054 1003 repel-

476 1027 541 1080 lit
555 1023 775 1094 aliquod
794 1024 1017 1078 verbum
1033 1022 1343 1091 disciplina;
1353 1020 1468 1087 Dei,
1484 1021 1597 1076 odit
1618 1022 1855 1076 animam
1873 1038 2050 1078 suam.

546 1117 600 1171 4.
625 1113 878 1171 Posthtec
892 1130 1105 1185 quaeres
1117 1114 1393 1184 quomodo
1405 1113 1585 1170 omnis
1606 1113 1690 1168 lex
1707 1123 1761 1168 et
1781 1115 2054 1184 prophetae

474 1203 715 1273 pendent
760 1203 814 1258 in
862 1203 1076 1258 duobus
1123 1203 1245 1258 istis
1295 1203 1584 1258 mandatis.
1632 1201 1854 1260 Videtur
1906 1205 2051 1260 enim

479 1303 659 1350 textus
692 1294 979 1350 ostendere
1005 1294 1148 1365 quod
1182 1295 1364 1349 omnia
1389 1309 1727 1364 qutecunque
1755 1304 1885 1349 sunt
1917 1296 2055 1351 scri-

472 1395 590 1456 pta,
625 1387 708 1442 vel
740 1388 792 1440 in
827 1376 1036 1451 Exodo,
1070 1386 1155 1441 vel
1182 1386 1234 1440 in
1261 1385 1526 1453 Levitieo,
1554 1388 1638 1442 vel
1671 1387 1724 1441 in
1768 1386 2050 1451 Numeris,

477 1479 560 1532 vel
594 1479 648 1532 in
690 1477 1130 1542 Deuteronomio,
1156 1478 1426 1546 pendeant
1462 1477 1515 1531 in
1542 1478 1628 1534 his
1650 1477 1866 1533 duobus
1898 1494 2057 1533 man-

474 1571 642 1626 datis.
663 1570 950 1636 Quomodo
967 1577 1146 1623 antem
1170 1570 1254 1624 lex
1272 1585 1394 1639 qua:
1416 1571 1590 1639 posita
1613 1580 1697 1625 est
1718 1570 1785 1625 de
1803 1570 2051 1640 leprosis,

480 1664 565 1717 vel
605 1662 673 1717 de
704 1661 909 1717 ﬂuxum
950 1661 1236 1730 sanguinis
1273 1661 1605 1726 patientibus
1629 1702 1644 1727 ,
1678 1661 1762 1715 vel
1791 1661 1858 1717 de
1899 1676 2055 1715 men-

475 1754 705 1811 struatis
748 1754 1104 1819 mulieribus,
1151 1753 1423 1823 pendeant
1471 1754 1527 1808 in
1567 1754 1686 1810 istis
1735 1752 2057 1808 mandatis?

476 1847 670 1902 Adhuc
702 1855 882 1901 autem
914 1818 1191 1915 quomodo
1211 1854 1259 1899 et
1285 1843 1568 1915 prophetia
1598 1860 1720 1915 quae
1740 1846 1807 1899 de
1831 1842 2052 1900 Jerusa-
2088 1818 2129 1877 Β

479 1938 580 1990 lem
603 1936 868 2006 captanda
887 1936 1060 2005 posita
1078 1943 1182 2000 est,
1200 1934 1281 1990 vel
1297 1934 1436 1990 visio
1455 1931 1674 2006 Egypti
1693 1933 1835 2004 apud
1852 1932 2049 1989 lsaiam

477 2036 808 2097 crateresque
835 2028 1163 2098 prophetas,
1201 2025 1478 2098 quomodo
1508 2034 1564 2081 et
1591 2025 1734 2080 visio
1765 2023 1892 2097 Tyri
1917 2066 1933 2092 ,
1966 2026 2050 2081 vel

472 2135 817 2191 quaecunque
844 2120 1239 2191 prophetantur
1264 2119 1331 2175 de
1367 2117 1547 2191 Tyro,
1580 2119 1665 2174 vel
1697 2117 1767 2175 de
1808 2118 2052 2189 principe

474 2209 626 2283 Tyri,
656 2211 935 2282 quomodo
956 2211 1119 2266 etiam
1149 2211 1289 2267 visio
1310 2209 1726 2281 quadrupedum
1754 2207 1814 2264 in
1835 2208 2051 2266 deserto

475 2300 619 2371 apud
663 2299 856 2357 Isaiam
899 2299 1174 2371 pendeant
1213 2300 1266 2355 in
1311 2300 1527 2355 duobus
1571 2299 1692 2355 istis
1730 2299 2052 2355 mandatis?

471 2391 632 2460 Quod
655 2400 836 2449 autem
860 2393 1072 2448 videtur
1093 2392 1228 2447 mihi
1249 2394 1302 2448 in
1329 2392 1431 2448 hoc
1451 2391 1592 2457 loco,
1612 2391 1925 2462 huiusmodi
1944 2400 2047 2447 est.

475 2484 581 2552 Qui
623 2485 808 2541 omnia
860 2484 1104 2555 implevit
1133 2499 1256 2555 quae
1284 2484 1488 2555 scripta
1519 2492 1647 2539 sunt
1674 2482 1742 2539 de
1785 2482 1881 2539 Dei
1917 2483 2052 2539 dile-

472 2578 658 2633 ctione
682 2586 738 2633 et
758 2576 1016 2650 proximi,
1048 2576 1246 2646 dignus
1265 2584 1352 2631 est
1367 2575 1636 2631 maximas
1655 2573 1861 2646 gratias
1886 2588 1918 2628 a
1941 2572 2052 2630 Deo

476 2667 791 2737 percipere,
830 2666 1035 2738 quibus
1067 2666 1396 2737 praepositus
1425 2674 1511 2721 est
1551 2663 1834 2735 sapientiai
1867 2678 2050 2720 sermo

474 2771 572 2826 per
594 2755 857 2825 Spiritum
888 2767 1161 2822 sanctum,
1198 2773 1294 2827 per
1317 2772 1479 2828 quem
1499 2769 1681 2811 sermo
1700 2754 1943 2811 scientia:
1956 2754 2050 2824 qui

474 2849 776 2904 secundum
798 2849 1049 2920 spiritum
1071 2860 1174 2906 est.
1194 2848 1400 2920 Dignus
1418 2858 1596 2903 autem
1617 2848 1945 2904 constitutus
1966 2844 2051 2902 his

476 2942 734 2999 omnibus
759 2942 921 2999 donis
941 2943 1179 2998 exsultat
1201 2942 1256 2997 in
1280 2941 1544 3011 sapientia
1569 2939 1684 3007 Dei,
1708 2938 1927 3007 plenum
1954 2937 2053 2993 ha-

474 3033 609 3088 bens
639 3048 736 3089 cor
762 3032 828 3088 de
856 3030 947 3088 Dei
975 3032 1285 3095 dilectione,
1309 3042 1364 3086 et
1388 3039 1555 3086 totam
1586 3030 1825 3085 animam
1846 3026 2052 3085 lumine

473 3125 715 3182 scicntia:
755 3126 1083 3182 illustratum
1106 3164 1124 3192 ,
1167 3134 1224 3181 et
1254 3134 1421 3181 totam
1461 3132 1700 3178 mentem
1740 3121 1904 3177 verbo
1932 3118 2048 3175 Dei.

471 3216 814 3271 Consecutus
839 3224 1022 3271 autem
1053 3215 1368 3286 huiusmodi
1399 3215 1542 3270 dona
1564 3228 1631 3269 ex
1656 3212 1786 3278 Deo,
1807 3210 2052 3283 profecto

471 3307 723 3378 intelligit
741 3323 958 3363 omnem
985 3308 1158 3380 legem
1183 3316 1238 3362 et
1258 3307 1553 3378 prophetas
1575 3314 1784 3376 partem
1810 3305 2050 3376 aliquam

469 3413 592 3454 esse
616 3413 682 3452 ex
712 3398 862 3453 omni
904 3397 1168 3468 sapientia
1203 3406 1257 3453 et
1288 3397 1514 3454 scientia
1542 3396 1667 3464 Dei,
1699 3407 1755 3452 et
1801 3396 2054 3469 intelligit

468 3507 688 3549 omnem
718 3493 890 3565 legem
918 3502 973 3549 et
997 3495 1296 3565 prophetas
1323 3494 1581 3564 pendere,
1616 3501 1672 3549 et
1707 3493 1985 3551 adhaerere
2016 3510 2049 3550 a

466 3585 738 3655 principio
764 3585 1074 3641 dilectionis
1098 3584 1315 3640 Domini
1346 3584 1442 3640 Dei
1467 3593 1522 3640 et
1545 3584 1801 3655 proximi,
1825 3589 1882 3640 et
1907 3600 2054 3655 quo-

469 3675 618 3729 niam
654 3674 914 3744 perfectio
948 3674 1170 3744 pietatis
1194 3675 1249 3729 in
1271 3675 1563 3730 dilectione
1595 3674 1866 3729 consistit.
1895 3671 2052 3729 Sulli-

470 3765 673 3822 cientia
714 3765 935 3833 quidem
982 3771 1113 3819 sunt
1140 3772 1196 3818 et
1239 3763 1346 3819 ista
1391 3778 1516 3832 quas
1548 3763 1789 3820 diximus
1819 3782 1835 3830 ;
1868 3773 2049 3819 tamen

469 3858 537 3911 ad
569 3856 1090 3911 demonstrationem
1122 3855 1517 3925 magnitudinis
1540 3855 1662 3925 eius
1692 3856 2051 3911 nihilominus

470 3948 723 4000 Convenit
762 3955 817 4001 et
851 3947 953 3999 ista
989 3945 1316 4015 subiungere
1353 3961 1367 3998 :
1400 3943 1650 4000 Charitas
1690 3948 1897 4015 patiens
1936 3958 2047 4011 est,

470 4035 693 4107 benigna
713 4046 813 4092 est.
831 4035 1082 4092 Charitas
1106 4052 1210 4089 non
1228 4035 1472 4103 inﬂatur,
1495 4051 1597 4090 non
1622 4037 1733 4107 agit
1753 4052 2047 4107 perperam,

454 4145 573 4183 .non
612 4136 689 4183 est
718 4128 1023 4191 ambitiosa,
1044 4144 1146 4182 non
1172 4128 1445 4191 irritatur,
1472 4143 1575 4181 non
1597 4128 1791 4197 cogitat
1827 4126 2047 4191 malum,

473 4236 574 4276 non
602 4222 793 4292 gaudet
826 4236 982 4290 super
1014 4221 1371 4290 iniquitatem,
1398 4218 1691 4290 congaudet
1717 4227 1895 4273 autem
1916 4219 2051 4273 ueri-

420 4354 432 4365 .
472 4313 606 4376 tati,
630 4313 825 4389 omnia
867 4313 1126 4376 sustinet,
1164 4312 1341 4365 omnia
1382 4310 1582 4373 credit,
1627 4310 1807 4365 omnia
1839 4318 2048 4371 sperat,

467 4407 707 4462 eharitas
728 4423 999 4478 nunquam
1021 4405 1220 4475 cecidit
1236 4406 1305 4460 ’⁸.
1332 4403 1502 4460 Nemo
1521 4406 1669 4461 enim
1689 4404 2052 4477 pusillanimis

2152 566 2395 621 charitas
2420 581 2700 637 nunquam
2727 566 2949 631 excidit,
2988 566 3268 621 conlidens
3298 567 3594 636 Apostolus
3639 576 3728 620 to-

2153 664 2261 710 tam
2293 670 2412 710 eam
2467 671 2527 710 se
2556 656 2862 724 su‘scepisse
2890 655 3104 710 dicebat
3132 654 3207 708 "z
3235 655 3366 720 Quis
3396 672 3486 709 nos
3514 672 3723 725 separa-

2152 748 2229 802 bit
2270 765 2302 802 a
2324 747 2584 802 charitate
2610 747 2746 801 Dei?
2777 745 3099 813 Tribulatio,
3129 763 3197 800 an
3233 747 3506 816 angustia,
3540 764 3608 799 an
3644 746 3727 815 fa-

2154 855 2283 903 mes,
2334 856 2403 893 an
2438 838 2677 901 nuditas,
2733 855 2801 892 an
2833 838 3149 904 periculum,
3187 856 3255 892 an
3286 839 3542 909 gladius?
3578 838 3728 893 Sicut

2153 933 2410 1002 scriptum
2438 944 2513 986 est
2539 950 2557 987 :
2591 931 2854 997 Quoniam
2885 941 3096 1001 propter
3130 942 3178 985 te
3207 931 3594 1000 mortiﬁcamur
3619 940 3728 984 tota

2153 1025 2258 1089 die,
2313 1025 2607 1078 existimati
2660 1040 2841 1077 sumus
2894 1032 2951 1076 ut
2994 1040 3109 1077 oves
3155 1024 3454 1082 occisionis.
3502 1021 3726 1092 Propter

2153 1119 2500 1175 dilectionem
2552 1120 2698 1174 enim
2752 1118 2966 1193 dicebat
2990 1118 3034 1150 9'
3064 1134 3077 1169 :
3111 1116 3213 1173 Sed
3250 1120 3305 1171 in
3352 1118 3433 1172 his
3487 1116 3727 1171 omnibus

2154 1224 2462 1278 superamus
2490 1218 2705 1279 propter
2734 1225 2853 1263 eum
2882 1208 2974 1278 qui
2995 1209 3183 1262 dilexit
3214 1225 3328 1262 nos.
3355 1207 3435 1261 Ex
3463 1207 3727 1262 charitatc

2154 1299 2301 1354 enirn
2348 1315 2628 1369 nunquam
2669 1298 2952 1355 excidente
2990 1308 3147 1375 erant
3195 1300 3300 1354 illa;
3348 1314 3509 1354 voces
3544 1299 3726 1353 dicen-

2158 1391 2227 1446 tis
2248 1390 2321 1440 ”:
2364 1390 2588 1460 Confido
2637 1392 2777 1445 enim
2811 1391 2939 1462 quia
2981 1406 3142 1461 neque
3191 1406 3353 1455 mors,
3390 1405 3550 1459 neque
3595 1390 3727 1451 vita,

2155 1498 2317 1553 neque
2368 1482 2572 1551 angeli,
2624 1498 2787 1552 neque
2828 1483 3180 1552 principatus,
3222 1497 3383 1551 neque
3427 1480 3728 1549 prwsentia,

2156 1591 2317 1645 neque
2354 1576 2557 1644 futura,
2604 1591 2765 1643 neque
2792 1576 3031 1639 uirtutes,
3080 1591 3241 1642 neque
3276 1575 3531 1639 altitudo,
3572 1590 3728 1644 neque

2156 1666 2503 1735 profundum,
2532 1681 2697 1736 neque
2731 1666 2915 1734 aliqua
2959 1674 3203 1717 creatura
3230 1665 3418 1733 poterit
3455 1679 3547 1717 nos
3574 1678 3728 1732 sepa-

2158 1773 2278 1811 rare
2303 1772 2337 1810 a
2367 1755 2628 1810 charitate
2655 1754 2770 1821 Dei,
2800 1771 2919 1825 qua:
2941 1763 3018 1808 est
3050 1754 3104 1806 in
3134 1752 3343 1808 Christo
3361 1751 3489 1807 Iesu
3507 1751 3730 1806 Domino

2159 1856 2359 1902 nostra.
2415 1846 2480 1902 Et
2512 1846 2772 1918 quoniam
2824 1845 3061 1901 habebat
3113 1845 3223 1901 duo
3250 1843 3547 1922 Apostolus
3592 1844 3729 1898 dile-

2157 1937 2355 1992 ctionis
2393 1938 2670 2003 mandata,
2710 1935 2807 1990 Dei
2847 1945 2903 1991 et
2939 1935 3195 2006 proximi,
3235 1934 3357 1989 ideo
3392 1932 3627 1989 habebat
3674 1933 3731 1988 in

2158 2044 2218 2086 se
2248 2029 2415 2085 totius
2447 2028 2607 2100 Legis
2638 2037 2690 2085 et
2718 2028 3116 2099 Prophetarum
3149 2024 3495 2082 manifestata
3523 2031 3728 2096 myste-

2158 2121 2263 2186 ria,
2306 2129 2365 2175 ut
2395 2120 2702 2190 intelligens
2748 2134 2814 2176 ea
2843 2119 3071 2186 diceret,
3122 2117 3385 2189 quoniam
3435 2116 3617 2171 omnis
3645 2116 3729 2172 lex

2156 2222 2210 2267 et
2244 2211 2523 2282 propheta:
2549 2211 2603 2266 in
2630 2211 2715 2266 his
2739 2210 2956 2266 duobus
2983 2209 3257 2267 mandatis
3281 2207 3536 2279 pendent.

2228 2304 2281 2359 5.
2322 2302 2671 2375 Cougregatis
2716 2313 2890 2357 autem
2924 2301 3242 2365 Phariscis,
3271 2298 3618 2371 interrogauit
3643 2313 3731 2353 eos

2155 2395 2315 2451 Jesus
2351 2395 2531 2451 dicens
2557 2412 2577 2452 :
2605 2393 2747 2463 Quid
2784 2395 2929 2450 vobis
2972 2394 3182 2449 uidetur
3221 2394 3286 2449 de
3310 2391 3546 2456 Christo,
3579 2391 3733 2461 cujus
3827 2397 3838 2407 ‘

2153 2499 2233 2543 est
2264 2487 2452 2558 ﬁlius?
2482 2485 2680 2540 Dicunt
2714 2484 2791 2549 ei,
2824 2484 3015 2539 Dauid.
3067 2483 3211 2538 Dicit
3251 2484 3327 2538 eis
3360 2481 3517 2538 Jesus
3539 2498 3560 2537 :
3583 2482 3732 2547 Quo-

2157 2580 2313 2635 modo
2349 2593 2474 2649 ergo
2514 2577 2687 2632 Dauid
2734 2577 2791 2631 in
2835 2576 3029 2648 spiritu
3069 2575 3353 2630 Dominum
3399 2590 3519 2630 eum
3559 2584 3733 2637 uocat,

2154 2670 2335 2723 dicens
2356 2685 2375 2724 :
2400 2667 2556 2722 Diait
2580 2666 2838 2723 Dominus
2868 2666 3091 2725 Domino
3121 2681 3268 2720 meo:
3296 2664 3432 2721 Sede
3467 2682 3501 2719 a
3529 2665 3733 2720 dextris

2157 2762 2312 2824 meis,
2343 2760 2511 2816 donec
2549 2776 2745 2830 ponam
2788 2759 3031 2814 inimicos
3072 2766 3189 2813 tuos
3229 2758 3514 2814 scabellum
3542 2758 3732 2827 pedum

2157 2854 2411 2908 tuorum?
2442 2850 2505 2908 Si
2546 2868 2671 2924 ergo
2701 2851 2872 2907 Dauid
2905 2850 3189 2906 Dominum
3236 2866 3355 2905 eum
3399 2859 3570 2913 uocat,
3597 2866 3729 2920 qna-

2155 2945 2311 2999 modo
2356 2944 2501 3015 [ilius
2532 2944 2647 3014 ejus
2684 2943 2810 2999 est?
2852 2941 2922 2998 Et
2970 2958 3120 2997 nemo
3168 2952 3376 3013 poterat
3424 2942 3740 3013 respondere

2153 3037 2207 3091 ei
2231 3038 2467 3099 uerbum.
2500 3052 2594 3091 nec
2627 3052 2793 3091 ausus
2834 3044 2913 3090 est
2948 3036 3229 3105 quisquam
3268 3050 3333 3089 ea:
3360 3033 3457 3088 illa
3494 3034 3623 3088 hora
3648 3034 3733 3088 in-

2158 3138 2425 3200 terrogare
2468 3127 2757 3199 quidquam
2781 3128 2851 3184 ”.
2904 3126 3084 3182 Verba
3122 3126 3342 3197 quidem
3391 3127 3508 3194 ipsa
3558 3125 3738 3194 posita

2153 3228 2286 3276 sunt
2329 3219 2387 3274 in
2421 3218 2633 3289 psalmo
2677 3218 2981 3275 centesimo
3021 3230 3170 3271 nono
3196 3216 3213 3247 ⁸
3242 3233 3256 3270 :
3287 3214 3435 3269 Dixit
3477 3213 3742 3267 Dominus

2152 3310 2382 3367 Domino
2410 3326 2525 3367 meo
2549 3330 2569 3369 :
2600 3308 2732 3368 Sede
2760 3327 2793 3365 a
2818 3309 3023 3365 dextris
3041 3310 3190 3375 meis,
3220 3307 3384 3362 donec
3410 3322 3603 3378 ponam
3631 3306 3731 3361 ini-

2152 3407 2316 3462 micos
2369 3414 2488 3460 tuos
2516 3402 2806 3460 scabellum
2853 3388 3051 3473 pedum
3082 3409 3315 3454 tuorum.
3362 3398 3534 3466 Q’uasi
3565 3396 3737 3453 conli-

2156 3496 2396 3552 tentibus
2441 3503 2624 3551 autem
2656 3491 2949 3548 Pharisaeis
2998 3490 3261 3561 quoniam
3287 3488 3383 3558 qui
3422 3488 3563 3544 dixit
3605 3490 3734 3558 qui-

2151 3587 2303 3653 dem,
2350 3594 2437 3642 est
2480 3583 2746 3640 Dominus
2777 3580 2955 3647 Deus,
3010 3579 3077 3633 ad
3123 3594 3285 3649 quem
3342 3585 3526 3633 autem
3574 3566 3734 3641 dixit,

2152 3673 2427 3731 secundus
2452 3671 2718 3727 Dominus
2737 3667 3009 3731 Christus,
3041 3665 3339 3735 interrogat
3362 3676 3459 3719 eos
3486 3660 3735 3717 Salvator

2151 3766 2341 3822 dicens
2369 3780 2383 3817 :
2421 3763 2563 3830 Quid
2605 3762 2748 3816 vobis
2790 3759 3001 3816 videtur
3024 3758 3089 3812 de
3113 3756 3348 3824 Christo,
3382 3755 3533 3825 cujus
3564 3766 3643 3811 est
3668 3757 3736 3826 ﬁ-

2151 3857 2310 3912 lius?
2357 3855 2423 3910 Et
2469 3855 2535 3910 ad
2587 3851 3000 3923 responsionem
3054 3862 3245 3903 eorum
3291 3846 3383 3918 qui
3438 3846 3729 3902 dixerunt:

2152 3948 2349 4011 David,
2381 3947 2530 4002 addit
2555 3946 2743 4001 dicens
2772 3961 2785 3996 :
2813 3941 2875 3997 Si
2902 3941 3072 3996 Dauid
3095 3940 3381 3994 Dominum
3407 3953 3526 3993 eum
3552 3949 3731 4000 uocat,

2151 4036 2411 4108 quomodo
2466 4033 2613 4104 ﬁlius
2667 4032 2781 4103 ejus
2824 4031 2951 4085 est?
3017 4030 3188 4101 Digna
3251 4036 3336 4084 est
3375 4043 3476 4099 ego
3526 4043 3616 4083 res
3665 4037 3729 4083 ut

2152 4129 2434 4183 videamus
2475 4125 2606 4196 quid
2648 4125 2836 4179 volens
2869 4131 3136 4194 preponat
3167 4119 3417 4174 Salvator
3434 4116 3731 4173 Pharisaeis

2152 4220 2507 4291 quaestionem
2549 4217 2617 4273 de
2655 4216 2898 4283 Christo,
2946 4223 3007 4269 ut
3050 4212 3439 4282 responderent
3485 4210 3616 4281 quid
3646 4210 3730 4264 eis

2154 4310 2447 4373 videretur,
2474 4316 2529 4361 et
2554 4320 2677 4377 quas
2706 4303 2807 4359 fuit
2840 4318 3005 4367 causa
3036 4309 3094 4356 ut
3130 4315 3240 4356 non
3269 4307 3495 4370 possent
3520 4299 3568 4354 ei
3596 4299 3728 4355 dare

2152 4413 2501 4469 responsum.
2546 4390 2623 4449 Et'
2644 4394 2942 4465 simplicior
2974 4391 3174 4462 aliquis
3215 4406 3282 4445 ex
3311 4389 3730 4446 discutientibus

470 4501 803 4556 constitutus
826 4501 1147 4556 charitatem
1166 4497 1347 4562 habet,
1366 4501 1820 4556 neccontrarium
1841 4502 2046 4573 aliquid
2080 4518 2124 4573 ι)
2153 4488 2314 4557 dicet.
2360 4489 2491 4561 (ιυία
2524 4487 2779 4545 “minus
2808 4483 3109 4540 salvatoris
3157 4481 3261 4536 tu“
3294 4480 3429 4548 "me,
3480 4489 3540 4535 ¹¹ί
3571 4495 3728 4536 con“

471 4590 677 4648 iaciens
714 4592 1056 4662 benignitati,
1103 4606 1279 4662 neque
1315 4592 1497 4648 zelans
1524 4591 1701 4647 zelum
1746 4608 1907 4662 quem
1951 4593 2051 4648 ba-

470 4685 708 4739 huerunt
732 4684 1056 4754 patriarchae
1093 4683 1357 4739 adversus
1389 4681 1591 4753 Joseph
1616 4721 1630 4747 ,
1661 4684 1747 4739 vel
1778 4684 1959 4739 Aaron
1995 4693 2052 4740 et

355 4818 361 4824 .
470 4775 639 4831 Maria
675 4783 865 4830 contra
908 4774 1147 4846 Moysen.
1196 4772 1263 4827 Et
1301 4789 1462 4829 nemo
1503 4772 1723 4830 inﬂatus
1759 4775 1922 4830 habet
1963 4776 2048 4830 di-

471 4868 780 4929 lectionem,
819 4881 992 4937 neque
1016 4880 1300 4936 perperam
1332 4865 1535 4935 aliquid
1564 4881 1765 4938 agens,
1811 4882 1914 4923 nec
1953 4868 2049 4937 qui

472 4960 526 5014 in
560 4960 905 5015 iracundiam
936 4959 1226 5014 excitatur.
1270 4958 1401 5015 Item
1445 4974 1609 5015 nemo
1637 4959 1883 5030 cogitans
1925 4975 2045 5013 ma-

472 5049 583 5103 lum
617 5050 937 5105 charitatem
978 5049 1142 5105 habet
1194 5048 1248 5103 in
1272 5050 1438 5105 corde
1481 5049 1890 5121 coinquinatus.
1940 5046 2047 5115 Qui

471 5141 632 5212 833
660 5142 983 5198 eharitatem
1017 5141 1197 5206 habet,
1230 5156 1513 5212 nunquam
1541 5141 1612 5198 de
1651 5142 1835 5212 aliqua
1867 5157 1925 5197 re
1953 5142 2037 5196 in-

469 5230 617 5298 jusla
656 5234 871 5303 gaudet,
923 5233 1018 5290 sed
1058 5247 1275 5303 semper
1316 5233 1529 5289 veritati
1567 5233 1891 5306 eongaudet.
1939 5233 2045 5300 Qui

473 5324 788 5379 charitatem
820 5326 1004 5390 habet,
1053 5326 1239 5382 omnia
1272 5326 1573 5382 accidentia
1617 5325 1852 5382 sustinet
1879 5326 2044 5391 mala,

471 5424 525 5471 et
552 5428 658 5470 non
691 5430 791 5486 pro
836 5425 988 5486 parte
1035 5416 1228 5484 credit,
1264 5417 1357 5472 sed
1394 5415 1575 5471 omnia
1618 5416 1812 5482 credit,
1843 5424 1898 5471 et
1936 5431 2045 5470 non

471 5523 537 5563 ex
560 5518 710 5579 parte
737 5517 941 5579 sperat,
960 5510 1055 5566 sed
1094 5511 1280 5567 omnia
1313 5516 1515 5581 sperat,
1530 5522 1630 5565 nec
1647 5517 1733 5565 est
1755 5508 1900 5579 quod
1935 5523 2047 5564 non

537 5728 584 5761 υ
616 5728 633 5783 l
663 5730 790 5786 Cor.
823 5747 942 5798 xm,
968 5732 1083 5787 t-s.
1157 5732 1204 5766 ιο
1230 5729 1387 5786 nom.
1414 5743 1533 5795 vni,
1557 5715 1765 5796 55,56.
1839 5729 1882 5761 ’τ
1902 5718 2145 5786 ίιιίιιίδῖ.

474 5800 490 5831 ⁸
516 5813 657 5856 vers.
693 5804 738 5858 ι.

2157 4591 2402 4655 pesceret
2422 4581 2823 4637 Pharisaeorum
2855 4578 3139 4633 audaciam
3170 4573 3372 4629 multas
3405 4573 3731 4644 propositio-

2156 4692 2253 4733 nes
2286 4673 2729 4747 proponentium
2776 4671 2848 4735 ei,
2901 4669 3155 4726 similiter
3210 4674 3266 4723 et
3302 4664 3729 4721 Sadducaeorum

2154 4770 2247 4841 qui
2304 4774 2705 4839 proposuerant
2748 4765 2801 4820 ei
2842 4763 2910 4819 de
2961 4770 3168 4833 septem
3212 4757 3472 4813 fratribus
3522 4765 3577 4811 et
3621 4772 3731 4811 una

2153 4877 2326 4916 uxore
2375 4874 2588 4916 eorum.
2635 4855 2905 4924 Quoniam
2956 4867 3083 4925 ergo
3139 4850 3309 4906 multa
3361 4857 3731 4918 proponentes

2151 4952 2415 5010 Pharisaei
2449 4960 2504 5007 et
2534 4949 2817 5007 Sadducasi
2848 4945 3053 5016 aliquid
3081 4943 3264 5000 dicere
3291 4939 3636 5006 videbantur,
3671 4948 3729 4996 et

2154 5045 2258 5099 hoc
2286 5041 2548 5099 iacientes
2576 5055 2686 5095 non
2717 5037 2873 5108 quasi
2896 5031 3146 5104 discipuli
3170 5031 3383 5087 discere
3412 5027 3727 5099 cupiebant,

2149 5135 2245 5191 sed
2274 5134 2556 5190 tentabant
2581 5130 2882 5195 Christum,
2911 5134 2967 5181 et
2991 5125 3071 5182 sic
3100 5122 3423 5207 videbantur
3448 5119 3580 5192 legis
3604 5133 3731 5175 esse

2147 5232 2421 5294 doctores,
2465 5241 2591 5283 cum
2635 5240 2745 5279 non
2788 5227 2995 5287 essent,
3032 5219 3156 5274 ideo
3203 5215 3310 5272 fuit
3349 5222 3405 5270 et
3432 5212 3726 5268 Dominum

2149 5320 2629 5394 interrogationem
2669 5328 2968 5386 proponere
3011 5311 3091 5367 eis
3134 5306 3524 5373 necessarium,
3553 5303 3720 5394 proli-

2150 5415 2387 5471 tentibus
2412 5412 2547 5482 legis
2573 5407 2771 5464 habere
2801 5421 2859 5462 sc
2888 5402 3195 5467 scientiam,
3220 5411 3280 5455 ut
3307 5412 3492 5455 coram
3521 5393 3725 5468 populo

2151 5511 2404 5575 argueret
2446 5514 2566 5566 eos,
2615 5512 2739 5554 cum
2780 5507 3103 5567 responsum
3143 5490 3208 5546 ad
3239 5490 3566 5560 interrogata
3602 5500 3715 5541 non

2241 5727 2288 5759 ’⁸
2315 5722 2447 5779 ibid.
2475 5722 2566 5789 '58,
2592 5720 2683 5776 '59.
2758 5722 2805 5754 ν’
2831 5718 3022 5774 Matth.
3070 5732 3219 5781 xxiv,
3262 5714 3350 5781 41,
3376 5711 3448 5768 42
3487 5721 3539 5768 et
3563 5726 3718 5785 seqq.
