4110 6414
445 325 584 380 1607

1610 324 1937 382 ORIGENlS
1971 328 2035 382 IN
2079 329 2496 389 MATTlixEUM

3560 337 3700 390 i008

442 439 710 505 dederint,
745 443 861 513 ipse
895 444 961 498 ad
981 442 1161 496 omnia
1207 440 1576 511 respondens:
1613 445 1870 512 quoniam
1902 445 2018 514 ipse
2050 453 2092 508 Α
2121 446 2360 513 Christo,
2411 448 2502 518 qui
2542 462 2650 502 non
2701 449 2881 504 solum
2931 447 3203 503 excedens
3236 457 3358 503 erat
3402 449 3700 504 humanam

442 533 660 602 quidem
688 535 913 589 idoneus
938 544 1052 588 erat
1077 532 1373 587 secundum
1411 531 1804 601 professionem
1831 534 2022 590 docto-

444 623 596 676 ribus
637 625 1048 684 condecentem,
1088 621 1442 676 manifestare
1488 631 1541 675 et
1569 621 1779 675 tradere
1815 623 2021 677 doctri-

443 731 568 768 nam
596 717 832 770 divinam
866 734 879 770 :
912 717 986 769 illi
1023 729 1340 778 autem,nec
1367 715 1544 784 ipsum
1573 714 1898 784 Prophetam
1926 718 2018 786 qui

442 817 557 860 erat
585 809 858 877 fastigium
890 808 1301 876 prophetarum,
1324 807 1588 859 sciebant.
1619 806 1811 861 Adhuc
1837 817 2016 861 autem

441 900 527 951 cui
558 900 668 952 haec
698 899 966 966 expositio
1001 901 1193 963 placet,
1225 901 1489 969 adjiciens
1533 901 1700 956 dicit:
1728 900 2014 971 Propterea

441 1000 494 1043 et
525 991 604 1044 sic
633 989 820 1059 adjicit
854 989 1134 1060 Scriptura
1183 991 1480 1062 Evangelii,
1517 993 1734 1046 dicens:
1765 992 1827 1045 Et
1871 1009 2018 1046 nemo

437 1091 639 1150 poterat
677 1083 986 1150 respondere
1020 1084 1066 1136 ei
1093 1083 1324 1149 verbum,
1350 1101 1439 1136 nec
1467 1100 1627 1137 ausus
1652 1086 1925 1153 quisquam
1955 1101 2018 1138 ex

442 1173 538 1224 illa
569 1174 700 1226 liora
740 1176 1067 1243 interrogare
1103 1192 1221 1228 eum
1254 1175 1484 1228 verbum.
1523 1175 1699 1230 Causa
1752 1185 1929 1230 autem
1957 1185 2017 1230 ut

439 1281 547 1319 non
580 1277 762 1320 essent
795 1269 913 1320 ausi
961 1268 1298 1336 interrogare
1344 1282 1467 1320 cum
1518 1267 1860 1336 postmodum
1892 1283 2013 1321 ver-

436 1357 587 1420 bum,
621 1358 732 1410 haec
765 1357 887 1421 fuit,
933 1358 1060 1425 quia
1106 1357 1421 1427 interrogati
1471 1357 1792 1427 rcspomlcre
1827 1357 1873 1410 ei
1904 1373 2010 1411 non

435 1459 750 1516 potuerunt.
804 1447 860 1502 Si
912 1449 1056 1502 enim
1102 1450 1454 1518 interrogatio
1500 1465 1691 1504 eorum
1725 1449 2010 1503 fuissetex

436 1540 710 1593 voluntate
737 1540 1004 1605 discendi,
1034 1555 1308 1609 nunquam
1340 1541 1464 1594 talia
1493 1542 1572 1595 eis
1617 1542 2007 1610 proposuisset,

438 1643 495 1686 ut
545 1635 891 1702 postmodum
944 1649 1050 1687 non
1083 1643 1266 1688 essent
1316 1635 1434 1689 ausi
1489 1635 1843 1706 interrogare.
1901 1634 2007 1688 Sed

434 1735 702 1778 tentantes
754 1725 1179 1792 interrogabant,
1225 1724 1347 1778 ideo
1387 1725 1669 1779 obstruere
1711 1741 1805 1779 eos
1837 1725 2007 1779 voluit

2127 550 2418 604 naturam,
2464 539 2556 593 sed
2609 539 2770 593 etiam
2823 548 3048 592 caeteras
3099 539 3347 609 genitas,
3399 540 3700 595 secundum

2123 631 2269 700 quod
2320 630 2438 683 ait”
2486 645 2497 680 :
2542 628 2610 681 In
2658 628 3026 697 splendoribus
3093 638 3401 682 sanctorum
3437 645 3503 684 ea:
3553 639 3702 685 utero

2124 732 2244 776 ante
2265 720 2570 789 Luciferum
2596 721 2749 789 genui
2779 729 2846 774 te.
2898 717 3018 774 Non
3045 719 3190 774 enim
3221 721 3530 792 specialiter
3558 721 3703 777 desi-

2123 815 2308 884 gnavit
2355 814 2408 867 in
2439 814 2824 884 splendorihus
2872 815 3182 883 aliquorum
3235 823 3572 879 sanctorum,
3605 815 3702 869 sed

2120 901 2441 970 generaliter
2486 901 2551 955 de
2583 901 2838 955 omnibus
2888 904 3113 966 sanctis,
3162 903 3214 958 id
3251 913 3336 957 est
3373 919 3480 958 non
3521 905 3698 959 solum
3745 933 3757 950 ι

2121 994 2424 1059 hominum,
2461 993 2554 1047 sed
2585 995 2747 1047 etiam
2783 994 3123 1062 angelorum,
3149 995 3338 1050 dicens
3378 1012 3391 1048 :
3426 995 3492 1048 In
3521 996 3699 1065 splen-

2117 1086 2332 1140 doribus
2361 1095 2666 1139 sanctorum
2694 1100 2758 1138 ex-
2787 1096 2934 1140 utero
2965 1096 3088 1140 ante
3112 1085 3418 1156 Luciferum
3449 1089 3604 1157 genui
3625 1097 3694 1144 te.

2118 1179 2184 1233 Et
2229 1180 2273 1234 si
2313 1179 2532 1248 quidem
2582 1179 2862 1247 sapienter
2893 1179 3335 1233 considerassent
3368 1187 3422 1232 et
3459 1178 3592 1232 illud
3621 1179 3694 1233 ηε

2115 1269 2327 1323 Jurarit
2357 1269 2631 1335 Dominus,
2663 1285 2753 1323 nec
2794 1285 2911 1322 cum
2939 1269 3228 1338 paenitebit,
3273 1278 3328 1322 tu
3365 1285 3417 1322 es
3443 1269 3693 1323 sacerdos

2115 1363 2168 1415 in
2198 1371 2453 1416 arternum
2489 1364 2778 1414 secundum
2814 1361 3051 1415 ordinem
3077 1359 3477 1424 Melchisedech,
3508 1360 3693 1429 subje-

2113 1453 2315 1507 cisscnt
2349 1453 2536 1522 utique
2570 1469 2628 1507 se
2671 1454 2812 1506 sicut
2853 1451 3104 1521 discipuli
3151 1450 3244 1506 tali
3285 1449 3553 1504 Salvatori
3595 1465 3695 1504 no-

2113 1555 2247 1608 stro,
2290 1546 2381 1614 qui
2432 1560 2460 1598 a
2499 1543 2605 1598 Deo
2645 1554 2762 1600 erat
2815 1545 3171 1598 transmissus
3224 1544 3486 1610 magister
3531 1551 3696 1611 atque

2111 1635 2384 1690 sacerdos.
2438 1634 2542 1690 Sed
2596 1651 2761 1690 causa
2804 1636 2928 1699 fuit,
2977 1643 3197 1704 propter
3235 1649 3398 1704 quam
3432 1631 3694 1687 Pharisaei

2111 1741 2219 1781 non
2254 1735 2546 1796 potuerunt
2577 1727 2903 1796 respondere
2925 1725 3269 1781 sermonibus
3295 1724 3522 1789 Christi,
3558 1725 3692 1780 ista:

433 1818 857 1886 interrogatione
883 1831 1002 1881 sua,
1033 1825 1090 1870 ut
1117 1815 1503 1870 erubescentes
1547 1816 1894 1884 quiescerent
1941 1816 2009 1869 ab
2045 1823 2084 1876 Β
2111 1819 2366 1888 quoniam
2401 1819 2535 1872 nihil
2568 1834 2827 1888 magnum
2864 1819 2930 1872 de
2962 1817 3183 1872 ChriSto
3215 1817 3267 1870 in
3295 1818 3510 1870 sanctis
3546 1815 3694 1870 Scri-

430 1905 655 1958 audacia
680 1920 800 1967 sua,
824 1911 876 1958 et
901 1905 1246 1973 postmodum
1273 1906 1405 1959 nihil
1436 1905 1834 1976 interrogarent
1857 1921 2006 1959 eum.

431 1996 556 2051 llzrc
583 1995 884 2071 secundum
910 1996 1240 2051 intellectum
1277 1997 1540 2066 simplicis
1575 1999 2008 2068 interpretatoris

430 2104 624 2144 sumus
657 2091 843 2144 loculi.

503 2183 557 2235 6.
618 2180 728 2234 Nos
789 2189 970 2234 autem
1038 2179 1276 2235 dicimus
1323 2181 1584 2250 quoniam
1642 2182 2008 2250 cognoscebat

430 2273 668 2341 seipsnm
697 2270 945 2324 Salvator
971 2278 1020 2323 et
1047 2267 1311 2326 Dominus
1339 2279 1520 2325 noster
1553 2270 1753 2326 factum
1784 2272 2004 2341 quidem

429 2380 491 2418 ex
525 2363 730 2417 semine
754 2361 920 2416 David
956 2362 1252 2417 secundum
1285 2377 1526 2428 carnem,
1560 2363 2002 2433 praedestinatum

429 2461 608 2506 autem
659 2449 854 2505 Filium
904 2451 998 2505 Dei
1053 2451 1106 2506 in
1153 2452 1428 2520 virtute’;
1473 2461 1527 2506 et
1574 2453 1832 2522 quoniam
1889 2453 2006 2508 haec

427 2547 606 2599 omnia
647 2554 797 2598 erant
843 2559 964 2614 quae
994 2545 1110 2614 ipse
1141 2544 1208 2598 de
1239 2558 1299 2598 se.
1331 2543 1534 2599 docens
1562 2543 1858 2599 dicebat‘:
1890 2542 2004 2614 Ego

429 2651 546 2690 sum
581 2637 679 2694 via.
727 2635 918 2690 veritas
965 2642 1016 2688 et
1061 2635 1208 2696 vita;
1240 2649 1332 2703 ego
1367 2649 1485 2687 sunt
1519 2633 1723 2703 janua;
1762 2649 1855 2703 ego
1885 2649 2003 2686 sum

430 2730 775 2794 resurrectio;
829 2744 924 2799 ego
964 2743 1083 2781 sum
1127 2729 1283 2794 panis
1324 2727 1470 2781 vivus
1509 2729 1600 2798 qui
1639 2727 1704 2781 de
1745 2727 1872 2781 calo
1909 2727 2003 2780 de-

427 2821 640 2884 scendi,-
692 2827 746 2874 et
792 2819 972 2874 sciens
1013 2832 1136 2874 esse
1181 2832 1242 2873 se
1283 2827 1412 2873 ante
1457 2819 1795 2874 nativitatem
1835 2819 2000 2873 etiam

433 2913 605 2981 ipsius
657 2911 911 2972 Abrahae,
965 2918 1184 2979 propter
1235 2909 1381 2980 quod
1427 2918 1484 2964 et
1521 2910 1745 2965 dicebat
1790 2926 1804 2962 :
1867 2912 2004 2966 Ante

429 3003 696 3057 Abraham
746 3017 839 3072 ego
880 3001 1077 3067 sum‘;
1122 3008 1178 3054 et
1220 3000 1400 3056 sciens
1434 3000 1690 3071 quoniam
1735 3001 2002 3072 sapientia

427 3103 565 3160 erat,
601 3103 653 3147 et
685 3092 924 3146 Verbum
974 3090 1196 3159 vivum;
1241 3092 1507 3162 sapientia
1559 3093 1778 3163 quidem
1831 3109 1998 3164 quam

2112 1910 2286 1978 pluris
2322 1913 2557 1978 positum
2586 1910 2912 1974 sentiebant,
2950 1909 3044 1964 sed
3075 1907 3456 1962 tantummodo
3479 1908 3546 1960 de
3579 1907 3694 1962 dis-

2109 1999 2425 2070 pensatione
2476 2000 2596 2068 ejus
2666 2001 2938 2064 humana,
2992 1999 3086 2056 sed
3145 2016 3245 2054 nec
3306 2001 3481 2068 ipsam
3531 1999 3694 2070 digne

2106 2091 2289 2146 divina
2341 2091 2765 2162 dispensatione.
2818 2091 2960 2147 Puto
3008 2091 3154 2146 enim
3207 2092 3353 2161 quod
3403 2107 3506 2147 nec
3560 2092 3690 2148 illud

2107 2184 2353 2238 sciebant
2389 2183 2536 2254 quod
2563 2184 2701 2238 dixit
2726 2202 2741 2239 :
2769 2183 2904 2237 Ecce
2940 2185 3084 2254 virgo
3132 2185 3186 2235 in
3217 2194 3369 2237 utero
3408 2185 3685 2252 concipiet,

2105 2285 2155 2329 et
2189 2274 2464 2330 vocabitur
2509 2291 2697 2329 nomen
2746 2275 2860 2344 ejus
2889 2274 3204 2328 Emmanuel
3229 2275 3312 2340 ¹¹;
3371 2289 3473 2330 nec
3518 2275 3680 2329 illud:

2097 2366 2234 2421 Ecce
2263 2368 2468 2420 orietur
2503 2366 2659 2423 stella
2700 2383 2766 2421 ea:
2797 2365 2966 2420 Jacob
3012 2367 3077 2432 “,
3119 2366 3188 2422 de
3219 2365 3502 2422 nativitatc
3531 2363 3676 2423 vide-

2097 2463 2224 2520 licet
2246 2463 2465 2520 Christi.

2175 2549 2230 2603 7.
2276 2551 2390 2601 Hoc
2433 2555 2614 2601 autem
2667 2550 2843 2618 ipsum
2889 2547 3035 2616 quod
3083 2547 3217 2601 dicit
3259 2561 3315 2599 in
3357 2547 3564 2615 psalmo
3598 2543 3679 2594 "z

2107 2638 2256 2694 Dixit
2301 2637 2561 2692 Dominus
2589 2639 2815 2692 Domino
2859 2654 2972 2692 meo
3007 2653 3026 2692 :
3065 2636 3198 2692 Sede
3231 2655 3262 2691 a
3292 2637 3495 2691 dextris
3530 2635 3682 2700 meis,

2103 2733 2268 2786 donec
2287 2747 2476 2800 ponam
2500 2731 2741 2785 inimicos
2771 2739 2887 2785 tuos
2909 2727 3197 2783 scabellum
3231 2729 3421 2798 pedum
3449 2740 3681 2791 tuorum,

2102 2821 2463 2893 opportunius
2530 2820 2748 2890 quidem
2795 2828 3030 2888 exponet
3089 2819 3252 2888 quis,
3311 2833 3436 2873 cum
3504 2819 3682 2886 ipsum

2103 2914 2206 2969 sibi
2240 2928 2512 2984 exponere
2541 2913 2887 2983 praposuerit
2910 2911 3202 2981 psalmum.
3236 2909 3304 2964 Et
3328 2925 3475 2963 nunc
3501 2918 3682 2963 tamen

2104 3021 2326 3063 sensum
2353 3005 2472 3075 ejus
2500 3003 2689 3059 leviter
2714 3006 3088 3075 degustemus=
3128 3001 3236 3056 Nec
3269 3001 3364 3056 tibi
3403 3000 3682 3055 describas

2100 3096 2392 3151 sensibilcs
2423 3095 2721 3158 sessiones,
2750 3103 2805 3148 et
2840 3094 2978 3148 duas
3003 3090 3315 3154 cathedras,
3341 3099 3396 3145 et
3432 3091 3682 3146 sedentes

429 3184 573 3239 Deus
610 3183 814 3237 creavit
841 3181 1171 3252 principium
1198 3183 1409 3238 viarum
1441 3199 1666 3240 suarum
1695 3185 1717 3216 '
1745 3185 1801 3238 in
1834 3199 1996 3255 opera
2023 3191 2068 3250 ο
2102 3202 2266 3258 super
2289 3201 2384 3242 eas
2417 3186 2658 3242 humano
2684 3186 2963 3241 schemate
2985 3183 3203 3238 Patrem
3237 3194 3290 3238 et
3325 3181 3522 3236 Filium
3547 3199 3561 3235 :
3588 3181 3683 3236 sed

427 3290 560 3346 sua;
607 3271 845 3328 Verbum
885 3281 1064 3326 autem
1111 3271 1256 3342 quod
1289 3282 1408 3328 erat
1456 3274 1511 3328 in
1548 3275 1818 3346 principio
1854 3276 1998 3345 apud

428 3368 618 3431 Deum,
657 3365 797 3420 Deus
822 3364 1058 3419 Verbum
1087 3365 1147 3431 ⁶;
1193 3365 1310 3420 haec
1341 3367 1525 3420 omnia
1557 3367 1625 3420 de
1667 3381 1727 3422 se
1764 3367 1882 3437 ipso
1907 3382 2001 3422 co-

429 3475 716 3529 gnoscens,
749 3467 803 3513 et
831 3457 1020 3512 videns
1049 3456 1378 3523 Pharisaeos,
1425 3457 1552 3527 quia
1601 3457 1732 3512 illud
1777 3457 1998 3528 quidem

427 3552 569 3621 quod
609 3551 910 3606 secundum
943 3550 1408 3621 dispensationem
1442 3551 1738 3605 humanam
1786 3559 1841 3605 et
1875 3566 2000 3620 pro-

426 3655 543 3714 pter
579 3643 830 3697 homines
873 3649 990 3696 erat
1036 3649 1098 3694 ut
1145 3655 1340 3710 capere
1386 3641 1618 3711 possint,
1655 3641 1902 3697 sciebant
1931 3657 1998 3695 ex

424 3736 622 3790 divinis
655 3734 987 3804 Scripturis,
1022 3734 1281 3803 quoniam
1315 3733 1382 3788 de
1429 3733 1636 3788 semine
1681 3741 1800 3788 erat
1829 3730 1997 3788 David

424 3827 722 3881 secundum
781 3841 1043 3890 carnem,
1111 3824 1340 3880 forsitan
1393 3833 1575 3879 autem
1635 3826 1896 3894 quoniam
1945 3832 2000 3879 et

424 3918 648 3971 omnino
693 3933 816 3972 eum
870 3916 1277 3970 arbitrabantur
1313 3916 1483 3971 tilium
1533 3930 1658 3971 esse
1681 3914 1846 3970 David
1879 3916 1999 3970 :vi-

425 4011 562 4064 deus
593 4019 771 4064 autem
819 4010 975 4082 longe
1010 4027 1106 4068 eos
1133 4026 1254 4066 esse
1283 4010 1352 4064 ab
1392 4008 1664 4064 intellectu
1697 4007 1998 4063 divinitatis

422 4118 536 4156 suae
592 4103 889 4158 secundum
934 4103 1078 4173 quod
1127 4101 1454 4173 principium
1523 4109 1642 4154 erat
1703 4099 1992 4161 universae,

425 4195 626 4249 nullius
669 4194 811 4250 tilius
849 4196 1178 4250 constitutus
1219 4193 1325 4248 nisi
1356 4191 1447 4248 Dei
1485 4191 1577 4260 qui
1622 4206 1784 4260 super
1811 4190 1994 4244 omnia

421 4299 523 4355 est,
553 4305 781 4360 arguere
807 4287 917 4361 (78)
937 4290 1260 4345 titubantem
1313 4289 1770 4345 existimationem
1801 4303 1991 4343 eorum

421 4382 489 4435 de
519 4396 598 4446 se,
625 4390 679 4435 et
710 4396 1006 4451 provocare
1037 4396 1134 4435 eos
1169 4381 1519 4436 sermonibus
1565 4381 1702 4444 suis,
1737 4388 1796 4434 ut
1829 4379 1995 4434 velint

423 4472 714 4526 ascendere
743 4470 943 4534 Verbo,
987 4480 1042 4526 et
1087 4471 1268 4526 videre
1319 4471 1616 4526 secundum
1666 4472 1809 4540 quod
1850 4471 1992 4526 Deus

2100 3277 2335 3348 intellige
2360 3277 2475 3332 hac
2503 3276 2780 3331 moraliter
2797 3276 2902 3331 dici
2924 3278 2991 3329 de
3013 3289 3180 3344 regno
3205 3271 3318 3334 Dei,
3334 3281 3388 3326 et
3415 3273 3482 3327 de
3513 3287 3682 3342 regno

2101 3368 2248 3433 Filii,
2296 3367 2443 3438 quod
2477 3365 2693 3422 aPatre
2738 3375 2824 3420 est
2871 3365 3192 3428 stabilitum,
3243 3375 3297 3420 et
3335 3372 3421 3419 est
3467 3377 3683 3432 semper

2099 3461 2168 3516 ad
2198 3461 2473 3520 dexteram
2499 3457 2699 3513 Patris.
2754 3455 2812 3511 Si
2857 3456 2982 3526 quis
3029 3465 3208 3509 autem
3259 3457 3374 3510 haec
3405 3453 3682 3509 moraliter

2100 3549 2326 3618 intelligi
2383 3565 2493 3604 non
2535 3549 2690 3615 vult,
2737 3558 2975 3618 exponat
3026 3547 3303 3617 quomodo
3351 3556 3406 3601 et
3457 3547 3561 3601 hoc
3606 3547 3680 3600 sit

2101 3659 2292 3700 verum
2328 3625 2475 3713 quod
2503 3641 2580 3696 ait
2606 3657 2620 3694 :
2652 3641 2804 3695 Dixit
2835 3639 3094 3694 Dominus
3127 3641 3353 3694 Domino
3397 3655 3532 3703 meo,
3559 3639 3680 3691 sede

2101 3755 2133 3790 a
2161 3738 2365 3792 dextris
2415 3750 2580 3800 meis;
2624 3743 2679 3790 et
2712 3735 2843 3790 illud
2871 3734 3016 3805 quod
3049 3735 3176 3789 alibi
3211 3733 3341 3788 dicit
3367 3733 3452 3786 ιιι
3488 3733 3676 3810 δεάςνε

2100 3840 2273 3884 autem
2307 3829 2374 3883 ad
2405 3829 2678 3882 dexteram
2720 3843 2912 3894 meum,
2951 3837 3001 3882 et
3035 3829 3101 3881 ad
3133 3827 3432 3892 sinistram,
3461 3841 3563 3879 non
3598 3833 3676 3880 est

2099 3939 2271 3978 meum
2314 3923 2442 3975 dare
2481 3921 2648 3988 vobis,
2691 3921 2781 3974 sed
2817 3919 3006 3990 quibus
3046 3928 3296 3989 paratum
3333 3927 3409 3973 est
3449 3935 3483 3972 a
3513 3917 3679 3972 Patre

2100 4031 2234 4068 meo.
2271 4014 2560 4084 Cogendus
2601 4022 2687 4068 est
2723 4027 2852 4082 ergo
2896 4012 3077 4067 dicere
3115 4012 3208 4081 qui
3256 4027 3362 4065 non
3401 4011 3517 4064 vult
3561 4010 3678 4064 haec

2098 4106 2402 4174 intelligere
2424 4105 2620 4174 digne,
2666 4104 2966 4159 secundum
3001 4102 3428 4172 magnitudinem
3481 4117 3680 4158 sensus

2097 4195 2323 4260 Christi,
2353 4195 2614 4264 quoniam
2665 4193 2959 4263 aliquando
3007 4193 3227 4262 quidem
3281 4191 3349 4246 ad
3392 4191 3673 4246 dexteram

2100 4286 2253 4340 sedet
2278 4284 2493 4348 Patris,
2547 4284 2840 4353 aliquando
2897 4293 3076 4339 autem
3119 4284 3435 4354 dignitatem
3485 4283 3676 4353 hujus-

2099 4378 2248 4432 modi
2297 4377 2680 4446 derelinquens
2738 4377 2962 4432 sedendi
3025 4376 3093 4430 ad
3151 4377 3428 4430 dexteram
3474 4375 3675 4437 Patris,

2099 4469 2352 4539 privatim
2409 4467 2561 4522 sedet
2609 4480 2734 4520 cum
2780 4466 2859 4522 eis
2910 4467 3112 4536 quibus
3168 4465 3380 4536 paravit
3411 4465 3570 4521 Pater
3619 4475 3677 4518 ut

422 4562 661 4616 Verbum
694 4571 830 4625 erat,
865 4563 958 4631 qui
993 4571 1109 4616 erat
1143 4563 1195 4615 in
1227 4563 1494 4634 principio
1525 4564 1667 4633 apud
1705 4563 1891 4628 Deum,
1932 4566 1986 4619 in
2020 4570 2065 4624 Ι)
2094 4562 2322 4617 sedeant
2350 4561 2416 4615 ad
2443 4560 2718 4616 dexteram
2749 4560 2836 4614 vel
2867 4559 2933 4614 ad
2965 4560 3270 4614 sinistram.
3320 4557 3453 4613 Item
3497 4559 3676 4614 adhuc

420 4653 615 4725 primis
644 4653 861 4722 quidem
909 4653 1046 4707 dixit
1069 4655 1087 4685 ⁷
1116 4673 1129 4708 :
1158 4653 1300 4718 Quid
1335 4654 1481 4710 vobis
1513 4655 1718 4710 videtur
1747 4656 1811 4710 de
1839 4656 1995 4710 Clari-

420 4753 523 4809 sto,
561 4743 712 4812 cujus
744 4751 823 4797 est
850 4743 997 4812 ﬁlius
1017 4745 1042 4797 ?
1073 4743 1146 4798 Ita
1176 4747 1658 4816 respondentibus,
1683 4755 1736 4802 et
1767 4747 1994 4802 dicenti-

420 4836 522 4890 bus
551 4855 562 4890 :
599 4835 788 4904 David,
820 4837 1016 4892 iterum
1047 4837 1128 4894 eis
1156 4840 1439 4909 respondit
1474 4840 1835 4896 manifestans
1895 4857 1991 4896 su-

419 4927 739 4982 blimitatem
788 4928 1086 4986 divinitatis
1141 4945 1298 4994 suae,
1351 4947 1470 5000 qure
1511 4932 1992 4986 demonstrabatur

421 5021 473 5073 in
504 5020 621 5089 ipso
649 5019 815 5091 834
846 5022 1112 5092 principio
1142 5023 1334 5091 psalmi
1359 5022 1402 5085 ⁸,
1425 5023 1613 5077 dicens
1641 5041 1653 5074 :
1689 5023 1836 5077 Dixit
1878 5023 1988 5076 Do-

420 5113 592 5165 minus
623 5110 842 5165 Domino
867 5129 976 5167 meo
1003 5127 1021 5166 .‘
1047 5112 1178 5167 Sede
1213 5131 1245 5167 a
1271 5113 1472 5168 dextris
1513 5113 1663 5177 meis,
1695 5113 1857 5165 donec
1897 5127 1989 5180 po-

418 5219 542 5255 nam
592 5204 831 5258 inimicos
883 5213 997 5258 tuos
1036 5204 1323 5258 scabellum
1373 5204 1564 5273 pedum
1607 5213 1854 5267 tuorum,
1906 5212 1986 5269 ut,

417 5297 514 5349 etsi
555 5302 684 5351 tunc
715 5297 765 5349 ei
807 5295 1136 5364 respondere
1179 5310 1287 5348 non
1329 5304 1572 5364 possent,
1606 5303 1785 5349 tamen
1825 5309 1990 5349 occa-

419 5387 626 5442 sionem
658 5388 965 5458 acciperent
996 5404 1061 5443 ex
1090 5389 1269 5444 verbis
1312 5389 1505 5456 ipsius,
1533 5395 1614 5452 ut,
1645 5397 1816 5442 totum
1849 5387 1990 5456 psal-

418 5493 564 5530 mum
611 5478 1041 5544 considerantes,
1092 5477 1295 5547 aliquid
1347 5476 1581 5546 amplius
1635 5475 1900 5530 sentirent
1922 5475 1991 5530 de

487 5573 507 5601 ¹
537 5570 694 5624 Rom.
734 5585 772 5632 t,
797 5569 909 5630 5,4.

420 5641 471 5701 1.
499 5641 556 5694 2.
667 5640 686 5670 "
715 5637 907 5693 Matth.
937 5656 1073 5703 xxii,
1100 5641 1188 5695 42.
1301 5642 1322 5671 ⁸
1346 5639 1491 5692 Psal.
1523 5654 1632 5704 Cix,
1661 5639 1710 5692 i.

415 5725 456 5752 ⁸³
487 5720 623 5772 Ι¹ςει1.
657 5736 762 5780 CIX,
804 5720 846 5771 Ι.
929 5719 968 5748 ¹’⁸
1002 5718 1189 5771 Matth.
1220 5733 1308 5783 xx,
1340 5718 1430 5773 9'5.

485 5811 597 5874 (78)
641 5808 838 5873 Supple
878 5807 1072 5862 volens.

1011 5571 1032 5600 ³
1058 5569 1216 5624 Joan.
1247 5585 1357 5630 xiv,
1392 5569 1463 5630 6;
1509 5567 1649 5633 x,9;
1690 5583 1766 5632 xt,
1790 5567 1891 5632 23;
1936 5584 2012 5631 νι,
2039 5568 2126 5635 4i,
2153 5572 2240 5626 5|.
2333 5573 2354 5605 ⁸
2377 5572 2452 5628 «Ιο;

1015 5656 1073 5699 ιι,
1100 5641 1188 5695 42.
1301 5642 1322 5671 ⁸
1346 5639 1491 5692 Psal.
1523 5654 1632 5699 Ctx,
1661 5639 1710 5692 i.
1824 5639 1844 5668 ’
1868 5638 1998 5692 ibid.
2025 5639 2078 5693 5.
2153 5643 2196 5673 ¹⁰
2239 5643 2368 5699 ibid.
2406 5645 2452 5698 4:

2094 4653 2370 4722 cogendus
2401 4662 2486 4708 est
2515 4653 2695 4708 dicere
2741 4653 3000 4721 quoniam
3036 4651 3103 4706 ad
3134 4651 3413 4706 dexteram
3447 4651 3668 4721 quidem

2095 4745 2292 4799 sedens
2324 4743 2522 4809 Patris,
2558 4745 2736 4800 adhuc
2769 4745 3023 4799 inimicos
3047 4743 3228 4798 habet.
3281 4741 3491 4797 Tandiu
3523 4740 3671 4794 enim

2093 4835 2417 4905 sedetjuxta
2450 4851 2599 4897 eum,
2632 4836 2805 4891 donec
2825 4844 3098 4906 ponantur
3131 4834 3342 4890 aPatre
3375 4832 3668 4890 scabellum

2091 4927 2289 4995 pedum
2309 4927 2527 4983 Christi.
2554 4928 2687 4984 Cum
2703 4944 2830 4984 vero
2851 4929 3072 4984 desierit
3094 4927 3283 4982 sedere
3304 4926 3371 4980 ad
3392 4927 3667 4979 dexteram

2099 5016 2298 5082 Patris,
2335 5027 2464 5073 tunc
2486 5020 2600 5090 jam
2637 5037 2744 5075 non
2779 5021 3000 5076 habebit
3034 5021 3306 5085 inimicos,
3325 5031 3446 5072 cum
3477 5013 3670 5070 sedere

2097 5113 2162 5165 ad
2195 5113 2477 5167 dexteram
2511 5113 2630 5183 ejus
2653 5114 2737 5169 vel
2768 5114 3046 5169 sinistram
3083 5113 3346 5182 cmperint
3367 5107 3670 5164 secundum

2097 5204 2496 5259 ordinationem
2527 5203 2727 5272 Patris,
2775 5205 2870 5275 qui
2916 5205 3068 5274 prius
3109 5202 3328 5258 fuerant
3373 5198 3671 5256 scabellum

2098 5295 2293 5365 pedum
2326 5295 2518 5365 ipsius.
2554 5295 2620 5350 Et
2655 5297 2728 5350 ita
2749 5295 2808 5350 ﬁt
2837 5305 2897 5349 ut
2927 5294 3231 5350 sedentium
3262 5293 3430 5363 aliqui
3462 5292 3519 5346 in
3550 5291 3672 5344 loco

2096 5387 2266 5457 priori
2301 5388 2525 5444 sedeant
2553 5387 2753 5444 Patris.
2791 5387 2888 5442 His
2921 5396 3102 5442 autem
3137 5385 3269 5455 quid
3317 5383 3492 5453 magis
3535 5380 3670 5434 ridi-

2099 5479 2284 5534 culum
2324 5489 2505 5551 potest
2539 5481 2695 5537 esse?
2738 5480 2943 5535 Deinde
2990 5477 3326 5547 corporalem
3362 5475 3550 5529 volens
3591 5473 3674 5525 in-

2333 5573 2354 5605 δ
2377 5572 2540 5628 Joan.
2569 5588 2687 5635 vni,
2714 5573 2806 5627 58.
2845 5571 3036 5625 'Prov.
3063 5586 3180 5635 vui,
3207 5571 3300 5624 22.
3381 5569 3400 5598 ⁸
3423 5565 3584 5622 Joan.
3621 5581 3662 5623 ι.

2574 5643 2748 5699 “lsa.
2814 5657 2911 5705 vn,
2963 5642 3047 5696 i4.
3165 5642 3206 5673 "
3227 5639 3392 5694 Num.
3419 5654 3574 5705 xxiv,
3613 5636 3666 5690 7.
