4110 6406
407 370 542 425 ιηοο

1561 363 2207 424 COMMENTARIORUM
2249 363 2507 418 SERIES.

3520 365 3657 420 iGIO

403 484 643 551 telligere
693 482 1027 548 sessionem,
1077 479 1317 537 invenies
1346 484 1388 518 ’δ
1426 482 1478 536 in
1525 483 1713 536 eodem
1769 482 1977 551 psalmo
2007 484 2052 540 Λ
2081 480 2279 531 tlea‘tris
2312 481 2460 544 meis,
2487 479 2649 531 donec
2683 493 2870 546 ponam
2915 456 3156 533 inimicos
3202 488 3318 534 tuos
3369 480 3654 534 scabellum

406 574 662 641 quoniam
691 583 743 626 et
771 572 939 628 Filius
963 575 1028 629 ad
1056 575 1333 629 dexteram
1368 574 1517 629 sedet
1541 573 1740 638 Patris,
1779 587 1975 627 secun-

404 667 535 717 dum
569 665 714 732 quod
738 665 878 718 ait“
906 683 918 718 :
945 664 1094 718 Dixit
1129 663 1384 718 Dominus
1412 663 1632 717 Domino
1655 678 1766 715 meo
1791 678 1809 716 :
1845 659 1977 714 Sede

409 773 439 808 α
475 757 676 809 dextris
728 758 887 821 meis;
945 765 997 810 et
1028 756 1188 811 Pater
1245 756 1395 811 sedet
1441 755 1795 812 addexteram
1828 752 1972 818 Filii,

409 847 706 902 secundum
735 848 878 915 quod
925 847 977 900 in
1010 847 1362 917 sequentibus
1392 845 1721 912 declaratur,
1753 845 1973 900 dicens:

415 935 664 990 Dominus
697 954 727 989 a
756 937 960 990 dextris
995 938 1122 1002 tuis,
1168 937 1458 1006 confringet
1505 937 1560 989 in
1606 937 1692 989 die
1736 937 1832 990 ira:
1868 953 1978 991 sua:

412 1045 573 1099 reges.
605 1029 713 1082 Nos
745 1039 926 1082 autem
963 1029 1196 1084 dicimus
1230 1044 1337 1082 non
1369 1043 1491 1083 esse
1519 1041 1742 1083 necesse
1779 1041 1977 1096 corpo-

411 1125 575 1176 ralem
597 1124 1095 1177 considerationem
1129 1123 1471 1178 introducere
1507 1122 1562 1175 in
1595 1121 1682 1176 bis
1715 1137 1836 1192 quas
1866 1121 1978 1191 spi-

408 1216 640 1269 ritaliter
665 1225 794 1270 sunt
832 1216 1196 1287 intelligenda.
1228 1214 1363 1270 Nam
1394 1215 1673 1270 moraliter
1722 1225 1776 1269 et
1807 1213 1978 1269 Filius

408 1306 475 1359 ad
511 1307 785 1361 dexteram
815 1306 991 1362 Patris
1025 1317 1126 1374 est,
1177 1315 1229 1362 ct
1259 1307 1416 1362 Pater
1456 1308 1522 1362 ad
1552 1307 1828 1362 dexteram
1857 1304 1976 1361 Filii

410 1413 644 1468 semper.

481 1491 534 1544 8.
581 1491 866 1558 Quomodo
916 1500 970 1546 et
1025 1490 1226 1545 inimici
1285 1489 1582 1545 Salvator-is
1627 1499 1904 1561 ponuntur
1947 1504 1979 1544 a

411 1583 570 1636 Patre
605 1581 899 1636 scabellum
932 1579 1130 1649 pedum
1165 1581 1306 1650 ejus,
1338 1595 1640 1651 congruum
1683 1589 1764 1635 est
1798 1580 1980 1634 videre

407 1675 590 1744 digne,
624 1671 930 1726 secundum
972 1670 1354 1740 benignitatem
1392 1670 1482 1724 Dei
1516 1670 1767 1739 ponentis
1797 1669 1980 1723 inimi-

409 1778 506 1818 cos
551 1763 669 1831 ejus
717 1761 1010 1814 scabellum
1061 1760 1256 1830 pedum
1304 1759 1497 1829 ipsius.
1547 1757 1658 1814 Nec
1701 1759 1846 1813 enim
1896 1765 1981 1812 est

411 1853 836 1908 existimandum
919 1850 1170 1905 similiter
1229 1865 1428 1920 ponere
1489 1848 1658 1904 Deum
1725 1848 1978 1903 inimicos
2012 1830 2052 1883 Β

407 1945 610 1999 Christi
645 1944 940 1998 scabellum
977 1943 1170 2012 pedum
1219 1941 1358 2011 ejus,
1390 1941 1850 2010 quemadmodum
1880 1955 1979 2010 po-

409 2047 614 2089 nuntur
669 2033 873 2086 inimici
926 2033 1029 2088 sub
1088 2032 1315 2101 pedibus
1384 2045 1569 2100 regum
1641 2039 1980 2084 terrenorum

407 2120 890 2176 exterminantium
923 2120 1172 2190 proprios
1203 2121 1475 2174 inimicos.
1506 2117 1698 2174 Nonne
1737 2120 1812 2173 illi
1864 2119 1982 2174 sine

408 2210 782 2264 misericordia
813 2208 1136 2264 conculcant
1163 2209 1505 2263 adversarios
1534 2209 1818 2278 proprios?
1840 2207 1982 2264 Deus

406 2311 586 2358 autem
625 2316 730 2354 non
767 2301 832 2355 ad
865 2301 1221 2370 perditionem
1274 2301 1426 2369 ponit
1473 2299 1726 2354 inimicos
1774 2298 1979 2353 Christi

405 2394 704 2448 scabellum
754 2394 950 2462 pedum
996 2393 1139 2462 ejus,
1180 2391 1273 2446 sed
1330 2392 1395 2444 ad
1426 2391 1656 2446 salutem
1708 2391 1977 2460 ipsorum,

405 2486 546 2540 sicut
577 2483 916 2554 proferemus
955 2485 1360 2554 Scripturarum
1389 2493 1702 2540 sanctarum
1733 2483 1980 2553 exempla

406 2578 458 2632 id
505 2577 680 2647 ipsum
737 2575 1120 2647 signiﬁcantia.
1172 2577 1446 2646 Scriptum
1479 2587 1562 2630 est
1607 2575 1752 2630 enim
1795 2574 1848 2629 in
1877 2571 1980 2628 La-

406 2669 830 2724 mentationibus
852 2668 1100 2723 Ieremia:
1132 2669 1184 2722 in
1215 2669 1455 2724 secundo
1479 2669 1677 2740 Aleph:
1704 2667 1978 2734 Quomodo

405 2762 847 2815 contenebricavit
895 2760 1148 2814 Dominus
1210 2763 1264 2815 in
1317 2762 1399 2816 ira
1455 2777 1554 2815 sua
1602 2760 1773 2830 ﬁliam
1824 2759 1976 2825 Sion,

401 2850 593 2920 defecit
623 2853 686 2903 de
710 2850 838 2904 caelo
863 2851 917 2902 in
939 2859 1142 2903 terram
1175 2850 1401 2921 gloriam
1434 2849 1628 2918 Israel,
1667 2860 1716 2905 et
1748 2866 1848 2904 non
1871 2849 1976 2922 fuit

406 2957 604 2994 memor
629 2942 843 2996 scabelli
873 2943 1061 3012 pedum
1085 2958 1304 2995 suorum
1327 2944 1412 2996 '7?
1447 2941 1512 2997 Et
1540 2944 1658 2998 vide
1692 2943 1974 3014 quoniam,

404 3031 836 3102 quandoquidem
869 3042 985 3086 erat
1010 3031 1173 3087 Israel
1204 3033 1498 3088 scabellum
1528 3035 1722 3104 pedum
1773 3033 1888 3098 Dei,
1922 3035 1976 3088 in

401 3125 543 3180 caelo
577 3134 693 3178 erat
727 3124 1032 3196 gloriosus;
1074 3133 1360 3194 postquam
1395 3135 1576 3180 autem
1621 3135 1703 3180 est
1734 3127 1975 3196 dej'ectus
2003 3161 2044 3219 C

401 3225 604 3269 utnon
651 3215 722 3270 sit
767 3215 1060 3270 scabellum
1101 3218 1296 3285 pedum
1346 3217 1503 3286 ejus,
1548 3217 1710 3271 desiit
1752 3231 1872 3271 esse
1917 3216 1971 3270 in

397 3307 561 3362 emlo.
595 3307 825 3362 Attende
868 3307 1012 3362 enim
1043 3307 1333 3378 diligenter
1359 3309 1503 3378 quod
1534 3308 1607 3362 ait
1637 3324 1650 3359 :
1682 3307 1879 3377 Dejecit
1908 3307 1973 3360 de

398 3396 527 3452 calo
565 3397 618 3450 in
667 3405 861 3450 terram
897 3396 1122 3465 gloriam
1161 3395 1353 3458 Israel,
1386 3405 1434 3450 et
1476 3413 1580 3451 nou
1630 3397 1733 3466 fuit
1778 3413 1974 3451 memor

399 3487 618 3541 scabelli
648 3487 839 3557 pedum
872 3505 1111 3544 suorum.
1165 3487 1295 3543 ltcm
1325 3498 1380 3544 et
1410 3490 1539 3545 illud
1574 3505 1588 3541 :
1615 3489 1812 3545 Caelum
1841 3491 1971 3544 mihi

401 3578 565 3641 sedes,
590 3587 730 3632 terra
755 3587 932 3632 autem
962 3579 1245 3633 scabellum
1267 3580 1456 3648 pedum
1484 3596 1716 3634 meorum
1742 3581 1829 3646 ‘7‘,
1860 3594 1968 3633 non

399 3670 776 3740 ignominiam,
796 3671 888 3725 sed
907 3670 1132 3739 gIm-iam
1153 3671 1422 3738 significat
1437 3680 1613 3735 terrae,
1638 3685 1760 3739 quae
1775 3671 1842 3725 de
1861 3671 1968 3724 Deo

399 3761 671 3816 modicam
701 3761 940 3830 aliquam
969 3770 1020 3813 et
1055 3760 1406 3814 novissimam
1454 3760 1707 3830 intelligit
1734 3769 1966 3830 partem,

395 3868 519 3920 quae
552 3851 831 3904 moraliter
859 3850 1162 3918 appellatur
1195 3850 1357 3919 pedes
1384 3850 1524 3918 ejus.
1577 3848 1668 3903 Sic
1697 3858 1752 3905 et
1785 3849 1970 3905 Eccle-

395 3943 477 3996 sia
523 3956 689 4010 super
730 3949 931 3994 terram
979 3940 1032 3992 in
1076 3940 1247 3994 initiis
1277 3940 1498 4010 quidem
1532 3939 1759 3995 cultura:
1792 3939 1885 3994 Dei
1917 3948 1972 3994 et

398 4032 604 4086 notitiae
631 4032 744 4096 Dei,
787 4031 1082 4086 scabellum
1139 4032 1336 4101 pedum
1378 4031 1530 4101 ejus;
1581 4032 1724 4088 sicut
1765 4041 1820 4086 et
1850 4046 1968 4100 pae-

399 4121 680 4176 nitentiam
711 4137 878 4192 agens
911 4123 1108 4176 mulier
1139 4123 1227 4177 illa
1261 4123 1531 4193 peccatrix
1559 4124 1624 4178 ad
1659 4123 1821 4193 pedes
1853 4132 1970 4178 erat

395 4211 523 4268 Jcsu
581 4212 634 4265 in
681 4212 962 4282 principiis
1040 4212 1374 4281 pmnitentia:
1443 4228 1603 4280 suae;
1673 4228 1775 4266 nec
1820 4213 1966 4267 enim

397 4312 609 4375 poterat
658 4313 994 4376 unguentum
1051 4303 1238 4359 odoris
1281 4312 1501 4359 actuum
1542 4319 1767 4358 suorum
1797 4305 1967 4358 bono-

397 4409 517 4447 rum
560 4393 838 4450 ell'undere
881 4411 1046 4466 super
1091 4406 1250 4466 caput
1278 4393 1503 4450 Christi.
1538 4393 1786 4464 Optabile
1817 4395 1963 4449 enim

2079 569 2268 637 perluat
2326 580 2554 623 tuorum.
2606 568 2669 622 Et
2701 569 2991 638 Apostolus
3025 570 3077 623 in
3130 571 3302 640 prima
3350 571 3417 625 ad
3461 570 3626 627 Corin

2081 659 2222 712 thios
2265 659 2424 713 talem
2487 659 2786 712 introducit
2841 674 3062 714 sensum
3112 659 3438 730 Scriptum,
3481 672 3541 716 ut
3585 664 3650 717 ad

2080 750 2470 820 subjectionem
2533 750 2898 819 intelligamus
2957 765 3146 805 eorum
3219 753 3313 823 qui
3359 753 3652 823 aliquando

2081 841 2296 897 fuerant
2319 842 2547 908 inimici,
2583 842 2698 896 ﬁeri
2731 856 2826 896 eos
2865 841 3161 896 scabellum
3192 847 3390 912 pedum
3423 842 3651 904 Christi,

2081 935 2185 990 hoc
2218 933 2381 988 modo
2421 934 2610 988 dicens
2632 933 2718 984 "z
2760 931 2913 987 Nunc
2961 948 3137 989 autem
3181 933 3422 988 Christus
3473 949 3652 987 resur-

2081 1025 2213 1078 rexit
2245 1041 2278 1077 a
2307 1025 2561 1088 mortuis,
2610 1025 2863 1093 primitiae
2902 1023 3277 1078 dormientium
3317 1023 3488 1092 factus
3533 1031 3649 1075 est:

2080 1117 2328 1187 quoniam
2359 1117 2568 1186 quidem
2594 1133 2685 1186 per
2709 1117 2970 1170 hominem
3001 1132 3160 1180 mors,
3187 1124 3236 1169 et
3268 1131 3360 1184 per
3390 1115 3652 1168 hominem

2081 1207 2394 1262 resurrectio
2425 1218 2775 1262 mortuorum.
2819 1206 2970 1262 Sicut
3014 1207 3151 1260 enim
3184 1206 3236 1258 in
3271 1205 3446 1258 Adam
3473 1221 3651 1258 omnes

2079 1301 2402 1360 moriuntur,
2449 1299 2526 1352 sic
2559 1310 2608 1353 et
2650 1301 2704 1353 in
2751 1299 2962 1354 Christo
3009 1313 3184 1352 omnes
3227 1297 3649 1367 viviﬁcabuntur.

2085 1391 2447 1461 Unusquisque
2495 1401 2669 1446 autem
2713 1393 2766 1445 in
2793 1409 2888 1446 suo
2921 1391 3102 1445 ordine
3127 1407 3146 1444 :
3196 1391 3351 1444 initio
3385 1389 3650 1451 Christus.

2080 1484 2266 1539 deinde
2296 1485 2349 1537 hi
2390 1485 2480 1553 qui
2511 1493 2632 1537 sunt
2661 1483 2881 1547 Christi,
2910 1484 3002 1554 qui
3041 1484 3098 1536 in
3132 1482 3358 1536 adventu
3393 1482 3509 1551 ejus
3537 1497 3652 1535 cre-

2079 1575 2372 1639 diderunt;
2415 1574 2603 1628 deinde
2639 1573 2788 1642 ﬁnis,
2816 1590 2936 1626 cum
2979 1573 3262 1627 tradiderit
3293 1589 3508 1644 regnum
3545 1571 3653 1626 Deo

2079 1681 2126 1724 et
2171 1667 2357 1734 Patri,
2398 1683 2516 1720 cum
2560 1667 2886 1720 evacuaverit
2936 1680 3140 1719 omnem
3183 1667 3652 1735 principatum,“

2081 1770 2386 1832 potestatem
2416 1769 2466 1814 et
2495 1760 2760 1814 virtutem.
2797 1757 3014 1827 Oportet
3049 1760 3187 1812 enim
3227 1758 3380 1811 illum
3411 1774 3654 1826 regnare.

2080 1854 2241 1906 donec
2281 1863 2442 1924 ponat
2467 1853 2706 1906 inimicos
2736 1850 2853 1920 ejus
2894 1850 2988 1903 sub
3033 1849 3248 1920 pedibus
3274 1849 3431 1918 ejus:
3472 1865 3656 1902 nom-

2081 1943 2218 1996 sima
2256 1951 2434 1996 autem
2464 1941 2684 1996 inimica
2726 1943 3028 1994 destmetar
3070 1955 3230 1993 mors.
3280 1938 3476 1992 Omnia
3513 1938 3653 1990 enim

2083 2029 2303 2100 subjecit
2350 2030 2444 2086 sub
2476 2031 2695 2097 pedibus
2741 2031 2878 2100 ejus.
2924 2029 3058 2085 Cum
3103 2038 3283 2083 autem
3327 2031 3491 2094 dicat,
3527 2031 3652 2099 quia

2084 2122 2259 2176 omnia
2293 2122 2525 2187 subiecta
2578 2129 2703 2174 sunt
2735 2121 2807 2185 ei,
2855 2120 3132 2190 manifeste
3173 2131 3363 2188 prmter
3411 2136 3529 2174 eum
3561 2124 3651 2190 qui

2082 2213 2301 2284 subjecit
2341 2223 2388 2262 rt
2416 2228 2614 2269 atoma.
2645 2211 2776 2268 Cum
2824 2223 3000 2266 autem
3046 2213 3281 2275 subiecta
3330 2212 3412 2267 illi
3455 2212 3652 2282 fuerint

2083 2300 2284 2364 omnia,
2311 2308 2434 2353 tunc
2460 2308 2509 2354 et
2550 2300 2662 2368 ipse
2697 2299 2742 2352 F
2745 2300 2871 2354 ilius
2902 2299 3166 2369 subjectus
3195 2303 3294 2355 erit
3325 2301 3372 2356 ei
3403 2302 3494 2371 qui
3531 2301 3654 2354 sab-

2081 2390 2219 2443 didit
2246 2392 2444 2458 omnia,
2465 2402 2520 2445 ut
2557 2393 2625 2445 sit
2663 2388 2799 2446 Deus
2831 2392 3012 2445 omnia
3049 2393 3104 2446 in
3151 2392 3413 2448 omnibus.
3448 2392 3651 2446 Horum

2081 2482 2299 2552 quidem
2334 2484 2578 2537 omnium
2619 2482 3114 2538 manifestationcm
3161 2482 3391 2539 iecimus
3426 2486 3478 2538 in
3528 2501 3654 2554 pro-

2083 2572 2202 2641 prio
2231 2572 2373 2627 loco.
2412 2571 2548 2628 Vide
2587 2580 2768 2626 tamen
2817 2571 3096 2642 quomodo
3137 2575 3191 2626 in
3232 2575 3488 2630 omnibus
3535 2576 3654 2630 istis

2081 2677 2281 2718 nomen
2315 2663 2670 2734 subjectionis
2720 2663 2787 2719 ad
2840 2664 3066 2720 salutem
3114 2665 3336 2736 ponitur
3379 2668 3653 2736 subjecto-

2081 2770 2224 2809 rum.

2150 2845 2202 2900 9.
2235 2844 2299 2900 In
2319 2843 2418 2900 illo
2443 2852 2688 2915 tempore,
2711 2845 2920 2900 locutus
2941 2854 3018 2900 est
3037 2843 3192 2900 Iesus
3223 2847 3292 2900 ad
3320 2847 3500 2901 turbas
3517 2857 3564 2901 et
3583 2847 3654 2901 ad

2079 2937 2368 3007 discipulos
2391 2954 2538 3003 suos,
2566 2939 2742 2992 dicens
2767 2955 2785 2993 :
2813 2939 2981 3009 Super
3019 2939 3323 2992 cathedram
3354 2938 3528 3010 Moysi
3571 2959 3652 2994 se-

2079 3029 2269 3081 derunt
2312 3027 2511 3082 Scriba:
2555 3037 2604 3081 et
2639 3028 2902 3084 Pharisari
2925 3047 2944 3094 ,'
2983 3031 3158 3084 omnia
3196 3047 3518 3101 quacunque
3566 3033 3650 3085 di-

2078 3122 2255 3173 xerint
2285 3119 2428 3173 vobis
2456 3119 2638 3189 facite,
2676 3125 2961 3176 secundum
2988 3132 3162 3176 autem
3192 3140 3348 3192 opera
3382 3140 3562 3178 eorum
3592 3142 3654 3179 ne

2079 3212 2294 3281 faciatis
2317 3213 2384 3266 ⁸ο.
2441 3212 2774 3283 Frequenter
2832 3214 3088 3284 quidem,
3160 3217 3398 3270 maxime
3469 3224 3650 3272 autem

2079 3303 2220 3373 apud
2253 3303 2596 3371 Matthamm,
2632 3305 2892 3360 scribitur
2925 3305 3183 3375 quoniam
3219 3307 3474 3362 meliores
3523 3319 3653 3361 sunt

2078 3395 2330 3466 discipuli
2370 3396 2567 3452 Christi
2601 3398 2815 3452 cteteris
2853 3398 3046 3455 turbis.
3073 3396 3138 3453 Et
3179 3399 3391 3453 invenis
3431 3400 3649 3469 quidem

2080 3488 2134 3540 in
2177 3484 2436 3542 Ecclesiis
2482 3488 2748 3557 quosdam
2781 3488 3000 3557 quidem
3038 3504 3163 3544 cum
3214 3491 3503 3547 dilectione
3547 3509 3650 3547 au-

2077 3579 2290 3634 dientes
2321 3578 2534 3633 divinas
2576 3579 2891 3644 doctrinas,
2932 3588 2988 3634 et
3029 3579 3448 3636 eﬂ'ectuosius“
3495 3599 3650 3638 acce-

2077 3669 2267 3723 dentes
2294 3669 2360 3723 ad
2393 3669 2641 3724 verbum.
2679 3669 2834 3725 Juste
2873 3686 3004 3741 ergo
3051 3671 3364 3742 hujnsmodi
3397 3673 3649 3730 homines

2075 3760 2332 3814 dicuntur
2386 3776 2509 3816 esse
2563 3761 2814 3830 discipuli
2868 3760 3118 3828 Christi;
3173 3773 3397 3819 caeteros
3464 3775 3646 3820 autem

2075 3851 2278 3906 multos
2305 3853 2400 3922 qui
2430 3867 2538 3906 non
2569 3862 2696 3907 sunt
2723 3853 2880 3920 tales,
2921 3853 3181 3924 populum
3223 3871 3344 3912 esse
3378 3856 3546 3914 illius.
3581 3859 3645 3913 Et

2074 3942 2322 4011 quasdam
2373 3942 2645 3998 interdum
2715 3945 2934 4014 quidem
2993 3945 3279 4016 discipulis
3338 3949 3454 4004 suis
3515 3951 3645 4005 solis

2073 4032 2225 4096 dicit,
2259 4049 2366 4087 non
2404 4033 2566 4088 etiam
2596 4035 2802 4102 turbis,
2851 4036 2993 4092 sicut
3042 4037 3405 4095 beatitudines
3439 4041 3559 4096 illas
3590 4043 3642 4096 in

2072 4123 2364 4194 Evangelia
2408 4125 2661 4196 scriptas,
2695 4127 2762 4183 de
2791 4128 2993 4198 quibus
3033 4127 3384 4186 Matthaaus“
3423 4133 3641 4201 quidem

2071 4215 2203 4271 dicit
2232 4216 2305 4270 ita
2327 4255 2342 4280 ,
2379 4217 2638 4287 quoniam
2681 4218 2860 4272 ridens
2893 4220 3077 4273 turbas
3111 4223 3346 4276 ascendit
3395 4223 3450 4275 in
3495 4240 3645 4276 mon-

2072 4317 2198 4375 tem,
2242 4317 2292 4363 et
2341 4307 2553 4362 sedente
2606 4325 2705 4375 eo,
2752 4321 3082 4365 accesserunt
3127 4311 3196 4365 ad
3225 4329 3342 4366 eum
3395 4315 3643 4384 discipuli

2068 4399 2206 4468 ejus,
2237 4408 2285 4453 et
2309 4399 2546 4468 aperiens
2573 4415 2630 4453 os
2661 4415 2814 4454 suum
2844 4401 3062 4456 docebat
3091 4419 3200 4470 eos,
3235 4402 3454 4458 dicens:
3489 4404 3640 4459 Beati

393 4493 510 4539 erat
551 4487 599 4540 ei
635 4486 720 4540 vel
768 4502 927 4542 secus
971 4486 1136 4556 pedes
1182 4485 1398 4539 Domini
1444 4492 1587 4539 stare
1636 4493 1690 4538 ct
1739 4498 1958 4554 ungere.
1994 4491 2042 4550 D
2068 4507 2320 4560 pauperes
2349 4491 2876 4560 spiritu,etc.'etera.
2901 4492 3077 4550 Lucas
3103 4504 3285 4551 autem
3301 4497 3378 4551 "z
3409 4495 3640 4562 Tollens,

399 4577 463 4632 Et
496 4576 874 4647 unusquisque
917 4586 1164 4632 nostrum
1220 4592 1278 4632 se
1312 4575 1620 4646 intelligens
1665 4591 1786 4629 esse
1820 4577 1966 4645 quod
2066 4581 2263 4651 inquit,
2291 4579 2472 4635 oculos
2517 4596 2671 4650 super
2698 4582 2986 4653 discipulos
3018 4600 3164 4651 suos,
3204 4585 3409 4641 dicebat
3437 4603 3454 4642 :
3489 4587 3641 4641 Beati

390 4667 526 4722 dicit
567 4667 859 4738 Apostolus
891 4669 972 4721 ηε
1007 4668 1234 4722 Eramus
1285 4677 1333 4721 et
1378 4683 1474 4720 nos
1521 4666 1812 4736 aliquando
1855 4668 1968 4721 sine
2065 4687 2348 4742 pauperes,
2397 4673 2522 4741 quia
2564 4681 2791 4726 uestrum
2837 4683 2916 4728 est
2963 4691 3178 4744 regnum
3220 4676 3487 4732 caelorum.
3521 4679 3640 4732 Alia

391 4758 699 4822 intellectu,
748 4761 1042 4826 inrreduli,
1111 4770 1348 4816 errantes
1393 4768 1441 4813 et
1490 4760 1769 4813 servientes
1825 4761 1968 4814 desi-
2066 4775 2248 4820 autem
2284 4765 2578 4821 annuntiat
2615 4767 2809 4830 turbis,
2846 4767 2990 4823 sicut
3018 4769 3276 4838 parabola
3321 4770 3641 4824 seminantis

388 4849 552 4902 deriis
610 4859 659 4904 et
707 4851 1066 4920 voluptatibus
1131 4852 1334 4916 rariis,
1397 4849 1600 4905 videbit
1666 4851 1964 4920 quomodo,

390 4941 832 5011 quandoquidem
909 4944 1030 4999 talis
1094 4953 1214 4999 erat
1283 4944 1600 5014 priusquam
1690 4945 1962 5001 lavaretur

389 5029 555 5101 835
585 5034 654 5087 ab
678 5033 810 5100 illis,
833 5035 1089 5089 inimicus
1119 5034 1296 5089 fuerat
1335 5035 1558 5103 Christi,
1590 5038 1844 5094 inimicus
1865 5039 1962 5109 ju-

393 5121 576 5187 stitiae,
607 5125 873 5189 veritatis,
905 5126 1200 5196 sapientiai,
1239 5127 1410 5196 pacis.
1452 5127 1744 5200 Postquam
1779 5142 1960 5185 autem

393 5209 697 5282 benignitas
729 5218 981 5287 apparuit
1026 5216 1326 5274 Salvatoris
1361 5221 1532 5274 nostri
1570 5220 1687 5286 Dei,
1724 5222 1960 5291 primum

391 5298 567 5356 fartus
597 5310 682 5357 est
721 5307 1016 5362 scabellum
1051 5309 1248 5378 pedum
1295 5309 1518 5365 Christi.
1547 5310 1612 5365 Et
1645 5329 1746 5385 ego
1790 5314 1963 5369 conﬁ-

390 5399 508 5447 tens
537 5394 793 5462 quoniam
827 5398 925 5452 iste
952 5408 1034 5454 est
1055 5414 1249 5455 sensus
1277 5401 1595 5470 Scriptura,
1632 5419 1740 5457 non
1766 5405 1958 5459 dubito

390 5485 655 5542 afﬁrmare
692 5489 950 5557 quoniam
997 5493 1079 5550 sic
1128 5494 1260 5549 dicit
1294 5493 1433 5549 Filio
1481 5495 1681 5551 Pater:
1737 5497 1871 5552 Sede
1921 5516 1954 5552 a

463 5692 954 5770 {fal._im'eniens._
985 5699 1027 5730 "
1047 5701 1192 5758 Psal.
1221 5718 1327 5768 εις,
1349 5703 1472 5770 1,5.
1555 5705 1596 5735 ³⁷
1616 5704 1895 5770 Thren.tt,
1920 5707 1968 5760 Ι.

2052 5707 2116 5737 ³⁷⁸
2139 5706 2405 5766 Isauri,
2440 5707 2486 5758 t.

2066 4856 2326 4912 declarat.
2372 4855 2657 4911 Mattlmus
2697 4864 2879 4913 autem
2904 4857 2952 4890 “
2994 4858 3066 4912 ita
3099 4859 3331 4914 scribit:
3381 4857 3640 4930 Loquente

2070 4962 2247 5004 autem
2268 4965 2328 5004 eo
2351 4947 2421 5003 ad
2445 4949 2650 5012 turbas,
2666 4966 2780 5004 ecce
2804 4959 2971 5003 mater
2990 4961 3038 5004 et
3067 4949 3260 5018 fratres
3286 4951 3399 5022 ejus
3425 4953 3639 5008 stabant

2070 5042 2232 5110 foris,
2268 5050 2555 5111 querrentes
2602 5040 2744 5110 loqui
2775 5056 2893 5094 cum
2931 5057 3010 5095 eo.
3052 5039 3250 5098 Turbis
3289 5057 3419 5115 ergo
3451 5045 3639 5116 loque-

2071 5133 2230 5187 batur
2255 5148 2375 5202 qua:
2406 5131 2605 5202 scripta
2649 5140 2778 5187 sunt
2820 5139 2945 5185 ante
2987 5131 3123 5187 haec.
3158 5132 3296 5188 Cum
3336 5146 3515 5190 autem
3556 5137 3638 5190 dl-

2069 5223 2239 5278 xisset
2269 5223 2506 5293 aliquis:
2551 5223 2681 5276 Ecce
2733 5233 2901 5276 mater
2947 5231 3038 5276 tua
3064 5234 3114 5277 et
3138 5224 3334 5294 fratres
3387 5227 3462 5279 tui
3493 5235 3637 5282 stant

2070 5314 2294 5369 volentes
2353 5323 2401 5368 te
2449 5315 2622 5368 videre
2664 5315 2745 5380 ",
2797 5313 3133 5382 respondens
3173 5315 3471 5371 ,nuntianti
3530 5317 3634 5371 sibi

2065 5405 2239 5460 dixit:
2275 5406 2406 5470 Qua:
2455 5414 2530 5459 est
2572 5415 2738 5459 mater
2778 5421 2927 5468 mea,
2965 5413 3014 5458 et
3054 5405 3248 5475 fratres
3287 5406 3387 5458 mei
3410 5406 3491 5459 "7
3518 5405 3633 5460 Non

2061 5499 2174 5569 jam
2223 5499 2524 5554 extendens
2569 5514 2790 5552 manum
2836 5514 2991 5555 suam
3049 5513 3212 5569 super
3265 5498 3488 5563 turbas,
3536 5501 3632 5554 sed

2569 5705 2728 5759 "Tit.
2752 5708 2906 5778 μηδ.
2977 5705 3296 5778 “iCorgtv,
3322 5706 3392 5778 20
3413 5717 3627 5778 etseqq.

389 5761 977 5830 ³⁰Μειιι11.χκιιι,Ι-ι5.
1053 5771 1095 5801 ἰ
1129 5773 1198 5826 al.
1231 5761 1407 5842 a/réct'.
1486 5776 1750 5842 ἠπ-δ.
1828 5761 2245 5847 n'Luc.w,ao.
2323 5761 2577 5834 vit-nm.
2606 5792 2704 5847 xu,
2736 5761 2837 5832 tu.’
2896 5761 2948 5810 is
2981 5776 3112 5832 ibid.
3144 5776 3233 5830 t7.
3284 5761 3495 5834 '"ihid
3541 5761 3630 5836 l8;

709 5863 982 5925 ΡΑτιιοι.
1019 5865 1110 5927 (in
1195 5869 1368 5932 XIII.

3157 5872 3231 5933 51
