4110 6420
472 343 595 397 1611

1661 332 1988 388 ORIGENIS
2025 333 2092 388 IN
2131 332 2551 392 MATTH/‘EUM

3596 346 3739 406 1612

467 478 632 532 super
684 458 984 530 discipulos
1036 472 1168 512 suos
1209 444 1386 509 dixit:
1451 451 1582 507 Ecce
1629 463 1799 506 mater
1834 470 1950 507 mea
2002 466 2049 508 et
2086 467 2126 521 Α
2158 455 2261 506 hoc
2309 454 2454 517 dico,
2491 454 2617 523 quia
2661 453 2762 510 soli
2818 452 3024 511 Scriba:
3069 463 3120 509 et
3169 454 3430 513 Pharisaei
3477 459 3740 519 sederunt

470 555 666 622 fratres
694 552 816 606 mei.
847 550 952 616 Qui
991 551 1131 602 enim
1163 548 1345 618 fecerit
1380 546 1709 601 voluntatem
1738 543 1924 599 Patris
1950 546 2052 599 mei

465 646 557 714 qui
586 647 642 701 in
672 645 813 699 cretis
840 652 939 707 est,
967 643 1080 712 ipse
1109 650 1187 697 est
1222 641 1352 696 mihi
1381 648 1430 695 et
1467 648 1669 702 mater,
1707 647 1757 691 et
1795 638 1964 708 frater
1982 639 2048 693 ".

469 737 536 792 Et
592 737 963 807 praecedentes
1016 734 1305 804 parabolas
1360 746 1641 802 exponens
1696 728 2051 785 Matthmus“

468 828 701 881 scribit:
754 823 1012 894 Egressus
1060 821 1217 876 Jesus
1271 822 1335 875 de
1398 820 1589 884 domo,
1644 815 1855 871 sedebat
1892 828 2051 870 secus

467 933 632 972 mare.
674 916 743 969 Et
775 926 1102 985 congregata:
1133 926 1255 969 sunt
1302 913 1370 968 ad
1406 929 1522 967 eum
1561 916 1730 965 turba:
1755 908 1958 973 multat,
1993 919 2047 960 ut

468 1011 761 1080 ingrediens
797 1010 850 1063 in
880 1025 1064 1062 navem
1094 1007 1327 1071 sederet,
1355 1016 1403 1060 et
1436 1014 1580 1058 totus
1620 1001 1844 1071 populus
1874 1000 2050 1055 stabat

469 1104 524 1154 in
554 1102 769 1168 littore,
814 1110 863 1155 et
896 1100 1105 1154 locutus
1136 1108 1211 1153 est
1248 1099 1324 1152 eis
1370 1095 1541 1149 multa
1580 1095 1636 1148 in
1668 1092 1937 1162 parabolis
1962 1091 2050 1144 di-

469 1208 588 1246 cens
607 1206 627 1244 :
658 1189 792 1244 Ecce
822 1191 979 1244 exiuit
1008 1190 1099 1260 qui
1129 1188 1352 1243 seminat
1386 1186 1643 1240 seminare
1674 1199 1848 1238 semen
1874 1197 2047 1235 suum.

471 1285 539 1339 Et
585 1300 653 1339 uc
694 1295 855 1354 putes
906 1292 1103 1338 eventu
1146 1282 1227 1336 sic
1255 1282 1491 1349 positam
1537 1279 1811 1351 parabolae
1855 1292 2050 1332 narra-

471 1378 674 1432 tionem
724 1375 1085 1436 seminantis,
1119 1374 1248 1443 quia
1294 1371 1471 1426 turbis
1507 1385 1628 1424 eam
1659 1368 1819 1424 Jesus
1860 1369 2052 1439 loque-

469 1469 651 1532 batur,
679 1465 965 1521 considera
1011 1464 1176 1518 Marci
1204 1473 1258 1517 et
1304 1461 1466 1516 Lucae
1496 1460 1922 1529 expositionem,
1958 1458 2051 1527 qui

470 1557 725 1610 similiter
777 1555 1248 1623 conscripserunt.
1307 1553 1525 1608 Marcus
1569 1554 1615 1584 ¹⁹
1660 1551 1882 1619 quidem
1933 1551 2048 1604 ita:

471 1647 640 1715 Coepit
666 1647 858 1701 iterum
889 1645 1074 1699 docere
1108 1644 1176 1696 ad
1220 1658 1400 1706 mare;
1433 1651 1482 1695 et
1507 1650 1852 1712 congregatus
1878 1648 1954 1695 est
1982 1644 2051 1694 ait

469 1757 587 1795 cum
611 1738 837 1809 populus
866 1736 1088 1801 multus,
1114 1746 1168 1789 ut
1205 1736 1429 1789 intraret
1453 1735 1508 1788 in
1535 1749 1741 1796 navent,
1773 1745 1826 1787 at
1851 1733 2051 1786 sederet

2156 558 2317 612 super
2345 543 2656 599 cathedram
2687 544 2880 617 Moysi,
2910 546 3005 616 qui
3038 546 3318 610 dicebant,
3345 556 3401 602 et
3425 565 3533 603 non
3571 550 3693 607 facit
3711 578 3736 592 ο

2154 635 2318 698 baut,
2375 646 2430 689 et
2481 637 2779 706 aiiigaltant
2819 653 2989 693 onera
3036 639 3221 709 gravia
3261 647 3317 693 et
3368 641 3739 711 importabilia

2155 742 2319 795 super
2351 726 2608 782 humeros
2666 729 2990 795 hominum,
3049 731 3150 799 ipsi
3199 740 3382 787 autem
3427 749 3529 789 nec
3566 736 3742 806 digito

2157 818 2409 872 Volebaut
2461 834 2523 872 ea
2560 835 2801 875 movere.
2852 821 3103 875 Arbitror
3148 824 3294 878 enim
3342 827 3604 896 quoniam
3645 832 3739 899 qui

2154 908 2378 981 Moysen
2432 912 2734 965 secundum
2779 913 3081 982 spiritalem
3124 916 3380 972 virtutem
3433 918 3743 989 intelligunt

2153 1011 2207 1055 et
2262 1010 2574 1070 exponunt,
2634 1003 2825 1058 sedent
2890 1006 3112 1072 quidem
3194 1022 3361 1076 super
3416 1010 3736 1066 cathedram

2154 1089 2347 1162 Moysi,
2383 1092 2475 1146 sed
2508 1107 2617 1146 non
2672 1103 2799 1147 sunt
2852 1093 3057 1151 Scribat
3084 1105 3137 1150 et
3192 1096 3476 1163 Pharisaei.
3514 1102 3609 1156 sed
3658 1104 3743 1158 his

2153 1182 2428 1238 meliores.
2468 1181 2627 1238 Tales
2659 1196 2790 1239 sunt
2827 1186 3013 1242 dilecti
3055 1189 3261 1244 Christi
3310 1191 3594 1258 discipuli,
3646 1198 3742 1263 qui

2153 1282 2208 1327 et
2241 1274 2466 1329 verbum
2504 1274 2625 1345 ejus
2654 1290 2747 1346 per
2781 1278 3011 1346 gratiam
3062 1278 3156 1333 Dei
3202 1281 3333 1335 inte:
3349 1293 3659 1352 pretantur,
3688 1296 3745 1339 et

2155 1366 2440 1420 inveniunt
2492 1382 2556 1420 ea
2592 1383 2714 1437 quae
2757 1377 2888 1422 sunt
2929 1371 3074 1425 aliud
3113 1386 3179 1425 ex
3208 1373 3316 1426 alio
3355 1375 3739 1444 signiﬁcantia.

2155 1455 2298 1526 Ergo
2332 1468 2460 1510 ante
2504 1456 2706 1514 Christi
2753 1461 2973 1529 quidem
3011 1462 3305 1517 adventum
3349 1480 3517 1535 super
3557 1470 3743 1522 cathe-

2156 1548 2309 1601 dram
2349 1547 2515 1619 Moysi
2542 1549 2807 1604 sedebant
2840 1554 2997 1617 bene,
3030 1554 3124 1622 qui
3171 1554 3310 1609 bene
3352 1565 3405 1610 et
3438 1559 3743 1614 secundum

2156 1639 2428 1693 rationem
2459 1640 2605 1693 dicta
2633 1639 2803 1712 Moysi
2833 1641 3356 1713 interpretabantur.
3383 1645 3515 1702 Post
3539 1648 3746 1702 adven-

2155 1741 2270 1785 tum
2318 1740 2505 1786 autetn
2538 1724 2741 1787 Christi
2780 1736 2971 1788 sedent
3001 1750 3166 1804 super
3208 1737 3524 1793 cathedram
3557 1739 3745 1796 Eccle-

468 1835 522 1885 iu
549 1832 711 1894 mari,
742 1840 792 1885 et
819 1840 963 1884 totus
998 1829 1223 1899 papulas
1258 1844 1407 1882 secus
1448 1827 1671 1881 marein
1705 1825 1858 1879 terris
1899 1832 2053 1890 erat;
2089 1808 2128 1864 θ
2157 1825 2274 1891 site,
2312 1840 2433 1894 qua:
2478 1833 2565 1879 est
2610 1825 2867 1880 cathedra
2917 1826 3125 1882 Christi
3173 1837 3230 1882 et
3280 1829 3537 1886 thronus.
3588 1830 3745 1889 Sicut

465 1932 515 1975 et
542 1920 759 1975 docebat
806 1936 893 1974 eos
938 1919 995 1972 in
1042 1917 1311 1988 parabolis
1358 1916 1547 1981 multa,
1577 1925 1629 1970 et
1681 1914 1885 1969 dicebat
1932 1914 2053 1967 eis:

470 2017 623 2071 Exiit
662 2016 753 2087 qui
804 2015 1030 2069 seminat
1071 2013 1350 2069 seminare.
1415 2009 1594 2067 Lucas
1645 2018 1827 2066 autem
1850 2008 1896 2040 ⁸⁰
1953 2008 2057 2063 hoc

472 2112 675 2165 modo:
713 2109 1064 2165 Couveniente
1106 2116 1283 2159 autem
1310 2105 1502 2174 populo
1526 2103 1716 2167 multo,
1743 2111 1790 2157 et
1823 2117 1915 2172 per
1946 2102 2058 2154 siu-

474 2202 628 2272 gulas
665 2202 907 2255 ciuitates
961 2209 1185 2254 exeunte
1234 2199 1302 2251 ad
1348 2214 1501 2262 eum,
1558 2197 1702 2250 dixit
1744 2193 2057 2265 parabolam

475 2292 673 2345 talem:
698 2290 848 2344 Exiit
879 2291 969 2359 qui
995 2289 1220 2342 seminat
1245 2287 1505 2340 seminare
1527 2302 1703 2340 semen
1737 2300 1911 2339 suum.
1943 2282 2058 2336 Ma-

478 2382 675 2439 ttiieste
726 2390 908 2437 autem
949 2381 1309 2434 diti'ercutlam
1350 2378 1536 2447 populi
1575 2387 1629 2431 ct
1658 2375 2055 2445 discipulorum

473 2477 711 2531 scientes
756 2472 1108 2540 evangelista:
1176 2480 1298 2541 post
1357 2468 1673 2538 paraioiam
1733 2465 2060 2519 addiderunt

471 2568 621 2639 quod
671 2567 784 2636 jam
841 2580 950 2618 non
1005 2564 1217 2627 turbis,
1275 2562 1368 2618 sed
1406 2558 1691 2629 discipulis
1752 2556 2059 2625 exponebat

470 2674 695 2715 causam
738 2665 963 2728 propter
1010 2670 1174 2725 quam
1207 2654 1382 2709 turbis
1436 2653 1490 2706 in
1538 2649 1814 2721 parabolis
1863 2648 2056 2718 loque-

475 2763 645 2807 retur.
695 2750 981 2805 Matthmus
1032 2747 1249 2817 quidem
1296 2746 1338 2776 ³¹
1391 2744 1524 2798 dicit
1569 2742 1680 2796 ita:
1739 2740 2057 2794 Accedentes

471 2840 725 2912 discipuli
766 2841 1017 2895 dixerunt
1055 2839 1146 2891 ei:
1201 2836 1379 2902 Quare
1410 2835 1467 2888 in
1513 2832 1784 2903 parabolis
1831 2831 2058 2900 loqueris

469 2936 591 2988 eis?
635 2934 816 2989 Lucas
860 2941 1047 2986 autem
1074 2930 1117 2961 "
1151 2931 1265 2984 ita:
1308 2925 1716 2997 Interrogabant
1760 2933 1938 2976 autent
1972 2921 2060 2975 di-

472 3027 664 3097 sripuli
686 3026 803 3096 ejus
831 3041 950 3094 qua!
976 3034 1107 3076 esset
1138 3023 1249 3077 haec
1289 3020 1569 3091 parabole.
1602 3018 1820 3073 Marc-us
1855 3030 1989 3070 vero
2012 3015 2059 3046 ³³

474 3125 591 3176 sic:
647 3118 717 3171 Et
767 3134 884 3171 cum
915 3118 1047 3185 facti
1100 3117 1323 3184 fuissent
1378 3114 1603 3175 secreti,
1657 3108 2057 3179 interrogabant

2154 1924 2339 1969 autem
2386 1930 2550 1985 super
2578 1916 2893 1971 cathedram
2927 1917 3105 1990 Moysi
3152 1920 3293 1975 male
3323 1921 3546 1992 quidem
3589 1924 3744 1981 sede-

2157 2005 2291 2060 bant
2315 2003 2522 2060 Scriha:
2559 2016 2614 2062 et
2651 2006 2936 2075 Pharisaei,
2968 2007 3107 2064 bene
3141 2018 3326 2064 autem
3357 2010 3453 2080 qui
3484 2021 3630 2069 recte
3660 2012 3746 2068 iu-

2158 2097 2474 2164 tclligebaut
2524 2098 2733 2169 legem,
2780 2109 2944 2170 atque
2994 2100 3320 2167 tradebant,
3373 2101 3457 2158 sic
3482 2111 3537 2159 ct
3579 2120 3742 2175 super

2154 2190 2473 2255 cathedram
2507 2192 2936 2248 ecclesiasticam
2978 2194 3172 2249 sedent
3215 2194 3441 2265 quidam
3494 2196 3740 2252 dicentes

2155 2295 2281 2350 qua:
2316 2280 2496 2337 facere
2545 2291 2795 2351 oporteat
2847 2298 3336 2355 unumquemque,
3389 2299 3498 2340 non
3554 2295 3733 2340 autem

2158 2372 2451 2440 iacientes,
2498 2384 2554 2430 et
2613 2375 2899 2445 alligantes
2946 2391 3113 2432 onera
3162 2377 3390 2448 gravia,
3451 2379 3736 2447 imponunt

2158 2479 2325 2535 super
2357 2466 2617 2521 humeros
2655 2467 2961 2533 hominum,
2997 2468 3098 2538 ipsi
3147 2483 3248 2524 nec
3291 2468 3460 2537 digito
3491 2469 3737 2525 volentes

2159 2571 2222 2610 ea
2252 2570 2508 2625 movere;
2540 2557 2607 2612 de
2633 2559 2836 2628 quibus
2861 2560 3074 2615 dicebat
3107 2559 3358 2615 Salvator
3381 2560 3424 2593 ⁸⁷
3453 2579 3469 2616 :
3499 2559 3738 2627 Quicun-

2158 2664 2257 2706 aue
2284 2650 2497 2706 solverit
2540 2666 2703 2705 unum
2736 2653 2799 2706 de
2832 2654 3100 2707 mandatis
3130 2654 3248 2707 istis
3277 2654 3535 2717 minimis,
3567 2664 3615 2708 et
3649 2653 3743 2707 do-

2159 2744 2325 2796 cuerit
2379 2742 2616 2797 homines
2672 2744 2783 2807 sic,
2838 2744 3086 2798 minimus
3141 2745 3420 2799 vocabitur
3476 2746 3533 2799 in
3582 2762 3740 2815 regno

2159 2838 2431 2887 cartorum.
2458 2833 2562 2887 ΑΙιί
2606 2843 2784 2889 autem
2821 2835 3126 2891 sedentium
3186 2836 3395 2892 faciunt
3451 2845 3743 2905 antequam

2159 2927 2367 2992 dicant,
2401 2935 2456 2982 et
2496 2926 2687 2981 dicunt
2719 2927 2995 2995 sapienter
3022 2928 3372 2984 moderantes
3408 2929 3745 2983 dilfercutias

2162 3018 2539 3082 humerorum,
2574 3028 2630 3073 et
2661 3033 2827 3073 onera
2864 3019 2946 3074 eis
2983 3033 3144 3089 parce
3182 3021 3507 3090 imponunt,
3552 3020 3655 3091 ipsi
3680 3038 3744 3076 ea

2163 3110 2317 3179 prius
2354 3117 2637 3165 moventes
2663 3109 2731 3164 ad
2777 3111 3214 3165 exhortationem
3263 3111 3604 3167 audientium
3638 3128 3739 3169 cae-

473 3227 591 3263 cum
628 3207 880 3278 discipuli
912 3178 1029 3277 ante
1074 3178 1207 3260 esset
1256 3203 1514 3274 parabola
1559 3203 1671 3256 Ittec
1734 3200 1799 3254 Et
1846 3178 1968 3253 vide
2007 3198 2055 3252 si
2086 3178 2127 3236 (ἶ
2166 3178 2430 3265 teret-um,
2469 3199 2537 3254 de
2596 3202 2795 3270 quibus
2852 3200 3113 3257 Dominus
3167 3201 3245 3256 ait
3265 3201 3350 3256 ‘3:
3404 3202 3509 3267 Qui
3566 3213 3744 3257 autent

484 3309 638 3372 potes
673 3316 739 3354 ex
770 3299 1062 3367 Evangelio
1090 3295 1317 3350 Joannis
1345 3295 1536 3348 audire
1563 3302 1616 3348 et
1648 3293 1880 3354 discere,
1914 3304 2055 3358 quo-

476 3395 622 3447 niam
650 3392 695 3447 si
724 3391 771 3423 “
797 3388 1176 3445 tantummodo
1216 3387 1467 3448 credunt,
1494 3394 1549 3441 et
1580 3385 1634 3437 in
1669 3384 1834 3437 verbo
1858 3397 2054 3436 ascen-

475 3488 602 3539 dere
640 3499 747 3539 non
791 3483 1211 3552 concupiscunt,
1244 3478 1448 3533 Christi
1491 3477 1728 3547 populus
1760 3485 1910 3530 sunt.
1952 3475 2055 3541 Qui

476 3588 658 3633 autem
692 3576 1014 3632 anhelantes
1053 3582 1181 3629 sunt
1215 3574 1358 3625 dona
1406 3570 1656 3634 meliora,
1694 3577 1750 3624 et
1787 3570 1929 3638 quod
1974 3577 2060 3623 est

479 3673 713 3740 primum
775 3666 1024 3723 omnium
1088 3664 1425 3736 gratiarum,
1492 3660 1776 3731 sapientiae
1832 3661 2057 3715 verbum

476 3762 698 3817 student
744 3759 1141 3828 suscipientes.
1191 3754 1442 3824 discipuli
1492 3763 1623 3809 sunt
1665 3753 1858 3824 ipsius.
1920 3752 2060 3809 Dicit

479 3863 660 3909 autem
704 3849 946 3906 Joannes
981 3851 1052 3903 ita
1073 3890 1088 3914 ,
1118 3847 1380 3918 quoniam
1412 3845 1627 3900 dicebat
1660 3842 1821 3900 Jesus
1851 3846 1920 3899 ad
1961 3860 2059 3901 eos

480 3949 575 4019 qui
617 3946 967 4002 crediderunt
1009 3944 1057 3997 ei
1108 3940 1363 3995 Iudaeos:
1420 3937 1522 3994 Sed
1569 3938 1616 3991 si
1652 3939 1957 3992 manseritis
2003 3940 2059 3992 in

480 4039 634 4093 verba
666 4054 800 4100 meo,
828 4035 1150 4106 cognoscetis
1183 4033 1477 4094 veritatem,
1508 4039 1558 4083 et
1591 4029 1780 4082 veritas
1817 4027 2059 4083 liberabit

482 4147 570 4185 vos
596 4130 661 4184 ³³.
706 4129 845 4200 Ergo
880 4128 1128 4198 quaedam
1170 4121 1387 4193 quidem
1423 4120 1708 4190 discipulis
1752 4120 1868 4175 suis
1907 4119 2057 4185 dicit,

479 4225 726 4295 quaedam
757 4232 937 4277 autem
971 4217 1167 4277 turbis,
1195 4216 1296 4269 alia
1336 4229 1463 4267 vero
1495 4212 1672 4267 turbis
1704 4212 1868 4266 simul
1897 4220 2061 4280 atque

479 4317 806 4386 discipulis:
859 4313 1000 4367 sicut.
1049 4320 1104 4364 ct
1149 4316 1281 4362 sunt
1324 4307 1440 4360 inec
1499 4305 1616 4375 ipsa
1667 4305 1953 4374 p‘tesentia
1994 4305 2061 4360 de

481 4411 684 4480 quibus
736 4407 1018 4476 loquimur
1066 4404 1246 4456 modo.
1283 4400 1424 4466 Quid
1458 4413 1587 4467 ergo
1623 4396 1755 4452 dicit
1800 4398 1977 4452 turbis
2007 4407 2061 4452 et

483 4502 767 4573 discipulis
798 4499 1101 4554 videamus.
1143 4492 1312 4562 Super
1355 4491 1661 4545 cathedram
1704 4488 1875 4558 Moysi
1917 4490 2062 4543 sedc-

488 4604 609 4648 raat
642 4593 905 4648 Scribwet
941 4586 1277 4645 Pharisaei“.
1318 4581 2060 4649 Quodarbitrorhujusmodi

486 4703 645 4743 esse:
683 4683 787 4751 Qui
825 4683 993 4753 legem
1030 4676 1200 4748 Moysi
1246 4674 1570 4744 proﬁtentur
1596 4687 1659 4727 se
1690 4671 2059 4741 interpretari,

487 4791 540 4835 ct
567 4780 619 4834 in
659 4780 763 4833 hoc
794 4774 1100 4848 gloriantur
1122 4809 1136 4834 ,
1171 4776 1266 4822 aut
1306 4766 1401 4836 qui
1450 4764 1913 4835 supcrascendere
1950 4764 2067 4818 hac

489 4889 547 4927 se
578 4871 918 4942 proﬁtentur,
947 4867 1004 4920 bi
1052 4865 1243 4921 sedent
1294 4873 1459 4929 super
1506 4857 1819 4911 cathedram
1867 4853 2061 4927 Moysi.

488 4964 591 5031 Qui
624 4976 755 5033 ergo
785 4975 892 5015 non
942 4957 1204 5013 recedunt
1232 4969 1261 5008 a
1292 4953 1472 5007 littera
1515 4948 1694 5018 chis,
1729 4947 1938 5002 Scriba:
1976 4947 2063 5003 di-

488 5062 707 5109 cuntur.
740 5050 844 5118 Qui
886 5058 1068 5104 autem
1104 5045 1281 5115 majus
1312 5041 1519 5112 aliquid
1566 5039 1885 5110 proﬁtentes
1923 5036 2067 5093 divi-

489 5150 624 5203 dunt
655 5144 824 5218 836
850 5144 1061 5213 seipsos
1088 5139 1245 5211 quasi
1280 5136 1534 5191 meliores
1568 5148 1596 5188 a
1629 5131 1835 5199 multis,
1870 5145 2069 5186 secun-

490 5241 618 5295 dum
674 5240 779 5292 hoc
823 5232 1085 5288 Pharisaei
1140 5231 1436 5292 dicuntur,
1489 5225 1584 5295 qui
1642 5226 2072 5294 interpretantur

491 5332 647 5386 divisi
686 5339 741 5385 et
780 5326 1059 5397 segregati.
1093 5322 1298 5376 Phares
1332 5320 1476 5373 enim
1522 5316 1713 5371 divisio
1744 5314 2069 5385 appellatur.

497 5430 588 5479 Est
615 5437 745 5492 ergo
778 5421 960 5475 videre
995 5431 1170 5486 usque
1203 5427 1347 5466 nunc
1380 5410 1522 5480 apud
1554 5409 1795 5473 Judteos,
1822 5406 2074 5460 sedentes

494 5532 659 5586 super
687 5512 1001 5570 cathedram
1034 5508 1226 5579 Moysi,
1254 5504 1476 5561 Seribas
1507 5511 1562 5557 et
1601 5499 1925 5555 Pbarisaeos.
1951 5495 2073 5551 Non

2167 3290 2349 3359 fecerit
2373 3298 2425 3345 et
2452 3290 2693 3345 docuerit
2723 3292 2823 3360 sic,
2846 3292 2932 3346 hic
2957 3308 3181 3362 magnus
3203 3293 3478 3348 vocabitur
3506 3296 3562 3349 in
3589 3310 3746 3364 regno

2172 3385 2288 3439 Dei.

2242 3475 2329 3530 ιο.
2381 3473 2577 3530 Adhuc
2623 3484 2805 3532 autem
2864 3478 3166 3534 secundum
3221 3479 3522 3551 simplicem
3569 3480 3745 3536 tradi-

2167 3569 2372 3625 tionem
2406 3568 2537 3624 dicti
2568 3569 2733 3640 itujus
2770 3584 2883 3641 quo
2914 3572 3029 3625 ait:
3066 3569 3367 3626 Secundum
3390 3572 3567 3627 omnia
3595 3588 3746 3642 qutu-

2166 3675 2367 3732 cunque
2398 3661 2634 3715 dixerint
2666 3661 2810 3716 vobis
2835 3662 3031 3732 facere,
3064 3663 3248 3733 facile,
3272 3667 3560 3719 secundum
3585 3673 3747 3733 opera

2163 3770 2346 3809 eorum
2374 3770 2438 3808 ne
2465 3754 2702 3824 faciatis,
2727 3756 2963 3812 dicimus
2985 3758 3245 3827 quoniam
3280 3773 3379 3829 per
3410 3759 3527 3814 hac
3558 3766 3748 3815 osten-

2164 3844 2295 3900 dere
2325 3846 2497 3901 voluit
2526 3847 2796 3915 quosdam
2834 3848 2888 3901 in
2934 3846 3180 3904 Ecclesia
3224 3864 3382 3914 esse,
3430 3850 3523 3920 qui
3570 3865 3745 3919 quau-

2167 3946 2284 3991 tum
2324 3936 2394 3991 ad
2434 3937 2662 3992 verbum
2697 3938 2915 4008 quidem
2954 3946 3208 4008 potentes
3249 3948 3381 3995 sunt
3414 3941 3611 3996 docere
3637 3941 3744 3995 mi-

2168 4029 2380 4095 rabilia,
2412 4038 2467 4083 et
2496 4039 2778 4099 exponunt
2820 4044 2884 4084 ea
2937 4031 3238 4085 secundum
3292 4033 3598 4096 rationem,
3635 4047 3744 4085 non

2167 4128 2348 4174 autem
2384 4120 2571 4175 volunt
2600 4119 2905 4177 secundum
2945 4123 3090 4192 quod
3133 4122 3322 4177 dicunt
3365 4138 3565 4192 agere:
3604 4137 3747 4192 quo-

2170 4227 2289 4266 rum
2336 4212 2558 4282 quidem
2618 4214 2869 4268 doctrina
2912 4223 2997 4269 est
3051 4215 3354 4280 audienda,
3395 4230 3504 4269 non
3563 4227 3747 4271 autem

2165 4311 2250 4356 est
2280 4303 2628 4356 conversatio
2670 4303 2953 4358 imitanda.
2987 4303 3353 4373 Reprehendit
3390 4321 3523 4375 ergo
3558 4306 3750 4375 hujus-

2170 4392 2316 4446 modi
2351 4401 2715 4461 praeceptores
2744 4394 2839 4463 qui
2885 4410 2994 4448 non
3041 4394 3217 4450 solum
3247 4411 3371 4466 quae
3398 4396 3601 4452 docent
3639 4414 3746 4452 non

2173 4481 2398 4547 iaciunt,
2424 4483 2517 4538 sed
2542 4485 2705 4538 etiam
2736 4485 3029 4540 crudeliter
3060 4495 3113 4541 et
3135 4486 3255 4541 sine
3281 4487 3662 4544 misericordia
3679 4489 3748 4556 ”,

2170 4587 2279 4626 non
2341 4572 2643 4627 secundum
2710 4574 3173 4630 existimationem
3237 4577 3438 4632 virium
3486 4580 3751 4633 uniuscu-

2166 4663 2368 4733 jusque
2399 4650 2704 4729 audienti's,
2746 4666 2840 4720 sed
2888 4666 3098 4737 majora
3124 4669 3328 4725 virtute
3376 4671 3621 4741 ipsorum
3663 4670 3748 4724 in-

2172 4762 2442 4833 jungunt:
2482 4770 2697 4832 utputa,
2741 4763 2834 4832 qui
2874 4764 3167 4832 prohibent
3210 4765 3447 4832 nubere,
3478 4774 3533 4821 et
3570 4764 3639 4819 ab
3675 4778 3746 4820 eo

2173 4856 2317 4925 quod
2365 4853 2615 4925 expedit,
2659 4854 2728 4909 ad
2772 4855 3188 4911 immoderatam
3234 4858 3557 4912 munditiam
3588 4871 3745 4911 com-

2168 4947 2397 5014 pellunt.
2431 4945 2536 5011 Qui
2566 4946 2763 5000 docent
2793 4946 2957 5000 etiam
3002 4946 3277 5001 abstinere
3310 4962 3340 5002 a
3371 4948 3528 5014 cibis,
3553 4956 3608 5001 et
3639 4946 3749 5001 alia

2171 5037 2524 5106 hujusmodi.
2579 5036 2646 5090 ad
2696 5051 2818 5107 quae
2874 5052 2981 5091 non
3016 5038 3244 5093 omnino
3292 5048 3505 5109 oportet
3556 5050 3753 5108 cogere

2173 5130 2425 5182 homines
2459 5127 2642 5183 iideies
2664 5170 2679 5194 ,
2730 5129 2957 5200 alligant
2993 5145 3090 5200 per
3129 5132 3354 5186 verbum
3394 5147 3562 5202 expos
3587 5132 3754 5186 tionis

2172 5239 2288 5279 suae
2318 5236 2483 5275 onera
2515 5224 2699 5285 gravia
2721 5265 2735 5289 ,
2778 5224 2916 5279 citra
2940 5225 3283 5278 voluntatem
3320 5224 3530 5280 Christi
3569 5225 3756 5280 dicen-

2180 5315 2249 5369 tis
2268 5313 2351 5366 “z
2388 5311 2585 5383 Iugum
2626 5330 2800 5369 meum
2828 5331 2986 5369 sum
3024 5325 3123 5379 est,
3149 5324 3200 5368 et
3248 5331 3381 5369 onus
3429 5320 3602 5370 meum
3649 5317 3759 5373 lroe

2181 5413 2297 5468 est,
2325 5412 2375 5457 et
2420 5405 2709 5473 imponunt
2734 5421 2831 5469 ca,
2881 5413 3145 5475 quantum
3191 5406 3258 5459 ad
3288 5407 3517 5462 vel-bum
3570 5421 3754 5468 suum,

2179 5510 2346 5564 super
2373 5496 2630 5553 humeros
2666 5496 2971 5562 hominum,
2996 5506 3288 5553 curvantes
3320 5512 3438 5566 eos,
3470 5507 3528 5554 et
3562 5496 3759 5552 cadere

567 5649 611 5680 ’⁷
643 5647 833 5701 Matth.
857 5660 956 5711 xu,
986 5644 1077 5705 49,
1102 5639 1191 5695 50.
1269 5639 1321 5711 ’37
1347 5637 1540 5711 xtuli,
1569 5635 1862 5711 2__et__seq_q.
1937 5632 1982 5663 ”
2010 5647 2057 5685 tv

2162 5631 2657 5711 '5:_.f°v!",4~.§-
2734 5631 3063 5711 ιρι
3128 5630 3414 5711 τειελ
3494 5630 3757 5711 3113.49-

499 5718 545 5750 "
568 5719 682 5785 lege
706 5719 817 5787 qui.
893 5700 1125 5768 Nl'Joa'u.
1169 5727 1283 5774 \‘ill,
1314 5710 1402 5771 5i,
1427 5707 1513 5760 52.
1593 5706 1637 5737 ⁸⁶
1671 5700 1858 5758 Matth.
1885 5716 2042 5769 mu,

2204 5703 2245 5733 ³⁷
2277 5700 2469 5757 Matth.
2494 5718 2546 5767 v,
2581 5704 2667 5757 19.
2744 5702 2789 5735 ⁸⁸
2815 5703 2945 5758 ibid.
3023 5704 3067 5736 ³⁹
3098 5703 3169 5757 al.
3197 5703 3321 5758 add.
3349 5713 3418 5757 et.
3497 5702 3543 5734 ‘°
3564 5701 3761 5757 Matth.

501 5802 577 5853 Il,
609 5788 696 5841 50.
