4110 6406
446 456 579 513 lbi?)

1602 440 2259 501 COMMENTARIORUM
2298 439 2557 497 SERIES.

3546 444 3683 499 illis

444 573 703 629 facientes
751 568 854 626 sub
902 568 1138 639 pondere
1173 567 1418 638 gravium
1477 566 1859 621 mandatorum
1911 580 2008 621 eos
2038 568 2079 626 Α
2111 561 2457 627 suﬂ'ocatum,
2492 573 2547 617 et
2586 560 3042 618 fornicationem?
3077 561 3183 619 Sed
3230 563 3305 618 illi
3355 563 3552 619 docent
3595 581 3684 620 se-

442 663 536 733 qui
586 661 832 731 baiulare
887 675 1006 714 eam
1063 674 1172 712 non
1230 656 1515 712 sullerunt.
1582 654 1647 710 Et
1699 656 2012 725 frequenter

444 755 629 807 videre
673 762 758 807 est
807 766 902 806 eos
936 750 1027 819 qui
1079 750 1206 804 talia
1251 749 1481 812 docent,
1528 747 1803 802 contraria
1854 761 2013 818 agerc

442 843 787 900 sermonibus
816 842 953 908 suis,
977 850 1031 896 et
1060 855 1159 896 nec
1187 840 1398 895 modica
1432 841 1628 894 virtute
1653 839 1868 904 animae,
1892 853 2012 908 quae

445 936 722 991 moraliter
768 934 970 1004 digitus
1012 933 1356 1003 appellatur,
1416 933 1604 986 volunt
1656 947 1718 985 ea
1768 945 2008 985 movere.

440 1024 755 1080 Castitatem
807 1024 951 1077 enim
1006 1023 1161 1077 multi
1213 1023 1504 1088 docentes,
1550 1022 1853 1078 castitatem
1903 1035 2008 1075 non

439 1124 812 1170 servaverunt.
845 1113 1133 1169 Abstinere
1161 1129 1191 1168 a
1216 1114 1354 1168 cibis
1382 1116 1663 1168 hortantes
1690 1113 1850 1179 alios,
1884 1111 2009 1182 ipsi,

438 1204 553 1258 sive
584 1214 806 1274 propter
838 1204 1267 1270 simulationem,
1309 1205 1426 1258 sive
1466 1211 1688 1273 propter
1731 1203 1831 1256 hoc
1865 1201 2009 1270 quod

439 1295 564 1350 victi
597 1304 726 1351 sunt
760 1310 789 1348 a
825 1295 1285 1365 concupiscentiis
1323 1295 1462 1359 suis,
1508 1294 1661 1349 cibos
1695 1292 2010 1362 hujusmodi

438 1393 796 1455 susceperunt
843 1401 982 1455 quos
1044 1385 1561 1441 abrenuntiaverant
1617 1385 1839 1447 verbis,
1905 1384 2010 1438 alia

439 1478 700 1533 docentes
729 1477 781 1531 in
816 1477 1056 1546 publico,
1084 1485 1137 1531 et
1163 1477 1268 1530 alia
1296 1486 1503 1532 secrete
1533 1486 1586 1529 et
1608 1475 1819 1530 occulte
1848 1490 2012 1540 agen-

444 1581 550 1634 tes,
583 1569 766 1624 omnia
796 1568 1053 1624 iacientes
1094 1576 1314 1638 propter
1348 1582 1608 1638 personas
1642 1567 1923 1621 hominum
1958 1573 2012 1620 et

438 1658 641 1730 glorias
669 1672 858 1722 vanas,
890 1657 1032 1711 sicut
1074 1656 1417 1724 subsequens
1442 1668 1622 1709 sermo
1646 1653 2007 1715 demonstrat,

437 1752 663 1806 dicens:
700 1749 893 1803 Omnia
924 1763 1079 1818 opera
1111 1763 1207 1801 sua
1248 1746 1489 1815 faciunt,
1532 1753 1590 1799 ut
1633 1745 1913 1797 uideantur
1945 1740 2009 1795 ab

437 1841 735 1894 hominibus
759 1839 826 1894 “.
878 1838 942 1893 Et
971 1839 1290 1908 plerumque
1340 1853 1530 1892 omnes
1581 1835 1653 1889 illi
1698 1843 1824 1890 sunt
1872 1834 2008 1888 tales

2113 654 2349 709 cundum
2383 654 2618 707 litteram
2670 653 2889 724 Legem,
2922 651 3082 724 Legis
3120 668 3341 709 sensum
3375 653 3688 725 spiritaliter

2113 757 2225 795 non
2262 742 2641 811 intelligentes,
2689 742 2832 796 sicut
2859 742 2928 797 de
2964 741 3073 797 illis
3122 742 3199 795 ait
3248 741 3548 812 Apostolus
3578 742 3622 774 “
3671 762 3682 795 :

2114 829 2269 884 Finis
2299 841 2474 885 autem
2501 841 2576 885 est
2605 831 2733 902 legis
2779 833 3015 887 charitas
3048 831 3114 886 de
3135 832 3292 887 corde
3326 849 3460 902 puro
3495 841 3549 888 et
3583 833 3687 903 ﬁde

2113 938 2214 976 non
2242 922 2403 992 ﬁcta;
2437 940 2469 977 a
2497 923 2685 994 quibus
2715 924 2933 993 quidam
2964 924 3269 978 aberrantes
3299 926 3532 979 conversi
3564 934 3686 978 sunt

2112 1013 2170 1066 in
2195 1014 2577 1085 uaniloquium,
2621 1016 2847 1070 uolentes
2877 1030 2987 1070 esse
3009 1016 3136 1087 legis
3171 1018 3431 1082 doctores,
3464 1032 3566 1071 non
3602 1019 3685 1071 itt-

2113 1104 2403 1176 telligenles
2434 1122 2595 1177 neque
2623 1122 2740 1177 qua:
2769 1107 3073 1177 loquuntur,
3103 1124 3266 1180 neque
3296 1108 3362 1164 de
3384 1109 3571 1179 quibus
3595 1110 3682 1180 af-

2113 1198 2354 1267 ﬁrmant.
2401 1196 2505 1264 Qui
2551 1199 2699 1254 enim
2746 1199 2917 1267 legem
2959 1197 3129 1269 Moysi
3174 1208 3456 1269 caponunt
3486 1215 3670 1256 secun-

2111 1289 2241 1342 dum
2296 1288 2554 1354 litteram,
2605 1289 2862 1345 cadentes
2895 1299 2927 1344 a
2981 1290 3268 1346 dilectione
3318 1307 3442 1361 quae
3488 1303 3570 1348 est
3619 1308 3682 1347 ex

2111 1379 2274 1434 corde
2319 1392 2476 1448 puro,
2507 1387 2560 1433 et
2609 1395 2638 1431 a
2672 1379 2778 1435 [ide
2814 1395 2921 1434 non
2967 1380 3114 1447 ﬁcta,
3158 1381 3210 1434 in
3262 1382 3465 1452 quibus
3504 1384 3680 1453 posita

2111 1478 2195 1525 est
2232 1471 2316 1525 lex
2364 1471 2661 1540 spiritalis,
2697 1486 2891 1527 omnes
2926 1472 3202 1543 vaniloqui
3258 1483 3410 1529 sunt.
3458 1473 3683 1531 Vanilo-

2112 1562 2302 1631 quium
2330 1563 2476 1629 enim
2510 1572 2594 1618 est
2622 1562 2992 1628 circumcisio,
3027 1579 3240 1635 azyma,
3269 1566 3491 1635 pascha,
3525 1576 3579 1623 et
3619 1567 3686 1622 de

2114 1652 2335 1707 mundis
2366 1660 2421 1705 et
2457 1652 2754 1706 immundis
2784 1653 3084 1707 secundum
3114 1653 3349 1709 litteram
3390 1655 3574 1724 Legis.
3619 1655 3683 1711 Hi

2111 1756 2241 1812 ergo
2269 1742 2363 1811 qui
2399 1740 2648 1796 conversi
2685 1748 2814 1795 sunt
2860 1741 2915 1794 in
2952 1742 3350 1813 vaniloquium,
3390 1754 3451 1800 et
3496 1747 3689 1802 volunt

2114 1846 2234 1886 esse
2261 1832 2395 1901 legis
2428 1832 2701 1898 doctores,
2732 1846 2835 1886 nec
2865 1841 3044 1886 tamen
3081 1842 3209 1887 sunt
3251 1836 3555 1890 secundum
3589 1851 3683 1891 ve-

436 1932 529 2000 qui
561 1931 792 2001 diligunt
838 1896 1046 1999 prim-os
1079 1896 1384 1985 disi-ubitus
1414 1928 1467 1982 in
1514 1927 1799 1990 conviviis,
1830 1934 1884 1981 et
1912 1940 2001 1980 sa~
2040 1896 2083 1955 Β
2114 1896 2341 1977 ritatemw
2371 1922 2525 1991 legis,
2567 1896 2758 1977 dicunt
2787 1922 3008 1992 quidem
3049 1921 3209 1994 Legis
3250 1926 3530 1989 mandata,
3576 1942 3684 1981 non

438 2025 733 2079 lutationes
763 2024 816 2077 in
861 2022 1010 2090 foro,
1044 2032 1097 2078 et
1128 2025 1311 2078 vocari
1352 2023 1421 2077 ab
1460 2020 1771 2075 hominibus
1810 2018 2005 2084 Rabbi,

442 2121 539 2167 aut
570 2111 774 2182 aliquid
814 2113 958 2180 quod
1004 2111 1182 2167 simile
1220 2122 1302 2167 est
1344 2109 1515 2165 Rabbi
1543 2109 1711 2164 huic:
1775 2116 1964 2177 ulputa
1991 2145 2006 2167 ,

438 2202 531 2270 qui
563 2202 753 2254 volunt
778 2201 959 2255 vocari
984 2201 1244 2271 episcopi,
1274 2208 1370 2254 aut
1406 2199 1725 2270 presbyteri,
1763 2206 1857 2251 aut
1887 2196 2009 2251 dia-

435 2293 591 2356 coni,
629 2308 754 2346 cum
809 2291 1030 2347 deberet
1084 2290 1465 2362 unusquisque
1514 2304 1743 2352 eorum,
1793 2286 2005 2342 etiamsi

435 2393 723 2439 vocaretur
758 2385 826 2438 ab
853 2385 1056 2454 aliquo,
1088 2385 1169 2440 vel
1199 2382 1594 2439 conscientiam
1629 2396 1786 2436 suam
1825 2388 2008 2434 osten-

434 2475 565 2529 dere
592 2473 721 2541 Deo,
746 2474 1006 2544 quoniam
1040 2490 1147 2528 non
1181 2474 1297 2528 vult
1326 2472 1432 2526 hoc
1465 2469 1685 2524 nomine
1715 2465 2005 2529 nominari,

433 2567 593 2638 cujus
629 2582 728 2622 nec
757 2566 1040 2621 scientiam
1079 2565 1240 2620 habet
1277 2579 1378 2619 nec
1417 2570 1619 2618 actum.
1651 2559 1716 2613 Et
1744 2558 1791 2614 si
1826 2557 2005 2624 habet,

432 2669 613 2713 tamen
666 2673 772 2711 non
814 2659 971 2712 delret
1022 2658 1160 2712 velle
1203 2656 1385 2711 vocari
1449 2671 1514 2710 eo
1553 2654 1806 2719 nomine,
1860 2651 2009 2721 quod

433 2749 649 2818 proprie
672 2748 894 2803 alterius
925 2756 1027 2803 est.
1063 2747 1289 2817 Proprie
1314 2749 1460 2802 enim
1502 2747 1793 2817 episcopus
1823 2742 2008 2798 Domi-

434 2853 537 2894 nus
566 2836 726 2892 Jesus
765 2846 881 2905 est,
924 2847 977 2893 et
1024 2838 1362 2908 presbyteri,
1412 2837 1685 2891 Abraham
1710 2875 1724 2901 ,
1759 2833 1910 2889 Isaac
1954 2842 2009 2888 et

431 2930 636 2994 Jacob,
691 2929 836 2984 sicut
892 2930 1243 2985 manifestum
1297 2940 1382 2984 est
1415 2929 1501 2983 his
1550 2928 1646 2999 qui
1698 2928 1749 2980 in
1810 2924 2006 2981 Genesi

431 3020 780 3077 considerant
832 3035 955 3090 quae
1004 3020 1071 3074 de
1114 3019 1322 3075 semine
1355 3034 1545 3074 eorum
1594 3025 1722 3073 sunt
1769 3017 2004 3087 scripta;

431 3113 513 3163 vel
544 3110 723 3164 cmtcri
757 3109 849 3178 qui
889 3110 990 3163 hoc
1025 3111 1245 3163 nomine
1269 3109 1417 3179 digni
1448 3107 1615 3163 habiti
1646 3115 1794 3169 sunt,
1817 3106 2008 3174 quales

431 3198 649 3255 fuerunt
686 3209 856 3271 apost;
882 3201 915 3253 li
946 3199 1173 3255 Christi.
1205 3198 1432 3255 Diaconi
1477 3214 1626 3262 vero,
1676 3209 1879 3269 septem
1914 3213 2001 3254 ar-

430 3291 678 3361 ehangeli
717 3300 845 3345 sunt
880 3290 1004 3356 Dei,
1052 3289 1122 3344 ad
1164 3305 1398 3360 quorum
1450 3290 1752 3344 ministeria
1797 3296 2003 3359 septem

430 3381 651 3436 diaconi
704 3382 759 3435 in
811 3383 1041 3436 Actibus
1094 3389 1224 3436 Sunt
1273 3381 1532 3435 ordinati.
1577 3379 1831 3435 Praecidit
1875 3395 2007 3452 ergo

433 3472 695 3527 Dominus
732 3472 1045 3543 hujusmodi
1076 3473 1553 3542 concupiscentias
1585 3473 1653 3526 ab
1680 3473 1865 3527 anima
1903 3485 2004 3526 no-

431 3573 543 3617 stra
577 3579 670 3633 per
703 3564 816 3619 haec
850 3566 1009 3618 verba
1061 3580 1183 3635 qua:
1222 3565 1399 3635 posita
1451 3573 1615 3630 sunt,
1659 3572 1713 3619 et
1753 3565 2007 3619 hortatur

430 3661 607 3726 magis
647 3658 822 3712 zelare
865 3659 1262 3725 humilitatem,
1300 3672 1424 3727 quae
1462 3665 1545 3713 cst
1578 3656 1751 3725 prima
1797 3656 2006 3711 exalta-

427 3744 594 3800 tionis
624 3746 841 3800 occasio
875 3747 1019 3815 apud
1052 3745 1221 3799 Deum
1249 3765 1263 3800 :
1308 3748 1452 3800 sicut
1477 3745 1789 3800 econtrario
1825 3746 2005 3799 humi-

427 3837 667 3891 liationis
701 3837 918 3891 occasio
959 3843 1042 3890 est
1087 3836 1229 3905 apud
1279 3835 1472 3903 Deum,
1523 3836 1746 3906 diligere
1798 3837 2004 3905 primas

426 3927 716 3982 cathedras
761 3928 815 3981 in
871 3928 1193 3998 synagogis,
1246 3935 1299 3981 ct
1356 3928 1562 3997 primos
1593 3927 1896 3981 discubitus
1948 3928 2001 3981 in

428 4018 710 4080 conviviis,
747 4026 802 4073 et
835 4020 1040 4088 primas
1067 4018 1424 4073 salutationes
1460 4018 1512 4072 in
1558 4017 1702 4083 foro,
1734 4027 1788 4073 et
1817 4018 1999 4072 vocari

428 4111 623 4166 Ralihi.
653 4110 717 4166 Et
741 4111 864 4166 vide
891 4110 1150 4181 quoniam
1182 4124 1346 4179 super
1376 4110 1490 4163 hinc
1517 4108 1667 4163 addit
1692 4119 1745 4164 et
1765 4110 1897 4164 dicit
1916 4110 1998 4163 ης

433 4203 537 4268 Qui
572 4203 746 4272 major
773 4214 849 4257 est
879 4203 1017 4256 inter
1040 4218 1128 4255 vos
1192 4201 1286 4270 ﬁat
1317 4201 1592 4265 minister;
1619 4209 1674 4255 et
1693 4201 1774 4257 ἠε
1819 4199 1922 4266 Qui
1947 4217 2002 4256 se

433 4296 740 4350 exaltarerit
758 4294 1147 4356 humiliabitur,
1167 4305 1214 4347 et
1232 4295 1319 4363 qui
1343 4309 1395 4347 se
1414 4293 1771 4348 lmmiliauerit
1790 4292 2001 4346 exalta-

432 4387 595 4441 bitur.
632 4387 709 4441 lla
752 4402 819 4441 ex
847 4384 1196 4456 phylacteriis
1219 4390 1273 4437 et
1308 4382 1538 4437 llmbriis
1570 4382 1638 4436 ad
1681 4382 2003 4438 ostentatio-

427 4496 553 4534 nem
584 4494 774 4535 eorum
801 4479 892 4548 qui
933 4493 1099 4533 vanas
1143 4477 1342 4548 glorias
1383 4476 1808 4545 concupiscunt,
1849 4487 1903 4532 et
1933 4490 2000 4530 ex

2112 2022 2293 2068 autem
2324 2012 2634 2082 intelligunt
2661 2026 2725 2067 ea
2762 2027 2885 2082 quae
2928 2012 3147 2079 dicunt,
3181 2028 3281 2068 nec
3314 2013 3444 2083 quid
3476 2014 3686 2084 signiﬁ'

2111 2114 2238 2161 cent
2268 2105 2419 2176 legis-
2443 2104 2589 2160 dicta
2634 2102 2705 2158 de
2735 2104 2936 2173 quibus
2974 2103 3264 2159 aliirmant.
3296 2103 3422 2160 Ideo
3451 2105 3583 2160 dicit
3621 2106 3688 2161 de

2113 2198 2220 2253 illis
2250 2195 2503 2252 Salvator
2529 2196 2576 2229 “
2622 2214 2636 2251 :
2671 2196 2867 2251 Dicunt
2909 2197 3069 2262 enim,
3109 2207 3158 2250 et
3196 2212 3300 2251 non
3343 2197 3570 2267 faciunt,
3603 2207 3689 2252 ut-

2110 2294 2266 2358 puta,
2305 2285 2496 2341 dicunt
2541 2285 2608 2341 de
2638 2285 3079 2351 circumcisione,
3110 2287 3176 2342 de
3208 2288 3431 2355 pascha,
3463 2288 3531 2343 de
3562 2303 3690 2360 azy-

2111 2376 2237 2437 mis,
2257 2375 2322 2430 de
2342 2374 2505 2437 escis,
2528 2374 2596 2430 de
2610 2373 3018 2439 festivitatibus,
3033 2375 3100 2429 de
3113 2374 3443 2440 Ncomeniis,
3467 2378 3534 2432 de
3559 2375 3688 2431 Sab-

2109 2468 2274 2529 batis,
2300 2468 2619 2532 canterisque
2640 2467 2774 2537 legis
2799 2468 3093 2533 mandatis,
3126 2483 3233 2522 non
3263 2477 3445 2523 autem
3476 2468 3683 2524 iaciunt

2110 2560 2411 2615 secundum
2457 2559 2792 2614 voluntatem
2843 2558 3007 2628 legis,
3052 2574 3153 2614 nec
3196 2559 3342 2614 enim
3394 2560 3688 2615 circumci-

2110 2652 2336 2717 duntur,
2368 2650 2511 2705 sicut
2551 2658 2636 2704 est
2667 2647 2804 2718 legis
2834 2647 3104 2703 voluntas.
3139 2645 3295 2702 Unde
3339 2648 3418 2703 ait
3450 2647 3683 2717 Aposto-

2108 2743 2197 2798 lus
2228 2742 2274 2774 ‘7
2308 2760 2323 2796 :
2362 2740 2476 2796 Nos
2516 2742 2655 2796 enim
2706 2758 2889 2796 sumus
2932 2741 3299 2803 circumcisio,
3334 2741 3425 2811 qui
3476 2740 3686 2811 Spiritu

2108 2836 2219 2890 Deo
2251 2836 2527 2901 servimus,
2562 2845 2611 2888 et
2643 2850 2747 2888 non
2788 2835 2844 2888 in
2881 2846 3040 2887 carne
3074 2833 3413 2902 conﬁdimus.
3446 2832 3555 2887 Nec
3581 2832 3686 2887 im-

2108 2928 2320 2983 molant
2369 2926 2596 2996 pascha,
2646 2925 2961 2995 ignorantes
2991 2925 3134 2996 quod
3179 2923 3391 2979 Pascha
3433 2934 3681 2981 nostrum

2108 3036 2209 3093 pro
2234 3020 2394 3075 nobis
2426 3018 2744 3074 immolatus
2774 3027 2858 3075 est
2887 3019 3161 3074 Christus.
3201 3016 3312 3074 Nec
3352 3018 3686 3073 manducant

2108 3125 2300 3182 azyma
2345 3108 2644 3165 secundum
2698 3107 2833 3179 legis
2882 3109 3259 3179 propositum,
3313 3108 3463 3178 quod
3510 3107 3676 3164 inter-

2107 3212 2353 3272 pretatur
2396 3202 2714 3273 Apostolus,
2745 3202 2932 3257 dicens
2973 3201 3020 3234 ι’
3059 3216 3073 3252 :
3115 3199 3427 3268 Epulemur,
3471 3215 3576 3256 non
3629 3201 3687 3255 in

2111 3293 2366 3363 fermento
2411 3294 2590 3358 ueteri,
2637 3308 2798 3362 neque
2835 3291 2891 3344 in
2931 3290 3187 3360 fermento
3227 3290 3453 3345 malitia
3496 3301 3545 3345 et
3593 3306 3682 3345 ne-

2109 3386 2314 3458 quities,
2353 3385 2445 3441 sed
2484 3386 2538 3440 in
2584 3386 2788 3449 azymis
2829 3384 3151 3438 sinceritatis
3194 3392 3245 3437 et
3269 3382 3535 3439 ueritatis.
3577 3382 3684 3439 Sed

2109 3492 2211 3532 nec
2251 3476 2609 3545 corporaliter
2652 3474 2852 3544 pascha
2895 3473 3201 3540 celebrant,
3235 3488 3359 3528 cum
3402 3475 3686 3544 praecipiat

2109 3570 2192 3624 lex
2235 3567 2281 3601 “
2315 3567 2369 3620 in
2417 3546 2719 3620 Jerusalem
2763 3564 3038 3617 civitatem
3081 3578 3248 3633 quam
3296 3563 3460 3633 elegit
3495 3561 3680 3617 Domi-

2107 3672 2213 3712 nus
2268 3655 2443 3718 Deus,
2479 3662 2733 3724 oportere
2787 3652 3074 3707 immolare
3132 3667 3367 3723 agnum,
3396 3660 3453 3707 et
3494 3660 3579 3708 ter
3627 3653 3681 3708 in

2108 3763 2253 3804 anno
2319 3762 2582 3818 apparere
2631 3760 2848 3801 omnem
2908 3744 3217 3799 masculum
3271 3744 3325 3798 in
3381 3755 3675 3815 conspectu

2104 3839 2322 3895 Domini
2364 3838 2478 3892 Dei.
2517 3836 2628 3891 Nos
2656 3846 2836 3891 autem
2871 3835 2964 3905 qui
3006 3834 3262 3905 discipuli
3302 3850 3499 3890 sumus
3527 3833 3678 3898 Jcsu,

2105 3934 2468 4003 itttclligentcs
2540 3945 2636 3985 eos
2710 3929 2803 3998 qui
2880 3928 3072 3982 sedent
3133 3940 3297 3996 super
3363 3927 3678 3982 cathedram

2106 4025 2299 4097 Moysi,
2352 4023 2572 4079 Scribas
2617 4031 2670 4077 et
2709 4019 3019 4074 Phariszros
3063 4024 3346 4073 servantes
3391 4019 3682 4073 circumci-

2106 4118 2291 4173 siones
2330 4124 2382 4170 et
2428 4121 2621 4169 caetera
2669 4108 2978 4180 corporalia
3029 4107 3176 4178 legis,
3199 4106 3492 4174 mandata,
3523 4107 3682 4177 longe

2104 4219 2285 4264 autem
2339 4205 2667 4262 constitutos
2720 4217 2751 4257 a
2816 4199 3151 4270 spiritalibus
3201 4198 3333 4267 legis
3382 4198 3678 4264 mandatis,

2103 4314 2441 4372 quaecunque
2473 4297 2661 4351 dicunt
2686 4293 2842 4347 nobis
2873 4307 2939 4346 ex
2972 4291 3107 4360 lege,
3140 4288 3506 4359 intelligentes
3548 4303 3673 4345 sen-

2103 4408 2224 4449 sum
2256 4391 2389 4460 legis
2421 4387 2656 4443 facimus
2681 4395 2734 4440 et
2763 4397 3069 4446 servamus,
3100 4395 3444 4450 nequaquam
3475 4378 3680 4435 facien-

2103 4491 2183 4538 tes
2222 4480 2520 4537 secundum
2563 4490 2726 4546 opera
2761 4489 2976 4530 eorum.
3010 4470 3145 4527 Nam
3189 4486 3313 4540 qua:
3354 4470 3677 4541 loquuntur,

423 4571 817 4641 jactationibus
854 4579 1073 4641 propter
1104 4584 1395 4640 pompam,
1436 4574 1489 4622 et
1525 4582 1593 4621 ex
1628 4566 1998 4635 vestimentis,
2032 4573 2077 4629 D
2105 4590 2169 4630 es
2213 4573 2332 4644 lege
2371 4572 2590 4642 quidem
2636 4568 2892 4623 videntur
2931 4566 3133 4629 dicere,
3177 4573 3357 4619 tamen
3405 4563 3549 4620 sicut
3592 4563 3678 4619 lex

426 4671 481 4718 et
540 4677 608 4717 ex
660 4661 877 4716 annulis
930 4668 985 4714 et
1043 4660 1458 4722 calceamentis,
1508 4657 1858 4713 manifestum
1920 4666 2006 4715 est

427 4755 518 4824 qui
554 4761 683 4808 sunt
729 4753 823 4823 qui
858 4753 1087 4823 diligunt
1120 4753 1189 4806 ab
1220 4751 1536 4805 hominibus
1578 4750 1759 4804 vocari
1805 4751 2001 4806 Rabbi.

430 4843 487 4898 Si
535 4860 664 4915 ergo
699 4843 996 4899 secundum
1037 4841 1183 4913 quod
1217 4842 1492 4904 diximus,
1533 4835 1742 4896 Scriba:
1780 4849 1835 4895 et
1863 4839 2008 4896 Pha-

428 4937 570 4993 risaei
622 4937 873 4991 sedentes
913 4949 1075 5004 super
1121 4934 1433 4988 cathedram
1488 4931 1684 5003 Moysi,
1736 4941 1863 4989 sunt
1910 4930 2005 4988 Ju-

429 5027 667 5080 drcorum
709 5025 1002 5089 doctores,
1073 5022 1375 5077 secundum
1437 5021 1673 5076 litteram
1745 5022 2002 5077 docentes

432 5114 586 5185 Legis
641 5117 941 5178 mandata,
1002 5114 1282 5185 quomodo
1351 5112 1507 5182 jubet
1577 5128 1678 5167 nos
1739 5111 2001 5168 Dominus

429 5205 591 5275 837
634 5208 991 5276 Praesentibus
1038 5203 1240 5271 verbis,
1290 5204 1589 5259 secundum
1639 5218 1701 5259 ea
1745 5219 1868 5274 quae
1917 5204 2002 5260 di-

429 5305 560 5351 cunt
591 5297 691 5360 illi,
726 5296 923 5366 facere,
961 5314 1083 5354 cum
1118 5312 1309 5351 omnes
1338 5295 1573 5365 apostoli
1607 5304 1788 5351 vetent
1816 5295 1999 5352 fideles

429 5388 609 5442 vivere
644 5389 939 5444 secundum
972 5391 1207 5445 litteram
1237 5389 1389 5460 legis.
1428 5388 1568 5443 sicut
1614 5395 1845 5443 testatur
1870 5389 2000 5457 Epi-

429 5479 567 5534 stola
595 5479 960 5550 apostolorum
995 5481 1049 5535 in
1083 5480 1310 5536 Actibus
1333 5479 1402 5545 “,
1434 5492 1599 5549 quam
1634 5480 1904 5534 miserunt
1931 5479 1998 5535 ad

428 5579 637 5641 gentes,
672 5578 732 5625 ut
760 5570 895 5624 nihil
928 5580 1142 5628 servent
1172 5586 1238 5628 ex
1268 5572 1386 5643 lege
1414 5571 1520 5627 nisi
1550 5570 1912 5638 immolatum,
1946 5580 2001 5626 et

495 5768 539 5801 “
571 5773 755 5829 Matth.
783 5787 922 5828 χχιιι
943 5814 956 5838 ,
981 5774 1036 5829 5.
1108 5773 1157 5807 “
1185 5773 1375 5829 Matth.
1405 5789 1471 5827 xx
1493 5814 1508 5838 ,
1535 5770 1626 5826 26.

495 5861 586 5900 ιιιι.
614 5844 668 5900 3.
743 5845 786 5876 δ’
818 5842 1015 5900 Philin.
1045 5859 1129 5900 nt.
1154 5845 1208 5900 3.
1285 5843 1333 5877 “
1356 5845 1375 5898 l
1398 5842 1528 5899 Cor.
1552 5857 1605 5900 v.

427 5861 586 5912 xxiii,
614 5861 668 5900 ο.

2101 4668 2261 4722 docet
2295 4678 2402 4718 non
2436 4662 2664 4717 faciunt.
2699 4659 2809 4714 Nec
2841 4657 2987 4713 enim
3022 4654 3331 4723 suscipiunt
3355 4655 3676 4711 ebaritatem

2100 4754 2156 4808 in
2200 4750 2365 4806 corde
2409 4763 2567 4819 puro,
2615 4762 2717 4803 nec
2759 4747 2920 4801 [idem
2964 4760 3075 4798 non
3121 4744 3325 4807 ﬁctam,
3374 4742 3428 4796 in
3479 4743 3679 4811 quibus

2100 4854 2300 4897 sensus
2344 4838 2482 4909 legis
2521 4835 2732 4907 positus
2772 4842 2888 4900 est;
2931 4847 3030 4887 nec
3072 4828 3382 4897 intelligunt
3428 4829 3676 4883 velamen

2102 4948 2224 4989 esse
2255 4946 2421 5001 super
2452 4930 2687 4985 litteram
2718 4926 2874 4997 legis,
2926 4938 3025 4977 nec
3070 4920 3304 4975 audiunt
3346 4918 3675 4990 Prophetam

2109 5024 2229 5078 haec
2251 5020 2634 5090 intelligentem
2676 5015 2880 5086 pariter
2901 5020 2955 5066 et
2978 5018 3253 5081 petentem
3291 5027 3305 5064 :
3339 5007 3527 5063 Revela
3551 5024 3674 5063 ocu-

2108 5116 2187 5170 los
2219 5130 2381 5178 meos,
2409 5120 2459 5165 et
2485 5106 2827 5164 considerabo
2854 5103 3124 5159 mirabilia
3152 5102 3216 5156 de
3252 5102 3359 5173 lege
3388 5112 3485 5156 tua
3511 5102 3577 5171 9°.
3612 5100 3677 5158 Et

2108 5205 2190 5261 sic
2222 5203 2445 5273 alligant
2476 5214 2648 5255 onera
2682 5194 2890 5265 gravia,
2923 5202 3002 5261 et,
3036 5193 3177 5250 sicut
3222 5190 3399 5246 Lucas
3438 5190 3534 5257 ait,
3574 5189 3675 5245 im-

2107 5293 2414 5365 portabilia,
2460 5299 2515 5345 ct
2555 5288 2845 5357 imponunt
2878 5298 3043 5354 super
3075 5283 3337 5337 humeros
3377 5278 3675 5348 discipulo-

2107 5400 2229 5440 rum
2260 5381 2597 5438 audientium
2637 5392 2715 5433 se.
2738 5372 2892 5430 Nam
2916 5371 3224 5443 corporalia
3256 5370 3393 5440 legis
3419 5368 3673 5431 mandata

2107 5475 2406 5533 secundum
2435 5472 2669 5525 litteram
2691 5482 2859 5524 onera
2886 5473 3018 5522 sunt
3045 5463 3230 5534 gravia
3254 5467 3309 5516 et
3333 5460 3674 5530 alligationes

2105 5583 2214 5624 non
2241 5567 2403 5631 leves,
2431 5562 2573 5618 sicut
2590 5559 2785 5616 Petrus
2809 5565 3038 5615 testatur
3066 5554 3121 5609 in
3150 5552 3374 5610 Actibus
3394 5551 3667 5623 apostolo.

1702 5767 1747 5799 ⁸³
1776 5766 1966 5821 Matth.
2004 5778 2138 5818 mu
2159 5802 2174 5823 .
2202 5758 2394 5826 11,12.
2471 5756 2519 5788 ⁸⁵
2549 5772 2638 5822 xv,
2659 5754 2751 5809 90.
2819 5753 2873 5826 βξ
2906 5754 2927 5808 1
2957 5752 3100 5812 Tim.
3137 5769 3176 5825 I,
3213 5754 3331 5813 5-7.
3408 5755 3455 5790 “
3478 5754 3670 5815 Matth.

743 5824 1129 5912 “VPb—ilium",
1154 5824 1375 5900 δῖτῖίῖ
1398 5824 1692 5900 liciis.
1767 5838 1811 5870 δ’
1838 5836 1994 5891 Deut.
2021 5849 2130 5900 va,
2158 5832 2243 5887 l6.
2290 5824 2367 5861 ’⁸⁵
2403 5827 2549 5884 Psal.
2582 5841 2769 5895 cxvm,
2813 5824 2901 5881 l8.
