  <div class='ocr_page' id='page_1' title='image "/cluster/home/n/w/nwhite01/storage/ocr_20150623/13:no.3/coo.31924054872910/815.png"; bbox 0 0 4110 6418; ppageno 0'>
   <div class='ocr_carea' id='block_1_1' title="bbox 507 402 642 457">
    <p class='ocr_par' dir='ltr' id='par_1_1' title="bbox 507 402 642 457">
     <span class='ocr_line' id='line_1_1' title="bbox 507 402 642 457; baseline 0.015 -2"><span class='ocrx_word' id='word_1_1' title='bbox 507 402 642 457; x_wconf 65' lang='lat' dir='ltr'><strong><em>“iiii</em></strong></span> 
     </span>
    </p>
   </div>
   <div class='ocr_carea' id='block_1_2' title="bbox 1686 412 2571 471">
    <p class='ocr_par' dir='ltr' id='par_1_2' title="bbox 1686 412 2571 471">
     <span class='ocr_line' id='line_1_2' title="bbox 1686 412 2571 471; baseline 0.005 -4"><span class='ocrx_word' id='word_1_2' title='bbox 1686 412 2011 469; x_wconf 62' lang='lat' dir='ltr'><strong><em>ORiGl‘lNlS</em></strong></span> <span class='ocrx_word' id='word_1_3' title='bbox 2049 413 2114 467; x_wconf 72' lang='grc' dir='ltr'><strong><em>ΙΝ</em></strong></span> <span class='ocrx_word' id='word_1_4' title='bbox 2157 412 2571 471; x_wconf 61' lang='grc' dir='ltr'><strong><em>ΜΑΤΤΗΙΕΠΜ</em></strong></span> 
     </span>
    </p>
   </div>
   <div class='ocr_carea' id='block_1_3' title="bbox 3616 424 3756 483">
    <p class='ocr_par' dir='ltr' id='par_1_3' title="bbox 3616 424 3756 483">
     <span class='ocr_line' id='line_1_3' title="bbox 3616 424 3756 483; baseline 0.036 -5"><span class='ocrx_word' id='word_1_5' title='bbox 3616 424 3756 483; x_wconf 71' lang='lat' dir='ltr'><strong><em>Nilo</em></strong></span> 
     </span>
    </p>
   </div>
   <div class='ocr_carea' id='block_1_4' title="bbox 506 522 3753 610">
    <p class='ocr_par' dir='ltr' id='par_1_4' title="bbox 506 522 3753 610">
     <span class='ocr_line' id='line_1_4' title="bbox 506 522 3753 610; baseline 0.008 -37"><span class='ocrx_word' id='word_1_6' title='bbox 506 536 627 576; x_wconf 88' lang='lat' dir='ltr'><strong><em>rum</em></strong></span> <span class='ocrx_word' id='word_1_7' title='bbox 650 522 694 553; x_wconf 82' lang='grc'><strong><em>⁸¹</em></strong></span> <span class='ocrx_word' id='word_1_8' title='bbox 726 522 914 579; x_wconf 86' lang='lat' dir='ltr'><strong><em>dicens</em></strong></span> <span class='ocrx_word' id='word_1_9' title='bbox 945 542 958 578; x_wconf 86' lang='lat'>:</span> <span class='ocrx_word' id='word_1_10' title='bbox 993 524 1133 591; x_wconf 81' lang='lat' dir='ltr'><strong><em>Quid</em></strong></span> <span class='ocrx_word' id='word_1_11' title='bbox 1170 530 1386 582; x_wconf 83' lang='lat' dir='ltr'><strong><em>tentatis</em></strong></span> <span class='ocrx_word' id='word_1_12' title='bbox 1414 530 1601 599; x_wconf 80' lang='lat' dir='ltr'><strong><em>Deum,</em></strong></span> <span class='ocrx_word' id='word_1_13' title='bbox 1629 542 1684 587; x_wconf 83' lang='lat' dir='ltr'><strong><em>et</em></strong></span> <span class='ocrx_word' id='word_1_14' title='bbox 1726 535 1885 590; x_wconf 83' lang='lat' dir='ltr'><strong><em>vultis</em></strong></span> <span class='ocrx_word' id='word_1_15' title='bbox 1910 536 2077 605; x_wconf 71' lang='lat' dir='ltr'><strong><em>impo»</em></strong></span> <span class='ocrx_word' id='word_1_16' title='bbox 2109 543 2148 596; x_wconf 75' lang='grc' dir='ltr'><strong>Α</strong></span> <span class='ocrx_word' id='word_1_17' title='bbox 2180 536 2603 600; x_wconf 87' lang='lat' dir='ltr'><strong><em>servationibus,</em></strong></span> <span class='ocrx_word' id='word_1_18' title='bbox 2648 537 2782 593; x_wconf 90' lang='lat' dir='ltr'><strong><em>dicit</em></strong></span> <span class='ocrx_word' id='word_1_19' title='bbox 2839 556 2850 591; x_wconf 90' lang='lat'><strong>:</strong></span> <span class='ocrx_word' id='word_1_20' title='bbox 2897 539 3093 595; x_wconf 86' lang='lat' dir='ltr'><strong><em>Omnia</em></strong></span> <span class='ocrx_word' id='word_1_21' title='bbox 3119 540 3327 610; x_wconf 79' lang='lat' dir='ltr'><strong><em>faciunt</em></strong></span> <span class='ocrx_word' id='word_1_22' title='bbox 3369 552 3426 596; x_wconf 84' lang='lat' dir='ltr'><strong><em>ut</em></strong></span> <span class='ocrx_word' id='word_1_23' title='bbox 3473 542 3538 596; x_wconf 82' lang='lat' dir='ltr'><strong><em>ab</em></strong></span> <span class='ocrx_word' id='word_1_24' title='bbox 3583 544 3753 600; x_wconf 78' lang='lat' dir='ltr'><strong><em>homi-</em></strong></span> 
     </span>
    </p>
   </div>
   <div class='ocr_carea' id='block_1_5' title="bbox 504 613 2071 697">
    <p class='ocr_par' dir='ltr' id='par_1_5' title="bbox 504 613 2071 697">
     <span class='ocr_line' id='line_1_5' title="bbox 504 613 2071 697; baseline 0.011 -32"><span class='ocrx_word' id='word_1_25' title='bbox 504 629 624 667; x_wconf 90' lang='lat' dir='ltr'><strong><em>nere</em></strong></span> <span class='ocrx_word' id='word_1_26' title='bbox 658 613 850 684; x_wconf 88' lang='lat' dir='ltr'><strong><em>jugum</em></strong></span> <span class='ocrx_word' id='word_1_27' title='bbox 880 632 1035 686; x_wconf 86' lang='lat' dir='ltr'><strong><em>super</em></strong></span> <span class='ocrx_word' id='word_1_28' title='bbox 1071 619 1320 672; x_wconf 78' lang='lat' dir='ltr'><strong><em>cervicem</em></strong></span> <span class='ocrx_word' id='word_1_29' title='bbox 1349 622 1758 693; x_wconf 82' lang='lat' dir='ltr'><strong><em>discipulorum,</em></strong></span> <span class='ocrx_word' id='word_1_30' title='bbox 1793 627 1934 697; x_wconf 85' lang='lat' dir='ltr'><strong><em>quod</em></strong></span> <span class='ocrx_word' id='word_1_31' title='bbox 1979 644 2071 681; x_wconf 86' lang='lat' dir='ltr'><strong><em>nc-</em></strong></span> 
     </span>
    </p>
   </div>
   <div class='ocr_carea' id='block_1_6' title="bbox 502 712 2074 786">
    <p class='ocr_par' dir='ltr' id='par_1_6' title="bbox 502 712 2074 786">
     <span class='ocr_line' id='line_1_6' title="bbox 502 712 2074 786; baseline 0.01 -31"><span class='ocrx_word' id='word_1_32' title='bbox 502 718 601 771; x_wconf 83' lang='lat' dir='ltr'><strong><em>que</em></strong></span> <span class='ocrx_word' id='word_1_33' title='bbox 643 721 738 760; x_wconf 85' lang='lat' dir='ltr'><strong><em>nos</em></strong></span> <span class='ocrx_word' id='word_1_34' title='bbox 773 721 934 775; x_wconf 80' lang='lat' dir='ltr'><strong><em>neque</em></strong></span> <span class='ocrx_word' id='word_1_35' title='bbox 967 718 1149 774; x_wconf 86' lang='lat' dir='ltr'><strong><em>patres</em></strong></span> <span class='ocrx_word' id='word_1_36' title='bbox 1181 712 1356 764; x_wconf 87' lang='lat' dir='ltr'><strong><em>nostri</em></strong></span> <span class='ocrx_word' id='word_1_37' title='bbox 1393 715 1663 782; x_wconf 72' lang='lat' dir='ltr'><strong><em>potuimus</em></strong></span> <span class='ocrx_word' id='word_1_38' title='bbox 1702 719 1956 786; x_wconf 85' lang='lat' dir='ltr'><strong><em>portare?</em></strong></span> <span class='ocrx_word' id='word_1_39' title='bbox 1982 719 2074 772; x_wconf 83' lang='lat' dir='ltr'><strong><em>sed</em></strong></span> 
     </span>
    </p>
   </div>
   <div class='ocr_carea' id='block_1_7' title="bbox 394 797 2072 877">
    <p class='ocr_par' dir='ltr' id='par_1_7' title="bbox 394 797 2072 877">
     <span class='ocr_line' id='line_1_7' title="bbox 394 797 2072 877; baseline 0.011 -30"><span class='ocrx_word' id='word_1_40' title='bbox 394 844 399 847; x_wconf 33' lang='grc'><strong><em>.</em></strong></span> <span class='ocrx_word' id='word_1_41' title='bbox 498 811 593 863; x_wconf 88' lang='lat' dir='ltr'><strong><em>per</em></strong></span> <span class='ocrx_word' id='word_1_42' title='bbox 618 797 848 865; x_wconf 79' lang='lat' dir='ltr'><strong><em>gratiam</em></strong></span> <span class='ocrx_word' id='word_1_43' title='bbox 888 797 987 852; x_wconf 86' lang='lat' dir='ltr'><strong><em>Dei</em></strong></span> <span class='ocrx_word' id='word_1_44' title='bbox 1015 801 1279 856; x_wconf 81' lang='lat' dir='ltr'><strong><em>credimus</em></strong></span> <span class='ocrx_word' id='word_1_45' title='bbox 1323 804 1457 857; x_wconf 85' lang='lat' dir='ltr'><strong><em>salvi</em></strong></span> <span class='ocrx_word' id='word_1_46' title='bbox 1491 806 1628 872; x_wconf 87' lang='lat' dir='ltr'><strong><em>ﬁeri.</em></strong></span> <span class='ocrx_word' id='word_1_47' title='bbox 1676 805 1932 877; x_wconf 89' lang='lat' dir='ltr'><strong><em>Spiritale</em></strong></span> <span class='ocrx_word' id='word_1_48' title='bbox 1971 824 2072 865; x_wconf 88' lang='lat' dir='ltr'><strong><em>au-</em></strong></span> 
     </span>
    </p>
   </div>
   <div class='ocr_carea' id='block_1_8' title="bbox 500 887 2071 958">
    <p class='ocr_par' dir='ltr' id='par_1_8' title="bbox 500 887 2071 958">
     <span class='ocr_line' id='line_1_8' title="bbox 500 887 2071 958; baseline 0.01 -18"><span class='ocrx_word' id='word_1_49' title='bbox 500 896 606 942; x_wconf 87' lang='lat' dir='ltr'><strong><em>tem</em></strong></span> <span class='ocrx_word' id='word_1_50' title='bbox 645 887 764 958; x_wconf 86' lang='lat' dir='ltr'><strong><em>ejus</em></strong></span> <span class='ocrx_word' id='word_1_51' title='bbox 796 902 935 943; x_wconf 86' lang='lat' dir='ltr'><strong><em>onus</em></strong></span> <span class='ocrx_word' id='word_1_52' title='bbox 962 901 1047 945; x_wconf 87' lang='lat' dir='ltr'><strong><em>est</em></strong></span> <span class='ocrx_word' id='word_1_53' title='bbox 1083 892 1197 947; x_wconf 86' lang='lat' dir='ltr'><strong><em>leve</em></strong></span> <span class='ocrx_word' id='word_1_54' title='bbox 1232 913 1246 947; x_wconf 90' lang='lat'><strong>:</strong></span> <span class='ocrx_word' id='word_1_55' title='bbox 1290 894 1411 949; x_wconf 91' lang='lat' dir='ltr'><strong><em>ideo</em></strong></span> <span class='ocrx_word' id='word_1_56' title='bbox 1451 905 1504 951; x_wconf 88' lang='lat' dir='ltr'><strong><em>et</em></strong></span> <span class='ocrx_word' id='word_1_57' title='bbox 1536 897 1799 955; x_wconf 86' lang='lat' dir='ltr'><strong><em>Dominus</em></strong></span> <span class='ocrx_word' id='word_1_58' title='bbox 1839 900 1972 956; x_wconf 91' lang='lat' dir='ltr'><strong><em>dicit</em></strong></span> <span class='ocrx_word' id='word_1_59' title='bbox 2002 901 2071 956; x_wconf 89' lang='lat' dir='ltr'><strong><em>ad</em></strong></span> 
     </span>
    </p>
   </div>
   <div class='ocr_carea' id='block_1_9' title="bbox 495 981 2069 1062">
    <p class='ocr_par' dir='ltr' id='par_1_9' title="bbox 495 981 2069 1062">
     <span class='ocr_line' id='line_1_9' title="bbox 495 981 2069 1062; baseline 0.009 -29"><span class='ocrx_word' id='word_1_60' title='bbox 495 993 591 1034; x_wconf 90' lang='lat' dir='ltr'><strong><em>eos</em></strong></span> <span class='ocrx_word' id='word_1_61' title='bbox 620 981 712 1048; x_wconf 85' lang='lat' dir='ltr'><strong><em>qui</em></strong></span> <span class='ocrx_word' id='word_1_62' title='bbox 749 981 883 1051; x_wconf 86' lang='lat' dir='ltr'><strong><em>legis</em></strong></span> <span class='ocrx_word' id='word_1_63' title='bbox 924 984 1193 1041; x_wconf 89' lang='lat' dir='ltr'><strong><em>mandatis</em></strong></span> <span class='ocrx_word' id='word_1_64' title='bbox 1237 987 1623 1056; x_wconf 86' lang='lat' dir='ltr'><strong><em>corporalibus</em></strong></span> <span class='ocrx_word' id='word_1_65' title='bbox 1660 1000 1821 1046; x_wconf 91' lang='lat' dir='ltr'><strong><em>erant</em></strong></span> <span class='ocrx_word' id='word_1_66' title='bbox 1856 994 2069 1062; x_wconf 92' lang='lat' dir='ltr'><strong><em>gravati</em></strong></span> 
     </span>
    </p>
   </div>
   <div class='ocr_carea' id='block_1_10' title="bbox 494 1071 2069 1148">
    <p class='ocr_par' dir='ltr' id='par_1_10' title="bbox 494 1071 2069 1148">
     <span class='ocr_line' id='line_1_10' title="bbox 494 1071 2069 1148; baseline 0.01 -24"><span class='ocrx_word' id='word_1_67' title='bbox 494 1081 546 1124; x_wconf 90' lang='lat' dir='ltr'><strong><em>et</em></strong></span> <span class='ocrx_word' id='word_1_68' title='bbox 575 1071 777 1142; x_wconf 88' lang='lat' dir='ltr'><strong><em>alligati</em></strong></span> <span class='ocrx_word' id='word_1_69' title='bbox 808 1091 821 1126; x_wconf 90' lang='lat'><strong>:</strong></span> <span class='ocrx_word' id='word_1_70' title='bbox 861 1072 1036 1128; x_wconf 76' lang='lat' dir='ltr'><strong><em>Venite</em></strong></span> <span class='ocrx_word' id='word_1_71' title='bbox 1058 1077 1129 1129; x_wconf 84' lang='lat' dir='ltr'><strong><em>ad</em></strong></span> <span class='ocrx_word' id='word_1_72' title='bbox 1153 1094 1233 1132; x_wconf 88' lang='lat' dir='ltr'><strong><em>me</em></strong></span> <span class='ocrx_word' id='word_1_73' title='bbox 1260 1079 1351 1148; x_wconf 83' lang='lat' dir='ltr'><strong><em>qui</em></strong></span> <span class='ocrx_word' id='word_1_74' title='bbox 1381 1079 1639 1136; x_wconf 82' lang='lat' dir='ltr'><strong><em>laboratis</em></strong></span> <span class='ocrx_word' id='word_1_75' title='bbox 1668 1092 1717 1137; x_wconf 83' lang='lat' dir='ltr'><strong><em>et</em></strong></span> <span class='ocrx_word' id='word_1_76' title='bbox 1743 1085 1951 1139; x_wconf 87' lang='lat' dir='ltr'><strong><em>onerati</em></strong></span> <span class='ocrx_word' id='word_1_77' title='bbox 1986 1101 2069 1139; x_wconf 80' lang='lat' dir='ltr'><strong><em>es-</em></strong></span> 
     </span>
    </p>
   </div>
   <div class='ocr_carea' id='block_1_11' title="bbox 494 1164 2070 1247">
    <p class='ocr_par' dir='ltr' id='par_1_11' title="bbox 494 1164 2070 1247">
     <span class='ocr_line' id='line_1_11' title="bbox 494 1164 2070 1247; baseline 0.008 -31"><span class='ocrx_word' id='word_1_78' title='bbox 494 1164 587 1229; x_wconf 95' lang='lat' dir='ltr'><strong><em>tis,</em></strong></span> <span class='ocrx_word' id='word_1_79' title='bbox 609 1172 659 1218; x_wconf 87' lang='lat' dir='ltr'><strong><em>et</em></strong></span> <span class='ocrx_word' id='word_1_80' title='bbox 684 1181 777 1235; x_wconf 88' lang='lat' dir='ltr'><strong><em>ego</em></strong></span> <span class='ocrx_word' id='word_1_81' title='bbox 804 1183 893 1221; x_wconf 83' lang='lat' dir='ltr'><strong><em>vos</em></strong></span> <span class='ocrx_word' id='word_1_82' title='bbox 921 1169 1179 1236; x_wconf 86' lang='lat' dir='ltr'><strong><em>reﬁciant.</em></strong></span> <span class='ocrx_word' id='word_1_83' title='bbox 1213 1168 1476 1242; x_wconf 75' lang='lat' dir='ltr'><strong><em>Suscipite</em></strong></span> <span class='ocrx_word' id='word_1_84' title='bbox 1492 1172 1686 1245; x_wconf 80' lang='lat' dir='ltr'><strong><em>jugum</em></strong></span> <span class='ocrx_word' id='word_1_85' title='bbox 1719 1192 1890 1230; x_wconf 87' lang='lat' dir='ltr'><strong><em>meum</em></strong></span> <span class='ocrx_word' id='word_1_86' title='bbox 1913 1192 2070 1247; x_wconf 85' lang='lat' dir='ltr'><strong><em>super</em></strong></span> 
     </span>
    </p>
   </div>
   <div class='ocr_carea' id='block_1_12' title="bbox 493 1258 2067 1333">
    <p class='ocr_par' dir='ltr' id='par_1_12' title="bbox 493 1258 2067 1333">
     <span class='ocr_line' id='line_1_12' title="bbox 493 1258 2067 1333; baseline 0.008 -24"><span class='ocrx_word' id='word_1_87' title='bbox 493 1272 605 1321; x_wconf 77' lang='lat' dir='ltr'><strong><em>vos,</em></strong></span> <span class='ocrx_word' id='word_1_88' title='bbox 639 1266 690 1312; x_wconf 90' lang='lat' dir='ltr'><strong><em>et</em></strong></span> <span class='ocrx_word' id='word_1_89' title='bbox 729 1258 895 1312; x_wconf 79' lang='lat' dir='ltr'><strong><em>ridete</em></strong></span> <span class='ocrx_word' id='word_1_90' title='bbox 922 1260 1047 1329; x_wconf 82' lang='lat' dir='ltr'><strong><em>quia</em></strong></span> <span class='ocrx_word' id='word_1_91' title='bbox 1080 1260 1271 1332; x_wconf 85' lang='lat' dir='ltr'><strong><em>jugum</em></strong></span> <span class='ocrx_word' id='word_1_92' title='bbox 1302 1279 1474 1317; x_wconf 86' lang='lat' dir='ltr'><strong><em>meum</em></strong></span> <span class='ocrx_word' id='word_1_93' title='bbox 1508 1280 1667 1319; x_wconf 81' lang='lat' dir='ltr'><strong><em>suave</em></strong></span> <span class='ocrx_word' id='word_1_94' title='bbox 1695 1275 1805 1333; x_wconf 84' lang='lat' dir='ltr'><strong><em>est,</em></strong></span> <span class='ocrx_word' id='word_1_95' title='bbox 1844 1275 1895 1321; x_wconf 89' lang='lat' dir='ltr'><strong><em>et</em></strong></span> <span class='ocrx_word' id='word_1_96' title='bbox 1934 1283 2067 1321; x_wconf 88' lang='lat' dir='ltr'><strong><em>onus</em></strong></span> 
     </span>
    </p>
   </div>
   <div class='ocr_carea' id='block_1_13' title="bbox 492 1349 2064 1429">
    <p class='ocr_par' dir='ltr' id='par_1_13' title="bbox 492 1349 2064 1429">
     <span class='ocr_line' id='line_1_13' title="bbox 492 1349 2064 1429; baseline 0.009 -29"><span class='ocrx_word' id='word_1_97' title='bbox 492 1364 662 1401; x_wconf 86' lang='lat' dir='ltr'><strong><em>meum</em></strong></span> <span class='ocrx_word' id='word_1_98' title='bbox 715 1349 825 1405; x_wconf 74' lang='lat' dir='ltr'><strong><em>leve</em></strong></span> <span class='ocrx_word' id='word_1_99' title='bbox 852 1361 928 1404; x_wconf 86' lang='lat' dir='ltr'><strong><em>est</em></strong></span> <span class='ocrx_word' id='word_1_100' title='bbox 968 1352 1037 1405; x_wconf 81' lang='lat'><strong><em>&quot;.</em></strong></span> <span class='ocrx_word' id='word_1_101' title='bbox 1092 1350 1245 1409; x_wconf 89' lang='lat' dir='ltr'><strong><em>Onus</em></strong></span> <span class='ocrx_word' id='word_1_102' title='bbox 1292 1364 1472 1411; x_wconf 89' lang='lat' dir='ltr'><strong><em>autem</em></strong></span> <span class='ocrx_word' id='word_1_103' title='bbox 1527 1355 1663 1422; x_wconf 88' lang='lat' dir='ltr'><strong><em>leve,</em></strong></span> <span class='ocrx_word' id='word_1_104' title='bbox 1710 1356 2064 1429; x_wconf 86' lang='lat' dir='ltr'><strong><em>Evangelium</em></strong></span> 
     </span>
    </p>
   </div>
   <div class='ocr_carea' id='block_1_14' title="bbox 489 1441 2065 1512">
    <p class='ocr_par' dir='ltr' id='par_1_14' title="bbox 489 1441 2065 1512">
     <span class='ocr_line' id='line_1_14' title="bbox 489 1441 2065 1512; baseline 0.008 -20"><span class='ocrx_word' id='word_1_105' title='bbox 489 1448 596 1502; x_wconf 88' lang='lat' dir='ltr'><strong><em>est,</em></strong></span> <span class='ocrx_word' id='word_1_106' title='bbox 622 1441 766 1509; x_wconf 85' lang='lat' dir='ltr'><strong><em>quod</em></strong></span> <span class='ocrx_word' id='word_1_107' title='bbox 806 1451 891 1496; x_wconf 89' lang='lat' dir='ltr'><strong><em>est</em></strong></span> <span class='ocrx_word' id='word_1_108' title='bbox 924 1443 1008 1496; x_wconf 78' lang='lat' dir='ltr'><strong><em>lex</em></strong></span> <span class='ocrx_word' id='word_1_109' title='bbox 1043 1443 1328 1512; x_wconf 75' lang='lat' dir='ltr'><strong><em>spiritalis.</em></strong></span> <span class='ocrx_word' id='word_1_110' title='bbox 1373 1446 1568 1501; x_wconf 78' lang='lat' dir='ltr'><strong><em>Adhuc</em></strong></span> <span class='ocrx_word' id='word_1_111' title='bbox 1596 1456 1781 1502; x_wconf 86' lang='lat' dir='ltr'><strong><em>autem</em></strong></span> <span class='ocrx_word' id='word_1_112' title='bbox 1812 1450 2065 1505; x_wconf 79' lang='lat' dir='ltr'><strong><em>sedentes</em></strong></span> 
     </span>
    </p>
   </div>
   <div class='ocr_carea' id='block_1_15' title="bbox 491 1533 2065 1615">
    <p class='ocr_par' dir='ltr' id='par_1_15' title="bbox 491 1533 2065 1615">
     <span class='ocr_line' id='line_1_15' title="bbox 491 1533 2065 1615; baseline 0.007 -30"><span class='ocrx_word' id='word_1_113' title='bbox 491 1547 656 1600; x_wconf 84' lang='lat' dir='ltr'><strong><em>super</em></strong></span> <span class='ocrx_word' id='word_1_114' title='bbox 681 1533 992 1588; x_wconf 78' lang='lat' dir='ltr'><strong><em>cathedram</em></strong></span> <span class='ocrx_word' id='word_1_115' title='bbox 1024 1534 1192 1605; x_wconf 80' lang='lat' dir='ltr'><strong><em>Moysi</em></strong></span> <span class='ocrx_word' id='word_1_116' title='bbox 1220 1536 1424 1591; x_wconf 60' lang='lat' dir='ltr'><strong><em>Scriba:</em></strong></span> <span class='ocrx_word' id='word_1_117' title='bbox 1463 1546 1518 1592; x_wconf 92' lang='lat' dir='ltr'><strong><em>et</em></strong></span> <span class='ocrx_word' id='word_1_118' title='bbox 1553 1536 1839 1615; x_wconf 60' lang='lat' dir='ltr'><strong><em>Pharisati,</em></strong></span> <span class='ocrx_word' id='word_1_119' title='bbox 1877 1540 2065 1596; x_wconf 88' lang='lat' dir='ltr'><strong>omnia</strong></span> 
     </span>
    </p>
   </div>
   <div class='ocr_carea' id='block_1_16' title="bbox 489 1624 2065 1695">
    <p class='ocr_par' dir='ltr' id='par_1_16' title="bbox 489 1624 2065 1695">
     <span class='ocr_line' id='line_1_16' title="bbox 489 1624 2065 1695; baseline 0.006 -20"><span class='ocrx_word' id='word_1_120' title='bbox 489 1638 656 1692; x_wconf 86' lang='lat' dir='ltr'><strong><em>opera</em></strong></span> <span class='ocrx_word' id='word_1_121' title='bbox 682 1640 779 1679; x_wconf 89' lang='lat' dir='ltr'><strong><em>sua</em></strong></span> <span class='ocrx_word' id='word_1_122' title='bbox 813 1624 1019 1681; x_wconf 77' lang='lat' dir='ltr'><strong><em>faciunt</em></strong></span> <span class='ocrx_word' id='word_1_123' title='bbox 1046 1637 1106 1682; x_wconf 90' lang='lat' dir='ltr'><strong><em>ut</em></strong></span> <span class='ocrx_word' id='word_1_124' title='bbox 1133 1626 1202 1681; x_wconf 91' lang='lat' dir='ltr'><strong><em>ab</em></strong></span> <span class='ocrx_word' id='word_1_125' title='bbox 1233 1628 1547 1686; x_wconf 89' lang='lat' dir='ltr'><strong><em>hominibus</em></strong></span> <span class='ocrx_word' id='word_1_126' title='bbox 1580 1629 1889 1695; x_wconf 89' lang='lat' dir='ltr'><strong><em>videantur,</em></strong></span> <span class='ocrx_word' id='word_1_127' title='bbox 1930 1630 2065 1686; x_wconf 87' lang='lat' dir='ltr'><strong><em>visi-</em></strong></span> 
     </span>
    </p>
   </div>
   <div class='ocr_carea' id='block_1_17' title="bbox 488 1715 2062 1789">
    <p class='ocr_par' dir='ltr' id='par_1_17' title="bbox 488 1715 2062 1789">
     <span class='ocr_line' id='line_1_17' title="bbox 488 1715 2062 1789; baseline 0.006 -22"><span class='ocrx_word' id='word_1_128' title='bbox 488 1715 649 1770; x_wconf 82' lang='lat' dir='ltr'><strong><em>bilem</em></strong></span> <span class='ocrx_word' id='word_1_129' title='bbox 707 1719 1067 1788; x_wconf 85' lang='lat' dir='ltr'><strong><em>suscipientes</em></strong></span> <span class='ocrx_word' id='word_1_130' title='bbox 1113 1721 1626 1789; x_wconf 87' lang='lat' dir='ltr'><strong><em>circumcisionem,</em></strong></span> <span class='ocrx_word' id='word_1_131' title='bbox 1672 1732 1728 1779; x_wconf 90' lang='lat' dir='ltr'><strong><em>et</em></strong></span> <span class='ocrx_word' id='word_1_132' title='bbox 1768 1722 2062 1778; x_wconf 87' lang='lat' dir='ltr'><strong><em>visibiliter</em></strong></span> 
     </span>
    </p>
   </div>
   <div class='ocr_carea' id='block_1_18' title="bbox 484 1809 2062 1877">
    <p class='ocr_par' dir='ltr' id='par_1_18' title="bbox 484 1809 2062 1877">
     <span class='ocr_line' id='line_1_18' title="bbox 484 1809 2062 1877; baseline 0.003 -16"><span class='ocrx_word' id='word_1_133' title='bbox 484 1810 792 1877; x_wconf 82' lang='lat' dir='ltr'><strong><em>corporalia</em></strong></span> <span class='ocrx_word' id='word_1_134' title='bbox 820 1809 1076 1867; x_wconf 89' lang='lat' dir='ltr'><strong><em>l‘ermenti</em></strong></span> <span class='ocrx_word' id='word_1_135' title='bbox 1103 1811 1412 1869; x_wconf 82' lang='lat' dir='ltr'><strong><em>auferentes</em></strong></span> <span class='ocrx_word' id='word_1_136' title='bbox 1446 1815 1516 1870; x_wconf 86' lang='lat' dir='ltr'><strong><em>de</em></strong></span> <span class='ocrx_word' id='word_1_137' title='bbox 1551 1814 1808 1869; x_wconf 86' lang='lat' dir='ltr'><strong><em>domibus</em></strong></span> <span class='ocrx_word' id='word_1_138' title='bbox 1839 1815 1980 1877; x_wconf 87' lang='lat' dir='ltr'><strong><em>suis,</em></strong></span> <span class='ocrx_word' id='word_1_139' title='bbox 2007 1822 2062 1868; x_wconf 89' lang='lat' dir='ltr'><strong><em>et</em></strong></span> 
     </span>
    </p>
   </div>
   <div class='ocr_carea' id='block_1_19' title="bbox 2178 625 3751 702">
    <p class='ocr_par' dir='ltr' id='par_1_19' title="bbox 2178 625 3751 702">
     <span class='ocr_line' id='line_1_19' title="bbox 2178 625 3751 702; baseline 0.01 -25"><span class='ocrx_word' id='word_1_140' title='bbox 2178 625 2329 678; x_wconf 86' lang='lat' dir='ltr'><strong><em>nibus</em></strong></span> <span class='ocrx_word' id='word_1_141' title='bbox 2369 627 2665 684; x_wconf 80' lang='lat' dir='ltr'><strong><em>uideantur.</em></strong></span> <span class='ocrx_word' id='word_1_142' title='bbox 2716 629 2958 684; x_wconf 83' lang='lat' dir='ltr'><strong><em>Dilatant</em></strong></span> <span class='ocrx_word' id='word_1_143' title='bbox 2994 634 3136 686; x_wconf 87' lang='lat' dir='ltr'><strong><em>enim</em></strong></span> <span class='ocrx_word' id='word_1_144' title='bbox 3169 633 3511 702; x_wconf 74' lang='lat' dir='ltr'><strong><em>.pltylacterm</em></strong></span> <span class='ocrx_word' id='word_1_145' title='bbox 3542 652 3663 699; x_wconf 85' lang='lat' dir='ltr'><strong><em>sna,</em></strong></span> <span class='ocrx_word' id='word_1_146' title='bbox 3701 646 3751 693; x_wconf 84' lang='lat' dir='ltr'><strong><em>et</em></strong></span> 
     </span>
    </p>
   </div>
   <div class='ocr_carea' id='block_1_20' title="bbox 2176 716 3752 787">
    <p class='ocr_par' dir='ltr' id='par_1_20' title="bbox 2176 716 3752 787">
     <span class='ocr_line' id='line_1_20' title="bbox 2176 716 3752 787; baseline 0.009 -22"><span class='ocrx_word' id='word_1_147' title='bbox 2176 716 2517 785; x_wconf 75' lang='lat' dir='ltr'><strong><em>magniﬁcam</em></strong></span> <span class='ocrx_word' id='word_1_148' title='bbox 2549 718 2792 787; x_wconf 81' lang='lat' dir='ltr'><strong><em>ﬁmbrias</em></strong></span> <span class='ocrx_word' id='word_1_149' title='bbox 2841 722 3269 776; x_wconf 77' lang='lat' dir='ltr'><strong><em>vestimentorum</em></strong></span> <span class='ocrx_word' id='word_1_150' title='bbox 3302 738 3537 777; x_wconf 83' lang='lat' dir='ltr'><strong><em>suorum.</em></strong></span> <span class='ocrx_word' id='word_1_151' title='bbox 3576 726 3752 781; x_wconf 78' lang='lat' dir='ltr'><strong><em>Disci-</em></strong></span> 
     </span>
    </p>
   </div>
   <div class='ocr_carea' id='block_1_21' title="bbox 2173 806 3753 881">
    <p class='ocr_par' dir='ltr' id='par_1_21' title="bbox 2173 806 3753 881">
     <span class='ocr_line' id='line_1_21' title="bbox 2173 806 3753 881; baseline 0.008 -23"><span class='ocrx_word' id='word_1_152' title='bbox 2173 806 2284 873; x_wconf 86' lang='lat' dir='ltr'><strong><em>puli</em></strong></span> <span class='ocrx_word' id='word_1_153' title='bbox 2318 814 2497 861; x_wconf 90' lang='lat' dir='ltr'><strong><em>autem</em></strong></span> <span class='ocrx_word' id='word_1_154' title='bbox 2528 806 2656 863; x_wconf 87' lang='lat' dir='ltr'><strong><em>Jesu</em></strong></span> <span class='ocrx_word' id='word_1_155' title='bbox 2689 810 2872 865; x_wconf 90' lang='lat' dir='ltr'><strong><em>omnia</em></strong></span> <span class='ocrx_word' id='word_1_156' title='bbox 2898 826 3063 881; x_wconf 89' lang='lat' dir='ltr'><strong><em>opera</em></strong></span> <span class='ocrx_word' id='word_1_157' title='bbox 3097 827 3194 867; x_wconf 91' lang='lat' dir='ltr'><strong><em>sua</em></strong></span> <span class='ocrx_word' id='word_1_158' title='bbox 3230 812 3459 881; x_wconf 86' lang='lat' dir='ltr'><strong><em>l&#39;aeiunt,</em></strong></span> <span class='ocrx_word' id='word_1_159' title='bbox 3489 823 3549 868; x_wconf 94' lang='lat' dir='ltr'><strong><em>ut</em></strong></span> <span class='ocrx_word' id='word_1_160' title='bbox 3578 831 3609 869; x_wconf 93' lang='lat' dir='ltr'><strong><em>a</em></strong></span> <span class='ocrx_word' id='word_1_161' title='bbox 3643 814 3753 871; x_wconf 86' lang='lat' dir='ltr'><strong><em>Deo</em></strong></span> 
     </span>
    </p>
   </div>
   <div class='ocr_carea' id='block_1_22' title="bbox 2174 893 3752 973">
    <p class='ocr_par' dir='ltr' id='par_1_22' title="bbox 2174 893 3752 973">
     <span class='ocr_line' id='line_1_22' title="bbox 2174 893 3752 973; baseline 0.008 -27"><span class='ocrx_word' id='word_1_162' title='bbox 2174 893 2460 950; x_wconf 88' lang='lat' dir='ltr'><strong><em>videantur</em></strong></span> <span class='ocrx_word' id='word_1_163' title='bbox 2492 897 2643 963; x_wconf 90' lang='lat' dir='ltr'><strong><em>solo;</em></strong></span> <span class='ocrx_word' id='word_1_164' title='bbox 2681 899 2907 971; x_wconf 88' lang='lat' dir='ltr'><strong><em>alligant</em></strong></span> <span class='ocrx_word' id='word_1_165' title='bbox 2929 901 3074 954; x_wconf 89' lang='lat' dir='ltr'><strong><em>enim</em></strong></span> <span class='ocrx_word' id='word_1_166' title='bbox 3108 900 3280 972; x_wconf 84' lang='lat' dir='ltr'><strong><em>legem</em></strong></span> <span class='ocrx_word' id='word_1_167' title='bbox 3313 902 3410 957; x_wconf 88' lang='lat' dir='ltr'><strong><em>Dei</em></strong></span> <span class='ocrx_word' id='word_1_168' title='bbox 3438 918 3606 973; x_wconf 89' lang='lat' dir='ltr'><strong><em>super</em></strong></span> <span class='ocrx_word' id='word_1_169' title='bbox 3634 920 3752 959; x_wconf 83' lang='lat' dir='ltr'><strong><em>ma-</em></strong></span> 
     </span>
    </p>
   </div>
   <div class='ocr_carea' id='block_1_23' title="bbox 2174 991 3752 1064">
    <p class='ocr_par' dir='ltr' id='par_1_23' title="bbox 2174 991 3752 1064">
     <span class='ocr_line' id='line_1_23' title="bbox 2174 991 3752 1064; baseline 0.007 -22"><span class='ocrx_word' id='word_1_170' title='bbox 2174 1002 2304 1042; x_wconf 90' lang='lat' dir='ltr'><strong><em>num</em></strong></span> <span class='ocrx_word' id='word_1_171' title='bbox 2327 1004 2509 1054; x_wconf 86' lang='lat' dir='ltr'><strong><em>suam,</em></strong></span> <span class='ocrx_word' id='word_1_172' title='bbox 2535 991 2853 1061; x_wconf 83' lang='lat' dir='ltr'><strong><em>spiritaliter</em></strong></span> <span class='ocrx_word' id='word_1_173' title='bbox 2882 1008 3048 1061; x_wconf 88' lang='lat' dir='ltr'><strong><em>super</em></strong></span> <span class='ocrx_word' id='word_1_174' title='bbox 3078 1008 3218 1063; x_wconf 90' lang='lat' dir='ltr'><strong><em>opus</em></strong></span> <span class='ocrx_word' id='word_1_175' title='bbox 3248 1010 3411 1050; x_wconf 90' lang='lat' dir='ltr'><strong><em>suum</em></strong></span> <span class='ocrx_word' id='word_1_176' title='bbox 3440 996 3667 1064; x_wconf 86' lang='lat' dir='ltr'><strong><em>bonum,</em></strong></span> <span class='ocrx_word' id='word_1_177' title='bbox 3695 1006 3752 1053; x_wconf 92' lang='lat' dir='ltr'><strong><em>et</em></strong></span> 
     </span>
    </p>
   </div>
   <div class='ocr_carea' id='block_1_24' title="bbox 2170 1080 3751 1157">
    <p class='ocr_par' dir='ltr' id='par_1_24' title="bbox 2170 1080 3751 1157">
     <span class='ocr_line' id='line_1_24' title="bbox 2170 1080 3751 1157; baseline 0.007 -25"><span class='ocrx_word' id='word_1_178' title='bbox 2170 1092 2268 1147; x_wconf 92' lang='lat' dir='ltr'><strong><em>per</em></strong></span> <span class='ocrx_word' id='word_1_179' title='bbox 2298 1080 2704 1135; x_wconf 86' lang='lat' dir='ltr'><strong><em>meditationem</em></strong></span> <span class='ocrx_word' id='word_1_180' title='bbox 2740 1082 3048 1136; x_wconf 89' lang='lat' dir='ltr'><strong><em>divinarum</em></strong></span> <span class='ocrx_word' id='word_1_181' title='bbox 3084 1084 3497 1155; x_wconf 87' lang='lat' dir='ltr'><strong><em>disciplinarum</em></strong></span> <span class='ocrx_word' id='word_1_182' title='bbox 3532 1102 3751 1157; x_wconf 80' lang='lat' dir='ltr'><strong><em>semper</em></strong></span> 
     </span>
    </p>
   </div>
   <div class='ocr_carea' id='block_1_25' title="bbox 2169 1171 3746 1247">
    <p class='ocr_par' dir='ltr' id='par_1_25' title="bbox 2169 1171 3746 1247">
     <span class='ocr_line' id='line_1_25' title="bbox 2169 1171 3746 1247; baseline 0.008 -25"><span class='ocrx_word' id='word_1_183' title='bbox 2169 1183 2234 1222; x_wconf 91' lang='lat' dir='ltr'><strong><em>ea</em></strong></span> <span class='ocrx_word' id='word_1_184' title='bbox 2272 1181 2574 1236; x_wconf 81' lang='lat' dir='ltr'><strong><em>moventes,</em></strong></span> <span class='ocrx_word' id='word_1_185' title='bbox 2620 1171 2840 1226; x_wconf 90' lang='lat' dir='ltr'><strong><em>mobilia</em></strong></span> <span class='ocrx_word' id='word_1_186' title='bbox 2876 1171 3086 1228; x_wconf 82' lang='lat' dir='ltr'><strong><em>faciunt</em></strong></span> <span class='ocrx_word' id='word_1_187' title='bbox 3127 1174 3310 1229; x_wconf 91' lang='lat' dir='ltr'><strong><em>divina</em></strong></span> <span class='ocrx_word' id='word_1_188' title='bbox 3350 1187 3617 1247; x_wconf 62' lang='lat' dir='ltr'><strong><em>praecepta</em></strong></span> <span class='ocrx_word' id='word_1_189' title='bbox 3649 1194 3746 1235; x_wconf 84' lang='lat' dir='ltr'><strong><em>co-</em></strong></span> 
     </span>
    </p>
   </div>
   <div class='ocr_carea' id='block_1_26' title="bbox 2169 1260 3748 1330">
    <p class='ocr_par' dir='ltr' id='par_1_26' title="bbox 2169 1260 3748 1330">
     <span class='ocr_line' id='line_1_26' title="bbox 2169 1260 3748 1330; baseline 0.008 -18"><span class='ocrx_word' id='word_1_190' title='bbox 2169 1274 2285 1313; x_wconf 85' lang='lat' dir='ltr'><strong><em>ram</em></strong></span> <span class='ocrx_word' id='word_1_191' title='bbox 2308 1260 2482 1316; x_wconf 86' lang='lat' dir='ltr'><strong><em>oculis</em></strong></span> <span class='ocrx_word' id='word_1_192' title='bbox 2508 1262 2815 1317; x_wconf 90' lang='lat' dir='ltr'><strong><em>animarum</em></strong></span> <span class='ocrx_word' id='word_1_193' title='bbox 2848 1278 3096 1330; x_wconf 87' lang='lat' dir='ltr'><strong><em>suarum,</em></strong></span> <span class='ocrx_word' id='word_1_194' title='bbox 3126 1274 3182 1320; x_wconf 91' lang='lat' dir='ltr'><strong><em>et</em></strong></span> <span class='ocrx_word' id='word_1_195' title='bbox 3220 1266 3491 1322; x_wconf 78' lang='lat' dir='ltr'><strong><em>ﬁmbriam</em></strong></span> <span class='ocrx_word' id='word_1_196' title='bbox 3530 1270 3748 1327; x_wconf 89' lang='lat' dir='ltr'><strong><em>virtutis</em></strong></span> 
     </span>
    </p>
   </div>
   <div class='ocr_carea' id='block_1_27' title="bbox 2166 1346 3635 1426">
    <p class='ocr_par' dir='ltr' id='par_1_27' title="bbox 2166 1346 3635 1426">
     <span class='ocr_line' id='line_1_27' title="bbox 2166 1346 3635 1426; baseline 0.007 -24"><span class='ocrx_word' id='word_1_197' title='bbox 2166 1346 2293 1403; x_wconf 83' lang='lat' dir='ltr'><strong><em>Jesu</em></strong></span> <span class='ocrx_word' id='word_1_198' title='bbox 2327 1349 2566 1419; x_wconf 88' lang='lat' dir='ltr'><strong><em>plenam,</em></strong></span> <span class='ocrx_word' id='word_1_199' title='bbox 2601 1350 2655 1405; x_wconf 94' lang='lat' dir='ltr'><strong><em>in</em></strong></span> <span class='ocrx_word' id='word_1_200' title='bbox 2687 1366 2754 1406; x_wconf 89' lang='lat' dir='ltr'><strong><em>eo</em></strong></span> <span class='ocrx_word' id='word_1_201' title='bbox 2794 1352 2941 1422; x_wconf 87' lang='lat' dir='ltr'><strong><em>quod</em></strong></span> <span class='ocrx_word' id='word_1_202' title='bbox 2977 1353 3262 1409; x_wconf 83' lang='lat' dir='ltr'><strong><em>imitantur</em></strong></span> <span class='ocrx_word' id='word_1_203' title='bbox 3293 1355 3635 1426; x_wconf 78' lang='lat' dir='ltr'><strong><em>Magistrum.</em></strong></span> 
     </span>
    </p>
   </div>
   <div class='ocr_carea' id='block_1_28' title="bbox 2237 1438 3744 1518">
    <p class='ocr_par' dir='ltr' id='par_1_28' title="bbox 2237 1438 3744 1518">
     <span class='ocr_line' id='line_1_28' title="bbox 2237 1438 3744 1518; baseline 0.008 -26"><span class='ocrx_word' id='word_1_204' title='bbox 2237 1438 2322 1493; x_wconf 72' lang='lat'><strong><em>12.</em></strong></span> <span class='ocrx_word' id='word_1_205' title='bbox 2365 1440 2507 1506; x_wconf 86' lang='lat' dir='ltr'><strong><em>Quid</em></strong></span> <span class='ocrx_word' id='word_1_206' title='bbox 2542 1451 2722 1496; x_wconf 89' lang='lat' dir='ltr'><strong><em>autem</em></strong></span> <span class='ocrx_word' id='word_1_207' title='bbox 2753 1452 2969 1512; x_wconf 84' lang='lat' dir='ltr'><strong><em>Oportet</em></strong></span> <span class='ocrx_word' id='word_1_208' title='bbox 3003 1444 3185 1500; x_wconf 87' lang='lat' dir='ltr'><strong><em>dicere</em></strong></span> <span class='ocrx_word' id='word_1_209' title='bbox 3214 1446 3283 1501; x_wconf 87' lang='lat' dir='ltr'><strong><em>de</em></strong></span> <span class='ocrx_word' id='word_1_210' title='bbox 3319 1446 3406 1502; x_wconf 85' lang='lat' dir='ltr'><strong><em>his</em></strong></span> <span class='ocrx_word' id='word_1_211' title='bbox 3433 1448 3526 1518; x_wconf 88' lang='lat' dir='ltr'><strong><em>qui</em></strong></span> <span class='ocrx_word' id='word_1_212' title='bbox 3555 1458 3744 1505; x_wconf 88' lang='lat' dir='ltr'><strong><em>amant</em></strong></span> 
     </span>
    </p>
   </div>
   <div class='ocr_carea' id='block_1_29' title="bbox 2166 1530 3742 1607">
    <p class='ocr_par' dir='ltr' id='par_1_29' title="bbox 2166 1530 3742 1607">
     <span class='ocr_line' id='line_1_29' title="bbox 2166 1530 3742 1607; baseline 0.009 -25"><span class='ocrx_word' id='word_1_213' title='bbox 2166 1530 2375 1599; x_wconf 88' lang='lat' dir='ltr'><strong><em>primos</em></strong></span> <span class='ocrx_word' id='word_1_214' title='bbox 2397 1533 2703 1589; x_wconf 88' lang='lat' dir='ltr'><strong><em>discubitus</em></strong></span> <span class='ocrx_word' id='word_1_215' title='bbox 2730 1534 2783 1587; x_wconf 91' lang='lat' dir='ltr'><strong><em>in</em></strong></span> <span class='ocrx_word' id='word_1_216' title='bbox 2815 1536 3104 1604; x_wconf 84' lang='lat' dir='ltr'><strong><em>conviviis,</em></strong></span> <span class='ocrx_word' id='word_1_217' title='bbox 3135 1545 3190 1593; x_wconf 89' lang='lat' dir='ltr'><strong><em>et</em></strong></span> <span class='ocrx_word' id='word_1_218' title='bbox 3216 1538 3422 1607; x_wconf 87' lang='lat' dir='ltr'><strong><em>primas</em></strong></span> <span class='ocrx_word' id='word_1_219' title='bbox 3449 1540 3742 1596; x_wconf 84' lang='lat' dir='ltr'><strong><em>cathedras</em></strong></span> 
     </span>
    </p>
   </div>
   <div class='ocr_carea' id='block_1_30' title="bbox 2166 1618 3738 1691">
    <p class='ocr_par' dir='ltr' id='par_1_30' title="bbox 2166 1618 3738 1691">
     <span class='ocr_line' id='line_1_30' title="bbox 2166 1618 3738 1691; baseline 0.005 -20"><span class='ocrx_word' id='word_1_220' title='bbox 2166 1618 2219 1672; x_wconf 90' lang='lat' dir='ltr'><strong><em>in</em></strong></span> <span class='ocrx_word' id='word_1_221' title='bbox 2250 1620 2562 1690; x_wconf 80' lang='lat' dir='ltr'><strong><em>synagogis,</em></strong></span> <span class='ocrx_word' id='word_1_222' title='bbox 2595 1630 2648 1675; x_wconf 89' lang='lat' dir='ltr'><strong><em>et</em></strong></span> <span class='ocrx_word' id='word_1_223' title='bbox 2677 1622 2882 1691; x_wconf 89' lang='lat' dir='ltr'><strong><em>primas</em></strong></span> <span class='ocrx_word' id='word_1_224' title='bbox 2916 1622 3271 1678; x_wconf 88' lang='lat' dir='ltr'><strong><em>salutationes</em></strong></span> <span class='ocrx_word' id='word_1_225' title='bbox 3300 1625 3353 1677; x_wconf 92' lang='lat' dir='ltr'><strong><em>in</em></strong></span> <span class='ocrx_word' id='word_1_226' title='bbox 3382 1622 3523 1689; x_wconf 86' lang='lat' dir='ltr'><strong><em>l‘oro,</em></strong></span> <span class='ocrx_word' id='word_1_227' title='bbox 3557 1635 3614 1680; x_wconf 92' lang='lat' dir='ltr'><strong><em>et</em></strong></span> <span class='ocrx_word' id='word_1_228' title='bbox 3638 1640 3738 1679; x_wconf 87' lang='lat' dir='ltr'><strong><em>vo-</em></strong></span> 
     </span>
    </p>
   </div>
   <div class='ocr_carea' id='block_1_31' title="bbox 2163 1710 3736 1785">
    <p class='ocr_par' dir='ltr' id='par_1_31' title="bbox 2163 1710 3736 1785">
     <span class='ocr_line' id='line_1_31' title="bbox 2163 1710 3736 1785; baseline 0.003 -21"><span class='ocrx_word' id='word_1_229' title='bbox 2163 1710 2276 1764; x_wconf 90' lang='lat' dir='ltr'><strong><em>cari</em></strong></span> <span class='ocrx_word' id='word_1_230' title='bbox 2330 1711 2400 1765; x_wconf 91' lang='lat' dir='ltr'><strong><em>ah</em></strong></span> <span class='ocrx_word' id='word_1_231' title='bbox 2455 1711 2773 1767; x_wconf 90' lang='lat' dir='ltr'><strong><em>hominibus</em></strong></span> <span class='ocrx_word' id='word_1_232' title='bbox 2829 1712 3045 1769; x_wconf 81' lang='lat' dir='ltr'><strong><em>Rabbi?</em></strong></span> <span class='ocrx_word' id='word_1_233' title='bbox 3089 1713 3373 1770; x_wconf 84' lang='lat' dir='ltr'><strong><em>Manileste</em></strong></span> <span class='ocrx_word' id='word_1_234' title='bbox 3422 1715 3736 1785; x_wconf 90' lang='lat' dir='ltr'><strong><em>hujusmodi</em></strong></span> 
     </span>
    </p>
   </div>
   <div class='ocr_carea' id='block_1_32' title="bbox 2161 1800 3738 1875">
    <p class='ocr_par' dir='ltr' id='par_1_32' title="bbox 2161 1800 3738 1875">
     <span class='ocr_line' id='line_1_32' title="bbox 2161 1800 3738 1875; baseline 0.004 -21"><span class='ocrx_word' id='word_1_235' title='bbox 2161 1800 2353 1856; x_wconf 81' lang='lat' dir='ltr'><strong><em>delicta</em></strong></span> <span class='ocrx_word' id='word_1_236' title='bbox 2387 1816 2495 1856; x_wconf 92' lang='lat' dir='ltr'><strong><em>non</em></strong></span> <span class='ocrx_word' id='word_1_237' title='bbox 2525 1812 2735 1858; x_wconf 92' lang='lat' dir='ltr'><strong><em>tantum</em></strong></span> <span class='ocrx_word' id='word_1_238' title='bbox 2767 1805 2910 1875; x_wconf 86' lang='lat' dir='ltr'><strong><em>apud</em></strong></span> <span class='ocrx_word' id='word_1_239' title='bbox 2944 1814 3077 1861; x_wconf 90' lang='lat' dir='ltr'><strong><em>tunc</em></strong></span> <span class='ocrx_word' id='word_1_240' title='bbox 3102 1803 3324 1860; x_wconf 88' lang='lat' dir='ltr'><strong><em>Scribas</em></strong></span> <span class='ocrx_word' id='word_1_241' title='bbox 3352 1814 3406 1860; x_wconf 90' lang='lat' dir='ltr'><strong><em>et</em></strong></span> <span class='ocrx_word' id='word_1_242' title='bbox 3430 1804 3738 1862; x_wconf 72' lang='lat' dir='ltr'><strong><em>Pharismos</em></strong></span> 
     </span>
    </p>
   </div>
   <div class='ocr_carea' id='block_1_33' title="bbox 484 1893 3733 1978">
    <p class='ocr_par' dir='ltr' id='par_1_33' title="bbox 484 1893 3733 1978">
     <span class='ocr_line' id='line_1_33' title="bbox 484 1893 3733 1978; baseline 0.003 -34"><span class='ocrx_word' id='word_1_243' title='bbox 484 1917 584 1970; x_wconf 72' lang='lat' dir='ltr'><strong><em>pro</em></strong></span> <span class='ocrx_word' id='word_1_244' title='bbox 621 1901 703 1957; x_wconf 73' lang='lat' dir='ltr'><strong><em>eis</em></strong></span> <span class='ocrx_word' id='word_1_245' title='bbox 749 1902 1003 1958; x_wconf 53' lang='lat' dir='ltr'><strong><em>similiter</em></strong></span> <span class='ocrx_word' id='word_1_246' title='bbox 1047 1905 1354 1975; x_wconf 67' lang='lat' dir='ltr'><strong><em>corporalia</em></strong></span> <span class='ocrx_word' id='word_1_247' title='bbox 1405 1921 1596 1978; x_wconf 68' lang='lat' dir='ltr'><strong><em>azyma</em></strong></span> <span class='ocrx_word' id='word_1_248' title='bbox 1636 1906 1977 1973; x_wconf 64' lang='lat' dir='ltr'><strong><em>inducemcs,</em></strong></span> <span class='ocrx_word' id='word_1_249' title='bbox 2004 1916 2059 1962; x_wconf 73' lang='grc' dir='ltr'><strong><em>ει</em></strong></span> <span class='ocrx_word' id='word_1_250' title='bbox 2092 1896 2134 1951; x_wconf 85' lang='grc' dir='ltr'><strong><em>Β</em></strong></span> <span class='ocrx_word' id='word_1_251' title='bbox 2164 1893 2313 1949; x_wconf 91' lang='lat' dir='ltr'><strong><em>solos</em></strong></span> <span class='ocrx_word' id='word_1_252' title='bbox 2347 1893 2785 1960; x_wconf 82' lang='lat' dir='ltr'><strong><em>inveniebantur,</em></strong></span> <span class='ocrx_word' id='word_1_253' title='bbox 2835 1897 2917 1951; x_wconf 88' lang='lat' dir='ltr'><strong><em>vel</em></strong></span> <span class='ocrx_word' id='word_1_254' title='bbox 2961 1896 3315 1951; x_wconf 79' lang='lat' dir='ltr'><strong><em>inveniuntur</em></strong></span> <span class='ocrx_word' id='word_1_255' title='bbox 3345 1897 3489 1967; x_wconf 86' lang='lat' dir='ltr'><strong><em>apud</em></strong></span> <span class='ocrx_word' id='word_1_256' title='bbox 3535 1898 3684 1968; x_wconf 89' lang='lat' dir='ltr'><strong><em>ipsos</em></strong></span> <span class='ocrx_word' id='word_1_257' title='bbox 3716 1917 3733 1953; x_wconf 92' lang='lat'><strong>:</strong></span> 
     </span>
    </p>
   </div>
   <div class='ocr_carea' id='block_1_34' title="bbox 484 1991 2058 2068">
    <p class='ocr_par' dir='ltr' id='par_1_34' title="bbox 484 1991 2058 2068">
     <span class='ocr_line' id='line_1_34' title="bbox 484 1991 2058 2068; baseline 0.004 -21"><span class='ocrx_word' id='word_1_258' title='bbox 484 1991 783 2049; x_wconf 82' lang='lat' dir='ltr'><strong><em>Jerusalem</em></strong></span> <span class='ocrx_word' id='word_1_259' title='bbox 828 1993 1098 2050; x_wconf 85' lang='lat' dir='ltr'><strong><em>visibilem</em></strong></span> <span class='ocrx_word' id='word_1_260' title='bbox 1138 1996 1454 2053; x_wconf 86' lang='lat' dir='ltr'><strong><em>hominibus</em></strong></span> <span class='ocrx_word' id='word_1_261' title='bbox 1481 1998 1843 2068; x_wconf 88' lang='lat' dir='ltr'><strong><em>requirentes,</em></strong></span> <span class='ocrx_word' id='word_1_262' title='bbox 1887 2006 1943 2054; x_wconf 87' lang='lat' dir='ltr'><strong><em>et</em></strong></span> <span class='ocrx_word' id='word_1_263' title='bbox 1980 2000 2058 2054; x_wconf 88' lang='lat' dir='ltr'><strong><em>si-</em></strong></span> 
     </span>
    </p>
   </div>
   <div class='ocr_carea' id='block_1_35' title="bbox 488 2075 2058 2159">
    <p class='ocr_par' dir='ltr' id='par_1_35' title="bbox 488 2075 2058 2159">
     <span class='ocr_line' id='line_1_35' title="bbox 488 2075 2058 2159; baseline 0.005 -23"><span class='ocrx_word' id='word_1_264' title='bbox 488 2084 633 2137; x_wconf 89' lang='lat' dir='ltr'><strong><em>milia</em></strong></span> <span class='ocrx_word' id='word_1_265' title='bbox 671 2075 759 2138; x_wconf 86' lang='lat' dir='ltr'><strong><em>his</em></strong></span> <span class='ocrx_word' id='word_1_266' title='bbox 786 2092 1010 2154; x_wconf 80' lang='lat' dir='ltr'><strong><em>agentes</em></strong></span> <span class='ocrx_word' id='word_1_267' title='bbox 1037 2085 1312 2140; x_wconf 82' lang='lat' dir='ltr'><strong><em>universa.</em></strong></span> <span class='ocrx_word' id='word_1_268' title='bbox 1344 2085 1632 2156; x_wconf 85' lang='lat' dir='ltr'><strong><em>Aspiciunt</em></strong></span> <span class='ocrx_word' id='word_1_269' title='bbox 1659 2087 1805 2143; x_wconf 85' lang='lat' dir='ltr'><strong><em>enim</em></strong></span> <span class='ocrx_word' id='word_1_270' title='bbox 1843 2103 1907 2143; x_wconf 90' lang='lat' dir='ltr'><strong><em>ea</em></strong></span> <span class='ocrx_word' id='word_1_271' title='bbox 1935 2104 2058 2159; x_wconf 74' lang='lat' dir='ltr'><strong><em>qua:</em></strong></span> 
     </span>
    </p>
   </div>
   <div class='ocr_carea' id='block_1_36' title="bbox 484 2174 2055 2249">
    <p class='ocr_par' dir='ltr' id='par_1_36' title="bbox 484 2174 2055 2249">
     <span class='ocr_line' id='line_1_36' title="bbox 484 2174 2055 2249; baseline 0.004 -23"><span class='ocrx_word' id='word_1_272' title='bbox 484 2174 736 2230; x_wconf 85' lang='lat' dir='ltr'><strong><em>videntur</em></strong></span> <span class='ocrx_word' id='word_1_273' title='bbox 755 2183 810 2228; x_wconf 88' lang='lat' dir='ltr'><strong><em>et</em></strong></span> <span class='ocrx_word' id='word_1_274' title='bbox 842 2175 1161 2245; x_wconf 89' lang='lat' dir='ltr'><strong><em>temporalia</em></strong></span> <span class='ocrx_word' id='word_1_275' title='bbox 1187 2184 1334 2243; x_wconf 89' lang='lat' dir='ltr'><strong><em>sunt,</em></strong></span> <span class='ocrx_word' id='word_1_276' title='bbox 1362 2185 1418 2232; x_wconf 90' lang='lat' dir='ltr'><strong><em>et</em></strong></span> <span class='ocrx_word' id='word_1_277' title='bbox 1449 2177 1826 2249; x_wconf 85' lang='lat' dir='ltr'><strong><em>eleemosynas</em></strong></span> <span class='ocrx_word' id='word_1_278' title='bbox 1849 2177 2055 2233; x_wconf 85' lang='lat' dir='ltr'><strong><em>facien-</em></strong></span> 
     </span>
    </p>
   </div>
   <div class='ocr_carea' id='block_1_37' title="bbox 485 2265 2057 2339">
    <p class='ocr_par' dir='ltr' id='par_1_37' title="bbox 485 2265 2057 2339">
     <span class='ocr_line' id='line_1_37' title="bbox 485 2265 2057 2339; baseline 0.004 -21"><span class='ocrx_word' id='word_1_279' title='bbox 485 2275 566 2320; x_wconf 85' lang='lat' dir='ltr'><strong><em>tes</em></strong></span> <span class='ocrx_word' id='word_1_280' title='bbox 593 2275 653 2320; x_wconf 91' lang='lat' dir='ltr'><strong><em>ut</em></strong></span> <span class='ocrx_word' id='word_1_281' title='bbox 679 2265 750 2320; x_wconf 91' lang='lat' dir='ltr'><strong><em>ab</em></strong></span> <span class='ocrx_word' id='word_1_282' title='bbox 784 2266 1098 2322; x_wconf 89' lang='lat' dir='ltr'><strong><em>hominibus</em></strong></span> <span class='ocrx_word' id='word_1_283' title='bbox 1128 2265 1519 2335; x_wconf 83' lang='lat' dir='ltr'><strong><em>glorilicentur,</em></strong></span> <span class='ocrx_word' id='word_1_284' title='bbox 1546 2277 1601 2323; x_wconf 91' lang='lat' dir='ltr'><strong><em>et</em></strong></span> <span class='ocrx_word' id='word_1_285' title='bbox 1628 2277 1835 2325; x_wconf 90' lang='lat' dir='ltr'><strong><em>stantes</em></strong></span> <span class='ocrx_word' id='word_1_286' title='bbox 1859 2269 1912 2325; x_wconf 90' lang='lat' dir='ltr'><strong><em>in</em></strong></span> <span class='ocrx_word' id='word_1_287' title='bbox 1939 2270 2057 2339; x_wconf 89' lang='lat' dir='ltr'><strong><em>pla-</em></strong></span> 
     </span>
    </p>
   </div>
   <div class='ocr_carea' id='block_1_38' title="bbox 484 2359 2055 2431">
    <p class='ocr_par' dir='ltr' id='par_1_38' title="bbox 484 2359 2055 2431">
     <span class='ocr_line' id='line_1_38' title="bbox 484 2359 2055 2431; baseline 0.003 -18"><span class='ocrx_word' id='word_1_288' title='bbox 484 2359 585 2414; x_wconf 88' lang='lat' dir='ltr'><strong><em>teis</em></strong></span> <span class='ocrx_word' id='word_1_289' title='bbox 615 2367 776 2413; x_wconf 89' lang='lat' dir='ltr'><strong><em>orant</em></strong></span> <span class='ocrx_word' id='word_1_290' title='bbox 814 2367 873 2414; x_wconf 92' lang='lat' dir='ltr'><strong><em>ut</em></strong></span> <span class='ocrx_word' id='word_1_291' title='bbox 916 2359 1201 2414; x_wconf 73' lang='lat' dir='ltr'><strong><em>videantur</em></strong></span> <span class='ocrx_word' id='word_1_292' title='bbox 1243 2374 1365 2415; x_wconf 89' lang='lat' dir='ltr'><strong><em>esse</em></strong></span> <span class='ocrx_word' id='word_1_293' title='bbox 1408 2360 1671 2431; x_wconf 82' lang='lat' dir='ltr'><strong><em>religiosi.</em></strong></span> <span class='ocrx_word' id='word_1_294' title='bbox 1712 2361 1915 2416; x_wconf 84' lang='lat' dir='ltr'><strong><em>Christi</em></strong></span> <span class='ocrx_word' id='word_1_295' title='bbox 1955 2378 2055 2417; x_wconf 85' lang='lat' dir='ltr'><strong><em>au-</em></strong></span> 
     </span>
    </p>
   </div>
   <div class='ocr_carea' id='block_1_39' title="bbox 483 2449 2054 2522">
    <p class='ocr_par' dir='ltr' id='par_1_39' title="bbox 483 2449 2054 2522">
     <span class='ocr_line' id='line_1_39' title="bbox 483 2449 2054 2522; baseline 0.001 -17"><span class='ocrx_word' id='word_1_296' title='bbox 483 2463 589 2505; x_wconf 88' lang='lat' dir='ltr'><strong><em>tem</em></strong></span> <span class='ocrx_word' id='word_1_297' title='bbox 630 2450 741 2505; x_wconf 91' lang='lat' dir='ltr'><strong><em>veri</em></strong></span> <span class='ocrx_word' id='word_1_298' title='bbox 770 2449 1045 2520; x_wconf 83' lang='lat' dir='ltr'><strong><em>discipuli,</em></strong></span> <span class='ocrx_word' id='word_1_299' title='bbox 1073 2451 1166 2519; x_wconf 86' lang='lat' dir='ltr'><strong><em>qui</em></strong></span> <span class='ocrx_word' id='word_1_300' title='bbox 1197 2450 1471 2520; x_wconf 89' lang='lat' dir='ltr'><strong><em>aspiciunt</em></strong></span> <span class='ocrx_word' id='word_1_301' title='bbox 1492 2468 1616 2522; x_wconf 74' lang='lat' dir='ltr'><strong><em>qua:</em></strong></span> <span class='ocrx_word' id='word_1_302' title='bbox 1645 2468 1753 2507; x_wconf 88' lang='lat' dir='ltr'><strong><em>non</em></strong></span> <span class='ocrx_word' id='word_1_303' title='bbox 1800 2453 2054 2508; x_wconf 87' lang='lat' dir='ltr'><strong><em>videntur</em></strong></span> 
     </span>
    </p>
   </div>
   <div class='ocr_carea' id='block_1_40' title="bbox 477 2544 2049 2614">
    <p class='ocr_par' dir='ltr' id='par_1_40' title="bbox 477 2544 2049 2614">
     <span class='ocr_line' id='line_1_40' title="bbox 477 2544 2049 2614; baseline 0.001 -16"><span class='ocrx_word' id='word_1_304' title='bbox 477 2552 531 2598; x_wconf 90' lang='lat' dir='ltr'><strong><em>et</em></strong></span> <span class='ocrx_word' id='word_1_305' title='bbox 555 2551 686 2597; x_wconf 91' lang='lat' dir='ltr'><strong><em>sunt</em></strong></span> <span class='ocrx_word' id='word_1_306' title='bbox 706 2552 931 2610; x_wconf 72' lang='lat' dir='ltr'><strong><em>aeterna,</em></strong></span> <span class='ocrx_word' id='word_1_307' title='bbox 958 2552 1116 2597; x_wconf 91' lang='lat' dir='ltr'><strong><em>orant</em></strong></span> <span class='ocrx_word' id='word_1_308' title='bbox 1157 2544 1212 2598; x_wconf 90' lang='lat' dir='ltr'><strong><em>in</em></strong></span> <span class='ocrx_word' id='word_1_309' title='bbox 1248 2545 1465 2600; x_wconf 90' lang='lat' dir='ltr'><strong><em>occulto</em></strong></span> <span class='ocrx_word' id='word_1_310' title='bbox 1506 2545 1885 2614; x_wconf 88' lang='lat' dir='ltr'><strong><em>promptuario</em></strong></span> <span class='ocrx_word' id='word_1_311' title='bbox 1926 2560 2049 2613; x_wconf 88' lang='lat' dir='ltr'><strong><em>suo,</em></strong></span> 
     </span>
    </p>
   </div>
   <div class='ocr_carea' id='block_1_41' title="bbox 477 2635 2051 2708">
    <p class='ocr_par' dir='ltr' id='par_1_41' title="bbox 477 2635 2051 2708">
     <span class='ocr_line' id='line_1_41' title="bbox 477 2635 2051 2708; baseline 0.001 -17"><span class='ocrx_word' id='word_1_312' title='bbox 477 2645 532 2691; x_wconf 88' lang='lat' dir='ltr'><strong><em>et</em></strong></span> <span class='ocrx_word' id='word_1_313' title='bbox 558 2637 938 2707; x_wconf 80' lang='lat' dir='ltr'><strong><em>eleemosynas</em></strong></span> <span class='ocrx_word' id='word_1_314' title='bbox 972 2637 1025 2689; x_wconf 92' lang='lat' dir='ltr'><strong><em>in</em></strong></span> <span class='ocrx_word' id='word_1_315' title='bbox 1063 2636 1279 2693; x_wconf 88' lang='lat' dir='ltr'><strong><em>occulto</em></strong></span> <span class='ocrx_word' id='word_1_316' title='bbox 1315 2635 1546 2703; x_wconf 83' lang='lat' dir='ltr'><strong><em>faciunt,</em></strong></span> <span class='ocrx_word' id='word_1_317' title='bbox 1573 2650 1628 2692; x_wconf 93' lang='lat' dir='ltr'><strong><em>et</em></strong></span> <span class='ocrx_word' id='word_1_318' title='bbox 1667 2639 1835 2708; x_wconf 82' lang='lat' dir='ltr'><strong><em>legem</em></strong></span> <span class='ocrx_word' id='word_1_319' title='bbox 1870 2638 1922 2691; x_wconf 91' lang='lat' dir='ltr'><strong><em>in</em></strong></span> <span class='ocrx_word' id='word_1_320' title='bbox 1959 2652 2051 2693; x_wconf 83' lang='lat' dir='ltr'><strong><em>oc-</em></strong></span> 
     </span>
    </p>
   </div>
   <div class='ocr_carea' id='block_1_42' title="bbox 479 2727 2049 2798">
    <p class='ocr_par' dir='ltr' id='par_1_42' title="bbox 479 2727 2049 2798">
     <span class='ocr_line' id='line_1_42' title="bbox 479 2727 2049 2798; baseline 0.003 -17"><span class='ocrx_word' id='word_1_321' title='bbox 479 2727 641 2782; x_wconf 89' lang='lat' dir='ltr'><strong><em>cultis</em></strong></span> <span class='ocrx_word' id='word_1_322' title='bbox 672 2727 915 2797; x_wconf 85' lang='lat' dir='ltr'><strong><em>implent,</em></strong></span> <span class='ocrx_word' id='word_1_323' title='bbox 959 2728 1116 2798; x_wconf 86' lang='lat' dir='ltr'><strong><em>quasi</em></strong></span> <span class='ocrx_word' id='word_1_324' title='bbox 1150 2728 1206 2782; x_wconf 89' lang='lat' dir='ltr'><strong><em>in</em></strong></span> <span class='ocrx_word' id='word_1_325' title='bbox 1249 2729 1467 2784; x_wconf 89' lang='lat' dir='ltr'><strong><em>occulto</em></strong></span> <span class='ocrx_word' id='word_1_326' title='bbox 1513 2729 1796 2785; x_wconf 86' lang='lat' dir='ltr'><strong><em>constituti</em></strong></span> <span class='ocrx_word' id='word_1_327' title='bbox 1845 2728 2049 2795; x_wconf 63' lang='lat' dir='ltr'><strong><em>Judaei,</em></strong></span> 
     </span>
    </p>
   </div>
   <div class='ocr_carea' id='block_1_43' title="bbox 477 2817 2050 2892">
    <p class='ocr_par' dir='ltr' id='par_1_43' title="bbox 477 2817 2050 2892">
     <span class='ocr_line' id='line_1_43' title="bbox 477 2817 2050 2892; baseline 0.002 -19"><span class='ocrx_word' id='word_1_328' title='bbox 477 2817 779 2873; x_wconf 84' lang='lat' dir='ltr'><strong><em>secundum</em></strong></span> <span class='ocrx_word' id='word_1_329' title='bbox 827 2819 975 2888; x_wconf 90' lang='lat' dir='ltr'><strong><em>quod</em></strong></span> <span class='ocrx_word' id='word_1_330' title='bbox 1018 2819 1095 2873; x_wconf 89' lang='lat' dir='ltr'><strong><em>ait</em></strong></span> <span class='ocrx_word' id='word_1_331' title='bbox 1131 2817 1336 2874; x_wconf 85' lang='lat' dir='ltr'><strong><em>Paulus</em></strong></span> <span class='ocrx_word' id='word_1_332' title='bbox 1374 2820 1421 2852; x_wconf 82' lang='lat'>”</span> <span class='ocrx_word' id='word_1_333' title='bbox 1459 2838 1473 2874; x_wconf 91' lang='lat'><strong>:</strong></span> <span class='ocrx_word' id='word_1_334' title='bbox 1526 2818 1650 2875; x_wconf 88' lang='lat' dir='ltr'><strong><em>Non</em></strong></span> <span class='ocrx_word' id='word_1_335' title='bbox 1695 2821 1835 2875; x_wconf 78' lang='lat' dir='ltr'><strong><em>enim</em></strong></span> <span class='ocrx_word' id='word_1_336' title='bbox 1869 2822 1960 2892; x_wconf 83' lang='lat' dir='ltr'><strong><em>qui</em></strong></span> <span class='ocrx_word' id='word_1_337' title='bbox 1994 2821 2050 2876; x_wconf 85' lang='lat' dir='ltr'><strong><em>in</em></strong></span> 
     </span>
    </p>
   </div>
   <div class='ocr_carea' id='block_1_44' title="bbox 475 2908 2051 2982">
    <p class='ocr_par' dir='ltr' id='par_1_44' title="bbox 475 2908 2051 2982">
     <span class='ocr_line' id='line_1_44' title="bbox 475 2908 2051 2982; baseline 0.003 -20"><span class='ocrx_word' id='word_1_338' title='bbox 475 2910 759 2980; x_wconf 78' lang='lat' dir='ltr'><strong><em>manifesto</em></strong></span> <span class='ocrx_word' id='word_1_339' title='bbox 814 2908 1074 2975; x_wconf 79' lang='lat' dir='ltr'><strong><em>Judteus,</em></strong></span> <span class='ocrx_word' id='word_1_340' title='bbox 1147 2927 1306 2982; x_wconf 78' lang='lat' dir='ltr'><strong><em>neque</em></strong></span> <span class='ocrx_word' id='word_1_341' title='bbox 1363 2927 1481 2982; x_wconf 70' lang='lat' dir='ltr'><strong><em>quae</em></strong></span> <span class='ocrx_word' id='word_1_342' title='bbox 1544 2912 1730 2979; x_wconf 75' lang='lat' dir='ltr'><strong><em>palam</em></strong></span> <span class='ocrx_word' id='word_1_343' title='bbox 1781 2912 1839 2966; x_wconf 87' lang='lat' dir='ltr'><strong><em>in</em></strong></span> <span class='ocrx_word' id='word_1_344' title='bbox 1892 2928 2051 2968; x_wconf 83' lang='lat' dir='ltr'><strong><em>carne</em></strong></span> 
     </span>
    </p>
   </div>
   <div class='ocr_carea' id='block_1_45' title="bbox 471 3000 2048 3071">
    <p class='ocr_par' dir='ltr' id='par_1_45' title="bbox 471 3000 2048 3071">
     <span class='ocr_line' id='line_1_45' title="bbox 471 3000 2048 3071; baseline 0.003 -18"><span class='ocrx_word' id='word_1_345' title='bbox 471 3000 832 3066; x_wconf 80' lang='lat' dir='ltr'><strong><em>circumcisio,</em></strong></span> <span class='ocrx_word' id='word_1_346' title='bbox 880 3001 973 3054; x_wconf 77' lang='lat' dir='ltr'><strong><em>sed</em></strong></span> <span class='ocrx_word' id='word_1_347' title='bbox 1012 3001 1106 3071; x_wconf 70' lang='lat' dir='ltr'><strong><em>qui</em></strong></span> <span class='ocrx_word' id='word_1_348' title='bbox 1136 3000 1190 3054; x_wconf 84' lang='lat' dir='ltr'><strong><em>in</em></strong></span> <span class='ocrx_word' id='word_1_349' title='bbox 1230 3001 1437 3056; x_wconf 86' lang='lat' dir='ltr'><strong><em>occulto</em></strong></span> <span class='ocrx_word' id='word_1_350' title='bbox 1465 3000 1686 3059; x_wconf 73' lang='lat' dir='ltr'><strong><em>Judwus</em></strong></span> <span class='ocrx_word' id='word_1_351' title='bbox 1722 3014 1824 3067; x_wconf 75' lang='lat' dir='ltr'><strong><em>est,</em></strong></span> <span class='ocrx_word' id='word_1_352' title='bbox 1865 3012 1914 3056; x_wconf 89' lang='lat' dir='ltr'><strong><em>et</em></strong></span> <span class='ocrx_word' id='word_1_353' title='bbox 1938 3004 2048 3058; x_wconf 86' lang='lat' dir='ltr'><strong><em>cir-</em></strong></span> 
     </span>
    </p>
   </div>
   <div class='ocr_carea' id='block_1_46' title="bbox 472 3090 2046 3160">
    <p class='ocr_par' dir='ltr' id='par_1_46' title="bbox 472 3090 2046 3160">
     <span class='ocr_line' id='line_1_46' title="bbox 472 3090 2046 3160; baseline 0.004 -17"><span class='ocrx_word' id='word_1_354' title='bbox 472 3090 727 3144; x_wconf 74' lang='lat' dir='ltr'><strong><em>cumcisio</em></strong></span> <span class='ocrx_word' id='word_1_355' title='bbox 769 3090 945 3145; x_wconf 83' lang='lat' dir='ltr'><strong><em>cordis</em></strong></span> <span class='ocrx_word' id='word_1_356' title='bbox 990 3093 1045 3144; x_wconf 86' lang='lat' dir='ltr'><strong><em>in</em></strong></span> <span class='ocrx_word' id='word_1_357' title='bbox 1088 3092 1303 3160; x_wconf 73' lang='lat' dir='ltr'><strong><em>spiritu,</em></strong></span> <span class='ocrx_word' id='word_1_358' title='bbox 1350 3107 1454 3146; x_wconf 82' lang='lat' dir='ltr'><strong><em>non</em></strong></span> <span class='ocrx_word' id='word_1_359' title='bbox 1491 3092 1548 3147; x_wconf 80' lang='lat' dir='ltr'><strong><em>in</em></strong></span> <span class='ocrx_word' id='word_1_360' title='bbox 1595 3093 1797 3148; x_wconf 85' lang='lat' dir='ltr'><strong><em>littera.</em></strong></span> <span class='ocrx_word' id='word_1_361' title='bbox 1848 3090 1908 3148; x_wconf 80' lang='lat' dir='ltr'><strong><em>In</em></strong></span> <span class='ocrx_word' id='word_1_362' title='bbox 1949 3109 2046 3149; x_wconf 89' lang='lat' dir='ltr'><strong><em>oc-</em></strong></span> 
     </span>
    </p>
   </div>
   <div class='ocr_carea' id='block_1_47' title="bbox 471 3180 2047 3255">
    <p class='ocr_par' dir='ltr' id='par_1_47' title="bbox 471 3180 2047 3255">
     <span class='ocr_line' id='line_1_47' title="bbox 471 3180 2047 3255; baseline 0.005 -21"><span class='ocrx_word' id='word_1_363' title='bbox 471 3180 635 3235; x_wconf 74' lang='lat' dir='ltr'><strong><em>cultis</em></strong></span> <span class='ocrx_word' id='word_1_364' title='bbox 681 3181 826 3236; x_wconf 89' lang='lat' dir='ltr'><strong><em>enim</em></strong></span> <span class='ocrx_word' id='word_1_365' title='bbox 882 3192 936 3235; x_wconf 91' lang='lat' dir='ltr'><strong><em>et</em></strong></span> <span class='ocrx_word' id='word_1_366' title='bbox 975 3180 1027 3237; x_wconf 86' lang='lat' dir='ltr'><strong><em>in</em></strong></span> <span class='ocrx_word' id='word_1_367' title='bbox 1080 3183 1290 3255; x_wconf 80' lang='lat' dir='ltr'><strong><em>azymis</em></strong></span> <span class='ocrx_word' id='word_1_368' title='bbox 1333 3183 1703 3241; x_wconf 82' lang='lat' dir='ltr'><strong><em>invisibilibus</em></strong></span> <span class='ocrx_word' id='word_1_369' title='bbox 1755 3185 2047 3255; x_wconf 86' lang='lat' dir='ltr'><strong><em>epulantur</em></strong></span> 
     </span>
    </p>
   </div>
   <div class='ocr_carea' id='block_1_48' title="bbox 2159 1985 3732 2046">
    <p class='ocr_par' dir='ltr' id='par_1_48' title="bbox 2159 1985 3732 2046">
     <span class='ocr_line' id='line_1_48' title="bbox 2159 1985 3732 2046; baseline 0.003 -6"><span class='ocrx_word' id='word_1_370' title='bbox 2159 1985 2253 2040; x_wconf 85' lang='lat' dir='ltr'><strong><em>sed</em></strong></span> <span class='ocrx_word' id='word_1_371' title='bbox 2281 1986 2446 2040; x_wconf 89' lang='lat' dir='ltr'><strong><em>etiam</em></strong></span> <span class='ocrx_word' id='word_1_372' title='bbox 2480 1986 2535 2039; x_wconf 92' lang='lat' dir='ltr'><strong><em>in</em></strong></span> <span class='ocrx_word' id='word_1_373' title='bbox 2583 1985 2825 2043; x_wconf 86' lang='lat' dir='ltr'><strong><em>Ecclesia</em></strong></span> <span class='ocrx_word' id='word_1_374' title='bbox 2871 1987 3076 2045; x_wconf 88' lang='lat' dir='ltr'><strong><em>Christi</em></strong></span> <span class='ocrx_word' id='word_1_375' title='bbox 3111 1988 3465 2043; x_wconf 89' lang='lat' dir='ltr'><strong><em>inveniuntur</em></strong></span> <span class='ocrx_word' id='word_1_376' title='bbox 3496 2005 3607 2045; x_wconf 91' lang='lat' dir='ltr'><strong><em>non</em></strong></span> <span class='ocrx_word' id='word_1_377' title='bbox 3641 2006 3732 2046; x_wconf 87' lang='lat' dir='ltr'><strong><em>so-</em></strong></span> 
     </span>
    </p>
   </div>
   <div class='ocr_carea' id='block_1_49' title="bbox 2158 2066 3727 2150">
    <p class='ocr_par' dir='ltr' id='par_1_49' title="bbox 2158 2066 3727 2150">
     <span class='ocr_line' id='line_1_49' title="bbox 2158 2066 3727 2150; baseline 0.005 -22"><span class='ocrx_word' id='word_1_378' title='bbox 2158 2076 2268 2130; x_wconf 91' lang='lat' dir='ltr'><strong><em>lum</em></strong></span> <span class='ocrx_word' id='word_1_379' title='bbox 2294 2066 2564 2145; x_wconf 82' lang='lat' dir='ltr'><strong><em>convivia,</em></strong></span> <span class='ocrx_word' id='word_1_380' title='bbox 2585 2087 2641 2133; x_wconf 90' lang='lat' dir='ltr'><strong><em>et</em></strong></span> <span class='ocrx_word' id='word_1_381' title='bbox 2664 2076 2982 2133; x_wconf 78' lang='lat' dir='ltr'><strong><em>facientium</em></strong></span> <span class='ocrx_word' id='word_1_382' title='bbox 3007 2094 3072 2134; x_wconf 84' lang='lat' dir='ltr'><strong><em>ea</em></strong></span> <span class='ocrx_word' id='word_1_383' title='bbox 3096 2093 3316 2134; x_wconf 90' lang='lat' dir='ltr'><strong><em>mensas</em></strong></span> <span class='ocrx_word' id='word_1_384' title='bbox 3343 2081 3727 2150; x_wconf 83' lang='lat' dir='ltr'><strong><em>suscipientes,</em></strong></span> 
     </span>
    </p>
   </div>
   <div class='ocr_carea' id='block_1_50' title="bbox 2157 2166 3734 2240">
    <p class='ocr_par' dir='ltr' id='par_1_50' title="bbox 2157 2166 3734 2240">
     <span class='ocr_line' id='line_1_50' title="bbox 2157 2166 3734 2240; baseline 0.004 -18"><span class='ocrx_word' id='word_1_385' title='bbox 2157 2166 2251 2223; x_wconf 90' lang='lat' dir='ltr'><strong><em>sed</em></strong></span> <span class='ocrx_word' id='word_1_386' title='bbox 2300 2169 2463 2223; x_wconf 88' lang='lat' dir='ltr'><strong><em>etiam</em></strong></span> <span class='ocrx_word' id='word_1_387' title='bbox 2523 2170 2809 2227; x_wconf 86' lang='lat' dir='ltr'><strong><em>cathedras</em></strong></span> <span class='ocrx_word' id='word_1_388' title='bbox 2857 2170 3064 2240; x_wconf 89' lang='lat' dir='ltr'><strong><em>primas</em></strong></span> <span class='ocrx_word' id='word_1_389' title='bbox 3103 2169 3159 2223; x_wconf 92' lang='lat' dir='ltr'><strong><em>in</em></strong></span> <span class='ocrx_word' id='word_1_390' title='bbox 3210 2170 3293 2225; x_wconf 90' lang='lat' dir='ltr'><strong><em>eis</em></strong></span> <span class='ocrx_word' id='word_1_391' title='bbox 3348 2179 3621 2238; x_wconf 82' lang='lat' dir='ltr'><strong><em>amantes,</em></strong></span> <span class='ocrx_word' id='word_1_392' title='bbox 3676 2181 3734 2228; x_wconf 85' lang='lat' dir='ltr'><strong><em>et</em></strong></span> 
     </span>
    </p>
   </div>
   <div class='ocr_carea' id='block_1_51' title="bbox 2157 2257 3730 2332">
    <p class='ocr_par' dir='ltr' id='par_1_51' title="bbox 2157 2257 3730 2332">
     <span class='ocr_line' id='line_1_51' title="bbox 2157 2257 3730 2332; baseline 0.006 -21"><span class='ocrx_word' id='word_1_393' title='bbox 2157 2258 2326 2313; x_wconf 88' lang='lat' dir='ltr'><strong><em>multa</em></strong></span> <span class='ocrx_word' id='word_1_394' title='bbox 2365 2257 2628 2318; x_wconf 78' lang='lat' dir='ltr'><strong><em>facientes</em></strong></span> <span class='ocrx_word' id='word_1_395' title='bbox 2674 2278 2690 2316; x_wconf 85' lang='lat'><strong>:</strong></span> <span class='ocrx_word' id='word_1_396' title='bbox 2720 2262 2959 2331; x_wconf 86' lang='lat' dir='ltr'><strong><em>primum</em></strong></span> <span class='ocrx_word' id='word_1_397' title='bbox 2994 2261 3216 2332; x_wconf 86' lang='lat' dir='ltr'><strong><em>quidem</em></strong></span> <span class='ocrx_word' id='word_1_398' title='bbox 3249 2271 3311 2318; x_wconf 91' lang='lat' dir='ltr'><strong><em>ut</em></strong></span> <span class='ocrx_word' id='word_1_399' title='bbox 3342 2263 3563 2320; x_wconf 88' lang='lat' dir='ltr'><strong><em>diaconi</em></strong></span> <span class='ocrx_word' id='word_1_400' title='bbox 3593 2264 3730 2320; x_wconf 80' lang='lat' dir='ltr'><strong><em>ﬁant</em></strong></span> 
     </span>
    </p>
   </div>
   <div class='ocr_carea' id='block_1_52' title="bbox 2155 2349 3728 2426">
    <p class='ocr_par' dir='ltr' id='par_1_52' title="bbox 2155 2349 3728 2426">
     <span class='ocr_line' id='line_1_52' title="bbox 2155 2349 3728 2426; baseline 0.005 -23"><span class='ocrx_word' id='word_1_401' title='bbox 2155 2365 2263 2405; x_wconf 91' lang='lat' dir='ltr'><strong><em>non</em></strong></span> <span class='ocrx_word' id='word_1_402' title='bbox 2295 2351 2434 2406; x_wconf 81' lang='lat' dir='ltr'><strong><em>tales</em></strong></span> <span class='ocrx_word' id='word_1_403' title='bbox 2457 2350 2647 2420; x_wconf 90' lang='lat' dir='ltr'><strong><em>quales</em></strong></span> <span class='ocrx_word' id='word_1_404' title='bbox 2675 2351 2807 2407; x_wconf 88' lang='lat' dir='ltr'><strong><em>dicit</em></strong></span> <span class='ocrx_word' id='word_1_405' title='bbox 2850 2349 3134 2422; x_wconf 85' lang='lat' dir='ltr'><strong><em>Scriptura</em></strong></span> <span class='ocrx_word' id='word_1_406' title='bbox 3164 2355 3234 2419; x_wconf 80' lang='lat'><strong><em>&quot;,</em></strong></span> <span class='ocrx_word' id='word_1_407' title='bbox 3260 2354 3355 2410; x_wconf 84' lang='lat' dir='ltr'><strong><em>sed</em></strong></span> <span class='ocrx_word' id='word_1_408' title='bbox 3382 2355 3570 2426; x_wconf 85' lang='lat' dir='ltr'><strong><em>quales</em></strong></span> <span class='ocrx_word' id='word_1_409' title='bbox 3597 2365 3728 2412; x_wconf 85' lang='lat' dir='ltr'><strong><em>sunt</em></strong></span> 
     </span>
    </p>
   </div>
   <div class='ocr_carea' id='block_1_53' title="bbox 2153 2442 3725 2518">
    <p class='ocr_par' dir='ltr' id='par_1_53' title="bbox 2153 2442 3725 2518">
     <span class='ocr_line' id='line_1_53' title="bbox 2153 2442 3725 2518; baseline 0.004 -22"><span class='ocrx_word' id='word_1_410' title='bbox 2153 2442 2247 2510; x_wconf 88' lang='lat' dir='ltr'><strong><em>qui</em></strong></span> <span class='ocrx_word' id='word_1_411' title='bbox 2293 2449 2585 2499; x_wconf 86' lang='lat' dir='ltr'><strong><em>comedunt</em></strong></span> <span class='ocrx_word' id='word_1_412' title='bbox 2636 2442 2926 2498; x_wconf 87' lang='lat' dir='ltr'><strong><em>viduarum</em></strong></span> <span class='ocrx_word' id='word_1_413' title='bbox 2967 2444 3197 2511; x_wconf 89' lang='lat' dir='ltr'><strong><em>domos,</em></strong></span> <span class='ocrx_word' id='word_1_414' title='bbox 3237 2446 3528 2502; x_wconf 84' lang='lat' dir='ltr'><strong><em>occasione</em></strong></span> <span class='ocrx_word' id='word_1_415' title='bbox 3559 2445 3725 2518; x_wconf 88' lang='lat' dir='ltr'><strong><em>longa</em></strong></span> 
     </span>
    </p>
   </div>
   <div class='ocr_carea' id='block_1_54' title="bbox 2153 2532 3728 2607">
    <p class='ocr_par' dir='ltr' id='par_1_54' title="bbox 2153 2532 3728 2607">
     <span class='ocr_line' id='line_1_54' title="bbox 2153 2532 3728 2607; baseline 0.003 -21"><span class='ocrx_word' id='word_1_416' title='bbox 2153 2540 2374 2587; x_wconf 88' lang='lat' dir='ltr'><strong><em>orantes</em></strong></span> <span class='ocrx_word' id='word_1_417' title='bbox 2406 2550 2420 2585; x_wconf 75' lang='grc' dir='ltr'>ε</span> <span class='ocrx_word' id='word_1_418' title='bbox 2446 2540 2500 2586; x_wconf 90' lang='lat' dir='ltr'><strong><em>et</em></strong></span> <span class='ocrx_word' id='word_1_419' title='bbox 2527 2540 2817 2602; x_wconf 86' lang='lat' dir='ltr'><strong><em>propterea</em></strong></span> <span class='ocrx_word' id='word_1_420' title='bbox 2840 2532 3110 2603; x_wconf 84' lang='lat' dir='ltr'><strong><em>accipient</em></strong></span> <span class='ocrx_word' id='word_1_421' title='bbox 3135 2535 3409 2604; x_wconf 85' lang='lat' dir='ltr'><strong><em>judicium</em></strong></span> <span class='ocrx_word' id='word_1_422' title='bbox 3431 2536 3630 2607; x_wconf 85' lang='lat' dir='ltr'><strong><em>majus.</em></strong></span> <span class='ocrx_word' id='word_1_423' title='bbox 3660 2534 3728 2591; x_wconf 86' lang='lat' dir='ltr'><strong><em>Et</em></strong></span> 
     </span>
    </p>
   </div>
   <div class='ocr_carea' id='block_1_55' title="bbox 2151 2622 3729 2697">
    <p class='ocr_par' dir='ltr' id='par_1_55' title="bbox 2151 2622 3729 2697">
     <span class='ocr_line' id='line_1_55' title="bbox 2151 2622 3729 2697; baseline 0.004 -21"><span class='ocrx_word' id='word_1_424' title='bbox 2151 2623 2246 2692; x_wconf 91' lang='lat' dir='ltr'><strong><em>qui</em></strong></span> <span class='ocrx_word' id='word_1_425' title='bbox 2291 2624 2426 2679; x_wconf 87' lang='lat' dir='ltr'><strong><em>tales</em></strong></span> <span class='ocrx_word' id='word_1_426' title='bbox 2464 2622 2682 2679; x_wconf 90' lang='lat' dir='ltr'><strong><em>diaconi</em></strong></span> <span class='ocrx_word' id='word_1_427' title='bbox 2741 2623 2859 2678; x_wconf 88' lang='lat' dir='ltr'><strong><em>lieri</em></strong></span> <span class='ocrx_word' id='word_1_428' title='bbox 2912 2624 3120 2693; x_wconf 91' lang='lat' dir='ltr'><strong><em>volunt,</em></strong></span> <span class='ocrx_word' id='word_1_429' title='bbox 3155 2636 3560 2697; x_wconf 86' lang='lat' dir='ltr'><strong><em>consequenter</em></strong></span> <span class='ocrx_word' id='word_1_430' title='bbox 3591 2626 3729 2683; x_wconf 82' lang='lat' dir='ltr'><strong><em>visi—</em></strong></span> 
     </span>
    </p>
   </div>
   <div class='ocr_carea' id='block_1_56' title="bbox 2153 2714 3731 2791">
    <p class='ocr_par' dir='ltr' id='par_1_56' title="bbox 2153 2714 3731 2791">
     <span class='ocr_line' id='line_1_56' title="bbox 2153 2714 3731 2791; baseline 0.003 -22"><span class='ocrx_word' id='word_1_431' title='bbox 2153 2714 2288 2770; x_wconf 88' lang='lat' dir='ltr'><strong><em>biles</em></strong></span> <span class='ocrx_word' id='word_1_432' title='bbox 2326 2715 2529 2785; x_wconf 92' lang='lat' dir='ltr'><strong><em>primas</em></strong></span> <span class='ocrx_word' id='word_1_433' title='bbox 2549 2714 2836 2771; x_wconf 83' lang='lat' dir='ltr'><strong><em>cathedras</em></strong></span> <span class='ocrx_word' id='word_1_434' title='bbox 2873 2730 3065 2771; x_wconf 89' lang='lat' dir='ltr'><strong><em>eorum</em></strong></span> <span class='ocrx_word' id='word_1_435' title='bbox 3094 2718 3188 2787; x_wconf 89' lang='lat' dir='ltr'><strong><em>qui</em></strong></span> <span class='ocrx_word' id='word_1_436' title='bbox 3214 2718 3475 2774; x_wconf 89' lang='lat' dir='ltr'><strong><em>dicuntur</em></strong></span> <span class='ocrx_word' id='word_1_437' title='bbox 3501 2718 3731 2791; x_wconf 78' lang='lat' dir='ltr'><strong><em>presby-</em></strong></span> 
     </span>
    </p>
   </div>
   <div class='ocr_carea' id='block_1_57' title="bbox 2150 2806 3731 2878">
    <p class='ocr_par' dir='ltr' id='par_1_57' title="bbox 2150 2806 3731 2878">
     <span class='ocr_line' id='line_1_57' title="bbox 2150 2806 3731 2878; baseline 0.005 -17"><span class='ocrx_word' id='word_1_438' title='bbox 2150 2806 2251 2861; x_wconf 88' lang='lat' dir='ltr'><strong><em>teri</em></strong></span> <span class='ocrx_word' id='word_1_439' title='bbox 2293 2807 2586 2878; x_wconf 72' lang='lat' dir='ltr'><strong><em>prteripere</em></strong></span> <span class='ocrx_word' id='word_1_440' title='bbox 2628 2807 2897 2863; x_wconf 89' lang='lat' dir='ltr'><strong><em>ambiunt.</em></strong></span> <span class='ocrx_word' id='word_1_441' title='bbox 2942 2808 3176 2876; x_wconf 84' lang='lat' dir='ltr'><strong><em>Quidam</em></strong></span> <span class='ocrx_word' id='word_1_442' title='bbox 3211 2821 3418 2877; x_wconf 88' lang='lat' dir='ltr'><strong><em>autem,</em></strong></span> <span class='ocrx_word' id='word_1_443' title='bbox 3455 2827 3557 2868; x_wconf 88' lang='lat' dir='ltr'><strong><em>nec</em></strong></span> <span class='ocrx_word' id='word_1_444' title='bbox 3608 2812 3731 2869; x_wconf 75' lang='lat' dir='ltr'><strong><em>istis</em></strong></span> 
     </span>
    </p>
   </div>
   <div class='ocr_carea' id='block_1_58' title="bbox 2149 2898 3730 2974">
    <p class='ocr_par' dir='ltr' id='par_1_58' title="bbox 2149 2898 3730 2974">
     <span class='ocr_line' id='line_1_58' title="bbox 2149 2898 3730 2974; baseline 0.003 -21"><span class='ocrx_word' id='word_1_445' title='bbox 2149 2898 2410 2964; x_wconf 87' lang='lat' dir='ltr'><strong><em>contenti,</em></strong></span> <span class='ocrx_word' id='word_1_446' title='bbox 2445 2899 2679 2968; x_wconf 87' lang='lat' dir='ltr'><strong><em>plurima</em></strong></span> <span class='ocrx_word' id='word_1_447' title='bbox 2711 2900 3119 2965; x_wconf 86' lang='lat' dir='ltr'><strong><em>machinantur,</em></strong></span> <span class='ocrx_word' id='word_1_448' title='bbox 3155 2911 3217 2957; x_wconf 90' lang='lat' dir='ltr'><strong><em>ut</em></strong></span> <span class='ocrx_word' id='word_1_449' title='bbox 3252 2903 3492 2974; x_wconf 87' lang='lat' dir='ltr'><strong><em>episcopi</em></strong></span> <span class='ocrx_word' id='word_1_450' title='bbox 3521 2918 3730 2961; x_wconf 82' lang='lat' dir='ltr'><strong><em>vocen-</em></strong></span> 
     </span>
    </p>
   </div>
   <div class='ocr_carea' id='block_1_59' title="bbox 2152 2990 3729 3062">
    <p class='ocr_par' dir='ltr' id='par_1_59' title="bbox 2152 2990 3729 3062">
     <span class='ocr_line' id='line_1_59' title="bbox 2152 2990 3729 3062; baseline 0.004 -18"><span class='ocrx_word' id='word_1_451' title='bbox 2152 2998 2240 3044; x_wconf 91' lang='lat' dir='ltr'><strong><em>tur</em></strong></span> <span class='ocrx_word' id='word_1_452' title='bbox 2268 2990 2338 3044; x_wconf 89' lang='lat' dir='ltr'><strong><em>ab</em></strong></span> <span class='ocrx_word' id='word_1_453' title='bbox 2372 2991 2709 3059; x_wconf 73' lang='lat' dir='ltr'><strong><em>hominibus,</em></strong></span> <span class='ocrx_word' id='word_1_454' title='bbox 2749 2992 2895 3062; x_wconf 92' lang='lat' dir='ltr'><strong><em>quod</em></strong></span> <span class='ocrx_word' id='word_1_455' title='bbox 2925 3001 3006 3049; x_wconf 88' lang='lat' dir='ltr'><strong><em>est</em></strong></span> <span class='ocrx_word' id='word_1_456' title='bbox 3045 2991 3222 3049; x_wconf 83' lang='lat' dir='ltr'><strong><em>Rabbi</em></strong></span> <span class='ocrx_word' id='word_1_457' title='bbox 3258 3012 3275 3050; x_wconf 93' lang='lat'><strong>:</strong></span> <span class='ocrx_word' id='word_1_458' title='bbox 3310 3010 3436 3051; x_wconf 90' lang='lat' dir='ltr'><strong><em>cum</em></strong></span> <span class='ocrx_word' id='word_1_459' title='bbox 3465 2994 3729 3051; x_wconf 87' lang='lat' dir='ltr'><strong><em>deberent</em></strong></span> 
     </span>
    </p>
   </div>
   <div class='ocr_carea' id='block_1_60' title="bbox 2149 3080 3724 3156">
    <p class='ocr_par' dir='ltr' id='par_1_60' title="bbox 2149 3080 3724 3156">
     <span class='ocr_line' id='line_1_60' title="bbox 2149 3080 3724 3156; baseline 0.003 -21"><span class='ocrx_word' id='word_1_460' title='bbox 2149 3080 2448 3152; x_wconf 82' lang='lat' dir='ltr'><strong><em>intelligere</em></strong></span> <span class='ocrx_word' id='word_1_461' title='bbox 2489 3082 2809 3154; x_wconf 85' lang='lat' dir='ltr'><strong><em>episcopum</em></strong></span> <span class='ocrx_word' id='word_1_462' title='bbox 2838 3084 2957 3138; x_wconf 89' lang='lat' dir='ltr'><strong><em>lleri</em></strong></span> <span class='ocrx_word' id='word_1_463' title='bbox 2985 3097 3238 3155; x_wconf 82' lang='lat' dir='ltr'><strong><em>oportere</em></strong></span> <span class='ocrx_word' id='word_1_464' title='bbox 3272 3085 3724 3156; x_wconf 87' lang='lat' dir='ltr'><strong><em>irreprehensihi-</em></strong></span> 
     </span>
    </p>
   </div>
   <div class='ocr_carea' id='block_1_61' title="bbox 2149 3173 3727 3248">
    <p class='ocr_par' dir='ltr' id='par_1_61' title="bbox 2149 3173 3727 3248">
     <span class='ocr_line' id='line_1_61' title="bbox 2149 3173 3727 3248; baseline 0.004 -20"><span class='ocrx_word' id='word_1_465' title='bbox 2149 3173 2253 3229; x_wconf 91' lang='lat' dir='ltr'><strong><em>lem</em></strong></span> <span class='ocrx_word' id='word_1_466' title='bbox 2281 3173 2349 3240; x_wconf 75' lang='lat'><strong><em>‘°,</em></strong></span> <span class='ocrx_word' id='word_1_467' title='bbox 2379 3183 2434 3228; x_wconf 89' lang='lat' dir='ltr'><strong><em>et</em></strong></span> <span class='ocrx_word' id='word_1_468' title='bbox 2457 3182 2650 3230; x_wconf 66' lang='lat' dir='ltr'><strong><em>caetera</em></strong></span> <span class='ocrx_word' id='word_1_469' title='bbox 2681 3191 2804 3246; x_wconf 65' lang='lat' dir='ltr'><strong><em>quae</em></strong></span> <span class='ocrx_word' id='word_1_470' title='bbox 2836 3186 3162 3248; x_wconf 90' lang='lat' dir='ltr'><strong><em>sequuntur,</em></strong></span> <span class='ocrx_word' id='word_1_471' title='bbox 3193 3185 3253 3233; x_wconf 93' lang='lat' dir='ltr'><strong><em>ut</em></strong></span> <span class='ocrx_word' id='word_1_472' title='bbox 3285 3178 3334 3233; x_wconf 89' lang='lat' dir='ltr'><strong><em>si</em></strong></span> <span class='ocrx_word' id='word_1_473' title='bbox 3366 3192 3475 3233; x_wconf 90' lang='lat' dir='ltr'><strong><em>non</em></strong></span> <span class='ocrx_word' id='word_1_474' title='bbox 3507 3178 3727 3234; x_wconf 83' lang='lat' dir='ltr'><strong><em>dicatur</em></strong></span> 
     </span>
    </p>
   </div>
   <div class='ocr_carea' id='block_1_62' title="bbox 472 3246 2049 3348">
    <p class='ocr_par' dir='ltr' id='par_1_62' title="bbox 472 3246 2049 3348">
     <span class='ocr_line' id='line_1_62' title="bbox 472 3246 2049 3348; baseline 0.004 -22"><span class='ocrx_word' id='word_1_475' title='bbox 472 3272 802 3328; x_wconf 77' lang='lat' dir='ltr'><strong><em>sinceritatis</em></strong></span> <span class='ocrx_word' id='word_1_476' title='bbox 849 3282 907 3328; x_wconf 89' lang='lat' dir='ltr'><strong><em>et</em></strong></span> <span class='ocrx_word' id='word_1_477' title='bbox 948 3246 1192 3330; x_wconf 80' lang='lat' dir='ltr'><strong><em>veritais</em></strong></span> <span class='ocrx_word' id='word_1_478' title='bbox 1227 3275 1275 3307; x_wconf 77' lang='lat'><strong>“</strong></span> <span class='ocrx_word' id='word_1_479' title='bbox 1313 3293 1326 3330; x_wconf 92' lang='lat'>:</span> <span class='ocrx_word' id='word_1_480' title='bbox 1374 3275 1708 3331; x_wconf 88' lang='lat' dir='ltr'><strong><em>manducant</em></strong></span> <span class='ocrx_word' id='word_1_481' title='bbox 1745 3246 1909 3333; x_wconf 72' lang='lat' dir='ltr'><strong><em>etiam</em></strong></span> <span class='ocrx_word' id='word_1_482' title='bbox 1954 3293 2049 3348; x_wconf 87' lang='lat' dir='ltr'><strong><em>pa-</em></strong></span> 
     </span>
    </p>
   </div>
   <div class='ocr_carea' id='block_1_63' title="bbox 2151 3246 3718 3348">
    <p class='ocr_par' dir='ltr' id='par_1_63' title="bbox 2151 3246 3718 3340">
     <span class='ocr_line' id='line_1_63' title="bbox 2151 3246 3718 3340; baseline 0.004 -21"><span class='ocrx_word' id='word_1_483' title='bbox 2151 3266 2219 3320; x_wconf 84' lang='lat' dir='ltr'><strong><em>ab</em></strong></span> <span class='ocrx_word' id='word_1_484' title='bbox 2270 3265 2586 3321; x_wconf 90' lang='lat' dir='ltr'><strong><em>hominibus</em></strong></span> <span class='ocrx_word' id='word_1_485' title='bbox 2637 3281 2761 3322; x_wconf 88' lang='lat' dir='ltr'><strong><em>esse</em></strong></span> <span class='ocrx_word' id='word_1_486' title='bbox 2815 3246 3142 3338; x_wconf 82' lang='lat' dir='ltr'><strong><em>episcopus,</em></strong></span> <span class='ocrx_word' id='word_1_487' title='bbox 3205 3278 3387 3323; x_wconf 85' lang='lat' dir='ltr'><strong><em>tamen</em></strong></span> <span class='ocrx_word' id='word_1_488' title='bbox 3447 3269 3519 3325; x_wconf 90' lang='lat' dir='ltr'><strong><em>sit</em></strong></span> <span class='ocrx_word' id='word_1_489' title='bbox 3575 3270 3718 3340; x_wconf 86' lang='lat' dir='ltr'><strong><em>apud</em></strong></span> 
     </span>
    </p>
   </div>
   <div class='ocr_carea' id='block_1_64' title="bbox 473 3362 2042 3438">
    <p class='ocr_par' dir='ltr' id='par_1_64' title="bbox 473 3362 2042 3438">
     <span class='ocr_line' id='line_1_64' title="bbox 473 3362 2042 3438; baseline 0.006 -23"><span class='ocrx_word' id='word_1_490' title='bbox 473 3362 605 3419; x_wconf 77' lang='lat' dir='ltr'><strong><em>scha</em></strong></span> <span class='ocrx_word' id='word_1_491' title='bbox 630 3363 969 3419; x_wconf 88' lang='lat' dir='ltr'><strong><em>immolatum</em></strong></span> <span class='ocrx_word' id='word_1_492' title='bbox 997 3363 1279 3420; x_wconf 74' lang='lat' dir='ltr'><strong><em>Christum</em></strong></span> <span class='ocrx_word' id='word_1_493' title='bbox 1321 3381 1422 3436; x_wconf 88' lang='lat' dir='ltr'><strong><em>pro</em></strong></span> <span class='ocrx_word' id='word_1_494' title='bbox 1460 3367 1639 3434; x_wconf 90' lang='lat' dir='ltr'><strong><em>nobis,</em></strong></span> <span class='ocrx_word' id='word_1_495' title='bbox 1667 3367 1763 3438; x_wconf 89' lang='lat' dir='ltr'><strong><em>qui</em></strong></span> <span class='ocrx_word' id='word_1_496' title='bbox 1798 3368 1998 3423; x_wconf 78' lang='lat' dir='ltr'><strong><em>dixit&quot;</em></strong></span> <span class='ocrx_word' id='word_1_497' title='bbox 2028 3387 2042 3424; x_wconf 89' lang='lat'><strong>:</strong></span> 
     </span>
    </p>
   </div>
   <div class='ocr_carea' id='block_1_65' title="bbox 473 3452 2044 3526">
    <p class='ocr_par' dir='ltr' id='par_1_65' title="bbox 473 3452 2044 3526">
     <span class='ocr_line' id='line_1_65' title="bbox 473 3452 2044 3526; baseline 0.003 -18"><span class='ocrx_word' id='word_1_498' title='bbox 473 3452 599 3508; x_wconf 82' lang='lat' dir='ltr'><strong><em>Nisi</em></strong></span> <span class='ocrx_word' id='word_1_499' title='bbox 646 3455 1092 3511; x_wconf 79' lang='lat' dir='ltr'><strong><em>manducaveritis</em></strong></span> <span class='ocrx_word' id='word_1_500' title='bbox 1137 3473 1349 3511; x_wconf 83' lang='lat' dir='ltr'><strong><em>carnem</em></strong></span> <span class='ocrx_word' id='word_1_501' title='bbox 1400 3474 1593 3526; x_wconf 84' lang='lat' dir='ltr'><strong><em>meam,</em></strong></span> <span class='ocrx_word' id='word_1_502' title='bbox 1633 3474 1735 3513; x_wconf 87' lang='lat' dir='ltr'><strong><em>non</em></strong></span> <span class='ocrx_word' id='word_1_503' title='bbox 1786 3459 2044 3514; x_wconf 82' lang='lat' dir='ltr'><strong><em>habebitis</em></strong></span> 
     </span>
    </p>
   </div>
   <div class='ocr_carea' id='block_1_66' title="bbox 464 3546 2043 3619">
    <p class='ocr_par' dir='ltr' id='par_1_66' title="bbox 464 3546 2043 3619">
     <span class='ocr_line' id='line_1_66' title="bbox 464 3546 2043 3619; baseline 0.003 -20"><span class='ocrx_word' id='word_1_504' title='bbox 464 3546 631 3599; x_wconf 75' lang='lat' dir='ltr'><strong><em>uitam</em></strong></span> <span class='ocrx_word' id='word_1_505' title='bbox 661 3555 953 3601; x_wconf 82' lang='lat' dir='ltr'><strong><em>manentem</em></strong></span> <span class='ocrx_word' id='word_1_506' title='bbox 980 3546 1037 3600; x_wconf 84' lang='lat' dir='ltr'><strong><em>in</em></strong></span> <span class='ocrx_word' id='word_1_507' title='bbox 1083 3546 1248 3602; x_wconf 72' lang='lat' dir='ltr'><strong><em>vobis.</em></strong></span> <span class='ocrx_word' id='word_1_508' title='bbox 1276 3546 1343 3602; x_wconf 86' lang='lat' dir='ltr'><strong><em>Et</em></strong></span> <span class='ocrx_word' id='word_1_509' title='bbox 1380 3562 1477 3618; x_wconf 90' lang='lat' dir='ltr'><strong><em>per</em></strong></span> <span class='ocrx_word' id='word_1_510' title='bbox 1514 3548 1617 3604; x_wconf 83' lang='lat' dir='ltr'><strong><em>hoc</em></strong></span> <span class='ocrx_word' id='word_1_511' title='bbox 1663 3549 1808 3619; x_wconf 73' lang='lat' dir='ltr'><strong><em>quod</em></strong></span> <span class='ocrx_word' id='word_1_512' title='bbox 1853 3548 2043 3604; x_wconf 89' lang='lat' dir='ltr'><strong><em>bibunt</em></strong></span> 
     </span>
    </p>
   </div>
   <div class='ocr_carea' id='block_1_67' title="bbox 466 3636 2029 3710">
    <p class='ocr_par' dir='ltr' id='par_1_67' title="bbox 466 3636 2029 3710">
     <span class='ocr_line' id='line_1_67' title="bbox 466 3636 2029 3710; baseline 0.001 -18"><span class='ocrx_word' id='word_1_513' title='bbox 466 3636 787 3706; x_wconf 80' lang='lat' dir='ltr'><strong><em>sanguinem</em></strong></span> <span class='ocrx_word' id='word_1_514' title='bbox 816 3637 957 3707; x_wconf 87' lang='lat' dir='ltr'><strong><em>ejus,</em></strong></span> <span class='ocrx_word' id='word_1_515' title='bbox 996 3653 1183 3692; x_wconf 89' lang='lat' dir='ltr'><strong><em>verum</em></strong></span> <span class='ocrx_word' id='word_1_516' title='bbox 1217 3647 1431 3707; x_wconf 86' lang='lat' dir='ltr'><strong><em>potum,</em></strong></span> <span class='ocrx_word' id='word_1_517' title='bbox 1470 3648 1683 3709; x_wconf 84' lang='lat' dir='ltr'><strong><em>ungunt</em></strong></span> <span class='ocrx_word' id='word_1_518' title='bbox 1712 3640 2029 3710; x_wconf 85' lang='lat' dir='ltr'><strong><em>superlimi-</em></strong></span> 
     </span>
    </p>
   </div>
   <div class='ocr_carea' id='block_1_68' title="bbox 470 3727 2043 3800">
    <p class='ocr_par' dir='ltr' id='par_1_68' title="bbox 470 3727 2043 3800">
     <span class='ocr_line' id='line_1_68' title="bbox 470 3727 2043 3800; baseline 0.003 -20"><span class='ocrx_word' id='word_1_519' title='bbox 470 3727 624 3782; x_wconf 88' lang='lat' dir='ltr'><strong><em>naria</em></strong></span> <span class='ocrx_word' id='word_1_520' title='bbox 651 3727 940 3783; x_wconf 81' lang='lat' dir='ltr'><strong><em>domorum</em></strong></span> <span class='ocrx_word' id='word_1_521' title='bbox 983 3728 1181 3784; x_wconf 72' lang='lat' dir='ltr'><strong><em>animat</em></strong></span> <span class='ocrx_word' id='word_1_522' title='bbox 1207 3744 1342 3793; x_wconf 69' lang='lat' dir='ltr'><strong><em>suae,</em></strong></span> <span class='ocrx_word' id='word_1_523' title='bbox 1379 3740 1706 3800; x_wconf 69' lang='lat' dir='ltr'><strong><em>quaerentes,</em></strong></span> <span class='ocrx_word' id='word_1_524' title='bbox 1755 3746 1865 3786; x_wconf 85' lang='lat' dir='ltr'><strong><em>non</em></strong></span> <span class='ocrx_word' id='word_1_525' title='bbox 1899 3731 2043 3786; x_wconf 90' lang='lat' dir='ltr'><strong><em>sicut</em></strong></span> 
     </span>
    </p>
   </div>
   <div class='ocr_carea' id='block_1_69' title="bbox 466 3806 2039 3892">
    <p class='ocr_par' dir='ltr' id='par_1_69' title="bbox 466 3806 2039 3892">
     <span class='ocr_line' id='line_1_69' title="bbox 466 3806 2039 3892; baseline 0.003 -21"><span class='ocrx_word' id='word_1_526' title='bbox 466 3816 577 3881; x_wconf 86' lang='lat' dir='ltr'><strong><em>illi,</em></strong></span> <span class='ocrx_word' id='word_1_527' title='bbox 623 3818 694 3873; x_wconf 85' lang='lat' dir='ltr'><strong><em>ab</em></strong></span> <span class='ocrx_word' id='word_1_528' title='bbox 738 3819 1053 3876; x_wconf 88' lang='lat' dir='ltr'><strong><em>hominibus</em></strong></span> <span class='ocrx_word' id='word_1_529' title='bbox 1117 3806 1383 3892; x_wconf 76' lang='lat' dir='ltr'><strong><em>gloriam,</em></strong></span> <span class='ocrx_word' id='word_1_530' title='bbox 1436 3821 1530 3877; x_wconf 90' lang='lat' dir='ltr'><strong><em>sed</em></strong></span> <span class='ocrx_word' id='word_1_531' title='bbox 1586 3836 1615 3875; x_wconf 92' lang='lat' dir='ltr'><strong><em>a</em></strong></span> <span class='ocrx_word' id='word_1_532' title='bbox 1664 3818 1777 3877; x_wconf 88' lang='lat' dir='ltr'><strong><em>Deo</em></strong></span> <span class='ocrx_word' id='word_1_533' title='bbox 1825 3820 2039 3877; x_wconf 88' lang='lat' dir='ltr'><strong><em>occulta</em></strong></span> 
     </span>
    </p>
   </div>
   <div class='ocr_carea' id='block_1_70' title="bbox 469 3908 692 3962">
    <p class='ocr_par' dir='ltr' id='par_1_70' title="bbox 469 3908 692 3962">
     <span class='ocr_line' id='line_1_70' title="bbox 469 3908 692 3962; baseline 0.004 -1"><span class='ocrx_word' id='word_1_534' title='bbox 469 3908 667 3962; x_wconf 84' lang='lat' dir='ltr'><strong><em>videnti</em></strong></span> <span class='ocrx_word' id='word_1_535' title='bbox 678 3946 692 3962; x_wconf 92' lang='lat'><strong><em>.</em></strong></span> 
     </span>
    </p>
   </div>
   <div class='ocr_carea' id='block_1_71' title="bbox 540 3996 2040 4071">
    <p class='ocr_par' dir='ltr' id='par_1_71' title="bbox 540 3996 2040 4071">
     <span class='ocr_line' id='line_1_71' title="bbox 540 3996 2040 4071; baseline 0.003 -21"><span class='ocrx_word' id='word_1_536' title='bbox 540 3998 628 4051; x_wconf 76' lang='lat' dir='ltr'><strong><em>il.</em></strong></span> <span class='ocrx_word' id='word_1_537' title='bbox 666 3996 799 4054; x_wconf 89' lang='lat' dir='ltr'><strong><em>Post</em></strong></span> <span class='ocrx_word' id='word_1_538' title='bbox 844 3998 958 4055; x_wconf 64' lang='lat' dir='ltr'><strong><em>haec</em></strong></span> <span class='ocrx_word' id='word_1_539' title='bbox 998 4000 1280 4056; x_wconf 86' lang='lat' dir='ltr'><strong><em>videamus</em></strong></span> <span class='ocrx_word' id='word_1_540' title='bbox 1310 4001 1440 4071; x_wconf 87' lang='lat' dir='ltr'><strong><em>quid</em></strong></span> <span class='ocrx_word' id='word_1_541' title='bbox 1479 4009 1563 4057; x_wconf 89' lang='lat' dir='ltr'><strong><em>est</em></strong></span> <span class='ocrx_word' id='word_1_542' title='bbox 1600 4001 1744 4071; x_wconf 90' lang='lat' dir='ltr'><strong><em>quod</em></strong></span> <span class='ocrx_word' id='word_1_543' title='bbox 1774 4001 1851 4055; x_wconf 89' lang='lat' dir='ltr'><strong><em>ait</em></strong></span> <span class='ocrx_word' id='word_1_544' title='bbox 1890 4019 1905 4056; x_wconf 86' lang='lat'><strong>;</strong></span> <span class='ocrx_word' id='word_1_545' title='bbox 1942 3999 2040 4054; x_wconf 86' lang='lat' dir='ltr'><strong><em>Di-</em></strong></span> 
     </span>
    </p>
   </div>
   <div class='ocr_carea' id='block_1_72' title="bbox 461 4090 2041 4162">
    <p class='ocr_par' dir='ltr' id='par_1_72' title="bbox 461 4090 2041 4162">
     <span class='ocr_line' id='line_1_72' title="bbox 461 4090 2041 4162; baseline 0.001 -20"><span class='ocrx_word' id='word_1_546' title='bbox 461 4090 639 4143; x_wconf 75' lang='lat' dir='ltr'><strong><em>tataut</em></strong></span> <span class='ocrx_word' id='word_1_547' title='bbox 657 4090 985 4161; x_wconf 72' lang='lat' dir='ltr'><strong><em>phylactertg</em></strong></span> <span class='ocrx_word' id='word_1_548' title='bbox 1013 4107 1130 4155; x_wconf 83' lang='lat' dir='ltr'><strong><em>sua,</em></strong></span> <span class='ocrx_word' id='word_1_549' title='bbox 1169 4101 1218 4145; x_wconf 89' lang='lat' dir='ltr'><strong><em>et</em></strong></span> <span class='ocrx_word' id='word_1_550' title='bbox 1244 4091 1584 4162; x_wconf 84' lang='lat' dir='ltr'><strong><em>magniﬁcant</em></strong></span> <span class='ocrx_word' id='word_1_551' title='bbox 1615 4092 1854 4161; x_wconf 80' lang='lat' dir='ltr'><strong><em>ﬁmbrias</em></strong></span> <span class='ocrx_word' id='word_1_552' title='bbox 1883 4092 2041 4146; x_wconf 81' lang='lat' dir='ltr'><strong><em>vesti-</em></strong></span> 
     </span>
    </p>
   </div>
   <div class='ocr_carea' id='block_1_73' title="bbox 465 4181 2037 4253">
    <p class='ocr_par' dir='ltr' id='par_1_73' title="bbox 465 4181 2037 4253">
     <span class='ocr_line' id='line_1_73' title="bbox 465 4181 2037 4253; baseline 0.001 -19"><span class='ocrx_word' id='word_1_553' title='bbox 465 4190 760 4235; x_wconf 83' lang='lat' dir='ltr'><strong><em>mentorum</em></strong></span> <span class='ocrx_word' id='word_1_554' title='bbox 800 4198 1019 4236; x_wconf 85' lang='lat' dir='ltr'><strong><em>suorum</em></strong></span> <span class='ocrx_word' id='word_1_555' title='bbox 1063 4183 1129 4232; x_wconf 82' lang='grc'><strong><em>⁵⁸.</em></strong></span> <span class='ocrx_word' id='word_1_556' title='bbox 1182 4182 1475 4238; x_wconf 85' lang='lat' dir='ltr'><strong><em>Sciendum</em></strong></span> <span class='ocrx_word' id='word_1_557' title='bbox 1518 4192 1602 4237; x_wconf 92' lang='lat' dir='ltr'><strong><em>est</em></strong></span> <span class='ocrx_word' id='word_1_558' title='bbox 1633 4182 1687 4237; x_wconf 93' lang='lat' dir='ltr'><strong><em>in</em></strong></span> <span class='ocrx_word' id='word_1_559' title='bbox 1721 4182 1864 4250; x_wconf 88' lang='lat' dir='ltr'><strong><em>istis,</em></strong></span> <span class='ocrx_word' id='word_1_560' title='bbox 1908 4181 2037 4253; x_wconf 90' lang='lat' dir='ltr'><strong><em>quia</em></strong></span> 
     </span>
    </p>
   </div>
   <div class='ocr_carea' id='block_1_74' title="bbox 462 4273 2039 4344">
    <p class='ocr_par' dir='ltr' id='par_1_74' title="bbox 462 4273 2039 4344">
     <span class='ocr_line' id='line_1_74' title="bbox 462 4273 2039 4344; baseline 0.003 -20"><span class='ocrx_word' id='word_1_561' title='bbox 462 4274 607 4342; x_wconf 85' lang='lat' dir='ltr'><strong><em>quod</em></strong></span> <span class='ocrx_word' id='word_1_562' title='bbox 653 4275 917 4342; x_wconf 86' lang='lat' dir='ltr'><strong><em>scriptum</em></strong></span> <span class='ocrx_word' id='word_1_563' title='bbox 967 4277 1149 4331; x_wconf 85' lang='lat' dir='ltr'><strong><em>estin</em></strong></span> <span class='ocrx_word' id='word_1_564' title='bbox 1195 4274 1313 4344; x_wconf 87' lang='lat' dir='ltr'><strong><em>lege</em></strong></span> <span class='ocrx_word' id='word_1_565' title='bbox 1362 4274 1429 4329; x_wconf 91' lang='lat' dir='ltr'><strong><em>de</em></strong></span> <span class='ocrx_word' id='word_1_566' title='bbox 1474 4275 1655 4331; x_wconf 88' lang='lat' dir='ltr'><strong><em>verbis</em></strong></span> <span class='ocrx_word' id='word_1_567' title='bbox 1705 4273 1909 4330; x_wconf 85' lang='lat' dir='ltr'><strong><em>divinis</em></strong></span> <span class='ocrx_word' id='word_1_568' title='bbox 1955 4274 2039 4329; x_wconf 85' lang='lat' dir='ltr'><strong><em>di-</em></strong></span> 
     </span>
    </p>
   </div>
   <div class='ocr_carea' id='block_1_75' title="bbox 461 4364 2039 4435">
    <p class='ocr_par' dir='ltr' id='par_1_75' title="bbox 461 4364 2039 4435">
     <span class='ocr_line' id='line_1_75' title="bbox 461 4364 2039 4435; baseline 0 -16"><span class='ocrx_word' id='word_1_569' title='bbox 461 4365 694 4420; x_wconf 76' lang='lat' dir='ltr'><strong><em>cente&#39;&quot;</em></strong></span> <span class='ocrx_word' id='word_1_570' title='bbox 731 4383 748 4422; x_wconf 90' lang='lat'><strong>:</strong></span> <span class='ocrx_word' id='word_1_571' title='bbox 788 4364 1020 4435; x_wconf 80' lang='lat' dir='ltr'><strong><em>Alligate</em></strong></span> <span class='ocrx_word' id='word_1_572' title='bbox 1053 4382 1172 4419; x_wconf 89' lang='lat' dir='ltr'><strong><em>eam</em></strong></span> <span class='ocrx_word' id='word_1_573' title='bbox 1218 4381 1379 4434; x_wconf 86' lang='lat' dir='ltr'><strong><em>super</em></strong></span> <span class='ocrx_word' id='word_1_574' title='bbox 1425 4381 1643 4419; x_wconf 85' lang='lat' dir='ltr'><strong><em>manum</em></strong></span> <span class='ocrx_word' id='word_1_575' title='bbox 1692 4375 1940 4431; x_wconf 67' lang='lat' dir='ltr'><strong><em>vestram,</em></strong></span> <span class='ocrx_word' id='word_1_576' title='bbox 1986 4376 2039 4421; x_wconf 87' lang='lat' dir='ltr'><strong><em>et</em></strong></span> 
     </span>
    </p>
   </div>
   <div class='ocr_carea' id='block_1_76' title="bbox 463 4454 2036 4527">
    <p class='ocr_par' dir='ltr' id='par_1_76' title="bbox 463 4454 2036 4527">
     <span class='ocr_line' id='line_1_76' title="bbox 463 4454 2036 4527; baseline 0.003 -18"><span class='ocrx_word' id='word_1_577' title='bbox 463 4466 616 4509; x_wconf 87' lang='lat' dir='ltr'><strong><em>erunt</em></strong></span> <span class='ocrx_word' id='word_1_578' title='bbox 642 4454 865 4509; x_wconf 86' lang='lat' dir='ltr'><strong><em>mobilia</em></strong></span> <span class='ocrx_word' id='word_1_579' title='bbox 888 4472 1079 4510; x_wconf 85' lang='lat' dir='ltr'><strong><em>.coram</em></strong></span> <span class='ocrx_word' id='word_1_580' title='bbox 1118 4458 1286 4511; x_wconf 83' lang='lat' dir='ltr'><strong><em>oculis</em></strong></span> <span class='ocrx_word' id='word_1_581' title='bbox 1319 4459 1524 4511; x_wconf 81' lang='lat' dir='ltr'><strong><em>vestris.</em></strong></span> <span class='ocrx_word' id='word_1_582' title='bbox 1554 4455 1663 4523; x_wconf 89' lang='lat' dir='ltr'><strong><em>Qui</em></strong></span> <span class='ocrx_word' id='word_1_583' title='bbox 1693 4472 1824 4527; x_wconf 88' lang='lat' dir='ltr'><strong><em>ergo</em></strong></span> <span class='ocrx_word' id='word_1_584' title='bbox 1851 4458 2036 4513; x_wconf 90' lang='lat' dir='ltr'><strong><em>omnia</em></strong></span> 
     </span>
    </p>
   </div>
   <div class='ocr_carea' id='block_1_77' title="bbox 2148 3353 3724 3428">
    <p class='ocr_par' dir='ltr' id='par_1_77' title="bbox 2148 3353 3724 3428">
     <span class='ocr_line' id='line_1_77' title="bbox 2148 3353 3724 3428; baseline 0.005 -19"><span class='ocrx_word' id='word_1_585' title='bbox 2148 3353 2340 3411; x_wconf 87' lang='lat' dir='ltr'><strong><em>Deum.</em></strong></span> <span class='ocrx_word' id='word_1_586' title='bbox 2376 3357 2480 3423; x_wconf 84' lang='lat' dir='ltr'><strong><em>Qui</em></strong></span> <span class='ocrx_word' id='word_1_587' title='bbox 2511 3358 2656 3412; x_wconf 89' lang='lat' dir='ltr'><strong><em>enim</em></strong></span> <span class='ocrx_word' id='word_1_588' title='bbox 2690 3358 2851 3413; x_wconf 86' lang='lat' dir='ltr'><strong><em>habet</em></strong></span> <span class='ocrx_word' id='word_1_589' title='bbox 2885 3358 2940 3413; x_wconf 91' lang='lat' dir='ltr'><strong><em>in</em></strong></span> <span class='ocrx_word' id='word_1_590' title='bbox 2971 3374 3030 3414; x_wconf 90' lang='lat' dir='ltr'><strong><em>se</em></strong></span> <span class='ocrx_word' id='word_1_591' title='bbox 3061 3374 3184 3428; x_wconf 68' lang='lat' dir='ltr'><strong><em>quae</em></strong></span> <span class='ocrx_word' id='word_1_592' title='bbox 3207 3357 3412 3415; x_wconf 88' lang='lat' dir='ltr'><strong><em>Paulus</em></strong></span> <span class='ocrx_word' id='word_1_593' title='bbox 3436 3371 3724 3417; x_wconf 87' lang='lat' dir='ltr'><strong><em>enumerat</em></strong></span> 
     </span>
    </p>
   </div>
   <div class='ocr_carea' id='block_1_78' title="bbox 2145 3445 3727 3522">
    <p class='ocr_par' dir='ltr' id='par_1_78' title="bbox 2145 3445 3727 3522">
     <span class='ocr_line' id='line_1_78' title="bbox 2145 3445 3727 3522; baseline 0.004 -22"><span class='ocrx_word' id='word_1_594' title='bbox 2145 3446 2213 3501; x_wconf 89' lang='lat' dir='ltr'><strong><em>de</em></strong></span> <span class='ocrx_word' id='word_1_595' title='bbox 2253 3445 2508 3516; x_wconf 81' lang='lat' dir='ltr'><strong><em>episcOpo</em></strong></span> <span class='ocrx_word' id='word_1_596' title='bbox 2540 3447 2607 3512; x_wconf 77' lang='grc'><strong><em>⁸³,</em></strong></span> <span class='ocrx_word' id='word_1_597' title='bbox 2637 3448 2744 3503; x_wconf 89' lang='lat' dir='ltr'><strong><em>etsi</em></strong></span> <span class='ocrx_word' id='word_1_598' title='bbox 2781 3462 2889 3502; x_wconf 91' lang='lat' dir='ltr'><strong><em>non</em></strong></span> <span class='ocrx_word' id='word_1_599' title='bbox 2919 3458 3002 3503; x_wconf 89' lang='lat' dir='ltr'><strong><em>est</em></strong></span> <span class='ocrx_word' id='word_1_600' title='bbox 3031 3463 3216 3503; x_wconf 83' lang='lat' dir='ltr'><strong><em>coram</em></strong></span> <span class='ocrx_word' id='word_1_601' title='bbox 3254 3451 3570 3505; x_wconf 88' lang='lat' dir='ltr'><strong><em>hominibus</em></strong></span> <span class='ocrx_word' id='word_1_602' title='bbox 3618 3453 3727 3522; x_wconf 83' lang='lat' dir='ltr'><strong><em>epi-</em></strong></span> 
     </span>
    </p>
   </div>
   <div class='ocr_carea' id='block_1_79' title="bbox 2146 3539 3723 3612">
    <p class='ocr_par' dir='ltr' id='par_1_79' title="bbox 2146 3539 3723 3612">
     <span class='ocr_line' id='line_1_79' title="bbox 2146 3539 3723 3612; baseline 0.002 -18"><span class='ocrx_word' id='word_1_603' title='bbox 2146 3553 2368 3608; x_wconf 87' lang='lat' dir='ltr'><strong><em>scopus,</em></strong></span> <span class='ocrx_word' id='word_1_604' title='bbox 2401 3539 2693 3610; x_wconf 85' lang='lat' dir='ltr'><strong><em>episcopus</em></strong></span> <span class='ocrx_word' id='word_1_605' title='bbox 2723 3548 2808 3595; x_wconf 90' lang='lat' dir='ltr'><strong><em>est</em></strong></span> <span class='ocrx_word' id='word_1_606' title='bbox 2836 3540 2980 3611; x_wconf 90' lang='lat' dir='ltr'><strong><em>apud</em></strong></span> <span class='ocrx_word' id='word_1_607' title='bbox 3006 3539 3197 3608; x_wconf 87' lang='lat' dir='ltr'><strong><em>Deum,</em></strong></span> <span class='ocrx_word' id='word_1_608' title='bbox 3227 3542 3331 3597; x_wconf 88' lang='lat' dir='ltr'><strong><em>etsi</em></strong></span> <span class='ocrx_word' id='word_1_609' title='bbox 3360 3558 3467 3597; x_wconf 91' lang='lat' dir='ltr'><strong><em>non</em></strong></span> <span class='ocrx_word' id='word_1_610' title='bbox 3500 3558 3596 3612; x_wconf 91' lang='lat' dir='ltr'><strong><em>per</em></strong></span> <span class='ocrx_word' id='word_1_611' title='bbox 3626 3560 3723 3597; x_wconf 81' lang='lat' dir='ltr'><strong><em>or-</em></strong></span> 
     </span>
    </p>
   </div>
   <div class='ocr_carea' id='block_1_80' title="bbox 2143 3633 3737 3708">
    <p class='ocr_par' dir='ltr' id='par_1_80' title="bbox 2143 3633 3737 3708">
     <span class='ocr_line' id='line_1_80' title="bbox 2143 3633 3737 3708; baseline 0.002 -19"><span class='ocrx_word' id='word_1_612' title='bbox 2143 3633 2478 3690; x_wconf 86' lang='lat' dir='ltr'><strong><em>dinationem</em></strong></span> <span class='ocrx_word' id='word_1_613' title='bbox 2502 3635 2784 3689; x_wconf 85' lang='lat' dir='ltr'><strong><em>hominum</em></strong></span> <span class='ocrx_word' id='word_1_614' title='bbox 2806 3635 2872 3689; x_wconf 91' lang='lat' dir='ltr'><strong><em>ad</em></strong></span> <span class='ocrx_word' id='word_1_615' title='bbox 2898 3650 3022 3689; x_wconf 84' lang='lat' dir='ltr'><strong><em>eum</em></strong></span> <span class='ocrx_word' id='word_1_616' title='bbox 3049 3635 3276 3706; x_wconf 85' lang='lat' dir='ltr'><strong><em>gradum</em></strong></span> <span class='ocrx_word' id='word_1_617' title='bbox 3303 3638 3571 3708; x_wconf 87' lang='lat' dir='ltr'><strong><em>pervenit.</em></strong></span> <span class='ocrx_word' id='word_1_618' title='bbox 3615 3637 3737 3694; x_wconf 88' lang='lat' dir='ltr'><strong><em>Sic-</em></strong></span> 
     </span>
    </p>
   </div>
   <div class='ocr_carea' id='block_1_81' title="bbox 2144 3711 3724 3795">
    <p class='ocr_par' dir='ltr' id='par_1_81' title="bbox 2144 3711 3724 3795">
     <span class='ocr_line' id='line_1_81' title="bbox 2144 3711 3724 3795; baseline 0.003 -18"><span class='ocrx_word' id='word_1_619' title='bbox 2144 3733 2205 3778; x_wconf 92' lang='lat' dir='ltr'><strong><em>ut</em></strong></span> <span class='ocrx_word' id='word_1_620' title='bbox 2248 3734 2304 3778; x_wconf 90' lang='lat' dir='ltr'><strong><em>et</em></strong></span> <span class='ocrx_word' id='word_1_621' title='bbox 2347 3725 2594 3780; x_wconf 88' lang='lat' dir='ltr'><strong><em>medicus</em></strong></span> <span class='ocrx_word' id='word_1_622' title='bbox 2634 3733 2720 3781; x_wconf 91' lang='lat' dir='ltr'><strong><em>est</em></strong></span> <span class='ocrx_word' id='word_1_623' title='bbox 2769 3727 2861 3795; x_wconf 91' lang='lat' dir='ltr'><strong><em>qui</em></strong></span> <span class='ocrx_word' id='word_1_624' title='bbox 2901 3711 3276 3786; x_wconf 69' lang='lat' dir='ltr'><strong><em>medicinalem</em></strong></span> <span class='ocrx_word' id='word_1_625' title='bbox 3321 3728 3512 3783; x_wconf 78' lang='lat' dir='ltr'><strong><em>didicit</em></strong></span> <span class='ocrx_word' id='word_1_626' title='bbox 3554 3729 3724 3784; x_wconf 58' lang='grc' dir='ltr'><strong><em>ἀηδία</em></strong></span> 
     </span>
    </p>
   </div>
   <div class='ocr_carea' id='block_1_82' title="bbox 2142 3815 3718 3886">
    <p class='ocr_par' dir='ltr' id='par_1_82' title="bbox 2142 3815 3718 3886">
     <span class='ocr_line' id='line_1_82' title="bbox 2142 3815 3718 3886; baseline 0.002 -17"><span class='ocrx_word' id='word_1_627' title='bbox 2142 3815 2369 3886; x_wconf 90' lang='lat' dir='ltr'><strong><em>plinam,</em></strong></span> <span class='ocrx_word' id='word_1_628' title='bbox 2395 3825 2451 3871; x_wconf 87' lang='lat' dir='ltr'><strong><em>et</em></strong></span> <span class='ocrx_word' id='word_1_629' title='bbox 2488 3825 2664 3886; x_wconf 89' lang='lat' dir='ltr'><strong><em>potest</em></strong></span> <span class='ocrx_word' id='word_1_630' title='bbox 2707 3816 2980 3871; x_wconf 73' lang='lat' dir='ltr'><strong><em>medicare</em></strong></span> <span class='ocrx_word' id='word_1_631' title='bbox 3012 3819 3171 3886; x_wconf 87' lang='lat' dir='ltr'><strong><em>quasi</em></strong></span> <span class='ocrx_word' id='word_1_632' title='bbox 3206 3818 3486 3884; x_wconf 87' lang='lat' dir='ltr'><strong><em>medicus;</em></strong></span> <span class='ocrx_word' id='word_1_633' title='bbox 3525 3820 3628 3874; x_wconf 91' lang='lat' dir='ltr'><strong><em>etsi</em></strong></span> <span class='ocrx_word' id='word_1_634' title='bbox 3667 3819 3718 3872; x_wconf 81' lang='lat' dir='ltr'><strong><em>ci</em></strong></span> 
     </span>
    </p>
   </div>
   <div class='ocr_carea' id='block_1_83' title="bbox 2141 3910 3716 3981">
    <p class='ocr_par' dir='ltr' id='par_1_83' title="bbox 2141 3910 3716 3981">
     <span class='ocr_line' id='line_1_83' title="bbox 2141 3910 3716 3981; baseline -0.001 -15"><span class='ocrx_word' id='word_1_635' title='bbox 2141 3918 2470 3979; x_wconf 62' lang='lat' dir='ltr'><strong><em>agrOtantes</em></strong></span> <span class='ocrx_word' id='word_1_636' title='bbox 2500 3926 2608 3965; x_wconf 92' lang='lat' dir='ltr'><strong><em>non</em></strong></span> <span class='ocrx_word' id='word_1_637' title='bbox 2641 3910 2869 3966; x_wconf 84' lang='lat' dir='ltr'><strong><em>credant</em></strong></span> <span class='ocrx_word' id='word_1_638' title='bbox 2895 3925 3128 3981; x_wconf 86' lang='lat' dir='ltr'><strong><em>corpora</em></strong></span> <span class='ocrx_word' id='word_1_639' title='bbox 3166 3926 3288 3974; x_wconf 86' lang='lat' dir='ltr'><strong><em>sua,</em></strong></span> <span class='ocrx_word' id='word_1_640' title='bbox 3319 3910 3566 3966; x_wconf 88' lang='lat' dir='ltr'><strong><em>medicus</em></strong></span> <span class='ocrx_word' id='word_1_641' title='bbox 3589 3920 3670 3965; x_wconf 87' lang='lat' dir='ltr'><strong><em>est</em></strong></span> <span class='ocrx_word' id='word_1_642' title='bbox 3700 3928 3716 3965; x_wconf 90' lang='lat'>:</span> 
     </span>
    </p>
   </div>
   <div class='ocr_carea' id='block_1_84' title="bbox 2141 4001 3719 4073">
    <p class='ocr_par' dir='ltr' id='par_1_84' title="bbox 2141 4001 3719 4073">
     <span class='ocr_line' id='line_1_84' title="bbox 2141 4001 3719 4073; baseline -0.001 -17"><span class='ocrx_word' id='word_1_643' title='bbox 2141 4001 2236 4056; x_wconf 87' lang='lat' dir='ltr'><strong><em>sed</em></strong></span> <span class='ocrx_word' id='word_1_644' title='bbox 2261 4009 2315 4056; x_wconf 90' lang='lat' dir='ltr'><strong><em>et</em></strong></span> <span class='ocrx_word' id='word_1_645' title='bbox 2343 4002 2673 4071; x_wconf 83' lang='lat' dir='ltr'><strong><em>gubernator</em></strong></span> <span class='ocrx_word' id='word_1_646' title='bbox 2701 4013 2784 4057; x_wconf 91' lang='lat' dir='ltr'><strong><em>est</em></strong></span> <span class='ocrx_word' id='word_1_647' title='bbox 2809 4002 2904 4071; x_wconf 89' lang='lat' dir='ltr'><strong><em>qui</em></strong></span> <span class='ocrx_word' id='word_1_648' title='bbox 2930 4002 3120 4058; x_wconf 87' lang='lat' dir='ltr'><strong><em>didicit</em></strong></span> <span class='ocrx_word' id='word_1_649' title='bbox 3156 4001 3598 4073; x_wconf 87' lang='lat' dir='ltr'><strong><em>gubernatoriam</em></strong></span> <span class='ocrx_word' id='word_1_650' title='bbox 3625 4015 3719 4056; x_wconf 88' lang='lat' dir='ltr'><strong><em>ar-</em></strong></span> 
     </span>
    </p>
   </div>
   <div class='ocr_carea' id='block_1_85' title="bbox 2142 4091 3721 4162">
    <p class='ocr_par' dir='ltr' id='par_1_85' title="bbox 2142 4091 3721 4162">
     <span class='ocr_line' id='line_1_85' title="bbox 2142 4091 3721 4162; baseline 0.001 -16"><span class='ocrx_word' id='word_1_651' title='bbox 2142 4101 2271 4156; x_wconf 88' lang='lat' dir='ltr'><strong><em>tem,</em></strong></span> <span class='ocrx_word' id='word_1_652' title='bbox 2307 4102 2361 4147; x_wconf 87' lang='lat' dir='ltr'><strong><em>et</em></strong></span> <span class='ocrx_word' id='word_1_653' title='bbox 2387 4102 2564 4162; x_wconf 90' lang='lat' dir='ltr'><strong><em>potest</em></strong></span> <span class='ocrx_word' id='word_1_654' title='bbox 2596 4110 2686 4158; x_wconf 89' lang='lat' dir='ltr'><strong><em>ea,</em></strong></span> <span class='ocrx_word' id='word_1_655' title='bbox 2714 4094 2858 4149; x_wconf 87' lang='lat' dir='ltr'><strong><em>sicut</em></strong></span> <span class='ocrx_word' id='word_1_656' title='bbox 2880 4093 3157 4157; x_wconf 86' lang='lat' dir='ltr'><strong><em>convenit,</em></strong></span> <span class='ocrx_word' id='word_1_657' title='bbox 3186 4093 3295 4160; x_wconf 90' lang='lat' dir='ltr'><strong><em>uti;</em></strong></span> <span class='ocrx_word' id='word_1_658' title='bbox 3323 4091 3425 4148; x_wconf 86' lang='lat' dir='ltr'><strong><em>etsi</em></strong></span> <span class='ocrx_word' id='word_1_659' title='bbox 3459 4108 3566 4146; x_wconf 90' lang='lat' dir='ltr'><strong><em>non</em></strong></span> <span class='ocrx_word' id='word_1_660' title='bbox 3597 4107 3721 4147; x_wconf 88' lang='lat' dir='ltr'><strong><em>cre-</em></strong></span> 
     </span>
    </p>
   </div>
   <div class='ocr_carea' id='block_1_86' title="bbox 2139 4181 3719 4254">
    <p class='ocr_par' dir='ltr' id='par_1_86' title="bbox 2139 4181 3719 4254">
     <span class='ocr_line' id='line_1_86' title="bbox 2139 4181 3719 4254; baseline -0.002 -18"><span class='ocrx_word' id='word_1_661' title='bbox 2139 4181 2337 4236; x_wconf 84' lang='lat' dir='ltr'><strong><em>diderit</em></strong></span> <span class='ocrx_word' id='word_1_662' title='bbox 2360 4182 2410 4236; x_wconf 91' lang='lat' dir='ltr'><strong><em>ei</em></strong></span> <span class='ocrx_word' id='word_1_663' title='bbox 2443 4182 2642 4252; x_wconf 87' lang='lat' dir='ltr'><strong><em>aliquis</em></strong></span> <span class='ocrx_word' id='word_1_664' title='bbox 2671 4181 3044 4254; x_wconf 86' lang='lat' dir='ltr'><strong><em>gubernacula</em></strong></span> <span class='ocrx_word' id='word_1_665' title='bbox 3074 4182 3252 4249; x_wconf 83' lang='lat' dir='ltr'><strong><em>navis,</em></strong></span> <span class='ocrx_word' id='word_1_666' title='bbox 3286 4191 3467 4237; x_wconf 87' lang='lat' dir='ltr'><strong><em>tamen</em></strong></span> <span class='ocrx_word' id='word_1_667' title='bbox 3501 4190 3585 4236; x_wconf 88' lang='lat' dir='ltr'><strong><em>est</em></strong></span> <span class='ocrx_word' id='word_1_668' title='bbox 3614 4198 3719 4252; x_wconf 57' lang='lat' dir='ltr'><strong><em>gn-</em></strong></span> 
     </span>
    </p>
   </div>
   <div class='ocr_carea' id='block_1_87' title="bbox 2140 4271 3717 4344">
    <p class='ocr_par' dir='ltr' id='par_1_87' title="bbox 2140 4271 3717 4344">
     <span class='ocr_line' id='line_1_87' title="bbox 2140 4271 3717 4344; baseline -0.001 -17"><span class='ocrx_word' id='word_1_669' title='bbox 2140 4271 2418 4327; x_wconf 89' lang='lat' dir='ltr'><strong><em>bernator.</em></strong></span> <span class='ocrx_word' id='word_1_670' title='bbox 2467 4271 2717 4329; x_wconf 88' lang='lat' dir='ltr'><strong><em>invenies</em></strong></span> <span class='ocrx_word' id='word_1_671' title='bbox 2756 4283 2939 4329; x_wconf 87' lang='lat' dir='ltr'><strong><em>autem</em></strong></span> <span class='ocrx_word' id='word_1_672' title='bbox 2984 4288 3138 4329; x_wconf 67' lang='lat' dir='ltr'><strong><em>novae</em></strong></span> <span class='ocrx_word' id='word_1_673' title='bbox 3185 4274 3374 4344; x_wconf 65' lang='lat' dir='ltr'><strong><em>gloria:</em></strong></span> <span class='ocrx_word' id='word_1_674' title='bbox 3416 4282 3717 4336; x_wconf 89' lang='lat' dir='ltr'><strong><em>amatores,</em></strong></span> 
     </span>
    </p>
   </div>
   <div class='ocr_carea' id='block_1_88' title="bbox 2142 4363 3719 4436">
    <p class='ocr_par' dir='ltr' id='par_1_88' title="bbox 2142 4363 3719 4436">
     <span class='ocr_line' id='line_1_88' title="bbox 2142 4363 3719 4436; baseline 0 -19"><span class='ocrx_word' id='word_1_675' title='bbox 2142 4363 2381 4420; x_wconf 86' lang='lat' dir='ltr'><strong><em>zelantes</em></strong></span> <span class='ocrx_word' id='word_1_676' title='bbox 2412 4364 2481 4418; x_wconf 91' lang='lat' dir='ltr'><strong><em>ab</em></strong></span> <span class='ocrx_word' id='word_1_677' title='bbox 2512 4364 2827 4421; x_wconf 89' lang='lat' dir='ltr'><strong><em>hominibus</em></strong></span> <span class='ocrx_word' id='word_1_678' title='bbox 2855 4364 3108 4436; x_wconf 89' lang='lat' dir='ltr'><strong><em>gloriam,</em></strong></span> <span class='ocrx_word' id='word_1_679' title='bbox 3148 4373 3203 4420; x_wconf 88' lang='lat' dir='ltr'><strong><em>et</em></strong></span> <span class='ocrx_word' id='word_1_680' title='bbox 3233 4380 3264 4419; x_wconf 88' lang='lat' dir='ltr'><strong><em>a</em></strong></span> <span class='ocrx_word' id='word_1_681' title='bbox 3292 4363 3406 4420; x_wconf 90' lang='lat' dir='ltr'><strong><em>Deo</em></strong></span> <span class='ocrx_word' id='word_1_682' title='bbox 3433 4379 3543 4419; x_wconf 91' lang='lat' dir='ltr'><strong><em>non</em></strong></span> <span class='ocrx_word' id='word_1_683' title='bbox 3570 4363 3719 4419; x_wconf 87' lang='lat' dir='ltr'><strong><em>desi-</em></strong></span> 
     </span>
    </p>
   </div>
   <div class='ocr_carea' id='block_1_89' title="bbox 2136 4455 3719 4529">
    <p class='ocr_par' dir='ltr' id='par_1_89' title="bbox 2136 4455 3719 4529">
     <span class='ocr_line' id='line_1_89' title="bbox 2136 4455 3719 4529; baseline -0.003 -15"><span class='ocrx_word' id='word_1_684' title='bbox 2136 4459 2416 4524; x_wconf 86' lang='lat' dir='ltr'><strong><em>derantes,</em></strong></span> <span class='ocrx_word' id='word_1_685' title='bbox 2442 4461 2601 4529; x_wconf 87' lang='lat' dir='ltr'><strong><em>quasi</em></strong></span> <span class='ocrx_word' id='word_1_686' title='bbox 2638 4469 2763 4514; x_wconf 89' lang='lat' dir='ltr'><strong><em>ante</em></strong></span> <span class='ocrx_word' id='word_1_687' title='bbox 2788 4458 3004 4529; x_wconf 87' lang='lat' dir='ltr'><strong><em>judices</em></strong></span> <span class='ocrx_word' id='word_1_688' title='bbox 3033 4466 3089 4514; x_wconf 88' lang='lat' dir='ltr'><strong><em>et</em></strong></span> <span class='ocrx_word' id='word_1_689' title='bbox 3132 4456 3417 4528; x_wconf 64' lang='lat' dir='ltr'><strong><em>praesides,</em></strong></span> <span class='ocrx_word' id='word_1_690' title='bbox 3446 4455 3529 4511; x_wconf 90' lang='lat' dir='ltr'><strong><em>sic</em></strong></span> <span class='ocrx_word' id='word_1_691' title='bbox 3550 4470 3719 4526; x_wconf 82' lang='lat' dir='ltr'><strong><em>quos—</em></strong></span> 
     </span>
    </p>
   </div>
   <div class='ocr_carea' id='block_1_90' title="bbox 454 4546 3718 4638">
    <p class='ocr_par' dir='ltr' id='par_1_90' title="bbox 454 4546 3718 4638">
     <span class='ocr_line' id='line_1_90' title="bbox 454 4546 3718 4638; baseline -0 -35"><span class='ocrx_word' id='word_1_692' title='bbox 454 4547 674 4604; x_wconf 67' lang='lat' dir='ltr'><strong><em>faciunt</em></strong></span> <span class='ocrx_word' id='word_1_693' title='bbox 703 4548 856 4603; x_wconf 83' lang='lat' dir='ltr'><strong><em>utab</em></strong></span> <span class='ocrx_word' id='word_1_694' title='bbox 894 4548 1210 4604; x_wconf 83' lang='lat' dir='ltr'><strong><em>hominibus</em></strong></span> <span class='ocrx_word' id='word_1_695' title='bbox 1240 4551 1548 4616; x_wconf 85' lang='lat' dir='ltr'><strong><em>vidcantur,</em></strong></span> <span class='ocrx_word' id='word_1_696' title='bbox 1573 4547 1783 4603; x_wconf 76' lang='lat' dir='ltr'><strong><em>Scriba:</em></strong></span> <span class='ocrx_word' id='word_1_697' title='bbox 1816 4558 1871 4603; x_wconf 89' lang='lat' dir='ltr'><strong><em>et</em></strong></span> <span class='ocrx_word' id='word_1_698' title='bbox 1893 4546 2038 4603; x_wconf 87' lang='lat' dir='ltr'><strong><em>Pha-</em></strong></span> <span class='ocrx_word' id='word_1_699' title='bbox 2065 4578 2114 4638; x_wconf 67' lang='grc' dir='ltr'><strong><em>ι)</em></strong></span> <span class='ocrx_word' id='word_1_700' title='bbox 2139 4549 2264 4604; x_wconf 89' lang='lat' dir='ltr'><strong><em>dam</em></strong></span> <span class='ocrx_word' id='word_1_701' title='bbox 2292 4548 2488 4605; x_wconf 85' lang='lat' dir='ltr'><strong><em>adduci</em></strong></span> <span class='ocrx_word' id='word_1_702' title='bbox 2526 4559 2654 4605; x_wconf 88' lang='lat' dir='ltr'><strong><em>ante</em></strong></span> <span class='ocrx_word' id='word_1_703' title='bbox 2678 4565 2774 4606; x_wconf 90' lang='lat' dir='ltr'><strong><em>eos</em></strong></span> <span class='ocrx_word' id='word_1_704' title='bbox 2801 4568 2816 4605; x_wconf 89' lang='lat'><strong>:</strong></span> <span class='ocrx_word' id='word_1_705' title='bbox 2850 4559 2905 4605; x_wconf 90' lang='lat' dir='ltr'><strong><em>et</em></strong></span> <span class='ocrx_word' id='word_1_706' title='bbox 2933 4550 2980 4605; x_wconf 91' lang='lat' dir='ltr'><strong><em>si</em></strong></span> <span class='ocrx_word' id='word_1_707' title='bbox 3009 4548 3191 4606; x_wconf 87' lang='lat' dir='ltr'><strong><em>dicere</em></strong></span> <span class='ocrx_word' id='word_1_708' title='bbox 3215 4556 3453 4619; x_wconf 89' lang='lat' dir='ltr'><strong><em>oportet,</em></strong></span> <span class='ocrx_word' id='word_1_709' title='bbox 3481 4563 3580 4618; x_wconf 87' lang='lat' dir='ltr'><strong><em>per</em></strong></span> <span class='ocrx_word' id='word_1_710' title='bbox 3613 4547 3718 4638; x_wconf 81' lang='lat' dir='ltr'><strong><em>hoc</em></strong></span> 
     </span>
    </p>
   </div>
   <div class='ocr_carea' id='block_1_91' title="bbox 463 4640 2036 4714">
    <p class='ocr_par' dir='ltr' id='par_1_91' title="bbox 463 4640 2036 4714">
     <span class='ocr_line' id='line_1_91' title="bbox 463 4640 2036 4714; baseline -0.001 -17"><span class='ocrx_word' id='word_1_711' title='bbox 463 4642 632 4708; x_wconf 67' lang='lat' dir='ltr'><strong><em>risati,</em></strong></span> <span class='ocrx_word' id='word_1_712' title='bbox 678 4643 983 4699; x_wconf 85' lang='lat' dir='ltr'><strong><em>scribentes</em></strong></span> <span class='ocrx_word' id='word_1_713' title='bbox 1015 4643 1150 4714; x_wconf 85' lang='lat' dir='ltr'><strong><em>legis</em></strong></span> <span class='ocrx_word' id='word_1_714' title='bbox 1187 4643 1332 4699; x_wconf 65' lang='lat' dir='ltr'><strong><em>(licia</em></strong></span> <span class='ocrx_word' id='word_1_715' title='bbox 1371 4644 1426 4697; x_wconf 91' lang='lat' dir='ltr'><strong><em>in</em></strong></span> <span class='ocrx_word' id='word_1_716' title='bbox 1468 4643 1683 4699; x_wconf 86' lang='lat' dir='ltr'><strong><em>duabus</em></strong></span> <span class='ocrx_word' id='word_1_717' title='bbox 1719 4640 2036 4712; x_wconf 67' lang='lat' dir='ltr'><strong><em>prazcisuris</em></strong></span> 
     </span>
    </p>
   </div>
   <div class='ocr_carea' id='block_1_92' title="bbox 463 4732 2033 4805">
    <p class='ocr_par' dir='ltr' id='par_1_92' title="bbox 463 4732 2033 4805">
     <span class='ocr_line' id='line_1_92' title="bbox 463 4732 2033 4805; baseline 0 -18"><span class='ocrx_word' id='word_1_718' title='bbox 463 4734 819 4800; x_wconf 85' lang='lat' dir='ltr'><strong><em>membranis,</em></strong></span> <span class='ocrx_word' id='word_1_719' title='bbox 863 4733 1110 4805; x_wconf 77' lang='lat' dir='ltr'><strong><em>alligant,</em></strong></span> <span class='ocrx_word' id='word_1_720' title='bbox 1144 4742 1204 4788; x_wconf 88' lang='lat' dir='ltr'><strong><em>et</em></strong></span> <span class='ocrx_word' id='word_1_721' title='bbox 1241 4735 1466 4789; x_wconf 84' lang='lat' dir='ltr'><strong><em>alteram</em></strong></span> <span class='ocrx_word' id='word_1_722' title='bbox 1504 4733 1727 4804; x_wconf 88' lang='lat' dir='ltr'><strong><em>quidem</em></strong></span> <span class='ocrx_word' id='word_1_723' title='bbox 1770 4733 1824 4788; x_wconf 89' lang='lat' dir='ltr'><strong><em>in</em></strong></span> <span class='ocrx_word' id='word_1_724' title='bbox 1856 4732 2033 4788; x_wconf 84' lang='lat' dir='ltr'><strong><em>domi-</em></strong></span> 
     </span>
    </p>
   </div>
   <div class='ocr_carea' id='block_1_93' title="bbox 461 4825 2037 4898">
    <p class='ocr_par' dir='ltr' id='par_1_93' title="bbox 461 4825 2037 4898">
     <span class='ocr_line' id='line_1_93' title="bbox 461 4825 2037 4898; baseline 0 -17"><span class='ocrx_word' id='word_1_725' title='bbox 461 4829 568 4883; x_wconf 85' lang='lat' dir='ltr'><strong><em>bus</em></strong></span> <span class='ocrx_word' id='word_1_726' title='bbox 606 4836 844 4898; x_wconf 81' lang='lat' dir='ltr'><strong><em>portam,</em></strong></span> <span class='ocrx_word' id='word_1_727' title='bbox 889 4827 1045 4898; x_wconf 85' lang='lat' dir='ltr'><strong><em>quasi</em></strong></span> <span class='ocrx_word' id='word_1_728' title='bbox 1086 4841 1344 4883; x_wconf 84' lang='lat' dir='ltr'><strong><em>coronam</em></strong></span> <span class='ocrx_word' id='word_1_729' title='bbox 1385 4834 1650 4896; x_wconf 84' lang='lat' dir='ltr'><strong><em>ponentes</em></strong></span> <span class='ocrx_word' id='word_1_730' title='bbox 1675 4826 1729 4879; x_wconf 90' lang='lat' dir='ltr'><strong><em>in</em></strong></span> <span class='ocrx_word' id='word_1_731' title='bbox 1765 4825 2037 4896; x_wconf 87' lang='lat' dir='ltr'><strong><em>capitibus</em></strong></span> 
     </span>
    </p>
   </div>
   <div class='ocr_carea' id='block_1_94' title="bbox 465 4917 2033 4990">
    <p class='ocr_par' dir='ltr' id='par_1_94' title="bbox 465 4917 2033 4990">
     <span class='ocr_line' id='line_1_94' title="bbox 465 4917 2033 4990; baseline -0.003 -15"><span class='ocrx_word' id='word_1_732' title='bbox 465 4920 582 4975; x_wconf 79' lang='lat' dir='ltr'><strong><em>suis</em></strong></span> <span class='ocrx_word' id='word_1_733' title='bbox 609 4918 753 4989; x_wconf 88' lang='lat' dir='ltr'><strong><em>quod</em></strong></span> <span class='ocrx_word' id='word_1_734' title='bbox 781 4920 1042 4990; x_wconf 88' lang='lat' dir='ltr'><strong><em>scriptum</em></strong></span> <span class='ocrx_word' id='word_1_735' title='bbox 1074 4930 1158 4974; x_wconf 89' lang='lat' dir='ltr'><strong><em>est</em></strong></span> <span class='ocrx_word' id='word_1_736' title='bbox 1179 4919 1481 4975; x_wconf 90' lang='lat' dir='ltr'><strong><em>secundum</em></strong></span> <span class='ocrx_word' id='word_1_737' title='bbox 1514 4917 1781 4981; x_wconf 81' lang='lat' dir='ltr'><strong><em>frontem;</em></strong></span> <span class='ocrx_word' id='word_1_738' title='bbox 1808 4917 2033 4972; x_wconf 87' lang='lat' dir='ltr'><strong><em>alteram</em></strong></span> 
     </span>
    </p>
   </div>
   <div class='ocr_carea' id='block_1_95' title="bbox 463 5008 2035 5079">
    <p class='ocr_par' dir='ltr' id='par_1_95' title="bbox 463 5008 2035 5079">
     <span class='ocr_line' id='line_1_95' title="bbox 463 5008 2035 5079; baseline -0.001 -17"><span class='ocrx_word' id='word_1_739' title='bbox 463 5017 644 5062; x_wconf 84' lang='lat' dir='ltr'><strong><em>autem</em></strong></span> <span class='ocrx_word' id='word_1_740' title='bbox 679 5023 845 5079; x_wconf 90' lang='lat' dir='ltr'><strong><em>super</em></strong></span> <span class='ocrx_word' id='word_1_741' title='bbox 868 5008 1162 5063; x_wconf 82' lang='lat' dir='ltr'><strong><em>brachium</em></strong></span> <span class='ocrx_word' id='word_1_742' title='bbox 1207 5022 1402 5060; x_wconf 84' lang='lat' dir='ltr'><strong><em>manus</em></strong></span> <span class='ocrx_word' id='word_1_743' title='bbox 1448 5020 1585 5067; x_wconf 62' lang='lat' dir='ltr'><strong><em>sum,</em></strong></span> <span class='ocrx_word' id='word_1_744' title='bbox 1614 5013 1671 5059; x_wconf 88' lang='lat' dir='ltr'><strong><em>et</em></strong></span> <span class='ocrx_word' id='word_1_745' title='bbox 1706 5013 1902 5059; x_wconf 90' lang='lat' dir='ltr'><strong><em>vocant</em></strong></span> <span class='ocrx_word' id='word_1_746' title='bbox 1938 5019 2035 5060; x_wconf 87' lang='lat' dir='ltr'><strong><em>eas</em></strong></span> 
     </span>
    </p>
   </div>
   <div class='ocr_carea' id='block_1_96' title="bbox 464 5094 2034 5171">
    <p class='ocr_par' dir='ltr' id='par_1_96' title="bbox 464 5094 2034 5171">
     <span class='ocr_line' id='line_1_96' title="bbox 464 5094 2034 5171; baseline -0.002 -18"><span class='ocrx_word' id='word_1_747' title='bbox 464 5100 814 5171; x_wconf 83' lang='lat' dir='ltr'><strong><em>phylacteria.</em></strong></span> <span class='ocrx_word' id='word_1_748' title='bbox 857 5097 1123 5154; x_wconf 79' lang='lat' dir='ltr'><strong><em>Similiter</em></strong></span> <span class='ocrx_word' id='word_1_749' title='bbox 1159 5107 1214 5152; x_wconf 91' lang='lat' dir='ltr'><strong><em>et</em></strong></span> <span class='ocrx_word' id='word_1_750' title='bbox 1250 5098 1325 5151; x_wconf 87' lang='lat' dir='ltr'><strong><em>de</em></strong></span> <span class='ocrx_word' id='word_1_751' title='bbox 1357 5095 1576 5150; x_wconf 79' lang='lat' dir='ltr'><strong><em>ﬁmbria</em></strong></span> <span class='ocrx_word' id='word_1_752' title='bbox 1622 5094 1825 5164; x_wconf 90' lang='lat' dir='ltr'><strong><em>aliquid</em></strong></span> <span class='ocrx_word' id='word_1_753' title='bbox 1882 5096 2034 5150; x_wconf 83' lang='lat' dir='ltr'><strong><em>inve-</em></strong></span> 
     </span>
    </p>
   </div>
   <div class='ocr_carea' id='block_1_97' title="bbox 469 5186 2033 5259">
    <p class='ocr_par' dir='ltr' id='par_1_97' title="bbox 469 5186 2033 5259">
     <span class='ocr_line' id='line_1_97' title="bbox 469 5186 2033 5259; baseline -0.004 -13"><span class='ocrx_word' id='word_1_754' title='bbox 469 5194 680 5249; x_wconf 67' lang='lat' dir='ltr'><strong><em>nientes</em></strong></span> <span class='ocrx_word' id='word_1_755' title='bbox 731 5193 787 5247; x_wconf 90' lang='lat' dir='ltr'><strong><em>in</em></strong></span> <span class='ocrx_word' id='word_1_756' title='bbox 841 5189 1265 5247; x_wconf 72' lang='lat' dir='ltr'><strong><em>Denter-euomio</em></strong></span> <span class='ocrx_word' id='word_1_757' title='bbox 1314 5188 1380 5254; x_wconf 74' lang='grc'><strong><em>⁸⁸,</em></strong></span> <span class='ocrx_word' id='word_1_758' title='bbox 1426 5187 1598 5259; x_wconf 77' lang='lat'><strong><em>838</em></strong></span> <span class='ocrx_word' id='word_1_759' title='bbox 1647 5186 2033 5242; x_wconf 77' lang='lat' dir='ltr'><strong><em>existimantur</em></strong></span> 
     </span>
    </p>
   </div>
   <div class='ocr_carea' id='block_1_98' title="bbox 467 5276 2032 5353">
    <p class='ocr_par' dir='ltr' id='par_1_98' title="bbox 467 5276 2032 5353">
     <span class='ocr_line' id='line_1_98' title="bbox 467 5276 2032 5353; baseline -0.004 -16"><span class='ocrx_word' id='word_1_760' title='bbox 467 5299 685 5338; x_wconf 86' lang='lat' dir='ltr'><strong><em>servare</em></strong></span> <span class='ocrx_word' id='word_1_761' title='bbox 728 5284 925 5353; x_wconf 84' lang='lat' dir='ltr'><strong><em>legem,</em></strong></span> <span class='ocrx_word' id='word_1_762' title='bbox 958 5281 1228 5336; x_wconf 76' lang='lat' dir='ltr'><strong><em>titttbriam</em></strong></span> <span class='ocrx_word' id='word_1_763' title='bbox 1270 5279 1511 5349; x_wconf 83' lang='lat' dir='ltr'><strong><em>aliquam</em></strong></span> <span class='ocrx_word' id='word_1_764' title='bbox 1544 5278 1804 5333; x_wconf 77' lang='lat' dir='ltr'><strong><em>facientes</em></strong></span> <span class='ocrx_word' id='word_1_765' title='bbox 1846 5277 1902 5332; x_wconf 91' lang='lat' dir='ltr'><strong><em>in</em></strong></span> <span class='ocrx_word' id='word_1_766' title='bbox 1928 5276 2032 5331; x_wconf 90' lang='lat' dir='ltr'><strong><em>ali-</em></strong></span> 
     </span>
    </p>
   </div>
   <div class='ocr_carea' id='block_1_99' title="bbox 461 5374 2030 5446">
    <p class='ocr_par' dir='ltr' id='par_1_99' title="bbox 461 5374 2030 5446">
     <span class='ocr_line' id='line_1_99' title="bbox 461 5374 2030 5446; baseline -0.004 -15"><span class='ocrx_word' id='word_1_767' title='bbox 461 5392 570 5444; x_wconf 79' lang='lat' dir='ltr'><strong><em>qua</em></strong></span> <span class='ocrx_word' id='word_1_768' title='bbox 618 5384 774 5446; x_wconf 86' lang='lat' dir='ltr'><strong><em>parte</em></strong></span> <span class='ocrx_word' id='word_1_769' title='bbox 831 5374 1281 5430; x_wconf 78' lang='lat' dir='ltr'><strong><em>vestimentorum</em></strong></span> <span class='ocrx_word' id='word_1_770' title='bbox 1338 5386 1564 5428; x_wconf 87' lang='lat' dir='ltr'><strong><em>suorum</em></strong></span> <span class='ocrx_word' id='word_1_771' title='bbox 1615 5384 1738 5440; x_wconf 71' lang='lat' dir='ltr'><strong><em>qua:</em></strong></span> <span class='ocrx_word' id='word_1_772' title='bbox 1792 5377 2030 5440; x_wconf 87' lang='lat' dir='ltr'><strong><em>portant.</em></strong></span> 
     </span>
    </p>
   </div>
   <div class='ocr_carea' id='block_1_100' title="bbox 464 5459 2033 5537">
    <p class='ocr_par' dir='ltr' id='par_1_100' title="bbox 464 5459 2033 5537">
     <span class='ocr_line' id='line_1_100' title="bbox 464 5459 2033 5537; baseline -0.003 -18"><span class='ocrx_word' id='word_1_773' title='bbox 464 5468 637 5521; x_wconf 69' lang='lat' dir='ltr'><strong><em>titiam</em></strong></span> <span class='ocrx_word' id='word_1_774' title='bbox 668 5467 785 5522; x_wconf 62' lang='lat' dir='ltr'><strong><em>haec</em></strong></span> <span class='ocrx_word' id='word_1_775' title='bbox 815 5480 944 5537; x_wconf 80' lang='lat' dir='ltr'><strong><em>ergo</em></strong></span> <span class='ocrx_word' id='word_1_776' title='bbox 984 5463 1249 5520; x_wconf 87' lang='lat' dir='ltr'><strong><em>Dominus</em></strong></span> <span class='ocrx_word' id='word_1_777' title='bbox 1289 5462 1694 5532; x_wconf 72' lang='lat' dir='ltr'><strong><em>reprehendens</em></strong></span> <span class='ocrx_word' id='word_1_778' title='bbox 1724 5459 1948 5516; x_wconf 89' lang='lat' dir='ltr'><strong><em>Scribas</em></strong></span> <span class='ocrx_word' id='word_1_779' title='bbox 1979 5468 2033 5514; x_wconf 91' lang='lat' dir='ltr'><strong><em>et</em></strong></span> 
     </span>
    </p>
   </div>
   <div class='ocr_carea' id='block_1_101' title="bbox 463 5551 2030 5627">
    <p class='ocr_par' dir='ltr' id='par_1_101' title="bbox 463 5551 2030 5627">
     <span class='ocr_line' id='line_1_101' title="bbox 463 5551 2030 5627; baseline -0.003 -16"><span class='ocrx_word' id='word_1_780' title='bbox 463 5558 774 5614; x_wconf 62' lang='lat' dir='ltr'><strong><em>Pharisaeos</em></strong></span> <span class='ocrx_word' id='word_1_781' title='bbox 803 5558 858 5613; x_wconf 93' lang='lat' dir='ltr'><strong><em>in</em></strong></span> <span class='ocrx_word' id='word_1_782' title='bbox 886 5555 1264 5627; x_wconf 71' lang='lat' dir='ltr'><strong><em>corporalibus</em></strong></span> <span class='ocrx_word' id='word_1_783' title='bbox 1295 5563 1352 5609; x_wconf 88' lang='lat' dir='ltr'><strong><em>et</em></strong></span> <span class='ocrx_word' id='word_1_784' title='bbox 1383 5552 1686 5609; x_wconf 81' lang='lat' dir='ltr'><strong><em>visibilibus</em></strong></span> <span class='ocrx_word' id='word_1_785' title='bbox 1711 5565 1902 5607; x_wconf 85' lang='lat' dir='ltr'><strong><em>eorum</em></strong></span> <span class='ocrx_word' id='word_1_786' title='bbox 1927 5551 2030 5607; x_wconf 88' lang='lat' dir='ltr'><strong><em>oh-</em></strong></span> 
     </span>
    </p>
   </div>
   <div class='ocr_carea' id='block_1_102' title="bbox 2145 4636 3719 4709">
    <p class='ocr_par' dir='ltr' id='par_1_102' title="bbox 2145 4636 3719 4709">
     <span class='ocr_line' id='line_1_102' title="bbox 2145 4636 3719 4709; baseline -0.001 -16"><span class='ocrx_word' id='word_1_787' title='bbox 2145 4640 2323 4709; x_wconf 77' lang='lat' dir='ltr'><strong><em>ipsum</em></strong></span> <span class='ocrx_word' id='word_1_788' title='bbox 2381 4640 2719 4695; x_wconf 85' lang='lat' dir='ltr'><strong><em>levissimum</em></strong></span> <span class='ocrx_word' id='word_1_789' title='bbox 2772 4640 2978 4696; x_wconf 89' lang='lat' dir='ltr'><strong><em>Christi</em></strong></span> <span class='ocrx_word' id='word_1_790' title='bbox 3030 4654 3196 4706; x_wconf 87' lang='lat' dir='ltr'><strong><em>onus,</em></strong></span> <span class='ocrx_word' id='word_1_791' title='bbox 3250 4638 3591 4694; x_wconf 87' lang='lat' dir='ltr'><strong><em>intolerabile</em></strong></span> <span class='ocrx_word' id='word_1_792' title='bbox 3636 4636 3719 4691; x_wconf 81' lang='lat' dir='ltr'><strong><em>fa-</em></strong></span> 
     </span>
    </p>
   </div>
   <div class='ocr_carea' id='block_1_103' title="bbox 2143 4730 3714 4801">
    <p class='ocr_par' dir='ltr' id='par_1_103' title="bbox 2143 4730 3714 4801">
     <span class='ocr_line' id='line_1_103' title="bbox 2143 4730 3714 4801; baseline -0.003 -15"><span class='ocrx_word' id='word_1_793' title='bbox 2143 4731 2293 4786; x_wconf 90' lang='lat' dir='ltr'><strong><em>ciunt</em></strong></span> <span class='ocrx_word' id='word_1_794' title='bbox 2321 4746 2482 4786; x_wconf 90' lang='lat' dir='ltr'><strong><em>onus.</em></strong></span> <span class='ocrx_word' id='word_1_795' title='bbox 2523 4730 2726 4787; x_wconf 85' lang='lat' dir='ltr'><strong><em>Christi</em></strong></span> <span class='ocrx_word' id='word_1_796' title='bbox 2777 4743 2963 4788; x_wconf 89' lang='lat' dir='ltr'><strong><em>autem</em></strong></span> <span class='ocrx_word' id='word_1_797' title='bbox 3007 4731 3323 4801; x_wconf 79' lang='lat' dir='ltr'><strong><em>discipulus</em></strong></span> <span class='ocrx_word' id='word_1_798' title='bbox 3352 4730 3614 4790; x_wconf 85' lang='lat' dir='ltr'><strong><em>sustinet,</em></strong></span> <span class='ocrx_word' id='word_1_799' title='bbox 3658 4734 3714 4781; x_wconf 89' lang='lat' dir='ltr'><strong><em>et</em></strong></span> 
     </span>
    </p>
   </div>
   <div class='ocr_carea' id='block_1_104' title="bbox 2121 4816 3709 4881">
    <p class='ocr_par' dir='ltr' id='par_1_104' title="bbox 2121 4816 3709 4881">
     <span class='ocr_line' id='line_1_104' title="bbox 2121 4816 3709 4881; baseline 0.001 -10"><span class='ocrx_word' id='word_1_800' title='bbox 2121 4822 2322 4878; x_wconf 69' lang='lat' dir='ltr'><strong><em>adhuc</em></strong></span> <span class='ocrx_word' id='word_1_801' title='bbox 2357 4822 2645 4879; x_wconf 77' lang='lat' dir='ltr'><strong><em>intercedit</em></strong></span> <span class='ocrx_word' id='word_1_802' title='bbox 2679 4840 2695 4878; x_wconf 89' lang='lat'><strong>:</strong></span> <span class='ocrx_word' id='word_1_803' title='bbox 2726 4824 2911 4878; x_wconf 85' lang='lat' dir='ltr'><strong><em>omnia</em></strong></span> <span class='ocrx_word' id='word_1_804' title='bbox 2961 4820 3090 4879; x_wconf 78' lang='lat' dir='ltr'><strong><em>facit</em></strong></span> <span class='ocrx_word' id='word_1_805' title='bbox 3121 4830 3181 4877; x_wconf 92' lang='lat' dir='ltr'><strong><em>ut</em></strong></span> <span class='ocrx_word' id='word_1_806' title='bbox 3228 4822 3477 4877; x_wconf 84' lang='lat' dir='ltr'><strong><em>videatur</em></strong></span> <span class='ocrx_word' id='word_1_807' title='bbox 3511 4835 3541 4874; x_wconf 91' lang='lat' dir='ltr'><strong><em>a</em></strong></span> <span class='ocrx_word' id='word_1_808' title='bbox 3576 4816 3709 4881; x_wconf 78' lang='lat' dir='ltr'><strong><em>Deo,</em></strong></span> 
     </span>
    </p>
   </div>
   <div class='ocr_carea' id='block_1_105' title="bbox 2141 4906 3711 4985">
    <p class='ocr_par' dir='ltr' id='par_1_105' title="bbox 2141 4906 3711 4985">
     <span class='ocr_line' id='line_1_105' title="bbox 2141 4906 3711 4985; baseline 0 -16"><span class='ocrx_word' id='word_1_809' title='bbox 2141 4914 2372 4985; x_wconf 83' lang='lat' dir='ltr'><strong><em>gloriam</em></strong></span> <span class='ocrx_word' id='word_1_810' title='bbox 2403 4922 2761 4970; x_wconf 86' lang='lat' dir='ltr'><strong><em>contemnens</em></strong></span> <span class='ocrx_word' id='word_1_811' title='bbox 2785 4915 3099 4970; x_wconf 88' lang='lat' dir='ltr'><strong><em>humanam.</em></strong></span> <span class='ocrx_word' id='word_1_812' title='bbox 3132 4911 3236 4969; x_wconf 90' lang='lat' dir='ltr'><strong><em>iste</em></strong></span> <span class='ocrx_word' id='word_1_813' title='bbox 3263 4912 3453 4967; x_wconf 85' lang='lat' dir='ltr'><strong><em>videns</em></strong></span> <span class='ocrx_word' id='word_1_814' title='bbox 3474 4906 3711 4980; x_wconf 81' lang='lat' dir='ltr'><strong><em>parabo-</em></strong></span> 
     </span>
    </p>
   </div>
   <div class='ocr_carea' id='block_1_106' title="bbox 2139 4998 3711 5075">
    <p class='ocr_par' dir='ltr' id='par_1_106' title="bbox 2139 4998 3711 5075">
     <span class='ocr_line' id='line_1_106' title="bbox 2139 4998 3711 5075; baseline -0.004 -16"><span class='ocrx_word' id='word_1_815' title='bbox 2139 5004 2317 5060; x_wconf 82' lang='lat' dir='ltr'><strong><em>larutn</em></strong></span> <span class='ocrx_word' id='word_1_816' title='bbox 2355 5003 2794 5075; x_wconf 85' lang='lat' dir='ltr'><strong><em>evangelicarum</em></strong></span> <span class='ocrx_word' id='word_1_817' title='bbox 2833 5019 3071 5071; x_wconf 60' lang='lat' dir='ltr'><strong><em>coenam,</em></strong></span> <span class='ocrx_word' id='word_1_818' title='bbox 3103 5011 3159 5058; x_wconf 92' lang='lat' dir='ltr'><strong><em>et</em></strong></span> <span class='ocrx_word' id='word_1_819' title='bbox 3194 5002 3442 5073; x_wconf 62' lang='lat' dir='ltr'><strong><em>calestes</em></strong></span> <span class='ocrx_word' id='word_1_820' title='bbox 3470 4998 3711 5071; x_wconf 80' lang='lat' dir='ltr'><strong><em>primiti-</em></strong></span> 
     </span>
    </p>
   </div>
   <div class='ocr_carea' id='block_1_107' title="bbox 2140 5086 3713 5165">
    <p class='ocr_par' dir='ltr' id='par_1_107' title="bbox 2140 5086 3713 5165">
     <span class='ocr_line' id='line_1_107' title="bbox 2140 5086 3713 5165; baseline -0.004 -15"><span class='ocrx_word' id='word_1_821' title='bbox 2140 5109 2331 5150; x_wconf 88' lang='lat' dir='ltr'><strong><em>vorum</em></strong></span> <span class='ocrx_word' id='word_1_822' title='bbox 2356 5092 2647 5159; x_wconf 86' lang='lat' dir='ltr'><strong><em>Ecelesias,</em></strong></span> <span class='ocrx_word' id='word_1_823' title='bbox 2672 5101 2729 5149; x_wconf 90' lang='lat' dir='ltr'><strong><em>et</em></strong></span> <span class='ocrx_word' id='word_1_824' title='bbox 2753 5093 3226 5165; x_wconf 86' lang='lat' dir='ltr'><strong><em>congregationes,</em></strong></span> <span class='ocrx_word' id='word_1_825' title='bbox 3254 5102 3311 5149; x_wconf 89' lang='lat' dir='ltr'><strong><em>et</em></strong></span> <span class='ocrx_word' id='word_1_826' title='bbox 3334 5090 3631 5156; x_wconf 87' lang='lat' dir='ltr'><strong><em>nundinas,</em></strong></span> <span class='ocrx_word' id='word_1_827' title='bbox 3655 5086 3713 5145; x_wconf 78' lang='lat' dir='ltr'><strong><em>in</em></strong></span> 
     </span>
    </p>
   </div>
   <div class='ocr_carea' id='block_1_108' title="bbox 2138 5179 3713 5256">
    <p class='ocr_par' dir='ltr' id='par_1_108' title="bbox 2138 5179 3713 5256">
     <span class='ocr_line' id='line_1_108' title="bbox 2138 5179 3713 5256; baseline -0.002 -17"><span class='ocrx_word' id='word_1_828' title='bbox 2138 5186 2340 5256; x_wconf 85' lang='lat' dir='ltr'><strong><em>quibus</em></strong></span> <span class='ocrx_word' id='word_1_829' title='bbox 2388 5193 2528 5253; x_wconf 89' lang='lat' dir='ltr'><strong><em>erat,</em></strong></span> <span class='ocrx_word' id='word_1_830' title='bbox 2580 5185 2880 5240; x_wconf 89' lang='lat' dir='ltr'><strong><em>secundum</em></strong></span> <span class='ocrx_word' id='word_1_831' title='bbox 2932 5184 3218 5241; x_wconf 79' lang='lat' dir='ltr'><strong><em>Canticum</em></strong></span> <span class='ocrx_word' id='word_1_832' title='bbox 3266 5182 3608 5240; x_wconf 82' lang='lat' dir='ltr'><strong><em>canticorum</em></strong></span> <span class='ocrx_word' id='word_1_833' title='bbox 3645 5179 3713 5243; x_wconf 76' lang='lat'><strong><em>&quot;,</em></strong></span> 
     </span>
    </p>
   </div>
   <div class='ocr_carea' id='block_1_109' title="bbox 2139 5272 3715 5347">
    <p class='ocr_par' dir='ltr' id='par_1_109' title="bbox 2139 5272 3715 5347">
     <span class='ocr_line' id='line_1_109' title="bbox 2139 5272 3715 5347; baseline -0.005 -15"><span class='ocrx_word' id='word_1_834' title='bbox 2139 5291 2363 5347; x_wconf 87' lang='lat' dir='ltr'><strong><em>sponsa,</em></strong></span> <span class='ocrx_word' id='word_1_835' title='bbox 2395 5276 2822 5347; x_wconf 72' lang='lat' dir='ltr'><strong><em>diligit‘quidem</em></strong></span> <span class='ocrx_word' id='word_1_836' title='bbox 2862 5276 2917 5330; x_wconf 92' lang='lat' dir='ltr'><strong><em>in</em></strong></span> <span class='ocrx_word' id='word_1_837' title='bbox 2950 5274 3291 5347; x_wconf 87' lang='lat' dir='ltr'><strong><em>spiritalibus</em></strong></span> <span class='ocrx_word' id='word_1_838' title='bbox 3318 5273 3495 5331; x_wconf 73' lang='lat' dir='ltr'><strong><em>omnis</em></strong></span> <span class='ocrx_word' id='word_1_839' title='bbox 3528 5272 3715 5328; x_wconf 87' lang='lat' dir='ltr'><strong><em>discu-</em></strong></span> 
     </span>
    </p>
   </div>
   <div class='ocr_carea' id='block_1_110' title="bbox 2141 5363 3717 5436">
    <p class='ocr_par' dir='ltr' id='par_1_110' title="bbox 2141 5363 3717 5436">
     <span class='ocr_line' id='line_1_110' title="bbox 2141 5363 3717 5436; baseline -0.005 -14"><span class='ocrx_word' id='word_1_840' title='bbox 2141 5367 2288 5422; x_wconf 87' lang='lat' dir='ltr'><strong><em>bitus</em></strong></span> <span class='ocrx_word' id='word_1_841' title='bbox 2330 5366 2562 5436; x_wconf 87' lang='lat' dir='ltr'><strong><em>primos,</em></strong></span> <span class='ocrx_word' id='word_1_842' title='bbox 2612 5376 2672 5419; x_wconf 88' lang='lat' dir='ltr'><strong><em>ut</em></strong></span> <span class='ocrx_word' id='word_1_843' title='bbox 2717 5364 2947 5420; x_wconf 86' lang='lat' dir='ltr'><strong><em>meliora</em></strong></span> <span class='ocrx_word' id='word_1_844' title='bbox 2996 5364 3327 5436; x_wconf 87' lang='lat' dir='ltr'><strong><em>spiritalium</em></strong></span> <span class='ocrx_word' id='word_1_845' title='bbox 3365 5363 3617 5420; x_wconf 85' lang='lat' dir='ltr'><strong><em>ciborum</em></strong></span> <span class='ocrx_word' id='word_1_846' title='bbox 3659 5369 3717 5415; x_wconf 89' lang='lat' dir='ltr'><strong><em>et</em></strong></span> 
     </span>
    </p>
   </div>
   <div class='ocr_carea' id='block_1_111' title="bbox 2137 5450 3715 5527">
    <p class='ocr_par' dir='ltr' id='par_1_111' title="bbox 2137 5450 3715 5527">
     <span class='ocr_line' id='line_1_111' title="bbox 2137 5450 3715 5527; baseline -0.003 -18"><span class='ocrx_word' id='word_1_847' title='bbox 2137 5455 2408 5527; x_wconf 89' lang='lat' dir='ltr'><strong><em>primitias</em></strong></span> <span class='ocrx_word' id='word_1_848' title='bbox 2445 5456 2679 5511; x_wconf 90' lang='lat' dir='ltr'><strong><em>convivii</em></strong></span> <span class='ocrx_word' id='word_1_849' title='bbox 2715 5453 2976 5527; x_wconf 87' lang='lat' dir='ltr'><strong><em>spiritalis</em></strong></span> <span class='ocrx_word' id='word_1_850' title='bbox 3012 5454 3327 5520; x_wconf 88' lang='lat' dir='ltr'><strong><em>manducet,</em></strong></span> <span class='ocrx_word' id='word_1_851' title='bbox 3358 5461 3411 5508; x_wconf 91' lang='lat' dir='ltr'><strong><em>et</em></strong></span> <span class='ocrx_word' id='word_1_852' title='bbox 3446 5466 3555 5506; x_wconf 89' lang='lat' dir='ltr'><strong><em>non</em></strong></span> <span class='ocrx_word' id='word_1_853' title='bbox 3587 5450 3715 5507; x_wconf 79' lang='lat' dir='ltr'><strong><em>reli-</em></strong></span> 
     </span>
    </p>
   </div>
   <div class='ocr_carea' id='block_1_112' title="bbox 2138 5545 3717 5620">
    <p class='ocr_par' dir='ltr' id='par_1_112' title="bbox 2138 5545 3717 5620">
     <span class='ocr_line' id='line_1_112' title="bbox 2138 5545 3717 5620; baseline -0.002 -17"><span class='ocrx_word' id='word_1_854' title='bbox 2138 5548 2297 5619; x_wconf 88' lang='lat' dir='ltr'><strong><em>quias</em></strong></span> <span class='ocrx_word' id='word_1_855' title='bbox 2321 5557 2667 5605; x_wconf 83' lang='lat' dir='ltr'><strong><em>caeterorum.</em></strong></span> <span class='ocrx_word' id='word_1_856' title='bbox 2698 5546 2880 5619; x_wconf 87' lang='lat' dir='ltr'><strong><em>Diligit</em></strong></span> <span class='ocrx_word' id='word_1_857' title='bbox 2900 5549 3066 5604; x_wconf 89' lang='lat' dir='ltr'><strong><em>etiam</em></strong></span> <span class='ocrx_word' id='word_1_858' title='bbox 3087 5564 3211 5605; x_wconf 87' lang='lat' dir='ltr'><strong><em>cum</em></strong></span> <span class='ocrx_word' id='word_1_859' title='bbox 3237 5545 3501 5620; x_wconf 83' lang='lat' dir='ltr'><strong><em>apostolis</em></strong></span> <span class='ocrx_word' id='word_1_860' title='bbox 3526 5545 3717 5602; x_wconf 83' lang='lat' dir='ltr'><strong><em>seden-</em></strong></span> 
     </span>
    </p>
   </div>
   <div class='ocr_carea' id='block_1_113' title="bbox 528 5751 2049 5824">
    <p class='ocr_par' dir='ltr' id='par_1_113' title="bbox 528 5755 2049 5824">
     <span class='ocr_line' id='line_1_113' title="bbox 528 5755 2049 5824; baseline 0.008 -16"><span class='ocrx_word' id='word_1_861' title='bbox 528 5758 577 5789; x_wconf 59' lang='grc' dir='ltr'><strong><em>ηιι</em></strong></span> <span class='ocrx_word' id='word_1_862' title='bbox 611 5774 702 5823; x_wconf 70' lang='grc' dir='ltr'><strong><em>κν,</em></strong></span> <span class='ocrx_word' id='word_1_863' title='bbox 734 5758 818 5824; x_wconf 84' lang='lat' dir='ltr'><strong><em>to,</em></strong></span> <span class='ocrx_word' id='word_1_864' title='bbox 845 5761 931 5815; x_wconf 82' lang='lat' dir='ltr'><strong><em>tt.</em></strong></span> <span class='ocrx_word' id='word_1_865' title='bbox 1008 5761 1052 5792; x_wconf 76' lang='grc' dir='ltr'>η</span> <span class='ocrx_word' id='word_1_866' title='bbox 1085 5758 1270 5814; x_wconf 76' lang='lat' dir='ltr'><strong><em>Matth.</em></strong></span> <span class='ocrx_word' id='word_1_867' title='bbox 1300 5756 1562 5819; x_wconf 50' lang='lat' dir='ltr'><strong><em>mas-so</em></strong></span> <span class='ocrx_word' id='word_1_868' title='bbox 1660 5756 1707 5787; x_wconf 83' lang='lat'><strong>&quot;</strong></span> <span class='ocrx_word' id='word_1_869' title='bbox 1731 5755 1887 5809; x_wconf 64' lang='lat' dir='ltr'><strong><em>Bouh</em></strong></span> <span class='ocrx_word' id='word_1_870' title='bbox 1915 5772 1973 5818; x_wconf 82' lang='lat' dir='ltr'><strong><em>II.</em></strong></span> <span class='ocrx_word' id='word_1_871' title='bbox 1998 5756 2049 5810; x_wconf 64' lang='grc' dir='ltr'><strong><em>ἓξ</em></strong></span> 
     </span>
    </p>
   </div>
   <div class='ocr_carea' id='block_1_114' title="bbox 2151 5751 3713 5824">
    <p class='ocr_par' dir='ltr' id='par_1_114' title="bbox 2151 5751 3713 5821">
     <span class='ocr_line' id='line_1_114' title="bbox 2151 5751 3713 5821; baseline -0.005 -10"><span class='ocrx_word' id='word_1_872' title='bbox 2151 5756 2199 5812; x_wconf 83' lang='grc'><strong><em>9.</em></strong></span> <span class='ocrx_word' id='word_1_873' title='bbox 2276 5757 2322 5789; x_wconf 62' lang='grc'><strong><em>⁸⁸</em></strong></span> <span class='ocrx_word' id='word_1_874' title='bbox 2344 5757 2358 5809; x_wconf 95' lang='grc' dir='ltr'><strong>Ι</strong></span> <span class='ocrx_word' id='word_1_875' title='bbox 2380 5756 2503 5810; x_wconf 89' lang='lat' dir='ltr'><strong><em>Cor.</em></strong></span> <span class='ocrx_word' id='word_1_876' title='bbox 2533 5757 2660 5821; x_wconf 88' lang='lat' dir='ltr'><strong><em>v,8.</em></strong></span> <span class='ocrx_word' id='word_1_877' title='bbox 2737 5756 2783 5786; x_wconf 80' lang='grc'><strong><em>⁵⁸</em></strong></span> <span class='ocrx_word' id='word_1_878' title='bbox 2805 5753 2962 5811; x_wconf 82' lang='lat' dir='ltr'><strong><em>Joan.</em></strong></span> <span class='ocrx_word' id='word_1_879' title='bbox 2999 5771 3071 5821; x_wconf 74' lang='lat' dir='ltr'><strong><em>v1,</em></strong></span> <span class='ocrx_word' id='word_1_880' title='bbox 3104 5755 3194 5809; x_wconf 73' lang='grc'><strong><em>54.</em></strong></span> <span class='ocrx_word' id='word_1_881' title='bbox 3268 5753 3315 5786; x_wconf 80' lang='grc'><strong><em>⁸⁸</em></strong></span> <span class='ocrx_word' id='word_1_882' title='bbox 3342 5751 3529 5807; x_wconf 84' lang='lat' dir='ltr'><strong><em>Matth.</em></strong></span> <span class='ocrx_word' id='word_1_883' title='bbox 3555 5764 3713 5811; x_wconf 73' lang='lat' dir='ltr'><strong><em>nul.</em></strong></span> 
     </span>
    </p>
   </div>
   <div class='ocr_carea' id='block_1_115' title="bbox 463 5824 3436 5897">
    <p class='ocr_par' dir='ltr' id='par_1_115' title="bbox 463 5824 3436 5897">
     <span class='ocr_line' id='line_1_115' title="bbox 463 5824 3436 5897; baseline -0.001 -17"><span class='ocrx_word' id='word_1_884' title='bbox 463 5827 520 5880; x_wconf 79' lang='lat'><strong><em>5.</em></strong></span> <span class='ocrx_word' id='word_1_885' title='bbox 593 5827 634 5857; x_wconf 84' lang='grc'>⁸⁷</span> <span class='ocrx_word' id='word_1_886' title='bbox 660 5828 816 5883; x_wconf 84' lang='lat' dir='ltr'><strong><em>Deut.</em></strong></span> <span class='ocrx_word' id='word_1_887' title='bbox 842 5845 915 5892; x_wconf 76' lang='lat' dir='ltr'><strong><em>vr.</em></strong></span> <span class='ocrx_word' id='word_1_888' title='bbox 946 5830 1001 5885; x_wconf 88' lang='lat'><strong><em>8.</em></strong></span> <span class='ocrx_word' id='word_1_889' title='bbox 1074 5831 1119 5861; x_wconf 81' lang='grc'><strong><em>⁸⁸</em></strong></span> <span class='ocrx_word' id='word_1_890' title='bbox 1148 5842 1282 5895; x_wconf 76' lang='lat' dir='ltr'><strong><em>xm,</em></strong></span> <span class='ocrx_word' id='word_1_891' title='bbox 1311 5829 1395 5881; x_wconf 74' lang='lat' dir='ltr'><strong><em>l2.</em></strong></span> <span class='ocrx_word' id='word_1_892' title='bbox 1474 5828 1519 5859; x_wconf 73' lang='grc' dir='ltr'>δ’</span> <span class='ocrx_word' id='word_1_893' title='bbox 1551 5827 1567 5880; x_wconf 98' lang='lat' dir='ltr'><strong><em>l</em></strong></span> <span class='ocrx_word' id='word_1_894' title='bbox 1602 5825 1742 5880; x_wconf 76' lang='lat' dir='ltr'><strong><em>Tim.</em></strong></span> <span class='ocrx_word' id='word_1_895' title='bbox 1784 5842 1870 5892; x_wconf 74' lang='lat' dir='ltr'><strong><em>tu,</em></strong></span> <span class='ocrx_word' id='word_1_896' title='bbox 1901 5827 1961 5894; x_wconf 82' lang='lat'><strong><em>8,</em></strong></span> <span class='ocrx_word' id='word_1_897' title='bbox 1990 5830 2044 5882; x_wconf 84' lang='lat'><strong><em>9.</em></strong></span> <span class='ocrx_word' id='word_1_898' title='bbox 2078 5841 2132 5883; x_wconf 92' lang='lat' dir='ltr'><strong><em>et</em></strong></span> <span class='ocrx_word' id='word_1_899' title='bbox 2164 5842 2278 5897; x_wconf 86' lang='lat' dir='ltr'><strong><em>seq.</em></strong></span> <span class='ocrx_word' id='word_1_900' title='bbox 2358 5829 2403 5859; x_wconf 78' lang='grc' dir='ltr'><strong>⁸ο</strong></span> <span class='ocrx_word' id='word_1_901' title='bbox 2438 5827 2570 5881; x_wconf 87' lang='lat' dir='ltr'><strong><em>ihid.</em></strong></span> <span class='ocrx_word' id='word_1_902' title='bbox 2648 5827 2692 5858; x_wconf 82' lang='lat'>“</span> <span class='ocrx_word' id='word_1_903' title='bbox 2733 5825 2870 5881; x_wconf 86' lang='lat' dir='ltr'><strong><em>ibid.</em></strong></span> <span class='ocrx_word' id='word_1_904' title='bbox 2980 5826 3024 5857; x_wconf 84' lang='grc'><strong>⁸²</strong></span> <span class='ocrx_word' id='word_1_905' title='bbox 3054 5824 3212 5881; x_wconf 92' lang='lat' dir='ltr'><strong><em>Cant.</em></strong></span> <span class='ocrx_word' id='word_1_906' title='bbox 3258 5840 3341 5893; x_wconf 86' lang='lat' dir='ltr'><strong><em>nt,</em></strong></span> <span class='ocrx_word' id='word_1_907' title='bbox 3381 5824 3436 5877; x_wconf 68' lang='grc' dir='ltr'><strong><em>εὶ.</em></strong></span> 
     </span>
    </p>
   </div>
  </div>
