4110 6404
412 384 549 443 1617

1570 370 2231 432 COMMENTARIORUM
2268 368 2532 427 SERIES.

3551 360 3687 416 1618

410 506 559 562 tibus
596 516 762 574 super
806 502 1034 557 thronos
1077 496 1393 564 duodecim,
1423 495 1631 567 primas
1665 494 1994 557 cathedras,
2030 498 2074 556 Λ
2102 490 2195 547 Dei
2233 492 2377 546 illius
2402 490 2498 559 qui
2532 489 2703 561 legem
2732 485 2903 552 dedit,
2930 483 3236 543 secundum
3270 479 3687 574 similitudinem

413 597 632 652 actibus
666 594 825 650 bonis
868 593 1094 665 dignunt
1123 606 1184 646 se
1222 590 1464 660 praebere
1493 588 1763 643 festinans
1801 586 1996 641 entheo

411 688 530 743 dris
579 685 916 757 hujusmodi.
973 682 1067 738 Sic
1125 689 1308 736 autem
1353 688 1410 734 et
1464 679 1825 734 salutationes
1874 691 1999 746 quas

415 779 557 834 ﬁunt
592 778 648 833 in
700 776 979 840 nundinis,
1029 788 1169 845 quas
1215 771 1576 841 exposuimus
1618 784 1805 840 supra.
1840 768 1998 825 Unus

410 880 499 929 est
536 870 797 939 magister
835 867 1082 922 omnium
1111 866 1182 920 “.
1218 862 1418 920 Vocari
1450 870 1634 917 autem
1669 860 1867 924 Rabbi,
1902 876 1998 914 ne-

409 978 521 1037 que
561 962 631 1019 ab
660 960 999 1021 hominibus,
1032 973 1210 1028 neque
1236 957 1306 1012 ab
1336 956 1446 1012 alio
1467 954 1659 1024 aliquo
1700 953 1877 1023 diligit
1906 952 1999 1022 ju-

409 1062 553 1118 stus,
582 1066 769 1108 certus
794 1051 924 1121 quia
947 1064 1091 1105 unus
1112 1058 1200 1104 est
1220 1045 1485 1118 magister
1503 1044 1774 1101 omnium.
1791 1040 1998 1097 Omnes

411 1154 593 1200 autem
629 1141 723 1213 qui
766 1141 872 1196 sub
916 1154 986 1196 eo
1030 1145 1182 1204 sunt,
1224 1135 1552 1190 alterutrum
1600 1140 1731 1189 sunt
1775 1128 1994 1184 fratres.

413 1234 520 1291 Sed
560 1244 617 1291 et
643 1234 738 1306 qui
777 1247 1015 1303 superna
1051 1228 1338 1285 nativitate
1365 1241 1478 1282 non
1517 1224 1698 1282 solum
1732 1238 1801 1278 ex
1831 1236 1995 1292 aqua,

410 1329 506 1385 sed
544 1328 712 1385 etiam
753 1326 823 1382 de
860 1324 1069 1398 Spiritu
1097 1333 1262 1379 natus
1296 1329 1403 1386 est,
1435 1317 1704 1391 Spiritum
1741 1315 2000 1387 adoptio-

410 1423 500 1479 nis
528 1421 761 1492 accepit,
792 1427 855 1475 ut
886 1419 1073 1475 dicant
1099 1416 1168 1473 de
1196 1432 1284 1481 eo,
1311 1414 1442 1487 quia
1467 1427 1580 1468 non
1606 1420 1688 1468 est
1716 1426 1784 1466 ex
1811 1423 1997 1474 carne,

411 1526 591 1582 neque
622 1526 691 1567 ex
721 1510 1004 1565 voluntate
1049 1506 1178 1574 viri,
1213 1504 1309 1562 sed
1344 1518 1413 1559 ex
1434 1500 1547 1557 Deo
1584 1508 1751 1557 natus
1774 1507 1865 1557 est
1894 1499 1941 1531 “
1981 1515 1996 1554 :

410 1602 616 1659 nullius
648 1614 842 1657 eorum
886 1594 988 1670 qui
1023 1596 1079 1653 in
1128 1594 1293 1653 terris
1340 1593 1615 1649 habentur
1646 1600 1702 1649 et
1737 1589 1999 1648 deorsum

411 1695 558 1753 Illius
593 1694 776 1750 adhuc
801 1692 1093 1759 exsistens,
1137 1704 1248 1745 non
1285 1695 1448 1744 vocat
1484 1696 1697 1758 patrem
1731 1685 1787 1742 in
1812 1685 1998 1752 terris,

408 1785 571 1856 quasi
598 1784 694 1856 qui
729 1798 825 1854 per
854 1796 1075 1838 omnem
1117 1788 1302 1835 aetum
1335 1778 1642 1834 secundum
1679 1775 1853 1833 Deum
1888 1777 1999 1831 im-

2106 582 2327 652 qttident
2388 580 2832 637 benedictionutn
2882 594 3006 649 qua:
3055 576 3245 648 posita:
3295 581 3428 631 sunt
3466 573 3522 628 in
3552 572 3690 641 lege,

2105 675 2238 730 dicit
2265 682 2320 729 et
2357 674 2474 744 ipse
2506 672 2875 728 beatitudines
2897 685 3090 724 eorum
3117 668 3213 739 qui
3246 667 3550 724 salvantur.
3590 661 3692 720 80-

2105 766 2350 822 eundum
2385 763 2804 821 similitudinem
2837 770 3019 817 autem
3063 759 3509 816 maledictionum
3540 756 3691 828 posi-

2106 868 2286 914 tarum
2342 858 2395 911 in
2451 857 2587 926 lege,
2635 856 2791 925 ponit
2828 855 3094 909 adversus
3130 859 3445 922 peccatores
3474 864 3575 915 vae,
3609 848 3694 902 di:

2105 964 2236 1005 cens
2268 966 2281 1003 :
2309 947 2402 1003 Vua
2449 946 2607 1002 vobis
2658 957 2714 1001 et
2764 946 2940 1001 vobis.
2984 942 3053 998 Et
3109 944 3229 998 lucc
3280 941 3564 997 audientes
3596 937 3691 1009 qui

2106 1040 2276 1095 Deum
2323 1039 2460 1111 legis
2507 1045 2830 1102 causantur,
2879 1051 2989 1090 non
3034 1036 3405 1106 intelligentes
3455 1031 3600 1101 quod
3637 1038 3699 1087 et

2106 1132 2197 1188 illa
2225 1147 2255 1186 a
2293 1130 2402 1186 Deo
2453 1130 2688 1199 benigno
2719 1137 2849 1183 sunt
2868 1127 3034 1195 dicta,
3062 1127 3245 1182 dicant
3268 1125 3399 1195 quid
3428 1124 3694 1181 debemus

2107 1222 2407 1292 intelligere
2467 1219 2535 1275 de
2578 1219 2713 1275 Jesu
2759 1218 3015 1274 dicente:
3058 1216 3148 1272 Va:
3189 1216 3357 1281 vobis,
3403 1213 3610 1270 Scriba
3640 1222 3692 1267 et

2108 1313 2396 1369 Phariswi.
2427 1310 2530 1379 Qui
2570 1309 2813 1365 fatentur
2833 1308 3096 1364 bonitatis
3121 1322 3244 1363 esse
3278 1307 3543 1361 adversus
3567 1318 3692 1374 prc-

2108 1411 2324 1460 calores
2366 1403 2468 1457 ista
2518 1400 2879 1472 pronuntiare
2904 1440 2924 1467 ,
2961 1400 3266 1470 intelligant
3306 1397 3456 1468 quod
3515 1395 3695 1451 simile

2107 1504 2195 1553 est
2217 1495 2558 1566 propositum
2598 1493 2694 1549 Dei
2741 1494 2796 1548 in
2837 1491 3322 1547 maledictionibus
3356 1489 3489 1559 legis
3516 1486 3693 1559 profe-

2109 1589 2363 1646 rendisin
2391 1589 2528 1659 lege.
2555 1586 2685 1643 Sive
2712 1598 2896 1643 autem
2927 1587 3018 1641 illa
3054 1585 3388 1651 maledictio,
3421 1584 3538 1638 sive
3562 1582 3695 1637 illud

2110 1697 2191 1737 va:
2221 1680 2665 1752 pronuntiatum,
2729 1693 2838 1732 non
2866 1692 2934 1733 ex
2971 1677 3422 1747 pronuntiatione
3447 1689 3693 1746 pronun.

2116 1773 2305 1830 tiantis
2330 1770 2627 1842 unicuique
2674 1769 2906 1839 contigit
2948 1768 3219 1839 peecanti,
3254 1768 3346 1822 sed
3371 1783 3436 1821 ex
3460 1766 3696 1836 peccatis

410 1879 618 1949 pictum
650 1876 782 1934 dicit
825 1894 840 1930 :
872 1874 1039 1930 Pater
1065 1883 1264 1941 noster,
1299 1872 1391 1942 qui
1419 1887 1475 1926 es
1506 1870 1561 1925 in
1591 1869 1735 1925 caelis
1767 1871 1833 1925 ⁸⁸.
1863 1867 2002 1926 Etsi
2036 1863 2079 1920 Β
2107 1864 2282 1936 ipsius
2337 1863 2638 1935 peccantis,
2667 1861 2764 1933 qui
2809 1861 3040 1932 dignum
3077 1875 3137 1916 se
3172 1859 3380 1931 praebet
3401 1860 3470 1912 ad
3501 1873 3694 1913 susce-

413 1969 692 2024 tninistrat
717 1967 845 2039 quis
883 1966 1052 2022 verba
1084 1964 1294 2032 divina,
1330 1977 1679 2034 nequaquam
1708 1976 1768 2018 se
1797 1961 2005 2033 praebet
2105 1957 2346 2029 ptionem
2403 1954 2488 2010 vel
2548 1954 2765 2009 illarum
2814 1952 3257 2010 maledictionum
3279 1990 3297 2018 ,
3338 1951 3424 2007 vel
3462 1951 3694 2005 istorum

410 2066 475 2114 ut
499 2059 758 2130 magister
785 2067 1032 2123 vocetur,
1065 2054 1250 2111 sciens
1283 2054 1412 2124 quia
1435 2051 1691 2108 Christus
1718 2051 1773 2105 in
1802 2066 1868 2106 eo
1894 2058 2000 2115 est,

410 2148 632 2219 quando
681 2147 820 2202 bene
858 2145 1173 2218 profecerit,
1207 2159 1369 2215 quem
1405 2150 1621 2213 oportet
1668 2143 1851 2198 vocari
1885 2158 2002 2196 ma-

410 2241 643 2310 gistrum
687 2254 717 2293 a
753 2240 967 2295 cunctis
1010 2237 1384 2309 prodiiieatis;
1420 2251 1479 2291 se
1506 2245 1687 2290 autem
1718 2237 2002 2306 proﬁtetur

413 2332 726 2389 ministrum
749 2331 1052 2387 secundum
1085 2329 1404 2385 mandatum
1427 2327 1631 2383 Christi
1655 2328 1889 2383 dicentis
1914 2328 1998 2382 “:

411 2426 519 2493 Qui
549 2424 723 2491 major
747 2432 825 2478 est
862 2425 1000 2477 inter
1039 2439 1149 2486 vos,
1181 2425 1253 2476 sit
1289 2420 1526 2474 omnium
1560 2421 1824 2475 minister.
1851 2417 2000 2485 Quo-

413 2516 561 2572 niam
589 2523 645 2573 et
666 2515 783 2585 ipse
805 2514 1062 2570 Christus
1085 2527 1211 2568 cum
1246 2519 1393 2567 esset
1418 2525 1546 2567 vere
1587 2511 1870 2583 magister,
1897 2511 2001 2566 mi-

413 2608 649 2663 nistrunt
682 2621 743 2664 se
781 2621 907 2663 esse
945 2605 1229 2677 professus
1253 2613 1367 2670 est,
1406 2602 1595 2660 dicens
1624 2602 1669 2636 ⁸⁷
1702 2622 1716 2659 :
1751 2602 1865 2675 Ego
1902 2620 2001 2658 au-

413 2708 516 2753 tem
544 2714 661 2754 sunt
702 2699 758 2752 in
789 2698 960 2753 medio
997 2708 1250 2760 oestrum,
1277 2712 1382 2752 non
1420 2695 1578 2767 quasi
1599 2697 1693 2767 qui
1718 2695 1997 2761 recumbit,

411 2789 505 2844 sed
536 2790 693 2860 quasi
725 2791 819 2861 qui
863 2790 1158 2845 ministrat.
1217 2787 1365 2846 Bene
1412 2796 1596 2845 autem
1643 2796 1771 2860 post
1814 2787 1999 2844 omnia

410 2880 609 2951 quibus
653 2896 807 2936 vanae
829 2880 1019 2950 gloria:
1053 2880 1224 2936 vetuit
1244 2879 1746 2950 concupiscentias,
1786 2877 2000 2934 addidit

410 2973 604 3029 dicens
649 2972 696 3005 ⁸·
736 2987 752 3024 :
792 2971 898 3038 Qui
940 2986 996 3025 se
1031 2971 1372 3037 exaltanerit,
1410 2969 1805 3025 humiliabitur.
1840 2969 1997 3037 Quod

414 3066 625 3120 utinam
676 3078 873 3119 omnes
928 3062 1149 3134 quidem
1207 3063 1484 3131 audirent,
1527 3063 1766 3120 maxime
1813 3072 1996 3119 autent

411 3155 655 3225 diaconi,
688 3165 743 3211 et
775 3156 1102 3228 presbyteri,
1130 3166 1185 3213 et
1210 3157 1478 3229 episcopi,
1513 3157 1755 3214 maxime
1784 3158 1879 3228 qui
1908 3173 2000 3213 ar-

412 3251 688 3306 bitrantur
712 3252 834 3308 hate
871 3266 981 3306 non
1011 3266 1133 3308 csse
1160 3251 1366 3323 scripta
1397 3269 1410 3306 :
1445 3252 1550 3318 Qui
1574 3267 1630 3307 se
1657 3250 1995 3317 excitaverit,

411 3337 821 3405 hutnitiabitttr;
872 3332 1160 3410 propterea
1210 3340 1357 3410 quod
1414 3341 1574 3411 quasi
1634 3355 1815 3412 neque
1866 3340 1998 3397 illud

410 3428 672 3494 scientes,
702 3431 794 3500 qui
834 3447 889 3485 se
914 3430 1197 3497 humiliut,
1229 3430 1585 3501 excitabitur,
1631 3450 1738 3488 tton
1768 3433 2001 3488 audiunt

408 3535 535 3574 eum
564 3521 656 3591 qui
681 3521 819 3576 dixit
846 3523 891 3555 θ’
921 3540 934 3574 :
971 3521 1173 3579 Discite
1203 3540 1270 3579 ea:
1295 3539 1378 3579 me
1415 3526 1668 3595 quoniam
1710 3526 1857 3581 mitis
1879 3543 2000 3582 sum

408 3617 460 3663 et
501 3609 718 3665 humilis
762 3611 939 3666 corde.
980 3610 1152 3667 lnﬂati
1205 3622 1336 3668 sunt
1372 3623 1581 3680 autent,
1614 3622 1669 3669 et
1712 3629 1809 3684 per
1837 3614 1998 3670 infla—

410 3699 617 3754 tionem
657 3700 917 3756 decidunt
953 3701 1008 3754 in
1040 3701 1311 3770 judicium
1344 3702 1547 3757 diaboli
1578 3704 1647 3767 ⁷⁸,
1689 3718 1793 3757 nec
1836 3719 1992 3773 qua:-

410 3798 543 3845 ruttt
576 3804 672 3860 per
696 3790 1082 3846 humilitatem-
1115 3792 1413 3848 ascendere
1458 3809 1489 3848 a
1517 3793 1730 3865 judicio
1756 3794 1997 3851 inﬂatio-

410 3881 521 3946 nis,
554 3896 679 3937 cutn
722 3874 981 3937 deberent
1019 3884 1298 3940 recordari
1334 3884 1631 3956 Sapientia:
1658 3887 1886 3942 verbum
1913 3887 1999 3942 di-

410 3972 589 4026 centis
615 3972 660 4003 "
696 3989 708 4027 :
740 3973 1017 4039 Quantum
1051 3991 1275 4046 magnus
1306 3993 1382 4043 es,
1424 3986 1629 4031 tantum
1664 3977 1893 4032 humilia
1928 3989 1996 4047 te,

408 4074 463 4116 et
482 4078 665 4116 coram
689 4062 799 4118 Deo
830 4066 1059 4121 invenies
1082 4067 1315 4139 gratiam
1333 4085 1352 4133 ,'
1372 4069 1518 4139 quod
1547 4069 1784 4139 printttnt
1814 4069 1998 4126 Domi-

413 4168 519 4208 ttus
544 4159 968 4211 consummavit.
1012 4158 1292 4226 Quantum
1338 4161 1484 4214 enim
1522 4162 1703 4216 fuerat
1741 4178 1995 4233 tnagnus,

411 4256 623 4301 tantum
668 4263 728 4305 se
757 4249 1085 4305 buntiliavit.
1114 4250 1250 4307 Cum
1271 4253 1419 4307 enint
1442 4264 1574 4308 esset
1598 4254 1653 4307 in
1676 4246 1850 4324 foFma
1878 4255 1996 4322 Dei,

412 4352 515 4390 non
544 4340 787 4409 rapinam
820 4341 1115 4397 arbitratus
1140 4353 1218 4399 est
1250 4360 1363 4399 esse
1408 4361 1464 4399 se
1510 4361 1691 4414 parem
1721 4344 1858 4411 Deo,
1908 4344 1999 4401 sed

408 4432 745 4500 semetipsum
772 4434 1087 4502 exinanivit,
1124 4436 1355 4507 formam
1387 4436 1521 4491 servi
1548 4437 1810 4506 accipiens
1841 4439 1899 4491 in
1924 4439 1998 4492 si-

411 4521 713 4578 militudine
746 4525 1020 4580 hominum
1052 4527 1250 4598 factus,
1280 4536 1331 4583 et
1358 4528 1412 4582 in
1444 4529 1614 4599 specie
1654 4529 1896 4583 inventus
1935 4538 1994 4584 ut

407 4614 593 4681 homo,
626 4615 928 4672 humiliarit
959 4636 1014 4675 se
1060 4637 1223 4691 usque
1261 4622 1331 4676 ad
1360 4632 1602 4687 mortem,
1647 4602 1995 4677 mortem'au-

411 4713 517 4759 tem
552 4708 725 4761 crucis
756 4725 775 4763 .'
811 4720 1027 4780 propter
1051 4712 1193 4782 quod
1224 4720 1276 4766 et
1316 4711 1459 4766 Deus
1500 4711 1653 4766 illum
1689 4710 1996 4782 superexat-

409 4800 541 4854 tavit
582 4809 631 4854 et
660 4800 880 4856 donauit
924 4802 973 4856 ei
1004 4818 1190 4857 nomen
1216 4804 1355 4873 quod
1389 4812 1467 4857 est
1502 4819 1659 4873 super
1707 4819 1861 4857 omne
1897 4818 1993 4857 ηο·

408 4907 527 4946 men
547 4894 613 4947 ⁷³.
655 4893 826 4966 839
853 4892 960 4962 Qui
992 4905 1075 4951 est
1109 4895 1429 4951 benedictus
1451 4896 1505 4951 in
1534 4895 1737 4951 satcula
1760 4896 1995 4951 saeculo-

410 4999 555 5041 rum.
590 4985 786 5043 Amen.
1797 5037 1825 5069 ,

482 5075 569 5131 15.
634 5076 726 5134 Va:
750 5078 915 5143 vobis,
947 5076 1152 5134 Scriba:
1172 5087 1219 5133 et
1243 5076 1509 5135 Pharisaei
1531 5079 1841 5151 Itypocritw,
1870 5083 1998 5152 quia

411 5164 664 5223 clauditis
707 5188 925 5243 regnum
981 5172 1231 5226 caelorum
1277 5182 1400 5227 ante
1442 5173 1676 5229 homines
1700 5175 1768 5240 ⁷³,
1800 5176 2000 5230 etreli-

410 5270 543 5323 qua.
599 5254 703 5323 Qui
750 5262 953 5316 studeant
983 5260 1152 5317 Deum
1192 5262 1376 5318 dicere
1399 5278 1506 5317 non
1539 5263 1742 5319 bonum
1778 5275 1999 5337 propter

411 5346 822 5407 ntaledictiones
846 5368 987 5421 quas
1018 5353 1288 5409 adversus
1322 5364 1637 5424 peccatores
1668 5357 1722 5410 itt
1756 5357 1873 5428 lege
1892 5376 1988 5414 sua

406 5439 593 5507 posuit
650 5438 814 5507 Deus,
864 5442 1101 5501 audiant
1146 5445 1425 5517 quomodo
1459 5448 1615 5516 quasi
1663 5464 1789 5504 vere
1821 5447 1993 5507 Filius

479 5666 525 5752 έ³
571 5672 760 5728 Matth.
808 5692 965 5742 χχιιι,
1002 5678 1055 5732 8.
1134 5680 1180 5713 “
1208 5677 1366 5735 Joan.
1407 5697 1445 5744 ι,
1492 5680 1578 5734 ιδ.
1658 5682 1701 5713 ⁸⁸
1732 5680 1924 5736 Matth.
1959 5699 1997 5735 Vt

479 5769 498 5790 νο
576 5744 621 5775 ⁸⁸
654 5744 845 5800 Matth.
881 5764 953 5808 tu.
983 5749 1071 5804 “29.
1164 5751 1209 5783 ⁷ο
1251 5749 1444 5808 lTitn.
1476 5766 1558 5808 ttt.
1593 5753 1645 5808 6.
1757 5752 1799 5783 “
1836 5752 1997 5808 Eccli.

2102 5722 2112 5737 .
2190 5683 2237 5723 ⁸⁸
2265 5684 2393 5739 Luc.
2424 5700 2556 5747 χχιι,
2580 5684 2671 5738 ‘26.

2110 5795 2124 5808 .
2180 5754 2269 5808 ‘20.
2376 5756 2421 5788 ⁷³
2452 5753 2650 5808 Philip.

1879 5764 1998 5811 ccli.
2039 5769 2124 5822 ιιι,
2180 5764 2269 5811 au.

531 5813 543 5816 _
576 5744 621 5775 ⁸ο
654 5744 845 5800 Matth.
881 5733 1071 5816 tu,"29.

408 5749 547 5841 tu.“
576 5749 621 5775 σε
654 5749 845 5841 Matth.
881 5764 953 5816 χι,
983 5749 1071 5804 “29.
1164 5751 1209 5783 "
1251 5749 1444 5808 lTitn.
1476 5766 1558 5819 ιιι,
1593 5753 1645 5808 6.

511 5817 713 5887 Supple
751 5833 893 5875 cum.

2102 2067 2205 2118 vat,
2238 2066 2362 2121 qua:
2390 2048 2536 2106 Deus
2562 2049 2869 2119 disciplina:
2893 2062 3061 2104 causa
3091 2043 3467 2117 pronuntiavit
3501 2042 3695 2097 adver-

2105 2160 2203 2201 sus
2234 2144 2382 2211 illos,
2408 2152 2469 2198 ut
2496 2152 2779 2199 convertat
2801 2143 2925 2197 illos
2953 2142 3020 2197 ad
3049 2141 3274 2195 bonum.
3304 2137 3441 2193 Nam
3466 2146 3520 2192 ct
3545 2145 3695 2208 pater

2104 2236 2397 2306 increpans
2430 2235 2626 2300 lilium,
2664 2234 2874 2306 profert
2908 2233 3222 2305 frequenter
3265 2232 3333 2287 ad
3353 2229 3695 2285 emendatio-

2103 2345 2227 2383 nem
2248 2328 2368 2399 ejus
2387 2328 2655 2401 questam
2687 2340 2974 2383 sermones
3002 2327 3096 2396 qui
3142 2325 3399 2381 videntur
3428 2339 3549 2379 esse
3590 2338 3697 2377 nta-

2101 2421 2442 2489 ledictiones,
2474 2429 2528 2475 et
2556 2433 2737 2475 tamen
2775 2433 2883 2474 non
2913 2419 3028 2474 vult
3050 2418 3337 2490 dignum"
3377 2419 3490 2473 lieri
3528 2418 3696 2471 malc-

2101 2513 2432 2569 dictionibus
2459 2512 2585 2577 illis,
2620 2512 2715 2568 sed
2765 2520 3012 2567 avertere
3059 2526 3185 2567 eum
3228 2510 3403 2582 magis
3447 2510 3595 2579 cupit
3626 2510 3696 2563 ah

2103 2606 2205 2661 eis.
2258 2603 2385 2661 llaec
2442 2604 2722 2669 diximus,
2787 2612 2847 2658 ut
2901 2604 3350 2659 demonstremus
3402 2600 3693 2671 Evangelia

2099 2694 2485 2751 convenientia
2540 2709 2665 2749 esse
2717 2694 2844 2765 legi.
2881 2692 3148 2748 Similiter
3198 2702 3253 2747 ct
3281 2706 3428 2747 nunc
3454 2691 3645 2747 dicens
3677 2710 3690 2746 :

2068 2800 2074 2805 '
2112 2786 2203 2842 νω
2228 2788 2395 2851 vobis,
2428 2786 2633 2843 Scribat
2679 2798 2727 2841 et
2756 2785 3045 2851 Phariswi,
3069 2785 3162 2856 qui
3205 2783 3459 2839 clauditis
3477 2798 3695 2854 regnum

2100 2880 2373 2948 calorum,
2418 2880 2617 2936 terruit
2648 2878 2871 2934 Scribas
2914 2887 2969 2933 et
3001 2876 3311 2933 Pharisaeos
3344 2885 3404 2932 ut
3443 2891 3512 2931 ne
3541 2875 3696 2930 clau-

2100 2970 2233 3026 dant
2288 2985 2516 3041 regnum
2570 2970 2838 3025 caelorum
2884 2978 3012 3024 ante
3054 2968 3327 3024 homines.
3360 2966 3695 3023 Claudentes

2100 3074 2284 3119 autem
2320 3078 2547 3134 regnum
2580 3062 2845 3118 caelorum
2890 3059 3096 3117 Seribae
3142 3070 3197 3116 et
3235 3059 3498 3115 Pharisaei
3527 3101 3542 3125 ,
3580 3060 3692 3115 duo

2100 3153 2170 3209 ad
2228 3154 2397 3210 semel
2465 3152 2813 3224 delinquunt.
2873 3149 3055 3206 Unum
3109 3151 3330 3223 quidem
3400 3150 3547 3220 quod
3588 3151 3692 3221 ipsi

2104 3260 2215 3301 non
2248 3244 2630 3317 ingrediuntur
2682 3245 2737 3299 in
2782 3259 3011 3316 regnum
3035 3243 3344 3311 calorum;
3387 3243 3690 3299 secundum

2102 3336 2250 3406 quod
2275 3336 2545 3390 intrantes
2570 3334 2799 3390 introire
2821 3350 2928 3389 non
2944 3333 3152 3390 sinunt.
3187 3332 3312 3389 llaec
3344 3334 3453 3389 duo
3470 3343 3693 3404 peccata

2105 3427 2426 3484 naturaliter
2446 3427 2832 3499 inseparabilia
2860 3437 2988 3484 sunt
3008 3427 3078 3482 ab
3112 3427 3367 3483 invicem.
3405 3426 3507 3494 Qui
3542 3427 3690 3482 enim

2102 3520 2335 3576 alterum
2384 3535 2453 3575 ex
2516 3519 2639 3575 istis
2682 3531 2894 3588 peccat,
2945 3518 3015 3573 ab
3054 3517 3229 3572 altero
3280 3534 3481 3572 senon
3511 3525 3691 3587 potest

2102 3611 2398 3666 abstinere.
2418 3612 2554 3666 Item
2575 3610 2908 3677 econtrario,
2935 3609 3030 3680 qui
3056 3608 3123 3663 ab
3148 3609 3319 3664 altero
3342 3624 3404 3665 se
3434 3609 3689 3674 abstinet,

2104 3700 2449 3773 impossibile
2465 3710 2552 3756 est
2574 3712 2632 3756 ut
2663 3718 2769 3756 tton
2805 3702 2875 3756 ab
2897 3702 3068 3756 altero
3084 3716 3144 3756 se
3157 3701 3449 3768 abstineat,
3474 3710 3688 3771 utputa,

2102 3810 2213 3850 non
2268 3795 2546 3850 invenitur
2599 3795 2821 3865 aliquis,
2860 3806 2920 3849 ut
2967 3796 3082 3865 ipse
3112 3797 3332 3866 quidem
3382 3796 3691 3865 ingrediens

2101 3886 2160 3942 in
2189 3902 2415 3958 regnum
2455 3887 2745 3954 caelorum,
2781 3888 2919 3943 alios
2976 3888 3188 3958 ingredi
3234 3904 3342 3943 non
3387 3888 3685 3958 permittat.

2100 3978 2366 4048 quoniam
2396 3979 2493 4048 qui
2525 3988 2673 4033 vetat
2705 3979 2843 4035 alios
2875 3980 3080 4035 intrare
3110 3979 3163 4033 itt
3205 3995 3454 4047 regnum,
3490 3980 3689 4036 suﬂicit

2099 4071 2239 4128 eiad
2274 4071 2653 4141 cxpulsionem
2680 4071 2976 4142 quominus
3012 4072 3177 4127 intret
3225 4073 3279 4127 in
3320 4087 3544 4143 regnum
3577 4089 3689 4129 cte-

2098 4161 2302 4226 lorum,
2332 4160 2436 4215 hoc
2466 4160 2644 4231 ipsum
2675 4161 2821 4230 quod
2856 4161 2995 4216 alios
3020 4177 3126 4216 non
3150 4160 3415 4231 permittit
3446 4161 3685 4227 intrare;

2099 4250 2359 4323 quoniant
2413 4251 2507 4322 qui
2552 4251 3008 4308 scandalizaverit
3049 4253 3117 4307 de
3148 4251 3364 4323 pusillis
3411 4252 3687 4320 Ecclesiae,

2100 4343 2396 4414 prohibens
2425 4344 2662 4414 aliquem
2692 4343 2896 4398 intrare
2922 4343 2976 4397 itt
3011 4359 3237 4414 regnum
3263 4345 3554 4413 caelorum,
3588 4361 3688 4416 pa-

2103 4437 2269 4493 tietut‘
2311 4438 2458 4508 quod
2511 4437 2776 4508 scriptum
2808 4446 2893 4493 est
2940 4438 2995 4492 in
3033 4437 3358 4510 Evangelio,
3398 4455 3498 4497 vae.
3530 4438 3689 4511 Item,

2101 4528 2446 4594 econtrario,
2505 4527 2601 4598 qui
2656 4536 2829 4597 potest
2883 4528 3121 4600 aliquem
3164 4528 3343 4585 facere
3382 4530 3588 4586 intrare
3630 4530 3689 4587 in

2103 4634 2330 4691 regnum
2358 4620 2650 4687 caelorum,
2689 4620 2733 4677 si
2763 4630 2945 4677 tamen
2980 4621 3033 4676 itt
3069 4622 3188 4692 ejus
3221 4631 3489 4694 potestate
3520 4622 3690 4679 fuerit

2098 4719 2154 4768 ct
2186 4711 2500 4782 permittere
2530 4723 2584 4767 et
2627 4722 2827 4781 vetare,
2859 4714 3032 4769 multo
3089 4715 3262 4786 magis
3296 4714 3414 4785 ipse
3442 4715 3690 4773 introibit

2101 4800 2157 4855 in
2193 4815 2423 4872 regnum
2446 4800 2734 4856 caelorum.

2173 4893 2262 4947 H.
2315 4892 2453 4948 Cum
2516 4893 2830 4965 frequenter
2874 4895 3023 4951 dicat
3071 4895 3337 4951 Dominus
3373 4894 3584 4951 Scribis
3629 4906 3686 4951 et

2096 4982 2423 5050 Pbarisatis,
2470 5001 2584 5053 vas,
2625 4988 3061 5058 uniuscujusque
3101 5003 3180 5042 vat
3218 5004 3441 5044 causam
3484 4989 3538 5043 in
3564 4989 3686 5046 loco

2097 5077 2319 5148 proprio
2375 5093 2734 5149 exponemus.
2787 5077 2946 5135 Nunc
2988 5091 3171 5134 autent
3201 5081 3366 5151 hujus
3398 5082 3685 5152 praesentis

2099 5187 2179 5227 vat
2210 5188 2551 5243 exponemus
2600 5188 2846 5229 causam.
2893 5171 3187 5230 Praesentis
3225 5191 3359 5245 ergo
3402 5190 3480 5230 vat
3518 5190 3683 5229 causa

2096 5274 2201 5329 est,
2223 5267 2352 5337 quia
2373 5266 2700 5321 claudebant
2721 5282 2946 5337 regnum
2973 5268 3237 5323 caelorum
3261 5277 3387 5323 ante
3410 5267 3682 5322 homines.

2100 5356 2428 5413 Claudetttes
2452 5367 2632 5413 autent
2657 5367 2785 5413 ante
2803 5360 2963 5427 alios,
3002 5376 3101 5415 nec
3125 5361 3225 5431 ipsi
3268 5360 3682 5427 iutrabantpro-

2103 5456 2222 5521 pter
2265 5449 2369 5504 hoc
2398 5449 2577 5519 ipsum
2612 5449 2759 5521 quod
2800 5451 3025 5508 introire
3073 5452 3326 5507 vetabant
3372 5468 3470 5509 eos
3490 5453 3583 5523 qui
3608 5454 3689 5508 itt-

2785 5686 2828 5717 "
2856 5686 2987 5744 ibtd.
3011 5685 3102 5743 27.
3212 5686 3256 5716 ⁸⁸
3283 5687 3469 5741 Matth.
3517 5703 3679 5753 tum,

2376 5756 2421 5788 ⁷³
2452 5753 2650 5826 Philip.
2710 5772 2770 5825 tt,
2824 5757 2941 5814 6-9.
3056 5757 3100 5790 ⁷³
3132 5756 3323 5813 Matth.
3362 5775 3520 5825 χλιιι,
3573 5756 3669 5814 l5.
