4110 6414
453 364 590 422 ιθιθ

1621 358 1944 418 οιιιεΕΝιδ
1983 358 2049 414 IN
2083 351 2496 413 MATTIIAZUM

3561 325 3700 410 tuae

444 487 711 541 n-olsseut
749 486 955 557 utique,
985 486 1030 542 si
1065 486 1133 541 ab
1160 485 1281 542 istis
1313 498 1420 540 non
1454 483 1934 540 fuissentcxclusi.
1967 482 2031 536 Et
2059 488 2105 542 Α
2133 481 2273 535 sicut
2326 477 2504 533 επιενὶ
2555 474 2787 546 apostoli
2818 482 3171 545 aperuerunt.
3228 472 3291 529 Et
3317 474 3362 531 si
3390 473 3516 544 quis
3540 472 3703 530 fuerit

449 573 689 643 primum
714 576 930 644 quidem
968 575 1285 645 simpliciter
1304 574 1461 644 quasi
1480 575 1548 630 de
1581 572 1788 630 Scribis
1810 583 1860 630 et
1893 574 2029 628 Pha-

447 666 623 722 risaeis
650 667 744 736 qui
806 666 946 737 apud
980 665 1200 721 Iudaeos
1247 666 1539 731 habentur,
1571 680 1754 720 sermo
1786 681 2026 736 prasens

449 764 528 809 cst
559 756 934 824 exponendus.
987 753 1048 807 lli
1098 755 1264 820 enim,
1320 768 1427 808 non
1469 753 1713 808 contenti
1753 753 1897 821 quod
1923 753 2025 822 ipsi

454 842 683 897 Domino
713 857 819 897 non
845 844 1157 908 credebant,
1179 844 1360 898 adhuc
1393 843 1732 914 derogabant
1763 843 2027 899 doctrinae

448 933 589 1001 cjus,
619 941 675 987 et
705 934 1095 988 subvertebant
1126 949 1344 989 omnem
1380 935 1717 1003 prephctiam
1765 934 2031 1003 scriptam

447 1022 515 1074 de
540 1034 630 1085 eo,
682 1028 738 1074 ct
786 1021 1237 1090 blasphemabant
1284 1037 1448 1077 omne
1493 1038 1629 1091 opus
1668 1023 1839 1092 ipsius
1868 1022 2026 1092 quasi

449 1111 642 1165 falsum
669 1119 724 1166 et
745 1127 777 1166 a
810 1111 1027 1167 diabolo
1063 1114 1272 1179 fictum,
1297 1114 1579 1170 dicentes:
1611 1113 1712 1167 llic
1741 1130 1842 1169 non
1881 1114 2027 1184 ejicit

445 1200 709 1255 daemonia
743 1202 846 1256 nisi
877 1202 932 1255 in
954 1202 1270 1256 Beelzebuth
1302 1204 1372 1270 ⁷⁵,
1404 1212 1457 1258 ει
1505 1204 1925 1258 homicidialiter
1965 1218 2027 1259 se

448 1293 760 1360 praebebant
810 1294 891 1349 eis
945 1294 1040 1363 qui
1097 1295 1444 1349 crediderant
1487 1295 1729 1354 Christo.
1775 1308 1829 1351 et
1875 1294 2025 1352 omni

447 1383 610 1438 modo
637 1384 1002 1453 prohibebant
1043 1384 1278 1455 aliquem
1321 1386 1387 1440 ad
1423 1384 1890 1441 Cbristianitatem
1932 1401 2025 1441 ve-

446 1475 565 1527 nire
596 1489 695 1543 per
724 1490 890 1543 quam
924 1475 1182 1532 introitur
1214 1476 1269 1530 in
1293 1491 1519 1546 regnum
1550 1476 1835 1531 caelorum.
1855 1475 2024 1531 Clau-

444 1565 646 1620 debant
676 1563 807 1620 illud
837 1566 1052 1635 quodin
1084 1575 1376 1634 conspectu
1399 1566 1644 1623 omnium
1675 1566 1853 1636 palam
1881 1576 2026 1629 esset

445 1656 826 1711 annuntiatum
857 1665 913 1711 et
960 1657 1333 1726 praedicatum,
1362 1667 1416 1714 et
1448 1658 1590 1729 apud
1627 1674 1817 1714 omnes
1838 1658 2025 1714 homi-

445 1762 540 1801 nes
567 1746 983 1800 conclamatum.
1018 1746 1083 1800 Et
1130 1747 1443 1802 claudentes
1487 1764 1713 1818 regnum
1756 1749 2021 1805 caelorum

2130 569 2374 623 imitator
2421 582 2636 631 eorum,
2694 565 2871 635 aperit
2903 580 3128 635 regnum
3165 564 3430 620 oculorum
3455 572 3580 620 ante
3609 565 3707 619 ho-

2127 660 2304 715 mines
2353 674 2455 712 sua
2517 656 2748 724 iustitia,
2775 665 2831 710 et
2852 656 3102 723 veritate,
3131 663 3184 710 et
3228 654 3499 722 castitate,
3520 664 3575 710 et
3604 670 3697 711 sa-

2128 750 2351 820 picntia.
2379 748 2444 802 Et
2474 757 2679 817 quanto
2701 747 2875 816 magis
2908 747 3034 817 quis
3064 746 3277 816 proﬁcit
3302 748 3521 817 pietate,
3554 755 3707 802 tanto

2128 842 2303 912 magis
2332 839 2504 909 aperit
2527 848 2652 892 ante
2676 837 2925 891 homines
2959 853 3185 907 regnum
3228 837 3512 893 caelorum.
3545 836 3708 890 Arbi-

2127 941 2243 988 tror
2262 944 2394 1000 ergo
2420 944 2612 983 omnes
2646 928 2739 997 qui
2763 928 3084 998 profitentur
3104 945 3162 984 se
3196 930 3250 984 in
3281 927 3579 985 Ecclesiam
3620 929 3708 984 in-

2127 1036 2292 1090 trare,
2317 1024 2541 1079 omnino
2573 1032 2667 1077 aut
2721 1023 2982 1077 claudunt
3016 1034 3241 1089 regnum
3284 1019 3548 1075 cmlorum
3578 1029 3705 1074 ante

2127 1116 2379 1172 homines
2433 1114 2591 1171 malis
2631 1111 3144 1168 eonversationibus
3195 1110 3345 1176 suis,
3399 1109 3697 1165 secundum

2126 1208 2272 1280 quod
2312 1214 2542 1277 peccant
2569 1204 2693 1275 ipsi,
2721 1211 2816 1258 aut
2845 1203 3098 1272 aperiunt
3134 1202 3349 1257 actibus
3371 1199 3529 1257 bonis
3562 1202 3702 1268 suis,

2126 1299 2424 1356 secundum
2473 1297 2617 1368 quod
2653 1296 2801 1365 juste
2849 1294 3053 1349 fuerint
3093 1293 3418 1349 conversati.
3468 1290 3703 1367 Maxime

2125 1391 2230 1447 hoc
2250 1389 2456 1447 faciunt
2489 1387 2583 1459 qui
2611 1386 2862 1441 videntur
2889 1384 2945 1439 in
2990 1382 3233 1439 Ecclesia
3259 1383 3544 1449 clariores,
3566 1397 3703 1452 qua-

2124 1481 2205 1539 les
2249 1490 2379 1536 sunt
2411 1478 2674 1549 episcopi,
2711 1475 3031 1548 presbyteri,
3082 1474 3318 1530 diaconi.
3364 1472 3509 1530 Bene
3552 1473 3695 1528 enim

2126 1573 2367 1627 viventes
2391 1580 2446 1624 et
2478 1570 2616 1624 bene
2641 1569 2900 1624 docentes
2921 1566 3145 1621 verbum
3161 1563 3424 1629 veritatis,
3448 1564 3699 1633 aperiunt

2124 1676 2252 1725 ante
2305 1662 2555 1719 homines
2584 1677 2811 1732 regnum
2848 1660 3150 1725 caelorum;
3195 1667 3251 1715 et
3301 1659 3428 1713 dum
3472 1659 3575 1728 ipsi
3615 1659 3699 1714 in-

2125 1764 2295 1820 trant,
2327 1755 2465 1813 alios
2494 1751 3054 1824 provocantintroire.
3088 1750 3212 1805 Mali
3236 1758 3439 1818 autem,
3467 1751 3559 1822 qui
3587 1767 3694 1806 non

444 1852 541 1891 nec
575 1836 678 1906 ipsi
710 1838 984 1893 intrabant
1016 1855 1030 1892 :
1068 1855 1169 1896 nec
1212 1840 1359 1895 enim
1397 1839 1652 1896 volebant
1678 1856 1803 1896 eum
1831 1841 2022 1896 audire
2052 1846 2094 1903 Β
2124 1855 2251 1905 sunt
2298 1856 2567 1918 pastores,
2596 1845 2713 1915 ,sed
2770 1843 3110 1910 mercenarii,
3164 1842 3422 1897 claudunt
3468 1858 3697 1914 regnum

441 1926 760 1995 quidixit"
795 1947 808 1983 :
839 1928 897 1989 Si
919 1934 1037 2001 quis
1061 1948 1153 2001 per
1175 1947 1254 1985 me
1275 1931 1565 1998 introierit,
1614 1931 1929 2000 salvabitur,
1966 1941 2017 1987 et

440 2018 703 2083 introibit,
732 2031 779 2073 et
803 2021 961 2084 exiet,
985 2030 1034 2075 et
1056 2038 1258 2091 pascua
1294 2023 1537 2079 inueniet.
1587 2023 1697 2079 Nec
1729 2024 2014 2091 intrantes,

444 2109 496 2165 id
533 2119 617 2165 est
664 2126 761 2167 eos
812 2111 907 2183 qui
940 2114 1162 2169 credere
1187 2122 1438 2183 poterant
1461 2123 1684 2186 propter
1707 2115 1865 2171 ﬁdem
1896 2131 2019 2186 quae

444 2216 473 2255 a
504 2200 622 2271 lege
649 2210 700 2256 et
731 2216 761 2255 a
782 2203 1062 2273 prophetis
1081 2212 1209 2259 ante
1231 2202 1409 2259 fuerat
1435 2204 1708 2261 declarata
1749 2207 1815 2263 de
1859 2207 2020 2261 Chri-

444 2300 566 2357 sio,
597 2292 823 2348 introire
867 2295 1140 2360 sinebant,
1180 2296 1405 2352 omnino
1439 2297 1769 2368 dissipantes
1810 2299 2016 2369 princi-

446 2383 590 2450 pium
636 2398 937 2440 consensus
992 2401 1184 2441 eorum
1218 2406 1232 2442 :
1267 2398 1322 2442 et
1356 2404 1480 2443 cum
1520 2390 1667 2444 omni
1699 2399 1932 2446 tremore
1964 2397 2019 2445 et

446 2474 598 2528 ferali
628 2475 876 2543 audacia,
899 2486 1166 2546 quantum
1192 2478 1258 2533 ad
1297 2493 1376 2546 se,
1409 2494 1602 2535 omnes
1651 2481 1895 2536 volentes
1928 2482 2017 2537 in-

445 2565 610 2619 troire
642 2565 1001 2635 pet-ianuam,
1023 2568 1500 2642 prohibebantipsi
1528 2586 1648 2625 eam
1679 2571 2014 2630 claudentes.

447 2656 585 2713 liuic
617 2657 850 2728 simplici
909 2659 1236 2729 expositioni
1265 2661 1561 2732 jungemus
1592 2663 1755 2720 etiam
1799 2666 1922 2732 hoc,
1951 2667 2019 2722 de

442 2745 644 2818 bisqui
678 2758 902 2819 peccant
922 2750 1062 2819 apud
1088 2765 1208 2815 nos,
1243 2752 1500 2820 quoniam
1524 2768 1722 2809 omnes
1748 2756 1840 2826 qui
1874 2757 2017 2817 mala

441 2841 857 2896 conversatione
910 2842 1140 2897 suadent
1178 2843 1487 2914 exemplum
1515 2847 1773 2916 peccandi
1814 2848 1870 2904 in
1920 2864 2018 2919 po-

445 2932 593 2997 pulo,
618 2941 671 2987 et
712 2934 804 3003 qui
864 2932 1070 2989 faciunt
1111 2933 1368 3004 iniuriam
1433 2935 1515 2993 eis
1546 2936 1643 3007 qui
1676 2938 1856 2997 adhuc
1889 2948 2020 2995 sunt

445 3024 627 3092 pusilli
668 3024 722 3077 in
746 3024 963 3081 Christo
997 3034 1053 3080 ct
1085 3026 1409 3095 imperfecti,
1444 3040 1499 3083 et
1552 3029 1929 3087 exanimantes
1963 3040 2019 3089 ct

442 3113 912 3182 scandalizantes,
960 3116 1214 3172 claudere
1274 3118 1528 3173 videntur
1589 3128 1715 3181 ante
1767 3120 2016 3179 homines

441 3220 669 3276 regnum
698 3207 986 3273 ctelornm,
1017 3223 1115 3263 nec
1139 3207 1242 3278 ipsi
1264 3208 1489 3275 intrant,
1512 3226 1613 3267 nec
1632 3211 1769 3269 alios
1792 3213 2017 3270 introire

448 3296 790 3365 permittunt.
863 3296 929 3353 Et
976 3298 1081 3353 hoc
1129 3308 1411 3368 peccatum
1455 3302 1732 3357 invenitur
1796 3303 2016 3374 quidem

439 3387 601 3442 ctiam
630 3388 681 3443 in
708 3388 1086 3459 popularibus,
1120 3391 1357 3446 maxime
1377 3401 1558 3447 autem
1591 3393 1646 3448 in
1677 3394 2015 3464 doctoribus,

439 3479 533 3549 qui
565 3480 765 3535 docent
809 3480 1028 3551 quidem
1081 3481 1382 3538 secundum
1419 3483 1692 3554 justitiam
1737 3486 2017 3559 Evangelii

440 3571 708 3635 homines,
741 3587 847 3626 non
884 3580 1068 3626 autem
1109 3571 1338 3638 faciunt,
1372 3574 1499 3643 quia
1545 3582 1676 3630 sunt
1717 3577 1847 3631 mali
1913 3593 2015 3651 pa-

439 3669 612 3718 stores
650 3680 665 3716 :
694 3671 746 3717 et
786 3662 910 3718 ideo
938 3679 1046 3717 non
1092 3673 1326 3734 parcunt
1365 3667 1578 3731 ovibus,
1611 3684 1787 3738 neque
1819 3679 2017 3726 curant

436 3754 505 3808 de
533 3754 709 3809 salute
728 3769 943 3819 eorum,
975 3755 1067 3810 sed
1093 3772 1308 3827 semper
1337 3758 1611 3829 aspiciunt
1653 3760 1719 3814 ad
1763 3761 1912 3815 lucra
1947 3778 2014 3817 ex

439 3845 756 3901 hominibus
813 3847 1084 3902 venientia
1138 3848 1249 3903 sibi
1294 3863 1391 3919 pro
1451 3865 1518 3904 eo
1570 3852 1713 3921 quod
1765 3851 2016 3909 videntur

440 3950 662 4004 pascere
685 3937 968 4007 populum,
1000 3954 1124 3992 cum
1177 3956 1283 3994 non
1341 3950 1589 4010 pascant,
1627 3952 1679 3998 et
1711 3943 2016 4014 deprehen-

437 4027 645 4082 duntur
677 4027 731 4081 in
766 4030 1000 4084 sordidis
1036 4031 1203 4086 lucris
1250 4040 1304 4086 et
1336 4032 1798 4102 concupiscentiis
1829 4035 2015 4104 gloria:

436 4130 609 4171 vanae.
666 4114 789 4171 Ista:
820 4117 967 4172 enim
1034 4129 1162 4174 sunt
1213 4121 1678 4176 merccnariorum
1712 4124 2011 4191 mercedes,

436 4207 527 4276 qui
555 4206 815 4262 claudunt
858 4216 985 4263 ante
1034 4209 1283 4265 homines
1327 4226 1554 4281 regnum
1595 4213 1881 4280 caelorum,
1912 4232 2015 4271 nec

437 4300 642 4352 intrant
692 4297 746 4352 in
800 4298 955 4364 illud,
1015 4314 1115 4355 nec
1171 4300 1358 4355 volunt
1412 4301 1715 4372 intelligere
1760 4306 2016 4374 quodest

434 4387 637 4442 dictum
659 4388 704 4418 ⁷⁷
732 4404 747 4441 :
773 4386 1087 4443 Coutendite
1114 4391 1319 4446 intrare
1337 4409 1431 4460 per
1466 4404 1752 4464 angustum
1794 4397 2011 4463 ostium;

2123 1942 2389 1998 caelorum
2418 1947 2544 1993 ante
2595 1937 2866 2003 homines,
2890 1951 2991 1991 nec
3027 1935 3257 1990 audiunt
3281 1933 3424 2004 quod
3446 1935 3521 1989 ait
3544 1934 3696 2004 Apo-

2118 2030 2355 2089 stolus“
2378 2048 2392 2084 :
2425 2028 2530 2084 Sed
2555 2028 2733 2081 omnia
2758 2027 3099 2091 sustinemus,
3122 2034 3177 2079 ut
3203 2040 3304 2078 non
3321 2023 3695 2092 oﬁ'endicutum

2117 2123 2298 2177 demus
2344 2118 2633 2190 Evangelia
2692 2117 2915 2174 Clu-isti.
2965 2116 3062 2173 Est
3108 2131 3234 2172 vere
3277 2117 3459 2171 videre
3494 2117 3697 2173 multos

2118 2214 2372 2269 doctores
2401 2226 2508 2265 non
2544 2208 2918 2279 permittentes
2948 2208 3153 2262 intrare
3199 2206 3254 2261 in
3297 2221 3526 2277 regnum
3577 2223 3693 2263 coe-

2116 2305 2296 2360 lorum
2335 2303 2540 2358 intrare
2567 2299 3036 2369 concupiscentes,
3067 2298 3303 2354 maxime
3326 2299 3544 2369 quando
3576 2298 3692 2354 sine

2112 2393 2321 2464 judicio
2378 2400 2429 2445 et
2484 2389 2603 2445 sine
2640 2388 2853 2444 ratione
2906 2404 3017 2442 non
3050 2397 3271 2459 propter
3311 2396 3528 2457 peccata
3569 2402 3689 2457 qua:

2117 2482 2350 2545 faciunt,
2374 2478 2857 2536 excommunicant
2901 2478 3190 2548 quosdam,
3224 2477 3316 2534 sed
3347 2485 3564 2548 propter
3585 2477 3687 2532 ali-

2117 2587 2279 2643 quem
2310 2570 2485 2645 zcium
2519 2577 2573 2624 et
2603 2568 3004 2625 contentionem
3038 2566 3327 2636 prohibent
3361 2566 3564 2621 intrare
3586 2564 3694 2621 fre.

2117 2674 2348 2738 quenter
2377 2673 2431 2719 et
2464 2663 2719 2717 meliores
2748 2675 2912 2731 quam
2940 2674 3067 2716 sunt
3100 2659 3222 2729 ipsi.
3255 2657 3322 2714 Et
3346 2659 3446 2729 ipsi
3470 2659 3689 2730 quidem

2117 2771 2227 2811 non
2278 2756 2671 2827 permittuntur
2725 2752 2975 2817 introire,
3038 2750 3115 2806 illi
3158 2761 3339 2807 autem
3388 2752 3483 2820 qui
3522 2749 3691 2807 sobrii

2117 2856 2246 2903 sunt
2274 2853 2475 2913 mente,
2500 2855 2552 2901 et
2590 2845 2773 2900 animo
2800 2843 3107 2914 vigilantes,
3159 2842 3436 2899 vincentes
3470 2858 3567 2898 sua
3595 2858 3692 2912 pa-

2119 2938 2308 2994 tientia
2334 2946 2388 2992 et
2412 2936 2826 3009 longanimitate
2853 2934 3167 3007 tyrannides
3197 2949 3409 2999 eorum,
3439 2936 3692 3004 quamvis

2116 3029 2288 3096 vetiti,
2340 3035 2524 3083 tamen
2563 3028 2772 3083 intrant
2803 3034 2858 3082 et
2902 3026 3225 3083 haereditant
3273 3041 3501 3097 regnum
3528 3027 3693 3082 ρωπο-

2118 3136 2262 3175 rum.

2191 3206 2277 3263 15.
2306 3204 2510 3263 Deinde
2548 3205 2831 3264 videamus
2854 3216 3018 3261 extra
3042 3222 3137 3262 eos
3168 3222 3309 3278 quos
3355 3206 3615 3272 diximus,
3642 3210 3690 3262 si

2119 3299 2381 3369 possibile
2426 3308 2510 3354 est
2558 3298 2723 3353 etiam
2778 3295 2916 3352 alios
2960 3296 3140 3352 videre
3202 3297 3296 3367 qui
3326 3298 3590 3354 claudunt
3638 3308 3690 3352 et

2117 3393 2372 3462 aperiunt
2422 3406 2649 3462 regnum
2691 3389 2976 3445 ctelorum.
3004 3388 3108 3454 Qui
3155 3391 3300 3444 enim
3331 3391 3478 3460 digiti
3520 3390 3693 3445 habiti

2117 3493 2317 3540 suntet
2333 3484 2512 3538 idonei
2543 3483 2609 3537 ad
2646 3481 2999 3551 Evangelium
3043 3481 3458 3550 exponendum,
3503 3489 3556 3535 et
3594 3482 3690 3550 qui

2118 3576 2256 3630 tales
2291 3590 2348 3630 se
2378 3575 2622 3645 praebent
2649 3583 2707 3627 ut
2733 3574 2915 3628 dicere
2966 3570 3219 3641 possint:
3250 3571 3334 3625 Au
3361 3572 3690 3639 experimen-

2116 3673 2226 3719 tum
2254 3665 2494 3735 quazritis
2539 3664 2654 3733 ejus
2684 3663 2775 3732 qui
2818 3662 2874 3715 in
2922 3678 3002 3716 me
3049 3661 3286 3732 loquitur
3344 3661 3581 3716 Christus
3601 3659 3695 3715 “1’

2114 3756 2368 3825 aperiunt
2416 3763 2545 3808 ante
2600 3753 2853 3808 homines
2887 3767 3112 3823 regnum
3155 3751 3439 3817 ctelorum,
3470 3751 3692 3822 quando

2113 3847 2456 3902 altitudinem
2518 3845 2829 3901 divinorum
2886 3844 3231 3914 eloquiorum
3288 3858 3410 3913 qua:
3461 3859 3571 3897 non
3620 3845 3690 3899 de

2117 3937 2279 3993 terris
2312 3937 2454 3992 dicta
2497 3946 2646 4003 sunt,
2680 3937 2772 3991 sed
2798 3936 2866 3990 de
2893 3936 3056 4001 ccelo,
3096 3944 3151 3989 et
3181 3935 3248 3990 de
3272 3952 3436 3992 sensu
3470 3935 3685 3990 Domini

2115 4031 2208 4105 qui
2241 4030 2388 4084 venit
2416 4030 2484 4083 ad
2512 4028 2784 4093 homines,
2813 4043 2936 4083 cum
2970 4027 3119 4081 omni
3153 4026 3594 4083 manifestatione
3635 4040 3690 4085 et

2112 4123 2436 4192 probatione
2486 4121 2889 4185 demonstrant,
2949 4121 3024 4174 ita
3079 4129 3158 4187 ut,
3211 4130 3475 4190 quantum
3522 4121 3589 4175 ad
3632 4136 3692 4176 se

2111 4224 2216 4281 est,
2256 4213 2482 4284 gentiles
2533 4222 2588 4266 et
2634 4212 2923 4275 barbaros,
2980 4212 3253 4280 sapientes
3273 4222 3329 4266 et
3368 4212 3688 4281 insipientes

2112 4306 2368 4361 inducere
2400 4303 2567 4358 velint
2591 4303 2656 4356 ad
2691 4303 2942 4372 pietatem
2986 4301 3210 4358 Christi.
3239 4301 3343 4368 Qui
3377 4311 3557 4356 autem
3591 4318 3686 4372 per

2111 4408 2266 4449 suam
2303 4391 2694 4446 indocilitatcm
2725 4399 2780 4444 et
2801 4389 3126 4459 iniustitiam
3159 4405 3284 4444 cum
3318 4389 3488 4444 multa
3523 4400 3690 4445 tente-

434 4476 682 4548 etm
709 4478 969 4547 quoniam
997 4495 1162 4549 super
1211 4486 1395 4538 omnia
1443 4486 1741 4540 certamina
1774 4487 1881 4543 hoc
1927 4499 2012 4546 est
2041 4520 2087 4575 Β
2114 4485 2273 4539 ritate
2320 4484 2530 4553 seipsos
2570 4480 2836 4537 dederunt
2876 4480 2942 4534 ad
2988 4478 3384 4549 professionem
3459 4481 3684 4535 docendi

436 4575 711 4621 certamen
759 4573 820 4618 ut
869 4564 941 4620 sit
990 4567 1189 4635 aliquis
1225 4570 1331 4622 vim
1360 4568 1570 4626 faciens
1600 4581 1654 4625 ct
1680 4573 1899 4643 rapiens
1927 4588 2011 4629 re-

436 4671 602 4725 gnum
665 4655 907 4718 cmleste,
945 4656 1014 4711 ad
1057 4673 1152 4712 cos
1197 4675 1327 4731 ergo
1361 4662 1494 4717 tales
1520 4664 1777 4720 doctores
1808 4680 2010 4721 conve-

439 4746 650 4800 nienter
681 4747 784 4801 ista
812 4747 1070 4802 dicuntur
1098 4765 1111 4802 :
1146 4747 1258 4803 Nec
1292 4766 1379 4804 vos
1410 4752 1648 4819 intratis,
1678 4771 1769 4809 nec
1804 4756 2013 4810 intran-

435 4848 508 4891 tes
528 4838 717 4892 sinitis
747 4840 950 4893 intrare
967 4840 1052 4903 ἠς
1081 4842 1319 4896 maxime
1363 4843 1408 4897 si
1459 4844 1741 4901 videamus
1775 4862 1871 4902 eos
1903 4849 2010 4903 vita

434 4944 535 4983 sua
571 4930 736 4996 mala,
760 4940 815 4985 et
839 4932 1114 5001 superbia,
1135 4942 1190 4987 et
1221 4936 1505 5003 conviciis,
1544 4949 1593 4991 et
1618 4941 1868 5009 avaritia,
1902 4959 2012 4997 non

434 5020 611 5095 dicam
638 5036 806 5074 unum
840 5023 906 5075 de
935 5024 1166 5092 pusillis,
1192 5027 1284 5081 sed
1310 5028 1496 5091 etiam,
1530 5041 1796 5099 quantum
1833 5034 1899 5087 ad
1931 5050 2010 5098 se,

434 5125 626 5166 omnes
657 5111 710 5165 in
748 5114 1067 5169 scandalum
1102 5116 1440 5176 inducentes.
1474 5120 1567 5176 Vin
1606 5138 1736 5193 ergo
1782 5125 1889 5179 illis
1917 5127 2011 5196 qui

434 5202 694 5258 claudunt
774 5220 1002 5275 regnum
1074 5210 1339 5264 ctelorum
1403 5221 1529 5266 ante
1602 5215 1871 5280 homines,
1931 5217 2015 5271 νει

436 5295 546 5347 l.oc
577 5294 761 5359 modo,
791 5295 877 5350 vel
899 5297 1041 5366 alio;
1064 5297 1207 5354 beati
1242 5307 1423 5355 autem
1457 5303 1549 5372 qui
1579 5304 1831 5373 aperiunt
1862 5305 2016 5367 illud,

437 5385 525 5437 vel
549 5385 734 5447 verbo,
760 5386 844 5441 vel
877 5402 1040 5457 opere
1053 5403 1155 5443 suo
1175 5391 1341 5458 bono,
1368 5392 1511 5449 sicut
1536 5395 1624 5449 ille
1653 5396 1745 5466 qui
1779 5396 1914 5451 dixit
1935 5397 2014 5451 7’:

440 5473 647 5530 Ostium
696 5477 825 5531 mihi
873 5488 1115 5549 apertum
1146 5490 1225 5535 est
1272 5500 1518 5555 magnum
1559 5496 1607 5540 et
1644 5487 1889 5553 evidens;
1932 5488 2015 5544 vel

505 5684 549 5752 ’ἕ
584 5683 773 5738 Matth.
792 5702 888 5752 xu,
916 5688 1007 5742 Ἡ.

1086 5689 1129 5719 ⁷⁸
1148 5688 1307 5743 Joan.
1342 5705 1397 5756 x,
1419 5690 1470 5745 9.

439 5752 479 5783 ⁶¹
518 5751 554 5803 ll
586 5753 711 5806 Cor.
755 5751 881 5819 xm,
906 5758 959 5811 5.

1550 5692 1591 5723 ⁷τ
1618 5691 1747 5746 Luc.
1775 5708 1893 5757 xm,
1917 5692 2006 5747 26.

2086 5694 2127 5727 ⁷⁸
2147 5696 2334 5753 Matth.
2374 5714 2529 5766 χλιιι,
2556 5699 2641 5757 13.

2117 4575 2437 4646 priusquam
2489 4573 2769 4627 discerent
2821 4579 2876 4626 et
2940 4581 3332 4641 cognoscerent
3387 4572 3689 4638 veritatem,

2116 4677 2400 4736 propterea
2423 4664 2637 4719 fabulas
2661 4679 2827 4719 vanas
2856 4661 3112 4717 Judaicas
3148 4662 3444 4729 imitantes,
3471 4662 3691 4717 tradunt

2117 4756 2433 4825 corporales
2472 4754 2732 4809 historias
2783 4751 3213 4823 Scripturarum,
3238 4763 3291 4807 et
3318 4770 3422 4807 non
3467 4770 3688 4809 sensum

2118 4847 2418 4917 spiritalem
2449 4855 2544 4900 aut
2576 4846 2912 4899 voluntatem
2944 4860 3165 4910 earum;
3209 4852 3264 4897 et
3308 4844 3486 4898 adhuc
3508 4845 3688 4897 detra-

2120 4935 2360 4991 hunteis
2384 4936 2479 5005 qui
2510 4934 2729 4989 Christo
2771 4945 3256 5000 consurrexerunt,
3301 4947 3354 4989 et
3403 4950 3524 5003 qua:
3566 4949 3687 4988 sur-

2119 5042 2239 5081 sum
2273 5034 2402 5082 sttnt
2428 5027 2483 5080 in
2513 5024 2810 5096 Scripturis
2847 5026 3139 5096 requirunt
3166 5036 3218 5080 et
3251 5043 3359 5082 nou
3386 5040 3547 5095 super
3575 5033 3687 5076 ter-

2119 5133 2259 5183 ram,
2292 5134 2391 5173 nec
2422 5118 2477 5171 in
2511 5119 2740 5173 terrenis
2788 5116 3195 5188 Scripturarum
3231 5118 3462 5187 positam
3503 5116 3693 5171 existi-

2122 5221 2276 5267 mant
2308 5211 2939 5277 veritatemzclaudunt,
3001 5219 3266 5281 quantum
3320 5211 3385 5264 ad
3432 5225 3513 5274 se,
3566 5220 3693 5264 ante

2119 5302 2368 5359 homines
2400 5318 2628 5373 regnum
2678 5303 2965 5369 caelorum,
3010 5302 3327 5357 claudentes
3362 5302 3495 5358 illud
3545 5301 3694 5371 inju-

2117 5395 2266 5451 stitia
2296 5411 2414 5461 sua,
2439 5405 2495 5449 et
2525 5396 2802 5449 trahentes
2826 5393 2892 5448 ad
2940 5409 2998 5449 se
3017 5409 3113 5449 eos
3159 5396 3254 5464 qui
3302 5404 3570 5465 poterant,
3598 5409 3696 5447 au-

2115 5490 2326 5545 dientes
2356 5488 2683 5543 diviniorem
2711 5497 2765 5543 et
2797 5487 3059 5554 majorem
3097 5486 3402 5544 doctrinam
3432 5497 3488 5542 et
3508 5486 3695 5542 altitu-

2719 5700 2762 5733 τ⁹
2785 5697 2802 5753 l
2825 5699 2952 5755 Cor.
2978 5717 3088 5765 xvi,
3113 5701 3164 5755 9.
3243 5701 3288 5733 ⁸ο
3316 5700 3480 5755 lCor.
3512 5716 3587 5765 ix,
3612 5697 3694 5753 1‘3.
