4110 6406
370 386 499 444 ιδιι

1524 381 2175 439 COMMENTARIORUM
2219 379 2482 437 SERIES.

3500 377 3639 433 169.?

368 502 551 556 dinnenn
600 499 868 564 veritatis.
919 502 1127 557 intrare
1176 515 1272 570 per
1295 499 1546 554 cmlcstes
1575 500 1853 554 doctrinas
1900 510 1954 555 et
1983 501 2022 555 Α
2054 498 2147 552 sed
2172 498 2350 552 adlnue
2370 494 2519 551 addit
2547 494 2621 549 illi
2655 494 3025 548 damnationis
3048 507 3358 555 numerum,
3383 502 3443 547 ut
3465 492 3628 547 etiann

366 609 463 663 per
521 593 911 649 convenientes
953 594 1035 649 eis
1075 601 1231 647 actus
1278 592 1332 645 in
1377 608 1603 661 regnunnn
1658 593 1947 646 caelorum.

369 682 509 739 lluic
556 684 890 753 expositioni
933 684 1265 740 conveniens
1292 692 1378 739 est
1432 684 1575 751 quod
1614 684 1804 738 scribit
1844 683 1951 737 Lu-

369 790 465 830 cas
494 775 542 806 ⁸⁸
572 789 586 828 :
630 774 718 829 γω
742 773 889 831 vobis
939 775 1260 846 legisperitis
1289 816 1304 840 ,
1347 777 1600 843 quoniam
1650 775 1950 829 abstulistis

369 866 568 919 dacem
589 866 846 929 uicatim,
871 875 919 920 ct
943 866 1044 934 ipsi
1068 881 1172 919 non
1198 865 1483 930 introistis,
1512 876 1557 919 et
1584 865 1718 918 alios
1739 866 1952 919 intran-

375 968 449 1009 tes
468 956 839 1025 prohibuistis.
863 956 968 1024 Qui
990 958 1137 1013 enim
1154 956 1521 1012 criminantnnr
1549 958 1950 1026 expositionem

370 1048 738 1117 allegoricam,
753 1058 810 1104 et
829 1048 1030 1105 docere
1055 1049 1245 1105 volunt
1269 1049 1398 1119 quia
1435 1049 1727 1103 manifesta
1762 1058 1848 1106 est
1868 1051 1953 1104 di-

371 1137 496 1191 vina
523 1136 805 1209 Scriptura
834 1148 884 1195 et
907 1140 1046 1194 nihil
1070 1138 1279 1194 babenns
1307 1139 1543 1209 amplius
1572 1156 1737 1208 quam
1767 1149 1952 1195 textus

369 1230 628 1296 ostendit,
658 1245 837 1301 neque
858 1230 1182 1286 diviniorem
1226 1231 1463 1301 aliquem
1508 1247 1755 1297 sensum,
1799 1243 1854 1288 et
1886 1234 1955 1290 de

371 1321 817 1387 circumcisione,
843 1321 926 1376 vel
978 1322 1204 1391 pascha,
1256 1321 1339 1377 vel
1383 1321 1453 1376 de
1505 1323 1738 1393 azymis,
1771 1324 1855 1378 vel
1886 1322 1954 1379 de

368 1414 514 1468 escis
549 1421 606 1467 et
631 1413 872 1481 potibus,
906 1413 992 1468 vel
1024 1413 1093 1468 de
1126 1412 1543 1478 festivitatibus,
1592 1415 1678 1469 vel
1705 1415 1773 1470 de
1804 1413 1950 1472 Neo-

379 1506 596 1568 meniis,
618 1505 704 1559 vel
735 1506 803 1559 de
827 1504 1104 1571 Sabbatis,
1129 1513 1184 1559 et
1217 1521 1326 1560 non
1364 1506 1664 1575 respiciunt
1691 1507 1953 1576 quoniam

373 1596 428 1650 in
460 1596 775 1651 estensione
816 1603 874 1648 et
904 1595 1096 1648 umbra
1134 1594 1441 1650 futurorum
1470 1603 1600 1649 tunne
1643 1596 1955 1653 serviebant

370 1687 544 1743 Judaei
570 1687 639 1754 ⁸³,
678 1685 973 1757 legisperiti
1018 1686 1236 1755 quidem
1285 1694 1444 1751 sunt,
1489 1695 1670 1742 tamen
1713 1688 1955 1743 tulerunnt

372 1779 583 1834 clavem
615 1778 857 1834 scientia:
884 1785 1151 1846 quantum
1194 1777 1259 1832 ad
1284 1777 1507 1831 verbum
1563 1792 1747 1845 suum,
1782 1778 1832 1832 id
1872 1786 1954 1834 est

373 1885 592 1925 onmem
629 1869 765 1939 legis
821 1868 964 1923 viam
993 1869 1059 1923 ad
1104 1867 1451 1940 intelligenda
1510 1868 1747 1939 legitima
1790 1868 1950 1925 aufe~

372 1968 557 2015 rentes
586 1976 602 2012 :
631 1968 918 2030 propterea
969 1975 1070 2015 nec
1118 1961 1217 2030 ipsi
1261 1961 1619 2023 intraverunt,
1660 1978 1761 2018 nnec
1787 1964 1947 2032 alios,

372 2060 643 2120 quantum
665 2052 732 2107 ad
771 2067 853 2115 se,
891 2053 1095 2107 inntrare
1127 2054 1516 2123 permiserunt.

443 2142 533 2198 16.
571 2142 662 2197 Va:
719 2145 882 2207 vobis,
919 2144 1118 2198 Scribe
1147 2155 1198 2199 et
1230 2145 1494 2200 Pharistei
1521 2146 1833 2216 hypocrita,
1859 2148 1952 2217 qui

371 2232 609 2286 circuitis
634 2248 778 2286 mare
801 2242 850 2286 et
881 2233 1114 2297 aridum,
1141 2242 1198 2286 ut
1239 2233 1453 2302 faciatis
1498 2249 1661 2286 unum
1711 2233 1949 2302 prosety-

374 2336 594 2389 intonet
627 2341 746 2379 cum
799 2325 958 2394 fuerit
1012 2325 1223 2394 factus,
1284 2326 1464 2395 facitis
1509 2342 1627 2379 eum
1656 2325 1829 2395 ﬁlium
1866 2342 1952 2397 ge-

372 2422 556 2475 henna:
607 2421 767 2491 duplo
786 2438 944 2492 quam
984 2437 1073 2476 vos
1121 2423 1248 2476 estis
1298 2422 1367 2478 ⁸⁸.
1411 2423 1541 2477 Ηωο
1564 2423 1954 2478 convenienter

372 2513 631 2567 dicuntnnr
653 2520 773 2582 post
807 2513 1096 2567 adventum
1129 2512 1332 2568 Christi
1366 2513 1433 2566 ad
1477 2512 1701 2568 Scribas
1727 2522 1783 2568 et
1810 2512 1953 2567 Pha-

373 2601 566 2657 risaeos
607 2600 958 2657 Judaicorum
1013 2603 1328 2667 verborum,
1400 2604 1494 2672 qnni
1537 2603 1820 2674 diligenter
1843 2602 1953 2658 cir-

371 2703 633 2746 ennmeunnt
659 2692 891 2759 plurima
921 2693 1038 2749 loca
1073 2692 1284 2758 mundi,
1312 2700 1373 2746 ut
1403 2694 1643 2749 advenas
1665 2692 1953 2763 jndaizare

373 2782 657 2836 suadeant.
683 2781 1006 2852 Quicunnque
1029 2783 1173 2837 enim
1209 2791 1329 2851 post
1375 2783 1717 2839 Salvatorem
1764 2785 1951 2855 judai-

375 2881 521 2938 zant,
564 2872 830 2928 docentur
881 2874 1081 2929 inuitari
1141 2873 1392 2929 aﬁ‘ectunn
1444 2887 1636 2930 eorum
1661 2876 1755 2946 qui
1800 2876 1954 2931 dixe-

375 2973 502 3018 runnt
540 2965 593 3019 in
640 2965 733 3021 illo
785 2975 1026 3036 tempore
1059 2984 1075 3021 :
1110 2967 1396 3038 Cruciﬁge,
1444 2969 1696 3037 cruci/iga
1729 2964 1847 3021 e'um
1881 2968 1948 3025 ⁸⁸.

373 3054 435 3111 Et
469 3056 705 3110 iterum:
741 3056 905 3120 Tolle,
957 3058 1079 3114 tolle
1136 3077 1168 3113 a
1218 3069 1359 3113 terra
1403 3059 1707 3129 huiusmodi
1738 3060 1806 3114 ⁸⁸.
1849 3058 1954 3114 Do-

2053 592 2350 645 secundum
2400 588 2743 642 Judaisnnunn
2798 589 2890 642 liat
2937 587 3081 642 titius
3124 587 3406 655 gehennae.
3448 584 3517 642 Et
3550 587 3633 642 sic

2054 681 2185 735 facit
2214 680 2404 735 Scriha
2438 681 2515 733 vel
2553 679 2862 734 l’lnarisreus
2895 679 3067 732 lilium
3097 678 3358 747 gehennze
3392 679 3627 733 alterum

2054 775 2180 844 plus
2205 789 2369 842 quam
2412 789 2492 839 se,
2540 787 2648 826 non
2684 775 2812 842 quia
2853 772 2969 841 ipse
3009 770 3301 839 dupliciter
3342 768 3491 835 facit,
3534 770 3631 823 sed

2052 867 2182 936 quia
2208 881 2333 921 cum
2388 865 2566 921 factus
2599 865 2763 920 fuerit
2804 866 2991 927 homo,
3021 863 3314 931 dupliciter
3349 861 3496 916 lilius
3538 878 3631 930 ge-

2054 958 2247 1013 heunm
2278 974 2373 1030 per
2412 959 2718 1013 doctrinam
2770 957 3012 1012 doctoris
3055 955 3291 1010 efficitur
3323 971 3337 1009 :
3365 961 3421 1008 et
3459 953 3539 1010 sic
3575 954 3636 1009 fit

2054 1048 2146 1105 ille
2180 1052 2274 1120 qui
2308 1051 2517 1116 docuit,
2551 1065 2716 1105 causa
2748 1048 2976 1104 secundi
3006 1047 3213 1105 erroris
3242 1046 3413 1111 illius,
3448 1054 3509 1099 ut
3537 1044 3635 1098 fiat

2052 1144 2342 1214 dupliciter
2377 1145 2522 1200 filius
2551 1144 2813 1215 gehenna:
2840 1158 3005 1211 supra
3053 1141 3207 1195 illum
3238 1141 3332 1212 qui
3367 1140 3507 1195 nnale
3534 1139 3635 1192 do-

2053 1236 2169 1291 cuit
2212 1251 2359 1292 eum.
2409 1236 2565 1291 Aliu‘s
2595 1245 2779 1290 autenn
2821 1232 2955 1289 dicit
3000 1233 3108 1287 alio
3142 1232 3325 1298 modo,
3371 1229 3635 1299 quoniam

2053 1328 2146 1401 qui
2178 1330 2247 1384 ab
2279 1328 2434 1383 initio
2469 1326 2662 1383 nutriti
2695 1336 2823 1383 sunt
2870 1325 2924 1381 in
2960 1326 3077 1396 iege
3116 1323 3309 1396 Moysi,
3351 1323 3465 1392 jam
3506 1329 3637 1377 sunt

2055 1420 2149 1477 filii
2185 1420 2464 1491 gehennae,
2515 1427 2801 1489 propterea
2845 1417 2992 1488 quod
3044 1431 3152 1471 non
3197 1414 3550 1471 crediderunt
3579 1413 3634 1467 in

2053 1512 2352 1569 Christum.
2393 1510 2499 1577 Qui
2546 1518 2728 1565 autem
2771 1509 3031 1578 gentilem
3069 1506 3411 1579 reliquerunnt
3441 1507 3635 1569 vitam,

2056 1605 2222 1660 semel
2277 1604 2587 1673 judicantes
2640 1600 2950 1671 relinquere
2998 1600 3364 1654 idololatriam
3415 1597 3469 1651 in
3527 1612 3636 1666 qua

2056 1696 2271 1752 fuerant
2296 1694 2539 1757 enutriti,
2565 1702 2617 1748 ct
2635 1692 3111 1762 apprehenderunt
3132 1689 3415 1744 Iudaicam
3445 1688 3636 1751 vitam,

2058 1787 2259 1858 duplici
2301 1798 2460 1857 pmna
2494 1793 2623 1841 sunt
2650 1783 2820 1853 digni,
2858 1783 2950 1851 qui
2986 1796 3095 1835 non
3128 1796 3254 1837 cum
3281 1780 3638 1851 requisitions

2056 1881 2415 1950 reliquerunt,
2462 1892 2637 1947 neque
2679 1875 2952 1930 discutere
3005 1873 3297 1927 voluerunt
3343 1869 3630 1925 Iudaicum

2050 1973 2299 2035 verbum,
2331 1979 2385 2026 ct
2413 1968 2589 2040 ipsum
2626 1968 2770 2038 quod
2806 1966 3018 2020 videtur
3050 1963 3282 2019 Iudaico
3325 1963 3488 2017 verbo
3512 1976 3635 2016 esse

2053 2073 2367 2136 cognatum,
2420 2063 2470 2116 id
2516 2069 2600 2116 est
2662 2058 3059 2130 professionem
3118 2056 3556 2114 Christianorum
3612 2070 3625 2106 :

2052 2173 2153 2212 nec
2187 2156 2412 2211 scrutati
2436 2163 2562 2209 sunt
2585 2153 2653 2207 ab
2679 2151 2758 2206 eis
2789 2150 2879 2221 qui
2910 2158 3199 2218 utramque
3223 2158 3426 2202 sectam
3456 2146 3633 2201 idonei

2053 2256 2182 2305 sunt
2207 2248 2422 2309 docere,
2470 2254 2526 2301 ut
2569 2243 2932 2313 inntelligerent
2980 2241 3125 2312 quod
3181 2240 3408 2295 verbum
3453 2238 3637 2293 verius

2052 2350 2198 2396 esset
2229 2351 2281 2395 et
2332 2338 2514 2411 potius
2544 2336 2875 2407 eligendum.
2911 2333 3089 2389 Simul
3122 2332 3387 2387 discimus
3422 2347 3485 2385 ex
3533 2330 3637 2383 huc

2054 2432 2173 2486 loco
2199 2430 2459 2500 quoniam
2494 2438 2547 2483 et
2577 2443 2767 2482 eorunn
2799 2425 2890 2496 qui
2926 2424 2979 2479 in
3016 2424 3263 2496 gehcnua
3288 2420 3456 2475 futuri
3485 2429 3638 2483 sunt,

2052 2527 2156 2580 erit
2184 2522 2492 2578 differentia
2516 2530 2941 2580 tormentorum,
2973 2517 3234 2585 quoniam
3260 2515 3396 2568 alter
3414 2510 3632 2581 quidem

2053 2623 2137 2671 cst
2152 2613 2472 2685 simpliciter
2491 2612 2634 2666 filius
2651 2612 2931 2682 gelncnnm,
2957 2607 3094 2661 alter
3124 2616 3306 2660 autem
3325 2602 3635 2671 dupliciter.

2056 2703 2162 2761 Sed
2207 2713 2261 2760 et
2295 2704 2403 2759 lnoe
2444 2703 2629 2758 videre
2670 2708 2907 2771 oportet,
2961 2699 3005 2753 si
3048 2697 3229 2751 adhuc
3271 2693 3640 2749 abundantius

2056 2796 2150 2851 fiat
2191 2795 2391 2865 aliquis
2431 2793 2575 2848 filius
2619 2792 2902 2864 gehennae,
2952 2799 3167 2858 utputa,
3220 2785 3508 2856 tripliciter
3553 2783 3637 2838 vel

2055 2885 2434 2957 multipliciter
2468 2882 2769 2939 secundum
2811 2879 3215 2935 multitudinem
3250 2884 3637 2947 peccatorum;

2054 2990 2108 3034 et
2137 2979 2182 3034 si
2214 2976 2541 3049 generaliter
2572 2985 2656 3031 est
2687 2974 2802 3029 fieri
2854 2972 3092 3042 aliquem
3142 2970 3311 3024 lilium
3354 2969 3634 3040 gclrcnnu',

2057 3080 2246 3141 utputa
2298 3069 2569 3135 Judaeum,
2638 3066 2722 3121 vel
2785 3064 3068 3135 gentilcm,
3116 3071 3210 3117 aut
3257 3059 3636 3131 cujuscunque

371 3158 563 3201 ventur
592 3159 773 3203 autenn
824 3158 877 3203 et
909 3163 1169 3205 accusare
1185 3167 1332 3211 eum,
1375 3152 1517 3204 sicut
1549 3160 1678 3205 tunc
1725 3167 1942 3205 accusa-
1980 3179 2021 3235 ε
2058 3163 2178 3218 [τῃδὶ
2211 3160 2483 3233 dogmatis
2512 3157 2879 3231 professorem
2915 3172 2928 3210 :
2972 3162 3068 3208 aut
3116 3160 3170 3206 et
3206 3149 3539 3221 specialiter,
3581 3157 3637 3202 υι

373 3236 503 3292 haut
534 3239 846 3294 sacerdotes
885 3239 1077 3306 plebis.
1108 3238 1201 3295 Est
1229 3247 1411 3293 autem
1436 3241 1618 3294 videre
1655 3255 1752 3294 eos
1779 3256 1951 3309 usque

372 3343 542 3394 nunc,
601 3346 724 3385 cum
745 3330 1025 3399 judicatur
1060 3331 1221 3398 latro,
1258 3340 1311 3385 et
1340 3333 1711 3387 testimonnium
1741 3333 1834 3387 dat
1858 3348 1952 3387 ve-

372 3417 516 3472 ritati
548 3420 916 3487 Clnristiamns,
961 3423 1209 3479 volentes
1248 3424 1423 3494 magis
1460 3425 1669 3479 absolvi
1711 3425 1952 3480 imitato-

371 3525 483 3563 rem
514 3509 776 3568 Baralnbre
796 3530 961 3585 quam
992 3514 1193 3570 Christi
1223 3514 1576 3585 discipulum.
1609 3514 1741 3583 Qua>
1765 3518 1949 3572 omnia

371 3621 478 3658 non
512 3607 836 3676 simpliciter
857 3608 1064 3664 faciunt
1087 3611 1424 3681 proselytum
1466 3611 1636 3665 tilium
1668 3612 1949 3681 gehennae,

367 3699 484 3765 sed,
522 3700 665 3754 sicut
691 3701 956 3771 scriptum
982 3710 1086 3766 est,
1120 3704 1407 3772 dupliciter
1446 3718 1609 3772 super
1647 3701 1866 3757 Scribas
1897 3710 1951 3758 et

369 3790 674 3845 Phariszeos
702 3791 795 3861 qnni
830 3793 1161 3863 proselytunn
1203 3809 1326 3847 cum
1362 3793 1626 3847 fecerunt.
1663 3793 1766 3847 Sed
1808 3794 1951 3849 dicet

369 3881 567 3949 aliquis
597 3881 650 3935 in
708 3883 812 3937 hoc
843 3883 963 3937 loco
993 3902 1005 3937 :
1032 3882 1321 3949 Quomodo
1374 3885 1676 3954 discipulus
1715 3886 1951 3957 prosely-

371 3980 459 4024 tus
477 3972 557 4026 eis
576 3971 669 4041 qui
696 3987 841 4028 nunc
859 3983 987 4027 sunt
1011 3972 1215 4029 Scriba:
1242 3984 1294 4029 et
1320 3974 1581 4030 Pharisaei
1609 3975 1950 4032 miseralnilcs

371 4060 678 4126 constituti,
735 4076 843 4116 non
892 4064 1177 4134 mqnnaliter
1226 4065 1459 4120 efficitur
1506 4065 1649 4121 filius
1689 4068 1950 4138 gehennae

369 4148 530 4220 841
552 4151 868 4207 doctoribus
890 4155 1028 4218 suis,
1049 4155 1141 4209 sed
1154 4156 1479 4225 dupliciter?
1502 4155 1795 4211 Dicitenim
1811 4176 1950 4229 quo-

370 4241 515 4295 nniam
544 4242 775 4297 debebat
810 4245 989 4299 nninnus
1006 4245 1117 4300 fieri
1137 4247 1396 4316 gehennae
1415 4249 1557 4304 filius
1582 4260 1706 4305 :aut
1721 4251 1767 4306 si
1787 4251 1945 4316 forte,

370 4349 466 4400 pro
489 4334 715 4391 dimidia
749 4347 899 4407 parte
933 4341 981 4393 ci
1013 4341 1106 4409 qui
1138 4339 1265 4394 fecit
1294 4343 1629 4413 proselytum
1662 4359 1808 4398 eum.
1840 4346 1949 4399 Aut

368 4427 413 4481 si
436 4436 490 4483 et
510 4428 708 4498 aliquis
730 4428 993 4483 concedat
1021 4438 1078 4483 ut
1100 4429 1171 4485 sit
1196 4428 1499 4499 discipulus
1524 4430 1665 4486 sicut
1687 4433 1949 4503 nnagistcr

2058 3262 2155 3319 per
2206 3247 2453 3318 singulas
2506 3245 2714 3315 species
2772 3252 3123 3314 peccatorum
3180 3239 3273 3294 fiat
3315 3239 3441 3309 quis
3492 3237 3636 3291 illius

2058 3339 2353 3411 gehennam:
2380 3346 2569 3407 nntputa
2594 3336 2688 3406 qui
2717 3334 3040 3398 fornicatur,
3074 3331 3143 3387 sit
3173 3331 3314 3385 filius
3343 3329 3635 3401 gehennat;

2057 3437 2114 3486 et
2164 3428 2257 3499 qui
2305 3428 2664 3490 adulteratur,
2716 3425 3009 3495 dupliciter
3038 3424 3143 3490 sit;
3195 3435 3247 3477 ct
3293 3422 3386 3491 qui
3430 3419 3634 3476 furtunn

2061 3522 2208 3584 facit,
2242 3523 2421 3577 adhuc
2466 3520 2775 3590 tripliciter,
2824 3516 3126 3573 secunndunn
3168 3514 3315 3583 quod
3371 3513 3634 3582 scriptum

2057 3623 2140 3669 est
2163 3614 2206 3645 ⁸⁷
2238 3631 2251 3665 :
2286 3612 2404 3677 Qua
2434 3626 2683 3664 mensura
2720 3610 2886 3661 mensi
2911 3607 3144 3677 fueritis,
3170 3604 3353 3658 eadem
3388 3620 3639 3659 mensura

2059 3702 2304 3755 metietur
2331 3700 2512 3764 vobis;
2565 3697 2828 3767 utjustus
2855 3694 3074 3765 quidem
3110 3692 3411 3748 secundum
3442 3706 3638 3745 nume-

2058 3807 2179 3848 rum
2206 3791 2545 3862 justitiarum
2580 3802 2806 3845 suarum
2839 3793 3107 3856 augeatur
3137 3783 3191 3838 in
3226 3783 3420 3855 gloria,
3447 3796 3639 3852 pecca-

2056 3894 2144 3939 tor
2168 3893 2347 3937 autem
2375 3881 2674 3937 secundum
2708 3892 2998 3933 numerum
3032 3883 3381 3946 peccatorum
3410 3889 3635 3929 suorunn
3730 3898 3749 3911 ι

2058 3977 2450 4048 multiplicetur
2485 3975 2540 4028 iu
2582 3973 2854 4044 gelnenna.
2901 3968 3032 4036 Quae
3071 3967 3142 4022 sit
3171 3976 3353 4020 autem
3397 3967 3514 4021 haec
3546 3980 3638 4035 ge-

2057 4067 2258 4133 henna,
2290 4074 2345 4122 et
2388 4067 2441 4121 in
2473 4082 2582 4136 quo
2621 4065 2744 4119 loco
2775 4061 3184 4132 Scripturarunu
3231 4059 3385 4128 prinns
3421 4069 3504 4112 est
3541 4072 3639 4111 no-

2056 4160 2283 4225 minata,
2330 4157 2424 4228 qui
2475 4164 2654 4226 potest
2687 4153 2949 4222 requirat,
2982 4151 3221 4205 maxime
3264 4149 3319 4202 in
3367 4147 3639 4203 divisione

2057 4251 2392 4307 lnmrcditatis
2430 4247 2559 4303 Jesu
2606 4245 2699 4300 lilii
2742 4243 2907 4310 Nave,
2969 4241 3061 4296 ubi
3096 4239 3366 4294 interdum
3412 4237 3634 4307 quidem

2055 4343 2361 4413 appellatur
2387 4340 2545 4395 vallis
2590 4337 2714 4392 filia:
2742 4334 2901 4399 Nom,
2946 4333 3219 4388 interdum
3266 4343 3447 4387 autem
3476 4331 3639 4385 vallis

2054 4431 2207 4487 Euonn
2238 4446 2361 4502 qum
2384 4441 2467 4486 est
2497 4428 2548 4482 in
2577 4429 2844 4497 geheuna.
2873 4425 3132 4481 Cebenna
3166 4425 3313 4478 ennim
3341 4431 3425 4478 est
3454 4422 3635 4477 vallis.

367 4517 505 4588 ejus,
559 4517 791 4573 debebat
836 4518 1139 4589 discipulus
1189 4521 1472 4590 nequaliter
1525 4522 1787 4593 magistro
1845 4539 1946 4578 suo
1979 4530 2025 4588 Β
2055 4523 2119 4579 Et
2153 4524 2404 4577 observet
2435 4519 2716 4592 quoniam,
2755 4518 2898 4573 sicut
2930 4515 3235 4571 Jerusalem
3269 4530 3389 4570 sors
3415 4522 3498 4569 est
3524 4513 3629 4567 ιτί-

367 4610 482 4664 lteri
514 4609 655 4665 tilius
683 4610 962 4680 gelnennre.
993 4611 1244 4665 Arbitror
1263 4627 1393 4681 ergo
1423 4626 1640 4668 omnem
1670 4614 1946 4670 hominem

366 4702 458 4771 qui
490 4717 553 4754 et
603 4702 1016 4769 conversatione
1063 4702 1251 4772 gentili
1293 4700 1607 4761 Judanorum
1644 4704 1823 4761 factus
1863 4716 1951 4763 est

366 4793 696 4864 proselytus,
726 4792 895 4846 filiunn
923 4793 1183 4863 gehennm
1202 4793 1369 4849 fuisse
1393 4806 1444 4849 et
1472 4797 1791 4867 priusquam
1826 4813 1949 4868 pro-

366 4885 575 4957 selytus
620 4883 903 4939 eﬁiciatur.
967 4883 1258 4940 Sufﬁciens
1311 4896 1394 4941 est
1439 4887 1585 4940 enim
1635 4888 1799 4943 etiam
1838 4888 1945 4944 vita

369 4975 690 5030 idololatriis
712 4975 924 5031 subdita
953 4975 1131 5032 facere
1159 4978 1432 5031 hominem
1462 4977 1630 5033 filium
1661 4981 1944 5051 gehennae.

371 5063 556 5118 Talem
588 5082 719 5137 ergo
753 5066 923 5121 filium
946 5068 1207 5139 gehennae
1237 5071 1410 5125 salvat
1431 5073 1649 5143 quidem
1676 5083 1728 5129 et
1751 5073 1948 5129 liberat

369 5171 466 5224 per
492 5155 764 5213 lavacrum
794 5160 1141 5231 baptismatis
1165 5177 1343 5217 sermo
1370 5161 1584 5219 flumini
1617 5166 1788 5221 nostri
1817 5164 1950 5231 Jesu

366 5247 594 5313 Christi,
624 5251 760 5307 dans
788 5253 836 5307 ei
872 5263 1194 5324 potestatem
1228 5255 1340 5310 lieri
1379 5257 1546 5310 lilium
1584 5257 1698 5324 Dei,
1720 5268 1775 5314 et
1800 5259 1941 5313 viam

365 5338 416 5392 ei
459 5341 753 5398 ostendens
788 5352 851 5398 ut
892 5344 1164 5401 efficiatur
1201 5348 1346 5403 filius
1383 5346 1473 5402 Dei
1514 5349 1692 5403 Patris
1736 5351 1828 5420 qui
1861 5357 1947 5405 est

368 5433 421 5486 in
471 5429 644 5486 cretis.
683 5429 874 5489 Sermo
909 5446 1088 5493 autenu
1119 5436 1429 5495 Judacorum
1461 5457 1567 5494 non
1604 5439 1940 5497 eredenntium

367 5522 608 5592 Christo,
640 5540 749 5581 non
785 5528 959 5586 solunn
995 5533 1249 5603 gentilenn
1286 5549 1393 5588 non
1424 5534 1583 5589 solvit
1610 5550 1639 5588 a
1671 5535 1941 5606 gehenna,

2048 4618 2152 4673 bus
2176 4614 2483 4685 Beniamin,
2512 4620 2567 4668 et
2601 4612 2720 4666 alize
2756 4612 3005 4681 quantam
3041 4608 3292 4664 civitates
3322 4607 3507 4663 electae
3550 4605 3636 4661 vel

2049 4708 2173 4771 vici,
2209 4710 2289 4764 sic
2328 4715 2381 4761 et
2417 4705 2690 4775 gehenna.
2723 4701 3085 4772 Consequens
3121 4710 3303 4754 autem
3335 4708 3419 4753 est
3446 4698 3496 4753 ei
3540 4699 3633 4768 qui

2048 4797 2329 4869 cognoscit
2375 4810 2498 4866 quae,
2531 4795 2601 4850 sit
2628 4791 2932 4849 Jerusalem
2963 4793 3019 4845 in
3053 4790 3324 4845 divisione
3351 4803 3494 4842 verae
3518 4787 3633 4841 Ιιωη

2047 4888 2294 4945 reditatis
2334 4886 2568 4940 tiliorum
2604 4884 2791 4949 Israel,
2832 4892 2891 4937 ut
2926 4880 3192 4950 intelligat
3221 4891 3533 4934 sermonem
3563 4877 3635 4932 de

2048 4982 2313 5054 gehennna.
2349 4978 2455 5046 Qui
2508 4986 2690 5033 autenn
2731 4974 2862 5046 legit
2902 4973 3193 5042 diligenter
3238 4970 3425 5026 Jesunn
3460 4967 3634 5033 Nave,

2047 5075 2225 5129 videat
2257 5081 2311 5127 et
2357 5072 2449 5143 qui
2481 5071 2587 5126 vici
2630 5068 2946 5124 referuntur
2993 5067 3107 5122 illic
3150 5065 3392 5122 vicinare
3423 5066 3548 5120 valli
3577 5066 3629 5119 ei

2047 5181 2170 5237 qua:
2200 5165 2400 5219 dicitur
2428 5163 2698 5233 gelnenna.
2735 5157 2859 5213 Hanc
2891 5158 3157 5229 prolixius
3183 5166 3239 5212 et
3280 5154 3634 5211 manifestius

2052 5257 2266 5313 tradere
2299 5271 2392 5326 per
2424 5260 2815 5315 atramentum,
2860 5258 2914 5305 et
2964 5251 3262 5313 calamum,
3297 5258 3351 5303 et
3382 5247 3629 5301 chartam

2048 5352 2225 5405 visuun
2271 5348 2403 5403 mihi
2435 5354 2519 5402 est
2563 5360 2671 5399 non
2709 5358 2829 5399 esse
2866 5353 3126 5409 cautum;
3175 5340 3384 5396 utinam
3418 5347 3473 5394 et
3516 5338 3633 5393 htee

2048 5443 2166 5513 ipsa
2196 5456 2317 5512 quae
2345 5439 2579 5493 dicimus
2608 5451 2717 5491 non
2750 5436 3038 5489 videamur
3068 5440 3276 5487 temere
3307 5440 3362 5485 et
3409 5428 3630 5499 pericu.-

2046 5534 2165 5589 lose
2191 5530 2426 5587 dixisse!
2450 5594 2457 5599 ο

432 5726 477 5757 ⁸²
505 5742 579 5799 xn,
611 5728 702 5785 52.
777 5728 822 5762 ⁸³
850 5728 1013 5790 Hebr.
1044 5752 1099 5804 ι,
1135 5737 1184 5793 1.
1260 5738 1307 5772 ⁸⁸
1334 5737 1523 5797 Matth.
1554 5754 1712 5810 χχιιι,
1755 5740 1836 5796 I3.
1904 5739 1950 5773 ⁸⁸

2053 5754 2120 5796 nc.
2153 5753 2315 5806 xxnnn,
2338 5733 2425 5791 l8.
2502 5729 2548 5764 ⁸⁸
2580 5728 2712 5787 ibid.
2742 5728 2834 5785 2!.
2907 5726 2950 5759 ⁸⁷
2987 5725 3120 5783 Luc.
3151 5739 3227 5795 vn,
3255 5725 3349 5781 '58.
