4110 6406
497 345 638 404 M23

1686 353 1844 411 OBlG
1857 355 2009 413 ENIS
2049 361 2113 414 lN
2158 361 2574 423 ΜΛΤΤΠᾸΞΠΜ

3607 385 3746 443 16⁸25

564 461 652 518 l7.
703 461 794 565 νοω
829 462 992 564 vobis,
1042 464 1196 520 duces
1240 471 1640 575 Ct'l.?t'01'ltin.,'i]‘ui
1681 471 1858 575 dic-itis
1891 491 1908 528 :
1939 476 2071 540 Qui-
2104 486 2148 540 Α
2250 482 2336 535 18.
2376 483 2432 537 Si
2455 493 2636 539 autem
2661 495 2875 555 oportet
2897 487 3054 558 quasi
3082 491 3282 550 talibus
3299 494 3572 568 Evangelii
3597 508 3745 575 agris

490 571 693 624 cunque
723 553 988 622 iurauerit
1013 570 1106 623 per
1137 556 1405 624 templum,
1449 559 1585 614 nihil
1617 572 1715 617 est.
1740 564 1846 630 Qui
1890 578 2063 622 autem

486 644 742 711 iuraverit
765 659 857 712 per
875 659 1063 696 aurum
1093 644 1292 713 templi,
1314 647 1484 702 debet.
1507 647 1672 704 Stulti
1696 662 1745 705 et
1762 655 1887 708 cwci
1906 655 1926 706 ,ν
1940 656 2066 725 quid

489 735 629 787 enim
656 735 828 800 majus
858 745 959 800 est,
987 749 1202 799 aurum,
1231 753 1300 789 an
1325 739 1574 807 templum
1602 742 1741 812 quod
1768 747 2066 815 sanctiﬁcat

489 842 682 879 aurum
705 827 731 878 ?
753 825 824 878 Et
853 827 1146 896 quicunque
1162 827 1427 897 juraverit
1453 849 1544 900 per
1569 833 1762 908 altare,
1787 837 1920 891 nihil
1943 849 2017 893 est
2046 855 2065 891 :

487 917 580 972 ad
608 918 901 987 quicunque
929 917 1186 984 iuraverit
1215 935 1308 988 per
1354 921 1554 977 donum
1580 925 1718 994 quod
1750 944 1905 996 super
1932 928 2065 982 illud

487 1016 586 1070 est,
642 1004 810 1059 debet.
857 1003 1024 1059 Stulti
1079 1015 1129 1060 et
1171 1009 1332 1062 caeci!
1371 1011 1498 1079 quid
1573 1013 1712 1066 enim
1767 1016 1942 1084 majus
1988 1026 2066 1071 est

490 1095 688 1147 donum
723 1111 794 1148 an
842 1094 1014 1151 altare
1042 1098 1182 1166 quod
1203 1100 1504 1168 sanctiﬁcat
1527 1101 1739 1157 domum
1759 1108 1784 1160 ?
1815 1106 1920 1171 Qui
1944 1124 2064 1178 ergo

484 1185 635 1253 jurat
665 1201 758 1256 per
796 1187 967 1242 altare
1019 1187 1170 1258 iurat
1190 1206 1284 1260 per
1313 1191 1472 1256 illud,
1513 1206 1560 1248 et
1594 1195 1648 1249 in
1682 1199 1920 1252 omnibus
1948 1217 2066 1270 qua:

487 1287 609 1332 sunt
636 1294 794 1348 super
815 1278 972 1332 illud.
997 1277 1068 1334 Et
1089 1281 1180 1348 qui
1192 1281 1349 1350 jurat
1386 1299 1478 1354 per
1503 1285 1750 1354 templum
1794 1288 1949 1357 jurat
1975 1307 2064 1348 per

486 1371 647 1440 illud,
687 1381 736 1426 et
775 1388 866 1442 per
897 1388 1017 1425 cum
1055 1374 1144 1443 qui
1188 1373 1392 1430 habitat
1420 1375 1476 1430 in
1514 1377 1649 1444 ipso.
1683 1377 1753 1432 Et
1793 1383 1883 1450 qui
1907 1382 2061 1451 jurat

486 1477 580 1532 per
600 1461 806 1526 caelum,
838 1461 990 1530 jurat
1019 1477 1111 1530 per
1148 1462 1393 1517 thronum
1434 1464 1553 1531 Dei,
1588 1475 1638 1521 et
1671 1482 1764 1534 per
1801 1469 2061 1524 sedentem

487 1569 646 1622 super
669 1569 787 1608 eum
811 1551 876 1604 ⁸⁸.
897 1549 1001 1604 Per
1015 1552 1119 1606 hoc
1136 1567 1354 1623 quoque
1368 1553 1592 1610 verbum
1611 1555 1935 1612 criminatur
1951 1568 2063 1614 tra-

486 1643 724 1699 ditiones
761 1641 1184 1707 Pharisaeorum,
1220 1643 1378 1711 quasi
1408 1659 1518 1698 non
1553 1655 1750 1701 rectas.
1787 1644 1902 1702 Hoc
1931 1646 2063 1703 facit

485 1743 540 1787 et
573 1732 627 1786 in
656 1747 721 1786 eo
746 1732 866 1787 loco
887 1731 981 1786 ubi
1008 1733 1279 1802 vituperat
1303 1733 1624 1791 traditiones
1655 1734 2058 1793 Pharisaeorum

487 1822 660 1878 factas
693 1822 955 1877 adversus
1004 1820 1096 1876 Dei
1140 1821 1456 1878 mandatum
1491 1824 1634 1893 quod
1667 1824 1904 1894 positum
1944 1834 2062 1882 erat
2095 1811 2136 1867 Β

482 1917 551 1972 de
583 1916 790 1971 honore
827 1915 997 1985 patris
1030 1914 1114 1970 vel
1145 1915 1359 1971 matris.
1391 1915 1704 1973 Dicentibus
1727 1917 1872 1972 enim
1913 1916 2060 1974 Pha-

484 2009 656 2063 riszeis
684 2008 728 2040 ⁸⁸
751 2028 766 2062 ;
795 2009 1098 2077 Quicunque
1119 2007 1316 2062 dixerit
1343 2008 1486 2078 patri
1512 2008 1590 2063 vel
1612 2009 1807 2064 matri:
1849 2009 2056 2065 Donum

484 2099 620 2171 quod
639 2115 703 2154 ea:
720 2115 822 2164 me,
847 2099 942 2153 tibi
959 2098 1213 2168 proderit,
1238 2115 1339 2154 non
1359 2101 1633 2154 honorabit
1657 2110 1860 2171 patrem
1877 2119 2053 2160 suum.

485 2191 612 2248 Post
639 2207 761 2262 quae
789 2190 940 2246 addit
969 2198 1026 2246 et
1052 2190 1183 2246 dicit
1212 2191 1261 2222 "
1287 2210 1302 2246 :
1338 2191 1566 2248 Irritum
1599 2195 1799 2267 fecistis
1831 2198 2057 2252 manda-

485 2295 595 2338 tum
627 2284 747 2348 Dei,
792 2293 848 2338 ut
884 2284 1136 2338 statuatis
1168 2295 1390 2340 vestram
1425 2288 1787 2344 traditionem.
1825 2288 1892 2344 Et
1925 2303 2054 2360 pro-

484 2379 587 2432 fert
619 2377 770 2433 Isaia:
807 2380 1115 2450 exemplum
1159 2379 1347 2434 dicens
1367 2379 1412 2411 "
1442 2397 1455 2433 :
1505 2377 1742 2450 Populus
1779 2380 1865 2435 hic
1901 2381 2054 2436 labiis

481 2484 562 2521 me
595 2468 840 2534 honorat,
873 2485 965 2524 cor
995 2476 1171 2522 autem
1203 2484 1384 2534 eorum
1414 2467 1566 2539 longe
1604 2479 1681 2524 est
1724 2486 1759 2524 a
1799 2486 1900 2524 me.
1927 2467 2055 2525 Sine

478 2574 642 2612 causa
669 2568 845 2613 autem
881 2559 1062 2613 colunt
1093 2573 1193 2622 me,
1229 2557 1470 2611 docentes
1510 2557 1780 2611 doctrinas
1819 2567 1869 2613 et
1902 2574 2055 2612 man-

478 2649 607 2703 data
643 2648 937 2702 hominum.
981 2645 1100 2702 Una
1131 2640 1314 2701 autem
1349 2661 1416 2702 ex
1447 2644 1777 2704 Pharisaicis
1808 2649 2054 2704 traditio-

479 2741 641 2796 nibus
669 2748 786 2796 erat
816 2739 937 2794 talis
963 2739 1375 2810 deiurantibus,
1416 2740 1677 2809 quoniam
1706 2739 1923 2810 quidem
1953 2756 2050 2811 per

477 2831 738 2900 templum
767 2829 1044 2900 iurabant,
1077 2829 1169 2884 alii
1208 2839 1389 2884 autem
1437 2845 1532 2899 per
1583 2845 1780 2885 aurum
1826 2831 2048 2900 templi;

481 2924 607 2977 item
637 2921 730 2976 alii
765 2936 859 2990 per
889 2921 1078 2985 altare,
1112 2919 1206 2975 alii
1242 2934 1338 2990 per
1367 2920 1572 2974 donum
1621 2921 1843 2988 altaris;
1878 2929 1931 2976 et
1969 2922 2052 2976 di-

477 3017 675 3068 cebant
716 3013 1013 3069 debitorem
1044 3028 1166 3070 esse
1199 3028 1324 3068 eum
1356 3014 1450 3083 qui
1499 3029 1594 3084 per
1622 3031 1819 3070 aurum
1865 3017 2050 3088 templi

477 3105 766 3172 iuraverit,
810 3112 906 3159 aut
952 3121 1046 3175 per
1087 3104 1290 3160 donum
1339 3105 1562 3170 altaris,
1613 3121 1739 3161 eum
1785 3115 1962 3161 autem
1994 3107 2047 3162 in

483 3195 632 3251 nulla
668 3209 726 3249 re
763 3195 1059 3250 obnoxium
1091 3210 1211 3250 esse
1244 3196 1336 3265 qui
1366 3195 1631 3263 iuraverit
1659 3214 1753 3266 per
1787 3199 2048 3267 templum

481 3289 562 3342 vel
591 3301 687 3357 per
718 3286 909 3341 altare.
951 3285 1076 3340 Ideo
1117 3287 1380 3342 adversus
1413 3286 1682 3355 ejusmodi
1730 3288 2050 3345 traditiones

483 3379 709 3448 loquens
731 3375 932 3431 Iudaeis
967 3375 1237 3443 Salvator,
1270 3385 1320 3431 et
1348 3378 1532 3432 volens
1556 3392 1650 3433 eos
1679 3379 1951 3449 corrigere
1983 3380 2051 3436 ab

479 3468 736 3525 humanis
787 3467 1172 3529 traditionibus
1220 3467 1284 3522 ad
1335 3469 1520 3522 divina
1589 3468 1864 3534 mandata,
1919 3469 2050 3525 dicit

479 3560 737 3631 quoniam
761 3559 888 3616 caici
924 3568 979 3614 et
1020 3558 1152 3615 fatui
1196 3569 1324 3615 sunt
1355 3561 1447 3631 qui
1486 3561 1614 3615 talia
1661 3562 1902 3626 tradunt,
1938 3577 2048 3618 non

477 3652 722 3708 videntes
742 3651 1003 3722 quoniam
1034 3667 1197 3707 omne
1223 3653 1368 3722 quod
1400 3655 1634 3722 positum
1660 3663 1744 3710 est
1767 3655 1820 3709 in
1850 3655 2052 3726 templo

480 3763 586 3802 non
621 3763 718 3818 per
749 3746 928 3816 ipsum
957 3747 1356 3802 sanctiﬁcatum
1380 3757 1484 3814 est,
1519 3747 1612 3803 sed
1645 3764 1741 3818 per
1763 3749 2045 3820 templum.

479 3836 575 3893 Sic
616 3847 668 3893 et
695 3837 844 3908 quod
880 3838 1116 3908 positum
1153 3846 1240 3892 est
1271 3854 1434 3909 super
1465 3839 1658 3905 altare,
1701 3840 1905 3895 donum
1933 3841 2048 3911 iam

478 3925 573 3980 Dei
611 3940 732 3980 esse
767 3925 1044 3995 iudicatur
1090 3925 1254 3997 842
1297 3942 1360 3980 ex
1395 3941 1461 3981 eo
1493 3927 1639 3996 quod
1689 3943 1853 3998 super
1881 3929 2050 3984 altare

477 4024 787 4086 susceptum
833 4024 934 4072 est.
992 4015 1048 4071 Si
1097 4033 1228 4087 ergo
1283 4033 1448 4073 causa
1501 4019 1880 4076 sanctiﬁcandi
1928 4024 2047 4078 auri

477 4107 736 4178 templum
771 4117 877 4172 est,
905 4117 959 4163 et
990 4110 1368 4166 sanctiticandi
1391 4111 1520 4165 doni
1544 4111 1738 4176 altare,
1772 4115 2048 4183 quomodo

477 4215 584 4254 non
617 4200 868 4256 videatur
915 4201 1150 4267 fatuum,
1205 4201 1352 4256 hunc
1388 4201 1482 4272 qui
1523 4201 1672 4272 iurat
1717 4219 1811 4274 per
1845 4207 2050 4262 sancti-

474 4294 750 4360 tieantem,
778 4308 886 4347 non
910 4308 1032 4349 esse
1054 4308 1242 4360 reum;
1274 4293 1366 4363 qui
1395 4301 1578 4348 autem
1606 4310 1701 4364 per
1735 4296 2046 4353 sanctiﬁca-

473 4392 589 4436 tum
617 4381 903 4450 iuraverit,
932 4395 1085 4436 reum
1133 4381 1326 4449 videri,
1364 4383 1522 4452 quasi
1563 4383 1758 4440 melius
1795 4386 1866 4441 sit
1901 4388 2046 4458 quod

2171 571 2570 641 absconditum,
2604 583 2657 630 et
2714 591 2822 630 non
2859 592 2888 630 a
2936 579 3350 656 quibuscnnque
3383 571 3742 659 comprehen-

2169 663 2384 718 sibilem
2417 679 2637 720 sensum
2674 667 2988 738 Scriptura},
3029 673 3110 729 vel
3143 690 3209 730 ex
3239 687 3392 744 parte
3434 679 3600 737 altius
3643 699 3746 754 pu-

2168 755 2391 824 blicare,
2413 757 2700 814 dicendum
2726 771 2808 816 est
2831 783 2842 816 :
2868 764 3046 820 Omne
3068 766 3438 835 iuramentum
3467 773 3742 845 colligatio

2167 856 2249 903 est
2280 857 2335 903 et
2369 849 2716 905 conﬁrmatio
2747 854 2896 909 verbi
2943 857 3010 910 de
3035 871 3147 926 quo
3183 857 3418 927 iuratur.
3447 859 3740 921 Juramen-

2169 947 2282 992 tum
2309 953 2439 1009 ergo
2467 955 2588 995 esse
2627 941 3030 1013 intelligendum
3064 955 3149 1002 est
3177 962 3339 1004 omne
3362 952 3738 1008 testimonium

2169 1027 2575 1097 Scripturarum
2607 1032 2751 1101 quod
2783 1033 3058 1101 profertur
3085 1036 3150 1090 ad
3182 1037 3652 1097 conﬁrmationem
3685 1055 3741 1099 et

2165 1119 2564 1190 colligationem
2612 1125 2782 1179 nostri
2826 1126 2973 1180 verbi
3020 1127 3167 1196 quod
3208 1129 3508 1198 loquimur,
3561 1143 3622 1188 ut
3667 1136 3742 1191 sit

2164 1211 2385 1281 quidem
2418 1215 2675 1283 templum
2719 1215 2907 1287 gloriae
2947 1217 3043 1273 Dei
3074 1221 3257 1275 omnis
3289 1221 3573 1293 Scriptura
3600 1225 3740 1282 divi-

2165 1303 2312 1358 nitus
2338 1303 2622 1374 inspirata,
2661 1319 2856 1360 aurum
2889 1316 3070 1362 autem
3104 1309 3317 1378 positus
3345 1327 3542 1370 sensus
3571 1317 3626 1369 in
3649 1332 3735 1373 ea.

2164 1393 2434 1449 Debemus
2460 1410 2590 1467 ergo
2627 1396 2693 1451 ad
2728 1398 3100 1454 testimonium
3148 1402 3397 1459 omnium
3441 1406 3737 1464 verborum

2162 1499 2285 1554 quae
2311 1483 2642 1554 proferimus
2673 1487 2730 1542 in
2752 1487 3023 1556 doctrina,
3053 1491 3298 1561 proferre
3339 1508 3565 1550 sensum
3589 1496 3738 1553 Scri-

2163 1583 2354 1641 pturze,
2371 1575 2528 1644 quasi
2541 1576 2953 1634 conﬁrmantem
2972 1595 3133 1650 quem
3149 1583 3474 1653 exponimus
3489 1601 3734 1646 sensum.

2164 1661 2317 1718 Sicut
2348 1665 2495 1719 enim
2520 1681 2681 1722 omne
2703 1683 2898 1726 aurum
2925 1671 3072 1740 quod
3102 1670 3267 1727 fuerit
3295 1681 3449 1728 extra
3473 1675 3734 1746 templum

2162 1766 2272 1808 non
2301 1761 2386 1810 est
2414 1755 2837 1824 sanctiﬁcatum,
2877 1760 2960 1817 sic
2984 1761 3165 1817 omnis
3212 1777 3410 1821 sensus
3449 1767 3545 1836 qui
3573 1767 3738 1824 fuerit

2163 1853 2318 1899 extra
2377 1845 2616 1902 divinam
2669 1847 3046 1921 Scripturam,
3096 1854 3348 1923 quamvis
3395 1856 3738 1915 admirabilis

2163 1933 2411 1990 videatur
2466 1937 2818 2006 quibusdam,
2868 1954 2978 1995 non
3025 1951 3111 1996 est
3157 1953 3401 2009 sanctus,
3451 1947 3581 2015 quia
3626 1965 3735 2005 non

2163 2027 2472 2082 continetur
2504 2043 2533 2083 a
2566 2044 2727 2086 sensu
2757 2029 3072 2102 Scriptura,
3096 2050 3218 2104 qua:
3239 2036 3378 2091 solet
3401 2051 3527 2093 eum
3559 2041 3737 2096 solum

2163 2131 2386 2172 sensum
2437 2120 2782 2177 sanetiﬁeare
2811 2138 2972 2193 quem
3023 2125 3185 2180 habet
3216 2127 3271 2180 in
3309 2142 3390 2193 se,
3423 2129 3568 2184 sicut
3601 2139 3735 2186 tem-

2161 2207 2334 2277 plum,
2359 2210 2639 2279 proprium
2668 2227 2881 2267 aurum.
2917 2212 3036 2268 Non
3063 2229 3194 2285 ergo
3224 2215 3486 2274 debemus
3514 2219 3580 2273 ad
3610 2234 3734 2273 con-

2162 2301 2483 2355 ﬁrmandam
2507 2302 2810 2358 doctrinam
2841 2315 3086 2360 nostram
3113 2314 3332 2363 nostros
3361 2310 3608 2379 proprios
3646 2311 3730 2363 in-

2164 2391 2406 2446 tellectus
2433 2391 2643 2462 iurare,
2667 2402 2721 2447 et
2743 2394 2903 2463 quasi
2927 2395 3240 2450 testimonia
3265 2412 3562 2463 assumere,
3586 2413 3726 2467 quos

2161 2483 2540 2553 unusquisque
2573 2493 2823 2540 nostrum
2857 2487 3129 2557 intelligit,
3159 2497 3214 2544 et
3254 2490 3552 2546 secundum
3586 2491 3728 2544 veri-

2159 2583 2324 2629 tatem
2352 2575 2630 2630 existimat
2650 2591 2792 2644 esse,
2817 2577 2874 2631 ni
2900 2579 3200 2634 ostenderit
3220 2595 3316 2636 eos
3340 2590 3561 2639 sanctos
3587 2596 3724 2650 esse,

2158 2682 2224 2722 ex
2254 2681 2320 2722 eo
2348 2667 2495 2736 quod
2527 2667 2581 2722 in
2618 2666 2917 2739 Scripturis
2941 2671 3293 2727 continentur
3319 2673 3541 2740 divinis,
3572 2673 3729 2743 quasi

2161 2756 2214 2811 in
2242 2757 2456 2827 templis
2478 2757 2804 2827 quibusdam
2829 2759 2944 2815 Dei.
2970 2760 3132 2815 Stulti
3159 2777 3290 2832 ergo
3312 2774 3366 2818 et
3387 2764 3516 2818 caeci
3539 2779 3731 2818 omnes

2158 2845 2251 2913 qui
2273 2860 2379 2900 non
2403 2857 2742 2916 cognoscunt
2771 2849 3032 2918 quoniam
3063 2853 3346 2922 templum,
3378 2853 3429 2908 id
3455 2864 3541 2910 est
3568 2855 3730 2910 lectio

2161 2934 2592 3006 Seripturarum,
2635 2953 2890 3010 magnum
2929 2951 2986 2996 et
3027 2943 3388 2999 venerabilem
3437 2944 3568 3001 facit
3606 2961 3729 3002 sen-

2157 3036 2301 3088 sum,
2335 3022 2476 3076 sicut
2507 3037 2701 3076 aurum
2731 3033 3024 3080 sacratum.
3063 3027 3254 3082 Adhuc
3277 3037 3458 3084 autem
3490 3031 3633 3095 vide,
3661 3046 3731 3086 ne

2157 3107 2297 3164 forte
2332 3111 2632 3166 secundum
2658 3112 3070 3169 similitudinem
3112 3118 3299 3187 templi
3322 3127 3376 3173 et
3403 3120 3524 3174 auri
3563 3119 3728 3190 positi

2155 3198 2210 3252 in
2245 3199 2465 3270 templo,
2519 3200 2820 3272 intelligere
2867 3204 3166 3262 debeamus
3213 3209 3387 3263 altare
3423 3220 3477 3265 et
3521 3210 3727 3266 donum

2153 3290 2300 3361 quod
2329 3291 2567 3360 positum
2609 3302 2694 3348 est
2732 3309 2896 3363 super
2926 3296 3119 3351 altare.
3166 3297 3349 3354 Altare
3387 3315 3539 3371 ergo,
3579 3302 3729 3370 quod

2153 3386 2338 3434 votum
2382 3380 2672 3448 signiﬁcat,
2711 3390 2795 3436 est
2823 3383 3061 3439 hominis
3103 3401 3217 3453 cor,
3255 3389 3401 3457 quod
3429 3390 3728 3459 principale

2153 3468 2385 3524 habetur
2427 3471 2480 3524 in
2514 3471 2764 3538 homine;
2799 3481 2920 3528 vota
2964 3484 3145 3530 autem
3194 3486 3249 3532 et
3285 3479 3429 3534 dona
3471 3495 3591 3548 qua:
3628 3496 3726 3550 po-

2152 3569 2358 3615 nuntur
2379 3577 2540 3632 super
2565 3563 2755 3629 altare,
2777 3579 2940 3620 omne
2961 3567 3106 3635 quod
3137 3570 3525 3638 superponitur
3549 3573 3723 3627 cordi.

2153 3650 2376 3723 Utputa,
2426 3657 2686 3724 preponis
2728 3671 2912 3724 orare,
2952 3667 3138 3713 votum
3180 3661 3448 3716 orationis
3494 3663 3726 3732 posuisti

2151 3761 2316 3816 super
2344 3761 2440 3800 cor
2489 3756 2664 3815 tuum,
2701 3749 2860 3818 quasi
2915 3764 3080 3818 super
3114 3751 3391 3821 quoddam
3431 3753 3624 3818 altare,
3665 3762 3725 3807 ut

2150 3837 2455 3891 orationem
2479 3838 2676 3893 oti‘eras
2723 3837 2852 3893 Deo.
2887 3837 3226 3909 Proposuisti
3257 3841 3510 3910 psallere,
3539 3855 3724 3898 votum

2150 3929 2487 3999 psalmorum
2536 3931 2768 4000 posuisti
2822 3946 2986 4001 super
3029 3947 3124 3986 cor
3160 3944 3337 3999 tuum,
3370 3936 3530 4004 quasi
3563 3952 3728 4004 super

2149 4020 2419 4090 quoddam
2450 4020 2640 4085 altare,
2671 4029 2729 4076 ut
2755 4020 2951 4078 oﬁ‘eras
2985 4021 3095 4076 Deo
3125 4033 3310 4079 votum
3353 4026 3712 4095 psalmorum.

2149 4109 2486 4180 Proposuisti
2525 4111 2904 4184 eleemosynas
2950 4111 3151 4179 facere,
3203 4125 3386 4170 votum
3422 4117 3697 4188 cleemosy

2150 4218 2342 4256 narum
2375 4202 2604 4272 posuisti
2642 4219 2806 4273 super
2837 4207 2930 4259 cor
2966 4213 3142 4270 tuum,
3171 4207 3330 4275 quasi
3355 4222 3521 4277 super
3554 4211 3701 4278 quod

2149 4292 2273 4348 dam
2316 4294 2508 4361 altare,
2543 4301 2604 4348 ut
2633 4303 2818 4350 votum
2847 4298 3318 4365 eleemosynarum
3358 4298 3558 4354 offeras
3591 4298 3723 4354 Deo.

2148 4385 2487 4457 Proposuisti
2532 4387 2802 4456 ieiunare,
2830 4397 3017 4442 votum
3057 4387 3250 4460 ieiunii
3287 4390 3518 4458 posnisti
3559 4407 3725 4461 super

472 4472 846 4528 sanctiﬁcatur
879 4487 1042 4541 quam
1092 4473 1237 4542 quod
1279 4473 1620 4529 sanctiﬁcat?
1665 4475 1744 4530 Ita
1783 4479 2040 4546 quoniam
2076 4501 2118 4554 ι)
2150 4496 2244 4535 cor
2271 4489 2446 4543 tuum,
2478 4479 2636 4548 quasi
2670 4494 2833 4549 super
2857 4479 3129 4549 quoddam
3177 4482 3370 4537 altare.
3401 4482 3728 4538 Venerabile

469 4561 643 4618 Judaai
672 4561 1124 4617 consuetudinem
1157 4562 1360 4617 habent
1386 4570 1440 4618 et
1477 4578 1574 4632 per
1609 4565 1808 4619 coelum
1831 4566 2041 4636 iurare,

471 4652 900 4724 praecedentibus
922 4651 1127 4707 addidit
1147 4655 1311 4708 etiam
1339 4653 1442 4709 hoc
1472 4653 1539 4708 ad
1565 4657 2040 4726 reprehensionem

470 4761 660 4802 eorum
711 4745 806 4816 qui
847 4743 1060 4799 facilius
1088 4744 1348 4814 iurabant
1380 4761 1474 4814 per
1508 4751 1705 4803 caelum
1743 4766 1908 4817 quam
1947 4767 2043 4821 per

469 4837 638 4893 Deum
718 4836 978 4908 quoniam
1011 4835 1262 4892 similiter
1294 4837 1744 4895 irrationabiliter
1791 4840 1902 4910 agit
1947 4841 2041 4909 qui

464 4933 614 5001 iurat
641 4947 735 5002 per
760 4931 979 4994 malum,
1011 4929 1153 4985 sicut
1172 4929 1265 5000 qui
1287 4929 1435 4999 iurat
1457 4947 1550 5000 per
1576 4932 1832 5001 templum
1860 4932 1944 4986 vel
1975 4933 2045 4986 al-

467 5031 584 5078 tare
603 5041 626 5090 ;_
643 5022 902 5092 quoniam
926 5022 1017 5091 qui
1035 5023 1293 5092 iuratper
1315 5023 1536 5089 coelum,
1561 5031 1615 5076 et
1642 5038 1735 5090 per
1763 5023 2037 5078 sedentem

467 5125 632 5180 super
659 5124 792 5164 eum
813 5109 998 5178 iurare
1027 5111 1237 5167 videtur
1264 5129 1278 5165 :
1308 5123 1362 5165 et
1391 5128 1522 5174 non,
1551 5112 1689 5166 sicut
1721 5113 2034 5178 arbitratur,

465 5201 645 5256 evadit
668 5200 971 5271 periculum
998 5217 1066 5255 ex
1103 5216 1168 5256 eo
1196 5203 1340 5270 quod
1375 5217 1482 5255 non
1528 5218 1623 5270 per
1656 5203 1834 5272 ipsum
1868 5203 2036 5258 Deum

462 5292 640 5361 iurat,
662 5292 753 5347 sed
783 5306 880 5362 per
905 5292 1161 5347 thronum
1195 5293 1310 5347 Dei.
1343 5292 1409 5347 Et
1435 5294 1548 5348 huic
1577 5293 1818 5364 loquitur
1843 5293 1912 5348 ad
1942 5293 2036 5349 Ju-

469 5387 638 5448 daeos,
667 5383 967 5453 prohibens
1014 5385 1263 5440 homines
1313 5384 1713 5440 Pharisteorum
1763 5387 2040 5441 attendere

467 5475 869 5530 traditionibus.
923 5475 1177 5546 Alioquin
1239 5478 1523 5535 manifeste
1580 5481 1828 5548 superius
1873 5481 2040 5536 vetuit

467 5567 691 5622 unniino
719 5566 906 5637 iurare
934 5567 1001 5622 ".

546 5743 588 5775 9“
638 5741 1004 5814 blatttht—t,
1034 5745 1092 5798 lli
1135 5754 1189 5801 et
1241 5761 1391 5817 seqq.

2144 4586 2273 4640 ergo
2303 4578 2357 4624 et
2382 4578 2632 4624 sanctum
2659 4568 2967 4625 facitomne
2992 4583 3176 4627 votum
3203 4573 3441 4628 hominis
3462 4589 3558 4628 cor
3580 4576 3720 4644 eius,

2143 4677 2209 4716 ex
2237 4676 2345 4730 quo
2380 4669 2568 4714 votum
2599 4659 2711 4715 Deo
2747 4661 2995 4717 offertur.
3039 4664 3165 4719 Ideo
3207 4680 3314 4719 non
3343 4674 3523 4734 potest
3550 4667 3718 4720 hono-

2145 4752 2371 4807 rabilins
2420 4766 2541 4806 esse
2590 4764 2771 4806 votum
2823 4769 2986 4822 quam
3035 4771 3130 4810 eor
3187 4756 3426 4811 hominis
3484 4773 3550 4812 ex
3601 4773 3712 4826 quo

2146 4845 2534 4898 transmittitur
2569 4854 2778 4897 votum.
2809 4845 2998 4900 Ctecus
3047 4855 3129 4900 est
3177 4861 3308 4917 ergo
3338 4850 3518 4904 omnis
3554 4849 3716 4905 homo

2145 4933 2238 5002 qui
2284 4934 2427 4987 videt
2479 4941 2573 4986 aut
2615 4933 2991 5004 eleemosynas
3041 4936 3276 5006 alicuius
3329 4952 3574 5008 magnas,
3623 4946 3719 4990 aut

2151 5025 2410 5093 psalmos,
2444 5033 2536 5078 aut
2579 5040 2766 5094 preces
2808 5042 3052 5096 magnas,
3088 5037 3183 5082 aut
3219 5029 3449 5099 ieiunia,
3497 5039 3552 5084 et
3599 5029 3722 5084 sine

2143 5116 2351 5184 iudicio
2399 5116 2670 5170 beatilicat
2719 5116 2830 5184 illa,
2876 5129 2929 5173 et
2961 5135 3068 5174 non
3103 5122 3413 5176 considerat
3459 5139 3525 5177 ex
3574 5124 3720 5193 quali

2147 5207 2310 5262 corde
2379 5207 2736 5278 eleemosynaz
2806 5211 3131 5277 oll‘eruntur,
3214 5213 3297 5267 vel
3355 5214 3573 5282 psalmi,
3636 5215 3722 5270 vel

2148 5312 2358 5368 preces,
2409 5299 2491 5352 vel
2523 5297 2728 5368 ieiunia
2758 5301 3082 5355 offeruntur.
3123 5303 3307 5360 Altare
3349 5315 3434 5358 est
3455 5307 3601 5360 enim
3626 5321 3721 5361 cor

2147 5387 2292 5457 quod
2341 5388 2646 5443 sanctiﬁcat
2684 5398 2867 5444 votum
2913 5389 3032 5460 eius
3083 5391 3175 5460 qui
3225 5395 3414 5448 mundi
3461 5404 3547 5450 est
3595 5412 3717 5451 cor-

2147 5479 2250 5532 dis.
2317 5477 2376 5531 Si
2434 5479 2579 5533 enim
2645 5495 2738 5534 cer
2801 5492 2854 5534 et
2913 5483 3249 5538 conscientia
3307 5486 3548 5542 hominis
3608 5505 3724 5542 non

2148 5569 2484 5639 compungit,
2538 5570 2787 5624 ﬁduciam
2831 5571 2990 5626 habet
3030 5573 3095 5627 ad
3144 5573 3333 5641 Deum,
3365 5593 3473 5632 non
3502 5591 3719 5649 propter

1471 5747 1514 5780 ‘°
1550 5747 1741 5806 Matth.
1774 5766 1858 5813 xv,
2021 5753 2064 5784 9°
2100 5753 2230 5808 ibid.
2267 5756 2316 5808 6.
2396 5755 2435 5786 ""
2465 5753 2592 5808 ibid.
2631 5753 2681 5819 8,
2715 5754 2763 5807 9.
2845 5757 2887 5787 9'
2927 5754 3124 5812 Matth.
3155 5775 3202 5823 γ,
3237 5758 3327 5813 δι.
