4110 6490
503 405 642 462 1625

1634 398 2287 456 (ΣΟΜΜΕΝΤΛΒΙΟΒΠΜ
2329 397 2588 452 SERIES.

3631 403 3652 455 1
3664 401 3766 455 6'26

499 524 644 579 dona
676 535 797 583 sua,
829 533 1007 588 neque
1033 517 1198 572 verba
1229 513 1497 570 orationis
1524 514 1605 569 vel
1635 515 1852 584 psalmi.
1884 527 2074 582 quam-
2106 516 2152 570 Α
2183 518 2426 565 tortuosa
2458 519 2511 565 et
2537 509 2780 581 grandia.
2813 508 3125 566 Secundum
3148 513 3250 568 hos
3272 513 3456 584 itaque
3485 528 3766 571 sermones

501 615 584 668 vis
603 611 892 667 videamur
915 610 1049 664 bene
1065 607 1388 676 composita,
1407 615 1462 662 et
1476 605 1542 661 de
1565 603 1864 675 Scripturis
1884 605 2078 671 electa,

501 703 596 759 sed
633 702 784 772 quia,
816 709 874 754 ut
903 700 974 754 ita
1006 698 1208 764 (licam,
1241 697 1412 752 altare
1443 697 1624 752 cordis
1658 696 1743 751 sui
1776 696 1913 750 bene
1947 709 2081 749 con-

499 794 722 850 struxit.
757 792 859 858 Qui
889 804 1019 860 ergo
1048 798 1238 844 testem
1259 789 1450 851 altare,
1479 789 1531 842 id
1563 798 1647 844 est
1665 804 1758 844 cor
1782 787 2081 858 principale

500 896 552 940 et
597 884 1012 946 conscientiam,
1059 880 1313 945 assumit,
1343 880 1494 950 iurat
1545 896 1640 951 per
1685 881 1879 942 altare.
1927 896 2080 935 com—

501 979 738 1046 plectens
767 974 951 1030 omnia
977 988 1100 1042 qua»
1122 971 1473 1027 continentur
1504 972 1559 1026 in
1583 986 1669 1026 εο.
1706 970 1772 1025 Et
1806 970 1901 1040 qui
1923 969 2077 1041 iurat

498 1067 798 1123 secundum
825 1065 970 1134 quod
1002 1062 1327 1118 tradidimus
1358 1078 1454 1133 per
1486 1063 1772 1132 templum,
1804 1061 1947 1116 idem
1979 1075 2078 1130 per

495 1155 838 1224 Scripturam
864 1155 1052 1224 iurare
1077 1151 1314 1219 videtur,
1349 1161 1404 1206 et
1432 1167 1526 1222 per
1557 1152 1783 1207 verbum
1819 1165 2074 1206 sensum-

491 1262 601 1316 que
630 1246 724 1300 Dei
766 1245 860 1316 qui
899 1246 1215 1301 continetur
1265 1245 1320 1299 in
1353 1260 1438 1298 ea.
1485 1243 1730 1298 Tertium
1767 1251 1949 1297 autem
1989 1250 2074 1295 est

494 1347 553 1392 ut
584 1338 855 1403 dicamus,
884 1336 1146 1406 quoniam
1179 1352 1346 1407 super
1379 1337 1666 1406 templum,
1708 1334 1762 1388 id
1792 1345 2071 1403 estsuper

491 1443 710 1484 omnem
757 1427 1120 1498 Seripturam,
1155 1437 1210 1484 ει
1239 1443 1404 1498 super
1447 1428 1643 1493 altare,
1682 1426 1736 1479 id
1782 1435 1866 1480 est
1907 1439 2071 1494 super

491 1533 654 1573 omne
679 1533 798 1584 cor,
831 1525 917 1572 est
943 1517 1248 1573 intellectus
1277 1517 1500 1587 quidam
1539 1532 1703 1584 super
1733 1515 2067 1569 intellectum

488 1608 734 1664 omnium
761 1607 1191 1678 Scripturarum,
1231 1617 1286 1664 et
1312 1623 1476 1677 super
1509 1622 1672 1664 omne
1703 1620 1818 1670 cor,
1852 1604 1943 1674 qui
1969 1620 2066 1659 su-

490 1713 586 1767 per
628 1714 726 1755 cor
775 1699 1013 1754 hominis
1053 1699 1298 1754 nondum
1340 1698 1606 1762 ascendit,
1648 1697 1742 1767 qui
1788 1696 2067 1750 moraliter

488 1789 789 1859 appellatur
816 1789 1036 1856 omium,
1077 1797 1131 1844 et
1163 1790 1394 1844 thronus
1413 1789 1526 1857 iam
1556 1803 1665 1842 non
1706 1786 1894 1858 gloriae
1938 1784 2059 1848 Dei,

486 1879 947 1949 quemadmodum
980 1881 1265 1951 templum,
1297 1879 1391 1935 sed
1423 1877 1517 1934 Dei
1543 1879 1736 1948 ipsius.
1773 1875 2058 1946 Templum

483 1971 630 2025 enim
663 1971 847 2039 gloriae
881 1970 1002 2036 Dei,
1025 1972 1285 2042 templum
1309 1982 1394 2026 est
1427 1969 1482 2024 in
1511 1984 1622 2040 quo
1652 1983 1747 2038 per
1777 1967 2058 2037 speculum

483 2063 732 2118 videmus
772 2063 824 2116 in
858 2064 1148 2134 aanigmate
1191 2064 1258 2118 ³³.
1292 2062 1504 2118 Caelum
1545 2071 1752 2126 autem,
1783 2062 1930 2130 quod
1977 2068 2062 2114 est

481 2167 648 2224 super
679 2154 934 2223 templum
963 2154 1136 2224 ipsius
1164 2155 1280 2218 Dei,
1318 2153 1372 2208 in
1401 2168 1512 2223 quo
1543 2155 1775 2206 thronus
1803 2159 1888 2205 est
1929 2148 2046 2214 Dei,

479 2243 536 2299 in
577 2261 688 2314 quo
714 2251 800 2300 est
842 2245 1194 2301 considerare
1223 2245 1361 2300 facie
1401 2244 1640 2299 revelata
1677 2257 1805 2299 cum
1849 2243 2059 2298 venerit

479 2336 626 2404 quod
671 2335 970 2406 perfectum
1001 2345 1108 2402 est,
1143 2335 1338 2393 faciem
1383 2335 1771 2408 mysteriorum
1813 2333 2059 2390 veritatis

478 2424 782 2480 sedentium
811 2425 864 2480 in
900 2425 1213 2496 huiusmodi
1241 2426 1401 2481 cado.

545 2512 634 2569 i9.
674 2513 765 2569 νω
791 2515 957 2582 vobis,
984 2513 1186 2570 Scriba:
1222 2525 1272 2569 et
1315 2514 1579 2569 Pharisaei
1619 2515 1927 2585 hypocrita,
1962 2517 2054 2587 qui

474 2607 751 2660 decimatis
799 2608 1087 2673 mentham,
1141 2616 1191 2661 et
1239 2609 1508 2675 anethum,
1560 2620 1611 2665 et
1662 2613 1963 2681 cyminum;
2001 2625 2052 2669 et

477 2697 771 2766 relinquitis
810 2714 929 2768 qua
988 2700 1237 2768 graviora
1284 2709 1406 2754 sunt
1456 2700 1608 2771 legis,
1661 2703 1953 2772 judicium,
1999 2717 2049 2761 et

474 2788 915 2853 misericordiam,
933 2799 984 2843 et
1010 2790 1188 2860 ﬁdem.
1229 2789 1356 2844 ch
1384 2801 1561 2845 autem
1592 2796 1822 2862 oportuit
1852 2796 2046 2864 facere,

470 2888 522 2932 ct
553 2879 650 2933 illa
675 2895 777 2934 non
814 2881 1072 2936 omittere.
1110 2882 1278 2937 Duces
1320 2884 1468 2949 ca'ci,
1504 2883 1768 2952 liquentes
1806 2888 2045 2955 culicem,

470 2969 730 3024 cautelam
762 2981 940 3025 autem
973 2972 1255 3042 glutieutes
1282 2974 1348 3028 ".
1389 2973 1488 3030 llic
1518 2993 1700 3031 sermo
1738 2989 2047 3049 opportuno

470 3070 714 3131 tempore
740 3073 826 3120 est
855 3064 1118 3120 dicendus
1149 3065 1228 3120 eis
1257 3067 1348 3136 qui
1379 3067 1525 3123 circa
1554 3085 1644 3125 res
1675 3071 1933 3128 minimas
1963 3090 2046 3130 re-

2183 603 2364 658 omnis
2394 603 2556 657 homo
2585 602 2678 672 qui
2710 601 2912 655 omittit
2937 603 3188 672 graviora
3220 603 3376 675 legis,
3411 605 3648 661 tiiaxime
3672 606 3763 675 iu-

2180 695 2408 761 dicium,
2435 705 2489 750 et
2519 693 2974 760 misericordiam,
3019 703 3070 750 et
3103 696 3294 762 fidem,
3339 698 3608 753 camelum
3644 697 3763 767 glu-

2181 786 2265 842 tit.
2298 785 2414 841 Non
2443 786 2620 842 solum
2653 797 2833 840 autem
2868 787 3012 856 apud
3039 786 3280 850 Judazos,
3313 789 3406 842 sed
3431 790 3593 843 etiam
3617 791 3758 858 apud

2180 893 2302 942 nos,
2327 878 2528 934 multos
2548 888 2631 933 est
2655 877 2900 934 invenire
2931 888 3150 948 peccata
3185 879 3498 948 huiusmodi
3527 896 3758 950 peccan-

2180 976 2280 1034 tes,
2299 969 2651 1038 etglutientcs
2680 975 2940 1034 camelos,
2958 970 3011 1024 in
3034 985 3099 1025 eo
3119 971 3263 1040 quod
3295 972 3533 1026 maxima
3561 973 3755 1027 delicta

2175 1060 2554 1126 committunt;
2578 1070 2632 1115 et
2651 1069 2865 1130 oportet
2888 1060 3202 1130 huiusmodi
3228 1062 3477 1117 homines
3499 1061 3754 1132 frequen-

2176 1160 2258 1206 ter
2290 1151 2636 1207 considerare
2668 1153 2945 1222 quomodo
2984 1152 3036 1205 in
3073 1152 3236 1208 rebus
3264 1153 3508 1208 minimis
3539 1153 3755 1222 religio-

2173 1257 2296 1296 nem
2329 1258 2484 1297 suam
2521 1243 2827 1298 ostendant.
2855 1241 2922 1296 Et
2955 1242 3090 1296 bene
3113 1257 3209 1297 eos
3233 1242 3542 1313 hypocritas
3571 1244 3754 1312 appel-

2171 1334 2268 1388 lat.
2304 1332 2560 1388 Volentcs
2598 1335 2742 1388 enim
2797 1335 3203 1405 religiositatem
3251 1335 3535 1404 acquirere
3566 1351 3750 1391 coram

2170 1425 2524 1490 hominibus,
2571 1426 2763 1480 nolunt
2826 1426 3104 1497 suscipere
3152 1425 3560 1498 religiositatcrn
3602 1427 3749 1482 illam

2168 1530 2333 1583 quam
2382 1513 2526 1570 Deus
2547 1515 2885 1584 iustiﬁcavit.
2923 1514 3214 1588 Fugiendae
3257 1524 3386 1570 sunt
3423 1531 3554 1586 ergo
3594 1516 3752 1571 nobis

2169 1605 2481 1662 Scribarum
2501 1615 2554 1660 ει
2578 1604 2975 1662 Pharisaaorum
3007 1607 3385 1661 simulationes
3413 1607 3750 1677 huiusmodi,

2168 1713 2234 1752 ne
2260 1713 2338 1752 va:
2367 1696 2499 1751 illud
2529 1696 2695 1751 etiam
2722 1695 2879 1752 nobis
2906 1696 3188 1766 contingat
3214 1697 3674 1767 quemadmodum
3697 1705 3752 1752 et

2166 1789 2294 1844 illis.

2095 1850 2134 1905 l‘
2235 1878 2327 1934 20.
2361 1877 2627 1934 Existimo
2654 1887 2835 1933 autem
2863 1891 3054 1932 omnes
3080 1879 3361 1934 moraliter
3393 1879 3615 1935 Scribas
3658 1881 3744 1936 di-

2164 1969 2236 2033 ei,
2257 1970 2350 2040 qui
2381 1970 2616 2040 amplius
2648 1969 2782 2024 nihil
2808 1968 3126 2024 existimant
3153 1971 3388 2038 positum
3418 1971 3471 2026 in
3501 1971 3740 2042 Scriptu-

2165 2061 2240 2116 ris
2273 2077 2435 2131 quam
2469 2061 2697 2130 simplex
2724 2076 2904 2117 sermo
2933 2060 3230 2131 Scriptura:
3255 2063 3614 2129 demonstrat,
3647 2066 3742 2119 sed

2161 2152 2340 2207 adhuc
2379 2163 2735 2208 contcmnunt
2769 2170 2862 2208 eos
2911 2153 3002 2223 qui
3051 2163 3365 2208 scrutantur
3399 2156 3742 2211 altitudinem

2161 2242 2277 2299 Dei.
2317 2243 2578 2300 Similiter
2620 2244 2881 2301 Pharismi
2925 2253 3054 2299 sunt
3086 2261 3276 2301 omnes
3307 2249 3400 2316 qui
3438 2247 3743 2316 iustificant

2157 2337 2480 2406 semetipsos
2501 2345 2554 2392 et
2577 2337 2828 2392 dividunt
2859 2354 2918 2392 se
2943 2355 2972 2392 a
3001 2339 3233 2405 czeteris,
3275 2339 3514 2395 dicentes
3554 2361 3568 2395 :
3618 2340 3737 2396 Noli

2156 2427 2291 2482 mihi
2319 2427 2670 2498 appropiare,
2689 2431 2948 2497 quoniam
2980 2433 3218 2487 mundus
3269 2447 3414 2486 sum.
3464 2431 3738 2502 Interpre-

2155 2528 2341 2574 tantur
2382 2529 2564 2574 autem
2604 2518 2868 2576 Pharisaei
2915 2521 3216 2576 secundum
3261 2538 3458 2577 nomen
3509 2522 3738 2589 Phares,

2152 2609 2329 2676 divisi,
2375 2611 2468 2678 qui
2518 2625 2577 2664 se
2632 2611 2784 2680 ipsos
2821 2628 2852 2666 a
2904 2614 3119 2668 caeteris
3159 2615 3482 2669 diviserunt.
3529 2615 3738 2672 Phares

2151 2708 2331 2754 autem
2382 2700 2581 2755 dicitur
2627 2699 2891 2758 Hebraii-a
2940 2704 3124 2776 lingua
3188 2707 3400 2761 divisio.
3449 2707 3506 2761 Si
3551 2718 3732 2762 autem

2150 2796 2361 2856 oportet
2393 2788 2447 2842 in
2475 2789 2742 2858 eiusmodi
2768 2790 3044 2864 Evangelii
3069 2796 3254 2852 verbis
3273 2798 3440 2852 etiam
3467 2800 3732 2854 moralem

2149 2893 2430 2934 assumere
2458 2881 2816 2950 intellectum,
2854 2885 3136 2940 sciendum
3163 2897 3246 2943 est
3277 2890 3539 2958 quoniam
3583 2892 3733 2947 sicut

2148 2971 2389 3037 mentha,
2438 2981 2492 3028 ει
2539 2975 2824 3042 anethum,
2865 2985 2919 3030 et
2971 2978 3246 3047 cyminum
3299 2981 3544 3036 ciborum
3605 2994 3734 3037 sunt

2148 3061 2460 3129 conditura,
2492 3081 2598 3120 non
2630 3065 2732 3135 ipsi
2769 3067 3098 3138 principales
3118 3070 3248 3136 cibi,
3280 3071 3360 3127 sic
3394 3073 3450 3127 in
3497 3088 3730 3128 conver-

467 3153 722 3225 ligionem
750 3157 1051 3210 ostendunt
1080 3157 1146 3211 ad
1180 3156 1369 3224 Deum,
1409 3160 1558 3214 circa
1588 3177 1675 3216 res
1708 3172 1890 3218 autem
1922 3181 2040 3220 ma-
2069 3185 2114 3246 ο
2149 3153 2454 3211 εῧῑίοηίῦυε
2482 3158 2687 3212 nostris
2709 3159 2957 3228 (ΙυεΒ-ιὶυη
2995 3160 3216 3229 (Ιυίάεηι
3252 3173 3380 3218 sum
3405 3165 3728 3236 lN'i'lcil’a“a

467 3260 602 3313 gnas
627 3254 682 3300 et
705 3247 1044 3302 necessarias
1064 3259 1422 3304 contemnunt
1449 3252 1767 3307 mandatum
1791 3265 1845 3310 et
1871 3255 2039 3312 Deum

466 3336 644 3404 ipsum
667 3337 758 3407 qui
777 3352 840 3393 ea
863 3339 1159 3394 mandavit.
1184 3337 1335 3394 Talia
1356 3351 1410 3395 et
1424 3342 1564 3411 apud
1583 3341 1800 3400 Judmos
1818 3346 2040 3414 ﬁebant,

463 3429 556 3497 qui
580 3429 988 3485 arbitrabantur
1009 3445 1069 3486 se
1089 3431 1261 3502 legem
1284 3430 1456 3502 Moysi
1478 3447 1718 3501 servare,
1742 3437 1836 3506 qui
1862 3441 2043 3506 praci-

461 3519 538 3589 pit
552 3534 616 3572 ex
636 3520 892 3576 erunibus
908 3518 1178 3576 fructibus
1194 3520 1434 3578 decimas
1445 3523 1576 3578 dare
1593 3525 1791 3581 Levitis
1803 3538 1855 3582 ει
1865 3545 2042 3584 sacer-

461 3607 700 3660 dotibus.
731 3607 918 3678 Itaque
935 3611 1195 3680 quoniam
1220 3611 1380 3668 facile
1404 3623 1524 3669 erat
1547 3614 1770 3684 implere
1789 3619 1959 3688 legem
1984 3620 2036 3674 iu

458 3696 623 3766 843
656 3699 918 3764 minimis,
951 3704 1228 3754 mentham
1260 3703 1516 3771 quidem,
1549 3715 1603 3759 et
1644 3707 1906 3762 anethum
1932 3749 1947 3773 ,
1981 3719 2038 3764 et

459 3788 736 3856 cyminum
764 3789 1128 3854 decimabant,
1162 3800 1217 3846 et
1247 3793 1454 3860 omnia,
1485 3804 1545 3849 ut
1573 3796 1646 3850 ita
1688 3797 1888 3865 dicam,
1930 3802 2035 3855 mi-

460 3876 628 3942 nima,
655 3884 710 3929 et
736 3893 858 3945 qua:
885 3878 1022 3932 levia
1051 3889 1210 3934 erant
1240 3881 1374 3950 legis
1396 3921 1414 3945 ,
1464 3885 1648 3953 gravia
1686 3894 1867 3942 autem
1917 3890 2036 3960 eius

456 3980 568 4019 non
592 3967 978 4033 observabant,
1003 3969 1053 4025 id
1077 3979 1161 4026 εει
1184 3971 1474 4041 iudicium,
1503 3983 1558 4029 et
1578 3975 2032 4047 misericordiam,

453 4068 508 4112 et
538 4057 718 4113 fidem.
748 4058 1022 4115 Iudicium
1054 4063 1299 4132 quidem,
1354 4073 1414 4119 ut
1460 4070 1841 4140 unusquisque
1882 4073 2033 4142 iusto

450 4146 656 4217 iudicio
687 4151 756 4206 de
785 4153 1042 4208 omnibus
1069 4153 1372 4223 iudicaret,
1421 4173 1530 4212 non
1573 4165 1640 4214 de
1677 4162 2028 4231 quibusdam,

451 4251 508 4294 et
549 4243 919 4312 acquiesceret
943 4245 990 4300 ei
1021 4247 1115 4316 qui
1145 4247 1280 4302 dixit
1301 4249 1347 4281 "
1383 4267 1396 4303 :
1441 4249 1862 4309 Misericordiam
1893 4257 2029 4324 volo,

451 4345 609 4398 quam
633 4334 980 4402 sacriﬁcium;
1011 4344 1070 4390 ut
1090 4337 1358 4393 sacrificia
1394 4340 1892 4405 misericordiarum
1921 4347 2030 4405 Deo

451 4418 690 4486 ollerret,
720 4431 778 4474 ut
803 4422 1105 4480 discutiens
1137 4441 1200 4479 ea
1225 4442 1348 4496 quae
1381 4428 1503 4484 fidei
1537 4442 1686 4497 sunt,
1713 4445 1857 4490 esset
1891 4437 2026 4493 fide-

2146 3255 2199 3297 et
2224 3248 2534 3302 necessaria
2565 3249 2633 3304 ad
2674 3250 3114 3316 iustiﬁcationem
3153 3255 3462 3313 animarum
3509 3272 3727 3316 nostra-

2144 3351 2286 3400 rum,
2320 3339 2505 3407 qualia
2534 3352 2662 3394 sunt
2687 3341 2802 3397 inec
2833 3344 3014 3412 gravia
3041 3346 3196 3417 legis,
3219 3348 3510 3418 iudicium,
3539 3361 3595 3407 et
3624 3353 3728 3407 mi-

2143 3429 2461 3497 sericordia,
2515 3439 2566 3485 et
2612 3432 2766 3488 ﬁdes.
2827 3434 2946 3489 Alia
2985 3449 3164 3492 autem
3208 3442 3366 3510 quasi
3419 3445 3724 3501 condicntia

2141 3530 2298 3575 actus
2327 3530 2566 3588 nostros,
2603 3532 2657 3578 ει
2694 3528 3130 3584 commendantia
3177 3545 3308 3599 eos,
3354 3542 3410 3588 et
3443 3537 3726 3594 suaviores

2139 3625 2235 3666 eos
2273 3611 2548 3680 facientia,
2582 3624 2770 3685 utputa
2805 3619 3131 3676 abstinentia
3199 3623 3346 3680 risus
3371 3663 3386 3690 ,
3426 3625 3721 3696 ieiunium,

2139 3703 2302 3757 flexio
2331 3721 2568 3774 genuum
2597 3745 2612 3770 ,
2659 3713 2969 3776 permansio
2999 3713 3050 3766 in
3100 3713 3344 3771 collectis
3368 3755 3383 3780 ,
3427 3719 3722 3777 assiduitas

2138 3795 2672 3862 communicationis,
2708 3809 2761 3853 et
2785 3801 2889 3854 alia
2922 3801 3006 3856 his
3036 3801 3257 3869 similia,
3289 3822 3410 3876 quae
3445 3825 3552 3862 non
3585 3811 3718 3880 ipsa:

2132 3883 2358 3953 iustitia:
2383 3895 2531 3950 sunt,
2571 3889 2663 3942 sed
2699 3891 3001 3947 conditura:
3031 3893 3372 3963 iustitiarum
3421 3899 3712 3959 habentur.

2138 3978 2247 4031 Res
2271 3987 2449 4032 autem
2473 3981 2744 4048 spTritales
2772 3999 2892 4052 quae
2915 3999 2945 4038 a
2977 3987 3285 4057 semetipsis
3310 3989 3542 4060 iustitia:
3563 4007 3712 4061 sunt,

2135 4068 2704 4141 dicuntur-iudicium,
2737 4083 2792 4128 ει
2817 4075 3218 4145 misericordia,
3249 4090 3303 4136 et
3336 4081 3492 4139 ﬁdes.
3535 4085 3716 4157 Turpe

2133 4170 2217 4216 est
2244 4177 2375 4233 ergo
2406 4164 2458 4217 in
2495 4165 2563 4221 iis
2609 4167 2852 4222 minimis
2897 4169 3224 4238 observare,
3266 4176 3412 4244 quod
3451 4188 3535 4232 est
3568 4179 3714 4234 deci-

2134 4266 2284 4306 mare
2327 4269 2341 4317 ;
2389 4269 2571 4308 rerum
2602 4262 2783 4310 autem
2831 4259 3264 4316 necessariarum
3305 4265 3717 4324 observationes

2133 4357 2237 4395 n0n
2267 4342 2462 4399 ollerre
2489 4344 2619 4412 Deo,
2651 4347 2701 4399 id
2751 4356 2836 4402 est
2898 4363 3003 4402 non
3048 4351 3338 4409 decimare.
3385 4355 3487 4422 Qui
3529 4369 3710 4413 autem

2133 4432 2246 4486 haec
2275 4444 2441 4503 agunt
2473 4445 2527 4490 et
2554 4436 2774 4503 docent,
2808 4440 2950 4495 sicut
2993 4450 3045 4494 et
3089 4443 3319 4510 priores,
3360 4446 3526 4502 duces
3578 4462 3710 4505 sunt

449 4507 532 4562 lis.
565 4508 666 4563 Sed
698 4512 956 4580 quoniam
988 4514 1318 4569 conveniens
1350 4525 1467 4571 erat
1497 4526 1556 4572 ut
1578 4520 1864 4579 audientes
1902 4528 2020 4595 qui-
2052 4515 2099 4574 D
2126 4526 2272 4580 caeci.
2299 4525 2584 4592 Quomodo
2609 4539 2791 4586 autem
2829 4549 2935 4588 non
2968 4533 3348 4591 existimentur
3377 4541 3526 4604 caeci,
3566 4559 3712 4611 quos

445 4598 570 4653 dam
592 4600 660 4655 de
684 4601 1020 4658 decimandis
1045 4605 1206 4659 rebus
1230 4607 1470 4662 minimis
1496 4608 1784 4665 Dominum
1811 4612 1915 4668 ista
1940 4616 2020 4670 l0-

443 4700 724 4760 quentem,
759 4703 1171 4750 contemnerent
1199 4697 1547 4752 minimarum
1578 4715 1757 4754 rerum
1781 4704 2018 4760 decima-

443 4780 667 4846 tionem,
703 4784 976 4853 sapienter
1003 4786 1210 4840 addidit
1243 4786 1504 4842 Dominus
1529 4788 1717 4844 dicens
1746 4809 1758 4844 :
1801 4791 1867 4846 lit
1905 4795 2017 4848 [nec

440 4874 672 4938 oportuit
700 4874 890 4943 facere,
925 4875 1029 4930 hoc
1059 4887 1143 4931 est
1163 4876 1451 4946 iudicium,
1485 4887 1539 4932 et
1564 4879 2016 4952 misericordiam,

439 4974 492 5020 et
511 4966 697 5033 ﬁdem;
721 4977 771 5021 et
808 4966 904 5020 illa
930 4983 1032 5022 non
1060 4968 1297 5022 omittere
1317 5006 1332 5030 ,
1379 4969 1428 5021 id
1471 4979 1552 5023 est
1597 4971 2012 5030 decimationem

440 5061 690 5127 menthae,
725 5070 779 5115 et
810 5061 1016 5126 anethi,
1043 5068 1096 5114 et
1127 5061 1350 5131 cymini.
1379 5060 1440 5115 Et
1470 5061 1604 5117 dicit
1631 5079 1727 5120 eos
1762 5067 1854 5136 qui
1885 5070 2010 5124 talia

439 5158 604 5215 agunt
635 5149 856 5206 Scribas
885 5159 940 5206 et
971 5151 1297 5216 Pharisaaos,
1326 5153 1420 5222 qui
1451 5156 1711 5211 omittunt
1757 5160 2012 5229 graviora

441 5239 593 5308 regis,
625 5251 678 5295 et
706 5242 980 5298 decimant
1009 5245 1436 5314 contemptibilia
1484 5248 1757 5304 fructuum
1781 5290 1796 5315 ,
1843 5252 2012 5309 duces

439 5340 555 5381 esse
581 5345 774 5388 caecos.
807 5332 873 5388 Et
897 5335 1173 5404 sapienter
1200 5336 1330 5391 dicit
1361 5355 1455 5395 eos
1487 5341 1620 5396 tales
1663 5341 1871 5412 liquare
1895 5384 1909 5408 ,
1953 5345 2004 5399 id

438 5428 514 5471 εει
561 5422 829 5489 expellere
862 5441 893 5480 a
923 5440 983 5480 se
1017 5427 1242 5482 minima
1270 5427 1488 5496 delicta,
1525 5448 1646 5501 quae
1672 5433 1875 5489 culices
1901 5451 2000 5490 no-

432 5511 655 5567 minavit
681 5531 697 5580 ;
727 5515 920 5584 glutire
946 5527 1150 5581 autem,
1184 5521 1234 5574 id
1263 5530 1343 5575 est
1401 5525 1735 5581 committere
1767 5529 2002 5583 maxima

428 5600 646 5668 delicta,
677 5620 801 5672 qua:
833 5608 1131 5664 nominavit
1158 5612 1418 5678 camelos,
1451 5615 1709 5672 animalia
1759 5619 2004 5675 videlicet

2122 4616 2252 4670 latet
2282 4619 2599 4688 magnitudo
2637 4631 2690 4674 et
2737 4628 3059 4682 tortuositas
3102 4631 3467 4693 camelorum,
3507 4633 3559 4686 id
3611 4645 3703 4689 est

2120 4719 2338 4763 actuum
2368 4727 2770 4781 perversorum,
2797 4735 2895 4772 nec
2925 4720 3109 4774 vident
3135 4725 3392 4791 quoniam
3419 4725 3552 4778 nihil
3580 4742 3707 4796 pro-

2117 4801 2236 4856 dest
2272 4803 2481 4872 liquare
2516 4815 2571 4860 ει
2611 4820 2832 4864 cautum
2871 4828 2992 4867 esse
3041 4813 3408 4870 discussorem
3443 4817 3497 4870 in
3540 4819 3704 4874 rebus

2129 4893 2396 4960 minimis,
2449 4913 2571 4952 cum
2606 4903 2924 4971 principalia
2952 4916 3004 4959 et
3048 4922 3174 4966 vere
3218 4909 3285 4961 ad
3337 4909 3561 4975 gloriam
3606 4909 3702 4964 Dei

2123 4983 2446 5052 pertinentia
2477 4989 2856 5060 negligantur?
2893 4993 3164 5059 Quoniam
3199 5013 3328 5067 ergo
3372 4998 3524 5051 multi
3572 5011 3704 5055 sunt
3743 5063 3748 5067 _

2121 5082 2169 5127 el
2209 5073 2262 5128 in
2297 5075 2452 5132 nobis
2490 5079 2583 5146 qui
2617 5081 2760 5135 circa
2797 5099 2882 5137 rcs
2915 5085 3058 5140 leves
3101 5097 3258 5141 caute
3292 5089 3470 5142 vivere
3510 5090 3700 5145 existi-

2120 5176 2378 5232 mantur,
2420 5169 2565 5223 circa
2614 5187 2702 5224 res
2737 5184 2917 5227 autem
2961 5179 3300 5233 necessarias
3342 5190 3700 5237 contemnunt
3765 5221 3777 5234 -η

2117 5256 2326 5325 seipsos
2351 5299 2365 5324 ,
2412 5260 2728 5330 huiusmodi
2767 5264 3018 5322 homines
3058 5286 3240 5324 sermo
3281 5287 3519 5340 praesens
3560 5289 3693 5326 con-
3743 5249 3783 5316 1-

2114 5347 2312 5414 fundit,
2349 5365 2454 5404 non
2487 5353 2706 5421 quidem
2743 5355 2879 5410 levia
2910 5359 2996 5412 illa
3029 5362 3328 5430 prohibens
3371 5363 3687 5427 observare,

2110 5441 2205 5493 sed
2234 5442 2554 5512 principalia
2585 5454 2638 5499 et
2687 5449 2860 5516 magis
2899 5451 3155 5506 salutaria
3188 5455 3509 5524 praecipiens
3558 5472 3690 5511 cau-

2112 5531 2218 5585 tius
2245 5533 2532 5589 custodire.
2570 5535 2763 5592 Omnia
2807 5557 2936 5609 ergo
2968 5543 3155 5612 liquat,
3191 5547 3283 5614 qui
3335 5547 3386 5600 in
3430 5551 3688 5605 omnibus

2107 5637 2444 5692 quaecunque
2470 5625 2601 5695 agit,
2629 5627 2708 5681 vel
2743 5629 2998 5699 loquitur,
3043 5635 3122 5688 vel
3167 5636 3393 5703 cogitat,
3442 5655 3690 5714 segregat

495 5777 540 5808 ’³
569 5777 990 5849 lCJr.xm,12.
1038 5787 1081 5818 ³³
1103 5787 1287 5843 Matth.
1318 5805 1471 5859 χχιιι,
1500 5791 1569 5845 ‘25
1591 5802 1640 5847 ct
1667 5810 1816 5864 seqq.
1898 5799 1939 5827 νδ
1976 5795 2112 5852 Osce
2167 5814 2242 5867 vr,
2269 5801 2322 5853 h'.
