4110 6486
393 402 526 458 1627

1588 402 1912 460 ORIGENIS
1954 402 2019 458 IN
2061 405 2103 457 Ill
2116 402 2477 462 ATTHEUM

3511 401 3651 465 16ἑῆ

389 520 536 590 quod
562 527 646 576 est
667 518 947 575 sordidum
980 528 1034 575 et
1063 529 1356 583 terrenum,
1393 528 1447 574 et
1487 534 1594 573 non
1640 519 1840 575 divinis
1884 534 1970 573 ra-
2000 527 2046 579 Α
2142 519 2233 573 22.
2271 519 2327 574 Si
2363 528 2579 590 oportet
2603 527 2784 574 autem
2814 517 2996 573 omnia
3024 517 3080 572 in
3109 519 3454 575 sermonibus
3483 535 3650 576 evan-

396 612 639 668 tionibus
669 613 1015 677 adornatum,
1049 612 1117 666 ab
1148 611 1231 666 bis
1252 627 1374 681 qua:
1408 619 1601 665 natura
1635 611 1813 665 lucida
1837 620 1967 666 sunt

393 712 449 757 ct
474 703 710 767 sincera,
744 710 797 757 et
828 702 997 771 justa,
1032 699 1330 755 secundum
1376 715 1501 754 eum
1544 701 1639 769 qui
1682 700 1841 754 docet
1867 699 1915 731 “
1951 716 1966 754 :

399 791 707 861 Epulemur,
733 808 837 845 non
857 793 913 845 in
946 795 1198 861 [ermento
1225 791 1448 846 malitia:
1474 800 1524 846 et
1566 793 1836 862 nequitiw,
1879 792 1969 845 sed

397 885 453 938 in
473 884 674 953 azymis
709 883 1033 937 sinceritatis
1083 891 1132 936 et
1181 884 1439 937 veritatis.
1495 881 1743 938 Invenies
1785 890 1969 937 autem

395 974 597 1028 multos
621 973 714 1043 qui
743 974 966 1029 credere
991 974 1398 1040 existimantur,
1440 987 1548 1028 non
1594 974 1831 1043 liquatos
1856 989 1971 1029 set»

394 1080 610 1132 mones,
635 1073 690 1119 et
716 1074 892 1128 actus,
922 1074 977 1120 et
1008 1065 1364 1134 cogitationes
1402 1066 1684 1122 habentes.
1711 1065 1971 1135 Propter-

395 1172 456 1210 ca
488 1155 630 1212 sicut
687 1154 870 1209 fenum
906 1157 1143 1209 carnalia
1167 1170 1357 1210 eorum
1386 1165 1507 1210 acta
1541 1156 1681 1227 ignis
1701 1156 1970 1221 comedet,

393 1246 648 1302 crucians
681 1248 846 1301 etiam
874 1247 1113 1300 animam
1142 1247 1303 1301 simul
1336 1262 1460 1300 cum
1495 1261 1725 1316 corpore
1752 1254 1972 1315 propter

396 1350 647 1393 concreta
680 1339 729 1392 ei
757 1339 953 1392 delicta
981 1339 1307 1407 corporalia.
1354 1338 1509 1393 Sicut
1555 1339 1697 1392 enim
1738 1355 1844 1392 non
1890 1346 1975 1393 est.

394 1431 658 1501 possibile
687 1430 1092 1499 superﬂuitates
1123 1431 1446 1501 corporibus
1468 1432 1684 1485 innatas
1717 1431 1833 1485 sine
1857 1447 1973 1484 ma-

396 1538 503 1594 gno
534 1524 722 1578 dolore
745 1531 799 1578 et
831 1524 1162 1579 cruciatibus
1187 1534 1469 1592 amputare
1502 1525 1572 1578 ab
1617 1524 1697 1579 eis
1736 1525 1829 1593 qui
1878 1539 1974 1593 pa—

395 1618 629 1678 tiuntur,
666 1615 745 1671 sic
771 1631 872 1670 nec
898 1616 1190 1670 commissa
1217 1616 1457 1669 carnalia
1483 1615 1551 1669 ab
1597 1617 1698 1677 eis,
1730 1615 1822 1685 qui
1849 1654 1864 1678 ,
1913 1625 1974 1671 ut

397 1708 473 1761 ita
508 1706 708 1768 dicam.
738 1707 950 1760 animas
982 1721 1110 1761 snas
1144 1722 1336 1761 carnes
1359 1705 1634 1772 fecerunt;
1687 1717 1971 1777 prepterea

397 1795 602 1850 dictum
632 1797 716 1849 εει
753 1797 819 1849 de
850 1795 1046 1848 talibus
1089 1795 1375 1849 animabus
1418 1813 1431 1849 :
1475 1795 1599 1850 Non
1650 1798 1974 1865 permanebit

2072 608 2260 679 gelicis
2291 608 2569 663 moraliter
2594 607 2963 672 considerare,
3011 608 3303 663 videndum
3347 619 3434 665 est
3479 628 3649 681 quare

2072 700 2212 769 apud
2242 698 2552 754 Matthazum
2586 699 2804 769 quidem
2829 713 2859 751 a
2891 697 3026 753 foris
3046 700 3234 755 calicis
3262 709 3316 755 et
3343 702 3650 770 paropsidis

2077 790 2281 845 Scribae
2306 798 2362 843 et
2394 788 2652 844 Pbarisael
2688 793 2950 847 mundare
2972 792 3247 857 dicuntur,
3273 793 3415 862 apud
3442 792 3647 849 Lucam

2072 888 2252 933 autem
2283 879 2471 935 calicis
2492 888 2548 934 et
2580 880 2747 935 catini
2773 883 2973 937 mentio
3004 882 3080 938 ﬁt.
3105 881 3347 953 Uterque
3367 897 3499 951 ergo
3516 899 3648 939 vasa

2068 977 2281 1038 ponunt
2302 968 2409 1023 cibi
2438 978 2491 1022 et
2525 979 2703 1038 potus,
2731 979 2785 1024 et
2821 972 3047 1027 calicem
3080 973 3302 1042 quidem
3345 974 3510 1028 ambo
3542 990 3648 1028 no-

2072 1060 2304 1124 minant,
2333 1061 2424 1129 qui
2457 1072 2539 1115 est
2567 1062 2633 1115 ad
2670 1072 2853 1131 potum
2892 1081 2905 1116 :
2940 1065 3281 1133 paropsidem
3306 1074 3485 1120 autem
3535 1080 3649 1121 non

2073 1152 2257 1218 ambo,
2292 1151 2386 1205 sed
2413 1152 2500 1205 ille
2524 1152 2742 1221 quidem
2767 1153 3032 1215 catinum,
3062 1154 3149 1208 hic
3179 1164 3361 1209 autem
3400 1156 3654 1225 paropsi-

2070 1243 2195 1296 dem
2238 1259 2252 1295 :
2282 1251 2574 1312 utrumque
2611 1251 2793 1297 tamen
2825 1260 2922 1299 vas
2951 1244 3056 1299 cibi
3089 1244 3340 1301 habetur.
3376 1246 3518 1317 Ergo
3559 1261 3653 1301 sc-

2072 1331 2309 1385 cundum
2343 1340 2634 1400 utrumque
2662 1335 3047 1403 evangelistam
3083 1344 3168 1390 est
3199 1336 3398 1405 aliquis
3437 1337 3655 1405 spirita-

2075 1420 2145 1475 lis
2177 1430 2336 1490 potus
2382 1430 2438 1475 et
2476 1422 2737 1489 spiritalis
2793 1425 2990 1491 cibus,
3038 1440 3200 1494 quem
3249 1427 3556 1495 appetimus
3596 1428 3653 1480 in

2074 1513 2417 1567 srrmonibus
2446 1512 2850 1581 Scripturarum
2873 1516 3005 1584 legis
3022 1519 3498 1586 ctproplietarum.
3524 1516 3655 1573 Om-

2074 1604 2162 1657 nis
2192 1603 2376 1672 itaque
2403 1619 2587 1660 sermo
2616 1620 2712 1675 per
2737 1622 2898 1675 quem
2925 1618 3180 1677 potamur
3201 1612 3542 1679 spiritaliter,
3571 1613 3653 1664 vel

2076 1695 2256 1750 omnis
2295 1696 2537 1749 narratio
2568 1711 2664 1765 per
2695 1712 2858 1764 quam
2886 1700 3212 1761 enutrimur,
3241 1716 3368 1754 vasa
3406 1711 3534 1755 sunt
3556 1716 3645 1768 pn.

2080 1793 2168 1838 tus
2199 1793 2251 1837 et
2280 1785 2409 1839 cibi.
2439 1786 2810 1839 Admonemur
2843 1803 2972 1857 ergo
2998 1798 3058 1842 ιιι
3090 1804 3195 1843 non
3231 1805 3419 1845 curam
3456 1792 3656 1846 habea-

396 1887 615 1954 spiritus
654 1900 796 1938 meus
834 1885 888 1938 in
927 1884 1228 1940 hominibus
1283 1887 1401 1940 istis
1426 1927 1441 1952 ,
1485 1891 1736 1957 quoniam
1787 1906 1973 1944 carnes

2082 1889 2201 1928 mus
2231 1888 2545 1930 sermonum
2578 1875 2662 1930 vel
2687 1879 3059 1934 narrationum
3084 1894 3207 1949 quia
3227 1879 3364 1937 foris
3387 1890 3539 1945 sunt,
3559 1884 3651 1938 sed

404 1984 535 2030 sunt
551 1976 618 2028 ³⁷.

468 2067 559 2121 21.
603 2065 693 2122 Vae
724 2066 889 2131 vobis,
921 2065 1124 2123 Scribat
1149 2078 1197 2122 et
1227 2066 1492 2123 Phartswi
1523 2070 1832 2139 hypocriten,
1883 2070 1976 2140 qui

404 2157 697 2213 emundatis
730 2158 869 2229 quod
892 2159 1023 2228 foris
1046 2169 1124 2213 est
1157 2159 1340 2213 colicis
1363 2169 1412 2214 et
1440 2162 1743 2230 paropsidis
1769 2201 1784 2224 ,
1830 2162 1973 2215 intus

405 2253 577 2298 autem
612 2244 750 2315 pleni
785 2246 913 2300 estis
938 2248 1145 2315 rapina,
1177 2257 1228 2302 et
1256 2249 1700 2318 intemperantia,
1737 2260 1787 2304 et
1829 2249 1971 2303 dolo.

398 2337 686 2398 I’Iiaristee.
708 2343 934 2395 emunda
952 2346 1102 2405 prius
1122 2346 1260 2409 quod
1282 2346 1424 2399 intus
1448 2356 1528 2401 est
1545 2348 1728 2400 colicis
1749 2358 1799 2403 et
1822 2368 1972 2416 paro-

397 2419 645 2493 psidt's,'rt
663 2421 760 2490 ﬁat
782 2421 837 2474 id
857 2425 1001 2492 quod
1020 2425 1151 2494 foris
1168 2436 1264 2493 est,
1289 2428 1542 2483 mundum
1558 2431 1645 2484 ’7‘.
1671 2431 1771 2488 llic
1792 2449 1975 2489 sermo

408 2527 506 2567 nos
538 2513 781 2578 instruit,
814 2525 871 2569 ut
901 2515 1223 2573 festinemus
1258 2533 1380 2574 esse
1400 2520 1559 2590 justi,
1593 2538 1702 2576 non
1743 2538 1975 2594 appare-

405 2618 481 2657 re.
514 2601 617 2669 Qui
642 2603 785 2657 enim
819 2604 1003 2659 studet
1027 2614 1377 2676 ut’appareat
1399 2609 1606 2678 justus,
1637 2628 1758 2681 quae
1780 2630 1810 2668 a
1843 2613 1976 2669 foris

402 2704 531 2748 sunt
557 2695 815 2758 mundat,
864 2705 919 2750 et
965 2713 1088 2765 qua:
1122 2699 1377 2754 videntur
1416 2712 1612 2766 curat,
1653 2719 1748 2758 eor
1794 2714 1974 2759 autem

404 2802 562 2840 suum
609 2795 663 2841 et
708 2787 1095 2842 conscientiam
1148 2791 1404 2863 negligit,
1451 2809 1561 2848 non
1619 2795 1977 2852 considerans

404 2877 664 2946 quoniam
688 2879 780 2948 qui
807 2879 987 2933 studet
1019 2895 1081 2934 ea
1118 2897 1241 2950 qua:
1263 2889 1412 2939 intus
1445 2896 1573 2939 sunt
1612 2894 1665 2940 et
1690 2887 1978 2957 cogitatio-

405 2985 502 3025 nes
534 2985 663 3025 suas
692 2972 871 3025 studet
898 2972 1179 3039 mundare,
1210 2989 1553 3045 consequens
1579 2985 1664 3032 est
1707 2986 1769 3032 ut
1812 2979 1976 3033 etiam

404 3077 466 3115 ca
497 3078 619 3132 quae
647 3080 679 3119 a
709 3063 841 3121 foris
872 3073 1000 3121 sunt
1025 3068 1239 3121 studeat
1272 3065 1451 3123 facere
1479 3070 1701 3123 munda.
1749 3069 1807 3123 Si
1852 3069 1977 3139 quis

408 3162 591 3209 autem
624 3170 688 3211 ea
715 3172 838 3236 qum
870 3158 1120 3213 videatur
1150 3158 1358 3223 studet,
1410 3160 1631 3229 negligit
1663 3168 1842 3215 autem
1894 3161 1979 3215 in-

409 3247 608 3302 teriora
639 3249 832 3304 animae
855 3265 986 3316 sure,
1016 3265 1239 3306 necesse
1258 3259 1343 3306 est
1372 3259 1432 3306 ut
1462 3251 1773 3321 huiusmodi
1813 3254 1979 3309 homo

408 3337 697 3408 impleatur
739 3340 807 3394 ab
838 3341 986 3397 intus
1022 3341 1283 3408 avaritia,
1333 3341 1591 3408 lascivia,
1643 3344 1982 3416 malignitate

407 3428 729 3499 umerisque
759 3432 1006 3498 plurimis
1034 3434 1213 3488 malis.
1244 3432 1514 3500 Quoniam
1547 3437 1727 3491 omnis
1766 3438 1861 3507 qui
1914 3439 1982 3494 de

410 3519 583 3574 salute
609 3534 709 3575 sua
732 3523 1001 3578 sollicitus
1026 3532 1128 3589 est,
1163 3523 1307 3592 quod
1339 3531 1423 3578 est
1465 3524 1533 3578 ab
1582 3524 1730 3579 intus
1751 3566 1766 3590 ,
1809 3534 1863 3581 et
1915 3526 1983 3583 de

407 3610 665 3679 opinione
686 3612 1149 3685 “sollicitus
1172 3622 1277 3679 est,
1310 3615 1454 3684 quod
1479 3625 1562 3670 est
1589 3631 1619 3670 a
1651 3615 1783 3673 foris
1819 3636 1832 3672 :
1871 3634 1980 3673 non

406 3711 591 3758 autem
623 3706 804 3760 omnis
835 3706 929 3774 qui
961 3706 1028 3760 de
1057 3706 1313 3774 Opinione
1349 3708 1617 3762 sollicitus
1647 3716 1732 3763 est
1753 3724 1783 3763 a
1823 3707 1979 3774 foris,

406 3792 570 3847 ctiam
603 3793 671 3848 de
696 3795 870 3849 salute
898 3811 997 3852 sua
1023 3797 1287 3852 sollicitus
1319 3806 1399 3853 est
1426 3799 1495 3853 ab
1541 3799 1708 3854 intus.
1783 3798 1982 3867 Utputa

410 3886 671 3955 scriptum
705 3898 788 3943 est
817 3887 863 3920 ⁸⁸
901 3906 915 3942 :
949 3889 1056 3952 Qui
1107 3892 1277 3946 videre
1344 3893 1619 3949 mulierem
1671 3893 1741 3946 ad
1795 3906 1989 3945 conru-

407 3977 712 4046 piscendum
733 3996 868 4043 eam,
902 3982 1189 4036 inretitam:
1211 3993 1286 4037 est
1312 3984 1366 4036 in
1395 3986 1550 4037 corde
1576 4000 1691 4037 suo.
1719 3982 1824 4039 Iste
1854 4001 1985 4055 ergo

408 4069 502 4139 qui
538 4069 776 4124 abstinet
819 4085 878 4126 se
906 4073 977 4127 ab
1016 4086 1178 4142 opere
1226 4072 1635 4139 fornicationis,
1687 4073 1987 4130 fornicatur

407 4169 591 4213 autem
626 4160 679 4214 in
708 4163 1148 4232 concupiscentia
1181 4166 1363 4221 cordis
1388 4164 1496 4230 sui,
1524 4165 1805 4221 inundavit
1837 4167 1985 4236 quod

408 4265 443 4304 a
476 4250 610 4307 foris
641 4261 728 4308 est
760 4253 943 4310 calicis
974 4263 1029 4309 et
1054 4256 1361 4326 paropsidis
1386 4265 1480 4310 aut
1509 4258 1699 4323 catini,
1738 4258 1806 4313 ab
1833 4258 1986 4315 intus

411 4352 591 4397 autem
629 4346 1047 4414 intemperantia
1094 4348 1291 4416 plenus
1333 4357 1434 4403 est.
1476 4348 1583 4404 Sed
1631 4357 1688 4403 et
1722 4351 1815 4420 qui
1855 4350 1989 4405 facit

410 4433 782 4506 eleemosynas
816 4443 877 4489 ut
903 4435 1130 4507 gloriam
1154 4438 1223 4491 ab
1242 4436 1556 4491 hominibus
1586 4447 1979 4507 consequatur,

2076 1985 2198 2038 qum
2222 1969 2291 2023 ab
2317 1969 2469 2025 intus
2495 1981 2642 2037 sunt,
2672 1983 2732 2028 ut
2760 1988 2856 2028 cor
2882 1983 3131 2028 nostrum
3160 1975 3415 2029 sensibus
3435 1977 3655 2030 mundis

2077 2060 2364 2130 potatoriis
2392 2070 2447 2116 et
2477 2064 2822 2120 enutritoriis
2853 2064 3163 2134 impleatur,
3198 2075 3254 2119 et
3306 2080 3414 2120 non
3450 2067 3651 2131 verbis,

2077 2167 2255 2222 neque
2288 2155 2776 2223 compositionibus
2801 2172 2992 2211 eorum
3028 2158 3257 2224 ornatis,
3289 2161 3420 2225 quia
3452 2174 3559 2213 non
3596 2162 3649 2214 in

2077 2258 2330 2299 sermone
2362 2255 2445 2300 est
2473 2261 2695 2316 regnum
2722 2247 2836 2312 Dei,
2860 2250 2953 2303 sed
2979 2250 3032 2303 in
3063 2249 3279 2305 virtute.
3317 2249 3537 2321 Utputa,
3559 2253 3649 2322 qui

2076 2336 2259 2391 studet
2290 2339 2655 2408 compositum
2684 2338 2928 2409 proferre
2955 2356 3261 2398 sermonem
3290 2343 3462 2413 magis
3490 2359 3646 2416 quam

2077 2427 2302 2483 salutari
2343 2445 2506 2484 sensu
2533 2431 2818 2500 repletum,
2848 2433 2989 2486 calix
3013 2433 3346 2491 narrationis
3375 2434 3490 2505 ejus
3514 2454 3543 2488 a
3567 2434 3647 2489 fo-

2077 2520 2153 2574 ris
2187 2521 2482 2576 mundatus
2507 2531 2610 2588 est,
2644 2524 2712 2577 ab
2745 2525 2892 2578 intus
2921 2535 3102 2579 autem
3128 2526 3382 2581 sordibus
3409 2527 3655 2580 vanitati.

2078 2609 2290 2679 busque
2324 2611 2585 2679 repletus.
2628 2610 2784 2666 Unde
2827 2613 3049 2677 Paulus,
3081 2614 3175 2683 qui
3231 2630 3339 2668 non
3384 2616 3592 2669 solebat
3624 2631 3653 2668 a

2080 2699 2214 2757 foris
2236 2702 2425 2758 calicis
2456 2711 2509 2758 et
2550 2704 2860 2773 paropsidis
2899 2705 3186 2770 mundare,
3228 2707 3322 2760 sed
3362 2706 3439 2760 ab
3486 2707 3653 2767 intus,

2078 2791 2390 2861 imperitum
2425 2807 2485 2847 se
2512 2795 2803 2848 confitetur
2837 2808 3110 2859 sermone,
3139 2794 3232 2848 sed
3266 2808 3376 2848 non
3408 2792 3654 2858 scientia;

2078 2894 2133 2940 et
2164 2893 2283 2940 erat
2313 2899 2497 2940 sermo
2527 2885 2700 2955 ipsius
2725 2885 2964 2940 rusticus
2997 2886 3240 2954 quidem,
3266 2893 3450 2939 tamen
3490 2894 3654 2938 muna

2079 2975 2179 3030 dus
2203 2988 2422 3046 propter
2453 2976 2697 3031 scientiae
2734 2976 3082 3031 munditiam.
3118 2976 3203 3031 llli
3245 2985 3427 3031 autem
3475 2976 3657 3046 quiin

2081 3067 2347 3136 sapientia
2381 3067 2529 3123 verbi
2559 3068 2944 3137 loquebantur,
2978 3078 3030 3125 et
3055 3082 3150 3136 per
3180 3068 3285 3124 hoc
3305 3067 3505 3123 Christi
3533 3083 3660 3121 cru-

2082 3172 2201 3211 cem
2235 3157 2595 3223 evacuabant,
2622 3172 2655 3212 a
2677 3156 2811 3213 foris
2842 3157 3060 3229 quidem
3089 3157 3322 3211 mundos
3349 3155 3661 3225 praebebant

2082 3262 2367 3304 sermones
2398 3263 2549 3314 suos,
2580 3249 2649 3304 ab
2675 3249 2824 3304 intus
2872 3256 3054 3303 autem
3098 3248 3379 3302 immunda
3429 3246 3658 3301 scientia

2082 3341 2296 3407 plenos,
2325 3347 2379 3392 et
2401 3338 2630 3407 rapinis,
2654 3346 2708 3392 et
2733 3338 3147 3408 intemperantia
3179 3338 3322 3391 vine.
3387 3334 3519 3391 Item
3566 3338 3659 3405 qui

2085 3431 2317 3485 audiens
2360 3430 2586 3483 verbum
2615 3470 2630 3495 ,
2684 3439 2779 3483 aut
2814 3430 3055 3498 aliquam
3099 3428 3235 3498 legis
3273 3427 3656 3497 Scripturam,

2083 3519 2573 3590 compositionibus
2597 3519 2718 3589 ejus
2750 3519 3113 3574 exterioribus
3138 3518 3311 3587 magis
3340 3532 3502 3587 quam
3527 3516 3666 3569 inte-

2084 3610 2324 3665 rioribus
2350 3619 2405 3665 et
2435 3611 2768 3665 salutaribus
2791 3610 3046 3666 sensibus
3084 3611 3403 3675 delectatur,
3436 3612 3660 3666 calicem

2086 3706 2171 3760 vel
2198 3704 2543 3775 paropsidem
2576 3704 2753 3775 diligit
2779 3718 2809 3758 a
2846 3703 2982 3759 foris
3004 3703 3322 3758 mundatum
3346 3744 3362 3771 ,
3403 3703 3473 3758 ab
3516 3702 3666 3757 intus

2085 3808 2270 3852 autem
2303 3796 2604 3852 sordidum.

2156 3890 2248 3945 25.
2284 3887 2342 3943 Si
2370 3896 2585 3957 oportet
2605 3896 2786 3943 autem
2815 3895 2872 3942 et
2905 3887 3120 3941 tertiam
3149 3894 3434 3957 cognatam
3463 3884 3664 3954 priori-

2085 3983 2240 4037 ribus
2260 3980 2684 4051 super-inducere
2709 3979 3124 4049 expositionem,
3149 3978 3384 4033 dicimus
3404 3977 3665 4047 quoniam

2087 4073 2279 4128 littera:
2310 4072 2446 4141 legis
2469 4080 2526 4127 et
2547 4071 2932 4141 prophetarum
2965 4070 3164 4125 calices
3205 4069 3534 4139 spiritalium
3567 4083 3666 4138 po-

2086 4176 2243 4221 tuum
2278 4165 2496 4231 animae,
2520 4173 2576 4219 et
2602 4163 2923 4235 paropsides
2948 4162 3384 4218 necessariarum
3412 4177 3664 4217 escarum

2077 4264 2219 4315 sunt
2254 4255 2493 4309 ﬁdelium
2531 4255 2836 4319 hominum,
2870 4254 2953 4308 vel
2979 4253 3145 4308 catini
3175 4255 3421 4308 ciborum
3451 4254 3666 4322 sapien-

2090 4355 2172 4401 ter
2204 4345 2548 4400 conditorum
2585 4361 2599 4397 :
2630 4354 2864 4414 qnorum
2900 4344 3156 4410 calicum,
3204 4353 3260 4398 et
3286 4344 3665 4413 paropsidem,

2088 4445 2145 4491 ει
2186 4436 2496 4490 catinorum
2542 4435 2795 4505 legalium
2842 4436 2928 4490 vel
2971 4435 3411 4505 prophetieorum
3462 4434 3671 4490 Scriba:

412 4522 677 4576 mundare
712 4524 932 4592 quidem
969 4523 1180 4578 videtur
1207 4525 1351 4594 quod
1379 4543 1409 4580 a
1443 4525 1579 4581 foris
1606 4537 1691 4581 est
1715 4528 1904 4583 calicis
1933 4536 1987 4582 et
2018 4540 2062 4594 ι)
2091 4527 2310 4598 quidem
2341 4536 2394 4581 et
2430 4524 2689 4581 Pharisaei
2721 4526 2942 4581 student
2968 4540 3190 4581 sensum
3223 4526 3550 4580 exteriorem
3586 4535 3671 4579 ειε-

415 4613 743 4682 paropsidis,
775 4613 984 4670 faciens
1009 4615 1386 4687 elecmosynas
1427 4634 1612 4673 coram
1649 4620 1985 4686 hominibus,

413 4703 486 4757 ab
533 4703 682 4759 intus
720 4687 911 4759 autem
960 4705 1155 4774 plenus
1207 4716 1292 4762 est
1335 4709 1628 4778 cupiditate
1664 4711 1870 4781 gloriai.
1927 4711 1992 4765 Et

414 4795 678 4866 quidquid
728 4797 860 4853 boni
919 4799 1111 4855 fecerit
1160 4801 1325 4858 homo
1379 4819 1485 4859 non
1534 4820 1601 4859 ex
1657 4804 1988 4859 conscientia

415 4888 617 4943 munda
646 4899 866 4959 propter
894 4890 1086 4958 Deum,
1116 4893 1294 4951 aforis
1310 4896 1531 4965 quidem
1563 4898 1802 4952 mundus
1832 4896 1989 4952 vide-

366 5041 373 5051 ο
415 4988 524 5043 tur,
551 4981 619 5035 ab
651 4981 799 5037 intus
826 4993 1004 5037 autem
1040 4985 1231 5054 plenus
1259 4996 1344 5041 est
1369 4987 1549 5041 malis.
1582 4986 1686 5043 Sed
1716 4997 1769 5042 et
1799 5002 1991 5043 omnes

417 5072 539 5125 falsi
563 5073 834 5143 dogmatis
863 5076 1200 5143 professores
1228 5078 1427 5135 calices
1462 5090 1590 5135 sunt
1615 5096 1646 5135 a
1671 5081 1804 5136 foris
1834 5081 1990 5151 quasi

417 5163 663 5219 mandati
688 5174 905 5235 prepter
931 5171 1163 5237 speciem
1194 5171 1472 5241 religionis
1497 5187 1662 5241 quam
1707 5173 1989 5236 simulant,

418 5254 486 5309 ab
514 5255 663 5312 intus
692 5265 871 5313 autem
898 5259 1041 5323 pleni
1076 5259 1285 5329 rapina,
1318 5263 1654 5329 seductione,
1673 5263 1876 5332 quibus
1904 5280 1994 5317 ra-

419 5347 574 5416 piunt
620 5348 870 5405 homines
906 5351 973 5404 ad
1015 5366 1282 5417 errorem,
1324 5361 1379 5408 et
1432 5355 1542 5424 lupi
1594 5370 1819 5424 rapaces
1863 5364 1994 5411 sunt

418 5441 690 5506 omnium,
725 5442 1021 5509 latitantes,
1049 5453 1103 5498 et
1144 5445 1469 5503 devorantes
1519 5448 1733 5501 animas
1785 5446 1995 5516 simpli-

421 5543 533 5593 eos,
565 5531 659 5600 qui
689 5532 873 5587 videre
906 5549 999 5589 eos
1029 5551 1137 5589 non
1167 5547 1398 5604 possunt
1426 5538 1584 5606 lupos
1613 5552 1736 5593 esse
1769 5552 1994 5608 rapaces

425 5634 641 5691 propter
661 5623 882 5678 ovilium
909 5626 1128 5694 pellium
1158 5636 1544 5692 tegumentum.

489 5791 534 5821 ’ἀ
565 5790 584 5843 l
618 5791 742 5845 Cor.
778 5812 827 5860 v,
863 5797 913 5851 8.
993 5798 1033 5830 ”
1066 5797 1203 5853 Gen.
1237 5813 1308 5863 vt,
1336 5799 1388 5853 5.

2094 4633 2201 4689 que
2225 4618 2525 4688 vulgarem,
2551 4626 2605 4671 et
2626 4617 2769 4672 hunc
2796 4617 3056 4671 mumlum
3084 4627 3139 4671 et
3163 4625 3413 4673 sanctum
3444 4617 3670 4671 demam

2091 4722 2267 4768 strare
2291 4710 2572 4778 festinant;
2603 4709 2857 4781 discipuli
2888 4717 3071 4764 autem
3102 4708 3308 4764 Christi
3339 4724 3560 4765 sensum
3590 4710 3668 4765 in—
3702 4707 3707 4712 ’

2094 4805 2348 4860 teriorem
2380 4814 2434 4860 et
2471 4804 2767 4874 spiritalem
2805 4802 3071 4857 mundare
3100 4801 3358 4857 festinant
3382 4811 3436 4856 et
3464 4802 3668 4857 sancti-

2095 4899 2259 4953 licare
2287 4896 2513 4951 scientia
2545 4904 2599 4951 et
2637 4892 3105 4950 demonstratione
3145 4892 3449 4963 probabili,
3502 4903 3561 4947 ut
3602 4891 3669 4945 ab

2098 4990 2245 5044 intus
2274 4989 2590 5043 mandatam
2621 4986 2791 5057 legem
2822 4993 2877 5041 et
2919 4987 3212 5055 prepbetas
3240 4986 3571 5039 manducent
3613 4991 3669 5036 et

2095 5079 2301 5145 bibant,
2336 5079 2650 5133 interiorem
2677 5083 2731 5131 et
2763 5075 3131 5147 mystcrialem
3161 5088 3383 5129 sensum
3408 5074 3599 5129 audire
3623 5080 3677 5127 et

2099 5170 2380 5238 suscipere
2410 5166 2883 5237 concupiscentes,
2916 5173 2971 5220 et
3004 5165 3451 5220 transcendentes
3480 5179 3677 5219 sensus

2097 5259 2401 5315 exteriores
2439 5259 2755 5312 verborum.
2792 5255 3004 5310 Bonum
3034 5264 3277 5325 estergo
3313 5266 3471 5310 caute
3509 5271 3676 5308 mun-

2099 5353 2228 5407 dare
2255 5350 2400 5421 quod
2433 5350 2503 5403 ab
2526 5350 2672 5405 intus
2701 5357 2785 5405 est
2813 5349 3033 5415 calicis,
3083 5348 3168 5402 vel
3207 5348 3515 5417 paropsidis
3539 5386 3555 5412 ,
3591 5346 3679 5401 vel

2099 5440 2286 5506 catini,
2316 5440 2445 5511 quia
2472 5439 2522 5494 ei
2550 5440 2645 5509 qui
2672 5438 3014 5494 mundaverit
3048 5438 3284 5506 primum
3316 5437 3460 5507 quod
3493 5437 3561 5491 ab
3590 5437 3677 5489 iii-

2100 5541 2189 5587 tus
2219 5541 2305 5586 est
2339 5530 2546 5597 calicis,
2582 5531 2719 5593 liunt
2749 5531 2911 5584 etiam
2948 5542 3013 5581 ea
3048 5542 3170 5596 quae
3218 5526 3353 5583 foris
3388 5535 3516 5583 sunt
3550 5541 3678 5581 vere

2100 5624 2358 5679 mundata
2414 5641 2426 5677 :
2471 5631 2525 5676 ct
2574 5631 2702 5677 tunc
2753 5619 3103 5675 inveniuntur
3163 5634 3295 5675 vasa
3363 5633 3670 5676 sermonum

1467 5799 1528 5830 97‘
1563 5795 1752 5851 Matth.
1787 5808 1941 5858 xxiii,
1977 5790 2068 5846 25.
2146 5791 2191 5824 ³⁸
2220 5788 2409 5847 Matth.
2448 5804 2496 5849 v,
2530 5789 2618 5844 28.
