4110 6480
423 377 445 433 l
458 375 561 433 329

1559 370 1847 428 COMMEN
1862 370 2220 428 I'AKIOBUM
2252 371 2520 434 SERlESa'

3557 383 3578 437 l
3591 384 3693 438 630

418 495 643 561 munda,
670 494 890 565 quando
926 494 1253 550 manifestati
1285 493 1486 549 fuerint
1511 496 1618 549 veri
1653 506 1706 551 et
1727 496 2000 566 spiritales
2031 502 2073 557 Α
2104 496 2385 566 ωάὶβεαιίε
2406 497 2647 567 sepulcra
2662 499 3059 568 prophetarum,
3073 506 3123 552 et
3142 499 3692 555 ornatismonumenta

416 603 613 644 δῡιιειιε
640 602 769 642 eoru
778 603 852 641 ιιι.

487 680 581 735 24.
617 679 705 735 γω
736 680 901 745 vobis,
929 678 1132 732 Scriba:
1155 686 1204 733 et
1229 676 1493 732 Pltaristei
1533 678 1842 748 hypocritw.
1878 681 2003 749 quia

424 772 616 829 similes
639 775 763 826 estis
786 770 1042 841 sepulcris
1063 769 1351 835 dealbatis,
1389 786 1507 839 quae
1536 788 1568 824 a
1612 770 1744 839 [oris
1790 772 2001 841 quidem

420 874 601 917 carent
626 864 880 932 speciosa,
912 861 1057 915 intus
1080 876 1199 914 vero
1222 861 1377 929 plena
1402 870 1523 914 sunt
1545 862 1749 915 ossibus
1778 874 2004 915 mortuo-

419 970 538 1007 rum
559 965 607 1008 et
642 954 786 1007 ainni
808 953 1102 1022 spurcitia;
1144 952 1221 1005 sic
1253 961 1304 1005 et
1327 969 1414 1006 vos
1441 969 1472 1005 a
1502 952 1634 1021 [oris
1661 953 1873 1023 quidem
1904 970 2004 1023 pa-

419 1045 543 1098 retis
567 1044 863 1099 hominibus
881 1044 1040 1112 justi,
1068 1044 1133 1097 ab
1159 1044 1303 1097 intus
1327 1053 1505 1097 autem
1527 1044 1668 1112 pleni
1687 1045 1813 1098 estis
1837 1051 2001 1115 hypoc

416 1136 544 1189 crisi
569 1144 617 1189 et
642 1136 925 1205 iniquitate
953 1137 1020 1188 ".
1068 1133 1223 1188 Sicut
1270 1134 1415 1188 enim
1457 1136 1710 1203 superius
1752 1137 1820 1191 ab
1854 1138 2000 1193 intus

414 1226 558 1295 pleni
587 1236 716 1282 sunt
745 1225 933 1296 rapina
967 1235 1023 1281 et
1049 1227 1493 1295 intemperantia,
1524 1227 1776 1282 similiter
1809 1237 1863 1282 et
1910 1229 1998 1284 hie

413 1318 558 1387 pleni
580 1326 710 1375 sunt
738 1319 1012 1388 hypocrisi
1038 1325 1095 1373 et
1118 1317 1427 1387 iniquitate,
1458 1334 1581 1388 quae
1610 1330 2001 1389 comparantur

412 1409 632 1464 ossibus
663 1419 1023 1476 mortuorum,
1072 1409 1433 1465 immunditia:
1483 1411 1769 1466 universae.
1816 1410 1999 1482 Hypo-

411 1497 573 1552 crisis
594 1497 763 1563 cutim,
786 1513 909 1555 cum
937 1498 1008 1552 sit
1031 1498 1214 1568 aliqua
1238 1498 1518 1553 simulatio
1540 1499 1690 1564 boni,
1721 1500 1856 1553 nihil
1878 1499 2000 1569 qui—

411 1590 534 1644 dem
561 1589 724 1645 habet
749 1589 912 1644 vitale
935 1604 1000 1644 ex
1025 1604 1091 1645 eo
1120 1590 1264 1645 bono
1297 1590 1444 1659 quod
1495 1593 1741 1648 simulat.
1771 1591 1994 1649 Ossium

412 1689 615 1739 autem.
653 1690 713 1735 ut
736 1682 816 1736 sic
840 1681 1016 1736 dicam
1041 1721 1056 1746 ,
1109 1682 1325 1736 virtutis
1369 1682 1513 1736 illius
1550 1699 1715 1752 quam
1774 1685 1997 1739 simulat

412 1782 623 1826 mortua
652 1769 863 1840 justitia
888 1779 991 1834 est,
1017 1779 1112 1824 aut
1141 1770 1387 1825 castitas.
1435 1768 1493 1824 Si
1528 1773 1673 1825 enim
1719 1774 1997 1842 sapienter

412 1862 698 1917 audiamus
726 1864 873 1932 quod
903 1864 1018 1918 vult
1044 1863 1333 1918 ostendere
1361 1878 1544 1919 sermo
1588 1880 1851 1935 praesens,
1903 1869 1991 1922 in-

412 1954 710 2021 telligimus
740 1954 885 2024 quod
915 1955 1098 2010 omnis
1123 1955 1335 2025 justitia
1360 1956 1618 2012 simulata
1650 1968 1861 2014 mortua
1901 1961 1994 2030 ju-

409 2044 553 2097 stitia
571 2053 672 2098 est.
700 2040 853 2099 Sicut
872 2045 1037 2099 homo
1057 2055 1309 2100 mortuus
1329 2045 1544 2102 videtur
1562 2050 1780 2120 quidem
1804 2051 1991 2119 homo,

408 2134 503 2187 sed
540 2148 646 2188 non
680 2145 763 2189 est
797 2136 983 2201 homo,
1025 2136 1105 2191 sic
1133 2145 1188 2190 et
1220 2147 1436 2193 mortua
1459 2142 1682 2198 castitas
1706 2159 1806 2199 nec
1830 2145 1993 2201 casti-

407 2230 488 2279 tas
514 2234 616 2279 est.
646 2224 857 2281 Mortua
891 2237 1072 2285 autem
1108 2227 1236 2300 [est]
1263 2245 1386 2300 quae
1407 2246 1513 2286 non
1550 2243 1769 2303 prepter
1797 2235 1989 2304 Deum,

404 2317 498 2370 sed
527 2318 581 2371 in
620 2318 973 2374 simulatione
1002 2330 1223 2391 propter
1254 2323 1501 2379 homines
1531 2326 1611 2380 lit.
1642 2327 1704 2382 Et
1724 2330 1991 2397 quemad-

407 2408 626 2462 modum
658 2410 824 2464 estin
861 2411 1045 2466 mimis
1084 2413 1178 2482 qui
1219 2429 1484 2483 personas
1535 2420 1845 2489 suscipiunt
1891 2421 1992 2475 ali-

401 2512 659 2565 quarum,
694 2508 747 2553 et
772 2515 882 2554 non
915 2512 1043 2556 sunt
1064 2502 1165 2571 ipsi
1199 2517 1339 2571 quos
1365 2506 1648 2574 simulant,
1685 2510 1776 2563 sed
1801 2511 1991 2565 viden-

402 2599 510 2653 tur,
543 2590 624 2644 sic
652 2590 747 2660 qui
772 2592 1040 2660 justitiam
1077 2594 1319 2658 simulat,
1345 2596 1600 2652 simulata
1627 2600 1837 2668 justitia
1867 2604 1988 2673 ejus

401 2695 510 2734 non
538 2692 621 2737 est
643 2683 878 2752 justitia,
912 2687 1006 2739 sed
1035 2686 1267 2741 videtur.
1296 2687 1392 2742 Est
1421 2692 1569 2744 enim
1608 2707 1716 2746 non
1750 2694 1984 2763 justitia,

401 2771 498 2826 sed
532 2773 851 2845 figmentum
883 2776 1130 2846 justitize.
1162 2775 1255 2832 Sic
1285 2786 1339 2833 et
1370 2780 1421 2833 in
1456 2782 1775 2838 seductione
1820 2788 1987 2841 casti-

402 2873 486 2919 tas
518 2868 639 2920 licta
669 2883 775 2922 non
803 2877 886 2922 est
911 2870 1157 2937 castitas,
1190 2871 1285 2926 sed
1319 2873 1551 2929 videtur.
1584 2874 1812 2945 Propter
1840 2880 1985 2948 quod

395 2955 532 3011 bene
549 2958 922 3014 assimilantnr
941 2960 1253 3029 huiusmodi
1280 2964 1532 3019 homines
1552 2969 1820 3036 sepulcris
1838 2971 1985 3024 deal-

397 3048 556 3103 batis.
592 3049 637 3101 A
658 3047 795 3104 foris
827 3050 1081 3106 videntur
1101 3051 1237 3122 justi
1258 3054 1313 3108 in
1337 3067 1631 3125 conspectu
1668 3073 1858 3114 eorum
1890 3062 1984 3131 qui

395 3139 925 3197 nesciuntinteriora
942 3144 1313 3207 considerare,
1348 3148 1419 3201 ab
1453 3148 1601 3202 intus
1624 3161 1806 3205 autem
1837 3153 1984 3222 pleni
2020 3186 2060 3241 ο

392 3236 520 3283 sunt
532 3228 751 3284 ossibus
765 3238 1126 3285 mortuorum.
1150 3231 1321 3287 Tanta
1337 3242 1465 3289 sunt
1481 3250 1607 3290 ossa
1624 3236 1677 3288 in
1701 3238 1781 3292 eis
1797 3248 1851 3292 et
1871 3239 1975 3293 im-

394 3320 900 3390 munditiae,quanta
917 3322 1080 3393 845
1096 3338 1260 3393 opera
1281 3325 1612 3380 simulantur
1629 3327 1768 3383 bona
1786 3344 1852 3384 ex
1882 3347 1991 3386 ma-

389 3407 443 3464 lo
459 3410 653 3466 affectu
677 3427 691 3464 :
716 3422 769 3468 et
789 3413 1038 3468 videntur
1059 3431 1088 3469 a
1116 3416 1248 3472 l‘oris
1273 3417 1405 3487 justi
1422 3434 1607 3474 coram
1650 3422 1984 3493 hominibus,

388 3515 498 3555 non
518 3503 598 3557 eis
624 3517 764 3571 quos
778 3502 1059 3574 Scriptura
1078 3507 1096 3538 ¹
1117 3506 1249 3563 deos
1270 3510 1524 3579 appellat,
1548 3513 1613 3566 ad
1629 3528 1769 3583 quos
1785 3515 1984 3574 factum

383 3600 468 3644 est
484 3590 708 3646 verbum
728 3590 845 3657 Dei,
873 3594 968 3649 sed
999 3608 1187 3649 curam
1210 3596 1290 3650 eis
1317 3597 1409 3665 qui
1432 3599 1574 3652 sicut
1598 3600 1846 3657 homines
1866 3619 1985 3660 mo-

388 3679 625 3735 riuntur.
660 3680 727 3735 Et
760 3683 965 3736 malum
992 3684 1214 3753 quidem
1247 3670 1413 3747 esset,
1443 3688 1529 3741 vel
1567 3703 1737 3745 unum
1769 3695 1980 3748 ossium

387 3772 586 3825 mortui
616 3772 818 3826 habere
840 3773 988 3827 intus
1014 3776 1067 3827 iu
1101 3790 1160 3829 se
1193 3775 1275 3829 vel
1304 3776 1708 3833 immunditiam
1736 3781 1976 3852 aliquam

385 3875 570 3916 unam.
606 3858 761 3915 Nunc
794 3871 975 3916 autem
1010 3863 1133 3919 vide
1160 3868 1633 3935 exaggerationem
1671 3869 1979 3941 Scriptura:

383 3950 450 4003 de
485 3950 690 4005 malitia
721 3953 1147 4023 hypocritarum.
1188 3954 1350 4009 Sicut
1370 3958 1514 4012 enim
1544 3962 1791 4029 sepulcra
1820 3965 1974 4032 plena

384 4051 511 4096 sunt
544 4042 761 4098 ossibus
792 4052 846 4099 et
891 4045 1238 4099 immunditia
1274 4048 1444 4111 omni,
1488 4050 1569 4105 sic
1611 4062 1666 4106 et
1699 4054 1774 4108 illi
1826 4056 1973 4125 pleni

383 4138 509 4186 aunt
543 4132 818 4203 hypocrisi
862 4145 917 4189 et
946 4133 1255 4206 iniquitate,
1299 4153 1407 4192 non
1445 4140 1499 4194 in
1549 4157 1654 4198 una
1685 4145 1870 4216 aliqua
1914 4162 1973 4202 re

382 4224 724 4287 simulantes,
762 4241 939 4296 neque
969 4227 1025 4281 in
1061 4244 1354 4300 conspectu
1388 4233 1553 4288 unius
1591 4234 1645 4288 in
1677 4240 1826 4292 omni
1857 4240 1968 4295 vita

380 4331 500 4382 sua,
548 4316 630 4371 vel
662 4316 877 4372 duobus
921 4319 1006 4374 vel
1052 4320 1245 4386 tribus,
1278 4325 1530 4392 quamvis
1574 4335 1628 4382 et
1678 4329 1782 4384 hoc
1823 4341 1970 4385 esset

379 4408 676 4475 pessimum
709 4409 935 4475 malum,
966 4412 1060 4466 sed
1087 4412 1347 4468 ontnibus
1377 4416 1571 4474 diebus
1604 4420 1728 4474 vitae
1757 4437 1871 4478 sua:
1906 4424 1961 4478 in

2096 588 2387 657 justorum,
2401 600 2450 644 et
2468 590 2648 643 dicitis
2662 606 2680 642 :
2699 588 2838 655 Quia
2856 590 2903 645 si
2917 590 3201 659 fuissemus
3214 591 3269 643 in
3283 590 3467 643 diebus
3480 600 3693 655 patrum

2106 688 2426 744 nostrorum,
2447 696 2551 734 non
2579 696 2811 735 essemus
2837 681 2969 734 socii
2988 697 3171 734 eorum
3200 681 3256 734 in
3289 681 3545 751 sanguine
3571 697 3691 750 pre-

2103 773 2399 841 pltetarum.
2428 770 2619 842 Itaque
2650 774 3008 826 testimonium
3022 773 3241 826 redditis
3263 773 3562 843 vobis,qnia
3590 772 3691 840 ﬁlii

2101 862 2230 915 estis
2262 877 2443 915 eorum
2471 863 2564 931 qui
2592 862 2901 916 occiderunt
2928 860 3230 931 prophetas.
3267 860 3334 916 Et
3365 879 3451 916 vos
3483 862 3695 930 implete

2105 969 2406 1006 mensuram
2433 964 2648 1022 patrum
2664 961 2973 1006 uestrorum.
2996 953 3291 1020 Serpentes,
3321 954 3588 1020 generatio
3616 954 3695 1007 vi-

2102 1061 2369 1114 perarum,
2383 1044 2645 1115 quomodo
2659 1045 2876 1114 fugietis
2894 1046 3136 1114 ajudicio
3153 1045 3426 1113 gehennw?
3441 1042 3566 1097 Ideo
3577 1060 3694 1097 ecce

2102 1153 2195 1205 ego
2225 1136 2378 1189 mitto
2409 1135 2478 1188 ad
2514 1152 2601 1188 vos
2630 1135 2933 1204 prop/tetas,
2966 1145 3014 1189 et
3047 1136 3325 1206 sapientes,
3362 1143 3409 1187 et
3451 1133 3689 1192 Scribas,

2101 1236 2150 1281 et
2171 1244 2234 1281 ea:
2251 1228 2360 1280 illis
2376 1228 2628 1282 occidetis
2655 1237 2703 1281 et
2721 1228 3062 1298 cruciﬁgetis,
3079 1237 3127 1281 et
3145 1243 3208 1281 ca:
3226 1227 3333 1280 illis
3350 1225 3691 1296 ﬂagellabitis

2100 1321 2157 1373 in
2197 1321 2482 1389 synagogis
2526 1321 2734 1385 vestris,
2774 1329 2825 1374 ct
2868 1322 3246 1390 persequentini
3287 1321 3350 1373 de
3395 1319 3692 1372 civitatein

2101 1412 2390 1477 civitatem,
2416 1420 2475 1464 ut
2515 1412 2684 1465 ueniat
2720 1429 2877 1481 super
2921 1429 3008 1465 vos
3045 1412 3216 1465 omnis
3259 1411 3473 1480 sanguis
3514 1409 3690 1477 justus

2105 1504 2198 1575 qui
2235 1504 2530 1572 effunditur
2558 1521 2716 1573 super
2745 1515 2942 1557 terram
2976 1506 3018 1560 ’.
3051 1504 3326 1571 Quantum
3359 1504 3424 1558 ad
3459 1502 3688 1573 primam

2100 1601 2296 1659 faciem
2327 1602 2561 1672 pertinet
2591 1612 2792 1668 textus,
2820 1618 2927 1657 non
2953 1605 3088 1658 satis
3121 1605 3517 1659 rationabiliter
3540 1619 3692 1657 com-

2101 1694 2298 1749 minari
2326 1694 2538 1748 videtur
2579 1694 2851 1748 adversus
2889 1711 2986 1749 eos
3013 1697 3107 1765 qui
3137 1698 3405 1752 mdillcant
3441 1696 3689 1764 sepulcra

2098 1787 2487 1856 prophetarum
2509 1795 2564 1840 et
2585 1793 2783 1840 ornant
2808 1794 3163 1841 monumenta
3184 1787 3480 1856 iustorum.
3507 1785 3693 1851 Quan~

2098 1898 2213 1945 tum
2241 1890 2306 1944 ad
2336 1888 2440 1943 hoc
2462 1888 2606 1943 enim
2642 1887 2842 1954 solum,
2866 1887 3137 1942 laudabile
3161 1887 3366 1956 aliquid
3395 1884 3690 1949 faciebant,

2095 1982 2224 2054 quia
2251 1983 2497 2052 sepulcra
2524 1980 2911 2051 prephetarnm
2946 1979 3310 2043 :editicabant,
3340 1988 3394 2033 et
3421 1977 3690 2033 ornabant

2095 2091 2455 2139 monumenta
2502 2083 2802 2152 justorum,
2871 2081 3132 2150 operibus
3183 2089 3397 2151 patrum
3459 2093 3685 2132 suorum

2094 2177 2295 2245 quibus
2330 2175 2449 2230 ausi
2492 2182 2623 2231 sunt
2650 2182 2843 2227 contra
2876 2173 3175 2242 prophetas
3217 2181 3270 2226 et
3300 2179 3544 2234 sanctos,
3577 2184 3685 2221 non

2094 2267 2519 2329 consentientes,
2558 2265 2796 2318 maxime
2828 2264 2881 2317 in
2916 2278 2981 2318 eo
3015 2264 3163 2334 quod
3195 2263 3383 2318 dicunt
3412 2279 3425 2316 :
3460 2260 3520 2315 Si
3550 2260 3688 2329 fuis-

2092 2374 2265 2414 semus
2310 2359 2367 2412 in
2415 2358 2600 2411 diebus
2649 2367 2862 2427 patrum
2920 2365 3246 2419 nostrorum,
3301 2370 3406 2407 non
3453 2369 3685 2406 essemus

2091 2451 2224 2505 socii
2255 2466 2437 2504 eorum
2459 2450 2514 2502 in
2541 2450 2794 2519 sanguine
2816 2450 3215 2519 prophetarum.
3245 2445 3532 2513 Quomodo
3556 2460 3686 2513 ergo

2090 2552 2237 2623 digni
2281 2558 2438 2606 erant
2478 2553 2757 2621 suscipere
2796 2552 2921 2607 vm?
2955 2550 3011 2606 Si
3062 2560 3244 2605 autem
3276 2549 3409 2604 dicit
3440 2550 3680 2619 aliquis:

2090 2647 2364 2716 Quantum
2422 2650 2490 2704 ad
2533 2665 2672 2720 opus
2718 2649 2941 2720 quidem
2998 2647 3127 2703 illud
3177 2654 3232 2701 et
3283 2646 3683 2716 professionem
3773 2685 3777 2689 .

2088 2740 2382 2795 verborum
2415 2756 2666 2804 suorum,
2692 2754 2798 2795 non
2833 2749 2987 2795 erant
3024 2740 3133 2804 rei;
3173 2748 3394 2808 pr0pter
3424 2739 3552 2792 illud
3584 2754 3685 2793 au-

2088 2841 2195 2887 tezn
2224 2833 2371 2903 quod
2394 2832 2766 2888 testimonium
2798 2831 2902 2885 sibi
2937 2831 3232 2885 reddebant
3258 2846 3381 2886 esse
3407 2845 3464 2885 se
3491 2845 3681 2885 eorum

2088 2926 2230 2979 tilios
2276 2925 2372 2995 qui
2414 2925 2735 2979 occiderunt
2784 2924 3097 2995 prophetas,
3150 2922 3448 3002 culpabiles
3491 2931 3678 2993 erant;

2088 3017 2234 3083 quod
2271 3032 2371 3073 nec
2401 3018 2578 3086 ipsum
2606 3032 2796 3071 verum
2825 3024 2930 3071 est.
2965 3013 3022 3068 In
3052 3031 3110 3069 re
3144 3015 3290 3068 enim
3339 3030 3461 3085 qum
3490 3029 3555 3071 ex
3592 3031 3685 3069 ar-

2088 3107 2254 3162 bitrio
2283 3109 2521 3164 hominis
2547 3124 2654 3163 non
2685 3107 2971 3178 contingit,
3001 3105 3282 3177 quomodo
3310 3116 3489 3177 potest
3515 3107 3683 3162 homo

2096 3201 2215 3256 ﬁeri
2251 3202 2417 3257 reus?
2440 3198 2559 3256 Non
2583 3201 2728 3255 enim
2760 3216 2828 3256 ex
2858 3201 3088 3254 arbitrio
3119 3198 3553 3268 uniuscujusque
3584 3198 3684 3254 ho-

2095 3293 2260 3349 minis
2292 3302 2395 3359 est,
2432 3293 2592 3363 cujus
2624 3293 2696 3348 sit
2725 3293 2893 3361 filius,
2928 3293 3055 3349 boni
3090 3292 3213 3356 viri,
3261 3303 3356 3345 aut
3387 3291 3512 3345 mali
3555 3291 3679 3344 viri.

2091 3389 2233 3462 Ergo
2262 3407 2441 3462 neque
2473 3400 2698 3463 prepter
2732 3392 2864 3446 illud
2898 3392 3026 3462 quia
3059 3392 3403 3448 aediﬁcabant
3433 3388 3679 3459 sepulcra

2090 3482 2508 3553 prophetarum,
2537 3492 2591 3538 et
2632 3484 2926 3540 dicebant:
2962 3482 3022 3538 Si
3069 3483 3354 3552 fuissemus
3401 3484 3456 3536 in
3497 3483 3680 3537 diebus

2086 3582 2299 3642 patrum
2343 3585 2665 3639 nostrorum,
2695 3589 2800 3628 non
2841 3589 3071 3627 essemus
3115 3574 3213 3639 rei,
3252 3573 3338 3627 vel
3377 3572 3456 3625 rei
3498 3584 3676 3639 erant,

2086 3664 2172 3716 vel
2205 3664 2560 3731 innocentes;
2588 3666 2681 3719 sed
2710 3664 2838 3734 quia
2866 3665 3033 3718 rebus
3065 3664 3200 3733 ipsis
3231 3674 3285 3718 et
3316 3663 3679 3719 similitudine

2085 3753 2396 3810 facinorum
2432 3757 2808 3811 testimonium
2840 3756 2943 3812 sibi
2973 3755 3275 3810 reddebant
3306 3772 3427 3813 esse
3452 3775 3514 3815 se
3540 3758 3678 3814 filios

2082 3862 2278 3902 eorum
2308 3848 2402 3918 qui
2433 3849 2753 3905 occiderunt
2783 3849 3099 3920 prophetas,
3137 3849 3425 3919 implentes
3455 3867 3678 3907 mensu-

2080 3954 2198 3994 ram
2227 3949 2439 4010 patrum
2462 3956 2711 4007 suorum,
2736 3950 2791 3997 et
2820 3943 3000 3997 adhuc
3024 3942 3342 4012 adjicientes
3373 3945 3519 4014 quod
3554 3943 3677 4000 fue—

2079 4039 2164 4084 rat
2181 4030 2382 4095 minus,
2406 4032 2719 4102 supplentes
2742 4032 3177 4088 interfectionem
3197 4034 3582 4104 prophetarum
3602 4047 3682 4091 αις

2076 4136 2183 4192 que
2206 4121 2484 4192 justorum
2512 4124 2893 4180 interfectione
2914 4124 3117 4181 Christi
3148 4124 3272 4180 Filii
3298 4126 3415 4182 Dei.
3442 4125 3683 4197 Pr0ptcr

2075 4222 2221 4290 quod
2257 4223 2514 4291 possibile
2541 4238 2648 4278 non
2680 4234 2798 4301 erat
2817 4225 2908 4294 qui
2946 4226 3263 4295 hujusmodi
3292 4237 3417 4282 actu
3466 4228 3683 4291 detines

2075 4313 2271 4367 bantur
2303 4315 2549 4380 obnoxii,
2591 4314 2778 4386 fugere
2807 4331 2839 4370 a
2874 4316 3085 4386 judicio
3130 4317 3411 4386 gehennae.
3457 4316 3680 4384 Quibus

2074 4418 2174 4457 nec
2206 4402 2419 4460 suffecit
2453 4405 2676 4474 sanguis
2705 4405 2933 4472 Christi,
2963 4407 3059 4461 sed
3082 4407 3263 4462 adhuc
3290 4407 3414 4462 illos
3437 4408 3681 4478 propheu

377 4498 822 4557 simulationihus
854 4503 1063 4569 vivunt,
1105 4511 1159 4558 et
1190 4505 1339 4559 aliud
1371 4507 1592 4577 quidem
1623 4522 1773 4580 sunt,
1816 4515 1965 4570 aliud
2000 4519 2044 4575 D
2076 4502 2158 4549 “‘3
2182 4506 2234 4549 ⁸⁸
2267 4495 2489 4551 scribas
2520 4499 2614 4566 (ιυί
2648 4497 2874 4554 merum
2914 4500 3068 4555 ιηίεεί
3111 4515 3143 4554 ³
3176 4499 3421 4567 Christo.
3449 4501 3679 4556 ίιὶιοτῖο-

376 4598 560 4645 autem
594 4607 715 4647 esse
742 4603 1022 4664 putantur.
1055 4592 1197 4649 Sunt
1228 4597 1413 4652 lascivi
1442 4600 1664 4669 quidem
1691 4604 1761 4658 ab
1792 4605 1966 4672 intus,

376 4697 405 4736 a
436 4681 569 4738 foris
601 4692 783 4738 autem
809 4694 993 4741 castos
1024 4701 1084 4742 se
1113 4702 1236 4743 esse
1261 4691 1579 4758 ostendunt,
1611 4694 1966 4756 simulatores

375 4775 644 4830 castitatis
668 4784 723 4831 et
752 4777 1081 4847 virginitatis
1117 4778 1355 4836 lictores.
1396 4781 1459 4835 Et
1490 4784 1581 4838 alii
1609 4786 1964 4846 simulatores

373 4865 613 4933 iustitiae,
643 4883 767 4922 cum
815 4869 926 4925 sint
958 4871 1027 4926 ab
1070 4871 1220 4928 intus
1263 4873 1460 4944 iniqui,
1506 4885 1560 4931 et
1604 4879 1695 4933 alii
1730 4882 1965 4941 aliarum

375 4955 637 5013 virtutum
669 4959 1020 5018 simulatores
1067 4964 1363 5031 exsistunt,
1396 4983 1522 5024 cum
1559 4971 1670 5028 sint
1704 4974 1774 5029 ab
1819 4976 1968 5034 intus

376 5051 668 5108 contrariis
706 5053 852 5109 vitiis
880 5054 1054 5123 pleni.
1095 5055 1236 5111 Sunt
1265 5059 1487 5127 quidam
1517 5070 1572 5116 et
1613 5069 1856 5138 martyrii
1897 5070 1973 5125 si-

377 5139 710 5211 mulatorcs;
746 5146 966 5217 quidam
998 5157 1179 5204 autem
1212 5150 1583 5223 episcopatus,
1616 5157 1698 5212 vel
1736 5160 1961 5232 presby-

376 5235 601 5298 teratus,
647 5237 731 5291 vel
774 5238 1117 5306 diaconatus,
1153 5243 1238 5296 vel
1281 5244 1670 5303 ecclesiasticae
1718 5250 1961 5309 scientiae

375 5319 456 5372 vel
482 5321 765 5392 dot-trime,
793 5338 1002 5385 tantum
1036 5346 1298 5400 personas
1323 5343 1378 5388 et
1400 5340 1819 5396 ostentationem
1849 5345 1962 5396 vir-

375 5418 554 5465 tutum
578 5412 859 5482 habentes,
888 5435 1015 5475 vere
1038 5432 1219 5477 autem
1246 5434 1376 5479 sunt
1404 5425 1611 5483 inimici
1640 5434 1957 5489 earumdem

382 5500 646 5559 virtutum
683 5523 821 5576 quas
861 5510 1144 5569 simulant.

442 5594 535 5651 25.
591 5596 679 5653 Va:
709 5599 871 5668 vobis,
905 5600 1107 5658 Scriba:
1134 5614 1182 5659 et
1226 5604 1493 5663 l’ltaristei
1527 5609 1837 5680 ltypocritw,
1867 5618 1958 5688 qui

2072 4594 2269 4641 cerunt
2296 4597 2349 4641 et
2394 4588 2807 4653 crucifixerunt,
2853 4590 2910 4644 in
2955 4590 3249 4661 synagegis
3279 4592 3396 4645 suis
3433 4590 3676 4662 ﬂagella-

2081 4686 2281 4731 verunt
2323 4684 2377 4731 et
2415 4677 2686 4747 persecuti
2734 4685 2864 4733 sunt
2895 4678 2962 4733 de
3006 4677 3227 4732 civitate
3271 4676 3326 4731 in
3369 4677 3673 4734 civitatem.

2084 4771 2193 4828 Pro
2232 4774 2434 4843 quibus
2464 4775 2723 4831 omnibus
2767 4775 3210 4832 homicidialibus
3246 4777 3556 4834 commissis
3574 4779 3672 4846 .ju-

2084 4874 2229 4922 stum
2259 4865 2438 4921 fuerat
2461 4882 2558 4923 eos
2586 4868 2697 4938 pati
2724 4868 2999 4924 excidium
3029 4867 3354 4934 Jerusalem,
3384 4869 3670 4937 captivita-

2075 4966 2181 5013 tem
2211 4958 2421 5028 populi,
2448 4959 2713 5030 patientia
2739 4957 2835 5014 Dei
2867 4957 3299 5030 magnitudinem
3329 4967 3383 5013 et
3418 4959 3669 5015 multitu-

2069 5048 2252 5104 dinem
2300 5048 2609 5105 facinorum
2647 5065 2842 5105 eorum
2893 5049 3128 5105 ulterius
3180 5065 3287 5105 non
3334 5051 3667 5107 sustinente.

2070 5146 2232 5205 Venit
2265 5160 2448 5205 autem
2495 5150 2548 5204 in
2582 5150 2986 5220 generationem
3037 5165 3228 5206 eorum
3269 5151 3363 5220 qui
3408 5151 3669 5220 impleve-

2062 5249 2185 5295 rant
2219 5257 2534 5298 meusuram
2567 5251 2783 5312 patrum
2827 5257 3078 5308 suorum,
3109 5251 3164 5296 et
3198 5254 3672 5313 supcrposuerunt

2063 5330 2192 5388 Jesu
2233 5333 2439 5388 Christi
2486 5334 2805 5404 prophetas,
2854 5343 2909 5388 et
2963 5332 3263 5401 sapientes,
3318 5342 3373 5387 et
3422 5331 3669 5398 Set-ibas,

2068 5428 2240 5480 omnis
2280 5427 2499 5496 sanguis
2538 5425 2721 5494 justus
2764 5425 2855 5495 qui
2894 5423 3190 5493 effunditur
3218 5439 3375 5492 super
3409 5432 3604 5477 terram
3634 5441 3673 5476 (ιι

2064 5521 2320 5591 sanguine
2358 5521 2489 5575 Abel
2522 5521 2684 5592 justi,
2724 5537 2886 5591 usque
2929 5520 2999 5573 ad
3030 5519 3341 5589 sanguinem
3387 5516 3669 5575 Zacltarite

2065 5612 2166 5681 ﬁlii
2195 5612 2476 5669 lluracltia:
2508 5613 2552 5679 ',
2585 5617 2747 5686 cujus
2778 5613 3215 5669 interfectionem
3248 5611 3479 5683 imputat.
3516 5611 3666 5669 Scri-

443 5783 489 5816 ⁹³
526 5782 717 5841 Matth.
747 5803 901 5848 xxiii.
934 5787 998 5841 27
1031 5800 1083 5846 et
1116 5807 1269 5863 seqq.
1348 5791 1364 5824 ¹
1403 5792 1548 5848 Psal.
1584 5809 1768 5860 um,
1799 5794 1850 5849 6.
1928 5797 1945 5828 ¹

2087 5798 2178 5852 ,ιΙι.
2225 5814 2379 5863 χχιιι,
2410 5798 2478 5854 ἓξ)
2514 5810 2565 5853 ct
2599 5813 2750 5869 seqq.
2830 5800 2848 5828 ³
2877 5796 3063 5854 Matth.
3104 5814 3260 5866 χχιιι,
3288 5799 3401 5877 55.⁴
