4110 6480
1542 413 1940 472 (ἶΟλΙΜΕΧΤΛΙ

2048 416 2193 473 RUM
2234 415 2497 472 SElllES.
3518 426 3646 477 itiﬁi

376 425 397 480 1
408 425 511 482 655

373 541 569 615 puniti.
615 536 728 591 Non
761 552 890 607 ergo
922 542 1204 605 peccatum
1230 533 1371 599 quod
1413 536 1650 601 peccavit
1682 536 1816 588 Cain
1863 537 1942 586 in-
1973 542 2014 596 Α
2044 537 2202 605 quasi
2252 535 2384 588 nihil
2435 535 2676 603 spiritale
2721 537 3008 595 habentes.
3048 541 3109 596 Et
3160 560 3283 600 vere
3338 544 3650 615 hypocrita-

3239 66 3352 70 ———-—.
3369 66 3462 72 —.——_
3481 63 3856 76 m.

372 632 645 689 tet-ficiens
686 629 903 682 fratrem
944 641 1126 687 suum,
1176 631 1271 676 aut
1302 635 1584 691 peccatum
1615 640 1804 679 eorum
1852 625 1944 693 qui

371 723 762 782 interfecerunt
791 719 1102 789 prophetas,
1129 717 1369 784 suscepit
1403 716 1521 769 haec
1546 716 1825 785 generatio
1853 715 1948 768 Ju-

370 817 613 872 daaorum
651 829 771 883 quae
806 811 905 865 fuit
945 811 996 863 in
1042 819 1285 878 tempore
1323 808 1561 873 Christi;
1605 807 1698 863 sed
1726 815 1944 876 oporte-

372 909 465 964 bat
505 904 817 976 patientiam
868 901 957 955 Dei
1001 915 1123 970 quae
1167 898 1270 953 fuit
1311 899 1364 953 in
1409 908 1567 969 gente
1613 895 1945 961 Judteorum,

371 999 512 1054 finiri
551 995 842 1059 mensuris,
875 1003 933 1047 ut
968 999 1089 1062 post
1117 992 1315 1047 multas
1346 990 1642 1045 effusiones
1666 988 1949 1058 sanguinis

372 1089 754 1160 prephetarum
787 1094 841 1139 et
869 1085 1169 1153 justorum,
1199 1099 1304 1137 non
1333 1081 1574 1136 desolata
1606 1080 1756 1150 prius
1789 1078 1949 1133 Jeru-

369 1185 534 1237 salem
565 1190 618 1234 et
647 1179 855 1242 Judaea,
904 1178 1006 1232 hoc
1051 1185 1327 1246 pateretur
1359 1185 1546 1244 postea
1593 1173 1644 1226 in
1685 1172 1947 1243 sanguine

366 1274 592 1338 Christi,
621 1281 673 1326 et
714 1279 932 1340 propter
957 1269 1060 1323 hoc
1087 1267 1472 1338 longanimiter
1500 1266 1610 1320 Deo
1640 1272 1853 1334 agente,
1887 1271 1948 1318 ut

367 1366 634 1434 accipiant
671 1362 873 1416 Scriba:
903 1370 958 1413 et
1006 1358 1293 1422 Pharisaei,
1326 1359 1522 1428 populo
1551 1356 1943 1425 complaccnte,

367 1451 684 1518 sanguinem
713 1448 1097 1517 prophetarum
1125 1445 1349 1509 Christi,
1375 1455 1429 1500 ct
1450 1445 1747 1501 secundum
1774 1443 1949 1498 Evan-

366 1542 564 1611 gelium
599 1539 923 1609 sapientium
957 1547 1009 1592 et
1055 1537 1370 1591 Scribarum
1412 1553 1549 1607 quos
1601 1537 1943 1600 occiderunt,

364 1642 419 1688 et
449 1632 856 1691 crucifixcrunt,
889 1639 940 1683 et
965 1629 1368 1697 castigaverunt
1400 1629 1452 1682 in
1486 1628 1774 1699 synagogis
1805 1631 1942 1694 suis,

363 1734 420 1779 et
451 1722 716 1794 persecuti
746 1732 874 1777 sunt
901 1721 968 1776 de
993 1722 1212 1777 civitate
1246 1722 1300 1775 in
1333 1721 1606 1776 civitatem
1635 1729 1735 1781 λιιι
1755 1720 1944 1790 ejectis

364 1818 621 1874 omnibus
653 1815 720 1869 de
769 1812 975 1875 Judzea,
1010 1813 1284 1868 desoletur
1328 1813 1481 1869 locus
1531 1821 1830 1867 evacuatus
1873 1812 1942 1867 ab

2048 638 2200 690 sunt,
2233 627 2349 680 sola
2380 628 2626 695 sepulcra
2656 631 3050 699 prophetarum
3095 638 3430 704 corporalem
3469 632 3641 685 histo-

2048 719 2186 772 riam
2215 718 2547 773 continentia
2571 721 2903 776 :rdilieantes
2925 730 2980 774 et
3003 733 3276 790 ornantcs,
3297 725 3350 779 id
3376 735 3463 780 est
3499 721 3643 776 Scri-

2045 821 2237 878 pturas
2272 810 2418 878 ipsas
2449 820 2502 865 et
2551 812 2721 868 libros
2775 814 3161 882 prophetarum
3188 818 3466 872 studentes
3496 835 3511 872 :
3548 816 3640 883 qui

2047 917 2155 956 non
2206 902 2568 971 intelligentes
2613 905 2874 973 quoniam
2929 918 3160 973 corpora
3192 916 3404 960 mortua
3445 909 3630 964 colen-

2051 1003 2149 1057 tes,
2189 994 2240 1048 id
2267 1003 2350 1050 est
2379 995 2692 1051 historialcs
2737 998 3104 1062 narrationes,
3136 997 3391 1050 videntur
3413 999 3630 1066 quidem

2047 1082 2135 1149 pie
2159 1097 2318 1152 agere
2362 1083 2510 1138 circa
2556 1085 2877 1139 memoriam
2905 1086 3316 1154 prophetarum,
3350 1086 3503 1155 impii
3537 1103 3634 1142 au-

2049 1180 2156 1227 tem
2191 1183 2318 1227 sunt
2351 1192 2364 1228 :
2393 1183 2448 1228 et
2480 1189 2591 1229 non
2618 1190 2739 1230 esse
2769 1192 2828 1231 se
2858 1177 3039 1232 socios
3073 1193 3262 1231 eorum
3289 1177 3383 1246 qui
3415 1177 3636 1234 interfe-

2047 1269 2238 1315 cerunt
2267 1263 2583 1332 prOpltetas,
2622 1279 2716 1332 per
2741 1265 2844 1321 hoc
2873 1266 3050 1336 ipsum
3107 1264 3397 1322 defendere
3426 1267 3632 1334 volunt,

2047 1363 2351 1422 arguuntur
2401 1366 2579 1409 autem
2629 1357 2947 1426 adjicientcs
2971 1375 3136 1428 super
3174 1359 3418 1414 facinora
3441 1375 3632 1415 eorum

2046 1445 2138 1513 qui
2169 1445 2558 1500 interfecerunt
2583 1450 2892 1518 prophetas,
2911 1460 2962 1505 et
2992 1452 3280 1522 implentes
3311 1467 3630 1506 mensuram

2048 1534 2354 1603 iniquitatis
2405 1535 2647 1603 ipsorum
2702 1553 2796 1605 per
2849 1539 2950 1593 hoc
2983 1541 3160 1608 ipsum
3192 1542 3339 1611 quod
3373 1557 3480 1596 non
3510 1558 3632 1597 cre-

2045 1625 2183 1680 dttnt
2206 1627 2257 1678 in
2287 1626 2588 1688 Christum,
2609 1643 2767 1695 quem
2798 1644 2902 1682 non
2931 1630 3206 1699 simplices
3234 1633 3475 1688 historize
3501 1649 3628 1704 pro-

2049 1717 2359 1786 phetarum,
2412 1715 2504 1770 sed
2558 1717 2818 1783 spiritalis
2865 1734 3054 1773 earum
3102 1721 3359 1788 praedicat
3411 1739 3628 1778 sensus.

2047 1806 2173 1861 Scio
2215 1816 2394 1860 autem
2441 1804 2810 1860 indubitanter
2845 1810 2989 1878 quod
3024 1809 3226 1878 ubique
3253 1827 3418 1871 causa
3451 1813 3630 1867 incre—

364 1907 620 1960 onmibus
689 1907 914 1967 sanctis,
974 1912 1030 1956 et
1094 1906 1334 1974 patiatur
1402 1919 1744 1974 quaecunque
1811 1911 1940 1958 sunt
1976 1898 2018 1958 Β
2048 1900 2288 1955 dulitatis
2313 1899 2626 1954 Judzeorum
2654 1901 2864 1956 exstitit
2896 1902 3020 1970 ista,
3043 1914 3106 1958 ut
3136 1919 3242 1958 non
3270 1902 3634 1972 intelligerent

366 1999 509 2068 passi
535 2013 565 2052 a
603 1996 940 2067 Vespasiano
974 2004 1028 2052 et
1057 1995 1201 2050 Tito.
1239 1993 1367 2050 Haec
1395 1995 1750 2064 corporaliter
1775 2009 1943 2065 expo—

364 2091 596 2145 suimus.

431 2179 521 2234 27.
556 2179 611 2234 Si
645 2187 824 2234 autem
851 2188 903 2234 et
928 2177 1210 2234 moraliter
1247 2177 1360 2232 haec
1400 2177 1514 2246 ipsa
1542 2186 1754 2246 oportet
1781 2193 1943 2248 expo-

364 2286 512 2335 nere,
540 2271 663 2325 talia
695 2271 939 2326 dicemus
969 2271 1022 2325 in
1080 2271 1221 2325 loco.
1272 2269 1541 2334 Arbitror,
1588 2269 1730 2325 sicut
1778 2270 1941 2326 Chri-

362 2371 480 2418 stus
523 2363 729 2417 celatus
760 2363 906 2417 venit
938 2363 990 2416 in
1024 2377 1277 2432 corpore,
1309 2371 1370 2416 ut
1408 2378 1438 2416 a
1472 2363 1785 2419 carnalibus
1816 2363 1941 2434 qui-

361 2451 483 2504 dem
519 2450 750 2520 speciem
801 2451 1050 2520 corporis
1098 2451 1217 2520 ejus
1265 2451 1684 2520 aspicientibus,
1731 2462 1784 2506 et
1831 2468 1941 2506 non

363 2543 589 2598 virtutes
628 2542 1124 2610 considerantibus,
1165 2543 1331 2596 homo
1371 2542 1669 2610 videretur,
1712 2560 1742 2598 a
1776 2545 1940 2614 spiri-

363 2634 562 2688 talibus
590 2643 770 2689 autem
803 2649 914 2688 non
949 2633 1185 2703 speciem
1216 2633 1466 2703 corporis
1512 2637 1939 2701 attendentibus,

361 2727 456 2786 sed
493 2741 653 2795 opera
688 2725 946 2779 virtutum
990 2725 1110 2794 ejus
1151 2726 1649 2792 considerantibus,
1683 2727 1827 2783 Deus
1855 2729 1942 2784 in-

361 2815 722 2884 telligeretur;
756 2816 835 2870 sic
876 2825 961 2872 est
991 2815 1172 2870 omnis
1215 2814 1499 2886 Scriptura
1531 2818 1718 2873 divina
1757 2819 1943 2876 incor-

362 2917 572 2975 porata,
604 2907 844 2962 maxime
887 2916 1069 2962 autem
1114 2906 1328 2964 Veteris
1365 2907 1722 2968 Testamenti.
1769 2911 1941 2982 Spiri-

361 2998 651 3053 talis.enim
693 3010 745 3054 et
774 2999 1126 3069 propheticus
1163 3015 1360 3057 sensus
1409 3001 1704 3073 Scriptura:
1733 3006 1941 3062 celatus

359 3101 442 3145 cst
465 3090 521 3156 in
555 3090 783 3145 historia
821 3090 898 3144 rei
932 3091 1246 3161 prepositar,
1293 3104 1352 3150 ut
1380 3096 1559 3151 omnis
1593 3095 1875 3167 Scriptura
1908 3113 1940 3152 a

361 3181 726 3236 mediocribus
757 3181 975 3251 quidem
1021 3185 1320 3240 secundum
1351 3186 1633 3241 historiam
1669 3187 1938 3258 intelliga-

2043 1992 2226 2047 Jesum
2276 1991 2433 2062 quasi
2477 1990 2757 2046 Christum
2794 1991 2911 2060 Dei,
2962 1995 3220 2064 quoniam
3265 2009 3478 2064 semper
3515 1996 3634 2050 ani-

2043 2100 2194 2139 mum
2224 2098 2386 2139 suum
2423 2082 2691 2136 dederunt
2719 2082 2863 2138 circa
2904 2084 3159 2140 historias
3185 2086 3519 2156 corporales,
3547 2085 3632 2140 ni-

2045 2173 2120 2228 hil
2148 2172 2393 2243 spiritale
2425 2171 2477 2226 in
2504 2172 2583 2227 eis
2607 2173 2828 2228 credere
2849 2175 3109 2233 volentes.
3140 2176 3361 2249 Utputa,
3389 2177 3623 2249 exempli

2044 2263 2448 2320 introducimus
2476 2278 2641 2318 causa
2681 2265 2826 2333 quod
2863 2266 2915 2321 in
2946 2265 3209 2325 Zacharia
3253 2269 3629 2341 prophetatur,

2043 2365 2099 2412 et
2128 2357 2364 2412 dicitur"
2391 2355 2549 2427 quasi
2587 2371 2752 2426 super
2780 2359 2991 2414 asinam
3031 2371 3084 2416 et
3109 2363 3316 2432 pullum
3347 2363 3628 2434 ingressu-

2045 2465 2140 2503 rus
2205 2450 2260 2503 in
2312 2449 2613 2506 Jerusalem
2642 2491 2658 2518 ,
2702 2459 2757 2506 et
2801 2453 3266 2511 ex'terminaturus
3314 2469 3511 2510 currus
3562 2470 3630 2509 cx

2044 2539 2302 2611 Ephrem,
2330 2551 2384 2596 et
2414 2559 2616 2612 equum
2661 2561 2726 2600 ex
2755 2543 3080 2601 Jerusalem.
3109 2544 3224 2601 Hoc
3272 2546 3317 2601 si
3370 2547 3494 2615 quis
3539 2562 3629 2600 se-

2043 2631 2282 2685 cundum
2335 2631 2528 2687 litterae
2574 2633 2858 2688 historiam
2888 2633 3188 2704 intelligere
3215 2633 3345 2689 velit
3373 2632 3440 2688 de
3466 2633 3630 2687 Citri-

2043 2732 2150 2785 sto,
2185 2739 2292 2776 non
2324 2724 2595 2779 convenit.
2625 2723 2736 2780 Nec
2763 2724 2908 2780 enim
2934 2725 3223 2794 exponitur
3247 2724 3500 2780 Christus
3530 2740 3627 2778 ex-

2044 2815 2368 2870 terminasse
2393 2830 2459 2870 ex
2492 2815 2729 2886 Ephrem
2757 2815 3070 2886 corporales
3097 2831 3162 2872 ac
3184 2815 3472 2872 sensibiles
3503 2832 3632 2872 cur-

2049 2924 2166 2972 rus,
2205 2922 2305 2962 nec
2351 2924 2553 2978 equum
2606 2907 2946 2978 corporalem
2981 2908 3051 2962 ab
3095 2906 3396 2963 Jerusalem
3437 2923 3632 2979 cmpo-

2043 3000 2166 3054 rali.
2203 2998 2306 3054 Sed
2337 3000 2382 3054 si
2406 3001 2610 3057 videris
2636 3001 2778 3070 apud
2821 3000 3107 3056 hmreticos
3130 3010 3431 3056 conventus
3457 3002 3628 3071 ipsius

2046 3091 2313 3147 mendacii
2343 3093 2501 3163 quasi
2541 3093 2778 3162 quodam
2805 3091 2938 3162 jugo
2965 3093 3270 3163 copulatos,
3304 3102 3360 3148 et
3389 3094 3529 3150 inter
3566 3111 3627 3150 se

2043 3185 2185 3239 male
2210 3186 2531 3250 concordes,
2557 3201 2696 3257 quos
2727 3200 2910 3240 sermo
2938 3185 3490 3252 veritatis,destruere
3529 3203 3624 3242 so-

359 3282 468 3341 tur,
498 3290 528 3328 a
559 3273 894 3343 spiritalibus
924 3283 1105 3330 autem
1133 3285 1186 3332 et
1210 3275 1465 3346 perfectis
1495 3280 1798 3334 secundum
1833 3251 1941 3351 my-
1966 3251 2009 3309 δ
2041 3275 2136 3343 let,
2165 3277 2374 3333 videbis
2397 3251 2676 3347 quomodo
2699 3276 2953 3332 Christus
2985 3275 3080 3333 Dei
3111 3251 3345 3332 Verbum
3369 3280 3628 3334 extermi-

357 3365 583 3419 sterium
609 3365 869 3434 spiritale.
891 3364 1001 3420 Hac
1017 3367 1298 3435 praemissa
1321 3367 1636 3440 praifatione
1654 3371 1941 3426 redeamus
2041 3379 2136 3424 nat
2179 3385 2378 3426 currus
2427 3371 2701 3440 spiritales
2742 3386 2808 3425 ex
2843 3369 3079 3440 Ephrem
3108 3371 3358 3440 spiritali.
3387 3369 3624 3440 Ephrem

357 3458 424 3512 ad
455 3462 704 3514 verbum.
735 3456 1006 3523 Quoniam
1047 3459 1190 3516 sicut
1217 3461 1271 3515 in
1309 3462 1444 3531 ipsis
1477 3463 1757 3532 prophetis
1785 3479 1942 3519 rece-
2039 3464 2185 3519 enim
2217 3480 2430 3534 semper
2460 3466 2512 3518 in
2546 3466 2716 3532 tigura
2750 3464 3017 3518 haeresum
3054 3464 3294 3534 ponitur,
3320 3464 3415 3534 qui
3447 3479 3506 3518 se
3539 3479 3630 3518 se-

359 3550 613 3605 dentibus
655 3550 723 3605 ab
749 3550 850 3606 hac
884 3550 1018 3616 vita,
1051 3565 1284 3622 corpora
1311 3553 1534 3623 quidem
1566 3569 1756 3609 eorum
1785 3563 1944 3610 erant
2040 3564 2373 3623 paraverunt
2399 3569 2430 3608 a
2457 3553 2661 3609 Christi
2690 3552 2954 3621 Ecclesia,
2988 3554 3134 3609 sicut
3157 3553 3392 3624 Ephrem
3422 3569 3453 3608 a
3482 3556 3625 3608 tribu

357 3644 410 3696 in
434 3643 720 3713 sepulcris,
738 3643 934 3698 anima:
959 3653 1214 3699 autemet
1233 3645 1456 3714 spiritus
1480 3645 1534 3698 in
1563 3647 1781 3715 regione
1799 3647 1942 3702 vivo-

356 3752 500 3799 rum,
521 3737 603 3791 sic
620 3746 672 3788 et
694 3736 747 3786 in
766 3734 1098 3803 prepheticis
1123 3733 1456 3789 dictionibus
1479 3746 1559 3788 est
1588 3735 1939 3790 animadver-

355 3828 598 3889 tendum,
622 3835 680 3879 ut
705 3824 943 3878 narratio
961 3823 1178 3894 quidem
1203 3837 1418 3890 eorum,
1437 3825 1735 3878 secundum
1766 3825 1940 3881 histo-

355 3921 489 3970 riam
518 3915 683 3986 847
713 3915 1040 3984 simplicem,
1072 3913 1144 3969 sit
1168 3928 1371 3984 corpus
1404 3933 1417 3968 :
1446 3914 1710 3983 spiritalis
1753 3925 1934 3970 autem

355 4022 572 4070 sensus,
619 4016 672 4061 et
727 4006 844 4076 ipsa
902 4004 1309 4074 Scripturarum
1357 4006 1548 4061 intima
1597 4007 1818 4071 veritas,
1868 4006 1940 4063 sit

353 4098 535 4152 anima
559 4107 612 4152 et
637 4099 861 4168 Spiritus
886 4098 976 4167 qui
1004 4096 1273 4152 inhabitat
1293 4097 1347 4152 in
1377 4096 1786 4154 narrationibus
1808 4097 1939 4153 sim-

355 4185 674 4258 plicioribus
732 4191 1030 4245 secundum
1078 4190 1388 4246 historiam.
1438 4189 1698 4259 Sepulcra
1751 4198 1934 4245 autem

353 4283 740 4352 prophetarum
790 4297 898 4336 non
950 4282 1394 4338 inconvenienter
1418 4298 1714 4354 possumus
1745 4282 1937 4338 existi-

2036 3643 2199 3700 Juda.
2232 3644 2324 3700 Sic
2368 3647 2513 3698 enim
2565 3647 2887 3715 spiritaliter
2934 3662 3136 3717 equum
3178 3656 3235 3702 et
3275 3661 3626 3719 ascensorem

2039 3736 2420 3808 .Egyptiorum
2454 3739 2684 3807 projecit
2714 3739 2767 3792 in
2796 3754 2946 3794 mare
2973 3754 3156 3794 sermo
3188 3739 3428 3803 divinus,
3462 3739 3515 3794 id
3541 3748 3627 3794 est

2042 3828 2267 3897 impium
2299 3828 2476 3882 virum
2507 3845 2632 3884 cum
2659 3829 2878 3884 diabolo
2907 3845 3198 3885 ascensore
3219 3838 3272 3884 et
3304 3829 3626 3900 instigatore

2037 3918 2231 3990 ipsius.
2250 3919 2342 3973 Sic
2363 3927 2416 3972 et
2438 3935 2638 3988 equum
2663 3919 3047 3974 exterminavit
3070 3919 3138 3973 ab
3160 3917 3484 3984 Jerusalem,
3500 3920 3626 3989 qui-

2036 4026 2255 4080 cunque
2300 4011 2520 4064 diabolo
2560 4010 2842 4066 ascensori
2887 4011 3168 4080 subjectus
3212 4010 3396 4075 fuerit,
3419 4018 3476 4066 et
3513 4025 3622 4064 non

2035 4101 2280 4166 Christo,
2305 4101 2448 4156 sicut
2474 4099 2546 4153 illi
2591 4100 2717 4170 equi
2762 4100 3124 4168 acceptabiles
3149 4100 3376 4167 Christi,
3402 4101 3468 4155 de
3495 4100 3619 4170 qui-

2035 4193 2138 4248 bus
2163 4191 2294 4246 dicit
2320 4189 2575 4245 Habacuc
2595 4190 2616 4221 ³
2643 4207 2658 4245 :
2687 4190 2817 4254 Quis
2837 4190 3082 4244 ascendet
3105 4207 3262 4260 super
3290 4206 3447 4261 equos
3473 4193 3624 4247 tuos?

2032 4293 2083 4338 et
2108 4283 2379 4353 equitatus
2413 4291 2532 4335 tuus
2561 4282 2789 4348 sanitas,
2821 4282 2875 4337 id
2917 4291 3001 4337 est
3023 4296 3188 4351 super
3211 4281 3491 4351 apostolos
3510 4297 3620 4337 cae-

353 4390 504 4430 mare
550 4375 756 4431 litteras
788 4376 934 4445 ipsas
963 4374 1394 4446 Scripturarum,
1423 4385 1479 4432 et
1503 4375 1694 4440 libros,
1727 4375 1780 4429 in
1813 4373 1936 4444 qui-
2035 4385 2292 4447 terosque
2336 4383 2558 4431 sanctos
2607 4373 2662 4428 in
2704 4374 2908 4443 quibus
2950 4372 3162 4428 habitat
3180 4370 3456 4430 Christus.
3483 4371 3621 4426 Pro-

351 4467 456 4522 bus
485 4467 749 4522 collocata
797 4470 1038 4524 narratio
1074 4477 1376 4540 permanet,
1417 4467 1574 4538 quasi
1599 4480 1800 4536 corpus
1828 4465 1934 4520 ali-
2033 4475 2215 4538 pterca
2229 4462 2664 4522 dicimuszﬂiin
2679 4463 2922 4518 curribus
2939 4463 3311 4533 (ostendentes
3331 4461 3616 4532 Ephrem),

349 4560 496 4630 quod
529 4561 765 4631 positum
799 4561 854 4614 in
885 4562 1170 4632 sepulcris.
1197 4559 1302 4628 Qui
1332 4574 1463 4629 ergo
1487 4557 1752 4628 spiritalia
1782 4555 1930 4611 Scri-
1960 4587 2006 4647 Β
2031 4571 2080 4616 et
2113 4561 2169 4616 Iu'
2198 4562 2255 4615 in
2282 4561 2428 4631 equis
2471 4559 2489 4630 (
2513 4558 2862 4613 ostendentes
2892 4557 3240 4613 adversarios
3266 4553 3619 4625 Jerusalem),

350 4663 655 4723 pturarum,
695 4661 751 4708 et
781 4653 1062 4708 veritatem
1089 4668 1278 4709 earum
1313 4651 1544 4706 interius
1572 4649 1802 4705 celatam
1841 4649 1928 4704 in-

349 4747 598 4817 telligunt
629 4755 692 4814 et,
715 4745 1042 4815 suscipiunt,
1067 4745 1271 4801 habent
1296 4745 1349 4798 in
1383 4758 1442 4798 se
1466 4743 1682 4797 animas
1725 4749 1780 4796 et
1817 4740 1930 4812 spi-

347 4840 488 4894 ritus
536 4839 942 4908 prophetarum,
973 4838 1076 4907 ipsi
1112 4837 1272 4908 quasi
1299 4837 1448 4904 regio
1475 4833 1775 4888 viventium
1804 4847 1930 4902 pro-

349 4933 632 5001 phetarum
667 4931 864 4986 effecti.
901 4931 1004 4998 Qui
1037 4940 1216 4986 autem
1249 4929 1339 4982 illa
1367 4943 1473 4981 non
1508 4928 1732 4996 capiunt
1755 4939 1930 4994 neque

350 5026 659 5093 requirunt,
692 5024 784 5079 sed
823 5023 1124 5093 simplicem
1150 5019 1518 5075 narrationem
1553 5027 1606 5072 et
1645 5017 1928 5072 historiam

348 5116 427 5169 rei
459 5118 630 5172 solam
683 5117 992 5184 attendunt,
1041 5129 1270 5184 corpora
1309 5111 1707 5184 prophetarum
1745 5111 1934 5166 colunt

355 5206 410 5260 in
445 5208 639 5264 litteris
687 5210 884 5280 posita,
921 5216 977 5262 et
1022 5207 1077 5260 in
1125 5205 1278 5260 libris
1331 5203 1487 5273 quasi
1521 5204 1574 5257 in
1605 5202 1930 5272 quibusdam

349 5301 634 5372 sepulcris,
657 5305 844 5372 quales
869 5301 1087 5357 fuerunt
1117 5307 1173 5354 et
1197 5297 1482 5361 Pharisa2i,
1512 5297 1604 5368 qui
1633 5305 1779 5352 recte
1799 5295 1934 5352 Pha-

351 5393 497 5448 rismi
549 5401 678 5446 sunt
723 5393 996 5463 appellati,
1031 5392 1083 5446 id
1137 5397 1223 5446 est
1269 5389 1501 5455 prazcisi,
1525 5388 1618 5458 qui
1663 5388 1928 5458 spiritalia

355 5486 741 5556 prophetarum
812 5483 1081 5556 corporali
1105 5480 1331 5537 historia
1359 5480 1740 5550 praeciderunt,
1768 5479 1927 5548 quasi

348 5577 588 5630 animam
617 5574 1003 5645 prophetarum
1033 5571 1363 5637 expellentes
1392 5584 1424 5624 a
1460 5581 1712 5638 corpore,
1746 5577 1802 5623 et
1829 5582 1927 5624 oc-

347 5667 591 5724 cidentes
654 5665 802 5735 ipsas
859 5663 1190 5735 prophetias,
1230 5672 1286 5718 et
1334 5659 1616 5717 exanimes
1661 5657 1922 5714 facientes

2036 4669 2130 4708 nos
2181 4661 2358 4707 autem
2403 4653 2460 4706 in
2512 4654 2718 4707 nomine
2764 4649 2860 4706 Dei
2906 4650 3073 4704 nostri
3115 4649 3618 4720 magniﬁcabimur:

2035 4746 2134 4814 ipsi
2163 4743 2384 4814 obligati
2405 4753 2550 4808 sunt,
2581 4754 2631 4798 et
2657 4743 2979 4807 ceciderunt,
3004 4756 3099 4795 nos
3124 4756 3242 4796 vero
3261 4740 3621 4804 surreximus,

2035 4848 2085 4894 et
2135 4838 2292 4892 erecti
2342 4853 2525 4892 sumus
2543 4839 2586 4892 '.
2633 4835 2743 4903 Qui-
2795 4833 3168 4890 testimonium
3214 4831 3318 4888 sibi
3365 4831 3616 4895 reddunt,

2035 4930 2162 5000 quia
2210 4938 2340 4984 sunt
2386 4928 2476 4984 filii
2519 4943 2710 4984 eorum
2757 4927 2850 4996 qui
2891 4923 3280 4979 interfecerunt
3303 4921 3616 4993 prophetas,

2033 5036 2128 5091 per
2154 5021 2258 5075 hoc
2285 5020 2465 5090 ipsum
2491 5019 2634 5090 quod
2658 5019 2883 5086 implent
2905 5029 3218 5069 mensuram
3247 5022 3461 5083 patrum
3487 5025 3619 5067 suo-

2033 5127 2178 5177 rum,
2210 5125 2374 5180 super
2424 5110 2642 5164 illorum
2699 5105 3134 5167 incredulitatem
3186 5102 3505 5173 adjicientcs
3536 5101 3618 5157 itt-

2035 5203 2407 5258 credulitatem
2432 5203 2486 5255 in
2523 5199 2734 5262 Jesum,
2762 5212 2885 5268 quae
2923 5211 3032 5251 non
3059 5195 3280 5250 aliunde
3307 5191 3616 5259 descendit,

2035 5295 2141 5350 nisi
2172 5310 2238 5349 ex
2269 5309 2336 5349 eo
2364 5291 2510 5363 quod
2538 5306 2646 5346 non
2678 5289 2807 5343 alibi
2839 5295 3051 5351 vacant,
3074 5285 3181 5342 nisi
3215 5285 3360 5341 circa
3389 5282 3616 5338 aedilicia

2037 5387 2413 5456 sepulcrorum
2443 5383 2900 5454 prophetieorum,
2941 5379 2993 5434 id
3017 5388 3102 5434 est
3139 5378 3284 5435 circa
3305 5375 3617 5446 diligentias

2033 5478 2475 5549 propheticarum
2511 5475 2814 5530 litterarum
2856 5469 3234 5528 tantummodo
3257 5478 3421 5539 atque
3445 5465 3615 5520 libro-

2031 5580 2176 5620 rum.
2206 5564 2309 5618 Alii
2342 5573 2520 5619 autem
2551 5573 2680 5618 sunt
2708 5563 2914 5620 Scriba:
2944 5559 3188 5617 infelices
3213 5559 3368 5631 legis,
3399 5557 3488 5612 alii
3516 5571 3616 5611 au-

2013 5667 2138 5713 tem
2175 5665 2305 5714 sunt
2333 5655 2538 5714 Scriba:
2562 5657 2654 5727 qui
2690 5658 2978 5713 mittuntur
3005 5669 3036 5710 a
3069 5651 3292 5709 Christo
3316 5649 3617 5708 secundum

437 5839 455 5869 τ
487 5836 652 5892 Zaclt.
692 5851 766 5901 Ix,
798 5837 852 5906 9,
888 5833 972 5890 10.
1049 5832 1069 5860 ⁸
1096 5833 1299 5891 llabac.
1346 5853 1428 5900 ιιι,
1469 5835 1520 5889 8.
1596 5835 1615 5866 9
1656 5831 1800 5888 Psal.
1829 5847 1941 5900 xu,
1973 5831 2026 5887 8.
