4110 6484
459 446 599 502 16ῒὸ

1621 420 1943 490 ORICENIS
1982 429 2050 484 IN
2089 428 2507 486 MATTil/EUM

3587 430 3735 488 ’1656

456 561 833 634 Evangelium,
882 559 1039 631 cujus
1088 567 1143 614 ct
1186 553 1410 626 spiritus
1459 552 1718 615 viviﬁcat,
1759 559 1813 605 et
1857 549 2035 602 littera
2070 552 2109 607 Α
2139 531 2242 615 piis
2290 545 2552 601 memoria
2600 545 2925 602 interlicitur
2964 546 3077 615 Dei,
3121 547 3345 618 quando
3374 556 3429 603 ct
3471 551 3739 620 templum

460 674 571 711 non
618 656 815 712 occidit
864 655 1006 709 sicut
1054 653 1228 706 littera
1280 648 1453 716 legis;
1488 645 1748 715 quoniam
1800 643 2034 696 litteram

460 748 597 819 legis
627 756 936 817 sequentes,
984 745 1038 797 in
1068 741 1438 796 infidelitatem
1472 747 1525 791 et
1557 738 1610 790 in
1638 751 1810 790 vanas
1844 748 2038 803 super-

463 840 712 893 stitiones
764 837 1070 890 incurrunt.
1104 833 1366 887 Litteram
1419 838 1601 883 autem
1636 826 1914 895 Evangelii
1945 824 2039 894 qui

464 937 785 997 sequuntur,
832 926 883 980 id
946 935 1030 980 est
1073 925 1374 993 simplicem
1431 918 1799 975 narrationem
1846 914 2039 983 ipsius,

463 1022 765 1084 salvantur,
807 1018 1066 1087 quoniam
1100 1025 1154 1071 et
1197 1016 1312 1085 ipsa
1348 1013 1463 1068 sola
1493 1008 1768 1079 Evangelii
1801 1006 2043 1060 narratio

463 1111 693 1180 simplex
725 1108 923 1165 sullicit
953 1105 1382 1177 simplicioribus
1415 1103 1481 1156 ad
1513 1100 1765 1154 salutem.
1792 1094 1858 1150 Et
1886 1111 1931 1148 st
1957 1093 2041 1147 vi:

463 1201 610 1257 deris
643 1200 862 1255 Scribas
890 1201 1023 1270 legis
1050 1207 1105 1253 ct
1126 1195 1434 1251 Pharisaeos
1464 1202 1685 1261 agentes
1724 1202 1832 1242 nou
1864 1187 2041 1241 solum

462 1270 1031 1362 adverSussapientes
1079 1286 1355 1357 Evangelii
1390 1292 1460 1340 -ει
1511 1297 1633 1353 quae
1680 1279 1881 1336 Christi
1916 1286 2046 1333 sunt

463 1386 870 1455 prophetantes,
900 1383 994 1443 sed
1025 1382 1186 1436 etiam
1221 1381 1483 1434 adversus
1518 1374 1737 1429 Seribas
1765 1370 1900 1424 Novi
1943 1369 2046 1424 Te-

463 1478 742 1542 stamenti,
779 1476 985 1530 videbis
1029 1470 1327 1543 quomodo,
1359 1475 1621 1533 quantum
1669 1464 1735 1517 ad
1794 1477 1873 1524 se,
1903 1460 2048 1516 occi-

464 1572 600 1624 dunt
643 1568 846 1623 Christi
894 1566 1203 1638 prophetas,
1240 1571 1293 1616 et
1337 1559 1560 1615 Sci-ibas
1602 1555 1928 1625 cruciﬁgunt
1951 1569 2047 1623 per

464 1663 856 1717 detractionem
892 1659 1179 1714 verborum
1214 1668 1461 1717 suorum,
1510 1649 1782 1719 ﬂagellant
1811 1648 1863 1700 in
1913 1660 2045 1716 syn-

465 1751 653 1820 agogis
685 1749 818 1803 suis.
853 1747 1186 1816 Frequenter
1216 1756 1347 1813 ergo
1375 1740 1565 1794 audire
1592 1747 1674 1793 est
1703 1736 1845 1806 apud
1876 1735 2048 1788 haere-

465 1858 574 1907 ses,
608 1841 699 1910 qui
734 1849 858 1894 sunt
898 1837 1170 1908 spiritales
1213 1832 1498 1897 Pharisazi,
1540 1830 1812 1901 quomodo
1841 1826 2044 1895 linguis

464 1934 579 1989 suis
624 1933 778 2002 quasi
835 1930 1159 2000 quibusdam
1212 1925 1531 1981 verberibus
1591 1922 1895 1992 maliloqnii
1956 1920 2041 1973 sui

463 2024 806 2080 Christianos
836 2023 1126 2094 ﬂagellant,
1152 2029 1207 2075 et
1233 2024 1634 2091 persequuntur
1661 2016 1726 2070 de
1750 2014 1968 2070 civitate
1990 2013 2045 2067 in

464 2117 759 2178 civitatem,
810 2113 1080 2168 interdum
1130 2110 1350 2182 quidem
1407 2118 1462 2164 et
1513 2105 1901 2177 corporaliter,
1948 2105 2047 2158 ali-

466 2206 688 2274 quando
733 2214 913 2259 autem
966 2203 1304 2273 spiritaliter,
1340 2203 1584 2257 volentes
1628 2214 1724 2253 eos
1778 2197 2048 2268 expellere

466 2296 626 2366 quasi
676 2297 742 2352 de
785 2297 1005 2366 propria
1035 2297 1255 2351 civitate
1290 2294 1422 2364 legis
1455 2304 1509 2348 et
1548 2293 1961 2362 prophetarum,
1993 2298 2049 2345 et

469 2388 770 2459 Evangelii,
800 2397 853 2442 et
880 2389 1272 2457 apostolorum,
1303 2397 1356 2441 ct
1386 2386 1441 2440 in
1468 2385 1628 2440 aliam
1656 2393 1707 2439 ct
1733 2391 2046 2438 cxtraneam

469 2483 759 2551 quamdam
820 2480 1092 2535 civitatem
1147 2478 1424 2548 Evangelii
1483 2477 1716 2546 alicujus
1779 2474 2048 2539 alterius,

469 2573 822 2628 mendacibus
872 2571 1320 2642 persuasionibus
1362 2569 1478 2625 suis
1529 2568 1685 2638 quasi
1721 2566 2051 2639 persecutio-

471 2664 631 2718 uibus
676 2663 900 2733 pellunt.
935 2662 1245 2716 Secundum
1291 2661 1433 2730 quod
1474 2669 1528 2714 et
1570 2659 1863 2729 Apostolus
1900 2656 2050 2711 dice-

470 2755 624 2810 bat"
667 2765 886 2826 propter
935 2755 1100 2810 falsos
1137 2754 1453 2824 apostolos:
1482 2751 1650 2804 Miror
1672 2751 1810 2821 quod
1843 2750 1921 2803 sic
1948 2749 2051 2802 cito

472 2847 869 2917 transferamini
910 2865 941 2901 a
971 2847 1150 2918 gratia
1184 2844 1277 2900 Dei
1320 2846 1413 2916 qui
1444 2861 1533 2898 vos
1574 2843 1775 2897 vocavit
1806 2841 1874 2895 ad
1902 2840 2052 2895 aliud

474 2935 837 3007 Evangelium,
866 2937 1003 3008 quod
1049 2952 1153 2990 non
1197 2947 1273 2990 est
1319 2934 1493 3000 aliud,
1536 2935 1640 2987 nisi
1682 2942 1802 2987 sunt
1834 2930 2053 3002 quidam

471 3030 560 3098 qui
609 3033 922 3083 conturbant
967 3044 1077 3083 vos.
1111 3027 1337 3098 Propter
1377 3026 1522 3097 quod
1563 3025 1740 3080 veniet
1768 3039 1932 3093 super
1960 3036 2054 3077 eos

473 3122 654 3176 ntnuis
675 3121 896 3190 sanguis
913 3121 1115 3190 justus,
1133 3134 1295 3189 quem
1321 3116 1606 3172 effundunt
1628 3130 1721 3184 per
1744 3116 1848 3169 hoc
1874 3115 2053 3183 ipsum

473 3214 617 3282 quod
653 3224 895 3268 evertere
931 3215 1113 3267 volunt
1148 3210 1429 3265 veritatem
1474 3207 1905 3277 Scripturarum,
1935 3221 2057 3276 qua:

476 3313 622 3356 recte
666 3302 891 3370 sanguis
922 3310 976 3353 et
1022 3300 1130 3353 vita
1177 3301 1377 3354 dicitur
1429 3297 1860 3367 Sci-ipturarum,
1927 3297 2058 3367 quia

477 3392 659 3446 clunis
691 3389 994 3461 Scriptura,
1020 3391 1188 3464 8&8
1212 3391 1315 3445 nisi
1349 3390 1645 3444 secundum
1669 3389 1948 3443 veritatem
1972 3390 2058 3443 iu-

478 3481 772 3550 telligatur,
822 3490 1035 3534 mortua
1087 3490 1189 3535 est.
1244 3479 1540 3533 Eii‘undunt
1593 3493 1723 3549 ergo
1778 3480 2057 3534 veritatem

480 3572 886 3643 Scripturarum
918 3573 1077 3642 quasi
1103 3574 1421 3643 sanguinem
1446 3587 1656 3639 earum,
1683 3572 1827 3627 sicut
1853 3572 2061 3627 effusus

475 3672 559 3718 cst
597 3663 818 3734 sanguis
858 3664 1010 3718 Abel.
1047 3663 1113 3718 Et
1146 3680 1254 3719 non
1284 3664 1458 3720 solum
1486 3673 1617 3718 tunc
1647 3672 1755 3718 vos
1780 3662 2061 3735 sanguinis

476 3754 610 3809 Abel
653 3754 924 3808 clamabat
971 3752 1038 3807 ad
1084 3753 1278 3815 Deum.
1313 3754 1406 3809 sed
1439 3768 1652 3823 semper
1683 3753 1884 3808 veritas
1915 3752 2063 3806 Scri-

478 3854 762 3912 pturarum
819 3845 888 3898 ab
930 3844 1115 3913 impiis
1161 3844 1356 3909 clfusa,
1395 3844 1694 3899 secundum
1743 3844 1888 3913 quod
1923 3843 2064 3897 disi-

478 3949 622 3999 mus,
647 3949 677 3987 a
709 3935 973 4004 sanguine
1004 3935 1231 3998 Christi,
1279 3936 1328 3988 id
1371 3944 1456 3990 est
1498 3951 1530 3989 a
1564 3936 1791 3989 veritate
1823 3933 2064 4004 Evange-

481 4026 537 4078 lii
568 4035 763 4095 (τωρωι,
789 4041 881 4094 per
903 4040 1094 4080 onmes
1121 4024 1433 4095 Scripturas
1462 4026 1767 4096 interpellat
1795 4026 1863 4080 ad
1896 4026 2063 4079 Deum

479 4117 744 4172 adversus
772 4132 866 4172 eos
902 4117 995 4186 qui
1026 4125 1269 4171 avertere
1308 4132 1429 4171 eam
1461 4116 1686 4180 volunt;
1741 4127 1797 4170 et
1840 4117 2064 4186 sanguis

481 4210 812 4275 testamenti,
868 4209 919 4264 id
961 4221 1047 4263 est
1098 4210 1301 4263 veritas
1352 4207 1769 4277 Seripturarum’
1792 4208 2066 4277 propheti-

474 4315 690 4366 carum,
727 4301 989 4353 adversas
1021 4313 1116 4353 eos
1142 4297 1235 4368 qui
1267 4297 1605 4350 immundam
1635 4311 1757 4349 eam
1785 4297 2068 4351 existinm-

480 4399 697 4457 verunt,
727 4399 783 4444 et
811 4391 1103 4444 noluerunt
1125 4387 1457 4444 sanctiticari
1486 4388 1537 4441 in
1565 4403 1627 4443 ea
1653 4391 1810 4458 quasi
1852 4391 1908 4443 in
1936 4402 2063 4444 san-

479 4484 647 4553 guine
681 4482 802 4535 vivo
826 4489 880 4535 et
909 4480 1291 4534 sanetillcanti.
1322 4479 1414 4535 Sic
1442 4479 1727 4535 effundunt
1749 4482 1908 4535 etiam
1940 4497 2069 4536 san-

2140 636 2233 690 Dei
2262 653 2291 691 a
2321 638 2543 693 lascivis
2572 640 2969 708 corrumpitur,
3002 649 3055 694 et
3100 640 3273 694 altare
3308 640 3482 709 ipsius
3518 656 3616 710 per
3641 658 3741 697 ne-

2138 728 2453 798 gligentiam
2520 730 2833 783 orationum
2905 730 3245 785 sordidatum
3321 732 3740 802 coinquinatur,

2140 820 2356 890 quando
2401 827 2457 873 et
2499 820 2675 874 oratio
2723 820 2956 890 alicujus
3002 820 3062 875 iit
3113 822 3166 874 in
3210 831 3494 891 peccatum
3531 823 3737 892 ipsius;

2139 910 2284 964 sicut
2325 919 2379 964 et
2412 911 2481 965 de
2522 911 2767 965 oratione
2795 910 2949 965 Juda:
2993 912 3199 967 dictum
3231 912 3418 968 est":
3456 911 3524 967 Et
3558 915 3741 968 oratio

2140 1017 2255 1070 ejus
2284 1001 2381 1071 ﬁat
2409 1003 2464 1055 in
2500 1011 2773 1070 peccatum
2807 1004 2942 1073 ejus.

2210 1090 2302 1144 28.
2343 1090 2659 1155 Jerusalem,
2688 1091 3008 1159 Jerusalem,
3045 1108 3164 1164 qum
3194 1094 3394 1148 occidis
3424 1095 3737 1165 prophetas,

2141 1192 2190 1237 et
2217 1183 2427 1251 lapidas
2449 1199 2536 1237 eos
2567 1185 2657 1253 qui
2685 1185 2754 1238 ad
2779 1193 2827 1238 te
2859 1186 3167 1253 mittuntur,
3197 1185 3400 1257 quoties
3431 1188 3572 1242 volui
3605 1205 3743 1241 con-

2144 1293 2360 1349 gregare
2380 1276 2521 1348 ﬁlios
2552 1287 2690 1343 tuos,
2719 1279 2856 1331 sicut
2878 1277 3081 1348 gallina
3103 1291 3381 1350 congregat
3416 1280 3590 1350 pullos
3610 1301 3738 1341 suos

2143 1368 2238 1422 sub
2267 1385 2484 1439 pennas,
2508 1378 2555 1423 et
2584 1370 2803 1424 noluisti
2826 1372 2850 1422 ?
2874 1368 3007 1423 Ecce
3032 1370 3355 1441 relinquetur
3381 1372 3524 1426 vobis
3546 1374 3740 1430 damus

2145 1471 2315 1515 vestra
2354 1462 2579 1515 deserta.
2620 1461 2747 1514 Dico
2773 1463 2910 1516 enim
2942 1461 3107 1525 vobis,
3132 1464 3385 1532 quoniam
3413 1465 3605 1519 amodo
3633 1481 3740 1522 non

2146 1568 2227 1607 me
2263 1552 2508 1607 videbitis
2554 1552 2718 1606 donec
2760 1553 2954 1606 dicatis
2983 1568 3002 1606 :
3031 1554 3350 1609 Benedictus
3385 1555 3476 1625 qui
3515 1559 3651 1611 venit
3681 1560 3739 1613 in

2147 1645 2363 1698 nomine
2404 1644 2618 1699 Domini
2642 1645 2707 1700 “.
2762 1643 2996 1716 Dignum
3049 1656 3132 1701 est
3179 1661 3425 1716 quaerere
3462 1650 3740 1719 quomodo

2147 1751 2334 1791 coram
2389 1736 2736 1791 auditoribus
2794 1738 3026 1807 loquens
3083 1735 3355 1804 Salvator,
3403 1740 3546 1795 inter
3598 1755 3741 1810 quos

2147 1835 2302 1881 erant
2334 1825 2542 1882 Scriba;
2570 1836 2623 1882 et
2649 1826 2932 1892 Pharisaei,
2981 1829 3073 1898 qui
3107 1827 3483 1899 gloriabantur
3516 1846 3640 1902 quae
3663 1833 3743 1888 le-

2151 1915 2233 1985 gis
2260 1924 2391 1969 sunt
2418 1923 2473 1969 et
2507 1917 2895 1984 prophetarum
2935 1926 3094 1971 caute
3122 1933 3472 1987 cognoscere,
3504 1936 3613 1990 qua
3643 1938 3739 1977 ra-

2152 2008 2297 2061 tione
2326 2006 2467 2061 dixit
2494 2006 2796 2063 Jerusalem
2829 2008 3100 2065 occidisse
3140 2012 3454 2079 prophetas,
3501 2020 3558 2066 et
3600 2013 3740 2083 lapi-

2151 2099 2312 2153 dasse
2355 2098 2423 2152 ad
2468 2113 2528 2153 se
2582 2098 2958 2162 transmissos,
2989 2114 3114 2153 cum
3158 2114 3267 2153 non
3300 2100 3433 2154 satis
3461 2101 3585 2155 talis
3613 2117 3743 2171 pro-

2153 2193 2404 2261 phetetur
2438 2190 2668 2245 historia
2700 2191 2753 2243 in
2784 2190 3087 2259 Scripturis
3130 2190 3406 2259 veteribus
3441 2208 3564 2262 qua:
3591 2193 3741 2265 lege-

2154 2284 2352 2337 bantur
2397 2283 2451 2336 in
2478 2281 2781 2353 synagogis
2805 2297 3020 2336 eorum.
3057 2280 3114 2335 ln
3151 2282 3329 2338 lacum
3368 2284 3585 2354 quidem
3637 2287 3734 2341 ltiti

2155 2375 2383 2431 missum
2416 2371 2705 2429 Jeremiam
2740 2375 2994 2442 legimus,
3021 2389 3129 2428 non
3164 2383 3344 2429 tamen
3394 2373 3732 2430 interfectum

2154 2483 2209 2520 in
2242 2465 2565 2521 Jerusalem.
2596 2465 2705 2521 Sed
2754 2481 2856 2522 nec
2900 2465 3118 2531 lsaiam,
3151 2467 3237 2522 vel
3266 2466 3625 2536 Ezechielem,
3647 2469 3737 2524 vel

2156 2559 2391 2628 aliquem
2433 2558 2822 2630 pr0phetarum
2857 2557 2964 2613 tale
2992 2558 3197 2627 aliquid
3236 2559 3468 2629 legimus
3494 2574 3741 2630 passum,

2157 2650 2211 2703 in
2244 2658 2509 2719 quantmn
2558 2648 2800 2718 suggerit
2851 2649 3112 2703 memoria
3163 2660 3305 2704 mea.
3334 2647 3441 2704 Sed
3491 2658 3746 2706 scrutatis

2158 2741 2213 2795 in
2248 2741 2487 2796 secundo
2509 2741 2650 2795 libro
2679 2740 3165 2811 Paralipomenon,
3197 2740 3289 2795 ubi
3318 2741 3491 2796 multa
3517 2741 3588 2796 de
3618 2756 3746 2812 pro-

2160 2832 2336 2902 phetis
2382 2832 2547 2888 claris
2600 2833 2798 2903 scripta
2855 2840 3004 2895 sunt,
3055 2833 3275 2887 invenio
3311 2832 3576 2903 quoniam
3638 2834 3747 2889 Asa

2162 2923 2333 2978 iratus
2395 2923 2664 2977 Ananiam
2721 2924 3039 2993 prophetam
3088 2938 3146 2977 se
3198 2934 3515 2994 argtmttem
3569 2928 3751 2995 posuit

2161 3014 2379 3083 quidem
2428 3013 2482 3066 in
2516 3028 2814 3082 carcerem,
2849 3014 2986 3067 nihil
3019 3022 3203 3068 tamen
3249 3015 3487 3084 amplius
3536 3016 3664 3072 fecit
3693 3019 3750 3071 in

2161 3122 2308 3162 eum.
2341 3106 2445 3163 Sed
2471 3116 2526 3162 et
2550 3106 2829 3162 Michazam
2877 3107 3066 3163 Achab
3110 3108 3525 3177 pr0phetantem
3559 3110 3751 3165 adver-

2163 3215 2259 3255 sus
2300 3214 2377 3266 se,
2410 3199 2577 3270 jussit
2620 3199 2840 3268 quidem
2889 3199 2943 3252 in
2992 3200 3218 3253 domum
3270 3201 3510 3255 carceris
3556 3201 3656 3265 ire,
3697 3212 3753 3256 et

2164 3294 2494 3349 manducare
2523 3308 2718 3363 panem
2749 3292 3140 3356 tribulationis,
3174 3306 3281 3345 non
3319 3299 3499 3347 tamen
3528 3303 3583 3345 et
3607 3292 3759 3347 occi-

2163 3386 2262 3440 dit.
2294 3384 2474 3440 Unum
2505 3392 2685 3439 autem
2735 3378 2967 3454 legimus
3009 3384 3305 3453 lapidatum
3342 3382 3665 3438 Zachariam
3694 3386 3754 3438 it-

2162 3478 2297 3532 lium
2346 3475 2551 3531 Joiadae
2596 3475 2922 3540 sacerdotis,
2962 3476 3222 3545 populum
3265 3486 3604 3544 arguentem.
3634 3473 3756 3531 Non

2162 3583 2295 3641 ergo
2322 3571 2632 3624 invenimus
2661 3569 2715 3623 in
2737 3567 3041 3624 Jerusalem
3067 3568 3362 3637 prophetas
3387 3568 3605 3624 occisos
3639 3582 3756 3622 am-

2164 3661 2328 3731 plius,
2349 3659 2435 3714 vel
2460 3658 2749 3728 Iapidatos,
2776 3668 3138 3728 praeterquam
3163 3653 3277 3712 dixi
3303 3657 3661 3713 transmissos
3688 3657 3758 3712 ad

2166 3752 2493 3808 Jerusalem.
2519 3749 2815 3820 Propterea
2839 3748 3133 3803 videndum
3156 3763 3226 3803 ne
3253 3746 3324 3802 ΐοι
3339 3756 3390 3803 te
3413 3756 3665 3818 Oporteat
3684 3763 3755 3803 ex

2166 3844 2320 3899 libris
2344 3842 2731 3898 secretioribus
2753 3840 2846 3910 qui
2870 3838 3013 3909 apud
3036 3827 3256 3893 Iudaeos
3284 3837 3554 3904 feruntur,
3569 3847 3762 3893 osten-

2166 3936 2294 3990 dere
2313 3935 2541 3989 verbum
2559 3932 2786 3997 Christi,
2818 3939 3001 3987 etnon
3028 3931 3205 3985 solum
3229 3928 3455 3997 Christi,
3480 3931 3574 3986 sed
3592 3931 3761 3985 etiam

2166 4027 2565 4097 discipulorum
2609 4025 2751 4095 ejus,
2803 4024 3063 4093 Stephani
3111 4036 3331 4093 quoque
3388 4023 3666 4095 martyris,
3706 4032 3764 4079 et

2168 4116 2321 4172 Pauli
2346 4116 2600 4186 apostoli.
2627 4115 2941 4186 Stephanus
2975 4116 3120 4169 enim
3164 4117 3244 4171 sic
3273 4113 3465 4170 dicit"
3494 4131 3509 4168 :
3541 4114 3585 4168 0
3619 4113 3761 4168 dura

2167 4211 2382 4273 cervice,
2409 4217 2460 4262 et
2495 4224 2599 4262 non
2626 4208 2929 4261 circumcisi
2963 4207 3121 4261 corde
3146 4216 3196 4263 et
3230 4192 3472 4269 auribus,
3500 4222 3589 4261 vos
3623 4221 3764 4259 sent-

2168 4322 2261 4377 per
2303 4306 2531 4376 Spiritui
2578 4312 2765 4360 sancto
2802 4304 3076 4358 restitistis
3102 4344 3116 4370 ,
3168 4304 3306 4357 sicut
3350 4312 3526 4373 patres
3577 4301 3760 4357 vestri.

2170 4397 2335 4461 Quem
2363 4397 2502 4449 enim
2535 4394 2911 4464 praphetarum
2936 4407 3038 4446 non
3070 4404 3192 4446 sunt
3224 4392 3529 4462 persecuti?
3574 4392 3641 4445 Et
3672 4406 3766 4445 oc-

2169 4489 2410 4542 ciderunt
2433 4503 2520 4541 eos
2559 4488 2650 4556 qui
2691 4485 3081 4540 annuntiabant
3102 4485 3382 4539 adventum
3412 4482 3584 4547 Justi,
3609 4483 3763 4552 cujus

481 4575 703 4641 guinem
737 4570 1035 4633 Zachariae,
1069 4572 1159 4640 qui
1207 4571 1594 4641 interpretatur
1640 4575 1894 4627 memoria
1948 4573 2063 4628 Dei.
2100 4593 2144 4651 ι)
2172 4595 2308 4632 nunc
2330 4592 2419 4632 vos
2445 4578 2740 4647 proditores
2771 4587 2819 4630 et
2859 4574 3219 4645 interfectores
3243 4578 3396 4631 estis.
3428 4574 3496 4629 Et
3521 4585 3639 4646 post
3667 4576 3765 4629 hoc

478 4662 677 4724 Omnis
704 4667 851 4716 eulm
884 4661 977 4730 qui
1017 4662 1334 4715 memoriam
1369 4662 1463 4717 Dei
1504 4663 1727 4730 perdere
1756 4663 1975 4718 festinat
2010 4665 2062 4717 in

482 4757 566 4810 eis
617 4768 758 4825 quos
791 4754 1145 4817 scandalizat,
1180 4752 1457 4810 Zachariae
1491 4756 1814 4826 sanguinem
1856 4756 2067 4811 videtur

481 4847 773 4901 eﬂ'undere
808 4845 901 4900 lilii
936 4844 1235 4913 Barachite,
1268 4847 1361 4917 qui
1408 4856 1463 4902 et
1514 4847 1632 4916 ipse
1675 4847 2067 4916 interpretatur

485 4939 775 4992 benedictio
826 4938 941 4993 Dei.
998 4937 1101 4993 Per
1151 4939 1584 4993 benedictionem
1650 4937 1743 4993 Dei
1796 4954 2066 4994 memores

481 5031 829 5087 sumusvbei.
861 5031 917 5086 Si
944 5041 1126 5088 autem
1159 5046 1261 5088 nec
1297 5032 1428 5087 Abel
1456 5046 1652 5086 nomen
1698 5032 2065 5088 indiscussutn

484 5122 749 5177 debemus
780 5124 1107 5193 relinquere,
1144 5124 1379 5179 dicimus
1423 5125 1682 5193 quoniam
1721 5124 1857 5179 Abel
1894 5124 2067 5179 luctus

486 5213 897 5286 interpretatur.
917 5214 1021 5281 Qui
1043 5230 1175 5286 ergo
1200 5216 1427 5284 suscipit
1452 5215 1597 5285 quod
1614 5216 1874 5285 scriptum
1901 5226 1986 5272 est
2001 5219 2066 5271 “z

456 5304 643 5391 ,Βραιὶ
671 5306 762 5375 qui
794 5305 993 5375 lugent,
1028 5306 1199 5359 salvat
1225 5304 1394 5373 Abel;
1429 5306 1521 5375 qui
1560 5314 1740 5361 autem
1782 5323 1889 5361 non
1930 5310 2071 5362 reci-

488 5395 587 5464 pit,
627 5396 944 5465 sanguinem
977 5394 1204 5450 eﬂ‘undit
1228 5395 1380 5458 Abel,
1419 5397 1524 5451 hoc
1556 5409 1639 5452 est
1671 5398 1951 5453 veritatem
1986 5400 2071 5453 lu-

486 5495 613 5539 ctus
660 5485 937 5539 salutaris.
976 5482 1288 5553 Propterea
1338 5483 1649 5552 implebitur
1690 5500 1857 5554 super
1891 5485 2069 5554 ipsum

489 5574 634 5643 quod
668 5573 954 5630 scribit“:
1001 5570 1089 5628 Vw
1118 5572 1261 5627 vobis
1304 5574 1392 5643 qui
1415 5574 1597 5628 ridetis
1629 5590 1786 5639 nunc,
1823 5575 2073 5644 quoniam

489 5664 751 5734 plangetis
777 5675 825 5719 et
854 5665 1071 5735 ﬂebitis.
1110 5665 1255 5721 lnter
1276 5666 1537 5736 templum
1580 5679 1636 5721 et
1658 5666 1830 5722 altare
1863 5667 1933 5720 ab
1964 5666 2070 5721 im-

496 5812 531 5844 .7
592 5774 636 5807 ¹⁶
675 5775 796 5833 Gal.
836 5793 877 5841 ι,
914 5777 968 5840 6,
1007 5778 1062 5832 7.
1149 5779 1189 5809 ¹¹
1235 5776 1427 5835 Matth.
1467 5794 1518 5844 v,
1546 5779 1602 5832 5.

498 5843 544 5876 "
586 5845 700 5899 Act.
735 5863 829 5911 vlt,
860 5848 919 5902 5|
956 5856 1009 5901 et
1040 5863 1153 5920 seq.
1236 5850 1278 5879 ¹⁶
1320 5865 1378 5911 Il,
1416 5843 1625 5913 15,15.

1682 5780 1724 5811 ¹¹
1765 5777 1901 5834 Luc.
1943 5796 2018 5845 vi,
2074 5782 2165 5837 25.

1706 5850 1744 5880 ιτ
1788 5865 1861 5915 χι,
1899 5850 1989 5917 57,
2023 5852 2110 5908 58.

2171 4671 2486 4741 expulerunt
2530 4685 2651 4723 eum
2688 4681 2840 4724 extra
2876 4671 3166 4734 civitatem,
3209 4677 3259 4721 et
3288 4668 3603 4737 lapidabant
3638 4667 3762 4723 Ste-

2171 4761 2404 4829 pltanum
2457 4762 2797 4829 clamantem,
2841 4771 2892 4816 et
2937 4762 3220 4816 dicentem.
3258 4759 3461 4815 Paulus
3490 4768 3674 4814 autem
3707 4760 3764 4813 in

2172 4851 2416 4922 Epistula
2449 4854 2514 4907 ad
2548 4851 3070 4908 Thessalonicenses
3102 4852 3275 4923 prima
3294 4852 3360 4918 “,
3414 4852 3484 4907 de
3538 4848 3763 4906 interie-

2171 4948 2353 5001 ctione
2391 4947 2780 5015 prophetarum
2816 4947 2941 5000 talia
2971 4947 3150 5001 dicit:
3195 4944 3292 4999 Vos
3335 4945 3627 4999 imitatores
3672 4943 3761 5013 fa-

2175 5039 2246 5090 cti
2257 5038 2382 5091 estis
2412 5036 2774 5091 Ecclesiarum
2800 5037 2918 5100 Dei,
2943 5053 3060 5108 qua:
3079 5045 3203 5091 sunt
3226 5038 3281 5089 in
3302 5034 3501 5091 Indica
3528 5036 3587 5091 in
3610 5034 3766 5091 Citri-

2176 5126 2406 5181 stoJesu
2436 5143 2455 5180 :
2478 5130 2728 5197 quoniam
2756 5128 2939 5183 eadem
2969 5130 3116 5199 passi
3143 5129 3267 5183 estis
3295 5136 3344 5181 et
3380 5144 3537 5183 vos-a
3568 5128 3770 5182 contri-

2179 5217 2388 5270 bulibus
2415 5218 2626 5281 vestris,
2653 5220 2790 5271 sicut
2818 5230 2869 5273 et
2909 5219 3014 5289 ipsi
3034 5236 3066 5272 a
3100 5217 3330 5285 Judwis,
3372 5219 3463 5288 qui
3495 5228 3545 5272 et
3576 5217 3766 5272 Domi-

2180 5324 2306 5361 num
2335 5308 2637 5363 occiderunt
2672 5308 2861 5364 Iesum
2889 5320 2937 5364 et
2965 5310 3264 5380 prophetas,
3291 5318 3342 5364 et
3382 5326 3477 5364 nos
3508 5311 3769 5380 persecuti

2178 5408 2326 5462 sunt,
2360 5409 2411 5453 et
2445 5399 2554 5455 Deo
2586 5416 2691 5455 non
2711 5401 2941 5471 placent.
2973 5400 3055 5455 Ad
3085 5401 3343 5457 Hebraeos
3368 5410 3550 5456 autem
3581 5404 3655 5456 ita
3674 5401 3715 5433 ιτ
3750 5419 3768 5454 :

2178 5489 2436 5557 Lapidati
2459 5504 2603 5560 sunt,
2621 5494 2750 5547 secti
2774 5503 2918 5559 sunt,
2943 5493 3132 5547 tentati
3163 5504 3306 5558 sunt,
3335 5494 3391 5547 in
3415 5492 3598 5564 gladio
3620 5509 3768 5546 mor-

2181 5583 2259 5635 tui
2290 5591 2432 5637 sunt.
2458 5581 2797 5638 Circuierunt
2824 5585 2880 5638 in
2911 5584 3142 5649 metatis,
3178 5584 3235 5637 in
3259 5583 3481 5653 pellibus
3510 5583 3771 5653 caprinis,

2177 5686 2382 5745 egentes
2420 5685 2470 5730 et
2500 5676 2819 5747 angustiati,
2850 5675 3031 5746 a/ﬂicti
3064 5676 3358 5742 doloribus,
3395 5691 3619 5746 quorum
3640 5690 3771 5728 dum

2245 5787 2289 5820 ¹³
2326 5787 2472 5845 Psal.
2532 5804 2687 5857 cvm,
2739 5788 2787 5841 7.
2866 5789 2912 5820 “
2950 5788 3139 5846 Matth.
3196 5804 3358 5856 uin,
3410 5787 3480 5844 57
3532 5796 3586 5844 et
3647 5803 3767 5859 seq.
