4110 6408
355 382 491 438 ΙϐὃἹ

1510 366 2168 425 (ΖΟΜΜΕΝΤᾹΒῙΟΠΕΜ
2205 365 2472 423 SERIES.

3499 367 3632 421 I658

359 509 459 558 ⁴ἰιιι
496 502 686 573 dignus
715 499 967 562 mundus,
995 498 1048 550 in
1072 493 1452 549 solitudinibus
1486 503 1748 557 errantes,
1790 501 1838 545 et
1887 491 1942 544 in
1976 503 2014 551 Α
2047 490 2306 557 quoniam
2352 505 2459 543 non
2496 487 2642 557 capit
2672 503 2796 541 cum
2845 488 2937 553 qui
2968 497 3053 544 est
3083 496 3237 545 extra
3282 489 3587 545 Jerusalem
3613 533 3627 551 ,

356 599 643 659 montibus,
673 605 723 649 et
757 592 1036 663 speluncis,
1081 598 1129 641 et
1170 588 1331 656 faucis
1365 596 1538 641 terrae.
1577 585 1771 639 Fertur
1812 599 1943 653 ergo

361 702 413 739 Ill
446 683 747 755 Scripturis
778 697 887 735 non
923 676 1230 734 manifestis
1262 686 1530 731 serratum
1564 691 1688 731 esse
1721 675 1941 740 Isaiam,

360 789 415 830 et
438 774 760 831 Zachariam
794 773 1058 834 occisum,
1094 778 1147 823 et
1183 768 1545 825 Ezccliielem.
1569 768 1823 822 Arbitror
1851 782 1946 821 au-

362 880 468 921 tem
503 866 764 921 circuisse
787 865 839 917 in
864 863 1099 928 melotis,
1129 863 1183 915 in
1214 861 1450 930 pellibus
1474 859 1716 928 caprinis
1744 858 1943 925 Eliam,

363 957 534 1024 quiin
566 955 856 1010 solitudine
880 952 1013 1007 etin
1045 953 1324 1007 montibus
1359 950 1673 1021 vagabatur.
1712 947 1817 1004 Sed
1850 965 1949 1020 po-

365 1063 433 1101 ne
462 1047 698 1116 aliquem
730 1045 989 1100 abdicare
1024 1044 1321 1114 Epistolam
1354 1043 1419 1096 ad
1464 1043 1745 1105 Hebraeos,
1785 1042 1947 1113 quasi

366 1152 472 1191 non
504 1136 679 1199 Pauli,
712 1151 924 1191 necnon
953 1144 1008 1189 et
1040 1144 1310 1189 secretum
1356 1134 1593 1205 abjicere
1620 1132 1775 1189 lsaite
1804 1152 1818 1188 :
1852 1133 1948 1189 sed

363 1228 494 1297 quid
542 1228 708 1283 faciat
756 1228 808 1281 in
866 1243 1151 1283 sermones
1205 1227 1492 1298 Stephani,
1538 1227 1622 1281 vel
1673 1225 1827 1281 Pauli
1880 1226 1950 1281 ad

367 1319 885 1376 Tbessalonicenses
914 1320 982 1374 de
1014 1319 1294 1391 prophetis
1338 1318 1638 1375 interfectis
1683 1320 1946 1389 prolatos,

367 1412 449 1466 vel
501 1412 671 1482 ipsius
703 1411 919 1465 Domini
953 1413 1163 1467 nostri?
1186 1411 1295 1466 Aut
1326 1411 1606 1482 quomodo
1640 1413 1854 1469 abdicet
1886 1413 1952 1466 il-

366 1504 456 1558 lud
487 1504 633 1574 quod
674 1504 740 1557 ad
769 1502 1117 1558 Timotheum
1149 1502 1352 1560 Paulus
1389 1504 1632 1575 protulit,
1651 1506 1839 1560 dicens
1864 1504 1949 1560 “z

366 1594 515 1651 Sicut
559 1596 757 1652 Jannes
804 1607 853 1651 et
899 1596 1164 1651 Mambres
1212 1600 1517 1653 restiterunt
1565 1597 1763 1668 Moysi,
1792 1598 1868 1653 sic
1900 1608 1949 1653 et

367 1691 460 1744 isti
487 1692 738 1745 resistunt
763 1690 1018 1745 veritati?
1044 1687 1154 1745 Nec
1179 1692 1323 1745 enim
1359 1690 1566 1747 scimus
1598 1690 1652 1744 in
1678 1691 1835 1746 libris
1859 1707 1953 1746 ca-

370 1784 641 1838 nonizatis
668 1782 955 1837 historiam
989 1781 1056 1836 de
1085 1779 1259 1836 Janne
1287 1792 1341 1837 et
1366 1780 1610 1837 Mambre
1642 1780 1952 1838 resistenti-

2046 580 2394 650 passionibus
2445 578 2582 632 allici
2633 590 2854 647 propter
2901 579 3146 634 verbum.
3198 577 3305 633 Scal
3355 577 3630 646 quomodo

2042 669 2346 725 Jerusalem
2396 669 2597 724 occidit
2659 668 2952 738 prophetas
2996 668 3310 724 videndum.
3363 668 3632 722 Existimo

2045 771 2226 817 autem
2250 805 2266 829 ,
2302 764 2447 817 sicut
2475 760 2775 831 vulgat-iter
2808 761 2989 815 dicere
3019 762 3217 827 solent,
3248 761 3511 815 clamavit
3556 760 3629 814 ci-

2044 854 2219 919 vitas,
2250 862 2509 922 tanquam
2560 852 2605 907 si
2658 851 2904 917 dicatur,
2941 852 3035 921 qui
3078 860 3212 905 sunt
3264 851 3320 905 in
3375 851 3628 906 civitate:

2045 948 2174 1002 item
2209 948 2404 1001 civitas
2437 961 2656 1016 egressa
2692 958 2774 1001 est
2807 945 3025 1000 obviam
3057 946 3108 1000 ei
3131 984 3145 1008 ,
3185 944 3237 998 id
3268 944 3475 1013 estqui
3506 950 3637 997 sunt

2048 1040 2104 1094 in
2154 1040 2412 1105 civitate;
2445 1038 2526 1092 sic
2555 1036 2857 1092 Jerusalem
2888 1037 3090 1091 occidit
3120 1037 3435 1106 prophetas,
3464 1035 3519 1089 id
3548 1043 3637 1090 est

2047 1132 2142 1202 qui
2176 1139 2333 1185 erant
2363 1131 2415 1184 in
2445 1128 2748 1185 Jerusalem
2775 1171 2789 1194 ,
2827 1144 3060 1199 quorum
3093 1143 3261 1183 causa
3289 1128 3497 1182 dictum
3549 1135 3635 1180 est

2047 1221 2352 1278 Jerusalem
2381 1221 2651 1276 occidisse
2681 1221 2996 1291 prophetas.
3036 1219 3102 1273 Et
3129 1220 3174 1273 si
3200 1219 3349 1275 cives
3372 1233 3473 1288 pro
3500 1218 3637 1273 civi-

2048 1321 2159 1368 tate
2188 1320 2484 1382 ponuntur,
2519 1311 2720 1365 iterum
2754 1309 2997 1364 occurrit
3029 1308 3096 1362 ad
3130 1308 3514 1379 quaestionem,
3538 1306 3636 1375 qui

2050 1413 2180 1457 sunt
2205 1400 2420 1457 dicendi
2445 1401 2537 1454 lilii
2563 1400 2890 1463 Jerusalem,
2916 1399 2982 1453 de
3003 1399 3208 1468 quibus
3232 1396 3440 1452 dictum
3464 1396 3634 1451 est“:

2054 1496 2272 1562 Quoties
2317 1493 2457 1548 volui
2493 1509 2806 1563 congregare
2856 1493 2997 1560 ﬁlios
3048 1501 3185 1545 tuos.
3250 1489 3356 1544 Sed
3404 1488 3640 1544 dicimus

2053 1597 2266 1652 semper
2331 1582 2529 1636 tivium
2599 1595 2952 1637 successores
3008 1579 3150 1633 lilios
3212 1576 3640 1647 praecedentium

2053 1674 2181 1729 dici.
2228 1673 2533 1729 Jerusalem
2575 1682 2757 1727 autem
2807 1687 2928 1741 quae
2966 1671 3138 1725 libera
3183 1680 3267 1724 est
3313 1686 3343 1724 a
3379 1669 3643 1724 servitute

2055 1765 2300 1835 peccati,
2335 1780 2456 1833 quae
2506 1778 2725 1818 sursum
2777 1771 2861 1816 est
2904 1759 3356 1826 conversatione,
3389 1773 3513 1828 quae
3556 1769 3642 1813 est

370 1877 471 1931 pus
516 1874 709 1946 Moysi,
752 1871 807 1929 Si
844 1883 1024 1928 autem
1075 1874 1344 1943 aspiciam
1392 1882 1447 1929 ει
1491 1874 1636 1944 quod
1666 1874 1734 1929 ad
1760 1873 1954 1929 Cori“-
1986 1849 2029 1910 Β
2058 1866 2233 1912 mater
2276 1865 2499 1921 nostra,
2534 1870 2643 1910 non
2675 1854 2877 1909 occidit
2921 1852 3251 1922 prophetas,
3288 1865 3392 1905 nec
3433 1849 3640 1918 lapidat

370 1967 514 2021 thios
561 1968 736 2037 prima
760 1967 801 1998 ¹⁹
836 1967 1068 2036 positum
1114 1975 1198 2023 est
1232 1984 1245 2021 :
1277 1966 1408 2032 Quae
1438 1967 1622 2021 oculus
1655 1984 1757 2022 non
1799 1968 1954 2032 vidit,

370 2072 463 2110 nec
495 2059 644 2111 auris
689 2057 915 2119 audivit,
961 2056 1206 2127 nunquid
1247 2058 1446 2127 poterit
1478 2058 1592 2113 haec
1637 2058 1821 2112 omnia
1853 2058 1955 2112 ali-

370 2148 495 2218 quis
545 2145 836 2202 abdicarc?
885 2145 1011 2203 Haec
1069 2148 1253 2202 omnia
1307 2149 1548 2204 diximus
1601 2149 1957 2206 discutientes

372 2254 705 2303 sermonem,
738 2253 848 2293 non
876 2238 1194 2310 ignorantes
1226 2241 1487 2309 quoniam
1514 2240 1685 2296 multa
1714 2250 1957 2296 secreto-

373 2346 493 2383 rum
537 2329 676 2384 facta
719 2339 902 2384 sunta
945 2329 1272 2398 quibusdam
1317 2332 1503 2402 impiis
1532 2343 1587 2387 et
1614 2334 1957 2405 iniquitatem

373 2419 427 2472 in
445 2418 720 2473 excelsum
744 2418 1091 2488 loquentibus
1113 2435 1126 2472 :
1145 2426 1200 2472 et
1218 2429 1444 2475 utuntur
1460 2423 1785 2491 quihusdam
1818 2425 1959 2479 lictis

374 2507 724 2580 llypythiani,
751 2509 873 2564 aliis
887 2516 1066 2562 autem
1089 2508 1181 2578 qui
1200 2519 1328 2565 sunt
1346 2512 1616 2568 Basilidis.
1632 2511 1856 2585 Oportet
1872 2532 1960 2571 cr-

376 2617 443 2671 go
469 2611 627 2658 caute
651 2603 1018 2667 considerare,
1043 2610 1102 2656 ut
1144 2618 1246 2658 nec
1284 2607 1467 2659 omnia
1507 2617 1716 2663 secreta
1739 2624 1860 2679 qum
1882 2608 1961 2664 fe-

377 2705 573 2749 runtur
617 2696 671 2749 in
716 2696 935 2749 nomine
978 2705 1316 2763 sanctorum,
1347 2698 1713 2768 suscipiamus
1736 2708 1960 2771 propter

375 2784 612 2849 Judaeos,
631 2787 724 2855 qui
747 2786 884 2840 forte
901 2786 966 2840 ad
985 2778 1411 2842 destructionem
1432 2790 1675 2844 veritatis
1708 2788 1960 2861 Scriptu-

378 2894 561 2932 rarum
586 2877 755 2950 849
798 2888 1107 2934 nostrarutn
1143 2878 1391 2947 quaadam
1438 2879 1714 2936 finxerunt
1762 2884 1963 2937 confir-

379 2978 592 3022 mantes
624 2971 879 3038 dogmata
912 2971 1049 3027 falsa
1074 3013 1089 3036 ,
1127 2988 1228 3029 nec
1261 2972 1443 3028 omnia
1488 2973 1815 3044 abjiciamus
1839 2988 1962 3044 qua:

380 3059 651 3127 pertinent
676 3060 744 3115 ad
769 3061 1290 3119 demonstrationem
1306 3063 1716 3135 Scripturarum
1740 3073 1960 3120 nostra-

380 3166 524 3204 rum.
544 3150 721 3254 Magni
738 3168 870 3254 ergo
889 3156 989 3209 viri
1007 3165 1091 3211 est
1111 3158 1301 3213 audire
1329 3167 1383 3212 et
1399 3157 1693 3227 adimplere
1709 3158 1857 3227 quod
1873 3157 1958 3212 di-
1986 3189 2033 3254 ε

379 3253 525 3296 ctum
554 3246 700 3300 est"
729 3261 741 3298 :
775 3245 970 3301 Omnia
1005 3248 1244 3317 probate,
1268 3251 1408 3321 quod
1439 3250 1629 3304 bonum
1671 3259 1748 3305 est
1772 3261 1957 3306 tenete.

381 3334 584 3390 Tamen
625 3349 845 3408 propter
892 3354 987 3394 eos
1016 3341 1108 3409 qui
1148 3355 1255 3395 non
1305 3353 1536 3411 possunt
1578 3342 1736 3413 quasi
1778 3353 1961 3414 trape-

381 3430 502 3480 zitae
532 3426 673 3481 inter
695 3429 857 3483 verba
886 3429 1197 3484 discernere
1223 3444 1348 3485 vera
1375 3431 1679 3486 habeantur
1705 3447 1774 3485 an
1801 3430 1962 3500 falsa,

380 3527 435 3571 ct
469 3532 576 3572 non
605 3529 838 3588 possunt
862 3522 1186 3591 semetipsos
1219 3530 1380 3577 caute
1407 3537 1648 3588 servare,
1682 3533 1739 3577 ut
1770 3539 1963 3578 verum

380 3610 601 3677 quidem
646 3620 864 3666 teneant
903 3613 1044 3681 apud
1093 3628 1184 3675 se,
1233 3612 1302 3666 ab
1353 3613 1503 3668 omni
1554 3622 1735 3668 autem
1784 3616 1966 3685 specie

383 3704 524 3757 mala
546 3704 877 3767 abstineant,
915 3719 1077 3758 nemo
1107 3705 1182 3759 uti
1213 3703 1370 3759 debet
1396 3705 1465 3758 ad
1494 3706 1963 3760 confirmationem

383 3797 700 3864 degmatum
737 3795 891 3848 libris
926 3797 1019 3864 qui
1055 3805 1183 3849 sunt
1221 3805 1376 3850 extra
1411 3797 1763 3852 canonizatas
1813 3796 1965 3853 Scri-

386 3895 595 3953 pturas.
643 3883 849 3939 Tamen
891 3885 937 3939 si
982 3885 1108 3954 quis
1150 3887 1379 3957 suscipit
1412 3888 1480 3943 ad
1515 3886 1773 3944 Hebraeos
1808 3891 1966 3959 quasi

386 3974 684 4044 Epistulam
717 3977 905 4041 Pauli,
936 3978 1067 4032 dicit
1093 3979 1354 4047 quoniam
1396 3981 1626 4051 pluralia
1663 3997 1775 4037 non
1805 3984 1970 4038 debe-

391 4082 513 4121 mus
544 4069 771 4122 omnino
815 4069 1020 4124 referre
1059 4074 1125 4128 ad
1178 4073 1383 4143 plures.
1430 4070 1540 4127 Nec
1581 4074 1728 4128 enim
1783 4073 1969 4144 plures

392 4161 585 4213 servati
624 4171 787 4228 sunt,
820 4163 912 4217 sed
949 4163 1119 4219 Isaias
1150 4164 1339 4233 solus;
1384 4181 1485 4220 nec
1515 4165 1700 4235 plures
1745 4165 1968 4237 lapidati

389 4260 557 4315 sunt,
616 4254 721 4307 nisi
773 4252 1067 4311 Zacharias
1118 4257 1499 4312 tantummodo
1544 4257 1689 4313 illius
1731 4257 1966 4325 Joiadte;

389 4359 490 4398 nec
516 4345 791 4400 occisione
824 4347 1023 4416 gladii,
1059 4348 1162 4403 nisi
1194 4349 1261 4379 ’θ’
1306 4348 1603 4404 Zacharias
1628 4348 1775 4404 filius
1804 4349 1972 4404 Bara-

389 4436 558 4503 ehim;
599 4438 690 4491 sed
722 4447 775 4493 et
815 4440 868 4492 in
904 4439 1178 4509 melmis,”
1207 4449 1261 4495 et
1288 4442 1341 4494 in
1367 4441 1510 4512 pelle
1540 4443 1762 4512 caprina
1799 4440 1968 4507 Elias,

2056 1964 2152 2004 eos
2186 1948 2279 2019 qui
2330 1948 2624 2001 mittuntur
2664 1946 2731 2000 ad
2771 1960 2914 2000 eant.
2949 1942 3108 1996 Aliud
3147 1951 3232 1996 est
3263 1940 3410 2012 quod
3446 1955 3645 1995 secun-

2057 2042 2186 2096 dum
2239 2040 2653 2096 similitudinem
2709 2038 2857 2092 illius
2884 2034 3189 2089 Jerusalem
3213 2077 3227 2099 ,
3268 2033 3570 2089 occidentis
3591 2036 3646 2086 et

2058 2133 2348 2202 lapidanlis
2383 2134 2677 2201 prophetas
2703 2172 2717 2196 ,
2758 2125 3083 2199 'frequenter
3126 2135 3256 2182 sunt
3314 2124 3537 2193 quidam
3588 2124 3643 2178 in

2060 2223 2164 2276 ista
2209 2220 2512 2276 Jerusalem
2565 2221 2800 2291 imperiti
2849 2218 3169 2284 constituti,
3205 2227 3260 2271 et
3315 2215 3482 2271 Deum
3537 2231 3645 2271 non

2063 2323 2365 2368 metuentes
2391 2352 2406 2378 ,
2433 2314 2526 2382 qui
2547 2352 2563 2375 ,
2598 2321 2867 2382 quantum
2895 2312 2960 2364 ad
2994 2325 3083 2373 se,
3119 2308 3383 2363 occidunt
3423 2316 3478 2361 et
3507 2307 3638 2374 lapi-

2059 2406 2192 2460 dant
2223 2406 2403 2460 verbis
2432 2406 2551 2461 sine
2579 2404 2788 2474 judicio
2833 2402 3061 2472 prolatis
3090 2401 3236 2454 virus
3264 2400 3433 2455 verbo
3457 2406 3513 2453 et
3538 2398 3647 2453 vita

2061 2511 2383 2570 provectos,
2436 2508 2490 2553 et
2538 2496 2909 2553 Ecclesiarum
2961 2494 3180 2564 quidem
3218 2507 3484 2545 canouem
3536 2507 3645 2546 non

2061 2591 2401 2661 requirentes
2422 2632 2435 2657 ,
2468 2598 2694 2659 propter
2727 2585 3154 2656 profunditatem
3185 2590 3368 2637 autem
3415 2583 3648 2650 dogma—

2061 2692 2173 2738 tum
2207 2692 2492 2752 suspectos
2529 2682 2599 2736 ab
2632 2681 2718 2736 his
2743 2681 2838 2750 qui
2886 2676 3136 2733 consueti
3166 2684 3295 2731 sunt
3328 2688 3469 2729 nova
3498 2691 3650 2745 quaa-

2060 2775 2185 2830 dam
2212 2775 2412 2839 dicere,
2446 2782 2500 2829 et
2530 2789 2639 2829 non
2673 2773 3014 2829 attendentes
3047 2774 3273 2829 verbum
3307 2785 3501 2827 sanum
3536 2768 3645 2824 Do-

2062 2865 2196 2922 minl
2244 2868 2417 2921 nostri
2462 2866 2595 2922 Jesu
2635 2866 2859 2923 Christi.
2909 2866 3049 2923 Dicit
3096 2880 3225 2935 ergo
3271 2863 3539 2919 Dominus
3576 2862 3647 2917 ad

2060 2957 2363 3029 Jerusalem
2410 2958 2828 3014 interfectricem
2861 2968 2914 3013 et
2946 2954 3319 3027 lapidatricem
3356 2954 3651 3024 propheta-

2061 3064 2183 3104 rum
2213 3069 2226 3103 :
2256 3049 2474 3115 Quoties
2508 3049 2648 3103 volui
2684 3063 2998 3121 congregare
3028 3047 3170 3118 ﬁlios
3204 3057 3344 3111 tuos,
3374 3045 3512 3097 sicut
3539 3041 3654 3113 gat-

2064 3140 2175 3195 (ina
2202 3141 2372 3211 pullos
2402 3158 2525 3196 suos
2560 3141 2656 3195 sub
2687 3141 2825 3205 alas,
2857 3151 2906 3195 et
2939 3140 3159 3193 noluisti
3188 3136 3339 3208 (8|)?
3367 3136 3654 3202 Quamodu

2067 3236 2155 3291 hic
2203 3234 2469 3290 Dominus
2521 3232 2716 3300 Jcsus,
2765 3231 2925 3301 quasi
2981 3231 3073 3300 qui
3124 3229 3440 3300 frequenter
3483 3228 3656 3283 volu;t

2065 3342 2395 3397 congregare
2428 3325 2670 3389 JlltilBOS,
2696 3341 2801 3380 non
2838 3334 3019 3379 autem
3048 3320 3402 3392 congregavit
3432 3328 3655 3389 propter

2065 3420 2465 3477 contumaciam
2505 3419 2809 3472 nolentium
2846 3417 3087 3479 credere,
3117 3414 3190 3469 ita
3219 3414 3349 3468 dicit
3379 3426 3395 3465 :
3431 3411 3648 3476 Quoties

2066 3512 2211 3566 votui
2233 3552 2248 3576 ,
2302 3526 2425 3565 cum
2455 3510 2526 3564 sit
2554 3506 2904 3563 manifestum
2941 3506 3109 3562 semel
3140 3520 3263 3558 eum
3294 3502 3554 3556 docuisse
3598 3514 3655 3555 tn

2065 3616 2295 3671 corpore
2320 3599 2580 3655 Judazos?
2612 3599 2717 3653 Sed
2752 3614 2861 3653 non
2897 3598 3075 3653 solum
3116 3596 3168 3647 in
3202 3592 3511 3662 praesentia,
3549 3584 3647 3647 ve-

2065 3708 2187 3747 rum
2218 3692 2378 3746 etiam
2416 3689 2848 3746 substantialiler
2882 3702 3097 3756 semper
3126 3685 3383 3740 Christus
3413 3697 3658 3752 presens

2067 3784 2172 3838 fuit
2197 3792 2248 3839 et
2279 3784 2332 3836 in
2367 3782 2583 3853 Moyse,
2609 3789 2665 3836 et
2699 3780 2753 3833 in
2804 3778 3120 3849 prophetis,
3157 3773 3333 3844 magis
3363 3781 3547 3829 autem
3596 3782 3655 3826 et

2068 3874 2122 3928 in
2168 3875 2375 3944 angelis
2434 3870 2876 3927 ministrantibus
2915 3868 3079 3923 saluti
3127 3868 3413 3928 humanae,
3454 3873 3510 3919 et
3562 3880 3659 3933 per

2069 3969 2316 4039 singulas
2351 3967 2758 4036 generationes,
2787 3974 2842 4019 et
2877 3963 2959 4018 sic
2983 3960 3281 4030 impletur:
3316 3958 3537 4023 Quoties
3567 3973 3655 4011 tvo-

2068 4061 2166 4116 lui.
2204 4061 2307 4116 Per
2349 4062 2596 4132 singulas
2642 4059 2787 4114 enim
2832 4055 3213 4127 generationes
3242 4068 3459 4122 semper
3485 4051 3660 4106 voluit

2068 4164 2119 4208 et
2170 4152 2447 4208 festinavit
2495 4153 2754 4222 perlicere
2802 4149 3135 4204 voluntatem
3185 4143 3365 4199 Patris
3412 4143 3466 4196 in
3520 4141 3652 4197 eis:

2068 4247 2170 4302 etsi
2204 4263 2312 4302 non
2349 4246 2404 4300 in
2436 4258 2668 4314 corpore
2697 4241 3061 4303 constitutus,
3091 4238 3236 4291 sicut
3283 4249 3431 4291 nunc
3463 4235 3519 4288 in
3550 4235 3660 4287 line

2071 4342 2420 4405 szeculorum,
2453 4350 2634 4394 tamen
2685 4350 2898 4404 semper
2925 4330 3204 4387 festinavit
3230 4341 3564 4399 congregare
3594 4324 3659 4380 ll-

2072 4434 2176 4489 lios
2213 4433 2536 4489 Jerusalem.
2567 4429 2747 4500 Ipsius
2780 4427 2926 4481 enim
2968 4422 3204 4477 volentis
3233 4431 3566 4490 congregare
3597 4417 3663 4473 lla

388 4538 443 4581 et
470 4538 663 4584 cartera
694 4530 917 4585 similia.
949 4532 1143 4589 Adhuc
1168 4544 1348 4589 autem
1368 4509 1708 4605 quaeramus
1735 4535 1880 4605 quod
1912 4535 1966 4588 in
2002 4531 2044 4585 D
2075 4528 2177 4583 lios
2204 4525 2508 4582 Jerusalem
2538 4536 2701 4576 voces
2732 4520 3001 4574 habentur
3024 4516 3081 4569 in
3110 4514 3227 4583 lege
3253 4522 3309 4568 et
3337 4512 3391 4566 in
3422 4509 3658 4580 prophe-

390 4620 537 4676 Luca
585 4623 847 4692 scriptum
900 4627 1066 4693 est",
1105 4627 1319 4682 dicente
1366 4626 1639 4681 Domino:
1677 4627 1820 4693 Quia
1865 4642 1969 4681 non

391 4714 531 4782 capit
557 4716 862 4783 prophetam
888 4716 1061 4783 perire
1088 4724 1239 4769 extra
1269 4713 1608 4780 Jerusalem;
1637 4715 1683 4771 si
1708 4730 1836 4786 ergo
1862 4729 1970 4769 non

391 4808 536 4876 capit
564 4807 885 4877 prophetam
922 4810 1100 4877 perire
1131 4817 1288 4863 extra
1317 4807 1657 4875 Jerusalem,
1690 4810 1741 4863 id
1771 4818 1855 4864 est
1882 4811 1969 4864 in.

395 4898 819 4969 tertici,quzeres
848 4899 893 4955 si
926 4911 1050 4970 post
1075 4902 1502 4956 destructionem
1535 4900 1837 4957 Jerusalem
1859 4904 1971 4972 jam

395 5004 554 5045 nemo
582 4993 847 5062 propheta
878 5002 961 5047 est
981 5034 996 5059 ,
1056 5008 1123 5048 ne
1169 4991 1309 5048 forte
1337 4994 1431 5064 qui
1463 4994 1788 5050 interllcitur
1818 5006 1972 5052 extra

396 5078 691 5137 Jerusalem
746 5085 1048 5153 propheta,
1107 5084 1305 5140 falsum
1353 5085 1579 5140 verbum
1623 5083 1827 5141 Christi
1880 5087 1976 5141 dc-

399 5180 681 5228 monstret.
730 5174 784 5228 Si
834 5185 1016 5230 autem
1045 5185 1250 5247 cogunt
1286 5192 1386 5232 nos
1425 5175 1721 5248 Scriptura;
1758 5187 1976 5248 propter

402 5262 645 5331 Agabum
671 5278 724 5320 et
749 5269 887 5324 tilias
919 5267 1155 5339 Philippi
1199 5270 1577 5340 evangelistae,
1607 5286 1717 5325 non
1754 5280 1976 5342 propter

400 5356 569 5411 falsos
585 5354 831 5430 Phrygias
858 5362 1173 5431 prophetas,
1191 5376 1504 5431 quaeramus
1528 5377 1596 5416 ne
1628 5362 1767 5418 forte
1793 5361 1975 5418 omnis

396 5448 578 5519 justus
624 5450 696 5505 sit
749 5450 803 5504 in
832 5450 1139 5509 Jerusalem
1184 5460 1239 5508 et
1279 5467 1389 5509 non
1438 5466 1591 5510 extra
1633 5454 1972 5525 Jerusalem,

499 5563 543 5596 ¹⁸
584 5562 623 5620 ΙΙ
654 5561 797 5617 Tim.
842 5579 925 5627 ιιι,
958 5564 1011 5619 8.
1119 5564 1163 5595 ¹⁹
1190 5563 1210 5617 l
1241 5563 1369 5620 Cor.
1407 5580 1469 5631 ιι,
1505 5562 1558 5620 9.

397 5644 523 5691 sunt
548 5652 636 5690 ore
664 5633 849 5707 gladii,
866 5636 1009 5707 _nisi,
1039 5643 1147 5690 etc.

400 5721 573 5773 xvxn,
615 5703 704 5763 ιι.
779 5708 825 5738 ’⁵
864 5703 995 5761 Luc.
1027 5720 1115 5759 vix
1142 5745 1158 5770 ,
1189 5704 1275 5760 lo.

470 5803 584 5871 (Sl)
627 5801 763 5859 Vide
788 5810 974 5858 notam
1010 5798 1065 5853 in
1102 5795 1294 5853 homil.
1333 5796 1366 5851 8
1394 5797 1448 5851 in
1477 5793 1759 5850 Genesim.

584 5956 611 5980 θ

2079 4625 2178 4689 tis;
2236 4630 2290 4674 et
2332 4620 2399 4674 de
2445 4618 2564 4687 ipso
2610 4614 2873 4682 scriptum
2920 4620 3007 4665 est
3029 4608 3129 4661 ἰε
3175 4603 3495 4674 Expendens
3542 4601 3662 4655 atas

2079 4732 2204 4771 snas
2231 4714 2431 4781 accepit
2451 4727 2559 4775 eos,
2592 4718 2641 4763 et
2671 4715 2899 4775 suscepit
2922 4718 3007 4758 eos
3047 4715 3205 4770 super
3227 4695 3473 4765 scapulas
3498 4709 3661 4757 suas;

2080 4815 2133 4859 ct
2163 4804 2542 4874 quotidianum
2592 4812 2733 4868 opus
2769 4802 2852 4850 est
2892 4789 3100 4847 Christi
3144 4798 3477 4856 congregare
3519 4782 3662 4836 ﬁlios

2080 4873 2384 4952 Jerusalem
2412 4935 2426 4959 ,
2467 4892 2536 4947 de
2566 4890 2767 4961 quibus
2800 4888 2854 4941 in
2887 4883 3024 4940 lsaia
3057 4888 3111 4935 et
3163 4879 3218 4932 in
3261 4873 3490 4945 reliquis
3535 4886 3661 4942 pro-

2080 4989 2259 5061 phetis
2293 4987 2446 5057 plura
2475 4985 2767 5045 dicuntur;
2812 4986 2866 5032 et
2893 4973 3139 5045 quatidie
3182 4968 3277 5023 Dei
3321 4966 3493 5021 Filius
3525 4980 3661 5019 cou-

2080 5058 2269 5155 gregat
2319 5081 2598 5150 dispersos
2645 5074 2784 5129 filios
2841 5069 2972 5130 Dei,
3020 5067 3163 5122 sicut
3233 5061 3432 5132 gallina
3484 5058 3664 5155 pullos

2080 5149 2211 5232 suos
2242 5172 2346 5229 sub
2378 5149 2583 5242 pennas
2626 5178 2777 5222 suas.
2833 5162 2889 5216 Si
2937 5161 3063 5232 quis
3100 5164 3280 5213 autem
3330 5167 3440 5207 non
3496 5149 3664 5204 fuerit

2081 5239 2440 5340 congregatus
2471 5264 2539 5316 ab
2572 5274 2672 5325 eo,
2723 5254 3057 5325 iudicabitur
3099 5250 3258 5321 quasi
3297 5246 3391 5340 qui
3429 5239 3665 5340 noluerit

2082 5337 2402 5430 con-gregari
2435 5354 2618 5408 abeo.
2662 5348 2813 5403 Venit
2843 5347 2981 5400 enim
3025 5342 3203 5396 Filius
3247 5337 3476 5392 hominis
3515 5345 3665 5402 quie-

2083 5466 2196 5505 rere
2221 5444 2360 5519 quod
2392 5445 2640 5514 perierat,
2669 5448 2718 5494 et
2754 5439 2960 5493 salt-are
2975 5434 3042 5487 ³³.
3070 5430 3136 5486 Ει
3162 5439 3412 5485 mortuus
3433 5432 3520 5479 est
3550 5435 3658 5474 non

1674 5564 1721 5599 ²⁰
1761 5566 1781 5620 1
1809 5564 1961 5623 Thes:

2063 5584 2088 5632 ’,
2116 5564 2206 5620 21.
2283 5565 2351 5597 ²⁰⁶
2384 5559 2606 5632 Rectius
2636 5548 3055 5632 forsanlegeris
3083 5562 3099 5601 :
3132 5540 3467 5632 uec_(plureﬂ
3501 5535 3662 5632 p‘ccisi

1257 5635 1302 5665 ’ί
1342 5637 1439 5703 aL,
1474 5637 1551 5690 sic
1589 5646 1639 5691 et
1680 5638 1736 5691 in
1771 5638 1997 5693 metatis.

2105 5609 2325 5691 ’T'Luc.
2370 5609 2612 5698 {iiiis-“5'.
2639 5609 2679 5611 Π
2722 5627 2768 5659 ⁸³
2809 5609 2998 5679 Μιιῦιι.
3029 5633 3187 5681 um,
3220 5609 3309 5670 5'7.
3417 5613 3464 5645 "
3498 5609 3661 5664 Deut.
