4110 6408
501 353 638 407 1650

1685 347 2009 406 ORICENIS
2046 348 2116 404 IN
2146 347 2563 408 MATTIL‘EUM

3605 336 3781 411 tbss’

500 489 600 544 pro
631 480 791 542 gente
817 470 933 527 sola
952 512 966 536 ,
1013 469 1105 525 sed
1140 478 1195 523 ut
1229 469 1505 539 dispersos
1536 469 1676 523 filios
1706 469 1799 523 Dei
1841 486 2073 540 congre-
2103 473 2147 529 Α
2176 470 2323 540 plum
2351 476 2600 525 sanctum
2634 467 2724 523 Dei
2757 476 2976 539 propter
3007 466 3272 537 Spiritum
3301 464 3395 522 Dei
3445 466 3750 524 inhabitano

499 569 655 632 garet
682 560 736 615 in
783 576 949 615 utrum
978 578 992 625 ;
1019 558 1223 614 Judmis
1249 559 1467 628 quidem
1496 558 1588 628 qui
1617 567 1774 614 erant
1803 559 1896 613 filii
1927 560 2072 615 illius

498 652 798 708 Jerusalem
836 666 957 720 qua:
983 658 1104 704 erat
1132 648 1386 704 deorsum
1418 651 1784 712 comminatus
1826 659 1944 717 est,
1975 665 2073 705 no-

500 743 735 798 lentibus
784 740 1100 811 congregari
1151 741 1254 796 sub
1310 756 1518 810 pennas
1583 757 1713 797 suas
1773 741 2067 798 dicens":

496 834 635 888 Ecce
669 849 805 887 nunc
850 832 1178 901 relinquetur
1219 832 1362 885 vobis
1397 832 1583 885 domus
1625 842 1797 886 uestra
1840 832 2066 887 deserta.

497 924 723 993 Semper
764 932 948 978 autem
998 922 1080 977 eis
1121 924 1214 992 qui
1264 923 1556 978 noluerunt
1603 923 1920 994 congregari
1969 923 2072 979 sub

496 1028 700 1083 pennas
742 1012 944 1082 ipsius,
980 1012 1304 1067 comminari
1341 1020 1395 1067 et
1420 1012 1602 1068 dicere
1639 1012 1895 1068 Christus
1921 1012 2070 1067 vide-

493 1116 622 1160 tur:
656 1104 792 1159 Ecce
822 1121 960 1159 nunc
997 1105 1320 1175 relinquetur
1357 1106 1502 1159 vobis
1548 1105 1735 1159 domus
1769 1113 1939 1159 vestra
1978 1104 2069 1158 de-

491 1207 670 1264 serta,
712 1197 768 1251 id
798 1204 883 1252 est
915 1197 1097 1253 anima
1129 1204 1309 1251 vestra
1360 1204 1415 1251 et
1454 1211 1676 1265 corpus.
1720 1193 1840 1251 Non
1890 1194 2067 1251 solum

491 1289 636 1343 enim
677 1302 899 1356 corpus,
933 1286 1027 1342 sed
1057 1288 1220 1341 etiam
1257 1286 1439 1341 anima
1474 1286 1814 1354 peccantium
1855 1286 2065 1341 deserta

492 1379 856 1449 relinquitur;
889 1387 946 1433 et
977 1378 1121 1433 sicut
1147 1378 1200 1430 in
1230 1380 1447 1433 deserto
1468 1377 1659 1446 vulpes
1682 1376 1891 1431 faciunt
1913 1377 1965 1430 in
1999 1378 2066 1434 iis

492 1469 701 1535 foveas,
741 1479 795 1523 et
821 1477 1124 1537 serpentes,
1150 1466 1427 1537 generatio
1450 1467 1784 1535 viperarum,
1815 1466 2064 1521 cubatio-

491 1576 608 1615 nes.
665 1559 805 1614 Dicit
853 1567 1033 1612 autem
1077 1557 1387 1611 nolentibus
1428 1557 1741 1626 congregari
1788 1556 1853 1609 ad
1891 1570 2061 1611 cum:

394 1636 401 1655 ’ν
489 1650 756 1715 Quoniam
791 1666 895 1703 non
937 1637 1019 1702 me
1049 1647 1289 1700 videbitis
1337 1652 1562 1713 amodo,
1610 1647 1774 1701 donec
1821 1647 2061 1701 dicatis:

490 1741 802 1795 Benedictus
823 1741 913 1810 qui
938 1738 1075 1794 venit
1102 1738 1155 1790 in
1185 1739 1394 1790 nomine
1419 1736 1636 1791 Domini
1660 1738 1727 1790 ’⁷.
1758 1737 1824 1792 Et
1847 1753 1947 1793 nec
1967 1737 2064 1793 Ju-

2186 568 2295 614 tem
2329 558 2383 612 in
2417 574 2497 625 se,
2545 559 2592 613 si
2624 559 2929 628 peccaverit
2961 558 3109 628 ipse,
3136 557 3196 612 tit
3224 573 3391 613 causa
3425 572 3540 612 sua:
3571 555 3758 614 desero

2180 650 2366 715 tionis,
2396 660 2454 703 ut
2478 650 2793 720 egrediatur
2836 648 3090 704 Christus
3119 649 3189 703 ab
3215 662 3282 703 eo
3311 664 3326 700 :
3365 658 3423 702 ut
3450 649 3544 718 qui
3580 646 3754 704 fuerat

2178 750 2306 796 ante
2351 740 2614 810 templum
2645 739 2765 794 Filii
2790 739 2909 804 Dei,
2939 740 3289 810 postmodum
3335 740 3405 795 sit
3433 740 3630 795 domus
3661 743 3757 794 de-

2178 837 2342 894 serta,
2371 836 2433 883 ut
2460 843 2569 883 non
2598 829 2938 898 relinquatur
2968 829 3020 882 in
3054 843 3120 883 eo
3146 828 3285 899 lapis
3325 843 3491 897 super
3518 828 3752 898 lapidem

2176 935 2242 976 es
2271 921 2523 976 onmibus
2564 920 2910 991 dogmatibus
2940 927 2996 975 et
3029 920 3186 975 bona:
3212 919 3336 975 vitae
3374 920 3747 974 aedificationi-

2176 1010 2280 1066 bus
2300 1011 2448 1081 quod
2474 1027 2583 1066 non
2607 1011 2942 1067 destruatur.
2969 1009 3200 1081 Propter
3224 1012 3370 1082 quod
3402 1012 3755 1068 recordantes

2177 1102 2461 1159 historiam
2508 1103 2835 1159 desertionis
2867 1099 3204 1170 Jerusalem,
3244 1103 3556 1173 prospicere
3595 1102 3754 1159 nobis

2173 1192 2458 1262 debemus,
2488 1206 2549 1250 ut
2594 1211 2662 1250 ne
2692 1194 3002 1265 egrediatur
3035 1195 3287 1251 Christus
3313 1209 3344 1250 e
3375 1194 3575 1265 templo
3608 1192 3753 1263 quod

2172 1291 2256 1338 est
2304 1284 2358 1337 in
2400 1284 2581 1349 nobis,
2611 1294 2669 1339 ut
2697 1285 3087 1342 aedificationes
3119 1286 3304 1356 templi
3335 1285 3507 1340 nostri
3537 1284 3746 1339 incola.

2174 1390 2289 1430 mes
2318 1375 2423 1429 sint
2453 1373 2725 1443 lapidibus
2755 1386 2807 1431 et
2841 1377 3002 1433 donis
3032 1376 3349 1442 adornatae;
3382 1384 3444 1430 ut
3474 1375 3567 1445 qui
3601 1375 3752 1429 vidc-

2172 1466 2283 1519 rint
2329 1465 2719 1521 aediﬁcationes
2751 1484 2872 1538 quae
2903 1477 3031 1524 sunt
3076 1468 3131 1522 in
3180 1468 3375 1531 nobis,
3410 1466 3595 1521 dicant
3646 1466 3749 1520 mi-

2169 1565 2400 1612 rantes:
2442 1556 2572 1611 Vide
2614 1558 2795 1628 quales
2838 1559 3040 1629 lapides
3082 1569 3132 1613 et
3175 1558 3356 1629 quales
3385 1557 3742 1618 structum”.

2171 1646 2305 1701 Illud
2338 1657 2519 1702 autem
2548 1649 2771 1718 dignum
2798 1658 2882 1705 est
2915 1650 3218 1719 pervidere,
3247 1648 3544 1718 quomodo,
3571 1662 3745 1717 quan—

2170 1746 2283 1793 tum
2314 1739 2380 1794 ad
2408 1748 2650 1806 textum,
2688 1725 2768 1796 sic
2802 1741 3100 1811 loquuntur
3137 1740 3388 1811 discipuli
3419 1739 3486 1793 ad
3520 1737 3741 1804 Jesum,

486 1832 586 1886 dati
615 1840 747 1885 tunc
774 1829 1055 1884 Christum
1087 1828 1365 1891 viderunt,
1399 1842 1500 1883 nec
1526 1828 1672 1883 enim
1704 1829 1854 1883 visus
1881 1838 1965 1885 est
1985 1830 2066 1885 eis
2097 1828 2139 1883 Β
2165 1835 2219 1880 et
2246 1828 2541 1882 ostendunt
2575 1829 2624 1884 ei
2654 1837 2957 1884 structuras
2987 1827 3227 1899 lapidum
3255 1868 3272 1894 ,
3302 1829 3458 1899 quasi
3485 1828 3579 1898 qui
3608 1843 3743 1881 nun-

488 1934 778 1991 resurgens
825 1934 856 1973 a
908 1918 1141 1974 mortuis
1195 1918 1338 1973 sicut
1385 1917 1575 1988 prius,
1618 1918 1713 1973 sed
1745 1917 1957 1987 judicio
2006 1927 2062 1974 et

484 2012 659 2081 gratia
692 2011 939 2080 patribus
964 2009 1347 2064 tantummodo
1372 2008 1574 2078 dignis.
1607 2007 1676 2062 Et
1701 2010 1876 2065 donec
1897 2009 2058 2066 intel-

486 2104 713 2174 ligentes
736 2101 1102 2158 desertionem
1134 2101 1408 2170 propriam
1433 2101 1669 2155 dixerint
1696 2101 2054 2170 pmnitentes:

485 2195 798 2250 Benedictus
836 2196 926 2265 qui
969 2194 1106 2247 venit
1136 2193 1190 2246 in
1218 2193 1425 2246 nomine
1468 2192 1721 2258 Domini,
1762 2208 1869 2248 non
1905 2194 2057 2249 vide-

488 2287 622 2341 bunt
670 2283 870 2339 Filium
918 2282 1046 2349 Dei,
1083 2297 1183 2338 nec
1209 2283 1467 2338 videbunt
1497 2280 1734 2337 Verbum
1773 2282 1924 2351 ejus,
1959 2297 2058 2338 nec

482 2372 912 2427 considerabant
964 2371 1423 2441 pulchritudinem
1460 2372 1740 2443 sapientiae
1785 2372 1899 2428 Dei.
1949 2371 2056 2428 Sed

483 2474 536 2519 et
561 2463 605 2517 si
629 2478 696 2518 ex
726 2463 884 2518 nobis
904 2463 1137 2518 voluerit
1159 2463 1358 2533 aliquis
1385 2464 1702 2535 congregari
1721 2465 1825 2520 sub
1849 2480 2057 2535 pennas

482 2554 719 2619 Christi,
765 2554 859 2610 sed
891 2556 1151 2624 operibus
1180 2555 1342 2611 malis
1369 2555 1702 2610 recusaverit
1737 2556 2054 2629 cOngregari

482 2648 585 2702 sub
628 2662 835 2717 pennas
881 2647 1037 2718 ejus,
1083 2648 1195 2718 jam
1242 2663 1352 2702 non
1389 2647 1593 2703 videbit
1636 2646 1872 2705 Verbum
1924 2649 2053 2719 Dei,

482 2738 718 2793 maxime
738 2753 801 2793 ex
835 2745 1075 2808 teinpore
1102 2739 1195 2795 illo
1223 2754 1289 2794 ex
1320 2753 1430 2810 quo
1453 2748 1873 2810 congregantem
1900 2740 2052 2795 illum

480 2844 576 2900 per
620 2831 867 2901 singulos
900 2829 1018 2884 dies
1049 2830 1246 2901 refugit
1279 2840 1402 2886 actu
1454 2831 1628 2902 magis
1668 2846 1833 2902 quam
1885 2830 2056 2903 850

481 2936 707 2991 corpore
750 2939 768 2976 :
817 2930 873 2977 et
923 2922 1109 2976 tandiu
1171 2937 1277 2995 non
1328 2923 1533 2977 videbit
1594 2922 2054 2993 pulchritudinem

483 3010 674 3079 Verbi,
722 3010 774 3065 id
803 3017 888 3066 est
912 3009 1194 3065 Christum
1213 3050 1230 3077 ,
1262 3010 1436 3066 donec
1464 3024 1764 3065 conversus
1791 3018 1846 3064 et
1879 3009 2055 3080 pmni-
2090 3086 2103 3111 Ι

485 3114 602 3159 tens
630 3118 659 3158 a
692 3103 973 3173 proposito
1008 3103 1153 3157 malo
1204 3102 1350 3158 dicat
1393 3121 1406 3158 :
1455 3101 1767 3157 Benedictus
1797 3103 1887 3175 qui
1916 3103 2053 3158 venit

483 3192 539 3244 in
578 3164 1055 3247 nuntius-Domini.
1092 3191 1245 3248 Tunc
1293 3193 1436 3247 enim
1474 3192 1709 3248 Verbum
1746 3164 1839 3249 Dei
1885 3192 2056 3249 bene-
2083 3164 2126 3223 θ

481 3284 708 3349 dictum,
734 3292 791 3338 et
815 3283 1096 3338 benedicta
1129 3285 1393 3353 sapientia
1436 3283 1531 3339 Dei
1567 3284 1794 3339 veniens
1824 3284 1973 3339 venit
2002 3284 2057 3339 in

482 3373 704 3428 nomine
731 3371 823 3426 Dei
860 3371 1039 3428 Patris
1085 3388 1249 3444 super
1273 3389 1369 3431 cor
1396 3374 1657 3443 hominis,
1691 3375 1913 3446 quando
1939 3374 2057 3431 fue-

479 3462 550 3517 rit
581 3462 706 3532 quis
734 3478 1034 3518 conversus
1059 3464 1126 3518 ad
1155 3463 1346 3537 Deum.

548 3576 642 3632 29.
684 3575 751 3630 Et
772 3592 1007 3647 egressus
1036 3575 1192 3632 Iesus
1223 3576 1288 3633 de
1310 3578 1525 3649 templo,
1555 3579 1690 3634 ibat.
1720 3577 1792 3634 Et
1820 3596 2052 3637 accesse-

477 3680 604 3724 runt
630 3670 702 3723 ad
723 3686 842 3724 eum
875 3670 1124 3739 discipuli
1144 3671 1257 3741 ejus
1291 3681 1348 3725 ut
1380 3672 1709 3727 ostenderent
1740 3673 1789 3727 ei
1816 3681 2053 3728 structu-

476 3776 568 3814 ras
594 3762 793 3831 templi.
819 3761 977 3817 Jesus
1002 3772 1179 3817 autem
1205 3765 1544 3834 respondens,
1574 3766 1714 3820 dixit
1735 3767 1809 3821 eis
1841 3782 1861 3821 :
1895 3764 2053 3822 Video

479 3853 549 3906 tis
575 3853 685 3907 lucc
703 3854 883 3907 omnia
901 3856 926 3908 Ρ
952 3856 1115 3908 Amen
1135 3855 1254 3908 dico
1286 3855 1451 3922 vobis,
1483 3873 1586 3910 non
1627 3859 1946 3929 relinquetur
1965 3859 2050 3914 hic

479 3944 619 4011 lapis
644 3960 803 4013 super
830 3944 1055 4015 lapidem
1076 3948 1166 4018 qui
1199 3965 1301 4002 non
1330 3949 1640 4003 destruatur
1662 3951 1727 4003 ’⁸.
1754 3950 2050 4022 Postquam

480 4033 664 4088 enilnia
695 4049 818 4102 quae
847 4050 1011 4104 super
1034 4035 1338 4091 Jerusalem
1383 4048 1608 4093 ventura
1641 4040 1859 4096 fuerant
1888 4041 2042 4097 Chri-

477 4134 598 4179 stus
625 4125 907 4194 praedixit,
954 4129 1088 4184 exiit
1132 4129 1201 4185 de
1246 4130 1474 4201 templo,
1505 4131 1599 4202 qui
1630 4143 2053 4190 conservaverat

478 4219 737 4287 templum
803 4234 871 4274 ne
916 4222 1135 4276 caderet
1179 4221 1353 4276 donec
1405 4221 1507 4279 fuit
1558 4224 1614 4278 in
1658 4240 1746 4280 eo.
1797 4223 2048 4293 Quandiu

478 4308 625 4362 enim
657 4307 761 4362 fuit
794 4309 1030 4363 Verbum
1064 4310 1204 4380 apud
1234 4310 1487 4382 Judmos,
1518 4330 1627 4370 non
1660 4314 1918 4373 auferens
1959 4332 2049 4373 re-

475 4414 641 4468 gnum
675 4398 767 4454 Dei
794 4402 866 4454 ab
898 4401 980 4455 eis
1004 4441 1020 4467 ,
1077 4402 1265 4457 tandiu
1295 4406 1477 4471 stetit,
1516 4415 1570 4460 et
1605 4405 1905 4464 incolumes
1932 4407 2049 4464 fue-

2163 1932 2327 1986 quam
2356 1918 2553 1973 viderit
2584 1911 2763 1989 ipsum
2795 1918 3091 1989 templum,
3141 1919 3236 1975 sed
3287 1918 3508 1974 aliunde
3542 1918 3596 1971 in
3627 1917 3741 1987 pri-

2162 2008 2266 2063 mis
2301 2010 2622 2080 peregrinus
2657 2011 2953 2066 advenerit.
2999 2010 3081 2064 Ad
3130 2009 3235 2065 hoc
3290 2010 3363 2064 ita
3396 2017 3481 2064 est
3521 2023 3742 2075 respon-

2159 2099 2395 2154 dendum
2450 2115 2465 2152 :
2512 2102 2772 2170 quoniam
2828 2103 3163 2172 prophetans
3213 2103 3467 2172 superius
3524 2100 3741 2156 ruinam

2161 2187 2336 2258 ipsius
2364 2186 2605 2244 futuram
2647 2189 2900 2247 Christus
2939 2200 2994 2246 et
3030 2191 3391 2246 desertionem
3414 2233 3429 2257 ,
3480 2192 3560 2247 sic
3588 2206 3742 2246 com-

2159 2279 2400 2335 minatus
2428 2289 2511 2336 est
2543 2296 2557 2332 :
2593 2280 2729 2336 Ecce
2758 2298 2894 2337 nunc
2922 2280 3249 2353 relinquetur
3271 2284 3415 2337 vobis
3439 2283 3628 2337 domus
3655 2297 3741 2335 ue-

2158 2383 2273 2428 stra
2292 2372 2499 2428 deserta
2516 2373 2652 2428 "-“.
2679 2373 2976 2431 Audientes
2997 2374 3462 2444 discipulimirati
3493 2383 3621 2430 sunt
3653 2382 3738 2429 ta-

2158 2463 2264 2519 lem
2293 2472 2348 2517 et
2370 2471 2576 2518 tantam
2615 2464 2799 2534 templi
2833 2472 3169 2519 structuram
3212 2463 3281 2519 ad
3331 2464 3563 2518 nihilum
3595 2462 3740 2523 redi-

2158 2553 2417 2627 gendam;
2470 2563 2754 2625 propterea
2804 2554 2996 2610 dicunt
3041 2556 3110 2611 ad
3158 2553 3347 2610 Jesum
3378 2597 3394 2622 ,
3425 2556 3570 2611 sicut
3599 2555 3740 2610 alter

2157 2647 2503 2703 manifestius
2567 2648 2700 2703 dicit
2762 2649 3093 2721 evangelista
3158 2667 3172 2704 :
3226 2646 3519 2719 Hagister,
3595 2649 3737 2704 vides

2155 2738 2337 2810 quales
2383 2738 2615 2810 lapides,
2661 2749 2713 2795 et
2754 2740 2934 2812 quales
2981 2741 3305 2796 structurae!
3372 2740 3634 2796 Videlicet
3680 2749 3741 2796 ut

2156 2831 2433 2887 ﬂecterent
2465 2848 2590 2887 eum
2634 2834 2701 2888 ad
2742 2834 3178 2891 misericordiam
3219 2834 3324 2891 loci
3353 2835 3523 2902 illius,
3555 2851 3623 2890 ne
3653 2833 3735 2890 fa-

2154 2932 2299 2979 ceret
2330 2924 2473 2994 quod
2504 2923 2684 2980 fuerat
2713 2928 3100 2985 comminatus.

2226 3035 2316 3091 30.
2355 3034 2422 3092 Et
2448 3037 2563 3093 haec
2611 3038 2971 3109 corporaliter
2997 3039 3142 3095 dicta
3174 3038 3305 3095 sint.
3332 3036 3609 3094 Moraliter
3635 3054 3733 3094 au-

2158 3132 2263 3180 tem
2293 3128 2397 3183 hoc
2424 3128 2607 3183 modo.
2648 3128 2785 3185 Cum
2821 3128 2894 3186 sit
2922 3128 3176 3185 humanae
3202 3138 3411 3185 naturae
3440 3129 3737 3185 admirabi-

2159 3216 2227 3273 lis
2271 3221 2611 3276 constructio
2666 3219 2849 3288 facta,
2905 3221 3157 3277 videlicet
3210 3222 3468 3292 templum
3519 3220 3615 3277 Dei
3680 3230 3736 3277 et

2158 3306 2320 3366 Verbi
2354 3310 2509 3382 ejus,
2541 3313 2796 3384 discipuli
2831 3314 3124 3384 ceterique
3167 3314 3378 3381 sancti,
3413 3328 3524 3369 non
3553 3314 3732 3370 solum

2156 3409 2308 3469 tunc,
2336 3403 2433 3460 sed
2460 3403 2626 3459 etiam
2662 3405 2827 3459 modo
2875 3404 3123 3459 miranda
3169 3418 3333 3474 opera
3380 3404 3475 3458 Dei
3509 3419 3635 3473 erga
3671 3405 3732 3457 li-

2156 3504 2435 3565 gmentum
2470 3496 2770 3550 humanum
2803 3493 3154 3558 confitentes,
3204 3502 3330 3549 ante
3379 3503 3728 3564 conspectum

2154 3583 2360 3639 Christi
2395 3583 2765 3648 intercedunt,
2797 3590 2851 3636 et
2882 3588 3180 3651 provocant
3221 3580 3523 3649 Christum,
3565 3590 3622 3636 ut
3663 3597 3732 3636 ne

2155 3674 2372 3730 deserat
2409 3688 2581 3745 genus
2612 3672 2913 3727 humanum
2943 3680 3162 3742 propter
3202 3680 3426 3742 peccata
3461 3672 3729 3743 ipsorum,

2155 3767 2248 3823 sed
2299 3766 2471 3834 magis
2514 3773 2769 3820 moveant
2812 3779 2937 3820 eum
2985 3764 3053 3818 ad
3105 3764 3499 3835 indulgentiam
3564 3779 3731 3834 opera

2153 3859 2273 3930 ejus
2318 3855 2597 3922 miranda,
2643 3872 2810 3927 quam
2853 3857 2921 3911 ad
2969 3855 3307 3913 iracundiam
3343 3855 3606 3927 iniquitas
3635 3871 3731 3910 eo-

2152 3965 2298 4004 rum.
2332 3948 2521 4003 Aliter.
2562 3946 2719 4003 Sicut
2769 3948 2900 4004 illud
2945 3948 3205 4019 templum
3236 3963 3342 4003 non
3379 3947 3604 4002 insemel
3645 3955 3734 4001 est

2151 4044 2394 4099 dirutum
2419 4081 2435 4108 ,
2468 4043 2560 4097 sed
2596 4041 2860 4112 paulatim
2900 4053 3146 4110 tempore
3188 4040 3539 4112 procedenti,
3573 4038 3645 4094 ita
3677 4046 3733 4094 et

2151 4135 2330 4191 onmis
2356 4134 2523 4189 homo
2551 4133 2646 4204 qui
2678 4133 2908 4203 suscipit
2952 4133 3005 4186 in
3051 4147 3111 4187 se
3148 4132 3376 4187 verbum
3410 4131 3541 4198 Dei,
3589 4140 3730 4185 lem-

2151 4227 2298 4298 plum
2331 4234 2434 4283 est.
2462 4225 2530 4280 Et
2558 4225 2604 4281 si
2632 4226 2852 4295 quidem
2884 4235 3005 4295 post
3064 4233 3347 4295 peccatum
3380 4238 3489 4278 non
3519 4223 3585 4277 ad
3617 4223 3731 4293 plc-

2152 4328 2281 4368 num
2311 4312 2512 4367 decidit
2537 4326 2569 4365 a
2600 4312 2766 4367 verbo
2802 4311 2917 4379 Dei,
2949 4313 3045 4368 sed
3080 4312 3259 4367 adhuc
3283 4310 3457 4366 salvat
3485 4326 3549 4366 ex
3577 4320 3733 4381 parte

2152 4404 2381 4475 vestigia
2416 4403 2540 4459 lidei
2571 4411 2626 4458 et
2665 4402 2945 4474 religionis
2982 4403 3038 4457 in
3073 4418 3132 4458 se
3171 4402 3552 4457 mandatorum
3601 4398 3730 4469 Dei,

476 4497 604 4543 runt
651 4504 738 4546 res
784 4489 1123 4548 «Iudaeorum.
1178 4492 1472 4566 Postquam
1523 4511 1686 4562 vero,
1747 4500 2047 4556 secundum
2081 4502 2126 4560 ι)
2157 4497 2415 4567 templum
2445 4504 2531 4551 est
2564 4510 2628 4551 ex
2662 4504 2817 4565 parte
2848 4496 3184 4552 destructum
3222 4505 3276 4551 et
3311 4509 3376 4550 ex
3408 4504 3560 4565 parte
3591 4510 3728 4550 con-

477 4580 702 4635 verbum
739 4581 912 4651 ipsius
939 4585 1085 4652 quod
1115 4584 1329 4641 dixerat
1355 4601 1371 4641 :
1402 4588 1688 4657 Auferetur
1724 4607 1757 4644 a
1794 4590 1939 4645 uobis
1970 4607 2054 4647 re-

474 4686 639 4740 gnant
661 4669 779 4737 Dei,
807 4680 859 4726 et
887 4672 1108 4727 dabitur
1140 4677 1279 4744 genti
1307 4676 1523 4745 facienti
1544 4678 1778 4748 fructum
1807 4697 1963 4736 suum
1980 4684 2048 4751 ³⁸,

474 4760 701 4818 abstth
736 4778 960 4836 regnum
992 4763 1110 4833 Dei,
1140 4776 1195 4821 et
1217 4769 1469 4839 gentibus
1501 4772 1687 4840 dedit;
1714 4781 1846 4830 tunc
1874 4783 1928 4830 ct
1956 4772 2047 4830 Jeo

476 4869 573 4911 sus
609 4865 664 4910 et
709 4870 935 4920 regnum
980 4856 1077 4913 Dei
1117 4857 1248 4914 facti
1286 4869 1416 4915 sunt
1456 4862 1597 4932 apud
1629 4873 1837 4934 gentes.
1890 4864 2048 4922 Unde

476 4961 626 5002 nunc
658 4962 761 5002 nec
783 4946 967 5017 Jesus,
1003 4966 1102 5006 nec
1129 4966 1356 5024 regnum
1387 4952 1482 5009 Dei
1516 4955 1661 5025 apud
1687 4955 1907 5014 Judteos
1944 4958 2046 5013 ha-

476 5037 657 5105 betur,
686 5038 815 5108 quia
842 5038 1015 5098 relicti
1045 5050 1171 5096 sunt
1197 5043 1335 5096 sicut
1363 5042 1761 5098 tabernaculum
1786 5045 1842 5098 in
1872 5047 2045 5111 vinea,

2151 4586 2372 4642 sistens.
2403 4583 2508 4652 Qui
2536 4593 2716 4641 autem
2747 4597 3034 4657 postquam
3066 4586 3398 4655 peccaverit,
3423 4600 3610 4642 curam
3643 4586 3729 4641 sui

2145 4694 2256 4734 non
2293 4678 2490 4746 habet,
2523 4677 2619 4735 sed
2655 4693 2871 4748 semper
2914 4692 2945 4731 a
2989 4676 3095 4732 tide
3143 4678 3418 4744 decurrit,
3461 4687 3517 4733 et
3553 4693 3584 4731 a
3619 4678 3726 4734 vita

2153 4785 2276 4840 quae
2298 4779 2385 4826 est
2405 4769 2705 4826 secundum
2739 4766 3115 4840 Evangelium,
3144 4768 3405 4838 paulatim
3436 4765 3722 4826 minuitur.

2152 4862 2327 4918 donec
2359 4861 2428 4917 ad
2466 4862 2687 4933 plenum
2721 4861 2939 4916 recedat
2988 4875 3019 4914 a
3067 4859 3176 4915 Deo
3222 4860 3455 4926 viventi,
3513 4857 3599 4912 hic
3642 4869 3725 4912 est

2155 4953 2415 5022 templum
2444 4952 2498 5007 in
2528 4967 2638 5022 quo
2671 4966 2777 5006 non
2811 4950 3153 5020 relinquatur
3177 4950 3315 5019 lapis
3347 4948 3620 5017 dogmatis
3641 4964 3728 5003 su-

2153 5062 2249 5117 per
2283 5041 2513 5117 lapidem
2543 5046 2930 5104 mandatorum
2954 5047 3078 5114 Dei,
3120 5046 3214 5117 qui
3249 5059 3354 5100 non
3388 5043 3723 5097 destruatur.

471 5139 524 5182 et
555 5130 692 5185 sicut
723 5132 906 5186 casula
932 5136 986 5185 in
1013 5136 1414 5204 cucumerario,
1449 5146 1498 5191 et
1547 5137 1683 5191 sicut
1715 5138 1904 5193 civitas
1933 5155 2052 5210 qua:
2149 5136 2259 5193 Nos
2308 5154 2438 5211 ergo
2493 5141 2808 5211 prospicere
2858 5141 3017 5197 nobis
3069 5140 3364 5201 debemus,
3431 5145 3492 5190 ut
3547 5141 3729 5192 omnis

470 5232 806 5293 expugnatur
824 5224 890 5291 ³ο,
943 5234 1163 5296 propter
1209 5225 1422 5285 facinus
1467 5230 1614 5300 quod
1656 5231 2054 5287 commiserunt
2148 5232 2438 5287 aedificatio
2476 5233 2694 5303 pietatis
2744 5235 2799 5289 in
2843 5235 3001 5290 nobis
3063 5232 3272 5302 integra
3308 5238 3634 5303 perseveret,
3671 5240 3731 5284 ut

477 5313 531 5367 in
572 5313 876 5371 Christum.
934 5315 998 5372 Et
1043 5320 1445 5390 unusquisque,
1469 5321 1772 5392 suscipiens
1825 5323 2050 5378 verbum
2149 5333 2204 5382 et
2234 5301 2507 5396 lapidibus
2536 5326 2860 5383 salutarium
2891 5327 3208 5396 dogmatum
3244 5301 3517 5389 adornall,
3543 5329 3597 5377 et
3625 5321 3727 5376 do-

472 5404 606 5474 Dei,
636 5409 896 5479 templum
943 5420 1028 5466 est
1069 5408 1205 5478 Dei,
1231 5420 1294 5466 ut
1330 5423 1475 5468 recte
1512 5415 1727 5470 dicatur
1762 5415 1829 5471 ad
1876 5430 2044 5471 eum:
2154 5420 2241 5477 nis
2283 5420 2549 5475 bonorum
2582 5435 2811 5490 operum
2861 5418 3099 5475 decorati
3141 5417 3425 5487 capiamus
3469 5416 3525 5470 in
3571 5415 3729 5469 nobis

476 5497 707 5553 Nescitis
731 5503 854 5570 quia
879 5501 1128 5571 templum
1167 5501 1264 5556 Dei
1294 5505 1444 5571 estis,
1475 5515 1524 5560 et
1554 5504 1787 5574 Spiritus
1824 5505 1921 5561 Dei
1946 5506 2045 5561 lta-
2159 5510 2250 5566 Dei
2283 5512 2563 5579 virtutem,
2598 5521 2651 5567 et
2681 5512 2934 5583 gloriam,
2959 5520 3012 5566 et
3037 5509 3341 5578 Christum,
3371 5507 3462 5581 qui
3489 5515 3574 5564 est
3592 5503 3728 5563 Ver-

471 5589 606 5642 tn'tat
652 5592 708 5644 in
742 5594 887 5649 vobis
910 5594 990 5649 ιιι
1031 5595 1418 5668 Unusquisque
1454 5612 1585 5669 ergo
1628 5613 1752 5653 cum
1796 5598 1870 5653 sit
1903 5608 2043 5654 tem-
2152 5602 2282 5657 bmn
2316 5612 2366 5658 ct
2398 5603 2662 5673 sapientia
2691 5602 2806 5658 Dei.

545 5705 1011 5785 "marinarum,
1046 5711 1134 5767 58.
1211 5714 1254 5745 "
1291 5712 1551 5785 ῑιιιιιτδρ.
1627 5714 1700 5785 ξ²⁸
1739 5712 1926 5768 Matth.
1963 5730 2054 5769 χχι

2162 5716 2211 5782 ι,
2239 5716 2294 5773 2.
2408 5704 2452 5751 έν
2489 5716 2680 5773 Matth.
2726 5731 2855 5785 XXI,
2896 5717 2986 5775 es.
3065 5717 3109 5749 ³ο
3150 5717 3252 5772 lsa.
3290 5734 3326 5783 ι,
3356 5717 3409 5772 8.
3484 5712 3731 5773 "lCor.

474 5790 555 5833 ιιι,
589 5775 670 5831 l6.
749 5780 793 5811 ³²
833 5775 1005 5837 Marc.
1045 5798 1164 5850 xui,
1210 5784 1258 5838 Ι.
1335 5783 1452 5816 ³³³⁸
1491 5782 1680 5839 Matth.
1710 5800 1878 5852 nul,
1911 5784 1998 5840 58.
