4110 6432
1804 198 1974 213 ""F-
2022 200 2491 221 '-«M4m~.s'~g

387 346 517 405 1611

1520 347 2115 409 COMMENTARIORU
2131 350 2191 403 Si“
2217 348 2479 405 SElilES.

3519 346 3652 407 tbt‘s

460 474 548 529 Sl.
591 471 653 525 Et
683 469 899 525 tertiam
948 467 1346 537 expositionem
1392 468 1695 525 introducit
1748 469 1968 538 quidam
2001 474 2047 531 Α
2077 467 2303 521 istorum
2332 508 2346 533 ,
2398 467 2658 537 quoniam
2697 467 2968 522 interdum
3000 468 3217 536 quidem
3270 469 3525 525 Pharisau
3561 486 3654 529 ιιεη

391 560 706 632 hujusmodi
739 578 753 615 :
782 559 1042 631 quoniam
1082 559 1342 628 templum
1370 569 1489 613 erat
1516 559 1608 615 Dei
1642 561 1966 616 aediﬁcatum

391 653 794 721 compositione
851 665 1168 705 sermonum
1241 651 1702 722 signiﬁcantium,
1788 654 1971 708 omnis

390 742 669 812 Scriptura
698 740 911 795 Veteris
941 739 1274 797 Testamenti
1319 743 1620 798 secundum
1680 744 1966 799 historiam

389 834 634 888 videlicet
661 842 995 888 constructa.
1026 831 1198 898 Quam
1249 833 1341 902 qui
1367 843 1791 890 construxerunt
1820 835 1970 907 Moy-

388 937 477 976 ses
526 921 607 976 vel
658 920 935 990 prophetae
986 920 1474 990 circumpositione
1525 922 1867 991 litterarum,
1917 934 1971 978 et

386 1013 727 1069 ordinatione
767 1011 1069 1077 dictorum,
1117 1012 1525 1068 aediﬁcaverunt
1562 1014 1822 1070 omnibus
1873 1016 1969 1069 ad-

388 1103 691 1157 mirandam
725 1110 949 1172 propter
981 1101 1447 1172 pulchritudinem
1480 1105 1723 1174 lapidum
1748 1147 1762 1170 ,
1802 1106 1852 1160 id
1885 1115 1967 1162 est

384 1194 681 1247 electorum
713 1194 983 1248 dictorum
1005 1234 1020 1260 ,
1066 1201 1122 1248 ct
1168 1195 1330 1250 donis
1366 1210 1628 1251 sensuum
1664 1198 1965 1252 laudando-

386 1299 530 1337 rum.
578 1282 732 1338 llanc
780 1283 1034 1354 discipuli
1078 1285 1374 1340 ostendunt
1421 1284 1549 1341 Jesu
1607 1288 1967 1357 suscipientes

384 1390 574 1429 munes
603 1373 948 1443 Scripturas;
978 1374 1046 1430 ad
1084 1390 1224 1446 quos
1249 1374 1502 1431 Christus
1530 1378 1813 1448 respondit
1839 1420 1852 1442 ,
1886 1378 1966 1431 di-

389 1481 518 1519 cens
547 1466 932 1519 destruendam
985 1480 1107 1520 esse
1153 1480 1184 1520 a
1236 1463 1411 1520 Verbo
1454 1468 1595 1545 hanc
1627 1469 1965 1535 corporalem

384 1565 439 1609 et
485 1556 716 1626 primam
767 1558 1102 1622 editionem,
1152 1565 1213 1611 ut
1265 1558 1564 1612 aediﬁcetur
1623 1558 1863 1613 divinius
1913 1569 1967 1613 et

385 1648 753 1719 mystcrialius
780 1648 1038 1716 templum
1077 1646 1375 1717 Scriptura-3
1406 1648 1651 1704 alterius.
1681 1649 1964 1721 Templum

383 1751 561 1796 autem
595 1758 716 1797 esse
762 1738 1100 1811 Seriptnram
1143 1741 1397 1811 exposuit
1425 1742 1648 1811 quidam
1683 1752 1809 1798 ante
1841 1759 1963 1800 nos.

2072 558 2292 623 cedunt,
2324 559 2437 612 sive
2464 566 2755 623 tentantes,
2807 558 2923 613 sive
2953 558 3195 627 quolibet
3222 560 3386 614 modo
3415 560 3651 615 interro‘

2069 662 2261 723 gantes
2287 670 2300 716 ;
2335 652 2606 705 interdum
2636 662 2816 706 autem
2849 650 2941 704 alii
2967 651 3179 705 discere
3211 653 3498 720 cupientes
3529 671 3542 706 :
3573 663 3657 707 ta-

2072 754 2195 795 men
2232 756 2511 809 nunquam
2547 748 2756 795 secrete
2787 739 3054 794 accedunt
3084 756 3149 793 ex
3182 740 3554 796 multitudine.
3589 740 3657 797 Et

2069 831 2300 887 forsitan
2351 847 2526 901 usque
2578 847 2724 886 nunc
2776 831 2869 901 qui
2927 831 3256 900 prmcipuam
3291 843 3657 902 susceperunt

2068 923 2260 986 vitam,
2305 933 2360 977 et
2406 931 2627 992 propter
2654 923 2757 976 hoc
2792 921 2994 976 habent
3053 920 3307 975 ﬁduciam
3341 930 3469 976 ante
3498 920 3657 977 Citri—

2069 1024 2237 1081 stum,
2265 1014 2471 1085 aliquid
2497 1014 2731 1083 amplius
2757 1013 3016 1068 habentes
3047 1028 3214 1081 quam
3245 1012 3321 1067 illi
3344 1013 3438 1082 qui
3461 1029 3525 1067 ex
3550 1013 3655 1067 lida

2067 1107 2344 1161 communi
2368 1104 2719 1161 acceduntad
2749 1103 2969 1170 Jesum,
2999 1104 3188 1158 dicunt
3239 1103 3305 1157 ad
3349 1118 3515 1158 eum:
3560 1102 3655 1157 Dic

2066 1198 2237 1263 nobis,
2266 1199 2477 1268 quando
2506 1208 2658 1251 erunt
2684 1195 2793 1250 haec
2821 1196 2845 1248 ?
2876 1195 3048 1261 Quae?
3084 1194 3239 1261 Quod
3258 1195 3334 1249 ait
3358 1213 3370 1249 :
3397 1193 3520 1248 Non
3544 1205 3653 1247 sta-

2069 1290 2141 1343 bit
2170 1291 2251 1343 hic
2277 1288 2414 1358 lapis
2463 1304 2621 1358 super
2663 1287 2894 1356 lapidem
2943 1288 3034 1356 qui
3067 1304 3168 1341 non
3200 1288 3532 1342 destruatur.
3589 1285 3656 1340 Et

2066 1397 2175 1435 non
2203 1381 2307 1434 hoc
2339 1381 2516 1434 solum
2542 1382 2755 1435 discere
2793 1380 3019 1443 volunt,
3072 1381 3164 1433 sed
3208 1380 3373 1435 etiam
3430 1378 3649 1449 signum

2067 1474 2332 1527 adventus
2353 1473 2558 1526 Christi
2592 1481 2646 1524 et
2670 1472 3169 1527 consummationis
3196 1473 3416 1536 saeculi;
3465 1481 3520 1526 et
3542 1472 3652 1530 duo

2068 1575 2256 1635 petunt
2278 1566 2348 1618 ab
2372 1579 2458 1624 eo,
2488 1565 2704 1634 signum
2730 1564 2997 1618 adventus
3032 1564 3206 1633 ipsius
3233 1604 3248 1630 ,
3297 1574 3352 1619 et
3393 1579 3653 1630 consum-

2066 1656 2324 1710 mationis
2354 1655 2561 1710 satculi.
2611 1654 2704 1709 Est
2747 1670 2881 1726 ergo
2915 1656 2968 1709 in
2998 1655 3186 1709 multis
3225 1656 3447 1724 quidem
3475 1657 3654 1712 credi-

2068 1759 2157 1802 tus
2188 1749 2452 1801 adventus
2483 1744 2604 1799 Filii
2639 1744 2733 1799 Dei
2771 1756 2822 1798 et
2873 1747 3369 1800 consummationis
3422 1748 3650 1814 saeculi,

378 1832 449 1888 Et
493 1835 749 1903 quoniam
806 1835 912 1903 .qui
964 1833 1288 1887 adversatur
1357 1842 1410 1888 et
1462 1834 1741 1888 extollitur
1795 1850 1961 1904 supra
1998 1820 2038 1874 Β
2067 1841 2336 1908 praecipue
2367 1847 2545 1891 tamen
2581 1837 2634 1890 in
2676 1837 2756 1891 eis
2789 1837 2881 1906 qui
2909 1836 3295 1905 elegantiorem
3339 1837 3505 1892 vitam
3564 1854 3650 1892 sc—

381 1941 543 1980 omne
565 1925 708 1995 quod
734 1924 935 1980 dicitur
960 1924 1124 1991 Deus,
1152 1925 1245 1995 qui
1277 1925 1429 1979 sedet
1462 1925 1515 1978 iu
1547 1926 1750 1995 templo
1783 1925 1872 1981 Dei
1892 1928 1960 1991 ⁸³,

380 2016 777 2083 Antichristus,
808 2013 980 2071 falsus
1001 2025 1087 2071 est
1115 2030 1299 2071 sermo
1327 2015 1421 2085 qui
1448 2016 1501 2069 in
1536 2015 1838 2086 Scripturis
1872 2019 1964 2073 ha-

378 2111 562 2173 betur,
597 2110 689 2178 qui
725 2109 948 2164 simulat
976 2108 1294 2173 veritatem,
1334 2108 1618 2178 proferens
1647 2108 1961 2166 testimonia

379 2202 674 2271 impiorum
733 2200 1045 2272 dogmatum
1078 2200 1144 2253 de
1176 2196 1478 2270 Scripturis
1513 2200 1714 2268 placari
1742 2201 1963 2256 aliunde

378 2295 688 2349 nolentibus
723 2315 736 2349 :
767 2303 821 2349 et
853 2294 968 2364 ipse
998 2300 1082 2348 est
1109 2292 1203 2362 qui
1231 2292 1575 2358 adversatur,
1602 2304 1657 2348 et
1686 2308 1851 2363 super
1877 2308 1961 2349 ca-

378 2386 623 2440 thedram
660 2385 1068 2455 Scripturarum
1098 2426 1114 2451 ,
1142 2393 1197 2438 et
1228 2399 1394 2455 super
1416 2384 1832 2441 aediﬁcationem
1869 2402 1961 2441 ea-

377 2494 499 2531 rum
534 2479 719 2540 sedet,
756 2478 1051 2535 ostendens
1085 2495 1144 2536 se
1173 2480 1334 2552 quasi
1369 2482 1442 2537 sit
1491 2481 1654 2537 Deus.
1697 2481 1858 2553 851
1895 2482 1960 2538 Et

378 2584 595 2638 semper
623 2578 706 2623 est
742 2570 929 2624 videre
958 2586 1239 2626 sermones
1269 2573 1562 2639 haeresum,
1604 2573 1960 2629 antichristus

377 2660 432 2712 in
478 2661 678 2731 templo
710 2661 1118 2730 Scripturarum
1169 2663 1450 2729 sedentes,
1493 2674 1545 2719 et
1585 2681 1645 2719 es
1698 2665 1832 2734 ipsis
1864 2681 1959 2720 γορ

377 2750 548 2807 lentes
579 2769 674 2808 eos
703 2754 917 2824 placare
947 2755 1039 2826 qui
1072 2755 1328 2818 audiunt,
1363 2767 1626 2826 tanquam
1665 2759 1959 2828 unusquis-

375 2860 481 2913 que
507 2860 697 2900 eorum
728 2846 844 2915 ipse
872 2847 943 2901 sit
977 2847 1117 2903 Deus
1149 2846 1383 2903 Verbum
1417 2849 1471 2903 in
1501 2847 1825 2919 Scripturis.

445 2938 534 2991 5'2.
573 2935 792 2991 Sedente
820 2948 993 2991 autem
1026 2939 1139 3006 ipso
1172 2957 1327 3006 super
1350 2950 1575 2995 montem
1606 2940 1799 2995 ()liveti
1818 2983 1832 3006 ,
1866 2958 1957 2995 ac-

374 3038 640 3081 cesserunt
677 3028 746 3080 ad
805 3045 921 3080 eum
977 3029 1229 3099 discipuli
1285 3030 1397 3098 cjtts
1449 3039 1645 3084 secreto
1678 3029 1954 3085 dicentes:

374 3119 474 3171 Dic
499 3116 646 3171 nobis
664 3118 875 3189 quando
908 3118 1018 3173 hwc
1049 3128 1226 3185 erunt,
1268 3130 1317 3174 et
1350 3121 1491 3191 quod
1518 3122 1723 3190 signum
1764 3122 1957 3176 adven-

375 3221 459 3263 tus
489 3210 566 3263 tui
598 3219 646 3263 et
695 3212 1164 3264 conmmrationis
1210 3211 1393 3266 seculi
1423 3211 1519 3265 “‘2
1574 3211 1840 3291 Egressus
1887 3211 1956 3266 de

375 3302 576 3371 templo
601 3299 758 3358 Jesus
786 3310 1074 3372 postquam
1104 3302 1242 3357 dixit
1261 3303 1327 3357 de
1352 3317 1439 3369 eo,
1470 3303 1618 3357 venit
1637 3302 1688 3357 in
1714 3313 1955 3358 montem

372 3390 591 3460 Oliveti,
619 3402 674 3447 et
712 3393 783 3447 ibi
810 3393 1033 3448 sedebat
1061 3408 1184 3448 cum
1214 3395 1499 3464 discipulis
1521 3395 1655 3450 suis.
1687 3393 1826 3450 Puto
1859 3410 1958 3449 au-

373 3493 481 3537 lctti
511 3484 836 3554 mysterium
869 3500 991 3541 esse
1023 3495 1263 3540 montem
1312 3486 1505 3541 Oliveti
1545 3484 1804 3542 Ecclesiae
1836 3503 1958 3557 qua:

370 3592 437 3630 ex
468 3577 720 3647 gentibus
753 3587 837 3633 est
864 3618 878 3643 ,
937 3577 990 3630 in
1023 3593 1131 3647 qua
1164 3587 1293 3633 sunt
1325 3578 1578 3648 plantatze
1606 3578 1785 3639 olivae,
1816 3594 1955 3648 qua-

370 3677 493 3716 rum
525 3664 753 3733 singulae
786 3672 1018 3733 possunt
1049 3663 1231 3719 dicere
1257 3682 1271 3718 :
1303 3663 1413 3734 Ego
1435 3680 1610 3719 aufem
1654 3667 1790 3719 sicut
1817 3667 1954 3721 oliva

372 3754 652 3823 fructifera
678 3754 732 3806 in
760 3754 917 3807 domo
949 3752 1046 3807 Dei
1077 3754 1140 3809 "'.
1177 3753 1430 3809 Forsitan
1464 3768 1644 3810 autem
1672 3768 1725 3810 et
1761 3757 1813 3809 itt
1852 3757 1956 3812 hoc

369 3841 646 3895 Olivarum
682 3850 863 3896 monte
892 3843 1104 3898 radices
1136 3852 1264 3897 sunt
1290 3844 1445 3898 bona:
1468 3845 1642 3899 olivzr.
1670 3844 1825 3923 Ranii
1855 3864 1955 3901 au-

371 3942 478 3985 tem
511 3933 698 3987 inserti
733 3941 861 3986 sunt
885 3933 1106 3987 oleastri
1132 3934 1175 3966 ”
1200 3936 1251 3988 in
1281 3935 1402 3989 loco
1432 3951 1712 3990 ramorum
1743 3938 1836 4008 qui
1870 3938 1953 3991 in-

372 4020 629 4077 ﬁdelitate
685 4024 896 4093 praecisi
933 4033 1076 4080 sunt.
1134 4025 1385 4097 Agricola
1436 4039 1618 4081 autem
1663 4027 1719 4082 in
1770 4039 1953 4084 monte

373 4112 617 4167 residens
644 4112 857 4179 Oliveti,
885 4113 1120 4169 Verbum
1149 4125 1234 4171 est
1272 4115 1364 4171 Dei
1390 4108 1443 4169 in
1470 4116 1709 4173 Ecclesia
1749 4120 1951 4174 contir—

371 4217 577 4260 malum
601 4206 872 4273 Christus,
905 4208 996 4279 qui
1030 4223 1243 4277 semper
1275 4208 1497 4263 oleastri
1536 4224 1723 4267 ramos
1757 4212 1951 4266 inserit

372 4298 425 4350 in
456 4298 649 4352 bonam
685 4299 882 4353 olivam
922 4308 1134 4368 patrum
1160 4296 1331 4371 Moysi
1358 4309 1410 4354 et
1446 4308 1767 4357 caeterorum
1823 4319 1951 4373 pro-

371 4389 681 4454 phetarnm,
719 4400 776 4444 ut
830 4391 1161 4459 accipientes
1213 4390 1598 4462 pinguedinem
1656 4407 1686 4446 a
1744 4396 1950 4449 sanctis

2065 1939 2303 1983 ctantur.
2342 1927 2434 1982 Est
2461 1936 2515 1981 et
2545 1928 2705 1982 aliter
2756 1927 2938 1981 videre
2982 1927 3252 1992 duplicem
3305 1926 3510 1981 Christi
3545 1929 3644 1982 ad.

2064 2028 2311 2084 ventum,
2344 2018 2395 2072 id
2422 2027 2505 2072 est
2530 2018 2822 2072 adventum
2860 2015 3018 2070 Verbi
3051 2014 3646 2093 inaniinam.Primutn

2066 2111 2285 2180 quidem
2319 2111 2502 2177 rudes,
2526 2120 2581 2165 et
2599 2120 2731 2165 tunc
2755 2109 3082 2178 incipientes
3124 2123 3457 2178 cognoscere
3488 2108 3647 2163 Chri-

2064 2211 2238 2267 stum,
2276 2202 2539 2271 quoniam
2569 2218 2676 2255 non
2707 2200 3137 2271 possuntvndere
3165 2199 3502 2255 luciditatcm
3529 2201 3651 2269 pul»

2060 2292 2418 2354 chrifudinis,
2448 2292 2638 2347 dicunt
2673 2317 2684 2347 ;
2737 2290 2979 2348 Vidimus
3004 2307 3157 2356 eum,
3199 2306 3247 2346 et
3279 2309 3381 2345 non
3424 2291 3650 2346 habebat

2063 2386 2308 2450 speciem,
2346 2401 2508 2454 neque
2529 2385 2790 2448 decorem,
2815 2384 2905 2438 sed
2922 2384 3118 2452 species
3139 2383 3254 2453 ejus
3280 2384 3554 2438 inhonesta
3580 2372 3647 2436 “.

2065 2476 2289 2546 Specins
2315 2485 2499 2530 autem
2536 2476 2825 2531 inhonesta
2856 2473 3060 2537 Verbi,
3113 2475 3277 2529 stulta
3334 2473 3648 2544 praedicatio

2055 2581 2147 2625 est
2173 2568 2238 2622 de
2261 2567 2504 2639 Christo,
2528 2568 2748 2637 quando
2770 2567 3126 2636 pradicamus
3149 2567 3427 2622 Christum
3460 2574 3646 2621 uatum

2061 2662 2480 2717 etcrucitixum.
2520 2658 2806 2715 Secundus
2861 2667 3040 2713 autem
3080 2659 3348 2712 adventus
3399 2658 3644 2724 Christi,

2062 2754 2118 2808 in
2151 2752 2284 2807 viris
2315 2750 2600 2822 perlectis;
2629 2749 2699 2804 de
2724 2750 2926 2819 quibus
2950 2750 3085 2804 dicit
3127 2751 3471 2820 dispensatur
3496 2750 3647 2815 verbi

2062 2844 2237 2914 ipsius
2263 2843 2344 2897 “:
2375 2841 2706 2911 Sapientiam
2724 2852 2900 2895 autent
2920 2840 3343 2911 loquimurinter
3361 2841 3642 2910 perfectos.

2062 2932 2127 2988 lli
2158 2942 2341 2988 autem
2387 2931 2613 3003 perfecti
2655 2941 2929 2987 amatores
2971 2930 3099 2986 facti
3130 2940 3259 2985 sunt
3284 2930 3651 3001 pulchritudi-

2062 3024 2149 3080 nis
2177 3023 2319 3095 ejus,
2351 3033 2409 3078 et
2439 3033 2635 3093 rogant
2666 3019 2901 3078 Verbum
2945 3031 3005 3076 ut
3035 3022 3284 3093 accingat
3313 3036 3372 3076 se
3405 3023 3651 3076 rationa-

1986 3156 2030 3217 ο
2063 3116 2224 3171 bilem
2256 3115 2499 3186 gladium
2529 3129 2716 3180 suum,
2765 3123 2819 3169 et
2867 3114 3249 3185 circumponat
3309 3130 3433 3170 eum
3484 3130 3656 3187 super

2060 3208 2381 3280 mysterium
2414 3207 2719 3263 nativitatis
2760 3206 3003 3261 carnalis
3028 3246 3047 3272 ,
3094 3221 3218 3275 quae
3259 3206 3527 3276 appellata
3562 3218 3647 3263 est

2060 3299 2448 3371 mysterialiter
2477 3297 2674 3353 l‘eumr.
2716 3293 3045 3368 Hujusmodi
3071 3298 3218 3351 enim
3246 3296 3500 3368 discipuli
3527 3296 3647 3352 lau-

2058 3390 2191 3446 dant
2214 3390 2680 3460 pulehritudinem
2703 3400 2758 3444 et
2776 3389 2945 3445 decus
2963 3386 3125 3445 Verbi
3147 3406 3162 3453 ;
3181 3399 3235 3444 et
3255 3387 3385 3444 huic
3406 3390 3647 3445 secundo

2054 3482 2314 3538 adventui
2341 3483 2531 3552 juncta
2559 3493 2644 3538 est
2673 3481 3077 3538 consummatio
3100 3480 3285 3534 saeculi
3322 3481 3376 3534 in
3410 3482 3529 3536 viro
3572 3481 3640 3534 ad

2055 3572 2447 3642 [n-rl‘ectioncm
2475 3572 2712 3629 venienti
2744 3581 2801 3627 et
2831 3571 3033 3627 dicenti
3061 3589 3076 3625 :
3131 3570 3266 3625 Mihi
3281 3579 3467 3647 autem
3500 3572 3641 3629 absit

2056 3665 2301 3733 glariari,
2336 3666 2439 3719 nisi
2471 3665 2526 3717 in
2569 3680 2724 3717 cruce
2772 3663 2987 3716 Domini
3032 3663 3202 3716 nostri
3234 3661 3365 3716 Jesu
3395 3661 3595 3717 Christi
3622 3706 3638 3723 .

2053 3773 2146 3825 per
2167 3772 2325 3827 quant
2349 3757 2478 3810 mihi
2494 3755 2719 3809 mundus
2737 3756 3029 3823 cruciﬁxus
3044 3762 3143 3816 est,
3163 3763 3214 3808 et
3232 3771 3326 3824 ego
3347 3756 3540 3809 mundo
3560 3755 3638 3811 “1

2056 3846 2113 3902 Si
2142 3847 2287 3902 enim
2317 3848 2552 3902 mundus
2573 3845 2868 3901 cruciﬁxus
2897 3844 3190 3915 estjustis,
3221 3846 3421 3915 quibus
3481 3862 3640 3900 muuo

2053 3939 2157 3994 dus
2185 3937 2484 3992 cruciﬁxus
2509 3945 2616 3999 est,
2643 3934 2782 3990 facta
2806 3920 2893 3990 est
2928 3935 3009 3989 eis
3037 3934 3200 3990 etiam
3234 3936 3636 3993 consummatio

2054 4027 2265 4082 mundi.
2291 4024 2611 4082 Necessario
2631 4038 2762 4094 ergo
2813 4023 2906 4094 qui
2943 4021 3147 4078 habent
3194 4024 3446 4079 lidueiam
3479 4040 3638 4080 acce-

2052 4119 2213 4175 dendi
2241 4126 2451 4175 secrete
2480 4118 2547 4172 ad
2566 4116 2875 4179 Christum,
2906 4115 2953 4170 si
2972 4114 3388 4170 voluntdisccre
3417 4115 3634 4184 signum

2050 4210 2321 4266 adventus
2349 4209 2552 4265 Christi
2591 4216 2644 4262 et
2675 4207 3168 4263 consummationis
3217 4204 3403 4260 saeculi
3428 4246 3445 4271 ,
3495 4221 3634 4276 prat-

2052 4305 2215 4360 beant
2244 4320 2304 4360 se
2336 4305 2533 4373 dignos
2563 4301 2747 4356 videre
2774 4301 3074 4356 secundum
3107 4300 3401 4353 adventum
3433 4297 3629 4367 ipsius,

2050 4405 2106 4451 et
2135 4394 2434 4451 secundum
2461 4393 2602 4462 quod
2628 4390 2953 4446 tradidimus
2978 4390 3163 4446 saeculi
3203 4389 3632 4445 consummatio-

369 4483 648 4551 propbetis
677 4498 772 4551 per
798 4482 900 4536 hoc
936 4480 1078 4551 quod
1116 4497 1336 4538 sensum
1359 4497 1549 4537 eorum
1584 4494 1744 4540 caute
1785 4486 1942 4541 intel-
1976 4503 2023 4556 ι)
2052 4501 2197 4540 ιιειιι.

369 4572 546 4643 ligunt
574 4583 629 4627 et
659 4573 983 4643 suscipiunt,
1011 4581 1066 4627 et
1084 4570 1364 4628 Christum
1384 4575 1475 4642 qui
1507 4576 1863 4645 prophetatur
1881 4577 1952 4631 ab

371 4665 497 4727 illis,
521 4664 751 4719 oﬂ‘crant
780 4663 1017 4719 lructum
1053 4663 1419 4719 abundantem
1447 4707 1463 4732 ,
1520 4675 1572 4720 et
1605 4667 1947 4737 pinguiorem

368 4757 644 4826 prioribus
679 4757 931 4812 videlicet
975 4756 1134 4812 olivis
1168 4798 1182 4821 ,
1244 4766 1464 4828 propter
1511 4759 1945 4814 maledictionem

341 4843 490 4920 quae
522 4859 642 4904 erat
694 4849 747 4902 in
782 4849 899 4920 lege
928 4848 1199 4915 decussis,
1249 4854 1308 4903 ut
1350 4863 1457 4903 non
1488 4850 1696 4917 possint
1724 4865 1846 4905 esse
1892 4852 1945 4906 in

338 5010 345 5015 _
370 4956 490 4993 usu.
521 4938 653 4993 Post
677 4938 781 4993 hoc
802 4937 1259 4995 considerandum
1280 4947 1364 4993 est
1384 4938 1538 5001 illud,
1563 4940 1820 5008 quoniam
1851 4957 1944 4996 ac-

371 5029 674 5085 cedentium
705 5030 1100 5101 discipulorum
1134 5027 1200 5083 ad
1227 5026 1446 5094 Jcsum,
1477 5031 1701 5099 quidam
1725 5032 1945 5100 quidem

371 5130 574 5174 secrete
598 5124 864 5177 accedunt
893 5124 960 5176 ad
990 5136 1115 5177 eum
1135 5162 1150 5187 ,
1178 5120 1443 5190 majorem
1483 5120 1537 5174 in
1572 5121 1676 5176 hoc
1709 5122 1830 5191 ipso
1857 5123 1953 5177 ha-

373 5208 561 5263 bentes
590 5212 838 5267 ﬁduciam
871 5213 1013 5283 apud
1040 5210 1218 5281 ipsum
1261 5213 1416 5281 quasi
1450 5212 1739 5268 domestici
1779 5214 1900 5283 ejus
1927 5255 1944 5281 ,

369 5299 502 5351 sicut
530 5314 653 5353 cum
685 5302 1081 5373 interrogarent
1109 5317 1234 5357 eum
1261 5303 1330 5357 dc
1359 5301 1631 5357 solutione
1658 5305 1946 5372 parabola-

368 5406 489 5442 ruin
513 5408 528 5453 ς
550 5391 772 5459 quidam
805 5402 984 5447 autem
1019 5408 1127 5448 non
1154 5402 1384 5454 secrete,
1422 5392 1517 5447 δοιά
1566 5392 1618 5445 in
1648 5408 1945 5456 commune

366 5498 491 5538 cum
545 5484 972 5553 interrogabant.
1033 5485 1278 5541 Observa
1342 5485 1520 5540 adhuc
1578 5485 1941 5541 diﬂ'crentiam

439 5689 484 5719 “
523 5688 568 5743 ιι
606 5689 801 5745 Thess.
834 5704 896 5751 ll,
928 5691 981 5743 ι.
1059 5690 1103 5724 ³⁸
1125 5690 1314 5745 Matth.
1350 5706 1498 5755 xstv,
1530 5690 1582 5743 5,
1659 5691 1702 5724 ³⁷
1734 5690 1878 5745 Psal.
1914 5707 1957 5744 ι.ι

2057 5690 2103 5746 Γ).
2172 5688 2394 5745 “Rosa.
2418 5705 2494 5746 si.
2522 5689 2608 5745 17.

1726 5764 1770 5792 ⁸³
1807 5761 1825 5813 ι
1861 5759 2033 5817 .loao.'
2062 5777 2123 5826 ιι,
2160 5758 2247 5816 18.

375 5754 415 5785 δε
444 5758 563 5815 Cal.
591 5777 664 5827 vi,
701 5761 791 5814 14.
869 5761 914 5791 “
946 5758 1134 5815 Matth.
1169 5778 1317 5828 xxiv,
1352 5763 1385 5816 4
1412 5772 1464 5816 et
1488 5754 1643 5831 Scim-

688 5863 965 5922 PATROL.
1012 5860 1127 5920 Cn.
1165 5861 1314 5923 Xlll

2126 4575 2215 4629 55.
2242 4572 2312 4627 Et
2341 4573 2659 4640 respondens
2686 4571 2841 4626 Jesus
2870 4572 3007 4624 dixit
3033 4572 3109 4626 eis
3134 4588 3153 4626 :
3197 4571 3375 4628 Videte
3421 4591 3484 4629 ne
3519 4578 3635 4646 quis

2051 4682 2139 4720 uos
2162 4666 2400 4720 seducat.
2447 4664 2608 4722 Multi
2637 4665 2779 4718 enim
2814 4666 3014 4719 venient
3047 4665 3101 4717 in
3147 4666 3354 4719 nomine
3403 4682 3516 4719 meo
3553 4668 3630 4720 di-

2050 4772 2221 4815 centes
2249 4759 2387 4828 quod
2418 4774 2513 4828 ego
2534 4774 2652 4813 sunt
2676 4756 2921 4812 Christus
2942 4799 2958 4823 ,
2990 4767 3037 4810 et
3070 4757 3262 4809 multos
3294 4757 3539 4811 sedarent
3565 4757 3628 4812 δ’.

2049 4852 2152 4919 Qui
2179 4850 2496 4921 simpliciter
2520 4849 2848 4918 intelligunt,
2893 4848 3225 4903 arbitrantur
3241 4847 3385 4918 quod
3415 4847 3517 4901 hoc
3540 4863 3630 4901 so-

2049 4945 2163 4998 lum
2194 4944 2309 4998 haec
2354 4942 2519 4997 verba
2572 4940 2876 5012 signiﬁcant
2904 4980 2918 5004 ,
2966 4939 3226 5010 quoniam
3279 4936 3430 4991 multi
3476 4949 3635 4991 erant

2049 5032 2265 5087 venturi
2297 5031 2541 5086 christos
2568 5045 2626 5085 se
2654 5038 2984 5095 asserentes,
3009 5028 3269 5082 habentes
3300 5028 3353 5081 in
3384 5043 3443 5082 se
3464 5028 3628 5082 etiam

2049 5123 2315 5194 quasdam
2349 5121 2579 5176 virtutes
2612 5119 2914 5185 mirandas,
2940 5127 2993 5173 et
3017 5118 3183 5172 verba
3214 5117 3414 5186 quibus
3431 5132 3631 5187 puero--

2050 5224 2175 5270 cent
2197 5213 2396 5268 multos
2414 5212 2481 5266 ad
2511 5211 2864 5274 credendum,
2896 5209 2989 5278 qui
3012 5209 3208 5280 dignos
3237 5208 3552 5264 seductione
3572 5224 3631 5264 se

2048 5304 2399 5376 prwbueritit.
2427 5301 2668 5358 Joannes
2699 5310 2878 5356 autem
2908 5301 2962 5356 in
2995 5300 3235 5371 Epistola
3262 5317 3359 5356 sua
3393 5300 3442 5332 “
3463 5300 3626 5354 dicit:

2052 5398 2117 5452 Et
2142 5399 2280 5452 sicut
2306 5395 2536 5451 audistis
2561 5394 2811 5464 quoniam
2848 5392 3208 5447 Autichristus
3232 5393 3397 5447 veniet
3425 5432 3439 5457 ,
3488 5407 3626 5445 nunc

2010 5518 2015 5521 -
2050 5485 2352 5541 antichristi
2398 5484 2555 5538 multi
2588 5483 2718 5553 [acti
2768 5496 2924 5549 sunt;
2965 5483 3102 5538 unde
3150 5484 3347 5538 scimus
3377 5486 3624 5556 quoniam

2704 5690 2746 5721 ⁸⁹
2777 5688 2878 5743 lsa.
2901 5702 3023 5744 uti.
3052 5687 3106 5742 3.
3190 5685 3246 5717 λθ
3274 5685 3444 5743 lCor.
3482 5701 3542 5759 tt,
3570 5685 3624 5746 6.

3273 5854 3351 5915 52
