4110 6438
532 319 668 371 ili-i5

1720 320 2043 375 UIlIGENIS
2077 322 2141 376 IN
2180 324 2599 381 MKTTHASUM

3654 329 3784 382 Hi“

528 431 815 486 novissima
848 434 1102 509 not-aest.
1140 428 1302 484 Docet
1332 429 1418 484 bis
1449 429 1648 495 verbis,
1687 446 1851 486 omne
1881 433 2105 488 verbum
2140 440 2181 497 Α
2214 452 2351 503 ram,
2377 446 2436 492 ιιι
2461 438 2625 493 etiam
2658 438 2998 494 nativitatem
3048 438 3254 493 subiret
3311 454 3373 494 ex
3430 437 3651 510 Virgine
3681 479 3695 505 ,
3733 453 3785 495 et

527 524 676 592 quod
708 537 740 578 a
769 519 1346 581 veritatekextrancum
1365 528 1542 585 est,et
1566 521 1839 577 asseritse
1868 520 2105 578 Verbum

522 633 649 673 esse
676 616 792 681 Dei,
823 618 1222 674 Anticltristum
1250 632 1395 680 esse,
1421 614 1500 670 sic
1523 616 1670 674 enim
1718 616 1976 685 possibile
2022 624 2106 671 est

522 706 825 779 intelligere
854 708 999 778 quod
1030 708 1145 762 ait:
1178 707 1245 762 Et
1281 724 1421 762 nunc
1453 706 1753 762 antichristi
1784 707 1938 762 multi
1970 708 2105 776 [acti

522 811 666 865 sunt,
698 816 823 856 eum
855 817 1022 856 unum
1054 801 1148 863 sit,
1179 801 1325 870 quod
1362 809 1447 855 est
1479 815 1687 855 verum.
1722 800 1877 855 Sicut
1918 809 2102 855 autem

522 890 838 946 manifestat
894 892 1123 947 historia
1179 891 1499 954 lectionum.
1530 907 1638 945 non
1692 891 1847 946 multi
1884 891 2105 946 fuerunt

521 984 771 1039 homines
802 983 857 1037 in
892 992 1135 1054 tempore
1188 983 1564 1054 apostolorum
1612 984 1707 1053 qui
1759 984 1996 1039 cbristos
2045 999 2105 1039 se

518 1090 643 1131 esse
660 1076 944 1142 dixerunt,
983 1075 1088 1131 nisi
1122 1074 1262 1131 forte
1288 1074 1586 1131 Dositheus
1618 1073 1935 1138 Samarens.
1961 1076 2104 1132 unde

516 1178 572 1222 et
599 1167 917 1223 Dositbeani
950 1167 1242 1232 dicuntur;
1288 1174 1343 1221 et
1392 1165 1581 1221 Simon
1613 1167 1679 1222 de
1714 1182 1824 1237 quo
1863 1166 2104 1222 referunt

516 1260 686 1313 Actus
717 1259 1117 1328 apostolorum,
1165 1257 1261 1327 qtti
1296 1270 1356 1312 se
1390 1255 1656 1312 Virtutem
1690 1273 1812 1313 esse
1842 1257 1933 1311 Dei
1983 1273 2099 1312 ma-

517 1365 682 1419 gnam
705 1347 1118 1419 pronuntiabat.
1156 1346 1364 1403 Pratcr
1390 1349 1489 1402 bos
1518 1363 1696 1417 neque
1721 1357 1847 1402 ante
1873 1388 1887 1414 ,
1923 1365 2102 1420 neque

516 1440 866 1510 postmodum
899 1439 1142 1505 fuerunt,
1175 1446 1441 1508 quantum
1476 1438 1542 1492 ad
1582 1439 1869 1493 scientiam
1896 1454 2096 1494 meam.

518 1533 623 1587 Sed
646 1533 828 1587 omnis
852 1546 1034 1587 sermo
1060 1530 1152 1600 qui
1184 1531 1471 1599 prolitetur
1511 1532 1911 1601 expositionem
1950 1530 2099 1587 Scri-

516 1636 801 1693 pturarum
823 1632 879 1679 et
905 1624 1062 1677 fidem
1092 1637 1307 1689 earum,
1333 1638 1442 1675 non
1470 1631 1654 1678 autem
1693 1623 1857 1678 habet
1897 1625 2100 1679 verita-

516 1727 648 1783 tem,
679 1716 826 1786 juste
852 1712 1224 1768 Antichristus
1244 1727 1368 1769 esse
1400 1713 1788 1785 intelligendus
1815 1726 1900 1772 est
1928 1758 1944 1783 ,
2006 1733 2098 1774 ve-

518 1810 674 1864 niens
703 1810 755 1862 in
789 1807 1011 1863 nomine
1038 1807 1268 1873 Christi,
1312 1816 1373 1863 et
1418 1808 1609 1864 dicens
1654 1810 1802 1879 quod
1835 1826 1936 1879 ego
1978 1827 2097 1866 sum

512 1900 786 1965 Christus,
813 1902 1104 1967 mentiens,
1140 1909 1195 1955 et
1231 1899 1457 1954 minime
1476 1908 1671 1969 potens
1693 1903 1979 1958 ostendere
2008 1919 2098 1958 ve-

508 1993 688 2047 ritatis
711 1991 942 2046 formam
980 1992 1034 2047 in
1063 2007 1142 2047 se.
1174 1991 1239 2047 Et
1268 1991 1534 2062 quoniam
1565 1994 1646 2050 eis
1672 1995 1767 2064 qui
1792 1996 2097 2052 discutiunt

509 2086 671 2141 verba
696 2084 993 2155 Scriptura:
1023 2085 1098 2140 uti
1125 2083 1407 2141 inveniant
1429 2100 1651 2142 sensum
1671 2086 1811 2158 ejus,
1842 2087 2099 2159 frequen-

510 2188 594 2232 ter
639 2187 940 2234 occurrunt
975 2178 1200 2248 quidam
1239 2178 1548 2234 intellectus
1581 2179 1739 2250 quasi
1769 2181 1923 2238 veri.
1971 2196 2094 2235 cum

510 2286 619 2325 non
650 2270 817 2342 852
847 2270 959 2327 sint
997 2270 1128 2337 veri,
1172 2270 1467 2341 aliquando
1499 2281 1679 2327 autem
1724 2273 2012 2327 traduntur
2043 2280 2098 2327 et

509 2361 578 2416 ab
609 2363 731 2416 aliis
755 2361 1149 2417 verisimilibus
1172 2362 1430 2420 coloratis
1463 2362 1811 2429 sermonibus
1832 2401 1848 2427 ,
1894 2376 1954 2419 ut
1986 2379 2094 2418 non

509 2451 671 2507 facile
717 2452 1030 2508 inveniatur
1056 2453 1151 2523 qui
1176 2468 1343 2509 verus
1369 2461 1455 2509 est
1484 2467 1680 2509 sensus
1706 2495 1722 2521 ,
1769 2454 2091 2526 priusquam

508 2545 774 2601 adversus
805 2546 1103 2602 mendaces
1125 2546 1567 2603 existimationes
1619 2546 1877 2604 inventus
1926 2546 2094 2604 fuerit

505 2638 687 2692 verior
704 2653 901 2694 sensus
924 2648 980 2693 et
1007 2639 1255 2694 firmior-2
1290 2646 1581 2709 propterea
1603 2647 1738 2709 puto
1758 2639 1906 2709 quod
1932 2640 2094 2696 Chri-

506 2740 625 2784 stus
657 2730 725 2784 ad
758 2729 1245 2799 interregationem
1303 2729 1700 2800 discipulorum
1743 2745 1970 2787 suorum
2006 2731 2092 2787 di-

503 2820 742 2877 centium
771 2838 785 2874 :
813 2821 1040 2886 Quando
1065 2820 1178 2876 qu-
1196 2832 1348 2876 erttnt
1364 2820 1394 2876 .9
1420 2823 1633 2894 etquod
1651 2823 1862 2893 signum
1893 2823 2090 2879 adrect-

506 2922 590 2967 tus
634 2914 749 2978 tui,
784 2924 834 2968 et
879 2916 1357 2970 consummationis
1405 2914 1729 2972 secutifita
1760 2917 2086 2988 respondit:

514 3004 695 3061 Videte
716 3022 780 3060 ne
802 3006 918 3076 quis
947 3022 1036 3061 vos
1058 3004 1296 3062 seducet.
1324 3006 1481 3061 Multi
1503 3008 1643 3061 enim
1667 3008 1868 3063 venient
1904 3010 1960 3063 in
1986 3026 2086 3063 tto-

2211 538 2441 585 mortem
2464 530 2644 587 crucis
2677 530 2938 600 suscepit,
2971 538 3023 585 et
3052 530 3293 585 surrexit
3333 545 3363 584 a
3420 530 3653 586 mortuis
3679 569 3695 596 ,
3739 538 3782 589 (ἢ

2209 618 2480 674 deificavit
2549 634 2714 690 quam
2779 628 3093 688 susceperat
3158 617 3454 672 humanam
3511 629 3785 673 naturam.

2206 709 2403 764 Adhuc
2442 720 2622 764 autem
2653 719 2705 765 et
2742 710 2809 766 de
2861 708 3064 780 Spiritu
3100 718 3294 764 sancto
3317 748 3333 775 ,
3381 710 3641 779 quoniam
3676 712 3788 782 ipse

2208 799 2297 855 ille
2325 799 2431 854 fuit
2466 800 2517 854 in
2551 800 2879 870 patriareliis
2910 808 2964 854 et
2997 800 3275 871 prophetis
3301 841 3316 866 ,
3347 802 3443 872 qui
3489 813 3678 872 postea
3736 804 3787 859 in

2207 892 2472 962 apostolis
2503 892 2663 947 datus
2695 902 2798 958 est,
2831 899 2886 946 et
2927 893 2994 945 de
3020 891 3421 947 resurrectione
3447 901 3787 948 mortuorum

2206 983 2349 1039 sicut
2376 983 2728 1055 Evangelium
2752 983 3229 1039 doceteertissime
3254 985 3505 1053 credunt,
3534 994 3588 1041 et
3606 987 3787 1041 omnia

2205 1090 2545 1146 quaecunque
2573 1073 2826 1130 feruntur
2869 1074 2923 1128 in
2971 1072 3251 1129 Ecclesiis.
3304 1075 3379 1131 De
3429 1077 3552 1133 aliis
3605 1088 3785 1133 autem

2205 1182 2313 1222 non
2350 1168 2562 1237 paucis,
2593 1176 2773 1222 tamen
2797 1165 3062 1231 modicis,
3114 1182 3255 1222 nova
3313 1180 3627 1239 proponunt
3690 1173 3784 1225 do-

2207 1269 2410 1328 gmata,
2440 1269 2493 1314 et
2539 1259 2639 1330 ipsi
2663 1260 2848 1329 utique
2880 1268 3009 1315 sunt
3035 1276 3098 1314 ex
3128 1260 3236 1315 illis
3262 1261 3357 1331 qui
3391 1263 3729 1317 seducuntur
3755 1280 3784 1319 a

2206 1350 2360 1406 falsis
2391 1352 2776 1416 intellectibus,
2801 1361 2856 1407 et
2889 1351 3068 1408 verbis
3101 1352 3449 1409 venientibus
3476 1354 3531 1408 in
3564 1357 3786 1411 nomine

2199 1440 2425 1506 Christi,
2454 1442 2547 1512 qui
2579 1451 2666 1499 est
2708 1441 2944 1498 Verbum
2987 1450 3042 1498 et
3074 1443 3292 1498 veritas.
3326 1443 3390 1499 Et
3431 1445 3635 1500 malum
3665 1449 3778 1518 qui-

2201 1533 2322 1588 dem
2357 1545 2442 1590 est
2466 1535 2713 1590 invenire
2733 1535 2970 1606 aliquem
2996 1538 3299 1592 secundum
3332 1552 3515 1593 mores
3544 1539 3666 1594 vita:
3693 1556 3784 1592 er-

2202 1634 2436 1692 rantem,
2481 1627 2655 1681 multo
2687 1628 3056 1699 autempejus
3106 1629 3346 1684 arbitror
3405 1645 3529 1687 esse
3584 1631 3637 1684 in
3690 1634 3783 1685 do-

2204 1716 2477 1787 gmatibus
2510 1718 2765 1773 aberrare
2792 1727 2972 1773 etnon
3003 1719 3303 1774 secundum
3332 1718 3674 1774 verissimam
3710 1736 3783 1774 re-

2203 1808 2382 1878 gulam
2412 1806 2822 1878 Scripturarum
2861 1810 3086 1865 sentire.
3120 1809 3390 1877 Quoniam
3415 1811 3558 1866 sicut
3584 1810 3677 1884 [si]
3727 1814 3780 1867 in

2200 1900 2436 1970 peccatis
2462 1900 2786 1957 mortalibus
2828 1901 3087 1973 puniendi
3117 1896 3349 1970 sumus,'
3390 1902 3626 1974 amplius
3652 1920 3779 1975 pro-

2198 2000 2319 2062 pter
2352 1992 2606 2063 dogmata
2647 1990 2785 2049 falsa
2848 2002 3154 2064 peccantes.
3204 1993 3260 2048 Si
3311 1993 3456 2049 enim
3514 1993 3782 2051 sufficeret

2197 2082 2544 2138 conversatio
2573 2098 2789 2139 morum
2820 2084 3088 2139 bonorum
3151 2083 3467 2139 hominibus
3514 2085 3582 2140 ad
3635 2087 3780 2141 salu-

2198 2183 2328 2238 tent,
2373 2174 2649 2244 quomodo
2681 2175 2825 2246 apud
2880 2183 3066 2246 gentes
3112 2175 3420 2248 pbilosotmi
3448 2218 3463 2242 ,
3497 2189 3592 2232 aut
3637 2181 3779 2249 apud

2198 2264 2487 2321 hatretieos
2532 2267 2687 2321 mttlti
2744 2266 3091 2322 continenter
3132 2267 3379 2323 viventes
3425 2283 3776 2340 nequaquam

2197 2354 2499 2421 salvantur,
2533 2357 2691 2426 quasi
2723 2356 3051 2412 obscurante
3073 2366 3126 2412 et
3156 2355 3474 2413 sordidante
3495 2374 3779 2416 conversa-

2195 2447 2400 2503 tionem
2433 2464 2623 2504 eorum
2673 2448 2945 2520 dogmatis
2988 2448 3263 2505 falsitate?
3292 2448 3545 2506 Arbitror
3593 2462 3776 2507 antem

2194 2540 2456 2611 quoniam
2493 2541 2800 2613 generalem
2830 2541 3154 2596 munditiam
3182 2557 3303 2613 quae
3335 2550 3420 2598 est
3449 2558 3557 2597 non
3598 2543 3776 2599 solum

2194 2631 2248 2686 in
2280 2633 2514 2700 actibus,
2547 2632 2644 2688 sed
2669 2633 2834 2688 etiam
2868 2632 2922 2687 in
2948 2634 3174 2689 scientia
3202 2672 3216 2697 ,
3269 2635 3457 2690 volens
3485 2635 3776 2691 ostendere

2194 2738 2376 2780 sermo
2434 2724 2488 2779 in
2534 2724 2748 2794 psalmo
2795 2724 3054 2780 vicesimo
3105 2725 3267 2780 tertio
3290 2724 3373 2790 “,
3408 2724 3583 2781 dicit:
3642 2724 3775 2791 Quis

2193 2817 2439 2871 ascendet
2469 2815 2523 2870 in
2549 2825 2775 2870 montem
2811 2814 3049 2882 Domini,
3100 2824 3192 2870 aut
3225 2816 3344 2887 quis
3375 2815 3540 2870 stabit
3569 2817 3625 2871 in
3657 2817 3776 2872 loco

2191 2920 2375 2964 sancto
2408 2909 2563 2978 ejus?
2586 2907 2846 2964 Innocens
2883 2908 3125 2964 manibus
3151 2948 3166 2974 ,
3218 2918 3267 2962 et
3315 2925 3448 2978 puro
3497 2908 3673 2965 corde.
3718 2910 3774 2965 Ιιι

2188 2998 2501 3056 Proverbiis
2520 3009 2702 3055 autem
2734 2999 2781 3031 “
2815 3018 2828 3054 :
2856 2999 2989 3065 Quis
3017 3000 3339 3071 gloriabitur
3368 3011 3575 3056 castum
3605 3020 3659 3057 se
3678 3003 3777 3056 Im-

504 3099 643 3152 mine
664 3108 777 3151 meo
803 3099 1035 3152 dicentes
1055 3114 1074 3152 :
1103 3097 1217 3169 Ego
1242 3110 1359 3152 sum
1383 3097 1654 3165 Christus,
1690 3109 1740 3153 et
1776 3100 1972 3155 multos
2003 3118 2085 3155 se-
2113 3114 2157 3176 ρ
2191 3089 2307 3145 θεῖε
2327 3108 2438 3155 τον,
2467 3103 2561 3147 aut
2585 3093 2704 3163 quis
2727 3092 2960 3161 conﬁdat
2989 3092 3243 3146 mundum
3285 3109 3339 3147 δε
3374 3110 3486 3149 esse
3521 3112 3553 3148 a
3582 3111 3739 3165 pecco
3757 3124 3775 3136 -

502 3190 710 3243 ducent.
738 3186 875 3244 Vere
900 3190 1043 3244 enim
1074 3190 1166 3260 qui
1196 3190 1383 3259 impiet
1410 3190 1546 3245 illud
1584 3192 1901 3248 mandatum
1935 3195 2082 3264 quod

501 3284 579 3336 ait
605 3299 618 3334 :
650 3279 835 3335 fluore
855 3282 1133 3352 prudentes
1160 3282 1548 3346 nummularii;
1573 3282 1773 3338 etillud
1807 3285 1950 3354 quod
1971 3286 2082 3341 ait:

506 3372 701 3428 Omnia
729 3373 948 3444 probate
978 3389 999 3428 :
1024 3375 1163 3444 quod
1211 3372 1403 3427 bonum
1453 3386 1532 3428 est
1577 3383 1782 3429 tenete:
1831 3377 1896 3431 tib
1939 3379 2084 3432 omni

501 3469 667 3536 specie
691 3466 834 3521 mula
860 3464 1121 3522 abstinete
1144 3482 1233 3522 vos
1256 3466 1323 3534 “,
1348 3467 1553 3523 multos
1585 3466 1787 3523 videbit
1837 3470 2020 3524 seduci
2050 3486 2081 3525 a

500 3557 1072 3614 ntuttisinteilectibus
1119 3565 1174 3612 et
1228 3557 1407 3613 verbis
1454 3556 1842 3629 profitentibus
1872 3574 1994 3614 esse
2024 3575 2083 3614 se

495 3648 776 3705 Clu-istum
808 3647 902 3704 Dei
936 3645 1196 3702 Verbum.
1230 3646 1297 3702 Et
1320 3649 1528 3703 utinam
1546 3649 1647 3705 soli
1676 3650 1770 3720 qui
1800 3662 1950 3705 extra
1976 3649 2078 3705 Ec-

496 3741 720 3797 clesiam
758 3750 887 3797 sunt
936 3741 1368 3805 seducerentur,
1416 3739 1574 3797 facile
1620 3750 1738 3797 erat
1765 3756 1957 3796 cavere
1986 3757 2078 3796 sc-

494 3833 831 3888 ductionem.
860 3830 1015 3886 Nunc
1051 3842 1232 3887 autem
1267 3812 1369 3903 ipsi
1394 3832 1489 3903 qui
1523 3833 1851 3903 proﬁtentur
1879 3847 1938 3887 se
1973 3847 2077 3887 cca

496 3928 834 3984 sicsiasticos
854 3943 995 3993 esse,
1030 3926 1097 3983 de
1124 3928 1456 3984 necessariis
1487 3927 1798 3997 quibusque
1823 3926 2078 3996 capitulis

497 4020 758 4076 falluntur
781 4030 836 4075 et
859 4021 1218 4086 seducuntur,
1264 4020 1410 4075 sicut
1443 4019 1558 4089 ipsa
1582 4018 1857 4074 dissensio
1885 4033 2074 4072 eorum

491 4113 868 4169 testimonium
898 4121 984 4168 est
1005 4148 1020 4176 ,
1063 4111 1327 4182 quoniam
1371 4119 1423 4164 et
1451 4110 1543 4180 qui
1578 4111 1722 4165 intus
1756 4120 1883 4165 sunt
1912 4110 2076 4165 sedu—

493 4214 712 4263 cuutur.
740 4202 847 4259 Sed
868 4212 1284 4273 consequenter,
1310 4203 1769 4273 quemadmodum
1797 4203 1936 4257 solet
1954 4216 2078 4256 esse

490 4301 545 4355 in
575 4298 888 4355 errantibus
921 4310 1022 4366 per
1051 4295 1167 4350 vias
1200 4293 1300 4349 ltas
1328 4294 1639 4364 corporales
1661 4290 1964 4349 diﬁcrentia
1990 4307 2076 4347 cr-

491 4392 634 4447 roris
659 4435 675 4460 ,
705 4399 759 4445 et
784 4390 1005 4460 quidam
1042 4387 1263 4458 quidem
1294 4387 1458 4442 etiam
1482 4396 1672 4442 contra
1691 4387 1862 4457 ipsam
1890 4386 2072 4457 publi-

2188 3180 2300 3233 tis?
2329 3178 2592 3235 Mundam
2618 3195 2749 3252 ergo
2779 3180 2943 3237 corde
2967 3190 3020 3236 et
3048 3189 3259 3236 castum
3278 3184 3441 3238 corde
3472 3200 3578 3238 non
3602 3185 3771 3240 alium

2186 3271 2424 3328 arbitror
2444 3286 2588 3339 esse,
2624 3272 2727 3328 nisi
2758 3289 2884 3328 eum
2930 3273 3024 3344 qui
3056 3275 3125 3329 ab
3163 3275 3312 3330 omni
3344 3275 3597 3348 dogmate
3631 3278 3772 3333 falso

2186 3364 2452 3419 mundum
2474 3372 2537 3418 et
2566 3372 2778 3420 castum
2812 3366 3054 3434 possidet
3079 3381 3208 3433 eor;
3231 3366 3312 3422 sic
3337 3377 3391 3423 et
3420 3368 3767 3424 innocentem

2184 3454 2438 3509 inanibus
2465 3461 2520 3506 et
2545 3454 2810 3508 mundum
2850 3469 2881 3509 a
2926 3453 3165 3524 peccatis
3192 3470 3316 3510 eum
3348 3455 3602 3510 existimo
3644 3472 3769 3511 esse

2183 3547 2277 3616 qui
2313 3546 2364 3600 in
2395 3546 2607 3601 actibus
2635 3544 2757 3600 Vita:
2788 3560 2902 3601 sua:
2935 3545 3428 3617 irreprebensibilis
3443 3555 3544 3601 est.
3571 3545 3767 3601 Scien-

2182 3636 2313 3691 dum
2343 3646 2428 3693 est
2463 3646 2645 3692 autem
2674 3637 2957 3706 quoniam,
3005 3646 3272 3707 quantum
3329 3639 3394 3692 ad
3439 3639 3720 3693 veritatem
3750 3678 3767 3702 ,

2184 3728 2523 3799 impossibile
2553 3737 2635 3784 est
2662 3742 2784 3782 esse
2813 3727 3049 3799 aliquem
3084 3729 3434 3784 innocentem
3466 3727 3722 3784 manibus
3750 3770 3768 3793 ,

2183 3829 2236 3874 et
2287 3819 2552 3875 mundum
2588 3835 2618 3874 a
2647 3819 2883 3890 peccatis
2912 3857 2928 3884 ,
2980 3828 3040 3873 ut
3082 3835 3189 3874 non
3225 3820 3296 3875 sit
3323 3836 3496 3890 purus
3526 3822 3688 3876 corde
3714 3831 3770 3875 et

2185 3919 2369 3966 castus
2428 3926 2461 3966 a
2523 3911 2869 3982 tiOgmatibus
2926 3909 3099 3977 falsis,
3138 3912 3279 3967 sicut
3314 3912 3625 3967 econtrario
3664 3911 3770 3967 im-

2184 4000 2443 4073 possibile
2470 4014 2553 4059 est
2582 4004 2846 4059 mundum
2871 4004 3088 4074 quidem
3112 4014 3164 4059 et
3199 4013 3410 4060 castum
3449 4020 3571 4062 esse
3599 4006 3767 4061 corde

2183 4110 2214 4151 a
2242 4097 2586 4167 dogmatibus
2638 4096 2827 4165 falsis,
2862 4108 3055 4151 utnon
3091 4097 3160 4151 sit
3198 4100 3458 4153 innocens
3507 4098 3767 4153 manibus

2182 4200 2239 4245 et
2270 4190 2508 4244 mundus
2530 4205 2561 4245 a
2594 4189 2849 4260 peccatis.
2880 4187 3006 4244 Haec
3051 4188 3194 4242 enim
3231 4187 3553 4242 alterutrum
3583 4203 3641 4243 se
3676 4203 3765 4241 se-

2182 4290 2426 4351 quuntur
2457 4290 2638 4335 etnon
2674 4287 2997 4348 separantur
3020 4278 3088 4332 ab
3109 4277 3364 4344 invicem,
3389 4292 3571 4333 sermo
3603 4294 3761 4331 mun-

2181 4372 2285 4428 dus
2318 4371 2372 4426 in
2403 4372 2585 4426 anima
2613 4379 2666 4424 et
2699 4371 2806 4425 vita
2835 4369 3350 4440 irreprebensibilis.
3379 4368 3762 4424 kbundant‘us

491 4501 610 4539 eam
639 4483 781 4537 viam
809 4497 932 4551 qua,
956 4480 1242 4550 quam”,
1273 4478 1481 4533 “dum
1521 4486 1790 4538 errantes,
1837 4479 1929 4533 alii
1968 4494 2070 4533 au-
2104 4460 2149 4515 D
2178 4475 2360 4521 autem
2391 4465 2459 4522 de
2505 4464 2747 4535 capitulo
2789 4463 2882 4517 illo
2927 4463 3282 4519 tractavimus
3305 4503 3321 4527 ,
3350 4461 3607 4517 docentes
3658 4477 3763 4516 nos

492 4589 598 4632 tem
634 4574 912 4629 modicum
942 4571 1148 4642 aliquid
1177 4571 1247 4625 de
1275 4569 1469 4625 semita
1504 4579 1648 4624 reeta
1679 4570 1972 4634 declinant,
2011 4579 2070 4625 ut

492 4671 602 4724 sint
628 4664 997 4721 revocabiles:
1035 4670 1089 4717 et
1120 4661 1304 4715 multm
1333 4669 1461 4715 sunt
1485 4658 1786 4715 errantium
1808 4659 2068 4714 differen—

492 4767 616 4818 tiae:
661 4761 766 4815 hoc
799 4755 963 4812 modo
993 4755 1244 4810 videmus
1269 4753 1432 4808 etiam
1481 4768 1580 4807 eos
1629 4750 1722 4821 Qui
1776 4766 1807 4805 a
1841 4752 2069 4804 veritate

486 4856 761 4910 aberrant.
789 4848 855 4903 Et
877 4846 1183 4902 Mareiones
1213 4843 1454 4914 quidem,
1478 4853 1530 4898 et
1560 4843 1846 4907 Basilides,
1881 4853 1936 4897 et
1960 4839 2069 4894 Ya-

488 4943 790 5006 lentiniani,
816 4948 870 4995 et
897 4938 1183 5009 Apriliahi.
1213 4945 1269 4991 et
1293 4933 1525 5005 Opima,
1553 4934 1783 4989 multum
1805 4948 1837 4987 a
1871 4945 2067 5001 propo-

487 5040 587 5090 sita
615 5041 802 5088 errant
831 5031 937 5094 via,
966 5028 1060 5100 qui
1093 5026 1320 5082 omnino
1355 5026 1626 5081 contraria
1656 5024 1878 5094 sapiunt
1922 5022 2067 5078 veri-

487 5129 603 5183 tati.
630 5123 861 5191 Quidam
887 5130 1068 5176 autent
1101 5118 1172 5175 de
1199 5118 1434 5189 publicis
1453 5117 1679 5187 quidem
1720 5124 1776 5170 et
1828 5111 2065 5169 manife-

484 5219 588 5275 stis
620 5213 874 5284 capitulis
905 5224 1013 5266 non
1057 5209 1386 5265 dissentiunt
1417 5224 1430 5261 :
1482 5214 1672 5276 utpnta
1702 5204 1770 5258 de
1806 5219 1917 5257 uno
1952 5202 2063 5257 Deo

486 5312 575 5382 qui
599 5310 770 5379 legem
792 5316 846 5360 et
865 5302 1217 5374 Evangelium
1247 5300 1395 5356 dedit
1431 5337 1447 5362 ,
1480 5306 1576 5351 aut
1598 5297 1666 5351 de
1687 5294 1907 5350 Christo
1932 5293 2063 5350 Jesu

483 5392 843 5468 primbgcnito
869 5391 1137 5447 universa:
1162 5393 1432 5445 creatura:
1455 5424 1472 5448 ,
1513 5384 1607 5454 qui
1639 5383 1693 5438 in
1747 5385 1854 5437 line
1878 5382 2063 5438 saeculi

481 5489 780 5544 secundum
801 5482 1220 5557 praedicationes
1242 5480 1629 5552 prophetarum
1653 5476 1802 5531 venit
1822 5477 1874 5531 in
1903 5492 2064 5531 mun-

480 5581 631 5643 dum,
667 5591 721 5634 et
752 5576 993 5646 suscepit
1028 5575 1080 5629 in
1117 5588 1175 5629 se
1204 5588 1387 5628 veram
1416 5572 1668 5627 humana:
1692 5570 1874 5624 carnis
1903 5579 2062 5625 natu-

2179 4558 2331 4628 ipsos
2354 4557 2655 4613 secundum
2686 4571 2748 4610 ea
2779 4572 2899 4624 quae
2929 4555 3045 4612 visa
3083 4565 3212 4610 sunt
3242 4554 3402 4609 nobis
3436 4555 3490 4608 itt
3523 4554 3667 4619 loco,
3701 4566 3761 4609 ut

2174 4649 2554 4704 custodiamus
2576 4663 2676 4721 nos
2711 4648 2779 4701 ab
2818 4648 2967 4702 omni
3002 4663 3187 4703 errore
3223 4646 3486 4701 falsorum
3533 4645 3760 4716 degma-

2176 4748 2313 4803 tum,
2329 4741 2441 4795 sive
2453 4740 2519 4795 de
2542 4738 2846 4794 manifestis
2868 4747 2919 4793 et
2940 4737 3332 4809 principalibus
3346 4734 3617 4806 capitulis,
3642 4735 3760 4789 sive

2175 4832 2241 4887 de
2262 4832 2345 4888 bis
2361 4847 2481 4901 qua:
2494 4832 2748 4886 videntur
2768 4828 3000 4905 minora,
3018 4838 3075 4883 ut
3098 4830 3386 4884 audiamus
3403 4828 3496 4898 qui
3517 4826 3653 4882 dixit
3678 4825 3752 4880 5‘z

2176 4923 2297 4981 Non
2327 4926 2664 4981 dectiuabitis
2686 4924 2755 4978 ad
2778 4922 3482 4990 dexteram,autsinistram
3510 4936 3530 4986 ;
3577 4921 3646 4975 ab
3688 4935 3754 4972 eo

2172 5017 2265 5087 qui
2284 5016 2419 5072 dixit
2435 5016 2508 5071 δεῖ
2537 5015 2649 5088 Ego
2675 5032 2792 5071 sum
2816 5017 2922 5070 via.
2948 5013 3057 5070 Nec
3078 5013 3425 5078 seducamur,
3445 5013 3539 5067 sed
3562 5012 3753 5081 vigile-

2172 5122 2318 5172 mus,
2360 5124 2428 5164 ne
2469 5109 2596 5180 quis
2635 5125 2738 5165 nos
2766 5109 2917 5165 fallat
2949 5122 3142 5164 eorum
3175 5106 3269 5178 qui
3300 5104 3529 5161 veniunt
3561 5105 3615 5159 in
3651 5119 3753 5157 no-

2173 5201 2318 5255 mine
2340 5198 2567 5269 Cbristi,
2601 5200 2848 5257 dicentes
2880 5219 2895 5256 :
2922 5198 3037 5272 Ego
3068 5215 3191 5255 sum
3208 5198 3483 5260 Christus,
3508 5208 3608 5267 ego
3626 5210 3748 5249 sum

2167 5293 2389 5355 veritas,
2422 5301 2475 5347 et
2502 5292 2791 5363 sapientia,
2814 5301 2867 5347 et
2902 5291 3084 5345 lumen
3134 5304 3344 5343 verum.
3394 5285 3531 5341 Puto
3563 5296 3745 5340 autem

2164 5382 2293 5454 qdia
2318 5398 2424 5438 non
2464 5382 2641 5438 Solum
2675 5392 2756 5436 est
2787 5394 2970 5435 sermo
2998 5377 3273 5443 Christus,
3327 5385 3413 5432 est
3463 5385 3516 5430 et
3563 5390 3750 5429 sermo

2134 5473 2574 5540 .Antiebristus;
2606 5472 2810 5528 veritas
2838 5471 3111 5535 Christus,
3153 5479 3206 5524 et
3240 5468 3498 5524 simulata
3544 5466 3750 5519 veritas

2166 5566 2539 5620 Antiebt'istus
2559 5582 2572 5631 ;
2593 5564 2856 5634 sapientia
2880 5564 3154 5629 Christus,
3181 5572 3235 5617 et
3255 5561 3509 5615 simulata
3530 5557 3747 5628 sapien-

549 5764 594 5793 “
630 5762 874 5819 l'l‘bess.
909 5778 959 5823 v,
984 5762 1073 5825 2|,
1096 5761 1187 5815 22.
1266 5760 1310 5792 “
1331 5774 1472 5815 vers.
1517 5760 1568 5823 5.
1600 5761 1652 5817 ι.
1732 5761 1776 5792 ⁸⁸
1792 5760 1947 5817 Prov.
1970 5762 2085 5823 xx,‘

2203 5757 2244 5787 ⁸⁷
2272 5755 2425 5809 Deut.
2459 5770 2512 5818 γ,
2551 5754 2640 5806 39..
2720 5754 2765 5784 ⁸⁸
2787 5752 2942 5807 Joan.
2975 5769 3085 5815 λεν,
3123 5753 3178 5807 (ἶ.
