4110 6410
430 338 576 399 Ἶῦίῖἱ

1612 328 2276 389 COMMENTARIORUM
2319 331 2582 391 SERIES.

3568 349 3705 406 16m

437 461 511 516 tia
542 457 936 518 Antichristus,
983 455 1183 510 vellens
1230 464 1505 509 amatores
1524 454 1819 524 sapientia:
1843 452 1936 508 Dei
1970 463 2025 511 et
2055 460 2098 515 A
2128 452 2219 509 Sic
2243 463 2427 510 autem
2462 468 2745 525 nunquam
2782 452 3067 509 manifeste
3091 453 3230 509 dixit
3257 474 3270 509 :
3304 452 3419 527 Ego
3447 469 3592 523 sum,
3616 459 3713 513 sed

436 552 705 616 veritatis,
761 564 885 622 quae
930 547 1113 605 omnia
1147 545 1421 617 pertinent
1465 546 1534 601 ad
1565 544 1690 600 lidei
1728 546 2019 602 rationem.

438 643 548 700 Sed
577 644 740 699 etiam
772 643 827 697 in
859 641 943 695 bis
975 637 1269 693 virtutibus
1296 638 1497 708 quibus
1516 654 1908 695 conversamur
1930 654 2021 693 se-

430 737 677 792 cundum
706 734 896 799 Deum,
928 733 1238 789 invenimus
1255 746 1449 786 omnes
1466 745 1624 787 veras
1649 730 1877 786 virtutes
1900 747 2025 786 esse

428 828 741 893 Christum,
759 836 811 882 ct
827 840 1020 880 omnes
1043 824 1330 880 simulatas
1347 824 1577 878 virtutes
1599 822 2019 878 Antichristum.

440 919 710 986 Quonia’m
753 932 946 972 omnes
994 917 1207 986 species
1266 915 1395 970 boni
1449 928 1808 984 quascunque
1864 913 2025 969 habet

438 1010 693 1066 Christus
723 1009 776 1061 in
828 1023 888 1063 se
938 1006 993 1062 in
1027 1007 1259 1063 veritate
1302 1006 1369 1060 ad
1400 1005 1816 1061 aediﬁcationem
1848 1005 2025 1060 homi-

442 1117 593 1166 num,
623 1115 716 1154 eas
743 1114 937 1154 omnes
970 1098 1136 1155 habet
1165 1099 1218 1153 in
1250 1114 1309 1155 se
1341 1098 1593 1154 diabolus
1627 1099 1682 1154 in
1719 1100 1904 1170 specie
1944 1100 2024 1155 ad

440 1190 812 1246 seductionem
840 1200 1181 1246 sanctorum.
1215 1188 1273 1245 Si
1316 1189 1464 1246 enim
1512 1188 1769 1246 Christus
1811 1190 2024 1260 justitia

440 1290 523 1337 est
546 1320 563 1345 ,
599 1290 728 1336 sunt
768 1292 954 1337 autem
1007 1281 1322 1352 frequenter
1350 1282 1454 1337 via:
1477 1281 1580 1336 viri
1610 1298 1733 1353 qua
1775 1283 2026 1338 videntur

436 1386 562 1425 esse
585 1372 749 1441 justa:
773 1410 789 1438 ,
845 1371 1145 1427 novissima
1198 1380 1380 1428 autem
1415 1386 1605 1428 earum
1638 1373 1938 1443 respiciunt
1970 1375 2024 1428 in

440 1461 776 1532 profundum
803 1463 1002 1517 inferni
1036 1464 1102 1518 ".
1137 1463 1378 1531 Quando
1422 1480 1551 1535 ergo
1579 1464 1792 1520 videtur
1815 1466 2029 1535 justitia

440 1570 566 1609 cum
602 1570 708 1608 non
732 1555 806 1610 sit
828 1555 1041 1625 justitia
1071 1572 1221 1622 vera,
1251 1572 1316 1611 ea
1352 1557 1478 1612 talis
1514 1557 1725 1627 justitia
1752 1558 2029 1613 Antichri-

440 1656 564 1702 stus
610 1655 732 1715 est,
781 1648 1047 1703 adversus
1098 1648 1369 1718 justitiam
1418 1649 1725 1705 Christum.
1779 1649 2031 1706 Arbitror

442 1751 499 1796 ct
556 1741 860 1796 castitatem
913 1755 1035 1796 esse
1087 1740 1508 1808 Antichristum,
1565 1758 1688 1812 quae
1739 1753 1823 1797 est
1886 1743 2030 1813 apud

436 1831 606 1902 853
646 1830 951 1895 bmretieos,
1002 1828 1054 1883 in
1101 1845 1343 1885 errorem
1384 1831 1603 1887 mittens
1653 1832 1923 1898 homines,
1959 1848 2029 1887 ne

446 1923 751 1991 intelligant
794 1921 1223 1977 ecclesiasticam
1265 1922 1571 1977 castitatem
1604 1922 1906 1979 Christum.
1942 1921 2033 1980 Sic

437 2019 500 2065 et
542 2008 914 2065 misericordia
943 2019 1029 2065 est
1074 2009 1446 2066 Antichristus
1493 2020 1682 2067 contra
1714 2013 2031 2068 misericor-

443 2100 592 2155 diam
625 2098 942 2168 Christum;
982 2100 1075 2171 qui
1109 2100 1318 2156 l’aciuut
1350 2102 1751 2175 cleemosyuas,
1783 2105 1878 2160 sed
1923 2119 2031 2160 non

451 2198 678 2261 propter
700 2188 971 2258 justitiam
1009 2188 1123 2245 Dei.
1164 2190 1260 2246 Est
1289 2200 1347 2247 ct
1365 2192 1626 2261 patientia
1661 2193 2034 2251 Antichristus

444 2279 501 2334 in
537 2280 618 2335 eis
660 2281 755 2350 qui
784 2280 1036 2336 videntur
1069 2282 1288 2351 quidem
1322 2284 1431 2353 pati
1464 2298 1567 2354 pro
1598 2285 2032 2348 Christianitate.

442 2383 500 2426 et
533 2387 708 2443 usque
742 2372 809 2427 ad
841 2372 1166 2430 eﬁ'usionem
1200 2376 1485 2447 sanguinis
1515 2387 1919 2445 concertantes,
1961 2381 2037 2435 vi-

442 2462 642 2520 delicet
666 2480 735 2521 ne
768 2465 1060 2522 videantur
1088 2467 1359 2538 denegare
1383 2467 1853 2526 Cbristianitatem
1884 2490 1900 2526 ς
1930 2472 2035 2526 ini—

440 2557 712 2627 quitatem
761 2566 943 2614 autetn
989 2559 1046 2614 in
1093 2559 1395 2628 excelsum,
1432 2560 1484 2615 in
1527 2561 1646 2632 ipsa
1675 2563 1842 2617 etiam
1898 2564 2037 2621 etl‘u-

444 2652 602 2704 sione
631 2649 916 2720 sanguinis
939 2650 1024 2707 sui
1053 2652 1370 2721 loquuntur,
1402 2661 1456 2707 et
1480 2663 1691 2724 ponunt
1725 2654 1778 2709 in
1808 2656 1950 2711 cmlo
1971 2671 2034 2713 os

438 2756 629 2796 suum.
662 2740 758 2797 Est
806 2751 860 2797 et
904 2743 1081 2798 virtus
1125 2744 1500 2800 Antichristus
1559 2746 1829 2805 seducens
1878 2749 2031 2820 igno-

448 2843 652 2898 rantes,
682 2835 944 2904 quoniam
983 2835 1141 2890 multi
1186 2836 1385 2892 dicturi
1416 2848 1548 2893 sunt
1573 2838 1794 2895 Christo
1844 2841 1898 2895 in
1945 2843 2034 2896 illa

446 2926 534 2980 die
576 2943 589 2980 :
640 2925 884 2993 Domine,
923 2927 976 2981 in
1012 2928 1217 2982 nomine
1254 2937 1342 2982 tuo
1375 2929 1641 2985 daemonia
1676 2930 1948 3000 ejecimus,
1982 2944 2033 2987 et

438 3016 667 3070 uirtutes
711 3015 909 3070 multas
955 3016 1177 3087 fecimus
1228 3016 1298 3072 ν.
1342 3016 1426 3073 Ad
1460 3034 1601 3088 quos
1628 3021 1976 3090 respondebit
2016 3039 2031 3076 :

444 3106 717 3163 Discedite
769 3125 803 3162 a
860 3124 962 3172 me,
994 3124 1171 3164 omnes
1204 3111 1295 3179 qui
1348 3112 1643 3180 operamini
1681 3113 2033 3183 iniquitatem,

438 3214 715 3270 ‘ttunquam
744 3217 839 3255 eos
874 3203 993 3255 noui
1035 3203 1105 3257 “.
1142 3200 1200 3256 Si
1240 3203 1387 3258 enim
1425 3219 1705 3274 nunquam
1746 3220 1843 3260 eos
1871 3206 2034 3261 Chri-

446 3302 564 3347 stus
610 3293 886 3363 cognovit,
916 3295 1148 3350 virtutes
1191 3305 1375 3350 autem
1405 3309 1466 3350 se
1508 3295 1703 3351 fecisse
1732 3297 2038 3366 gloriantur

442 3385 501 3437 in
528 3385 748 3440 neruine
763 3385 1000 3453 Christi,
1034 3402 1141 3440 non
1174 3393 1330 3441 erant
1365 3386 1594 3442 virtutes
1624 3389 1729 3443 illa:
1757 3405 1786 3443 a
1817 3389 2037 3445 Christo

445 3474 538 3544 qui
575 3490 680 3528 non
715 3484 944 3530 noverat
971 3474 1116 3541 illos,
1147 3474 1243 3530 sed
1270 3475 1343 3531 ab
1376 3489 1444 3531 eo
1463 3474 1562 3546 qui
1595 3475 1952 3545 transﬁgurat
1977 3489 2037 3531 se

448 3584 554 3624 non
589 3569 767 3624 solum
811 3569 866 3623 in
914 3569 1166 3640 angelum
1208 3570 1372 3636 lucis,
1410 3568 1503 3625 sed
1547 3569 1712 3623 etiam
1763 3569 1817 3622 in
1855 3569 2034 3638 ipsum

437 3660 746 3716 Christum.
782 3660 931 3731 Opus
958 3671 1044 3718 est
1075 3677 1208 3732 ergo
1236 3661 1396 3716 nobis
1430 3660 1539 3715 Deo
1592 3659 1940 3739 auxiliatore,
1982 3666 2037 3714 et

440 3753 566 3823 ipso
593 3752 813 3807 Christo
842 3753 1059 3807 vivente
1091 3752 1148 3806 in
1180 3751 1362 3815 nobis,
1396 3762 1453 3805 ut
1477 3751 1687 3819 apertis
1727 3751 1904 3807 oculis
1936 3767 2037 3806 no-

438 3845 577 3898 stris
610 3845 891 3899 videamus
919 3859 988 3898 ne
1016 3844 1145 3913 quis
1174 3857 1276 3897 nos
1310 3842 1556 3907 seducat,
1590 3843 1679 3897 vel
1711 3857 1916 3908 sermo,
1950 3843 2034 3897 vel

442 3937 643 4000 virtus,
678 3935 762 3989 vel
800 3934 870 3989 ab
905 3935 1074 4000 intus,
1100 3933 1187 3987 vel
1215 3948 1247 3987 a
1297 3930 1452 3997 foris,
1471 3933 1802 4003 promittens
1829 3949 1887 3989 se
1911 3949 2036 3989 esse

443 4024 749 4089 Christum,
779 4039 904 4079 cum
927 4024 1001 4079 sit
1030 4022 1289 4077 inimicus
1317 4021 1438 4092 ejus
1467 4030 1901 4092 czeterarumque
1922 4022 2035 4077 vir-

442 4125 627 4170 tutum
662 4116 855 4186 ipsius.
908 4113 1211 4170 Considera
1255 4113 1420 4168 etiam
1470 4113 1624 4177 illud,
1676 4114 1821 4183 quod
1875 4115 2031 4169 multi

448 4209 675 4263 veniunt
719 4207 774 4261 in
825 4206 976 4261 nullo
1021 4206 1132 4260 alio
1176 4205 1282 4261 nisi
1328 4204 1383 4259 in
1416 4204 1635 4260 nomine
1664 4219 1806 4260 meo.
1839 4204 2030 4260 Solum

444 4302 594 4355 enim
622 4316 817 4355 nomen
838 4298 1049 4355 Christi
1074 4297 1447 4353 Antichristus
1473 4296 1723 4366 suscipit,
1744 4312 1845 4353 nec
1867 4313 2030 4368 opera

444 4393 599 4457 facit,
626 4408 726 4447 nec
755 4391 923 4447 verba
949 4391 1193 4446 veritatis
1221 4388 1340 4459 ejus
1369 4386 1547 4451 docet,
1576 4402 1676 4442 nec
1707 4387 2029 4455 sapientiam

2126 562 2222 617 per
2258 561 2421 617 opera
2459 546 2595 602 dixit
2628 555 2682 602 et
2728 561 2826 617 per
2873 546 3178 602 doctrinam
3231 548 3468 619 pietatis,
3501 556 3562 604 ut
3599 548 3716 619 ipsi:

2124 636 2271 689 dicat
2297 636 2364 690 ad
2387 634 2632 701 Petrum,
2657 638 2813 706 quasi
2840 637 2932 706 qui
2963 652 3244 707 nunquam
3267 639 3427 695 abeo
3446 639 3713 704 audisset,

2129 725 2411 780 didicisset
2453 733 2637 780 autem
2691 741 2721 779 a
2770 724 2931 780 Patre
2977 725 3106 794 quia
3141 725 3257 795 ipse
3294 737 3413 782 erat
3458 726 3715 784 Christus

2128 817 2301 874 Filius
2345 816 2441 872 Dei
2487 818 2595 871 vivi
2631 835 2645 871 :
2682 816 2878 870 Beatus
2922 833 3001 876 es,
3037 813 3225 869 Simon
3250 814 3561 885 Bar-Jona,
3585 819 3716 888 quia

2127 926 2233 965 non
2262 927 2389 964 caro
2412 919 2467 964 et
2513 909 2729 981 sanguis
2769 908 3017 963 reuelauit
3065 907 3181 974 tibi,
3216 908 3307 963 sed
3355 894 3518 964 Pater
3566 925 3714 967 meus

2123 1004 2218 1074 qui
2253 1010 2332 1057 est
2362 1002 2419 1055 in
2444 1001 2590 1055 caelis
2631 1000 2699 1056 ⁵³.
2735 999 2792 1055 Si
2837 1001 2984 1056 enim
3018 999 3134 1069 ipse
3167 999 3221 1053 in
3252 1014 3484 1071 corpore
3510 1002 3715 1058 consti-

2135 1103 2287 1150 tutus
2313 1091 2603 1149 manifeste
2626 1091 2856 1148 dixisset
2875 1093 2940 1146 ad
2969 1107 3093 1147 eum
3120 1110 3135 1146 :
3165 1095 3271 1166 Ego
3300 1111 3414 1150 sum
3450 1096 3715 1160 Christus,

2123 1200 2254 1241 caro
2280 1186 2329 1241 ei
2359 1184 2632 1241 revelasse
2665 1184 2969 1248 videbatur,
2997 1200 3105 1239 non
3144 1193 3356 1241 tantum
3381 1182 3563 1239 Pater.
3590 1182 3714 1243 Ριό·

2130 1281 2315 1343 pterea
2347 1270 2541 1327 suﬂicit
2593 1272 2659 1324 ad
2707 1274 3080 1329 seductionem
3134 1273 3582 1330 antichristorum
3613 1274 3716 1329 hoc

2128 1365 2305 1421 solum
2332 1365 2477 1434 quod
2504 1365 2696 1421 dicunt
2728 1386 2741 1421 :
2778 1363 2891 1435 Ego
2934 1382 3050 1420 sum
3081 1364 3349 1431 Christus,
3375 1365 3524 1436 quod
3573 1382 3717 1421 nun-

2129 1474 2294 1529 quam
2345 1455 2595 1515 Christus
2636 1458 2840 1528 legitur
2887 1457 3113 1523 dixisse,
3144 1468 3199 1513 et
3250 1458 3408 1513 multi
3457 1466 3587 1513 sunt
3626 1458 3717 1529 qui

2131 1551 2488 1605 seducuutur.
2522 1548 2664 1603 Lata
2695 1558 2773 1603 est
2798 1550 2943 1603 enim
2974 1559 3129 1619 porta
3150 1563 3199 1605 et
3229 1552 3467 1621 spatiosa
3495 1551 3579 1604 uia
3604 1567 3717 1620 qua:

2131 1641 2278 1695 ducit
2310 1640 2381 1693 ad
2427 1639 2799 1708 perditionem,
2832 1649 2882 1693 et
2913 1640 3068 1693 multi
3114 1642 3321 1695 intrant
3368 1658 3463 1711 per
3495 1659 3619 1697 eam
3649 1643 3717 1705 '5;

2133 1732 2292 1803 pauci
2321 1741 2503 1787 autem
2539 1732 2631 1802 qui
2663 1732 2948 1788 inveniant
2979 1746 3101 1786 eam
3134 1732 3278 1786 viam
3309 1749 3429 1802 qua:
3461 1734 3608 1789 ducit
3651 1737 3719 1788 ad

2134 1826 2295 1880 vitam
2322 1824 2391 1878 ⁵⁵.
3338 1872 3343 1879 ,

2204 1918 2296 1972 54.
2329 1917 2568 1972 Audietis
2595 1925 2774 1971 autem
2804 1914 3015 1987 prwlia,
3050 1927 3099 1971 et
3136 1917 3404 1987 opiniones
3440 1919 3486 1950 ⁸⁸
3507 1917 3719 1989 ρνωιίο-

2135 2028 2277 2066 rum.
2336 2008 2513 2063 Videte
2549 2024 2610 2061 ne
2644 2008 2969 2062 terreamini.
3011 2006 3224 2078 Oportet
3254 2010 3395 2063 enim
3428 2008 3545 2065 luet:
3579 2009 3719 2077 ﬁeri,

2134 2104 2226 2158 sed
2266 2101 2498 2157 nondum
2542 2108 2619 2153 est
2664 2099 2788 2169 ﬁnis
2817 2099 2884 2153 ⁸⁷.
2934 2098 3112 2157 Lucas
3157 2108 3343 2157 autem
3391 2101 3497 2157 hoc
3532 2101 3722 2157 modo:

2138 2195 2275 2249 Cum
2301 2194 2582 2247 audieritis
2616 2191 2806 2260 praelia
2824 2198 2873 2244 et
2896 2191 3200 2255 seditiones,
3221 2207 3284 2245 ne
3317 2191 3621 2246 terreamini
3652 2191 3718 2245 ⁵⁸.

2137 2284 2257 2340 Duo
2282 2283 2556 2356 proponit,
2591 2296 2761 2337 unum
2802 2281 3020 2352 quidem
3052 2282 3127 2338 ita
3161 2301 3175 2337 :
3217 2282 3458 2336 Audietis
3494 2280 3722 2352 pratia;

2135 2381 2367 2435 alterum
2399 2387 2582 2433 autem
2619 2395 2633 2433 :
2671 2376 2983 2431 Auditiones
3014 2376 3345 2445 praeliorum.
3381 2373 3447 2429 Et
3478 2373 3719 2445 primum

2135 2469 2356 2540 quidem
2382 2467 2663 2523 videamus
2687 2466 2990 2522 secundum
3015 2466 3316 2536 simplicem
3344 2464 3720 2528 traditionem,

2146 2560 2447 2617 secundum
2472 2560 2617 2630 quod
2648 2559 2801 2614 multi
2827 2558 3155 2627 intelligunt,
3181 2557 3309 2626 quid
3336 2556 3541 2611 distant
3565 2556 3723 2610 audi-

2137 2653 2314 2707 tiones
2341 2651 2652 2722 prmliorum
2671 2666 2700 2704 a
2724 2650 2946 2721 prmliis.
2964 2648 3115 2704 Pone
3137 2648 3271 2702 mihi
3290 2648 3473 2718 praelia
3488 2662 3612 2703 esse
3630 2648 3724 2703 ubi

2134 2746 2385 2799 civitates
2419 2759 2584 2814 super
2600 2742 2861 2799 civitates
2889 2743 3195 2812 insurgant,
3220 2751 3318 2795 aut
3339 2749 3526 2809 gentes
3548 2739 3725 2809 genti-

2135 2835 2261 2899 bus,
2281 2844 2376 2891 aut
2398 2836 2533 2890 alter
2553 2834 2780 2890 alterius
2799 2849 2911 2890 rem
2936 2833 3113 2898 tollat,
3130 2831 3212 2885 vel
3231 2830 3421 2886 fortior
3436 2831 3726 2887 interﬁciat

2135 2924 2358 2983 fortem.
2391 2926 2532 2993 Quid
2566 2940 2697 2996 ergo
2719 2934 2843 2995 post
2869 2924 3053 2994 praelia
3084 2920 3395 2985 auditiones
3422 2919 3727 2991 signiﬁcent

2135 3015 2495 3087 praeliorum?
2526 3014 2763 3069 Maxime
2812 3017 2939 3084 quia
2989 3028 3098 3068 non
3145 3020 3231 3067 est
3274 3011 3481 3068 dictum
3515 3028 3532 3066 :
3562 3006 3727 3065 Vide-

2140 3108 2268 3164 bitis
2289 3109 2495 3179 prailia,
2528 3117 2583 3163 et
2614 3109 2850 3164 audit-tis
2876 3106 2944 3162 de
2979 3104 3202 3176 praeliis,
3233 3103 3327 3158 sed
3353 3103 3613 3173 utrinque
3635 3116 3728 3173 po-

2140 3200 2253 3256 suit
2283 3217 2296 3253 :
2324 3198 2599 3263 Audistis;
2637 3198 2688 3252 id
2719 3207 2823 3263 est,
2857 3206 2912 3252 et
2933 3197 3122 3266 pradia
3152 3195 3408 3260 audietis,
3434 3203 3489 3249 et
3511 3193 3728 3265 praelio-

2139 3306 2263 3346 rum
2288 3291 2598 3347 auditiones
2626 3290 2883 3346 audietis.
2908 3287 2975 3344 Et
3000 3303 3269 3360 ponamus
3287 3287 3482 3343 audire
3507 3287 3724 3357 quidem

2139 3382 2349 3454 praelia,
2379 3398 2503 3438 esse
2531 3383 2752 3453 quando
2802 3380 2899 3436 ﬁlii
2936 3382 3088 3451 pacis
3117 3396 3148 3435 a
3173 3379 3378 3450 praeliis
3412 3377 3728 3434 custodiunt

2142 3474 2333 3531 oculos
2382 3488 2516 3530 suos
2560 3473 2823 3537 mundos,
2852 3483 2918 3529 ut
2960 3490 3068 3528 non
3118 3472 3337 3528 videant
3367 3471 3644 3541 maligna;
3676 3479 3729 3524 t-t

2137 3566 2400 3635 quoniam
2430 3582 2539 3620 non
2566 3574 2804 3633 possunt
2834 3565 3080 3635 aspicere
3107 3579 3274 3633 super
3296 3562 3515 3633 labet-es
3545 3572 3599 3616 et
3628 3560 3728 3617 do-

2132 3655 2304 3721 lores,
2337 3657 2568 3712 audiunt
2595 3656 2662 3710 de
2702 3654 2902 3725 pra-liis
2940 3653 3121 3724 qualis
3152 3653 3350 3708 civitas
3395 3661 3598 3723 png:.et
3628 3652 3728 3707 ad-

2138 3763 2331 3803 versus
2371 3748 2605 3816 qualem,
2638 3747 2937 3810 civitatem,
2971 3755 3066 3799 aut
3110 3744 3289 3814 qualis
3328 3760 3462 3816 gens
3502 3759 3533 3798 a
3575 3743 3723 3813 quali

2134 3847 2480 3909 expugnetur
2503 3846 2685 3909 gente.
2729 3836 2869 3904 Quid
2899 3847 3079 3891 autem
3117 3837 3222 3890 erit
3256 3845 3413 3890 extra
3443 3834 3548 3889 hoc
3582 3835 3723 3889 alte-

2137 3944 2260 3982 rum
2284 3926 2477 3982 audire
2496 3928 2707 3997 praelia,
2737 3936 2790 3981 et
2816 3927 3006 3981 audire
3036 3925 3346 3980 auditiones
3373 3923 3725 3994 praeliorum?

2137 4016 2275 4075 Vide
2303 4034 2433 4090 ergo
2456 4019 2504 4074 si
2530 4004 2681 4089 potes
2710 4003 3002 4089 (quantum
3033 4018 3102 4073 ad
3135 4008 3538 4097 simplicitatem
3575 4016 3724 4072 verbi

2136 4111 2281 4183 dico)
2305 4112 2466 4167 tarem
2487 4110 2846 4166 diﬂ‘erentiam
2871 4110 3034 4165 dare:
3059 4124 3166 4165 non
3194 4118 3281 4164 est
3305 4108 3538 4178 idipsum
3564 4108 3726 4177 longe

2135 4206 2383 4277 prmlium
2429 4205 2669 4274 positum
2695 4204 2889 4259 audire
2928 4203 3056 4273 quia
3088 4202 3335 4272 praelium
3367 4210 3468 4264 est,
3497 4202 3724 4270 ctjuxtu

2132 4299 2382 4369 praelium
2423 4312 2567 4363 esse,
2607 4305 2662 4352 et
2707 4296 2855 4366 ipsas
2885 4293 3253 4364 prtuliantium
3294 4308 3452 4347 voces
3502 4292 3719 4345 audire.

2137 4389 2310 4443 liabet
2335 4402 2466 4460 ergo
2493 4398 2786 4457 utrumque
2808 4401 2963 4441 suam
2996 4382 3473 4455 signiﬁcationem.
3499 4382 3564 4436 Et
3589 4381 3726 4437 (orte

441 4486 568 4555 ejus
616 4484 855 4540 ostendit
887 4485 942 4538 in
993 4499 1073 4538 se.
1103 4482 1173 4536 Et
1215 4483 1698 4551 quemadmodum,
1732 4480 2030 4534 secundum
2062 4488 2110 4545 ι)
2138 4480 2229 4549 qui
2261 4477 2482 4547 quidem
2511 4476 2662 4530 audit
2701 4475 2849 4545 ipsas
2876 4488 3040 4528 voces
3070 4486 3194 4545 qua:
3235 4471 3370 4525 ﬁunt
3406 4470 3462 4523 in
3501 4469 3724 4538 proeliis,

447 4579 722 4649 quosdam
782 4575 1061 4631 Barabbas
1110 4577 1396 4630 dicebatur
1444 4585 1503 4630 et
1530 4573 1712 4640 lesus,
1746 4572 1838 4628 sed
1890 4572 2031 4626 latro

442 4681 567 4725 erat
617 4670 750 4723 nihil
801 4670 1012 4724 habens
1058 4668 1189 4724 Jesu
1221 4678 1416 4739 praeter
1446 4683 1666 4733 nomen,
1706 4665 1788 4720 sic
1825 4666 2031 4719 multos

444 4764 706 4818 existimo
732 4763 994 4827 christos,
1029 4763 1122 4818 sed
1157 4762 1379 4818 nomine
1414 4770 1645 4814 tantum.
1679 4755 1816 4812 Nota
1847 4765 2029 4811 autem

444 4859 709 4927 quoniam
745 4871 1015 4925 nusquam
1046 4856 1326 4910 invenitur
1354 4852 1618 4906 Dominus
1648 4850 1704 4905 in
1732 4848 2032 4918 Scripturis

452 4949 556 5003 hoc
588 4949 705 5019 ipso
730 4962 983 5002 sermone
1016 4957 1195 5012 utens,
1227 4954 1281 4999 et
1309 4945 1496 5000 dicens
1532 4961 1551 4998 :
1585 4941 1696 5012 Ego
1721 4957 1841 4996 sum
1869 4940 2027 4995 Chri-

446 5048 588 5102 stus,
630 5049 688 5093 ut
719 5054 786 5092 ne
828 5037 1005 5093 simile
1037 5034 1241 5106 aliquid
1286 5033 1433 5089 dicat
1465 5031 1652 5086 multis
1692 5029 1937 5084 venturis
1972 5027 2027 5082 ia

446 5129 672 5181 nomine
710 5130 829 5197 ejus
859 5137 1023 5199 atque
1054 5125 1368 5182 dicentibus
1400 5141 1414 5178 :
1458 5122 1569 5193 Ego
1600 5138 1722 5191 sum
1746 5120 2024 5175 Christus.

457 5216 803 5275 Sufﬁciehant
829 5222 973 5276 enim
999 5220 1048 5274 ei
1084 5220 1161 5273 ad
1204 5216 1540 5274 credentium
1577 5215 1735 5269 ﬁdem
1765 5213 2026 5283 quoniam

449 5308 570 5380 ipse
607 5323 691 5366 est
735 5313 1008 5377 Christus,
1038 5326 1202 5383 opera
1254 5310 1346 5366 Dei
1373 5325 1494 5380 (jus:
1520 5309 1671 5364 solus
1705 5314 1918 5377 poterat
1946 5304 2030 5358 fa-

423 5417 576 5474 cere
628 5401 899 5471 Christus,
941 5415 996 5461 et
1021 5420 1203 5460 sermo
1243 5418 1404 5474 quem
1449 5402 1696 5464 docebat,
1730 5409 1791 5454 et
1835 5399 2031 5462 virtus,

366 5479 376 5489 ’
451 5510 619 5565 super
647 5494 792 5550 mille
816 5510 976 5551 voces
1009 5497 1309 5552 clamantes
1346 5513 1357 5548 :
1394 5493 1505 5564 Ego
1540 5509 1655 5546 sum
1685 5490 1930 5546 Christus
1956 5491 2026 5540 “.

2138 4569 2292 4625 audit
2312 4568 2527 4639 praelia;
2545 4566 2637 4637 qui
2664 4575 2842 4620 autem
2869 4565 2935 4619 de
2961 4563 3161 4634 pra-liis
3189 4562 3348 4641 longe
3366 4561 3534 4633 gestis
3550 4561 3725 4623 audit,

2134 4662 2449 4716 auditiones
2497 4660 2649 4714 audit
2680 4659 2990 4728 praeliorum
3025 4676 3037 4711 :
3075 4671 3172 4710 nec
3199 4655 3345 4709 enim
3386 4656 3504 4724 ipsa
3537 4651 3724 4724 pra-lia

2137 4752 2311 4807 audit.
2344 4750 2481 4807 Cum
2531 4750 2641 4805 sint
2689 4761 2871 4804 autem
2919 4760 3202 4802 sermones
3247 4743 3513 4815 ambigui,
3547 4751 3725 4813 potest

2137 4850 2262 4919 quis
2287 4863 2354 4902 ex
2382 4847 2598 4901 diverso
2624 4845 2826 4908 dicere,
2859 4840 3120 4910 quoniam
3164 4836 3258 4906 qui
3300 4837 3457 4904 longe
3497 4834 3720 4905 quidem

2136 4946 2241 5002 est,
2274 4936 2514 5006 amplius
2556 4934 2709 4988 audit
2749 4932 2817 4985 de
2864 4929 3014 4992 illis;
3069 4926 3162 4997 qui
3212 4934 3394 4979 autem
3443 4933 3527 4978 cst
3566 4924 3723 4993 juxta

2134 5027 2346 5098 prmlia,
2394 5026 2549 5080 audit
2601 5025 2844 5094 ipsorum
2901 5017 3212 5088 praeliorum
3270 5015 3598 5071 auditiones.
3663 5013 3720 5068 ln

2136 5135 2371 5191 utroque
2396 5135 2530 5190 ergo
2564 5117 2777 5171 videtur
2815 5128 2939 5168 esse
2969 5112 3171 5182 aliquis
3200 5109 3519 5164 dim-rentia:
3560 5108 3721 5164 intel-

2134 5214 2326 5270 lectus.

2202 5304 2291 5359 55.
2320 5300 2572 5358 Ascende
2603 5313 2750 5353 nunc
2772 5296 2839 5351 ad
2864 5294 3125 5350 moralem
3160 5292 3493 5347 intellectum
3524 5296 3579 5344 et
3607 5285 3722 5358 spi-

2131 5399 2370 5461 ritalem,
2419 5394 2466 5449 si
2514 5406 2625 5462 quo
2677 5389 2839 5444 modo
2878 5387 3060 5458 possis
3104 5385 3343 5456 aliquem
3388 5397 3613 5438 sensum
3651 5380 3721 5434 de

2131 5486 2428 5544 eminentia
2475 5483 2719 5541 scientiae
2749 5480 2976 5544 Christi,
3003 5487 3061 5533 et
3101 5478 3168 5535 de
3212 5474 3512 5531 subtilitate
3547 5487 3719 5527 evan-

522 5701 566 5733 ιο
589 5700 748 5754 Prov.
777 5701 996 5764 “v.25.
1071 5704 1117 5735 ⁸⁸
1148 5703 1330 5758 Matth.
1360 5718 1458 5768 vn,
1488 5700 1580 5755 2‘2.
1647 5701 1688 5733 "
1719 5700 1849 5754 ibid.
1880 5700 1968 5754 23.
2042 5701 2090 5732 ³³
2120 5697 2310 5752 Matth.
2339 5665 2491 5760 sxw,
2526 5691 2616 5768 5._
2639 5691 2686 5725 ⁸³
2707 5689 2899 5768 hi_at_lh.
2927 5703 3042 5749 xvr,
3070 5684 3158 5768 ιζ
3224 5684 3277 5741 ,⁸⁵
3298 5682 3486 5755 Matth.
3507 5682 3713 5752 ωδε.

450 5772 494 5802 ³⁸
519 5772 652 5826 ibid.
682 5771 767 5825 14.
845 5755 986 5825 "al.
1026 5755 1348 5840 auditiones,
1375 5755 1537 5828 rct'sie
1562 5788 1685 5826 tuo:
1714 5772 2004 5841 interpres.
2078 5771 2121 5801 ⁸⁷
2153 5768 2347 5822 Matth.
2385 5755 2534 5831 xxiv,
2583 5763 2641 5818 ϐ.
2720 5761 2766 5793 ⁸⁸
2813 5759 2943 5815 Luc.
2971 5772 3087 5825 ast,
3120 5755 3173 5810 9.
