  <div class='ocr_page' id='page_1' title='image "/cluster/home/n/w/nwhite01/storage/ocr_20150623/13:no.3/coo.31924054872910/831.png"; bbox 0 0 4110 6414; ppageno 0'>
   <div class='ocr_carea' id='block_1_1' title="bbox 454 342 587 397">
    <p class='ocr_par' dir='ltr' id='par_1_1' title="bbox 454 342 587 397">
     <span class='ocr_line' id='line_1_1' title="bbox 454 342 587 397; baseline -0.023 0"><span class='ocrx_word' id='word_1_1' title='bbox 454 342 587 397; x_wconf 62' lang='lat'><strong>1647</strong></span> 
     </span>
    </p>
   </div>
   <div class='ocr_carea' id='block_1_2' title="bbox 1645 336 2530 396">
    <p class='ocr_par' dir='ltr' id='par_1_2' title="bbox 1645 336 2530 396">
     <span class='ocr_line' id='line_1_2' title="bbox 1645 336 2530 396; baseline -0.003 0"><span class='ocrx_word' id='word_1_2' title='bbox 1645 337 1965 396; x_wconf 78' lang='lat' dir='ltr'><strong>ORIGENIS</strong></span> <span class='ocrx_word' id='word_1_3' title='bbox 2006 337 2071 393; x_wconf 77' lang='lat' dir='ltr'><strong>iN</strong></span> <span class='ocrx_word' id='word_1_4' title='bbox 2115 336 2530 395; x_wconf 63' lang='lat' dir='ltr'><strong>MATTIIJEUM</strong></span> 
     </span>
    </p>
   </div>
   <div class='ocr_carea' id='block_1_3' title="bbox 3584 344 3721 401">
    <p class='ocr_par' dir='ltr' id='par_1_3' title="bbox 3584 344 3721 401">
     <span class='ocr_line' id='line_1_3' title="bbox 3584 344 3721 401; baseline -0.029 0"><span class='ocrx_word' id='word_1_5' title='bbox 3584 344 3721 401; x_wconf 59' lang='grc' dir='ltr'><strong>16ἳὸ</strong></span> 
     </span>
    </p>
   </div>
   <div class='ocr_carea' id='block_1_4' title="bbox 451 454 3720 534">
    <p class='ocr_par' dir='ltr' id='par_1_4' title="bbox 451 454 3720 534">
     <span class='ocr_line' id='line_1_4' title="bbox 451 454 3720 534; baseline 0.002 -18"><span class='ocrx_word' id='word_1_6' title='bbox 451 460 770 531; x_wconf 81' lang='lat' dir='ltr'><strong>gelistarnm</strong></span> <span class='ocrx_word' id='word_1_7' title='bbox 817 459 1058 516; x_wconf 77' lang='lat' dir='ltr'><strong>lnveuiue</strong></span> <span class='ocrx_word' id='word_1_8' title='bbox 1080 457 1329 531; x_wconf 77' lang='lat' dir='ltr'><strong>dignum,</strong></span> <span class='ocrx_word' id='word_1_9' title='bbox 1364 466 1421 513; x_wconf 87' lang='lat' dir='ltr'><strong>ut</strong></span> <span class='ocrx_word' id='word_1_10' title='bbox 1455 471 1563 512; x_wconf 91' lang='lat' dir='ltr'><strong>non</strong></span> <span class='ocrx_word' id='word_1_11' title='bbox 1599 458 1841 529; x_wconf 81' lang='lat' dir='ltr'><strong>deponas</strong></span> <span class='ocrx_word' id='word_1_12' title='bbox 1864 470 2031 515; x_wconf 83' lang='lat' dir='ltr'><strong>evan-</strong></span> <span class='ocrx_word' id='word_1_13' title='bbox 2052 460 2106 518; x_wconf 70' lang='grc' dir='ltr'><strong>τΑ</strong></span> <span class='ocrx_word' id='word_1_14' title='bbox 2133 466 2186 512; x_wconf 85' lang='lat' dir='ltr'><strong>et</strong></span> <span class='ocrx_word' id='word_1_15' title='bbox 2219 472 2326 511; x_wconf 89' lang='lat' dir='ltr'><strong>non</strong></span> <span class='ocrx_word' id='word_1_16' title='bbox 2359 460 2663 512; x_wconf 86' lang='lat' dir='ltr'><strong>secundum</strong></span> <span class='ocrx_word' id='word_1_17' title='bbox 2694 454 3000 522; x_wconf 88' lang='lat' dir='ltr'><strong>Christum,</strong></span> <span class='ocrx_word' id='word_1_18' title='bbox 3037 461 3400 519; x_wconf 50' lang='lat' dir='ltr'><strong>ext-imitantes</strong></span> <span class='ocrx_word' id='word_1_19' title='bbox 3428 463 3638 534; x_wconf 79' lang='lat' dir='ltr'><strong>seipsos</strong></span> <span class='ocrx_word' id='word_1_20' title='bbox 3666 482 3720 521; x_wconf 81' lang='lat' dir='ltr'><strong>tn</strong></span> 
     </span>
    </p>
   </div>
   <div class='ocr_carea' id='block_1_5' title="bbox 454 548 2037 624">
    <p class='ocr_par' dir='ltr' id='par_1_5' title="bbox 454 548 2037 624">
     <span class='ocr_line' id='line_1_5' title="bbox 454 548 2037 624; baseline -0.002 -16"><span class='ocrx_word' id='word_1_21' title='bbox 454 554 642 623; x_wconf 80' lang='lat' dir='ltr'><strong>gelicae</strong></span> <span class='ocrx_word' id='word_1_22' title='bbox 658 552 938 624; x_wconf 69' lang='lat' dir='ltr'><strong>sapienti-ae</strong></span> <span class='ocrx_word' id='word_1_23' title='bbox 954 551 1295 623; x_wconf 80' lang='lat' dir='ltr'><strong>dignitatem.</strong></span> <span class='ocrx_word' id='word_1_24' title='bbox 1311 548 1596 621; x_wconf 73' lang='lat' dir='ltr'><strong>‘Videergo</strong></span> <span class='ocrx_word' id='word_1_25' title='bbox 1615 549 1662 605; x_wconf 89' lang='lat' dir='ltr'><strong>si</strong></span> <span class='ocrx_word' id='word_1_26' title='bbox 1686 550 2037 606; x_wconf 72' lang='lat' dir='ltr'><strong>recordantes</strong></span> 
     </span>
    </p>
   </div>
   <div class='ocr_carea' id='block_1_6' title="bbox 452 640 2038 715">
    <p class='ocr_par' dir='ltr' id='par_1_6' title="bbox 452 640 2038 715">
     <span class='ocr_line' id='line_1_6' title="bbox 452 640 2038 715; baseline -0.005 -13"><span class='ocrx_word' id='word_1_27' title='bbox 452 661 516 702; x_wconf 82' lang='lat' dir='ltr'><strong>ea</strong></span> <span class='ocrx_word' id='word_1_28' title='bbox 539 661 661 714; x_wconf 81' lang='lat' dir='ltr'><strong>quae</strong></span> <span class='ocrx_word' id='word_1_29' title='bbox 683 645 933 715; x_wconf 84' lang='lat' dir='ltr'><strong>superius</strong></span> <span class='ocrx_word' id='word_1_30' title='bbox 960 642 1155 698; x_wconf 90' lang='lat' dir='ltr'><strong>tradita</strong></span> <span class='ocrx_word' id='word_1_31' title='bbox 1177 650 1307 697; x_wconf 88' lang='lat' dir='ltr'><strong>sunt</strong></span> <span class='ocrx_word' id='word_1_32' title='bbox 1329 642 1396 697; x_wconf 91' lang='lat' dir='ltr'><strong>de</strong></span> <span class='ocrx_word' id='word_1_33' title='bbox 1416 657 1483 698; x_wconf 86' lang='lat' dir='ltr'><strong>eo</strong></span> <span class='ocrx_word' id='word_1_34' title='bbox 1508 640 1759 713; x_wconf 78' lang='lat' dir='ltr'><strong>quod‘a&#39;rt</strong></span> <span class='ocrx_word' id='word_1_35' title='bbox 1773 642 1852 697; x_wconf 73' lang='grc' dir='ltr'><strong>’νε</strong></span> <span class='ocrx_word' id='word_1_36' title='bbox 1879 641 2038 695; x_wconf 82' lang='lat' dir='ltr'><strong>Multi</strong></span> 
     </span>
    </p>
   </div>
   <div class='ocr_carea' id='block_1_7' title="bbox 452 732 2032 803">
    <p class='ocr_par' dir='ltr' id='par_1_7' title="bbox 452 732 2032 803">
     <span class='ocr_line' id='line_1_7' title="bbox 452 732 2032 803; baseline -0.006 -11"><span class='ocrx_word' id='word_1_37' title='bbox 452 738 656 792; x_wconf 77' lang='lat' dir='ltr'><strong>venient</strong></span> <span class='ocrx_word' id='word_1_38' title='bbox 696 737 749 789; x_wconf 86' lang='lat' dir='ltr'><strong>in</strong></span> <span class='ocrx_word' id='word_1_39' title='bbox 791 734 1000 789; x_wconf 78' lang='lat' dir='ltr'><strong>nomine</strong></span> <span class='ocrx_word' id='word_1_40' title='bbox 1031 750 1143 788; x_wconf 84' lang='lat' dir='ltr'><strong>meo</strong></span> <span class='ocrx_word' id='word_1_41' title='bbox 1175 735 1404 787; x_wconf 75' lang='lat' dir='ltr'><strong>dicentes</strong></span> <span class='ocrx_word' id='word_1_42' title='bbox 1423 747 1449 787; x_wconf 65' lang='grc' dir='ltr'><strong><em>τ</em></strong></span> <span class='ocrx_word' id='word_1_43' title='bbox 1477 732 1590 803; x_wconf 83' lang='lat' dir='ltr'><strong>Ego</strong></span> <span class='ocrx_word' id='word_1_44' title='bbox 1615 750 1730 786; x_wconf 81' lang='lat' dir='ltr'><strong>sum</strong></span> <span class='ocrx_word' id='word_1_45' title='bbox 1771 732 2032 797; x_wconf 77' lang='lat' dir='ltr'><strong>Christus,</strong></span> 
     </span>
    </p>
   </div>
   <div class='ocr_carea' id='block_1_8' title="bbox 452 822 2032 894">
    <p class='ocr_par' dir='ltr' id='par_1_8' title="bbox 452 822 2032 894">
     <span class='ocr_line' id='line_1_8' title="bbox 452 822 2032 894; baseline -0.006 -12"><span class='ocrx_word' id='word_1_46' title='bbox 452 838 501 882; x_wconf 83' lang='lat' dir='ltr'><strong>et</strong></span> <span class='ocrx_word' id='word_1_47' title='bbox 561 826 754 881; x_wconf 79' lang='lat' dir='ltr'><strong>multos</strong></span> <span class='ocrx_word' id='word_1_48' title='bbox 807 825 1077 888; x_wconf 78' lang='lat' dir='ltr'><strong>seduceut,</strong></span> <span class='ocrx_word' id='word_1_49' title='bbox 1142 839 1442 894; x_wconf 81' lang='lat' dir='ltr'><strong>possumus</strong></span> <span class='ocrx_word' id='word_1_50' title='bbox 1495 822 1796 879; x_wconf 86' lang='lat' dir='ltr'><strong>secundum</strong></span> <span class='ocrx_word' id='word_1_51' title='bbox 1842 835 2032 877; x_wconf 88' lang='lat' dir='ltr'><strong>eorum</strong></span> 
     </span>
    </p>
   </div>
   <div class='ocr_carea' id='block_1_9' title="bbox 451 911 2036 988">
    <p class='ocr_par' dir='ltr' id='par_1_9' title="bbox 451 911 2036 988">
     <span class='ocr_line' id='line_1_9' title="bbox 451 911 2036 988; baseline -0.005 -14"><span class='ocrx_word' id='word_1_52' title='bbox 451 917 896 988; x_wconf 80' lang='lat' dir='ltr'><strong>consequentiam</strong></span> <span class='ocrx_word' id='word_1_53' title='bbox 923 916 1085 971; x_wconf 89' lang='lat' dir='ltr'><strong>etiam</strong></span> <span class='ocrx_word' id='word_1_54' title='bbox 1118 916 1219 972; x_wconf 83' lang='lat' dir='ltr'><strong>ista</strong></span> <span class='ocrx_word' id='word_1_55' title='bbox 1251 913 1618 984; x_wconf 88' lang='lat' dir='ltr'><strong>interpretari.</strong></span> <span class='ocrx_word' id='word_1_56' title='bbox 1649 911 1842 969; x_wconf 87' lang='lat' dir='ltr'><strong>Omnis</strong></span> <span class='ocrx_word' id='word_1_57' title='bbox 1871 913 2036 982; x_wconf 83' lang='lat' dir='ltr'><strong>igitur</strong></span> 
     </span>
    </p>
   </div>
   <div class='ocr_carea' id='block_1_10' title="bbox 451 1004 2035 1080">
    <p class='ocr_par' dir='ltr' id='par_1_10' title="bbox 451 1004 2035 1080">
     <span class='ocr_line' id='line_1_10' title="bbox 451 1004 2035 1080; baseline -0.004 -16"><span class='ocrx_word' id='word_1_58' title='bbox 451 1011 545 1079; x_wconf 85' lang='lat' dir='ltr'><strong>qui</strong></span> <span class='ocrx_word' id='word_1_59' title='bbox 578 1008 852 1080; x_wconf 87' lang='lat' dir='ltr'><strong>perfectus</strong></span> <span class='ocrx_word' id='word_1_60' title='bbox 886 1015 993 1071; x_wconf 91' lang='lat' dir='ltr'><strong>est,</strong></span> <span class='ocrx_word' id='word_1_61' title='bbox 1029 1015 1085 1062; x_wconf 91' lang='lat' dir='ltr'><strong>et</strong></span> <span class='ocrx_word' id='word_1_62' title='bbox 1111 1008 1257 1062; x_wconf 83' lang='lat' dir='ltr'><strong>videt</strong></span> <span class='ocrx_word' id='word_1_63' title='bbox 1290 1007 1342 1062; x_wconf 95' lang='lat' dir='ltr'><strong>in</strong></span> <span class='ocrx_word' id='word_1_64' title='bbox 1375 1007 1616 1061; x_wconf 90' lang='lat' dir='ltr'><strong>animam</strong></span> <span class='ocrx_word' id='word_1_65' title='bbox 1653 1021 1807 1062; x_wconf 86' lang='lat' dir='ltr'><strong>suam</strong></span> <span class='ocrx_word' id='word_1_66' title='bbox 1841 1004 2035 1076; x_wconf 88' lang='lat' dir='ltr'><strong>glorio-</strong></span> 
     </span>
    </p>
   </div>
   <div class='ocr_carea' id='block_1_11' title="bbox 452 1095 2032 1166">
    <p class='ocr_par' dir='ltr' id='par_1_11' title="bbox 452 1095 2032 1166">
     <span class='ocr_line' id='line_1_11' title="bbox 452 1095 2032 1166; baseline -0.004 -11"><span class='ocrx_word' id='word_1_67' title='bbox 452 1115 572 1155; x_wconf 87' lang='lat' dir='ltr'><strong>sum</strong></span> <span class='ocrx_word' id='word_1_68' title='bbox 594 1099 887 1153; x_wconf 73' lang='lat' dir='ltr'><strong>adventum</strong></span> <span class='ocrx_word' id='word_1_69' title='bbox 910 1096 1098 1161; x_wconf 78' lang='lat' dir='ltr'><strong>Verbi,</strong></span> <span class='ocrx_word' id='word_1_70' title='bbox 1121 1097 1266 1166; x_wconf 89' lang='lat' dir='ltr'><strong>quod</strong></span> <span class='ocrx_word' id='word_1_71' title='bbox 1286 1095 1587 1165; x_wconf 76' lang='lat' dir='ltr'><strong>corrumpit</strong></span> <span class='ocrx_word' id='word_1_72' title='bbox 1607 1102 1662 1149; x_wconf 90' lang='lat' dir='ltr'><strong>et</strong></span> <span class='ocrx_word' id='word_1_73' title='bbox 1683 1102 2032 1150; x_wconf 78' lang='lat' dir='ltr'><strong>consummat</strong></span> 
     </span>
    </p>
   </div>
   <div class='ocr_carea' id='block_1_12' title="bbox 446 1186 2029 1259">
    <p class='ocr_par' dir='ltr' id='par_1_12' title="bbox 446 1186 2029 1259">
     <span class='ocr_line' id='line_1_12' title="bbox 446 1186 2029 1259; baseline -0.004 -13"><span class='ocrx_word' id='word_1_74' title='bbox 446 1191 740 1256; x_wconf 86' lang='lat' dir='ltr'><strong>mundum,</strong></span> <span class='ocrx_word' id='word_1_75' title='bbox 770 1199 822 1244; x_wconf 91' lang='lat' dir='ltr'><strong>et</strong></span> <span class='ocrx_word' id='word_1_76' title='bbox 851 1188 1120 1259; x_wconf 86' lang='lat' dir='ltr'><strong>eruciflgit</strong></span> <span class='ocrx_word' id='word_1_77' title='bbox 1148 1202 1272 1242; x_wconf 88' lang='lat' dir='ltr'><strong>eum</strong></span> <span class='ocrx_word' id='word_1_78' title='bbox 1304 1186 1612 1257; x_wconf 85' lang='lat' dir='ltr'><strong>virojusto,</strong></span> <span class='ocrx_word' id='word_1_79' title='bbox 1644 1194 1705 1240; x_wconf 92' lang='lat' dir='ltr'><strong>ut</strong></span> <span class='ocrx_word' id='word_1_80' title='bbox 1729 1186 2029 1240; x_wconf 82' lang='lat' dir='ltr'><strong>moriantur</strong></span> 
     </span>
    </p>
   </div>
   <div class='ocr_carea' id='block_1_13' title="bbox 450 1277 2031 1348">
    <p class='ocr_par' dir='ltr' id='par_1_13' title="bbox 450 1277 2031 1348">
     <span class='ocr_line' id='line_1_13' title="bbox 450 1277 2031 1348; baseline -0.004 -13"><span class='ocrx_word' id='word_1_81' title='bbox 450 1281 506 1335; x_wconf 91' lang='lat' dir='ltr'><strong>in</strong></span> <span class='ocrx_word' id='word_1_82' title='bbox 537 1296 603 1337; x_wconf 87' lang='lat' dir='ltr'><strong>eo</strong></span> <span class='ocrx_word' id='word_1_83' title='bbox 647 1296 840 1335; x_wconf 87' lang='lat' dir='ltr'><strong>onmes</strong></span> <span class='ocrx_word' id='word_1_84' title='bbox 871 1295 959 1335; x_wconf 90' lang='lat' dir='ltr'><strong>res</strong></span> <span class='ocrx_word' id='word_1_85' title='bbox 987 1277 1317 1345; x_wconf 89' lang='lat' dir='ltr'><strong>mundiales,</strong></span> <span class='ocrx_word' id='word_1_86' title='bbox 1348 1286 1402 1333; x_wconf 90' lang='lat' dir='ltr'><strong>et</strong></span> <span class='ocrx_word' id='word_1_87' title='bbox 1453 1278 1548 1348; x_wconf 88' lang='lat' dir='ltr'><strong>qui</strong></span> <span class='ocrx_word' id='word_1_88' title='bbox 1579 1277 1907 1332; x_wconf 76' lang='lat' dir='ltr'><strong>exercitatos</strong></span> <span class='ocrx_word' id='word_1_89' title='bbox 1938 1277 2031 1330; x_wconf 85' lang='lat' dir='ltr'><strong>ha-</strong></span> 
     </span>
    </p>
   </div>
   <div class='ocr_carea' id='block_1_14' title="bbox 448 1368 2031 1441">
    <p class='ocr_par' dir='ltr' id='par_1_14' title="bbox 448 1368 2031 1441">
     <span class='ocr_line' id='line_1_14' title="bbox 448 1368 2031 1441; baseline -0.003 -13"><span class='ocrx_word' id='word_1_90' title='bbox 448 1375 540 1428; x_wconf 89' lang='lat' dir='ltr'><strong>bet</strong></span> <span class='ocrx_word' id='word_1_91' title='bbox 578 1387 776 1428; x_wconf 85' lang='lat' dir='ltr'><strong>sensus</strong></span> <span class='ocrx_word' id='word_1_92' title='bbox 823 1372 890 1427; x_wconf 91' lang='lat' dir='ltr'><strong>ad</strong></span> <span class='ocrx_word' id='word_1_93' title='bbox 931 1368 1279 1441; x_wconf 89' lang='lat' dir='ltr'><strong>capiendum,</strong></span> <span class='ocrx_word' id='word_1_94' title='bbox 1316 1384 1539 1424; x_wconf 88' lang='lat' dir='ltr'><strong>necesse</strong></span> <span class='ocrx_word' id='word_1_95' title='bbox 1565 1377 1650 1424; x_wconf 92' lang='lat' dir='ltr'><strong>est</strong></span> <span class='ocrx_word' id='word_1_96' title='bbox 1684 1376 1742 1421; x_wconf 91' lang='lat' dir='ltr'><strong>ut</strong></span> <span class='ocrx_word' id='word_1_97' title='bbox 1783 1382 2031 1437; x_wconf 66' lang='lat' dir='ltr'><strong>quaerens</strong></span> 
     </span>
    </p>
   </div>
   <div class='ocr_carea' id='block_1_15' title="bbox 447 1460 2027 1533">
    <p class='ocr_par' dir='ltr' id='par_1_15' title="bbox 447 1460 2027 1533">
     <span class='ocr_line' id='line_1_15' title="bbox 447 1460 2027 1533; baseline -0.005 -12"><span class='ocrx_word' id='word_1_98' title='bbox 447 1476 502 1521; x_wconf 89' lang='lat' dir='ltr'><strong>et</strong></span> <span class='ocrx_word' id='word_1_99' title='bbox 531 1465 850 1528; x_wconf 79' lang='lat' dir='ltr'><strong>discutiens,</strong></span> <span class='ocrx_word' id='word_1_100' title='bbox 887 1465 942 1519; x_wconf 92' lang='lat' dir='ltr'><strong>in</strong></span> <span class='ocrx_word' id='word_1_101' title='bbox 981 1463 1149 1518; x_wconf 90' lang='lat' dir='ltr'><strong>multa</strong></span> <span class='ocrx_word' id='word_1_102' title='bbox 1180 1462 1423 1517; x_wconf 84' lang='lat' dir='ltr'><strong>incurrat</strong></span> <span class='ocrx_word' id='word_1_103' title='bbox 1461 1462 1775 1533; x_wconf 83' lang='lat' dir='ltr'><strong>dogmatum</strong></span> <span class='ocrx_word' id='word_1_104' title='bbox 1814 1460 2027 1531; x_wconf 71' lang='lat' dir='ltr'><strong>przelia;</strong></span> 
     </span>
    </p>
   </div>
   <div class='ocr_carea' id='block_1_16' title="bbox 442 1551 2031 1624">
    <p class='ocr_par' dir='ltr' id='par_1_16' title="bbox 442 1551 2031 1624">
     <span class='ocr_line' id='line_1_16' title="bbox 442 1551 2031 1624; baseline -0.004 -11"><span class='ocrx_word' id='word_1_105' title='bbox 442 1558 636 1613; x_wconf 82' lang='lat' dir='ltr'><strong>audiet</strong></span> <span class='ocrx_word' id='word_1_106' title='bbox 675 1558 839 1612; x_wconf 84' lang='lat' dir='ltr'><strong>etiam</strong></span> <span class='ocrx_word' id='word_1_107' title='bbox 890 1558 1090 1611; x_wconf 88' lang='lat' dir='ltr'><strong>multos</strong></span> <span class='ocrx_word' id='word_1_108' title='bbox 1135 1556 1451 1623; x_wconf 76' lang='lat' dir='ltr'><strong>profitentes</strong></span> <span class='ocrx_word' id='word_1_109' title='bbox 1494 1553 1812 1616; x_wconf 89' lang='lat' dir='ltr'><strong>veritatem,</strong></span> <span class='ocrx_word' id='word_1_110' title='bbox 1863 1551 2031 1624; x_wconf 63' lang='grc'><strong>854</strong></span> 
     </span>
    </p>
   </div>
   <div class='ocr_carea' id='block_1_17' title="bbox 447 1643 2029 1704">
    <p class='ocr_par' dir='ltr' id='par_1_17' title="bbox 447 1643 2029 1704">
     <span class='ocr_line' id='line_1_17' title="bbox 447 1643 2029 1704; baseline -0.004 -1"><span class='ocrx_word' id='word_1_111' title='bbox 447 1661 504 1703; x_wconf 90' lang='lat' dir='ltr'><strong>et</strong></span> <span class='ocrx_word' id='word_1_112' title='bbox 531 1649 777 1704; x_wconf 82' lang='lat' dir='ltr'><strong>diversas</strong></span> <span class='ocrx_word' id='word_1_113' title='bbox 806 1647 871 1703; x_wconf 89' lang='lat' dir='ltr'><strong>de</strong></span> <span class='ocrx_word' id='word_1_114' title='bbox 895 1664 958 1703; x_wconf 89' lang='lat' dir='ltr'><strong>ea</strong></span> <span class='ocrx_word' id='word_1_115' title='bbox 990 1647 1314 1702; x_wconf 83' lang='lat' dir='ltr'><strong>traditiones</strong></span> <span class='ocrx_word' id='word_1_116' title='bbox 1347 1661 1360 1699; x_wconf 89' lang='lat'><strong>:</strong></span> <span class='ocrx_word' id='word_1_117' title='bbox 1395 1654 1455 1698; x_wconf 93' lang='lat' dir='ltr'><strong>ut</strong></span> <span class='ocrx_word' id='word_1_118' title='bbox 1482 1645 1626 1700; x_wconf 88' lang='lat' dir='ltr'><strong>sicut</strong></span> <span class='ocrx_word' id='word_1_119' title='bbox 1661 1645 1838 1700; x_wconf 87' lang='lat' dir='ltr'><strong>bonus</strong></span> <span class='ocrx_word' id='word_1_120' title='bbox 1872 1643 2029 1697; x_wconf 84' lang='lat' dir='ltr'><strong>miles</strong></span> 
     </span>
    </p>
   </div>
   <div class='ocr_carea' id='block_1_18' title="bbox 443 1734 2029 1804">
    <p class='ocr_par' dir='ltr' id='par_1_18' title="bbox 443 1734 2029 1804">
     <span class='ocr_line' id='line_1_18' title="bbox 443 1734 2029 1804; baseline -0.004 -9"><span class='ocrx_word' id='word_1_121' title='bbox 443 1741 613 1796; x_wconf 59' lang='lat' dir='ltr'><strong>Nerbi</strong></span> <span class='ocrx_word' id='word_1_122' title='bbox 643 1739 1054 1796; x_wconf 80' lang='lat' dir='ltr'><strong>invulnerabilis</strong></span> <span class='ocrx_word' id='word_1_123' title='bbox 1082 1737 1266 1792; x_wconf 91' lang='lat' dir='ltr'><strong>animo</strong></span> <span class='ocrx_word' id='word_1_124' title='bbox 1291 1744 1510 1791; x_wconf 89' lang='lat' dir='ltr'><strong>maneat</strong></span> <span class='ocrx_word' id='word_1_125' title='bbox 1531 1736 1600 1792; x_wconf 90' lang='lat' dir='ltr'><strong>ab</strong></span> <span class='ocrx_word' id='word_1_126' title='bbox 1624 1734 1882 1791; x_wconf 84' lang='lat' dir='ltr'><strong>omnibus</strong></span> <span class='ocrx_word' id='word_1_127' title='bbox 1908 1748 2029 1804; x_wconf 89' lang='lat' dir='ltr'><strong>pro-</strong></span> 
     </span>
    </p>
   </div>
   <div class='ocr_carea' id='block_1_19' title="bbox 448 1827 2027 1898">
    <p class='ocr_par' dir='ltr' id='par_1_19' title="bbox 448 1827 2027 1898">
     <span class='ocr_line' id='line_1_19' title="bbox 448 1827 2027 1898; baseline -0.005 -10"><span class='ocrx_word' id='word_1_128' title='bbox 448 1833 730 1888; x_wconf 85' lang='lat' dir='ltr'><strong>ﬁtentibus</strong></span> <span class='ocrx_word' id='word_1_129' title='bbox 784 1831 1102 1898; x_wconf 79' lang='lat' dir='ltr'><strong>veritatem,</strong></span> <span class='ocrx_word' id='word_1_130' title='bbox 1159 1845 1267 1884; x_wconf 87' lang='lat' dir='ltr'><strong>non</strong></span> <span class='ocrx_word' id='word_1_131' title='bbox 1327 1837 1509 1884; x_wconf 90' lang='lat' dir='ltr'><strong>autem</strong></span> <span class='ocrx_word' id='word_1_132' title='bbox 1557 1827 1865 1883; x_wconf 81' lang='lat' dir='ltr'><strong>videntibus</strong></span> <span class='ocrx_word' id='word_1_133' title='bbox 1906 1841 2027 1881; x_wconf 86' lang='lat' dir='ltr'><strong>eam</strong></span> 
     </span>
    </p>
   </div>
   <div class='ocr_carea' id='block_1_20' title="bbox 448 1917 2029 1996">
    <p class='ocr_par' dir='ltr' id='par_1_20' title="bbox 448 1917 2029 1996">
     <span class='ocr_line' id='line_1_20' title="bbox 448 1917 2029 1996; baseline -0.005 -16"><span class='ocrx_word' id='word_1_134' title='bbox 448 1939 622 1996; x_wconf 88' lang='lat' dir='ltr'><strong>neque</strong></span> <span class='ocrx_word' id='word_1_135' title='bbox 647 1922 1149 1988; x_wconf 85' lang='lat' dir='ltr'><strong>manifestantibus,</strong></span> <span class='ocrx_word' id='word_1_136' title='bbox 1179 1921 1272 1976; x_wconf 90' lang='lat' dir='ltr'><strong>sed</strong></span> <span class='ocrx_word' id='word_1_137' title='bbox 1297 1921 1571 1977; x_wconf 89' lang='lat' dir='ltr'><strong>contraria</strong></span> <span class='ocrx_word' id='word_1_138' title='bbox 1594 1918 1843 1975; x_wconf 79' lang='lat' dir='ltr'><strong>veritatis</strong></span> <span class='ocrx_word' id='word_1_139' title='bbox 1871 1917 2029 1988; x_wconf 90' lang='lat' dir='ltr'><strong>quasi</strong></span> 
     </span>
    </p>
   </div>
   <div class='ocr_carea' id='block_1_21' title="bbox 444 2009 2030 2087">
    <p class='ocr_par' dir='ltr' id='par_1_21' title="bbox 444 2009 2030 2087">
     <span class='ocr_line' id='line_1_21' title="bbox 444 2009 2030 2087; baseline -0.004 -18"><span class='ocrx_word' id='word_1_140' title='bbox 444 2018 733 2073; x_wconf 81' lang='lat' dir='ltr'><strong>veritatem</strong></span> <span class='ocrx_word' id='word_1_141' title='bbox 784 2014 1329 2087; x_wconf 86' lang='lat' dir='ltr'><strong>.pronuntiantibus,</strong></span> <span class='ocrx_word' id='word_1_142' title='bbox 1394 2021 1448 2068; x_wconf 91' lang='lat' dir='ltr'><strong>et</strong></span> <span class='ocrx_word' id='word_1_143' title='bbox 1505 2013 1704 2082; x_wconf 80' lang='lat' dir='ltr'><strong>dignus</strong></span> <span class='ocrx_word' id='word_1_144' title='bbox 1765 2009 2030 2065; x_wconf 71' lang='lat' dir='ltr'><strong>efﬁciatur</strong></span> 
     </span>
    </p>
   </div>
   <div class='ocr_carea' id='block_1_22' title="bbox 446 2103 2029 2181">
    <p class='ocr_par' dir='ltr' id='par_1_22' title="bbox 446 2103 2029 2181">
     <span class='ocr_line' id='line_1_22' title="bbox 446 2103 2029 2181; baseline -0.007 -15"><span class='ocrx_word' id='word_1_145' title='bbox 446 2111 727 2181; x_wconf 85' lang='lat' dir='ltr'><strong>suscipere</strong></span> <span class='ocrx_word' id='word_1_146' title='bbox 753 2109 1073 2164; x_wconf 67' lang='lat' dir='ltr'><strong>in~animam</strong></span> <span class='ocrx_word' id='word_1_147' title='bbox 1099 2124 1255 2165; x_wconf 91' lang='lat' dir='ltr'><strong>suam</strong></span> <span class='ocrx_word' id='word_1_148' title='bbox 1287 2107 1581 2181; x_wconf 80' lang='lat' dir='ltr'><strong>gloriosum</strong></span> <span class='ocrx_word' id='word_1_149' title='bbox 1605 2103 1808 2160; x_wconf 83' lang='lat' dir='ltr'><strong>Christi</strong></span> <span class='ocrx_word' id='word_1_150' title='bbox 1836 2103 2029 2158; x_wconf 89' lang='lat' dir='ltr'><strong>adven-</strong></span> 
     </span>
    </p>
   </div>
   <div class='ocr_carea' id='block_1_23' title="bbox 446 2190 2030 2270">
    <p class='ocr_par' dir='ltr' id='par_1_23' title="bbox 446 2190 2030 2270">
     <span class='ocr_line' id='line_1_23' title="bbox 446 2190 2030 2270; baseline -0.007 -14"><span class='ocrx_word' id='word_1_151' title='bbox 446 2213 586 2264; x_wconf 85' lang='lat' dir='ltr'><strong>tum.</strong></span> <span class='ocrx_word' id='word_1_152' title='bbox 622 2201 923 2258; x_wconf 85' lang='lat' dir='ltr'><strong>secundum</strong></span> <span class='ocrx_word' id='word_1_153' title='bbox 954 2200 1101 2270; x_wconf 89' lang='lat' dir='ltr'><strong>quod</strong></span> <span class='ocrx_word' id='word_1_154' title='bbox 1136 2209 1219 2254; x_wconf 87' lang='lat' dir='ltr'><strong>est</strong></span> <span class='ocrx_word' id='word_1_155' title='bbox 1266 2198 1407 2252; x_wconf 82' lang='lat' dir='ltr'><strong>Deus</strong></span> <span class='ocrx_word' id='word_1_156' title='bbox 1433 2194 1706 2260; x_wconf 70' lang='lat' dir='ltr'><strong>eVerbum,</strong></span> <span class='ocrx_word' id='word_1_157' title='bbox 1736 2193 1881 2263; x_wconf 90' lang='lat' dir='ltr'><strong>quod</strong></span> <span class='ocrx_word' id='word_1_158' title='bbox 1927 2190 2030 2247; x_wconf 81' lang='lat' dir='ltr'><strong>fuit</strong></span> 
     </span>
    </p>
   </div>
   <div class='ocr_carea' id='block_1_24' title="bbox 447 2285 2029 2364">
    <p class='ocr_par' dir='ltr' id='par_1_24' title="bbox 447 2285 2029 2364">
     <span class='ocr_line' id='line_1_24' title="bbox 447 2285 2029 2364; baseline -0.006 -16"><span class='ocrx_word' id='word_1_159' title='bbox 447 2296 502 2348; x_wconf 90' lang='lat' dir='ltr'><strong>in</strong></span> <span class='ocrx_word' id='word_1_160' title='bbox 533 2294 803 2364; x_wconf 91' lang='lat' dir='ltr'><strong>principio</strong></span> <span class='ocrx_word' id='word_1_161' title='bbox 839 2292 983 2364; x_wconf 90' lang='lat' dir='ltr'><strong>apud</strong></span> <span class='ocrx_word' id='word_1_162' title='bbox 1022 2290 1216 2357; x_wconf 88' lang='lat' dir='ltr'><strong>Deum,</strong></span> <span class='ocrx_word' id='word_1_163' title='bbox 1250 2290 1395 2360; x_wconf 89' lang='lat' dir='ltr'><strong>quod</strong></span> <span class='ocrx_word' id='word_1_164' title='bbox 1436 2289 1575 2343; x_wconf 85' lang='lat' dir='ltr'><strong>solet</strong></span> <span class='ocrx_word' id='word_1_165' title='bbox 1616 2288 1801 2342; x_wconf 89' lang='lat' dir='ltr'><strong>venire</strong></span> <span class='ocrx_word' id='word_1_166' title='bbox 1836 2285 1903 2340; x_wconf 90' lang='lat' dir='ltr'><strong>ad</strong></span> <span class='ocrx_word' id='word_1_167' title='bbox 1933 2300 2029 2340; x_wconf 88' lang='lat' dir='ltr'><strong>eos</strong></span> 
     </span>
    </p>
   </div>
   <div class='ocr_carea' id='block_1_25' title="bbox 446 2375 2027 2457">
    <p class='ocr_par' dir='ltr' id='par_1_25' title="bbox 446 2375 2027 2457">
     <span class='ocr_line' id='line_1_25' title="bbox 446 2375 2027 2457; baseline -0.008 -17"><span class='ocrx_word' id='word_1_168' title='bbox 446 2387 582 2457; x_wconf 90' lang='lat' dir='ltr'><strong>qui,</strong></span> <span class='ocrx_word' id='word_1_169' title='bbox 642 2394 930 2456; x_wconf 81' lang='lat' dir='ltr'><strong>postquam</strong></span> <span class='ocrx_word' id='word_1_170' title='bbox 990 2380 1675 2454; x_wconf 61' lang='lat' dir='ltr'><strong>cognoverint&#39;Christum</strong></span> <span class='ocrx_word' id='word_1_171' title='bbox 1720 2375 2027 2432; x_wconf 81' lang='lat' dir='ltr'><strong>secundum</strong></span> 
     </span>
    </p>
   </div>
   <div class='ocr_carea' id='block_1_26' title="bbox 445 2465 2031 2544">
    <p class='ocr_par' dir='ltr' id='par_1_26' title="bbox 445 2465 2031 2544">
     <span class='ocr_line' id='line_1_26' title="bbox 445 2465 2031 2544; baseline -0.009 -13"><span class='ocrx_word' id='word_1_172' title='bbox 445 2491 692 2542; x_wconf 85' lang='lat' dir='ltr'><strong>carnem,</strong></span> <span class='ocrx_word' id='word_1_173' title='bbox 733 2485 787 2529; x_wconf 89' lang='lat' dir='ltr'><strong>et</strong></span> <span class='ocrx_word' id='word_1_174' title='bbox 833 2472 1176 2544; x_wconf 89' lang='lat' dir='ltr'><strong>susceperint</strong></span> <span class='ocrx_word' id='word_1_175' title='bbox 1216 2469 1460 2525; x_wconf 55' lang='lat' dir='ltr'><strong>Verbum</strong></span> <span class='ocrx_word' id='word_1_176' title='bbox 1509 2468 1653 2539; x_wconf 87' lang='lat' dir='ltr'><strong>quod</strong></span> <span class='ocrx_word' id='word_1_177' title='bbox 1680 2465 1906 2521; x_wconf 82' lang='lat' dir='ltr'><strong>factum</strong></span> <span class='ocrx_word' id='word_1_178' title='bbox 1946 2472 2031 2518; x_wconf 93' lang='lat' dir='ltr'><strong>est</strong></span> 
     </span>
    </p>
   </div>
   <div class='ocr_carea' id='block_1_27' title="bbox 442 2558 2026 2635">
    <p class='ocr_par' dir='ltr' id='par_1_27' title="bbox 442 2558 2026 2635">
     <span class='ocr_line' id='line_1_27' title="bbox 442 2558 2026 2635; baseline -0.008 -14"><span class='ocrx_word' id='word_1_179' title='bbox 442 2583 595 2635; x_wconf 74' lang='lat' dir='ltr'><strong>raro,</strong></span> <span class='ocrx_word' id='word_1_180' title='bbox 637 2574 847 2621; x_wconf 84' lang='lat' dir='ltr'><strong>tantum</strong></span> <span class='ocrx_word' id='word_1_181' title='bbox 876 2566 1180 2622; x_wconf 84' lang='lat' dir='ltr'><strong>ascendunt</strong></span> <span class='ocrx_word' id='word_1_182' title='bbox 1220 2579 1332 2635; x_wconf 66' lang='lat' dir='ltr'><strong>prae</strong></span> <span class='ocrx_word' id='word_1_183' title='bbox 1364 2562 1573 2626; x_wconf 84' lang='lat' dir='ltr'><strong>multis,</strong></span> <span class='ocrx_word' id='word_1_184' title='bbox 1604 2568 1666 2614; x_wconf 85' lang='lat' dir='ltr'><strong>ut</strong></span> <span class='ocrx_word' id='word_1_185' title='bbox 1697 2558 1911 2629; x_wconf 89' lang='lat' dir='ltr'><strong>possint</strong></span> <span class='ocrx_word' id='word_1_186' title='bbox 1935 2571 2026 2611; x_wconf 89' lang='lat' dir='ltr'><strong>ca-</strong></span> 
     </span>
    </p>
   </div>
   <div class='ocr_carea' id='block_1_28' title="bbox 444 2642 2028 2729">
    <p class='ocr_par' dir='ltr' id='par_1_28' title="bbox 444 2642 2028 2729">
     <span class='ocr_line' id='line_1_28' title="bbox 444 2642 2028 2729; baseline -0.008 -17"><span class='ocrx_word' id='word_1_187' title='bbox 444 2674 573 2729; x_wconf 83' lang='lat' dir='ltr'><strong>pere</strong></span> <span class='ocrx_word' id='word_1_188' title='bbox 597 2642 713 2714; x_wconf 73' lang='lat' dir='ltr'><strong>non</strong></span> <span class='ocrx_word' id='word_1_189' title='bbox 734 2658 1177 2728; x_wconf 89' lang='lat' dir='ltr'><strong>qualemcunque</strong></span> <span class='ocrx_word' id='word_1_190' title='bbox 1203 2654 1455 2725; x_wconf 78' lang='lat' dir='ltr'><strong>gloriam,</strong></span> <span class='ocrx_word' id='word_1_191' title='bbox 1487 2652 1581 2708; x_wconf 87' lang='lat' dir='ltr'><strong>sed</strong></span> <span class='ocrx_word' id='word_1_192' title='bbox 1613 2650 1841 2720; x_wconf 80' lang='lat' dir='ltr'><strong>gloriam</strong></span> <span class='ocrx_word' id='word_1_193' title='bbox 1870 2647 2028 2718; x_wconf 85' lang='lat' dir='ltr'><strong>quasi</strong></span> 
     </span>
    </p>
   </div>
   <div class='ocr_carea' id='block_1_29' title="bbox 446 2735 2032 2817">
    <p class='ocr_par' dir='ltr' id='par_1_29' title="bbox 446 2735 2032 2817">
     <span class='ocr_line' id='line_1_29' title="bbox 446 2735 2032 2817; baseline -0.008 -13"><span class='ocrx_word' id='word_1_194' title='bbox 446 2748 603 2806; x_wconf 80' lang='lat' dir='ltr'><strong>Unici</strong></span> <span class='ocrx_word' id='word_1_195' title='bbox 638 2767 667 2804; x_wconf 90' lang='lat' dir='ltr'><strong>a</strong></span> <span class='ocrx_word' id='word_1_196' title='bbox 692 2747 984 2803; x_wconf 41' lang='lat' dir='ltr'><strong>:PatrexEt</strong></span> <span class='ocrx_word' id='word_1_197' title='bbox 1000 2746 1224 2803; x_wconf 88' lang='lat' dir='ltr'><strong>forsitan</strong></span> <span class='ocrx_word' id='word_1_198' title='bbox 1245 2743 1398 2817; x_wconf 67' lang='lat' dir='ltr'><strong>alin]</strong></span> <span class='ocrx_word' id='word_1_199' title='bbox 1428 2741 1658 2798; x_wconf 85' lang='lat' dir='ltr'><strong>diversis</strong></span> <span class='ocrx_word' id='word_1_200' title='bbox 1687 2735 2032 2808; x_wconf 71' lang='lat' dir='ltr'><strong>gloriis-Ver-</strong></span> 
     </span>
    </p>
   </div>
   <div class='ocr_carea' id='block_1_30' title="bbox 445 2829 2031 2912">
    <p class='ocr_par' dir='ltr' id='par_1_30' title="bbox 445 2829 2031 2912">
     <span class='ocr_line' id='line_1_30' title="bbox 445 2829 2031 2912; baseline -0.009 -14"><span class='ocrx_word' id='word_1_201' title='bbox 445 2844 575 2898; x_wconf 87' lang='lat' dir='ltr'><strong>bum</strong></span> <span class='ocrx_word' id='word_1_202' title='bbox 608 2841 705 2897; x_wconf 87' lang='lat' dir='ltr'><strong>Dei</strong></span> <span class='ocrx_word' id='word_1_203' title='bbox 738 2838 1318 2912; x_wconf 36' lang='lat' dir='ltr'><strong>apparet,&#39;secundum</strong></span> <span class='ocrx_word' id='word_1_204' title='bbox 1369 2836 1623 2890; x_wconf 81' lang='lat' dir='ltr'><strong>virtutem</strong></span> <span class='ocrx_word' id='word_1_205' title='bbox 1677 2829 2031 2900; x_wconf 86' lang='lat' dir='ltr'><strong>uniuscujus-</strong></span> 
     </span>
    </p>
   </div>
   <div class='ocr_carea' id='block_1_31' title="bbox 445 2922 2027 3004">
    <p class='ocr_par' dir='ltr' id='par_1_31' title="bbox 445 2922 2027 3004">
     <span class='ocr_line' id='line_1_31' title="bbox 445 2922 2027 3004; baseline -0.009 -18"><span class='ocrx_word' id='word_1_206' title='bbox 445 2950 552 3004; x_wconf 86' lang='lat' dir='ltr'><strong>que</strong></span> <span class='ocrx_word' id='word_1_207' title='bbox 598 2933 794 2988; x_wconf 74' lang='lat' dir='ltr'><strong>animte</strong></span> <span class='ocrx_word' id='word_1_208' title='bbox 836 2926 1434 2997; x_wconf 76' lang='lat' dir='ltr'><strong>videntis,~secundnm</strong></span> <span class='ocrx_word' id='word_1_209' title='bbox 1486 2922 1632 2995; x_wconf 86' lang='lat' dir='ltr'><strong>quod</strong></span> <span class='ocrx_word' id='word_1_210' title='bbox 1679 2938 1740 2978; x_wconf 90' lang='lat' dir='ltr'><strong>se</strong></span> <span class='ocrx_word' id='word_1_211' title='bbox 1772 2933 2027 2990; x_wconf 81' lang='lat' dir='ltr'><strong>capacem</strong></span> 
     </span>
    </p>
   </div>
   <div class='ocr_carea' id='block_1_32' title="bbox 446 3012 2028 3096">
    <p class='ocr_par' dir='ltr' id='par_1_32' title="bbox 446 3012 2028 3096">
     <span class='ocr_line' id='line_1_32' title="bbox 446 3012 2028 3096; baseline -0.009 -17"><span class='ocrx_word' id='word_1_212' title='bbox 446 3027 629 3082; x_wconf 90' lang='lat' dir='ltr'><strong>anima</strong></span> <span class='ocrx_word' id='word_1_213' title='bbox 659 3038 1006 3096; x_wconf 78' lang='lat' dir='ltr'><strong>unaquaeque</strong></span> <span class='ocrx_word' id='word_1_214' title='bbox 1034 3020 1349 3094; x_wconf 60' lang='lat' dir='ltr'><strong>praebuerit.</strong></span> <span class='ocrx_word' id='word_1_215' title='bbox 1380 3017 1603 3088; x_wconf 74' lang='lat' dir='ltr'><strong>Eiet-go</strong></span> <span class='ocrx_word' id='word_1_216' title='bbox 1631 3016 1721 3087; x_wconf 85' lang='lat' dir='ltr'><strong>qui</strong></span> <span class='ocrx_word' id='word_1_217' title='bbox 1756 3012 2028 3085; x_wconf 81' lang='lat' dir='ltr'><strong>perfectus</strong></span> 
     </span>
    </p>
   </div>
   <div class='ocr_carea' id='block_1_33' title="bbox 445 3110 2100 3203">
    <p class='ocr_par' dir='ltr' id='par_1_33' title="bbox 445 3110 2100 3203">
     <span class='ocr_line' id='line_1_33' title="bbox 445 3110 2100 3203; baseline -0.01 -30"><span class='ocrx_word' id='word_1_218' title='bbox 445 3129 547 3185; x_wconf 75' lang='lat' dir='ltr'><strong>est,</strong></span> <span class='ocrx_word' id='word_1_219' title='bbox 571 3129 638 3175; x_wconf 82' lang='lat' dir='ltr'><strong>et&#39;</strong></span> <span class='ocrx_word' id='word_1_220' title='bbox 657 3119 723 3175; x_wconf 85' lang='lat' dir='ltr'><strong>ad</strong></span> <span class='ocrx_word' id='word_1_221' title='bbox 753 3115 1280 3175; x_wconf 87' lang='lat' dir='ltr'><strong>consummationem</strong></span> <span class='ocrx_word' id='word_1_222' title='bbox 1333 3112 1516 3167; x_wconf 70' lang='lat' dir='ltr'><strong>sseculi</strong></span> <span class='ocrx_word' id='word_1_223' title='bbox 1562 3110 1814 3180; x_wconf 86' lang='lat' dir='ltr'><strong>pervenit</strong></span> <span class='ocrx_word' id='word_1_224' title='bbox 1853 3121 2028 3176; x_wconf 78' lang='lat' dir='ltr'><strong>quun-</strong></span> <span class='ocrx_word' id='word_1_225' title='bbox 2053 3142 2100 3203; x_wconf 64' lang='grc' dir='ltr'>Ο</span> 
     </span>
    </p>
   </div>
   <div class='ocr_carea' id='block_1_34' title="bbox 449 3195 2030 3277">
    <p class='ocr_par' dir='ltr' id='par_1_34' title="bbox 449 3195 2030 3277">
     <span class='ocr_line' id='line_1_34' title="bbox 449 3195 2030 3277; baseline -0.011 -11"><span class='ocrx_word' id='word_1_226' title='bbox 449 3223 563 3266; x_wconf 84' lang='lat' dir='ltr'><strong>tum</strong></span> <span class='ocrx_word' id='word_1_227' title='bbox 613 3210 681 3266; x_wconf 83' lang='lat' dir='ltr'><strong>ad</strong></span> <span class='ocrx_word' id='word_1_228' title='bbox 731 3225 811 3276; x_wconf 88' lang='lat' dir='ltr'><strong>se,</strong></span> <span class='ocrx_word' id='word_1_229' title='bbox 845 3210 953 3263; x_wconf 83' lang='lat' dir='ltr'><strong>tale</strong></span> <span class='ocrx_word' id='word_1_230' title='bbox 997 3214 1222 3277; x_wconf 81' lang='lat' dir='ltr'><strong>apparet</strong></span> <span class='ocrx_word' id='word_1_231' title='bbox 1270 3202 1529 3267; x_wconf 80' lang='lat' dir='ltr'><strong>Verbum,</strong></span> <span class='ocrx_word' id='word_1_232' title='bbox 1582 3209 1642 3254; x_wconf 89' lang='lat' dir='ltr'><strong>ut</strong></span> <span class='ocrx_word' id='word_1_233' title='bbox 1687 3198 1779 3268; x_wconf 82' lang='lat' dir='ltr'><strong>qui</strong></span> <span class='ocrx_word' id='word_1_234' title='bbox 1833 3195 2030 3250; x_wconf 85' lang='lat' dir='ltr'><strong>viderit</strong></span> 
     </span>
    </p>
   </div>
   <div class='ocr_carea' id='block_1_35' title="bbox 447 3286 2032 3368">
    <p class='ocr_par' dir='ltr' id='par_1_35' title="bbox 447 3286 2032 3368">
     <span class='ocr_line' id='line_1_35' title="bbox 447 3286 2032 3368; baseline -0.009 -13"><span class='ocrx_word' id='word_1_235' title='bbox 447 3319 596 3368; x_wconf 75' lang='lat' dir='ltr'><strong>rum,</strong></span> <span class='ocrx_word' id='word_1_236' title='bbox 645 3303 838 3357; x_wconf 83' lang='lat' dir='ltr'><strong>dicat:</strong></span> <span class='ocrx_word' id='word_1_237' title='bbox 896 3298 1139 3353; x_wconf 77' lang='lat' dir='ltr'><strong>Vidimus</strong></span> <span class='ocrx_word' id='word_1_238' title='bbox 1170 3295 1397 3367; x_wconf 86' lang='lat' dir='ltr'><strong>gloriam</strong></span> <span class='ocrx_word' id='word_1_239' title='bbox 1442 3295 1580 3364; x_wconf 79' lang='lat' dir='ltr'><strong>ejus,</strong></span> <span class='ocrx_word' id='word_1_240' title='bbox 1618 3291 1855 3362; x_wconf 37' lang='lat' dir='ltr'><strong>gloriam:</strong></span> <span class='ocrx_word' id='word_1_241' title='bbox 1877 3286 2032 3358; x_wconf 77' lang='lat' dir='ltr'><strong>quasi</strong></span> 
     </span>
    </p>
   </div>
   <div class='ocr_carea' id='block_1_36' title="bbox 453 3378 2032 3461">
    <p class='ocr_par' dir='ltr' id='par_1_36' title="bbox 453 3378 2032 3461">
     <span class='ocr_line' id='line_1_36' title="bbox 453 3378 2032 3461; baseline -0.011 -11"><span class='ocrx_word' id='word_1_242' title='bbox 453 3396 608 3450; x_wconf 83' lang='lat' dir='ltr'><strong>Uuici</strong></span> <span class='ocrx_word' id='word_1_243' title='bbox 637 3413 667 3449; x_wconf 90' lang='lat' dir='ltr'><strong>a</strong></span> <span class='ocrx_word' id='word_1_244' title='bbox 708 3394 888 3460; x_wconf 81' lang='lat' dir='ltr'><strong>Patre,</strong></span> <span class='ocrx_word' id='word_1_245' title='bbox 910 3378 1121 3461; x_wconf 76' lang='lat' dir='ltr'><strong>plenum</strong></span> <span class='ocrx_word' id='word_1_246' title='bbox 1154 3390 1333 3461; x_wconf 85' lang='lat' dir='ltr'><strong>gratia</strong></span> <span class='ocrx_word' id='word_1_247' title='bbox 1370 3396 1419 3441; x_wconf 85' lang='lat' dir='ltr'><strong>et</strong></span> <span class='ocrx_word' id='word_1_248' title='bbox 1459 3385 1678 3440; x_wconf 78' lang='lat' dir='ltr'><strong>veritate</strong></span> <span class='ocrx_word' id='word_1_249' title='bbox 1712 3383 1778 3437; x_wconf 81' lang='grc'><strong>⁸⁸.</strong></span> <span class='ocrx_word' id='word_1_250' title='bbox 1808 3380 1952 3451; x_wconf 77' lang='lat' dir='ltr'><strong>Ergo</strong></span> <span class='ocrx_word' id='word_1_251' title='bbox 1976 3379 2032 3433; x_wconf 81' lang='lat' dir='ltr'><strong>si</strong></span> 
     </span>
    </p>
   </div>
   <div class='ocr_carea' id='block_1_37' title="bbox 446 3471 2029 3563">
    <p class='ocr_par' dir='ltr' id='par_1_37' title="bbox 446 3471 2029 3563">
     <span class='ocr_line' id='line_1_37' title="bbox 446 3471 2029 3563; baseline -0.015 -16"><span class='ocrx_word' id='word_1_252' title='bbox 446 3492 573 3563; x_wconf 85' lang='lat' dir='ltr'><strong>quis</strong></span> <span class='ocrx_word' id='word_1_253' title='bbox 599 3490 796 3560; x_wconf 83' lang='lat' dir='ltr'><strong>dignus</strong></span> <span class='ocrx_word' id='word_1_254' title='bbox 820 3485 1105 3543; x_wconf 86' lang='lat' dir='ltr'><strong>habendus</strong></span> <span class='ocrx_word' id='word_1_255' title='bbox 1135 3492 1219 3539; x_wconf 82' lang='lat' dir='ltr'><strong>est</strong></span> <span class='ocrx_word' id='word_1_256' title='bbox 1250 3491 1312 3537; x_wconf 93' lang='lat' dir='ltr'><strong>ut</strong></span> <span class='ocrx_word' id='word_1_257' title='bbox 1333 3479 1439 3535; x_wconf 90' lang='lat' dir='ltr'><strong>tale</strong></span> <span class='ocrx_word' id='word_1_258' title='bbox 1467 3477 1733 3547; x_wconf 89' lang='lat' dir='ltr'><strong>suscipiat</strong></span> <span class='ocrx_word' id='word_1_259' title='bbox 1764 3471 2029 3538; x_wconf 72' lang='lat' dir='ltr'><strong>Verbum,</strong></span> 
     </span>
    </p>
   </div>
   <div class='ocr_carea' id='block_1_38' title="bbox 448 3564 2029 3645">
    <p class='ocr_par' dir='ltr' id='par_1_38' title="bbox 448 3564 2029 3645">
     <span class='ocr_line' id='line_1_38' title="bbox 448 3564 2029 3645; baseline -0.012 -11"><span class='ocrx_word' id='word_1_260' title='bbox 448 3593 502 3636; x_wconf 77' lang='lat' dir='ltr'><strong>et</strong></span> <span class='ocrx_word' id='word_1_261' title='bbox 531 3582 732 3645; x_wconf 76' lang='lat' dir='ltr'><strong>videat,</strong></span> <span class='ocrx_word' id='word_1_262' title='bbox 764 3593 991 3633; x_wconf 88' lang='lat' dir='ltr'><strong>necesse</strong></span> <span class='ocrx_word' id='word_1_263' title='bbox 1031 3574 1198 3631; x_wconf 80' lang='lat' dir='ltr'><strong>habet</strong></span> <span class='ocrx_word' id='word_1_264' title='bbox 1234 3582 1359 3627; x_wconf 89' lang='lat' dir='ltr'><strong>ante</strong></span> <span class='ocrx_word' id='word_1_265' title='bbox 1402 3567 1718 3638; x_wconf 76' lang='lat' dir='ltr'><strong>huiusmodi</strong></span> <span class='ocrx_word' id='word_1_266' title='bbox 1765 3564 2029 3619; x_wconf 83' lang='lat' dir='ltr'><strong>visionem</strong></span> 
     </span>
    </p>
   </div>
   <div class='ocr_carea' id='block_1_39' title="bbox 440 3659 2029 3734">
    <p class='ocr_par' dir='ltr' id='par_1_39' title="bbox 440 3659 2029 3734">
     <span class='ocr_line' id='line_1_39' title="bbox 440 3659 2029 3734; baseline -0.011 -7"><span class='ocrx_word' id='word_1_267' title='bbox 440 3674 612 3729; x_wconf 66' lang='lat' dir='ltr'><strong>Verbi</strong></span> <span class='ocrx_word' id='word_1_268' title='bbox 643 3672 832 3728; x_wconf 88' lang='lat' dir='ltr'><strong>audire</strong></span> <span class='ocrx_word' id='word_1_269' title='bbox 859 3672 911 3724; x_wconf 92' lang='lat' dir='ltr'><strong>in</strong></span> <span class='ocrx_word' id='word_1_270' title='bbox 950 3669 1137 3724; x_wconf 85' lang='lat' dir='ltr'><strong>anima</strong></span> <span class='ocrx_word' id='word_1_271' title='bbox 1168 3682 1266 3721; x_wconf 89' lang='lat' dir='ltr'><strong>sua</strong></span> <span class='ocrx_word' id='word_1_272' title='bbox 1291 3664 1470 3734; x_wconf 60' lang='lat' dir='ltr'><strong>praelia</strong></span> <span class='ocrx_word' id='word_1_273' title='bbox 1499 3679 1513 3727; x_wconf 89' lang='lat'><strong>;</strong></span> <span class='ocrx_word' id='word_1_274' title='bbox 1548 3676 1641 3730; x_wconf 84' lang='lat' dir='ltr'><strong>per</strong></span> <span class='ocrx_word' id='word_1_275' title='bbox 1663 3659 1798 3715; x_wconf 88' lang='lat' dir='ltr'><strong>alios</strong></span> <span class='ocrx_word' id='word_1_276' title='bbox 1849 3666 2029 3712; x_wconf 90' lang='lat' dir='ltr'><strong>autem</strong></span> 
     </span>
    </p>
   </div>
   <div class='ocr_carea' id='block_1_40' title="bbox 449 3747 2034 3837">
    <p class='ocr_par' dir='ltr' id='par_1_40' title="bbox 449 3747 2034 3837">
     <span class='ocr_line' id='line_1_40' title="bbox 449 3747 2034 3837; baseline -0.013 -17"><span class='ocrx_word' id='word_1_277' title='bbox 449 3766 542 3837; x_wconf 91' lang='lat' dir='ltr'><strong>qui</strong></span> <span class='ocrx_word' id='word_1_278' title='bbox 576 3765 735 3835; x_wconf 89' lang='lat' dir='ltr'><strong>quasi</strong></span> <span class='ocrx_word' id='word_1_279' title='bbox 782 3762 1068 3817; x_wconf 83' lang='lat' dir='ltr'><strong>veritatem</strong></span> <span class='ocrx_word' id='word_1_280' title='bbox 1096 3765 1367 3813; x_wconf 78' lang='lat' dir='ltr'><strong>asserunt</strong></span> <span class='ocrx_word' id='word_1_281' title='bbox 1407 3751 1671 3823; x_wconf 83' lang='lat' dir='ltr'><strong>quidquid</strong></span> <span class='ocrx_word' id='word_1_282' title='bbox 1720 3749 1828 3805; x_wconf 83' lang='lat' dir='ltr'><strong>illis</strong></span> <span class='ocrx_word' id='word_1_283' title='bbox 1870 3747 2034 3803; x_wconf 88' lang='lat' dir='ltr'><strong>fuerit</strong></span> 
     </span>
    </p>
   </div>
   <div class='ocr_carea' id='block_1_41' title="bbox 449 3842 2032 3926">
    <p class='ocr_par' dir='ltr' id='par_1_41' title="bbox 449 3842 2032 3926">
     <span class='ocr_line' id='line_1_41' title="bbox 449 3842 2032 3926; baseline -0.011 -14"><span class='ocrx_word' id='word_1_284' title='bbox 449 3862 650 3922; x_wconf 88' lang='lat' dir='ltr'><strong>visum,</strong></span> <span class='ocrx_word' id='word_1_285' title='bbox 680 3854 992 3926; x_wconf 65' lang='lat' dir='ltr'><strong>praeliorum</strong></span> <span class='ocrx_word' id='word_1_286' title='bbox 1016 3848 1347 3904; x_wconf 85' lang='lat' dir='ltr'><strong>auditiones.</strong></span> <span class='ocrx_word' id='word_1_287' title='bbox 1375 3843 1441 3899; x_wconf 84' lang='lat' dir='ltr'><strong>Et</strong></span> <span class='ocrx_word' id='word_1_288' title='bbox 1470 3845 1607 3899; x_wconf 90' lang='lat' dir='ltr'><strong>bene</strong></span> <span class='ocrx_word' id='word_1_289' title='bbox 1628 3842 1881 3897; x_wconf 83' lang='lat' dir='ltr'><strong>Salvator</strong></span> <span class='ocrx_word' id='word_1_290' title='bbox 1908 3853 2032 3910; x_wconf 89' lang='lat' dir='ltr'><strong>pro-</strong></span> 
     </span>
    </p>
   </div>
   <div class='ocr_carea' id='block_1_42' title="bbox 450 3933 2031 4015">
    <p class='ocr_par' dir='ltr' id='par_1_42' title="bbox 450 3933 2031 4015">
     <span class='ocr_line' id='line_1_42' title="bbox 450 3933 2031 4015; baseline -0.014 -9"><span class='ocrx_word' id='word_1_291' title='bbox 450 3950 760 4006; x_wconf 81' lang='lat' dir='ltr'><strong>ficientibus</strong></span> <span class='ocrx_word' id='word_1_292' title='bbox 788 3946 855 4001; x_wconf 91' lang='lat' dir='ltr'><strong>ad</strong></span> <span class='ocrx_word' id='word_1_293' title='bbox 885 3941 1182 4015; x_wconf 83' lang='lat' dir='ltr'><strong>perfectum</strong></span> <span class='ocrx_word' id='word_1_294' title='bbox 1219 3937 1523 4008; x_wconf 73' lang='lat' dir='ltr'><strong>discipulis,</strong></span> <span class='ocrx_word' id='word_1_295' title='bbox 1557 3945 1843 4006; x_wconf 87' lang='lat' dir='ltr'><strong>postquam</strong></span> <span class='ocrx_word' id='word_1_296' title='bbox 1878 3933 2031 3987; x_wconf 80' lang='lat' dir='ltr'><strong>locu-</strong></span> 
     </span>
    </p>
   </div>
   <div class='ocr_carea' id='block_1_43' title="bbox 452 4026 2030 4108">
    <p class='ocr_par' dir='ltr' id='par_1_43' title="bbox 452 4026 2030 4108">
     <span class='ocr_line' id='line_1_43' title="bbox 452 4026 2030 4108; baseline -0.014 -10"><span class='ocrx_word' id='word_1_297' title='bbox 452 4055 541 4098; x_wconf 91' lang='lat' dir='ltr'><strong>tus</strong></span> <span class='ocrx_word' id='word_1_298' title='bbox 592 4040 775 4096; x_wconf 90' lang='lat' dir='ltr'><strong>estde</strong></span> <span class='ocrx_word' id='word_1_299' title='bbox 820 4035 1041 4108; x_wconf 72' lang='lat' dir='ltr'><strong>praeliis,</strong></span> <span class='ocrx_word' id='word_1_300' title='bbox 1081 4029 1501 4102; x_wconf 85' lang='lat' dir='ltr'><strong>superaddidit:</strong></span> <span class='ocrx_word' id='word_1_301' title='bbox 1572 4026 1771 4090; x_wconf 85' lang='lat' dir='ltr'><strong>Videte,</strong></span> <span class='ocrx_word' id='word_1_302' title='bbox 1816 4036 1873 4080; x_wconf 91' lang='lat' dir='ltr'><strong>et</strong></span> <span class='ocrx_word' id='word_1_303' title='bbox 1920 4038 2030 4078; x_wconf 92' lang='lat' dir='ltr'><strong>non</strong></span> 
     </span>
    </p>
   </div>
   <div class='ocr_carea' id='block_1_44' title="bbox 452 4115 2031 4193">
    <p class='ocr_par' dir='ltr' id='par_1_44' title="bbox 452 4115 2031 4193">
     <span class='ocr_line' id='line_1_44' title="bbox 452 4115 2031 4193; baseline -0.012 -4"><span class='ocrx_word' id='word_1_304' title='bbox 452 4135 591 4189; x_wconf 72' lang='lat' dir='ltr'><strong>dixit</strong></span> <span class='ocrx_word' id='word_1_305' title='bbox 624 4152 637 4187; x_wconf 93' lang='lat'><strong>:</strong></span> <span class='ocrx_word' id='word_1_306' title='bbox 686 4128 899 4193; x_wconf 77' lang='lat' dir='ltr'><strong>Audite,</strong></span> <span class='ocrx_word' id='word_1_307' title='bbox 926 4126 1158 4179; x_wconf 89' lang='lat' dir='ltr'><strong>hortans</strong></span> <span class='ocrx_word' id='word_1_308' title='bbox 1188 4137 1284 4177; x_wconf 88' lang='lat' dir='ltr'><strong>eos</strong></span> <span class='ocrx_word' id='word_1_309' title='bbox 1313 4121 1581 4176; x_wconf 89' lang='lat' dir='ltr'><strong>sollicitos</strong></span> <span class='ocrx_word' id='word_1_310' title='bbox 1610 4132 1732 4173; x_wconf 90' lang='lat' dir='ltr'><strong>esse</strong></span> <span class='ocrx_word' id='word_1_311' title='bbox 1766 4124 1826 4171; x_wconf 81' lang='lat' dir='ltr'><strong>ut</strong></span> <span class='ocrx_word' id='word_1_312' title='bbox 1857 4115 2031 4170; x_wconf 89' lang='lat' dir='ltr'><strong>oculis</strong></span> 
     </span>
    </p>
   </div>
   <div class='ocr_carea' id='block_1_45' title="bbox 452 4203 2030 4292">
    <p class='ocr_par' dir='ltr' id='par_1_45' title="bbox 452 4203 2030 4292">
     <span class='ocr_line' id='line_1_45' title="bbox 452 4203 2030 4292; baseline -0.013 -12"><span class='ocrx_word' id='word_1_313' title='bbox 452 4225 649 4280; x_wconf 62' lang='lat' dir='ltr'><strong>animae</strong></span> <span class='ocrx_word' id='word_1_314' title='bbox 690 4217 904 4292; x_wconf 73' lang='lat' dir='ltr'><strong>possint</strong></span> <span class='ocrx_word' id='word_1_315' title='bbox 943 4216 1148 4281; x_wconf 81' lang='lat' dir='ltr'><strong>videre,</strong></span> <span class='ocrx_word' id='word_1_316' title='bbox 1195 4221 1484 4284; x_wconf 83' lang='lat' dir='ltr'><strong>postquam</strong></span> <span class='ocrx_word' id='word_1_317' title='bbox 1533 4208 1806 4263; x_wconf 86' lang='lat' dir='ltr'><strong>audierint</strong></span> <span class='ocrx_word' id='word_1_318' title='bbox 1849 4203 2030 4277; x_wconf 65' lang='lat' dir='ltr'><strong>praelia</strong></span> 
     </span>
    </p>
   </div>
   <div class='ocr_carea' id='block_1_46' title="bbox 453 4301 2034 4383">
    <p class='ocr_par' dir='ltr' id='par_1_46' title="bbox 453 4301 2034 4383">
     <span class='ocr_line' id='line_1_46' title="bbox 453 4301 2034 4383; baseline -0.014 -10"><span class='ocrx_word' id='word_1_319' title='bbox 453 4331 506 4373; x_wconf 76' lang='lat' dir='ltr'><strong>vt</strong></span> <span class='ocrx_word' id='word_1_320' title='bbox 528 4314 837 4371; x_wconf 89' lang='lat' dir='ltr'><strong>auditiones</strong></span> <span class='ocrx_word' id='word_1_321' title='bbox 861 4309 1193 4381; x_wconf 62' lang='lat' dir='ltr'><strong>praeliorum,</strong></span> <span class='ocrx_word' id='word_1_322' title='bbox 1225 4306 1564 4378; x_wconf 81' lang='lat' dir='ltr'><strong>singulorum</strong></span> <span class='ocrx_word' id='word_1_323' title='bbox 1588 4317 1711 4373; x_wconf 73' lang='lat' dir='ltr'><strong>qua:</strong></span> <span class='ocrx_word' id='word_1_324' title='bbox 1734 4301 2034 4383; x_wconf 82' lang='lat' dir='ltr'><strong>audiuntur</strong></span> 
     </span>
    </p>
   </div>
   <div class='ocr_carea' id='block_1_47' title="bbox 452 4390 2030 4471">
    <p class='ocr_par' dir='ltr' id='par_1_47' title="bbox 452 4390 2030 4471">
     <span class='ocr_line' id='line_1_47' title="bbox 452 4390 2030 4471; baseline -0.013 -8"><span class='ocrx_word' id='word_1_325' title='bbox 452 4419 726 4471; x_wconf 85' lang='lat' dir='ltr'><strong>naturam,</strong></span> <span class='ocrx_word' id='word_1_326' title='bbox 753 4411 809 4458; x_wconf 92' lang='lat' dir='ltr'><strong>et</strong></span> <span class='ocrx_word' id='word_1_327' title='bbox 839 4401 1231 4457; x_wconf 88' lang='lat' dir='ltr'><strong>videntes-eam</strong></span> <span class='ocrx_word' id='word_1_328' title='bbox 1258 4413 1363 4453; x_wconf 91' lang='lat' dir='ltr'><strong>non</strong></span> <span class='ocrx_word' id='word_1_329' title='bbox 1382 4406 1701 4452; x_wconf 84' lang='lat' dir='ltr'><strong>terreantur</strong></span> <span class='ocrx_word' id='word_1_330' title='bbox 1728 4411 1745 4447; x_wconf 84' lang='lat'><strong>:</strong></span> <span class='ocrx_word' id='word_1_331' title='bbox 1771 4390 2030 4461; x_wconf 88' lang='lat' dir='ltr'><strong>quoniam</strong></span> 
     </span>
    </p>
   </div>
   <div class='ocr_carea' id='block_1_48' title="bbox 2142 548 3715 623">
    <p class='ocr_par' dir='ltr' id='par_1_48' title="bbox 2142 548 3715 623">
     <span class='ocr_line' id='line_1_48' title="bbox 2142 548 3715 623; baseline 0.006 -21"><span class='ocrx_word' id='word_1_332' title='bbox 2142 548 2227 605; x_wconf 89' lang='lat' dir='ltr'><strong>bis</strong></span> <span class='ocrx_word' id='word_1_333' title='bbox 2275 562 2399 619; x_wconf 66' lang='lat' dir='ltr'><strong>qua:</strong></span> <span class='ocrx_word' id='word_1_334' title='bbox 2433 548 2711 618; x_wconf 89' lang='lat' dir='ltr'><strong>dicuntur,</strong></span> <span class='ocrx_word' id='word_1_335' title='bbox 2742 560 2991 621; x_wconf 64' lang='lat' dir='ltr'><strong>quaarunt</strong></span> <span class='ocrx_word' id='word_1_336' title='bbox 3032 562 3086 608; x_wconf 88' lang='lat' dir='ltr'><strong>et</strong></span> <span class='ocrx_word' id='word_1_337' title='bbox 3127 555 3368 623; x_wconf 83' lang='lat' dir='ltr'><strong>cogitant</strong></span> <span class='ocrx_word' id='word_1_338' title='bbox 3398 557 3715 612; x_wconf 86' lang='lat' dir='ltr'><strong>mandatum</strong></span> 
     </span>
    </p>
   </div>
   <div class='ocr_carea' id='block_1_49' title="bbox 2139 640 3720 717">
    <p class='ocr_par' dir='ltr' id='par_1_49' title="bbox 2139 640 3720 717">
     <span class='ocr_line' id='line_1_49' title="bbox 2139 640 3720 717; baseline 0.004 -21"><span class='ocrx_word' id='word_1_339' title='bbox 2139 640 2339 696; x_wconf 90' lang='lat' dir='ltr'><strong>Christi</strong></span> <span class='ocrx_word' id='word_1_340' title='bbox 2379 641 2608 697; x_wconf 89' lang='lat' dir='ltr'><strong>dicentis</strong></span> <span class='ocrx_word' id='word_1_341' title='bbox 2642 659 2654 695; x_wconf 89' lang='lat'>:</span> <span class='ocrx_word' id='word_1_342' title='bbox 2694 640 2894 707; x_wconf 83' lang='lat' dir='ltr'><strong>Videte,</strong></span> <span class='ocrx_word' id='word_1_343' title='bbox 2921 651 2974 698; x_wconf 91' lang='lat' dir='ltr'><strong>et</strong></span> <span class='ocrx_word' id='word_1_344' title='bbox 3011 643 3196 699; x_wconf 90' lang='lat' dir='ltr'><strong>vident</strong></span> <span class='ocrx_word' id='word_1_345' title='bbox 3220 647 3443 715; x_wconf 85' lang='lat' dir='ltr'><strong>quidem</strong></span> <span class='ocrx_word' id='word_1_346' title='bbox 3478 663 3601 717; x_wconf 75' lang='lat' dir='ltr'><strong>qua:</strong></span> <span class='ocrx_word' id='word_1_347' title='bbox 3634 648 3720 703; x_wconf 83' lang='lat' dir='ltr'><strong>di-</strong></span> 
     </span>
    </p>
   </div>
   <div class='ocr_carea' id='block_1_50' title="bbox 2137 732 3723 798">
    <p class='ocr_par' dir='ltr' id='par_1_50' title="bbox 2137 732 3723 798">
     <span class='ocr_line' id='line_1_50' title="bbox 2137 732 3723 798; baseline 0.004 -13"><span class='ocrx_word' id='word_1_348' title='bbox 2137 741 2359 798; x_wconf 89' lang='lat' dir='ltr'><strong>cuntur,</strong></span> <span class='ocrx_word' id='word_1_349' title='bbox 2392 732 2850 788; x_wconf 77' lang='lat' dir='ltr'><strong>videntes&#39;autem</strong></span> <span class='ocrx_word' id='word_1_350' title='bbox 2883 750 3008 788; x_wconf 89' lang='lat' dir='ltr'><strong>eum</strong></span> <span class='ocrx_word' id='word_1_351' title='bbox 3059 736 3542 791; x_wconf 86' lang='lat' dir='ltr'><strong>verisimilitudine</strong></span> <span class='ocrx_word' id='word_1_352' title='bbox 3569 753 3723 792; x_wconf 58' lang='lat' dir='ltr'><strong>mea»</strong></span> 
     </span>
    </p>
   </div>
   <div class='ocr_carea' id='block_1_51' title="bbox 2121 821 3722 896">
    <p class='ocr_par' dir='ltr' id='par_1_51' title="bbox 2121 821 3722 896">
     <span class='ocr_line' id='line_1_51' title="bbox 2121 821 3722 896; baseline 0.005 -20"><span class='ocrx_word' id='word_1_353' title='bbox 2121 821 2315 887; x_wconf 70' lang='lat' dir='ltr'><strong>daein,</strong></span> <span class='ocrx_word' id='word_1_354' title='bbox 2359 836 2469 877; x_wconf 92' lang='lat' dir='ltr'><strong>non</strong></span> <span class='ocrx_word' id='word_1_355' title='bbox 2506 823 2880 888; x_wconf 82' lang='lat' dir='ltr'><strong>seducuntur,</strong></span> <span class='ocrx_word' id='word_1_356' title='bbox 2918 824 3011 880; x_wconf 84' lang='lat' dir='ltr'><strong>sed</strong></span> <span class='ocrx_word' id='word_1_357' title='bbox 3062 836 3287 896; x_wconf 84' lang='lat' dir='ltr'><strong>sperant</strong></span> <span class='ocrx_word' id='word_1_358' title='bbox 3329 829 3447 883; x_wconf 90' lang='lat' dir='ltr'><strong>sine</strong></span> <span class='ocrx_word' id='word_1_359' title='bbox 3495 829 3722 884; x_wconf 71' lang='lat' dir='ltr'><strong>vuluet&#39;e</strong></span> 
     </span>
    </p>
   </div>
   <div class='ocr_carea' id='block_1_52' title="bbox 2123 913 3721 985">
    <p class='ocr_par' dir='ltr' id='par_1_52' title="bbox 2123 913 3721 985">
     <span class='ocr_line' id='line_1_52' title="bbox 2123 913 3721 985; baseline 0.004 -17"><span class='ocrx_word' id='word_1_360' title='bbox 2123 913 2327 969; x_wconf 75' lang='lat' dir='ltr'><strong>&#39;talium</strong></span> <span class='ocrx_word' id='word_1_361' title='bbox 2360 913 2670 984; x_wconf 53' lang='lat' dir='ltr'><strong>praeliorum</strong></span> <span class='ocrx_word' id='word_1_362' title='bbox 2699 916 2996 985; x_wconf 83' lang='lat' dir='ltr'><strong>gloriosum</strong></span> <span class='ocrx_word' id='word_1_363' title='bbox 3033 918 3324 974; x_wconf 75' lang='lat' dir='ltr'><strong>adventum</strong></span> <span class='ocrx_word' id='word_1_364' title='bbox 3358 919 3537 975; x_wconf 69' lang='lat' dir='ltr'><strong>videre</strong></span> <span class='ocrx_word' id='word_1_365' title='bbox 3561 921 3721 975; x_wconf 74' lang='lat' dir='ltr'><strong>Chri-</strong></span> 
     </span>
    </p>
   </div>
   <div class='ocr_carea' id='block_1_53' title="bbox 2137 1001 3719 1072">
    <p class='ocr_par' dir='ltr' id='par_1_53' title="bbox 2137 1001 3719 1072">
     <span class='ocr_line' id='line_1_53' title="bbox 2137 1001 3719 1072; baseline 0 -13"><span class='ocrx_word' id='word_1_366' title='bbox 2137 1004 2229 1066; x_wconf 81' lang='lat' dir='ltr'><strong>Sti,</strong></span> <span class='ocrx_word' id='word_1_367' title='bbox 2263 1003 2356 1072; x_wconf 90' lang='lat' dir='ltr'><strong>qui</strong></span> <span class='ocrx_word' id='word_1_368' title='bbox 2396 1012 2480 1057; x_wconf 89' lang='lat' dir='ltr'><strong>est</strong></span> <span class='ocrx_word' id='word_1_369' title='bbox 2516 1001 2755 1058; x_wconf 79' lang='lat' dir='ltr'><strong>Verbum</strong></span> <span class='ocrx_word' id='word_1_370' title='bbox 2789 1019 2802 1057; x_wconf 93' lang='lat'>:</span> <span class='ocrx_word' id='word_1_371' title='bbox 2848 1002 3085 1059; x_wconf 84' lang='lat' dir='ltr'><strong>maxime</strong></span> <span class='ocrx_word' id='word_1_372' title='bbox 3115 1004 3159 1059; x_wconf 92' lang='lat' dir='ltr'><strong>si</strong></span> <span class='ocrx_word' id='word_1_373' title='bbox 3205 1003 3487 1061; x_wconf 84' lang='lat' dir='ltr'><strong>audientes</strong></span> <span class='ocrx_word' id='word_1_374' title='bbox 3521 1021 3719 1061; x_wconf 83' lang='lat' dir='ltr'><strong>secun-</strong></span> 
     </span>
    </p>
   </div>
   <div class='ocr_carea' id='block_1_54' title="bbox 2137 1093 3715 1166">
    <p class='ocr_par' dir='ltr' id='par_1_54' title="bbox 2137 1093 3715 1166">
     <span class='ocr_line' id='line_1_54' title="bbox 2137 1093 3715 1166; baseline 0.002 -18"><span class='ocrx_word' id='word_1_375' title='bbox 2137 1095 2266 1149; x_wconf 91' lang='lat' dir='ltr'><strong>dum</strong></span> <span class='ocrx_word' id='word_1_376' title='bbox 2310 1094 2511 1149; x_wconf 87' lang='lat' dir='ltr'><strong>Christi</strong></span> <span class='ocrx_word' id='word_1_377' title='bbox 2558 1093 2877 1148; x_wconf 86' lang='lat' dir='ltr'><strong>mandatum</strong></span> <span class='ocrx_word' id='word_1_378' title='bbox 2916 1094 3099 1164; x_wconf 71' lang='lat' dir='ltr'><strong>praelia</strong></span> <span class='ocrx_word' id='word_1_379' title='bbox 3142 1105 3197 1150; x_wconf 89' lang='lat' dir='ltr'><strong>et</strong></span> <span class='ocrx_word' id='word_1_380' title='bbox 3239 1096 3547 1151; x_wconf 78' lang='lat' dir='ltr'><strong>auditiones</strong></span> <span class='ocrx_word' id='word_1_381' title='bbox 3583 1111 3715 1166; x_wconf 74' lang='lat' dir='ltr'><strong>pra:-</strong></span> 
     </span>
    </p>
   </div>
   <div class='ocr_carea' id='block_1_55' title="bbox 2134 1187 3715 1258">
    <p class='ocr_par' dir='ltr' id='par_1_55' title="bbox 2134 1187 3715 1258">
     <span class='ocr_line' id='line_1_55' title="bbox 2134 1187 3715 1258; baseline 0.001 -16"><span class='ocrx_word' id='word_1_382' title='bbox 2134 1188 2371 1251; x_wconf 92' lang='lat' dir='ltr'><strong>liorum,</strong></span> <span class='ocrx_word' id='word_1_383' title='bbox 2413 1188 2618 1242; x_wconf 83' lang='lat' dir='ltr'><strong>nullam</strong></span> <span class='ocrx_word' id='word_1_384' title='bbox 2663 1187 3127 1258; x_wconf 88' lang='lat' dir='ltr'><strong>perturbationem</strong></span> <span class='ocrx_word' id='word_1_385' title='bbox 3175 1189 3374 1243; x_wconf 74' lang='lat' dir='ltr'><strong>anima:</strong></span> <span class='ocrx_word' id='word_1_386' title='bbox 3415 1189 3715 1258; x_wconf 89' lang='lat' dir='ltr'><strong>patiantur,</strong></span> 
     </span>
    </p>
   </div>
   <div class='ocr_carea' id='block_1_56' title="bbox 2130 1278 3718 1350">
    <p class='ocr_par' dir='ltr' id='par_1_56' title="bbox 2130 1278 3718 1350">
     <span class='ocr_line' id='line_1_56' title="bbox 2130 1278 3718 1350; baseline -0.003 -14"><span class='ocrx_word' id='word_1_387' title='bbox 2130 1280 2229 1336; x_wconf 87' lang='lat' dir='ltr'><strong>sed</strong></span> <span class='ocrx_word' id='word_1_388' title='bbox 2280 1280 2384 1334; x_wconf 84' lang='lat' dir='ltr'><strong>sub</strong></span> <span class='ocrx_word' id='word_1_389' title='bbox 2412 1294 2544 1350; x_wconf 87' lang='lat' dir='ltr'><strong>pace</strong></span> <span class='ocrx_word' id='word_1_390' title='bbox 2593 1278 2687 1334; x_wconf 83' lang='lat' dir='ltr'><strong>Dei</strong></span> <span class='ocrx_word' id='word_1_391' title='bbox 2719 1279 2970 1349; x_wconf 89' lang='lat' dir='ltr'><strong>protecti,</strong></span> <span class='ocrx_word' id='word_1_392' title='bbox 3017 1294 3141 1350; x_wconf 70' lang='lat' dir='ltr'><strong>qua:</strong></span> <span class='ocrx_word' id='word_1_393' title='bbox 3181 1279 3416 1334; x_wconf 82' lang='lat' dir='ltr'><strong>custodit</strong></span> <span class='ocrx_word' id='word_1_394' title='bbox 3457 1278 3622 1333; x_wconf 79' lang='lat' dir='ltr'><strong>cmda</strong></span> <span class='ocrx_word' id='word_1_395' title='bbox 3662 1289 3718 1332; x_wconf 87' lang='lat' dir='ltr'><strong>et</strong></span> 
     </span>
    </p>
   </div>
   <div class='ocr_carea' id='block_1_57' title="bbox 2133 1368 3721 1439">
    <p class='ocr_par' dir='ltr' id='par_1_57' title="bbox 2133 1368 3721 1439">
     <span class='ocr_line' id='line_1_57' title="bbox 2133 1368 3721 1439; baseline -0.004 -12"><span class='ocrx_word' id='word_1_396' title='bbox 2133 1386 2332 1428; x_wconf 85' lang='lat' dir='ltr'><strong>sensus</strong></span> <span class='ocrx_word' id='word_1_397' title='bbox 2365 1371 2679 1439; x_wconf 84' lang='lat' dir='ltr'><strong>dignorum,</strong></span> <span class='ocrx_word' id='word_1_398' title='bbox 2716 1385 2823 1424; x_wconf 89' lang='lat' dir='ltr'><strong>non</strong></span> <span class='ocrx_word' id='word_1_399' title='bbox 2869 1369 3073 1425; x_wconf 85' lang='lat' dir='ltr'><strong>fuerint</strong></span> <span class='ocrx_word' id='word_1_400' title='bbox 3114 1369 3309 1424; x_wconf 89' lang='lat' dir='ltr'><strong>territi.</strong></span> <span class='ocrx_word' id='word_1_401' title='bbox 3345 1368 3403 1423; x_wconf 86' lang='lat' dir='ltr'><strong>Si</strong></span> <span class='ocrx_word' id='word_1_402' title='bbox 3451 1369 3577 1438; x_wconf 89' lang='lat' dir='ltr'><strong>quis</strong></span> <span class='ocrx_word' id='word_1_403' title='bbox 3618 1383 3721 1421; x_wconf 79' lang='lat' dir='ltr'><strong>au-</strong></span> 
     </span>
    </p>
   </div>
   <div class='ocr_carea' id='block_1_58' title="bbox 2133 1460 3727 1531">
    <p class='ocr_par' dir='ltr' id='par_1_58' title="bbox 2133 1460 3727 1531">
     <span class='ocr_line' id='line_1_58' title="bbox 2133 1460 3727 1531; baseline -0.004 -15"><span class='ocrx_word' id='word_1_404' title='bbox 2133 1470 2241 1516; x_wconf 89' lang='lat' dir='ltr'><strong>tem</strong></span> <span class='ocrx_word' id='word_1_405' title='bbox 2274 1462 2504 1518; x_wconf 87' lang='lat' dir='ltr'><strong>audiens</strong></span> <span class='ocrx_word' id='word_1_406' title='bbox 2528 1462 2712 1531; x_wconf 66' lang='lat' dir='ltr'><strong>praelia</strong></span> <span class='ocrx_word' id='word_1_407' title='bbox 2743 1469 2799 1516; x_wconf 88' lang='lat' dir='ltr'><strong>et</strong></span> <span class='ocrx_word' id='word_1_408' title='bbox 2832 1460 3141 1515; x_wconf 84' lang='lat' dir='ltr'><strong>auditiones</strong></span> <span class='ocrx_word' id='word_1_409' title='bbox 3164 1460 3497 1529; x_wconf 80' lang='lat' dir='ltr'><strong>praeliorum,</strong></span> <span class='ocrx_word' id='word_1_410' title='bbox 3525 1472 3727 1513; x_wconf 63' lang='lat' dir='ltr'><strong>secun-</strong></span> 
     </span>
    </p>
   </div>
   <div class='ocr_carea' id='block_1_59' title="bbox 2131 1548 3715 1623">
    <p class='ocr_par' dir='ltr' id='par_1_59' title="bbox 2131 1548 3715 1623">
     <span class='ocr_line' id='line_1_59' title="bbox 2131 1548 3715 1623; baseline -0.007 -13"><span class='ocrx_word' id='word_1_411' title='bbox 2131 1554 2260 1610; x_wconf 91' lang='lat' dir='ltr'><strong>dum</strong></span> <span class='ocrx_word' id='word_1_412' title='bbox 2314 1553 2461 1623; x_wconf 92' lang='lat' dir='ltr'><strong>quod</strong></span> <span class='ocrx_word' id='word_1_413' title='bbox 2514 1552 2909 1622; x_wconf 79' lang='lat' dir='ltr'><strong>exposuimus,</strong></span> <span class='ocrx_word' id='word_1_414' title='bbox 2967 1565 3077 1604; x_wconf 91' lang='lat' dir='ltr'><strong>non</strong></span> <span class='ocrx_word' id='word_1_415' title='bbox 3131 1549 3295 1604; x_wconf 90' lang='lat' dir='ltr'><strong>fuerit</strong></span> <span class='ocrx_word' id='word_1_416' title='bbox 3340 1548 3604 1606; x_wconf 81' lang='lat' dir='ltr'><strong>sollicitus</strong></span> <span class='ocrx_word' id='word_1_417' title='bbox 3648 1555 3715 1600; x_wconf 85' lang='lat' dir='ltr'><strong>ad</strong></span> 
     </span>
    </p>
   </div>
   <div class='ocr_carea' id='block_1_60' title="bbox 2126 1637 3719 1715">
    <p class='ocr_par' dir='ltr' id='par_1_60' title="bbox 2126 1637 3719 1715">
     <span class='ocr_line' id='line_1_60' title="bbox 2126 1637 3719 1715; baseline -0.006 -15"><span class='ocrx_word' id='word_1_418' title='bbox 2126 1645 2425 1701; x_wconf 85' lang='lat' dir='ltr'><strong>videndum</strong></span> <span class='ocrx_word' id='word_1_419' title='bbox 2456 1658 2519 1699; x_wconf 87' lang='lat' dir='ltr'><strong>ea</strong></span> <span class='ocrx_word' id='word_1_420' title='bbox 2549 1659 2671 1713; x_wconf 68' lang='lat' dir='ltr'><strong>qua:</strong></span> <span class='ocrx_word' id='word_1_421' title='bbox 2700 1643 2958 1698; x_wconf 89' lang='lat' dir='ltr'><strong>dicuntur</strong></span> <span class='ocrx_word' id='word_1_422' title='bbox 2986 1640 3042 1715; x_wconf 92' lang='lat' dir='ltr'><strong>in</strong></span> <span class='ocrx_word' id='word_1_423' title='bbox 3069 1640 3301 1695; x_wconf 88' lang='lat' dir='ltr'><strong>diversis</strong></span> <span class='ocrx_word' id='word_1_424' title='bbox 3342 1637 3719 1693; x_wconf 69' lang='lat' dir='ltr'><strong>verisimifitu-</strong></span> 
     </span>
    </p>
   </div>
   <div class='ocr_carea' id='block_1_61' title="bbox 2130 1729 3714 1805">
    <p class='ocr_par' dir='ltr' id='par_1_61' title="bbox 2130 1729 3714 1805">
     <span class='ocr_line' id='line_1_61' title="bbox 2130 1729 3714 1805; baseline -0.006 -13"><span class='ocrx_word' id='word_1_425' title='bbox 2130 1736 2373 1800; x_wconf 81' lang='lat' dir='ltr'><strong>dinibus,</strong></span> <span class='ocrx_word' id='word_1_426' title='bbox 2405 1744 2459 1789; x_wconf 89' lang='lat' dir='ltr'><strong>et</strong></span> <span class='ocrx_word' id='word_1_427' title='bbox 2499 1734 2627 1805; x_wconf 91' lang='lat' dir='ltr'><strong>quia</strong></span> <span class='ocrx_word' id='word_1_428' title='bbox 2675 1748 2783 1787; x_wconf 91' lang='lat' dir='ltr'><strong>non</strong></span> <span class='ocrx_word' id='word_1_429' title='bbox 2836 1732 2938 1788; x_wconf 90' lang='lat' dir='ltr'><strong>fuit</strong></span> <span class='ocrx_word' id='word_1_430' title='bbox 2983 1732 3256 1787; x_wconf 87' lang='lat' dir='ltr'><strong>sollicitus</strong></span> <span class='ocrx_word' id='word_1_431' title='bbox 3301 1731 3368 1785; x_wconf 90' lang='lat' dir='ltr'><strong>ad</strong></span> <span class='ocrx_word' id='word_1_432' title='bbox 3400 1729 3714 1795; x_wconf 88' lang='lat' dir='ltr'><strong>videndum,</strong></span> 
     </span>
    </p>
   </div>
   <div class='ocr_carea' id='block_1_62' title="bbox 2130 1823 3713 1896">
    <p class='ocr_par' dir='ltr' id='par_1_62' title="bbox 2130 1823 3713 1896">
     <span class='ocr_line' id='line_1_62' title="bbox 2130 1823 3713 1896; baseline -0.004 -10"><span class='ocrx_word' id='word_1_433' title='bbox 2130 1831 2352 1886; x_wconf 88' lang='lat' dir='ltr'><strong>territus</strong></span> <span class='ocrx_word' id='word_1_434' title='bbox 2395 1827 2577 1895; x_wconf 77' lang='lat' dir='ltr'><strong>fuerit,</strong></span> <span class='ocrx_word' id='word_1_435' title='bbox 2611 1841 2722 1883; x_wconf 91' lang='lat' dir='ltr'><strong>non</strong></span> <span class='ocrx_word' id='word_1_436' title='bbox 2760 1827 2940 1883; x_wconf 87' lang='lat' dir='ltr'><strong>solum</strong></span> <span class='ocrx_word' id='word_1_437' title='bbox 2984 1825 3287 1896; x_wconf 70' lang='lat' dir='ltr'><strong>decipzetur</strong></span> <span class='ocrx_word' id='word_1_438' title='bbox 3329 1840 3359 1879; x_wconf 72' lang='grc' dir='ltr'>ι</span> <span class='ocrx_word' id='word_1_439' title='bbox 3397 1823 3585 1879; x_wconf 83' lang='lat' dir='ltr'><strong>multis</strong></span> <span class='ocrx_word' id='word_1_440' title='bbox 3618 1839 3713 1879; x_wconf 84' lang='lat' dir='ltr'><strong>ve-</strong></span> 
     </span>
    </p>
   </div>
   <div class='ocr_carea' id='block_1_63' title="bbox 2127 1915 3716 1987">
    <p class='ocr_par' dir='ltr' id='par_1_63' title="bbox 2127 1915 3716 1987">
     <span class='ocr_line' id='line_1_63' title="bbox 2127 1915 3716 1987; baseline -0.006 -8"><span class='ocrx_word' id='word_1_441' title='bbox 2127 1923 2405 1979; x_wconf 88' lang='lat' dir='ltr'><strong>nientibus</strong></span> <span class='ocrx_word' id='word_1_442' title='bbox 2454 1921 2507 1974; x_wconf 92' lang='lat' dir='ltr'><strong>in</strong></span> <span class='ocrx_word' id='word_1_443' title='bbox 2554 1923 2778 1975; x_wconf 88' lang='lat' dir='ltr'><strong>nomine</strong></span> <span class='ocrx_word' id='word_1_444' title='bbox 2810 1919 3035 1985; x_wconf 88' lang='lat' dir='ltr'><strong>Christi,</strong></span> <span class='ocrx_word' id='word_1_445' title='bbox 3079 1929 3133 1975; x_wconf 89' lang='lat' dir='ltr'><strong>et</strong></span> <span class='ocrx_word' id='word_1_446' title='bbox 3181 1918 3491 1974; x_wconf 88' lang='lat' dir='ltr'><strong>dicentibus</strong></span> <span class='ocrx_word' id='word_1_447' title='bbox 3536 1935 3551 1972; x_wconf 89' lang='lat'><strong>:</strong></span> <span class='ocrx_word' id='word_1_448' title='bbox 3605 1915 3716 1987; x_wconf 82' lang='lat' dir='ltr'><strong>Ego</strong></span> 
     </span>
    </p>
   </div>
   <div class='ocr_carea' id='block_1_64' title="bbox 2124 2005 3718 2077">
    <p class='ocr_par' dir='ltr' id='par_1_64' title="bbox 2124 2005 3718 2077">
     <span class='ocr_line' id='line_1_64' title="bbox 2124 2005 3718 2077; baseline -0.002 -14"><span class='ocrx_word' id='word_1_449' title='bbox 2124 2024 2243 2063; x_wconf 78' lang='lat' dir='ltr'><strong>sum</strong></span> <span class='ocrx_word' id='word_1_450' title='bbox 2266 2006 2512 2062; x_wconf 74' lang='lat' dir='ltr'><strong>Christus</strong></span> <span class='ocrx_word' id='word_1_451' title='bbox 2530 2006 2607 2071; x_wconf 80' lang='lat'><strong>&quot;&#39;,</strong></span> <span class='ocrx_word' id='word_1_452' title='bbox 2640 2021 2833 2061; x_wconf 83' lang='lat' dir='ltr'><strong>verum</strong></span> <span class='ocrx_word' id='word_1_453' title='bbox 2858 2007 3021 2061; x_wconf 90' lang='lat' dir='ltr'><strong>etiam</strong></span> <span class='ocrx_word' id='word_1_454' title='bbox 3046 2006 3403 2062; x_wconf 87' lang='lat' dir='ltr'><strong>interfieietur</strong></span> <span class='ocrx_word' id='word_1_455' title='bbox 3428 2007 3497 2059; x_wconf 87' lang='lat' dir='ltr'><strong>ab</strong></span> <span class='ocrx_word' id='word_1_456' title='bbox 3526 2005 3718 2077; x_wconf 86' lang='lat' dir='ltr'><strong>hujus-</strong></span> 
     </span>
    </p>
   </div>
   <div class='ocr_carea' id='block_1_65' title="bbox 2127 2097 3718 2170">
    <p class='ocr_par' dir='ltr' id='par_1_65' title="bbox 2127 2097 3718 2170">
     <span class='ocr_line' id='line_1_65' title="bbox 2127 2097 3718 2170; baseline -0.002 -15"><span class='ocrx_word' id='word_1_457' title='bbox 2127 2098 2276 2155; x_wconf 88' lang='lat' dir='ltr'><strong>modi</strong></span> <span class='ocrx_word' id='word_1_458' title='bbox 2325 2098 2523 2170; x_wconf 81' lang='lat' dir='ltr'><strong>gladiis</strong></span> <span class='ocrx_word' id='word_1_459' title='bbox 2582 2098 2911 2153; x_wconf 81' lang='lat' dir='ltr'><strong>insanabilia</strong></span> <span class='ocrx_word' id='word_1_460' title='bbox 2970 2097 3278 2166; x_wconf 83' lang='lat' dir='ltr'><strong>suscipiens</strong></span> <span class='ocrx_word' id='word_1_461' title='bbox 3333 2097 3594 2162; x_wconf 81' lang='lat' dir='ltr'><strong>vulnera;</strong></span> <span class='ocrx_word' id='word_1_462' title='bbox 3648 2097 3718 2152; x_wconf 88' lang='lat' dir='ltr'><strong>de</strong></span> 
     </span>
    </p>
   </div>
   <div class='ocr_carea' id='block_1_66' title="bbox 2127 2187 3714 2265">
    <p class='ocr_par' dir='ltr' id='par_1_66' title="bbox 2127 2187 3714 2265">
     <span class='ocr_line' id='line_1_66' title="bbox 2127 2187 3714 2265; baseline -0.005 -17"><span class='ocrx_word' id='word_1_463' title='bbox 2127 2192 2327 2265; x_wconf 91' lang='lat' dir='ltr'><strong>quibus</strong></span> <span class='ocrx_word' id='word_1_464' title='bbox 2359 2191 2551 2262; x_wconf 78' lang='lat' dir='ltr'><strong>gladiis</strong></span> <span class='ocrx_word' id='word_1_465' title='bbox 2596 2190 2802 2246; x_wconf 88' lang='lat' dir='ltr'><strong>dictum</strong></span> <span class='ocrx_word' id='word_1_466' title='bbox 2841 2201 2926 2244; x_wconf 86' lang='lat' dir='ltr'><strong>est</strong></span> <span class='ocrx_word' id='word_1_467' title='bbox 2960 2207 2986 2242; x_wconf 62' lang='grc' dir='ltr'>ς</span> <span class='ocrx_word' id='word_1_468' title='bbox 3024 2187 3324 2243; x_wconf 84' lang='lat' dir='ltr'><strong>Vulnerant</strong></span> <span class='ocrx_word' id='word_1_469' title='bbox 3349 2188 3533 2258; x_wconf 82' lang='lat' dir='ltr'><strong>gladii,</strong></span> <span class='ocrx_word' id='word_1_470' title='bbox 3566 2188 3714 2258; x_wconf 86' lang='lat' dir='ltr'><strong>quo-&#39;</strong></span> 
     </span>
    </p>
   </div>
   <div class='ocr_carea' id='block_1_67' title="bbox 2129 2278 3708 2353">
    <p class='ocr_par' dir='ltr' id='par_1_67' title="bbox 2129 2278 3708 2353">
     <span class='ocr_line' id='line_1_67' title="bbox 2129 2278 3708 2353; baseline -0.005 -13"><span class='ocrx_word' id='word_1_471' title='bbox 2129 2299 2251 2340; x_wconf 89' lang='lat' dir='ltr'><strong>rum</strong></span> <span class='ocrx_word' id='word_1_472' title='bbox 2291 2284 2521 2339; x_wconf 80' lang='lat' dir='ltr'><strong>vulnera</strong></span> <span class='ocrx_word' id='word_1_473' title='bbox 2562 2282 2890 2353; x_wconf 88' lang='lat' dir='ltr'><strong>sapientium</strong></span> <span class='ocrx_word' id='word_1_474' title='bbox 2935 2282 3135 2351; x_wconf 60' lang='lat' dir='ltr'><strong>lingua:</strong></span> <span class='ocrx_word' id='word_1_475' title='bbox 3172 2280 3351 2335; x_wconf 88' lang='lat' dir='ltr'><strong>solent</strong></span> <span class='ocrx_word' id='word_1_476' title='bbox 3388 2294 3606 2335; x_wconf 88' lang='lat' dir='ltr'><strong>sanare.</strong></span> <span class='ocrx_word' id='word_1_477' title='bbox 3644 2278 3708 2333; x_wconf 78' lang='lat' dir='ltr'><strong>lii</strong></span> 
     </span>
    </p>
   </div>
   <div class='ocr_carea' id='block_1_68' title="bbox 2127 2368 3710 2441">
    <p class='ocr_par' dir='ltr' id='par_1_68' title="bbox 2127 2368 3710 2441">
     <span class='ocr_line' id='line_1_68' title="bbox 2127 2368 3710 2441; baseline -0.003 -14"><span class='ocrx_word' id='word_1_478' title='bbox 2127 2382 2308 2427; x_wconf 90' lang='lat' dir='ltr'><strong>autem</strong></span> <span class='ocrx_word' id='word_1_479' title='bbox 2343 2371 2438 2441; x_wconf 89' lang='lat' dir='ltr'><strong>qui</strong></span> <span class='ocrx_word' id='word_1_480' title='bbox 2473 2370 2895 2440; x_wconf 88' lang='lat' dir='ltr'><strong>perturbantur,</strong></span> <span class='ocrx_word' id='word_1_481' title='bbox 2928 2377 2983 2423; x_wconf 90' lang='lat' dir='ltr'><strong>et</strong></span> <span class='ocrx_word' id='word_1_482' title='bbox 3025 2368 3172 2437; x_wconf 78' lang='lat' dir='ltr'><strong>quia</strong></span> <span class='ocrx_word' id='word_1_483' title='bbox 3196 2383 3303 2422; x_wconf 91' lang='lat' dir='ltr'><strong>non</strong></span> <span class='ocrx_word' id='word_1_484' title='bbox 3344 2368 3451 2423; x_wconf 76' lang='lat' dir='ltr'><strong>sibi</strong></span> <span class='ocrx_word' id='word_1_485' title='bbox 3496 2368 3710 2438; x_wconf 82' lang='lat' dir='ltr'><strong>pr05pi-</strong></span> 
     </span>
    </p>
   </div>
   <div class='ocr_carea' id='block_1_69' title="bbox 2126 2458 3707 2530">
    <p class='ocr_par' dir='ltr' id='par_1_69' title="bbox 2126 2458 3707 2530">
     <span class='ocr_line' id='line_1_69' title="bbox 2126 2458 3707 2530; baseline -0.003 -12"><span class='ocrx_word' id='word_1_486' title='bbox 2126 2463 2302 2530; x_wconf 90' lang='lat' dir='ltr'><strong>ciunt,</strong></span> <span class='ocrx_word' id='word_1_487' title='bbox 2335 2461 2389 2515; x_wconf 88' lang='lat' dir='ltr'><strong>in</strong></span> <span class='ocrx_word' id='word_1_488' title='bbox 2438 2459 2755 2530; x_wconf 87' lang='lat' dir='ltr'><strong>bujusmodi</strong></span> <span class='ocrx_word' id='word_1_489' title='bbox 2804 2459 3046 2528; x_wconf 64' lang='lat' dir='ltr'><strong>praelium</strong></span> <span class='ocrx_word' id='word_1_490' title='bbox 3080 2458 3304 2526; x_wconf 90' lang='lat' dir='ltr'><strong>cadunt,</strong></span> <span class='ocrx_word' id='word_1_491' title='bbox 3346 2459 3422 2514; x_wconf 90' lang='lat' dir='ltr'><strong>illi</strong></span> <span class='ocrx_word' id='word_1_492' title='bbox 3459 2468 3588 2519; x_wconf 86' lang='lat' dir='ltr'><strong>sunt</strong></span> <span class='ocrx_word' id='word_1_493' title='bbox 3614 2460 3707 2528; x_wconf 91' lang='lat' dir='ltr'><strong>qui</strong></span> 
     </span>
    </p>
   </div>
   <div class='ocr_carea' id='block_1_70' title="bbox 2130 2548 3712 2618">
    <p class='ocr_par' dir='ltr' id='par_1_70' title="bbox 2130 2548 3712 2618">
     <span class='ocr_line' id='line_1_70' title="bbox 2130 2548 3712 2618; baseline -0.003 -9"><span class='ocrx_word' id='word_1_494' title='bbox 2130 2555 2184 2609; x_wconf 93' lang='lat' dir='ltr'><strong>in</strong></span> <span class='ocrx_word' id='word_1_495' title='bbox 2229 2552 2367 2608; x_wconf 87' lang='lat' dir='ltr'><strong>valle</strong></span> <span class='ocrx_word' id='word_1_496' title='bbox 2399 2550 2532 2605; x_wconf 89' lang='lat' dir='ltr'><strong>Sion</strong></span> <span class='ocrx_word' id='word_1_497' title='bbox 2579 2549 2941 2604; x_wconf 89' lang='lat' dir='ltr'><strong>vulnerantur</strong></span> <span class='ocrx_word' id='word_1_498' title='bbox 2964 2556 3019 2603; x_wconf 87' lang='lat' dir='ltr'><strong>et</strong></span> <span class='ocrx_word' id='word_1_499' title='bbox 3049 2548 3382 2613; x_wconf 90' lang='lat' dir='ltr'><strong>moriuntur,</strong></span> <span class='ocrx_word' id='word_1_500' title='bbox 3413 2550 3481 2605; x_wconf 89' lang='lat' dir='ltr'><strong>de</strong></span> <span class='ocrx_word' id='word_1_501' title='bbox 3506 2549 3712 2618; x_wconf 82' lang='lat' dir='ltr'><strong>quibus</strong></span> 
     </span>
    </p>
   </div>
   <div class='ocr_carea' id='block_1_71' title="bbox 2128 2637 3715 2712">
    <p class='ocr_par' dir='ltr' id='par_1_71' title="bbox 2128 2637 3715 2712">
     <span class='ocr_line' id='line_1_71' title="bbox 2128 2637 3715 2712; baseline -0.001 -16"><span class='ocrx_word' id='word_1_502' title='bbox 2128 2644 2261 2699; x_wconf 88' lang='lat' dir='ltr'><strong>dicit</strong></span> <span class='ocrx_word' id='word_1_503' title='bbox 2289 2642 2571 2712; x_wconf 80' lang='lat' dir='ltr'><strong>Scriptura</strong></span> <span class='ocrx_word' id='word_1_504' title='bbox 2606 2640 2650 2672; x_wconf 81' lang='grc'><strong>⁶²</strong></span> <span class='ocrx_word' id='word_1_505' title='bbox 2686 2658 2700 2693; x_wconf 91' lang='lat'>:</span> <span class='ocrx_word' id='word_1_506' title='bbox 2750 2637 3023 2693; x_wconf 79' lang='lat' dir='ltr'><strong>Vulnerati</strong></span> <span class='ocrx_word' id='word_1_507' title='bbox 3065 2641 3143 2693; x_wconf 85' lang='lat' dir='ltr'><strong>tui</strong></span> <span class='ocrx_word' id='word_1_508' title='bbox 3168 2656 3272 2693; x_wconf 84' lang='lat' dir='ltr'><strong>non</strong></span> <span class='ocrx_word' id='word_1_509' title='bbox 3296 2640 3557 2696; x_wconf 82' lang='lat' dir='ltr'><strong>vulnerati</strong></span> <span class='ocrx_word' id='word_1_510' title='bbox 3592 2641 3715 2711; x_wconf 81' lang='lat' dir='ltr'><strong>giu-</strong></span> 
     </span>
    </p>
   </div>
   <div class='ocr_carea' id='block_1_72' title="bbox 2128 2731 3716 2802">
    <p class='ocr_par' dir='ltr' id='par_1_72' title="bbox 2128 2731 3716 2802">
     <span class='ocr_line' id='line_1_72' title="bbox 2128 2731 3716 2802; baseline -0.001 -12"><span class='ocrx_word' id='word_1_511' title='bbox 2128 2737 2239 2801; x_wconf 87' lang='lat' dir='ltr'><strong>dio,</strong></span> <span class='ocrx_word' id='word_1_512' title='bbox 2274 2750 2367 2789; x_wconf 84' lang='lat' dir='ltr'><strong>nec</strong></span> <span class='ocrx_word' id='word_1_513' title='bbox 2399 2732 2596 2787; x_wconf 83' lang='lat' dir='ltr'><strong>mortui</strong></span> <span class='ocrx_word' id='word_1_514' title='bbox 2624 2732 2702 2785; x_wconf 85' lang='lat' dir='ltr'><strong>tui</strong></span> <span class='ocrx_word' id='word_1_515' title='bbox 2729 2731 2928 2784; x_wconf 85' lang='lat' dir='ltr'><strong>mortui</strong></span> <span class='ocrx_word' id='word_1_516' title='bbox 2962 2731 3018 2785; x_wconf 88' lang='lat' dir='ltr'><strong>in</strong></span> <span class='ocrx_word' id='word_1_517' title='bbox 3056 2731 3212 2786; x_wconf 76' lang='lat' dir='ltr'><strong>bello.</strong></span> <span class='ocrx_word' id='word_1_518' title='bbox 3241 2731 3316 2788; x_wconf 88' lang='lat' dir='ltr'><strong>De</strong></span> <span class='ocrx_word' id='word_1_519' title='bbox 3345 2732 3546 2802; x_wconf 87' lang='lat' dir='ltr'><strong>quibus</strong></span> <span class='ocrx_word' id='word_1_520' title='bbox 3570 2747 3716 2788; x_wconf 80' lang='lat' dir='ltr'><strong>nunc</strong></span> 
     </span>
    </p>
   </div>
   <div class='ocr_carea' id='block_1_73' title="bbox 2128 2824 3710 2897">
    <p class='ocr_par' dir='ltr' id='par_1_73' title="bbox 2128 2824 3710 2897">
     <span class='ocr_line' id='line_1_73' title="bbox 2128 2824 3710 2897; baseline -0.003 -14"><span class='ocrx_word' id='word_1_521' title='bbox 2128 2837 2341 2884; x_wconf 83' lang='lat' dir='ltr'><strong>tantum</strong></span> <span class='ocrx_word' id='word_1_522' title='bbox 2372 2825 2680 2897; x_wconf 76' lang='lat' dir='ltr'><strong>significare</strong></span> <span class='ocrx_word' id='word_1_523' title='bbox 2705 2831 2922 2894; x_wconf 88' lang='lat' dir='ltr'><strong>oportet</strong></span> <span class='ocrx_word' id='word_1_524' title='bbox 2948 2837 3049 2878; x_wconf 90' lang='lat' dir='ltr'><strong>nos</strong></span> <span class='ocrx_word' id='word_1_525' title='bbox 3088 2840 3101 2877; x_wconf 93' lang='lat'><strong>:</strong></span> <span class='ocrx_word' id='word_1_526' title='bbox 3136 2824 3231 2879; x_wconf 90' lang='lat' dir='ltr'><strong>sed</strong></span> <span class='ocrx_word' id='word_1_527' title='bbox 3264 2838 3372 2879; x_wconf 92' lang='lat' dir='ltr'><strong>non</strong></span> <span class='ocrx_word' id='word_1_528' title='bbox 3407 2824 3710 2895; x_wconf 78' lang='lat' dir='ltr'><strong>cujuscu.:-</strong></span> 
     </span>
    </p>
   </div>
   <div class='ocr_carea' id='block_1_74' title="bbox 2126 2914 3713 2990">
    <p class='ocr_par' dir='ltr' id='par_1_74' title="bbox 2126 2914 3713 2990">
     <span class='ocr_line' id='line_1_74' title="bbox 2126 2914 3713 2990; baseline -0.001 -17"><span class='ocrx_word' id='word_1_529' title='bbox 2126 2934 2237 2990; x_wconf 89' lang='lat' dir='ltr'><strong>que</strong></span> <span class='ocrx_word' id='word_1_530' title='bbox 2264 2918 2504 2974; x_wconf 86' lang='lat' dir='ltr'><strong>hominis</strong></span> <span class='ocrx_word' id='word_1_531' title='bbox 2529 2932 2653 2974; x_wconf 92' lang='lat' dir='ltr'><strong>esse</strong></span> <span class='ocrx_word' id='word_1_532' title='bbox 2700 2931 3008 2989; x_wconf 68' lang='lat' dir='ltr'><strong>prrcparare</strong></span> <span class='ocrx_word' id='word_1_533' title='bbox 3044 2916 3109 2970; x_wconf 93' lang='lat' dir='ltr'><strong>ad</strong></span> <span class='ocrx_word' id='word_1_534' title='bbox 3162 2914 3493 2970; x_wconf 87' lang='lat' dir='ltr'><strong>audiendum</strong></span> <span class='ocrx_word' id='word_1_535' title='bbox 3528 2917 3713 2986; x_wconf 57' lang='lat' dir='ltr'><strong>praelia</strong></span> 
     </span>
    </p>
   </div>
   <div class='ocr_carea' id='block_1_75' title="bbox 2129 3006 3712 3079">
    <p class='ocr_par' dir='ltr' id='par_1_75' title="bbox 2129 3006 3712 3079">
     <span class='ocr_line' id='line_1_75' title="bbox 2129 3006 3712 3079; baseline -0.004 -13"><span class='ocrx_word' id='word_1_536' title='bbox 2129 3022 2184 3066; x_wconf 90' lang='lat' dir='ltr'><strong>et</strong></span> <span class='ocrx_word' id='word_1_537' title='bbox 2218 3011 2531 3065; x_wconf 85' lang='lat' dir='ltr'><strong>auditiones</strong></span> <span class='ocrx_word' id='word_1_538' title='bbox 2549 3043 2557 3053; x_wconf 64' lang='grc' dir='ltr'><strong>ι.</strong></span> <span class='ocrx_word' id='word_1_539' title='bbox 2573 3009 2907 3079; x_wconf 56' lang='lat' dir='ltr'><strong>praeliorum,</strong></span> <span class='ocrx_word' id='word_1_540' title='bbox 2940 3016 2999 3061; x_wconf 91' lang='lat' dir='ltr'><strong>ut</strong></span> <span class='ocrx_word' id='word_1_541' title='bbox 3027 3006 3257 3062; x_wconf 89' lang='lat' dir='ltr'><strong>audiens</strong></span> <span class='ocrx_word' id='word_1_542' title='bbox 3290 3006 3493 3074; x_wconf 87' lang='lat' dir='ltr'><strong>videat,</strong></span> <span class='ocrx_word' id='word_1_543' title='bbox 3522 3015 3575 3061; x_wconf 91' lang='lat' dir='ltr'><strong>et</strong></span> <span class='ocrx_word' id='word_1_544' title='bbox 3605 3022 3712 3060; x_wconf 87' lang='lat' dir='ltr'><strong>non</strong></span> 
     </span>
    </p>
   </div>
   <div class='ocr_carea' id='block_1_76' title="bbox 2132 3097 3714 3172">
    <p class='ocr_par' dir='ltr' id='par_1_76' title="bbox 2132 3097 3714 3172">
     <span class='ocr_line' id='line_1_76' title="bbox 2132 3097 3714 3172; baseline -0.006 -14"><span class='ocrx_word' id='word_1_545' title='bbox 2132 3113 2421 3168; x_wconf 88' lang='lat' dir='ltr'><strong>terreatur,</strong></span> <span class='ocrx_word' id='word_1_546' title='bbox 2449 3101 2543 3157; x_wconf 80' lang='lat' dir='ltr'><strong>sed</strong></span> <span class='ocrx_word' id='word_1_547' title='bbox 2574 3102 2683 3156; x_wconf 81' lang='lat' dir='ltr'><strong>viri</strong></span> <span class='ocrx_word' id='word_1_548' title='bbox 2713 3099 2935 3172; x_wconf 81' lang='lat' dir='ltr'><strong>perfecti</strong></span> <span class='ocrx_word' id='word_1_549' title='bbox 2957 3102 3012 3154; x_wconf 89' lang='lat' dir='ltr'><strong>in</strong></span> <span class='ocrx_word' id='word_1_550' title='bbox 3038 3097 3280 3166; x_wconf 81' lang='lat' dir='ltr'><strong>Christo,</strong></span> <span class='ocrx_word' id='word_1_551' title='bbox 3305 3097 3358 3152; x_wconf 91' lang='lat' dir='ltr'><strong>in</strong></span> <span class='ocrx_word' id='word_1_552' title='bbox 3389 3113 3552 3153; x_wconf 89' lang='lat' dir='ltr'><strong>carne</strong></span> <span class='ocrx_word' id='word_1_553' title='bbox 3587 3099 3714 3168; x_wconf 84' lang='lat' dir='ltr'><strong>qni-</strong></span> 
     </span>
    </p>
   </div>
   <div class='ocr_carea' id='block_1_77' title="bbox 2132 3188 3714 3261">
    <p class='ocr_par' dir='ltr' id='par_1_77' title="bbox 2132 3188 3714 3261">
     <span class='ocr_line' id='line_1_77' title="bbox 2132 3188 3714 3261; baseline -0.006 -10"><span class='ocrx_word' id='word_1_554' title='bbox 2132 3196 2255 3251; x_wconf 89' lang='lat' dir='ltr'><strong>dem</strong></span> <span class='ocrx_word' id='word_1_555' title='bbox 2283 3194 2534 3261; x_wconf 83' lang='lat' dir='ltr'><strong>viventis,</strong></span> <span class='ocrx_word' id='word_1_556' title='bbox 2567 3208 2672 3248; x_wconf 85' lang='lat' dir='ltr'><strong>non</strong></span> <span class='ocrx_word' id='word_1_557' title='bbox 2724 3203 2903 3247; x_wconf 88' lang='lat' dir='ltr'><strong>tamen</strong></span> <span class='ocrx_word' id='word_1_558' title='bbox 2952 3189 3253 3247; x_wconf 83' lang='lat' dir='ltr'><strong>secundum</strong></span> <span class='ocrx_word' id='word_1_559' title='bbox 3302 3205 3522 3246; x_wconf 77' lang='lat' dir='ltr'><strong>carnem</strong></span> <span class='ocrx_word' id='word_1_560' title='bbox 3569 3188 3714 3243; x_wconf 90' lang='lat' dir='ltr'><strong>mili-</strong></span> 
     </span>
    </p>
   </div>
   <div class='ocr_carea' id='block_1_78' title="bbox 2131 3277 3709 3352">
    <p class='ocr_par' dir='ltr' id='par_1_78' title="bbox 2131 3277 3709 3352">
     <span class='ocr_line' id='line_1_78' title="bbox 2131 3277 3709 3352; baseline -0.006 -12"><span class='ocrx_word' id='word_1_561' title='bbox 2131 3284 2331 3349; x_wconf 82' lang='lat' dir='ltr'><strong>tantis;</strong></span> <span class='ocrx_word' id='word_1_562' title='bbox 2364 3283 2523 3352; x_wconf 90' lang='lat' dir='ltr'><strong>cujus</strong></span> <span class='ocrx_word' id='word_1_563' title='bbox 2576 3282 2785 3337; x_wconf 65' lang='lat' dir='ltr'><strong>militias</strong></span> <span class='ocrx_word' id='word_1_564' title='bbox 2818 3296 2980 3336; x_wconf 81' lang='lat' dir='ltr'><strong>arma</strong></span> <span class='ocrx_word' id='word_1_565' title='bbox 3028 3296 3135 3337; x_wconf 89' lang='lat' dir='ltr'><strong>non</strong></span> <span class='ocrx_word' id='word_1_566' title='bbox 3162 3282 3309 3336; x_wconf 66' lang='lat' dir='ltr'><strong>«sunt</strong></span> <span class='ocrx_word' id='word_1_567' title='bbox 3327 3278 3587 3344; x_wconf 86' lang='lat' dir='ltr'><strong>carnalia,</strong></span> <span class='ocrx_word' id='word_1_568' title='bbox 3614 3277 3709 3331; x_wconf 89' lang='lat' dir='ltr'><strong>sed</strong></span> 
     </span>
    </p>
   </div>
   <div class='ocr_carea' id='block_1_79' title="bbox 2133 3369 3713 3436">
    <p class='ocr_par' dir='ltr' id='par_1_79' title="bbox 2133 3369 3713 3436">
     <span class='ocr_line' id='line_1_79' title="bbox 2133 3369 3713 3436; baseline -0.004 -9"><span class='ocrx_word' id='word_1_569' title='bbox 2133 3372 2292 3427; x_wconf 79' lang='lat' dir='ltr'><strong>fortia</strong></span> <span class='ocrx_word' id='word_1_570' title='bbox 2312 3370 2454 3436; x_wconf 82' lang='lat' dir='ltr'><strong>.Deo,</strong></span> <span class='ocrx_word' id='word_1_571' title='bbox 2483 3384 2538 3426; x_wconf 89' lang='lat' dir='ltr'><strong>et</strong></span> <span class='ocrx_word' id='word_1_572' title='bbox 2581 3370 2817 3425; x_wconf 85' lang='lat' dir='ltr'><strong>valentia</strong></span> <span class='ocrx_word' id='word_1_573' title='bbox 2861 3369 3145 3426; x_wconf 87' lang='lat' dir='ltr'><strong>destruere</strong></span> <span class='ocrx_word' id='word_1_574' title='bbox 3177 3369 3507 3424; x_wconf 86' lang='lat' dir='ltr'><strong>munitiones</strong></span> <span class='ocrx_word' id='word_1_575' title='bbox 3532 3379 3586 3422; x_wconf 91' lang='lat' dir='ltr'><strong>et</strong></span> <span class='ocrx_word' id='word_1_576' title='bbox 3615 3383 3713 3422; x_wconf 81' lang='lat' dir='ltr'><strong>eo-</strong></span> 
     </span>
    </p>
   </div>
   <div class='ocr_carea' id='block_1_80' title="bbox 2132 3457 3709 3535">
    <p class='ocr_par' dir='ltr' id='par_1_80' title="bbox 2132 3457 3709 3535">
     <span class='ocr_line' id='line_1_80' title="bbox 2132 3457 3709 3535; baseline -0.004 -18"><span class='ocrx_word' id='word_1_577' title='bbox 2132 3463 2423 3535; x_wconf 82' lang='lat' dir='ltr'><strong>gitationes</strong></span> <span class='ocrx_word' id='word_1_578' title='bbox 2457 3462 2837 3517; x_wconf 79' lang='lat' dir='ltr'><strong>extollentium</strong></span> <span class='ocrx_word' id='word_1_579' title='bbox 2871 3474 2929 3515; x_wconf 88' lang='lat' dir='ltr'><strong>se</strong></span> <span class='ocrx_word' id='word_1_580' title='bbox 2973 3460 3235 3515; x_wconf 87' lang='lat' dir='ltr'><strong>adversus</strong></span> <span class='ocrx_word' id='word_1_581' title='bbox 3269 3458 3551 3514; x_wconf 83' lang='lat' dir='ltr'><strong>scientiam</strong></span> <span class='ocrx_word' id='word_1_582' title='bbox 3591 3457 3709 3510; x_wconf 84' lang='lat' dir='ltr'><strong>Dei.</strong></span> 
     </span>
    </p>
   </div>
   <div class='ocr_carea' id='block_1_81' title="bbox 2132 3546 3711 3615">
    <p class='ocr_par' dir='ltr' id='par_1_81' title="bbox 2132 3546 3711 3615">
     <span class='ocr_line' id='line_1_81' title="bbox 2132 3546 3711 3615; baseline -0.006 -8"><span class='ocrx_word' id='word_1_583' title='bbox 2132 3552 2266 3608; x_wconf 86' lang='lat' dir='ltr'><strong>Nam</strong></span> <span class='ocrx_word' id='word_1_584' title='bbox 2318 3551 2623 3609; x_wconf 85' lang='lat' dir='ltr'><strong>secundum</strong></span> <span class='ocrx_word' id='word_1_585' title='bbox 2652 3549 3037 3615; x_wconf 76' lang='lat' dir='ltr'><strong>.Salomonem,</strong></span> <span class='ocrx_word' id='word_1_586' title='bbox 3064 3548 3266 3602; x_wconf 77' lang='lat' dir='ltr'><strong>multas</strong></span> <span class='ocrx_word' id='word_1_587' title='bbox 3297 3546 3547 3601; x_wconf 86' lang='lat' dir='ltr'><strong>civitates</strong></span> <span class='ocrx_word' id='word_1_588' title='bbox 3590 3561 3711 3599; x_wconf 79' lang='lat' dir='ltr'><strong>nnt-</strong></span> 
     </span>
    </p>
   </div>
   <div class='ocr_carea' id='block_1_82' title="bbox 2134 3638 3710 3702">
    <p class='ocr_par' dir='ltr' id='par_1_82' title="bbox 2134 3638 3710 3702">
     <span class='ocr_line' id='line_1_82' title="bbox 2134 3638 3710 3702; baseline -0.007 -1"><span class='ocrx_word' id='word_1_589' title='bbox 2134 3647 2278 3702; x_wconf 88' lang='lat' dir='ltr'><strong>nitas</strong></span> <span class='ocrx_word' id='word_1_590' title='bbox 2316 3646 2587 3700; x_wconf 61' lang='lat' dir='ltr'><strong>haeresum</strong></span> <span class='ocrx_word' id='word_1_591' title='bbox 2617 3642 2875 3698; x_wconf 88' lang='lat' dir='ltr'><strong>suasione</strong></span> <span class='ocrx_word' id='word_1_592' title='bbox 2921 3639 3211 3695; x_wconf 82' lang='lat' dir='ltr'><strong>verborum</strong></span> <span class='ocrx_word' id='word_1_593' title='bbox 3243 3638 3589 3694; x_wconf 74' lang='lat' dir='ltr'><strong>aseenditvir</strong></span> <span class='ocrx_word' id='word_1_594' title='bbox 3625 3652 3710 3691; x_wconf 56' lang='lat' dir='ltr'><strong>sa.</strong></span> 
     </span>
    </p>
   </div>
   <div class='ocr_carea' id='block_1_83' title="bbox 2132 3730 3715 3811">
    <p class='ocr_par' dir='ltr' id='par_1_83' title="bbox 2132 3730 3715 3811">
     <span class='ocr_line' id='line_1_83' title="bbox 2132 3730 3715 3811; baseline -0.006 -17"><span class='ocrx_word' id='word_1_595' title='bbox 2132 3740 2308 3811; x_wconf 91' lang='lat' dir='ltr'><strong>piens,</strong></span> <span class='ocrx_word' id='word_1_596' title='bbox 2345 3749 2401 3794; x_wconf 92' lang='lat' dir='ltr'><strong>et</strong></span> <span class='ocrx_word' id='word_1_597' title='bbox 2442 3735 2747 3793; x_wconf 87' lang='lat' dir='ltr'><strong>ascendens</strong></span> <span class='ocrx_word' id='word_1_598' title='bbox 2793 3732 3062 3789; x_wconf 79' lang='lat' dir='ltr'><strong>destruxit</strong></span> <span class='ocrx_word' id='word_1_599' title='bbox 3108 3731 3469 3786; x_wconf 87' lang='lat' dir='ltr'><strong>munitionem</strong></span> <span class='ocrx_word' id='word_1_600' title='bbox 3506 3730 3570 3784; x_wconf 82' lang='lat' dir='ltr'><strong>in</strong></span> <span class='ocrx_word' id='word_1_601' title='bbox 3598 3745 3715 3800; x_wconf 81' lang='lat' dir='ltr'><strong>qua</strong></span> 
     </span>
    </p>
   </div>
   <div class='ocr_carea' id='block_1_84' title="bbox 2134 3822 3716 3904">
    <p class='ocr_par' dir='ltr' id='par_1_84' title="bbox 2134 3822 3716 3904">
     <span class='ocr_line' id='line_1_84' title="bbox 2134 3822 3716 3904; baseline -0.006 -16"><span class='ocrx_word' id='word_1_602' title='bbox 2134 3833 2285 3904; x_wconf 91' lang='lat' dir='ltr'><strong>impii</strong></span> <span class='ocrx_word' id='word_1_603' title='bbox 2335 3824 2955 3887; x_wconf 67' lang='lat' dir='ltr'><strong>conﬁdebant.~Paulus</strong></span> <span class='ocrx_word' id='word_1_604' title='bbox 3003 3823 3300 3888; x_wconf 82' lang='lat' dir='ltr'><strong>destruxit,</strong></span> <span class='ocrx_word' id='word_1_605' title='bbox 3345 3822 3440 3892; x_wconf 91' lang='lat' dir='ltr'><strong>qui</strong></span> <span class='ocrx_word' id='word_1_606' title='bbox 3492 3834 3716 3892; x_wconf 75' lang='lat' dir='ltr'><strong>paratus</strong></span> 
     </span>
    </p>
   </div>
   <div class='ocr_carea' id='block_1_85' title="bbox 2134 3914 3714 3979">
    <p class='ocr_par' dir='ltr' id='par_1_85' title="bbox 2134 3914 3714 3979">
     <span class='ocr_line' id='line_1_85' title="bbox 2134 3914 3714 3979; baseline -0.007 0"><span class='ocrx_word' id='word_1_607' title='bbox 2134 3923 2314 3979; x_wconf 78' lang='lat' dir='ltr'><strong>fuerat</strong></span> <span class='ocrx_word' id='word_1_608' title='bbox 2345 3923 2412 3976; x_wconf 89' lang='lat' dir='ltr'><strong>ad</strong></span> <span class='ocrx_word' id='word_1_609' title='bbox 2444 3919 2872 3976; x_wconf 81' lang='lat' dir='ltr'><strong>destructionem</strong></span> <span class='ocrx_word' id='word_1_610' title='bbox 2906 3916 3186 3972; x_wconf 85' lang='lat' dir='ltr'><strong>civitatum</strong></span> <span class='ocrx_word' id='word_1_611' title='bbox 3224 3915 3582 3977; x_wconf 88' lang='lat' dir='ltr'><strong>munitarum,</strong></span> <span class='ocrx_word' id='word_1_612' title='bbox 3611 3914 3714 3968; x_wconf 70' lang='lat' dir='ltr'><strong>ad0</strong></span> 
     </span>
    </p>
   </div>
   <div class='ocr_carea' id='block_1_86' title="bbox 2132 4006 3716 4079">
    <p class='ocr_par' dir='ltr' id='par_1_86' title="bbox 2132 4006 3716 4079">
     <span class='ocr_line' id='line_1_86' title="bbox 2132 4006 3716 4079; baseline -0.008 -7"><span class='ocrx_word' id='word_1_613' title='bbox 2132 4016 2469 4074; x_wconf 89' lang='lat' dir='ltr'><strong>vcrsantium</strong></span> <span class='ocrx_word' id='word_1_614' title='bbox 2500 4014 2733 4069; x_wconf 84' lang='lat' dir='ltr'><strong>veritati.</strong></span> <span class='ocrx_word' id='word_1_615' title='bbox 2757 4010 2860 4079; x_wconf 84' lang='lat' dir='ltr'><strong>Qui</strong></span> <span class='ocrx_word' id='word_1_616' title='bbox 2885 4011 3011 4066; x_wconf 85' lang='lat' dir='ltr'><strong>talis</strong></span> <span class='ocrx_word' id='word_1_617' title='bbox 3039 4017 3459 4078; x_wconf 76' lang='lat' dir='ltr'><strong>est,-postquam</strong></span> <span class='ocrx_word' id='word_1_618' title='bbox 3482 4006 3716 4061; x_wconf 80' lang='lat' dir='ltr'><strong>audierit</strong></span> 
     </span>
    </p>
   </div>
   <div class='ocr_carea' id='block_1_87' title="bbox 2134 4099 3711 4179">
    <p class='ocr_par' dir='ltr' id='par_1_87' title="bbox 2134 4099 3711 4179">
     <span class='ocr_line' id='line_1_87' title="bbox 2134 4099 3711 4179; baseline -0.009 -18"><span class='ocrx_word' id='word_1_619' title='bbox 2134 4108 2316 4179; x_wconf 67' lang='lat' dir='ltr'><strong>praelia</strong></span> <span class='ocrx_word' id='word_1_620' title='bbox 2363 4117 2418 4161; x_wconf 88' lang='lat' dir='ltr'><strong>et</strong></span> <span class='ocrx_word' id='word_1_621' title='bbox 2466 4104 2775 4159; x_wconf 89' lang='lat' dir='ltr'><strong>auditiones</strong></span> <span class='ocrx_word' id='word_1_622' title='bbox 2820 4101 3155 4172; x_wconf 63' lang='lat' dir='ltr'><strong>prveliorum,</strong></span> <span class='ocrx_word' id='word_1_623' title='bbox 3201 4099 3410 4161; x_wconf 86' lang='lat' dir='ltr'><strong>videns,</strong></span> <span class='ocrx_word' id='word_1_624' title='bbox 3459 4106 3514 4151; x_wconf 90' lang='lat' dir='ltr'><strong>et</strong></span> <span class='ocrx_word' id='word_1_625' title='bbox 3557 4111 3711 4165; x_wconf 75' lang='lat' dir='ltr'><strong>quas:</strong></span> 
     </span>
    </p>
   </div>
   <div class='ocr_carea' id='block_1_88' title="bbox 2135 4189 3717 4271">
    <p class='ocr_par' dir='ltr' id='par_1_88' title="bbox 2135 4189 3717 4271">
     <span class='ocr_line' id='line_1_88' title="bbox 2135 4189 3717 4271; baseline -0.013 -12"><span class='ocrx_word' id='word_1_626' title='bbox 2135 4201 2353 4271; x_wconf 87' lang='lat' dir='ltr'><strong>sapiens</strong></span> <span class='ocrx_word' id='word_1_627' title='bbox 2399 4197 2700 4254; x_wconf 87' lang='lat' dir='ltr'><strong>ascendens</strong></span> <span class='ocrx_word' id='word_1_628' title='bbox 2749 4209 2913 4264; x_wconf 89' lang='lat' dir='ltr'><strong>super</strong></span> <span class='ocrx_word' id='word_1_629' title='bbox 2960 4193 3210 4247; x_wconf 86' lang='lat' dir='ltr'><strong>civitates</strong></span> <span class='ocrx_word' id='word_1_630' title='bbox 3253 4190 3512 4256; x_wconf 86' lang='lat' dir='ltr'><strong>uumitas,</strong></span> <span class='ocrx_word' id='word_1_631' title='bbox 3542 4198 3594 4244; x_wconf 87' lang='lat' dir='ltr'><strong>et</strong></span> <span class='ocrx_word' id='word_1_632' title='bbox 3616 4189 3717 4242; x_wconf 72' lang='lat' dir='ltr'><strong>de-</strong></span> 
     </span>
    </p>
   </div>
   <div class='ocr_carea' id='block_1_89' title="bbox 2136 4281 3714 4353">
    <p class='ocr_par' dir='ltr' id='par_1_89' title="bbox 2136 4281 3714 4353">
     <span class='ocr_line' id='line_1_89' title="bbox 2136 4281 3714 4353; baseline -0.013 -3"><span class='ocrx_word' id='word_1_633' title='bbox 2136 4303 2355 4350; x_wconf 85' lang='lat' dir='ltr'><strong>struens</strong></span> <span class='ocrx_word' id='word_1_634' title='bbox 2402 4290 2740 4345; x_wconf 89' lang='lat' dir='ltr'><strong>munitiones</strong></span> <span class='ocrx_word' id='word_1_635' title='bbox 2786 4287 2841 4340; x_wconf 90' lang='lat' dir='ltr'><strong>iu</strong></span> <span class='ocrx_word' id='word_1_636' title='bbox 2903 4283 3103 4353; x_wconf 89' lang='lat' dir='ltr'><strong>quibus</strong></span> <span class='ocrx_word' id='word_1_637' title='bbox 3148 4281 3297 4352; x_wconf 86' lang='lat' dir='ltr'><strong>impii</strong></span> <span class='ocrx_word' id='word_1_638' title='bbox 3340 4281 3714 4344; x_wconf 54' lang='lat' dir='ltr'><strong>conlidebam,</strong></span> 
     </span>
    </p>
   </div>
   <div class='ocr_carea' id='block_1_90' title="bbox 2129 4370 3717 4450">
    <p class='ocr_par' dir='ltr' id='par_1_90' title="bbox 2129 4370 3717 4450">
     <span class='ocr_line' id='line_1_90' title="bbox 2129 4370 3717 4450; baseline -0.01 -10"><span class='ocrx_word' id='word_1_639' title='bbox 2129 4385 2368 4441; x_wconf 83' lang='lat' dir='ltr'><strong>laudans</strong></span> <span class='ocrx_word' id='word_1_640' title='bbox 2391 4382 2563 4437; x_wconf 81' lang='lat' dir='ltr'><strong>Deum</strong></span> <span class='ocrx_word' id='word_1_641' title='bbox 2592 4388 2646 4433; x_wconf 90' lang='lat' dir='ltr'><strong>et</strong></span> <span class='ocrx_word' id='word_1_642' title='bbox 2673 4377 2878 4450; x_wconf 86' lang='lat' dir='ltr'><strong>gratias</strong></span> <span class='ocrx_word' id='word_1_643' title='bbox 2898 4390 3074 4446; x_wconf 82' lang='lat' dir='ltr'><strong>agens</strong></span> <span class='ocrx_word' id='word_1_644' title='bbox 3105 4373 3308 4439; x_wconf 83' lang='lat' dir='ltr'><strong>Deo,et</strong></span> <span class='ocrx_word' id='word_1_645' title='bbox 3335 4388 3365 4426; x_wconf 88' lang='lat' dir='ltr'><strong>a</strong></span> <span class='ocrx_word' id='word_1_646' title='bbox 3390 4385 3501 4441; x_wconf 77' lang='lat' dir='ltr'><strong>quo</strong></span> <span class='ocrx_word' id='word_1_647' title='bbox 3529 4370 3717 4425; x_wconf 68' lang='lat' dir='ltr'><strong>didit-it</strong></span> 
     </span>
    </p>
   </div>
   <div class='ocr_carea' id='block_1_91' title="bbox 456 4462 3715 4566">
    <p class='ocr_par' dir='ltr' id='par_1_91' title="bbox 456 4462 3715 4566">
     <span class='ocr_line' id='line_1_91' title="bbox 456 4462 3715 4566; baseline -0.011 -12"><span class='ocrx_word' id='word_1_648' title='bbox 456 4462 583 4554; x_wconf 84' lang='lat' dir='ltr'><strong>talia</strong></span> <span class='ocrx_word' id='word_1_649' title='bbox 622 4462 980 4566; x_wconf 79' lang='lat' dir='ltr'><strong>intelligibilia</strong></span> <span class='ocrx_word' id='word_1_650' title='bbox 1017 4490 1202 4562; x_wconf 71' lang='lat' dir='ltr'><strong>praelia</strong></span> <span class='ocrx_word' id='word_1_651' title='bbox 1231 4489 1409 4544; x_wconf 84' lang='lat' dir='ltr'><strong>solent</strong></span> <span class='ocrx_word' id='word_1_652' title='bbox 1439 4486 1492 4540; x_wconf 91' lang='lat' dir='ltr'><strong>in</strong></span> <span class='ocrx_word' id='word_1_653' title='bbox 1527 4484 1758 4539; x_wconf 83' lang='lat' dir='ltr'><strong>diversis</strong></span> <span class='ocrx_word' id='word_1_654' title='bbox 1802 4496 2031 4551; x_wconf 82' lang='lat' dir='ltr'><strong>pcrsua-</strong></span> <span class='ocrx_word' id='word_1_655' title='bbox 2067 4480 2108 4534; x_wconf 90' lang='lat' dir='ltr'><strong>D</strong></span> <span class='ocrx_word' id='word_1_656' title='bbox 2139 4479 2264 4534; x_wconf 86' lang='lat' dir='ltr'><strong>talia</strong></span> <span class='ocrx_word' id='word_1_657' title='bbox 2315 4474 2497 4545; x_wconf 68' lang='lat' dir='ltr'><strong>praelia</strong></span> <span class='ocrx_word' id='word_1_658' title='bbox 2541 4469 2799 4542; x_wconf 66' lang='lat' dir='ltr'><strong>praeliari,</strong></span> <span class='ocrx_word' id='word_1_659' title='bbox 2844 4479 2899 4525; x_wconf 91' lang='lat' dir='ltr'><strong>et</strong></span> <span class='ocrx_word' id='word_1_660' title='bbox 2948 4480 3167 4566; x_wconf 73' lang='lat' dir='ltr'><strong>servare</strong></span> <span class='ocrx_word' id='word_1_661' title='bbox 3213 4464 3529 4566; x_wconf 74' lang='lat' dir='ltr'><strong>mandatum</strong></span> <span class='ocrx_word' id='word_1_662' title='bbox 3558 4462 3715 4566; x_wconf 48' lang='lat' dir='ltr'><strong>‘quod</strong></span> 
     </span>
    </p>
   </div>
   <div class='ocr_carea' id='block_1_92' title="bbox 456 4571 2036 4649">
    <p class='ocr_par' dir='ltr' id='par_1_92' title="bbox 456 4571 2036 4649">
     <span class='ocr_line' id='line_1_92' title="bbox 456 4571 2036 4649; baseline -0.017 0"><span class='ocrx_word' id='word_1_663' title='bbox 456 4590 704 4649; x_wconf 81' lang='lat' dir='ltr'><strong>sionibns</strong></span> <span class='ocrx_word' id='word_1_664' title='bbox 742 4578 1371 4643; x_wconf 74' lang='lat' dir='ltr'><strong>occurrere&#39;hominibus</strong></span> <span class='ocrx_word' id='word_1_665' title='bbox 1393 4575 1579 4647; x_wconf 88' lang='lat' dir='ltr'><strong>justis,</strong></span> <span class='ocrx_word' id='word_1_666' title='bbox 1607 4583 1661 4629; x_wconf 91' lang='lat' dir='ltr'><strong>et</strong></span> <span class='ocrx_word' id='word_1_667' title='bbox 1702 4571 2036 4627; x_wconf 84' lang='lat' dir='ltr'><strong>conturbare</strong></span> 
     </span>
    </p>
   </div>
   <div class='ocr_carea' id='block_1_93' title="bbox 455 4664 2036 4737">
    <p class='ocr_par' dir='ltr' id='par_1_93' title="bbox 455 4664 2036 4737">
     <span class='ocr_line' id='line_1_93' title="bbox 455 4664 2036 4737; baseline -0.015 1"><span class='ocrx_word' id='word_1_668' title='bbox 455 4693 509 4737; x_wconf 85' lang='lat' dir='ltr'><strong>et</strong></span> <span class='ocrx_word' id='word_1_669' title='bbox 557 4691 903 4736; x_wconf 89' lang='lat' dir='ltr'><strong>commovere</strong></span> <span class='ocrx_word' id='word_1_670' title='bbox 952 4673 1165 4728; x_wconf 89' lang='lat' dir='ltr'><strong>animas</strong></span> <span class='ocrx_word' id='word_1_671' title='bbox 1210 4683 1401 4725; x_wconf 88' lang='lat' dir='ltr'><strong>eorum</strong></span> <span class='ocrx_word' id='word_1_672' title='bbox 1451 4667 1518 4721; x_wconf 88' lang='lat' dir='ltr'><strong>ad</strong></span> <span class='ocrx_word' id='word_1_673' title='bbox 1570 4664 1930 4720; x_wconf 84' lang='lat' dir='ltr'><strong>dubitandum</strong></span> <span class='ocrx_word' id='word_1_674' title='bbox 1967 4676 2036 4715; x_wconf 88' lang='lat' dir='ltr'><strong>ne</strong></span> 
     </span>
    </p>
   </div>
   <div class='ocr_carea' id='block_1_94' title="bbox 458 4755 2034 4834">
    <p class='ocr_par' dir='ltr' id='par_1_94' title="bbox 458 4755 2034 4834">
     <span class='ocr_line' id='line_1_94' title="bbox 458 4755 2034 4834; baseline -0.015 -6"><span class='ocrx_word' id='word_1_675' title='bbox 458 4773 597 4828; x_wconf 86' lang='lat' dir='ltr'><strong>forte</strong></span> <span class='ocrx_word' id='word_1_676' title='bbox 630 4784 758 4825; x_wconf 85' lang='lat' dir='ltr'><strong>vera</strong></span> <span class='ocrx_word' id='word_1_677' title='bbox 796 4767 905 4824; x_wconf 91' lang='lat' dir='ltr'><strong>sint</strong></span> <span class='ocrx_word' id='word_1_678' title='bbox 950 4779 1071 4834; x_wconf 71' lang='lat' dir='ltr'><strong>quae</strong></span> <span class='ocrx_word' id='word_1_679' title='bbox 1095 4758 1414 4815; x_wconf 85' lang='lat' dir='ltr'><strong>verisimilia</strong></span> <span class='ocrx_word' id='word_1_680' title='bbox 1446 4770 1569 4811; x_wconf 89' lang='lat' dir='ltr'><strong>esse</strong></span> <span class='ocrx_word' id='word_1_681' title='bbox 1598 4755 1871 4816; x_wconf 87' lang='lat' dir='ltr'><strong>videntur,</strong></span> <span class='ocrx_word' id='word_1_682' title='bbox 1909 4767 2034 4808; x_wconf 90' lang='lat' dir='ltr'><strong>cum</strong></span> 
     </span>
    </p>
   </div>
   <div class='ocr_carea' id='block_1_95' title="bbox 459 4843 2036 4927">
    <p class='ocr_par' dir='ltr' id='par_1_95' title="bbox 459 4843 2036 4927">
     <span class='ocr_line' id='line_1_95' title="bbox 459 4843 2036 4927; baseline -0.014 -7"><span class='ocrx_word' id='word_1_683' title='bbox 459 4865 568 4920; x_wconf 81' lang='lat' dir='ltr'><strong>sint</strong></span> <span class='ocrx_word' id='word_1_684' title='bbox 600 4861 755 4927; x_wconf 82' lang='lat' dir='ltr'><strong>falsa,</strong></span> <span class='ocrx_word' id='word_1_685' title='bbox 786 4868 883 4914; x_wconf 86' lang='lat' dir='ltr'><strong>aut</strong></span> <span class='ocrx_word' id='word_1_686' title='bbox 908 4866 1056 4912; x_wconf 83' lang='lat' dir='ltr'><strong>certe</strong></span> <span class='ocrx_word' id='word_1_687' title='bbox 1074 4853 1167 4907; x_wconf 80' lang='lat' dir='ltr'><strong>vel</strong></span> <span class='ocrx_word' id='word_1_688' title='bbox 1196 4851 1261 4906; x_wconf 90' lang='lat' dir='ltr'><strong>ad</strong></span> <span class='ocrx_word' id='word_1_689' title='bbox 1295 4848 1623 4904; x_wconf 85' lang='lat' dir='ltr'><strong>credendum</strong></span> <span class='ocrx_word' id='word_1_690' title='bbox 1671 4847 1751 4901; x_wconf 82' lang='lat' dir='ltr'><strong>eis</strong></span> <span class='ocrx_word' id='word_1_691' title='bbox 1800 4843 2036 4916; x_wconf 84' lang='lat' dir='ltr'><strong>perfecte</strong></span> 
     </span>
    </p>
   </div>
   <div class='ocr_carea' id='block_1_96' title="bbox 460 4936 2038 5028">
    <p class='ocr_par' dir='ltr' id='par_1_96' title="bbox 460 4936 2038 5028">
     <span class='ocr_line' id='line_1_96' title="bbox 460 4936 2038 5028; baseline -0.013 -17"><span class='ocrx_word' id='word_1_692' title='bbox 460 4955 617 5028; x_wconf 84' lang='lat' dir='ltr'><strong>quasi</strong></span> <span class='ocrx_word' id='word_1_693' title='bbox 646 4953 811 5009; x_wconf 88' lang='lat' dir='ltr'><strong>veris.</strong></span> <span class='ocrx_word' id='word_1_694' title='bbox 840 4948 1123 5019; x_wconf 79' lang='lat' dir='ltr'><strong>Quotquot</strong></span> <span class='ocrx_word' id='word_1_695' title='bbox 1150 4958 1281 5013; x_wconf 83' lang='lat' dir='ltr'><strong>ergo</strong></span> <span class='ocrx_word' id='word_1_696' title='bbox 1309 4939 1732 5014; x_wconf 77' lang='lat' dir='ltr'><strong>proﬁciscuntur</strong></span> <span class='ocrx_word' id='word_1_697' title='bbox 1761 4937 1827 4990; x_wconf 90' lang='lat' dir='ltr'><strong>ad</strong></span> <span class='ocrx_word' id='word_1_698' title='bbox 1860 4936 2038 5006; x_wconf 85' lang='lat' dir='ltr'><strong>perfe-</strong></span> 
     </span>
    </p>
   </div>
   <div class='ocr_carea' id='block_1_97' title="bbox 461 5032 2037 5115">
    <p class='ocr_par' dir='ltr' id='par_1_97' title="bbox 461 5032 2037 5115">
     <span class='ocr_line' id='line_1_97' title="bbox 461 5032 2037 5115; baseline -0.014 -11"><span class='ocrx_word' id='word_1_699' title='bbox 461 5049 696 5105; x_wconf 89' lang='lat' dir='ltr'><strong>ctionem</strong></span> <span class='ocrx_word' id='word_1_700' title='bbox 748 5060 869 5115; x_wconf 69' lang='lat' dir='ltr'><strong>quae</strong></span> <span class='ocrx_word' id='word_1_701' title='bbox 899 5051 982 5098; x_wconf 90' lang='lat' dir='ltr'><strong>est</strong></span> <span class='ocrx_word' id='word_1_702' title='bbox 1011 5041 1064 5094; x_wconf 92' lang='lat' dir='ltr'><strong>in</strong></span> <span class='ocrx_word' id='word_1_703' title='bbox 1090 5039 1343 5101; x_wconf 79' lang='lat' dir='ltr'><strong>Christo,</strong></span> <span class='ocrx_word' id='word_1_704' title='bbox 1375 5045 1427 5091; x_wconf 92' lang='lat' dir='ltr'><strong>et</strong></span> <span class='ocrx_word' id='word_1_705' title='bbox 1472 5032 1539 5087; x_wconf 91' lang='lat' dir='ltr'><strong>ad</strong></span> <span class='ocrx_word' id='word_1_706' title='bbox 1570 5032 2037 5087; x_wconf 81' lang='lat' dir='ltr'><strong>conversationem</strong></span> 
     </span>
    </p>
   </div>
   <div class='ocr_carea' id='block_1_98' title="bbox 461 5120 2035 5197">
    <p class='ocr_par' dir='ltr' id='par_1_98' title="bbox 461 5120 2035 5197">
     <span class='ocr_line' id='line_1_98' title="bbox 461 5120 2035 5197; baseline -0.017 0"><span class='ocrx_word' id='word_1_707' title='bbox 461 5136 702 5197; x_wconf 73' lang='lat' dir='ltr'><strong>cadestis</strong></span> <span class='ocrx_word' id='word_1_708' title='bbox 731 5134 1007 5195; x_wconf 78' lang='lat' dir='ltr'><strong>Ecclesiae,</strong></span> <span class='ocrx_word' id='word_1_709' title='bbox 1047 5145 1172 5187; x_wconf 89' lang='lat' dir='ltr'><strong>cum</strong></span> <span class='ocrx_word' id='word_1_710' title='bbox 1205 5125 1477 5183; x_wconf 80' lang='lat' dir='ltr'><strong>audierint</strong></span> <span class='ocrx_word' id='word_1_711' title='bbox 1508 5121 1691 5193; x_wconf 69' lang='lat' dir='ltr'><strong>pratlia</strong></span> <span class='ocrx_word' id='word_1_712' title='bbox 1738 5120 2035 5183; x_wconf 70' lang='lat' dir='ltr'><strong>han-esuri),</strong></span> 
     </span>
    </p>
   </div>
   <div class='ocr_carea' id='block_1_99' title="bbox 461 5212 2040 5306">
    <p class='ocr_par' dir='ltr' id='par_1_99' title="bbox 461 5212 2040 5306">
     <span class='ocr_line' id='line_1_99' title="bbox 461 5212 2040 5306; baseline -0.016 -17"><span class='ocrx_word' id='word_1_713' title='bbox 461 5248 582 5306; x_wconf 62' lang='lat' dir='ltr'><strong>quae</strong></span> <span class='ocrx_word' id='word_1_714' title='bbox 611 5231 877 5287; x_wconf 87' lang='lat' dir='ltr'><strong>adversus</strong></span> <span class='ocrx_word' id='word_1_715' title='bbox 905 5239 1087 5280; x_wconf 87' lang='lat' dir='ltr'><strong>veram</strong></span> <span class='ocrx_word' id='word_1_716' title='bbox 1132 5222 1293 5276; x_wconf 81' lang='lat' dir='ltr'><strong>tidem</strong></span> <span class='ocrx_word' id='word_1_717' title='bbox 1327 5227 1381 5274; x_wconf 89' lang='lat' dir='ltr'><strong>et</strong></span> <span class='ocrx_word' id='word_1_718' title='bbox 1412 5216 1673 5271; x_wconf 88' lang='lat' dir='ltr'><strong>adversus</strong></span> <span class='ocrx_word' id='word_1_719' title='bbox 1706 5213 1917 5283; x_wconf 88' lang='lat' dir='ltr'><strong>seipsos</strong></span> <span class='ocrx_word' id='word_1_720' title='bbox 1956 5212 2040 5266; x_wconf 81' lang='lat' dir='ltr'><strong>in-</strong></span> 
     </span>
    </p>
   </div>
   <div class='ocr_carea' id='block_1_100' title="bbox 462 5305 2034 5395">
    <p class='ocr_par' dir='ltr' id='par_1_100' title="bbox 462 5305 2034 5395">
     <span class='ocr_line' id='line_1_100' title="bbox 462 5305 2034 5395; baseline -0.018 -11"><span class='ocrx_word' id='word_1_721' title='bbox 462 5329 636 5384; x_wconf 87' lang='lat' dir='ltr'><strong>vicem</strong></span> <span class='ocrx_word' id='word_1_722' title='bbox 661 5321 993 5395; x_wconf 68' lang='lat' dir='ltr'><strong>praeiiantur,</strong></span> <span class='ocrx_word' id='word_1_723' title='bbox 1013 5326 1068 5371; x_wconf 90' lang='lat' dir='ltr'><strong>et</strong></span> <span class='ocrx_word' id='word_1_724' title='bbox 1091 5312 1364 5369; x_wconf 86' lang='lat' dir='ltr'><strong>audierint</strong></span> <span class='ocrx_word' id='word_1_725' title='bbox 1386 5308 1695 5364; x_wconf 87' lang='lat' dir='ltr'><strong>auditiones</strong></span> <span class='ocrx_word' id='word_1_726' title='bbox 1720 5305 2034 5376; x_wconf 77' lang='lat' dir='ltr'><strong>praeliorum</strong></span> 
     </span>
    </p>
   </div>
   <div class='ocr_carea' id='block_1_101' title="bbox 462 5396 2038 5492">
    <p class='ocr_par' dir='ltr' id='par_1_101' title="bbox 462 5396 2038 5492">
     <span class='ocr_line' id='line_1_101' title="bbox 462 5396 2038 5492; baseline -0.016 -18"><span class='ocrx_word' id='word_1_727' title='bbox 462 5415 842 5492; x_wconf 70' lang='lat' dir='ltr'><strong>philosophiae,</strong></span> <span class='ocrx_word' id='word_1_728' title='bbox 874 5421 926 5468; x_wconf 90' lang='lat' dir='ltr'><strong>et</strong></span> <span class='ocrx_word' id='word_1_729' title='bbox 960 5423 1115 5463; x_wconf 72' lang='lat' dir='ltr'><strong>vana:</strong></span> <span class='ocrx_word' id='word_1_730' title='bbox 1154 5401 1490 5462; x_wconf 87' lang='lat' dir='ltr'><strong>seduetionis</strong></span> <span class='ocrx_word' id='word_1_731' title='bbox 1528 5397 1827 5454; x_wconf 81' lang='lat' dir='ltr'><strong>secundum</strong></span> <span class='ocrx_word' id='word_1_732' title='bbox 1864 5396 2038 5450; x_wconf 80' lang='lat' dir='ltr'><strong>tradi-</strong></span> 
     </span>
    </p>
   </div>
   <div class='ocr_carea' id='block_1_102' title="bbox 465 5487 2036 5566">
    <p class='ocr_par' dir='ltr' id='par_1_102' title="bbox 465 5487 2036 5566">
     <span class='ocr_line' id='line_1_102' title="bbox 465 5487 2036 5566; baseline -0.016 -2"><span class='ocrx_word' id='word_1_733' title='bbox 465 5487 666 5566; x_wconf 81' lang='lat' dir='ltr'><strong>tionem</strong></span> <span class='ocrx_word' id='word_1_734' title='bbox 696 5498 1316 5564; x_wconf 78' lang='lat' dir='ltr'><strong>ltominum,sccundtnn</strong></span> <span class='ocrx_word' id='word_1_735' title='bbox 1340 5494 1606 5549; x_wconf 84' lang='lat' dir='ltr'><strong>elementa</strong></span> <span class='ocrx_word' id='word_1_736' title='bbox 1638 5490 1801 5561; x_wconf 86' lang='lat' dir='ltr'><strong>hujus</strong></span> <span class='ocrx_word' id='word_1_737' title='bbox 1825 5487 2036 5551; x_wconf 82' lang='lat' dir='ltr'><strong>mundi,</strong></span> 
     </span>
    </p>
   </div>
   <div class='ocr_carea' id='block_1_103' title="bbox 540 5698 2064 5775">
    <p class='ocr_par' dir='ltr' id='par_1_103' title="bbox 540 5698 2064 5775">
     <span class='ocr_line' id='line_1_103' title="bbox 540 5698 2064 5775; baseline -0.009 -9"><span class='ocrx_word' id='word_1_738' title='bbox 540 5717 586 5748; x_wconf 68' lang='grc'><strong>⁸*</strong></span> <span class='ocrx_word' id='word_1_739' title='bbox 610 5714 798 5767; x_wconf 81' lang='lat' dir='ltr'><strong>Matth.</strong></span> <span class='ocrx_word' id='word_1_740' title='bbox 825 5727 975 5773; x_wconf 73' lang='lat' dir='ltr'><strong>xxrv,</strong></span> <span class='ocrx_word' id='word_1_741' title='bbox 996 5710 1050 5765; x_wconf 82' lang='lat'><strong>5.</strong></span> <span class='ocrx_word' id='word_1_742' title='bbox 1123 5705 1339 5761; x_wconf 64' lang='lat' dir='ltr'><strong>&quot;Jvtan.</strong></span> <span class='ocrx_word' id='word_1_743' title='bbox 1362 5722 1402 5767; x_wconf 82' lang='lat'><strong>1,</strong></span> <span class='ocrx_word' id='word_1_744' title='bbox 1433 5705 1516 5758; x_wconf 67' lang='lat' dir='ltr'><strong>li.</strong></span> <span class='ocrx_word' id='word_1_745' title='bbox 1543 5705 1607 5775; x_wconf 69' lang='grc' dir='ltr'><strong>με</strong></span> <span class='ocrx_word' id='word_1_746' title='bbox 1634 5703 1823 5759; x_wconf 77' lang='lat' dir='ltr'><strong>Matth.</strong></span> <span class='ocrx_word' id='word_1_747' title='bbox 1844 5716 1992 5766; x_wconf 68' lang='lat' dir='ltr'><strong>XXIV,</strong></span> <span class='ocrx_word' id='word_1_748' title='bbox 2012 5698 2064 5752; x_wconf 80' lang='lat'><strong>5.</strong></span> 
     </span>
    </p>
   </div>
   <div class='ocr_carea' id='block_1_104' title="bbox 471 5779 1362 5851">
    <p class='ocr_par' dir='ltr' id='par_1_104' title="bbox 471 5779 1362 5851">
     <span class='ocr_line' id='line_1_104' title="bbox 471 5779 1362 5851; baseline -0.008 -14"><span class='ocrx_word' id='word_1_749' title='bbox 471 5787 561 5838; x_wconf 75' lang='lat'><strong>&quot;1</strong></span> <span class='ocrx_word' id='word_1_750' title='bbox 605 5784 733 5851; x_wconf 72' lang='lat' dir='ltr'><strong>lleg.</strong></span> <span class='ocrx_word' id='word_1_751' title='bbox 761 5797 885 5847; x_wconf 74' lang='lat' dir='ltr'><strong>xxv,</strong></span> <span class='ocrx_word' id='word_1_752' title='bbox 926 5781 1013 5833; x_wconf 71' lang='lat'><strong>‘28.</strong></span> <span class='ocrx_word' id='word_1_753' title='bbox 1087 5779 1136 5811; x_wconf 76' lang='grc'>⁴⁰</span> <span class='ocrx_word' id='word_1_754' title='bbox 1164 5793 1284 5848; x_wconf 84' lang='lat' dir='ltr'><strong>cap.</strong></span> <span class='ocrx_word' id='word_1_755' title='bbox 1314 5792 1362 5830; x_wconf 70' lang='lat' dir='ltr'><strong>at.</strong></span> 
     </span>
    </p>
   </div>
   <div class='ocr_carea' id='block_1_105' title="bbox 2138 4551 3719 4633">
    <p class='ocr_par' dir='ltr' id='par_1_105' title="bbox 2138 4551 3719 4633">
     <span class='ocr_line' id='line_1_105' title="bbox 2138 4551 3719 4633; baseline -0.011 -10"><span class='ocrx_word' id='word_1_756' title='bbox 2138 4569 2213 4624; x_wconf 82' lang='lat' dir='ltr'><strong>ait</strong></span> <span class='ocrx_word' id='word_1_757' title='bbox 2262 4585 2276 4621; x_wconf 88' lang='lat'><strong>:</strong></span> <span class='ocrx_word' id='word_1_758' title='bbox 2312 4564 2654 4633; x_wconf 72' lang='lat' dir='ltr'><strong>Sanctiﬁcate</strong></span> <span class='ocrx_word' id='word_1_759' title='bbox 2678 4559 2875 4613; x_wconf 78' lang='lat' dir='ltr'><strong>bellum</strong></span> <span class='ocrx_word' id='word_1_760' title='bbox 2907 4558 2974 4622; x_wconf 80' lang='lat'><strong>“,</strong></span> <span class='ocrx_word' id='word_1_761' title='bbox 3003 4556 3203 4612; x_wconf 88' lang='lat' dir='ltr'><strong>clamat</strong></span> <span class='ocrx_word' id='word_1_762' title='bbox 3240 4563 3302 4609; x_wconf 86' lang='lat' dir='ltr'><strong>et</strong></span> <span class='ocrx_word' id='word_1_763' title='bbox 3330 4554 3463 4609; x_wconf 84' lang='lat' dir='ltr'><strong>dicit</strong></span> <span class='ocrx_word' id='word_1_764' title='bbox 3504 4571 3518 4608; x_wconf 87' lang='lat'><strong>:</strong></span> <span class='ocrx_word' id='word_1_765' title='bbox 3551 4551 3719 4606; x_wconf 72' lang='lat' dir='ltr'><strong>Bene-</strong></span> 
     </span>
    </p>
   </div>
   <div class='ocr_carea' id='block_1_106' title="bbox 2122 4643 3715 4716">
    <p class='ocr_par' dir='ltr' id='par_1_106' title="bbox 2122 4643 3715 4716">
     <span class='ocr_line' id='line_1_106' title="bbox 2122 4643 3715 4716; baseline -0.012 -4"><span class='ocrx_word' id='word_1_766' title='bbox 2122 4659 2310 4711; x_wconf 71' lang='lat' dir='ltr'><strong>dictus</strong></span> <span class='ocrx_word' id='word_1_767' title='bbox 2365 4655 2621 4708; x_wconf 72' lang='lat' dir='ltr'><strong>Dominus</strong></span> <span class='ocrx_word' id='word_1_768' title='bbox 2688 4650 2827 4703; x_wconf 77' lang='lat' dir='ltr'><strong>Deus</strong></span> <span class='ocrx_word' id='word_1_769' title='bbox 2883 4648 2975 4716; x_wconf 85' lang='lat' dir='ltr'><strong>qui</strong></span> <span class='ocrx_word' id='word_1_770' title='bbox 3026 4648 3174 4701; x_wconf 83' lang='lat' dir='ltr'><strong>docet</strong></span> <span class='ocrx_word' id='word_1_771' title='bbox 3231 4661 3421 4698; x_wconf 75' lang='lat' dir='ltr'><strong>manus</strong></span> <span class='ocrx_word' id='word_1_772' title='bbox 3480 4659 3624 4696; x_wconf 80' lang='lat' dir='ltr'><strong>meas</strong></span> <span class='ocrx_word' id='word_1_773' title='bbox 3660 4643 3715 4694; x_wconf 80' lang='lat' dir='ltr'><strong>iu</strong></span> 
     </span>
    </p>
   </div>
   <div class='ocr_carea' id='block_1_107' title="bbox 2130 4733 3718 4815">
    <p class='ocr_par' dir='ltr' id='par_1_107' title="bbox 2130 4733 3718 4815">
     <span class='ocr_line' id='line_1_107' title="bbox 2130 4733 3718 4815; baseline -0.014 -12"><span class='ocrx_word' id='word_1_774' title='bbox 2130 4748 2425 4815; x_wconf 57' lang='lat' dir='ltr'><strong>bellum,“</strong></span> <span class='ocrx_word' id='word_1_775' title='bbox 2442 4746 2632 4814; x_wconf 82' lang='lat' dir='ltr'><strong>digitos</strong></span> <span class='ocrx_word' id='word_1_776' title='bbox 2657 4757 2799 4796; x_wconf 83' lang='lat' dir='ltr'><strong>meos</strong></span> <span class='ocrx_word' id='word_1_777' title='bbox 2820 4741 2873 4793; x_wconf 86' lang='lat' dir='ltr'><strong>in</strong></span> <span class='ocrx_word' id='word_1_778' title='bbox 2890 4737 3155 4808; x_wconf 76' lang='lat' dir='ltr'><strong>prndium,</strong></span> <span class='ocrx_word' id='word_1_779' title='bbox 3177 4733 3541 4790; x_wconf 78' lang='lat' dir='ltr'><strong>misericordia</strong></span> <span class='ocrx_word' id='word_1_780' title='bbox 3564 4741 3612 4784; x_wconf 86' lang='lat' dir='ltr'><strong>et</strong></span> <span class='ocrx_word' id='word_1_781' title='bbox 3639 4746 3718 4782; x_wconf 76' lang='lat' dir='ltr'><strong>re—</strong></span> 
     </span>
    </p>
   </div>
   <div class='ocr_carea' id='block_1_108' title="bbox 2141 4818 3717 4910">
    <p class='ocr_par' dir='ltr' id='par_1_108' title="bbox 2141 4818 3717 4910">
     <span class='ocr_line' id='line_1_108' title="bbox 2141 4818 3717 4910; baseline -0.014 -17"><span class='ocrx_word' id='word_1_782' title='bbox 2141 4840 2346 4910; x_wconf 68' lang='lat' dir='ltr'><strong>fugium</strong></span> <span class='ocrx_word' id='word_1_783' title='bbox 2382 4852 2551 4889; x_wconf 79' lang='lat' dir='ltr'><strong>nteant</strong></span> <span class='ocrx_word' id='word_1_784' title='bbox 2578 4833 2643 4886; x_wconf 73' lang='lat'><strong>“.</strong></span> <span class='ocrx_word' id='word_1_785' title='bbox 2675 4832 2739 4886; x_wconf 81' lang='lat' dir='ltr'><strong>Et</strong></span> <span class='ocrx_word' id='word_1_786' title='bbox 2771 4840 2990 4900; x_wconf 86' lang='lat' dir='ltr'><strong>propter</strong></span> <span class='ocrx_word' id='word_1_787' title='bbox 3030 4825 3344 4898; x_wconf 69' lang='lat' dir='ltr'><strong>huiusmodi</strong></span> <span class='ocrx_word' id='word_1_788' title='bbox 3377 4821 3559 4893; x_wconf 76' lang='lat' dir='ltr'><strong>praelia</strong></span> <span class='ocrx_word' id='word_1_789' title='bbox 3583 4818 3717 4910; x_wconf 52' lang='lat' dir='ltr'><strong>dicif</strong></span> 
     </span>
    </p>
   </div>
   <div class='ocr_carea' id='block_1_109' title="bbox 2144 4909 3718 4986">
    <p class='ocr_par' dir='ltr' id='par_1_109' title="bbox 2144 4909 3718 4986">
     <span class='ocr_line' id='line_1_109' title="bbox 2144 4909 3718 4986; baseline -0.017 0"><span class='ocrx_word' id='word_1_790' title='bbox 2144 4942 2232 4986; x_wconf 88' lang='lat' dir='ltr'><strong>tur</strong></span> <span class='ocrx_word' id='word_1_791' title='bbox 2273 4930 2342 4985; x_wconf 85' lang='lat' dir='ltr'><strong>de</strong></span> <span class='ocrx_word' id='word_1_792' title='bbox 2380 4927 2551 4982; x_wconf 76' lang='lat' dir='ltr'><strong>David</strong></span> <span class='ocrx_word' id='word_1_793' title='bbox 2594 4927 2662 4979; x_wconf 91' lang='lat' dir='ltr'><strong>ab</strong></span> <span class='ocrx_word' id='word_1_794' title='bbox 2690 4938 2859 4978; x_wconf 70' lang='lat' dir='ltr'><strong>uxore</strong></span> <span class='ocrx_word' id='word_1_795' title='bbox 2901 4919 3072 4975; x_wconf 59' lang='lat' dir='ltr'><strong>habal</strong></span> <span class='ocrx_word' id='word_1_796' title='bbox 3112 4919 3156 4950; x_wconf 78' lang='lat'><strong>“</strong></span> <span class='ocrx_word' id='word_1_797' title='bbox 3193 4937 3207 4972; x_wconf 90' lang='lat'><strong>:</strong></span> <span class='ocrx_word' id='word_1_798' title='bbox 3261 4915 3462 4970; x_wconf 75' lang='lat' dir='ltr'><strong>Prwlia</strong></span> <span class='ocrx_word' id='word_1_799' title='bbox 3503 4909 3718 4964; x_wconf 82' lang='lat' dir='ltr'><strong>Domini</strong></span> 
     </span>
    </p>
   </div>
   <div class='ocr_carea' id='block_1_110' title="bbox 2134 5003 3719 5087">
    <p class='ocr_par' dir='ltr' id='par_1_110' title="bbox 2134 5003 3719 5087">
     <span class='ocr_line' id='line_1_110' title="bbox 2134 5003 3719 5087; baseline -0.015 -10"><span class='ocrx_word' id='word_1_800' title='bbox 2134 5024 2388 5077; x_wconf 67' lang='lat' dir='ltr'><strong>dominus</strong></span> <span class='ocrx_word' id='word_1_801' title='bbox 2434 5036 2577 5074; x_wconf 74' lang='lat' dir='ltr'><strong>ineas</strong></span> <span class='ocrx_word' id='word_1_802' title='bbox 2624 5015 2900 5087; x_wconf 72' lang='lat' dir='ltr'><strong>pugnabit.</strong></span> <span class='ocrx_word' id='word_1_803' title='bbox 2946 5013 3086 5067; x_wconf 79' lang='lat' dir='ltr'><strong>Puto</strong></span> <span class='ocrx_word' id='word_1_804' title='bbox 3135 5020 3315 5065; x_wconf 85' lang='lat' dir='ltr'><strong>autem</strong></span> <span class='ocrx_word' id='word_1_805' title='bbox 3361 5016 3416 5061; x_wconf 87' lang='lat' dir='ltr'><strong>et</strong></span> <span class='ocrx_word' id='word_1_806' title='bbox 3462 5003 3719 5074; x_wconf 73' lang='lat' dir='ltr'><strong>mysteria</strong></span> 
     </span>
    </p>
   </div>
   <div class='ocr_carea' id='block_1_111' title="bbox 2143 5095 3720 5181">
    <p class='ocr_par' dir='ltr' id='par_1_111' title="bbox 2143 5095 3720 5181">
     <span class='ocr_line' id='line_1_111' title="bbox 2143 5095 3720 5181; baseline -0.013 -11"><span class='ocrx_word' id='word_1_807' title='bbox 2143 5130 2266 5170; x_wconf 88' lang='lat' dir='ltr'><strong>esse</strong></span> <span class='ocrx_word' id='word_1_808' title='bbox 2293 5114 2482 5168; x_wconf 88' lang='lat' dir='ltr'><strong>talium</strong></span> <span class='ocrx_word' id='word_1_809' title='bbox 2515 5111 2828 5181; x_wconf 66' lang='lat' dir='ltr'><strong>praeliorum</strong></span> <span class='ocrx_word' id='word_1_810' title='bbox 2857 5105 3045 5177; x_wconf 57' lang='lat' dir='ltr'><strong>praelia</strong></span> <span class='ocrx_word' id='word_1_811' title='bbox 3068 5116 3199 5173; x_wconf 66' lang='lat' dir='ltr'><strong>quae</strong></span> <span class='ocrx_word' id='word_1_812' title='bbox 3224 5102 3278 5154; x_wconf 90' lang='lat' dir='ltr'><strong>in</strong></span> <span class='ocrx_word' id='word_1_813' title='bbox 3316 5097 3613 5166; x_wconf 72' lang='lat' dir='ltr'><strong>Scriptor-is</strong></span> <span class='ocrx_word' id='word_1_814' title='bbox 3639 5095 3720 5149; x_wconf 80' lang='lat' dir='ltr'><strong>le-</strong></span> 
     </span>
    </p>
   </div>
   <div class='ocr_carea' id='block_1_112' title="bbox 2143 5186 3724 5278">
    <p class='ocr_par' dir='ltr' id='par_1_112' title="bbox 2143 5186 3724 5278">
     <span class='ocr_line' id='line_1_112' title="bbox 2143 5186 3724 5278; baseline -0.015 -16"><span class='ocrx_word' id='word_1_815' title='bbox 2143 5217 2384 5278; x_wconf 83' lang='lat' dir='ltr'><strong>guntur;</strong></span> <span class='ocrx_word' id='word_1_816' title='bbox 2413 5202 2667 5275; x_wconf 77' lang='lat' dir='ltr'><strong>mysteria</strong></span> <span class='ocrx_word' id='word_1_817' title='bbox 2694 5200 2860 5255; x_wconf 89' lang='lat' dir='ltr'><strong>etiam</strong></span> <span class='ocrx_word' id='word_1_818' title='bbox 2890 5212 3014 5253; x_wconf 88' lang='lat' dir='ltr'><strong>esse</strong></span> <span class='ocrx_word' id='word_1_819' title='bbox 3045 5188 3436 5250; x_wconf 86' lang='lat' dir='ltr'><strong>destructionis</strong></span> <span class='ocrx_word' id='word_1_820' title='bbox 3470 5186 3724 5258; x_wconf 69' lang='lat' dir='ltr'><strong>pmiian-</strong></span> 
     </span>
    </p>
   </div>
   <div class='ocr_carea' id='block_1_113' title="bbox 2133 5284 3724 5356">
    <p class='ocr_par' dir='ltr' id='par_1_113' title="bbox 2133 5284 3724 5356">
     <span class='ocr_line' id='line_1_113' title="bbox 2133 5284 3724 5356; baseline -0.014 -5"><span class='ocrx_word' id='word_1_821' title='bbox 2133 5298 2280 5352; x_wconf 75' lang='lat' dir='ltr'><strong>tium</strong></span> <span class='ocrx_word' id='word_1_822' title='bbox 2332 5296 2597 5350; x_wconf 85' lang='lat' dir='ltr'><strong>adversus</strong></span> <span class='ocrx_word' id='word_1_823' title='bbox 2632 5290 2878 5347; x_wconf 88' lang='lat' dir='ltr'><strong>veritatis</strong></span> <span class='ocrx_word' id='word_1_824' title='bbox 2930 5286 3443 5356; x_wconf 73' lang='lat' dir='ltr'><strong>congregationem,</strong></span> <span class='ocrx_word' id='word_1_825' title='bbox 3488 5284 3724 5332; x_wconf 80' lang='lat' dir='ltr'><strong>maxime</strong></span> 
     </span>
    </p>
   </div>
   <div class='ocr_carea' id='block_1_114' title="bbox 2147 5372 3728 5460">
    <p class='ocr_par' dir='ltr' id='par_1_114' title="bbox 2147 5372 3728 5460">
     <span class='ocr_line' id='line_1_114' title="bbox 2147 5372 3728 5460; baseline -0.013 -17"><span class='ocrx_word' id='word_1_826' title='bbox 2147 5406 2270 5460; x_wconf 68' lang='lat' dir='ltr'><strong>quae</strong></span> <span class='ocrx_word' id='word_1_827' title='bbox 2296 5390 2548 5459; x_wconf 79' lang='lat' dir='ltr'><strong>leguntur</strong></span> <span class='ocrx_word' id='word_1_828' title='bbox 2570 5387 2622 5440; x_wconf 92' lang='lat' dir='ltr'><strong>in</strong></span> <span class='ocrx_word' id='word_1_829' title='bbox 2646 5385 2790 5440; x_wconf 89' lang='lat' dir='ltr'><strong>libro</strong></span> <span class='ocrx_word' id='word_1_830' title='bbox 2825 5381 2955 5438; x_wconf 77' lang='lat' dir='ltr'><strong>Jesu</strong></span> <span class='ocrx_word' id='word_1_831' title='bbox 2998 5377 3149 5435; x_wconf 76' lang='lat' dir='ltr'><strong>Nave</strong></span> <span class='ocrx_word' id='word_1_832' title='bbox 3176 5377 3222 5410; x_wconf 78' lang='lat'><strong>“</strong></span> <span class='ocrx_word' id='word_1_833' title='bbox 3247 5375 3313 5429; x_wconf 82' lang='lat' dir='ltr'><strong>de</strong></span> <span class='ocrx_word' id='word_1_834' title='bbox 3340 5372 3728 5429; x_wconf 82' lang='lat' dir='ltr'><strong>destruction.-</strong></span> 
     </span>
    </p>
   </div>
   <div class='ocr_carea' id='block_1_115' title="bbox 2148 5458 3796 5545">
    <p class='ocr_par' dir='ltr' id='par_1_115' title="bbox 2148 5458 3796 5545">
     <span class='ocr_line' id='line_1_115' title="bbox 2148 5458 3796 5545; baseline -0.015 -9"><span class='ocrx_word' id='word_1_835' title='bbox 2148 5458 2251 5536; x_wconf 81' lang='lat' dir='ltr'><strong>bus</strong></span> <span class='ocrx_word' id='word_1_836' title='bbox 2271 5458 2554 5535; x_wconf 82' lang='lat' dir='ltr'><strong>civitatum</strong></span> <span class='ocrx_word' id='word_1_837' title='bbox 2587 5489 2679 5531; x_wconf 88' lang='lat' dir='ltr'><strong>:ct</strong></span> <span class='ocrx_word' id='word_1_838' title='bbox 2703 5473 2961 5545; x_wconf 81' lang='lat' dir='ltr'><strong>mysteria</strong></span> <span class='ocrx_word' id='word_1_839' title='bbox 2996 5479 3125 5526; x_wconf 84' lang='lat' dir='ltr'><strong>sunt</strong></span> <span class='ocrx_word' id='word_1_840' title='bbox 3145 5466 3391 5523; x_wconf 90' lang='lat' dir='ltr'><strong>omnium</strong></span> <span class='ocrx_word' id='word_1_841' title='bbox 3421 5478 3727 5532; x_wconf 74' lang='lat' dir='ltr'><strong>congrega-</strong></span> <span class='ocrx_word' id='word_1_842' title='bbox 3781 5458 3796 5472; x_wconf 88' lang='grc'><strong><em>⁸</em></strong></span> 
     </span>
    </p>
   </div>
   <div class='ocr_carea' id='block_1_116' title="bbox 2141 5668 3725 5751">
    <p class='ocr_par' dir='ltr' id='par_1_116' title="bbox 2141 5668 3725 5751">
     <span class='ocr_line' id='line_1_116' title="bbox 2141 5668 3725 5751; baseline -0.017 -2"><span class='ocrx_word' id='word_1_843' title='bbox 2141 5698 2185 5728; x_wconf 72' lang='grc' dir='ltr'>θ’</span> <span class='ocrx_word' id='word_1_844' title='bbox 2212 5694 2314 5748; x_wconf 87' lang='lat' dir='ltr'><strong>lsa.</strong></span> <span class='ocrx_word' id='word_1_845' title='bbox 2349 5705 2485 5751; x_wconf 68' lang='grc' dir='ltr'><strong>χιιι,</strong></span> <span class='ocrx_word' id='word_1_846' title='bbox 2515 5688 2570 5741; x_wconf 71' lang='lat'><strong>&#39;2.</strong></span> <span class='ocrx_word' id='word_1_847' title='bbox 2628 5686 2673 5719; x_wconf 83' lang='grc'><strong>⁵³</strong></span> <span class='ocrx_word' id='word_1_848' title='bbox 2691 5684 2891 5741; x_wconf 77' lang='lat' dir='ltr'><strong>Jcrem.</strong></span> <span class='ocrx_word' id='word_1_849' title='bbox 2913 5697 2987 5749; x_wconf 85' lang='lat' dir='ltr'><strong>vt,</strong></span> <span class='ocrx_word' id='word_1_850' title='bbox 3022 5680 3077 5736; x_wconf 76' lang='grc'><strong>4.</strong></span> <span class='ocrx_word' id='word_1_851' title='bbox 3155 5675 3203 5706; x_wconf 73' lang='grc'>⁸⁸</span> <span class='ocrx_word' id='word_1_852' title='bbox 3226 5673 3366 5735; x_wconf 78' lang='lat' dir='ltr'><strong>Psal.</strong></span> <span class='ocrx_word' id='word_1_853' title='bbox 3393 5686 3582 5737; x_wconf 84' lang='lat' dir='ltr'><strong>c.\t.nt,</strong></span> <span class='ocrx_word' id='word_1_854' title='bbox 3607 5684 3647 5736; x_wconf 90' lang='lat' dir='ltr'><strong>I,</strong></span> <span class='ocrx_word' id='word_1_855' title='bbox 3669 5668 3725 5724; x_wconf 72' lang='lat'><strong>2.</strong></span> 
     </span>
    </p>
   </div>
  </div>
