4110 6410
449 378 582 446 uno
1628 368 2286 434 coitusxtsntonuu
2334 368 2599 434 senius.
3576 380 3711 436 iero

445 498 654 556 tionurn
672 493 1107 563 adversar-larum
1131 492 1413 551 virtutum.
1432 494 2027 569 Audientesergo‘prm-
2058 499 2104 554 A
2132 493 2199 547 ad
2237 492 2506 549 defectum
2550 502 2607 549 et
2648 502 3055 564 corrumpatur.
3094 491 3251 550 Nam
3284 496 3400 553 eali
3439 498 3706 568 peribant,

447 589 517 646 lia
543 595 597 645 et
619 588 927 644 auditiones
953 586 1142 642 talium
1162 585 1860 673 praaliornm,attendamu§
1882 588 2027 659 quod
2130 584 2390 653 quoniam
2424 585 2560 637 sicut
2586 585 2951 639 vestimentum
2986 594 3304 641 veterasunt
3335 585 3401 643 ⁷⁸.
3437 586 3711 660 Quidquid

447 680 556 737 ait:
600 679 779 735 Videte
800 696 862 734 ne
886 680 1207 734 terreamim'.
1233 679 1299 733 Et
1320 678 1581 735 debemus
1601 680 1741 736 scire
1766 681 2026 750 quoniam
2129 687 2305 730 autem
2348 678 2625 731 ueteraseit
2649 689 2697 731 et
2725 676 2948 731 senescit
2968 714 2987 741 ,
3023 692 3183 745 prope
3216 679 3493 734 interitum
3523 690 3602 736 ut
3637 683 3707 731 ".

448 778 663 843 Oportet
702 771 819 827 haec
855 769 970 826 ﬁeri
1006 771 1346 842 exspectanti
1390 770 1683 826 adventum
1735 766 1920 831 Verbi,
1969 777 2029 823 ut
2127 765 2493 838 Consequens
2530 776 2615 824 est
2648 778 2708 825 ut
2734 778 2789 823 et
2814 780 3036 840 propter
3075 771 3315 841 inopiam
3355 773 3603 829 ciborum
3648 774 3709 829 in

449 863 675 919 audiant
719 862 903 934 praelia
946 871 1002 918 et
1045 863 1355 919 auditiones
1394 861 1744 932 praeliorum;
1774 859 1868 917 sed
1917 875 2027 915 non
2128 860 2408 916 avaritiam
2440 869 2495 915 et
2530 860 2672 916 bella
2703 861 2957 917 homines
2978 863 3297 920 excitentur
3318 864 3586 921 adversus
3609 880 3709 921 eos

449 958 633 1011 statim
679 963 741 1010 ut
782 955 1056 1021 audierit,
1113 971 1241 1011 mox
1278 955 1384 1012 erit
1423 956 1567 1012 ﬁnis.
1616 955 1841 1025 Propter
1881 953 2027 1024 quod
2128 951 2222 1021 qui
2255 966 2364 1006 non
2396 960 2600 1006 tantam
2631 953 2917 1023 patiuntur.
2933 953 3201 1024 inopiam,
3216 963 3280 1010 .et
3310 963 3369 1009 ut
3395 970 3463 1015 ex
3488 970 3712 1025 compa-

450 1048 611 1102 ﬁnem
669 1055 885 1117 oportet
939 1057 1261 1119 exspectare
1318 1064 1536 1105 omnem
1599 1048 1877 1104 hominem
1934 1047 2030 1117 qui
2129 1044 2820 1115 rationealiornmqutein
2846 1046 3359 1102 rebusnecessariis
3381 1054 3511 1101 sunt
3536 1046 3713 1101 abun-

448 1140 563 1196 vult
640 1140 756 1196 ﬁeri
828 1142 1013 1197 salvus
1051 1183 1067 1209 ,
1137 1142 1398 1213 quoniam
1467 1143 1557 1213 qui
1626 1144 2030 1214 perseveraverit
2129 1134 2413 1200 dautium,
2471 1135 2603 1188 ﬁant
2661 1135 3094 1191 insurrectiones
3151 1136 3385 1191 aliorum
3446 1135 3711 1191 adversus

450 1248 611 1302 usque
655 1232 710 1285 in
752 1231 932 1302 ﬁnem,
961 1232 1046 1286 hic
1092 1232 1269 1288 salvus
1316 1235 1419 1289 erit
1468 1234 1532 1290 ⁸⁷.
1563 1233 1876 1291 Secundum
1922 1232 2033 1287 Ln-
2131 1227 2291 1293 alios,
2347 1237 2401 1281 et
2456 1242 2589 1297 gens
2629 1236 2831 1298 pugnet
2859 1226 3123 1282 adversus
3150 1235 3364 1297 gentem
3390 1236 3447 1303 et
3481 1243 3709 1298 regnum

451 1338 574 1378 eam
623 1332 807 1379 autem
853 1321 942 1391 at"
987 1323 1036 1380 si
1084 1325 1423 1384 audierimus
1467 1327 1652 1397 pmua
1698 1336 1754 1383 ει
1806 1326 2031 1383 seditio-
2130 1315 2393 1375 adversus
2425 1314 2961 1386 rrgnum.Possibilc
2990 1325 3076 1372 est
3106 1325 3291 1372 autem
3315 1330 3441 1372 cum
3474 1318 3707 1372 aliarum

451 1433 569 1479 "es.
619 1432 685 1472 ne
730 1417 1143 1473 εοιιιυι-δρηιυτ,
1180 1416 1374 1473 praelia
1416 1418 1637 1488 quidem
1679 1432 1802 1487 qua;
1837 1416 1975 1473 (ium
1999 1433 2030 1472 δ
2132 1405 2428 1477 indigentia
2467 1422 2680 1472 rerum,
2723 1408 2888 1464 etiam
2921 1408 3209 1467 hominum
3248 1410 3454 1466 bonum
3485 1424 3710 1466 sensum

447 1505 612 1577 855
639 1506 864 1562 scientia
897 1505 1019 1563 falsi
1061 1509 1304 1564 nominis
1346 1516 1401 1564 ει
1445 1524 1476 1563 a
1522 1509 1787 1579 sapientia
1824 1509 2031 1580 primi-
2132 1500 2450 1558 habentium
2487 1503 2842 1575 indigentiam
2878 1503 3033 1572 ﬁeri,
3063 1514 3124 1561 ut
3150 1521 3247 1577 per
3279 1507 3395 1562 haec
3418 1506 3711 1575 tranquilla

450 1613 577 1667 pum
618 1598 782 1668 hujus
819 1598 1043 1666 mundi;
1079 1599 1377 1657 seditiones
1406 1609 1587 1656 autem
1611 1645 1626 1668 ,
1659 1617 1768 1656 non
1792 1617 2030 1658 consen-

451 1686 701 1742 tientium
735 1688 839 1744 sibi
876 1690 1109 1746 invicem
1147 1692 1202 1747 in
1238 1701 1508 1748 conventu
1538 1691 1813 1750 Ecclesiae.
1854 1693 2032 1751 Diver-

451 1793 543 1835 sas
571 1779 714 1833 enim
742 1781 1045 1836 sententias
1069 1781 1137 1836 de
1162 1782 1328 1837 variis
1359 1781 1591 1853 negotiis
1620 1782 1909 1839 manifeste
1940 1800 2034 1839 au-

2131 1600 2186 1647 et
2218 1594 2443 1663 pacifica
2467 1595 2577 1650 vita
2602 1610 2712 1651 non
2745 1597 3057 1654 inveniatur
3077 1598 3133 1653 in
3162 1598 3372 1667 multis,
3404 1598 3503 1655 sed
3529 1599 3714 1653 insur-

2133 1685 2424 1753 rectiones,
2454 1694 2508 1742 et
2537 1686 2681 1752 lites,
2711 1695 2767 1742 et
2793 1688 3231 1757 perturbationes
3256 1688 3411 1755 ﬁant,
3439 1689 3709 1744 interdum

2133 1777 2353 1845 quidem
2387 1790 2607 1850 propter
2631 1781 2941 1849 avaritiam,
2972 1781 3243 1836 interdum
3276 1788 3461 1836 autem
3490 1789 3711 1851 propter

451 1870 654 1938 dimus,
680 1872 917 1928 maxime
949 1872 1045 1943 qui
1066 1873 1624 1944 volumus-proﬁcisci
1650 1876 1715 1931 ad
1741 1875 2031 1947 perfectio-

2140 1846 2632 1937 eoncupiscen—tiam
2685 1846 3052 1940 principatus,
3093 1869 3391 1941 aliquando
3438 1846 3621 1925 autem
3660 1879 3716 1926 et

452 1978 574 2018 nem
596 1980 732 2034 quae.
743 1972 826 2021 est
856 1964 910 2027 in
934 1964 1185 2023 Christo.
1206 1965 1323 2021 Non
1347 1967 1523 2022 solum
1542 1976 1696 2022 extra
1730 1968 2026 2024 Ecclesiam

453 2053 656 2124 pnelia,
695 2071 883 2111 verum
918 2056 1083 2112 etiam
1111 2057 1165 2113 in
1195 2057 1447 2114 Ecclesia.
1465 2059 1615 2116 intus
1635 2060 1950 2116 seditiones.
1982 2062 2029 2114 A

452 2145 653 2215 quibus
691 2147 948 2204 omnibus
984 2148 1145 2204 alieni
1185 2149 1405 2206 fuerunt
1447 2152 1816 2221 apostolorum
1861 2152 2027 2207 disci-

453 2234 584 2304 puli,
617 2251 849 2304 quorum
892 2237 1161 2306 omnium,
1206 2239 1348 2295 sicut
1387 2241 1439 2295 in
1480 2243 2029 2313 Actibusapostolo-

453 2341 575 2379 rum
603 2325 649 2358 "
679 2335 764 2382 est
803 2327 1067 2399 scriptum
1088 2372 1104 2397 ,
1148 2341 1263 2386 erat
1294 2348 1567 2387 aorunum
1601 2343 1651 2388 et
1679 2337 1859 2390 anima
1900 2353 2030 2392 una.

451 2416 770 2474 Contlrmati
821 2421 966 2476 enim
1006 2422 1242 2478 erantin
1266 2425 1650 2482 eodemsensu
1674 2438 1725 2483 et
1763 2431 1815 2483 in
1840 2430 2031 2486 eadem

451 2509 704 2564 scientia.
758 2508 967 2566 Tamen
1020 2513 1711 2578 nos,ietsiaudiverimus
1758 2519 2031 2588 ejusmodi

452 2600 643 2668 praelia
688 2610 742 2655 et
799 2600 1098 2659 seditiones
1154 2604 1426 2675 ejusmodi
1452 2648 1489 2675 ,,
1543 2623 1649 2663 non
1705 2618 2029 2669 terreamur.

450 2688 680 2771 Oportet
726 2690 872 2746 enim
908 2692 1145 2763 primum
1188 2704 1479 2766 antequam
1528 2698 1812 2755 videamus
1851 2701 2033 2772 perfe-

452 2780 686 2836 ctionem
712 2781 995 2852 sapientiae
1018 2800 1141 2855 quze
1161 2798 1244 2844 est
1266 2788 1319 2843 in
1351 2786 1594 2854 Christo,
1624 2790 1739 2877 haec
1764 2792 1911 2861 ﬁeri;
1939 2796 2035 2851 sed

2135 1971 2354 2030 propter
2382 1961 2569 2033 gloriae
2589 1978 2742 2019 vana:
2762 1964 3110 2032 cupiditatem
3141 1964 3414 2031 insanam,
3439 1963 3714 2019 interdum

2135 2061 2316 2107 autem
2343 2063 2395 2109 et
2417 2055 2716 2124 cupiditate
2740 2071 2894 2112 vana}
2920 2056 3106 2127 gloria
3128 2058 3459 2128 principum,
3485 2058 3580 2129 qui
3606 2073 3715 2112 non

2136 2147 2517 2203 suntcontenti
2530 2149 2765 2220 proprio
2784 2165 2970 2221 regno,
2991 2150 3085 2205 sed
3101 2151 3289 2206 volunt
3314 2166 3474 2205 suum
3493 2150 3715 2222 quidem

2135 2238 2797 2312 extendereprincipatum
2810 2250 2863 2297 et
2878 2243 3079 2300 multas
3088 2244 3192 2299 sibi
3204 2260 3266 2299 su
3276 2245 3436 2300 bdere
3448 2244 3717 2300 nationes.

2207 2331 2298 2386 57.
2322 2332 2517 2389 Adhuc
2544 2334 3161 2404 autemprofundiorem
3192 2337 3343 2393 dabit
3372 2337 3571 2408 aliquis
3591 2353 3719 2393 cau-

2138 2436 2257 2479 sam
2289 2437 2478 2479 eorum
2507 2441 2632 2495 qua:
2654 2437 2783 2482 ante
2809 2429 3334 2487 consummationem
3370 2429 3561 2483 mundi
3588 2436 3721 2482 sunt

2137 2524 2396 2571 eventura
2413 2556 2430 2583 ,
2456 2517 2695 2574 maxime
2721 2520 2788 2576 de
2805 2522 3028 2591 praeliis.
3058 2521 3327 2589 Quoniam
3356 2520 3497 2576 sicut
3519 2520 3721 2574 adven-

2139 2615 2226 2662 tus
2239 2606 2442 2663 Christi
2458 2609 2514 2663 in
2530 2610 2779 2679 pluribus
2798 2614 3050 2685 gentibus
3066 2614 3251 2668 divina
3267 2615 3463 2668 virtute
3485 2611 3610 2666 fecit
3630 2625 3722 2680 pas

2138 2713 2278 2765 cem,
2295 2701 2596 2757 secundum
2620 2704 2768 2775 quod
2792 2704 3207 2776 dicitPropheta
3230 2704 3297 2760 de
3326 2703 3419 2759 illo
3447 2702 3531 2757 "z
3567 2700 3721 2757 Orie‘

2141 2799 2229 2846 tur
2249 2791 2303 2846 in
2324 2792 2511 2848 diebus
2534 2794 2651 2863 ejus
2668 2795 2893 2865 justitia
2918 2804 2971 2851 et
2992 2795 3325 2850 abundantia
3350 2796 3518 2865 pacis,
3550 2793 3723 2847 donec

452 2889 563 2928 non
598 2873 782 2929 statim
814 2875 919 2931 erit
946 2876 1072 2934 ﬁnis
1098 2894 1258 2949 quem
1289 2882 1605 2952 quaerimus.
1638 2873 1864 2954 Oportet
1882 2889 2040 2944 enini
2139 2882 2430 2940 extollatur
2478 2885 2639 2953 (una;
2687 2898 2742 2943 et
2779 2888 2862 2945 sic
2886 2903 2994 2959 pax
3033 2887 3395 2958 multiplicata
3417 2893 3500 2942 est
3532 2884 3723 2942 mundi

452 2980 556 3020 nos
595 2966 825 3022 stabiliri
859 2978 914 3025 et
947 2969 1263 3026 conﬁrmari
1298 2973 1350 3027 in
1386 2989 1540 3044 pace,
1581 2986 1643 3030 ut
1680 2977 1800 3033 sine
1829 2988 2041 3038 terrore
2141 2985 2365 3049 prOpter
2394 2978 2748 3035 incrementa
2793 2978 3163 3037 Ecclesiarum
3199 2979 3401 3046 futura,
3432 2989 3580 3034 utea
3614 2994 3721 3049 pax

452 3061 649 3128 simus,
678 3076 780 3117 nec
806 3077 835 3117 a
863 3063 1225 3123 seditionibus
1252 3068 1749 3134 conturbemunpt
1772 3082 1895 3142 post
1922 3074 2037 3131 haee

2143 3070 2337 3127 salutis
2369 3071 2669 3127 multorum
2701 3072 2796 3127 ﬂat
2834 3072 3090 3138 occasio,
3126 3071 3258 3127 dm
3304 3086 3412 3127 non
3450 3079 3723 3141 coguntur

456 3153 737 3210 valeamus
797 3170 993 3225 capere
1043 3156 1208 3213 ﬁnem
1238 3158 1334 3229 qui
1356 3175 1488 3215 -non
1528 3169 1613 3216 est
1659 3162 1713 3217 in
1757 3165 2037 3222 auditione
2063 3199 2119 3256 α
2142 3163 2293 3218 exire
2329 3163 2396 3219 ad
2435 3164 2575 3219 bella
2612 3173 2667 3220 et
2700 3180 2944 3237 pugnare
2984 3180 3085 3236 pro
3112 3164 3305 3236 patriis
3343 3165 3486 3219 sicut
3514 3163 3720 3234 pridem

454 3245 763 3315 prmliorum
806 3262 982 3317 neque
1035 3247 1089 3303 in
1138 3248 1273 3320 ipsis
1328 3252 1720 3323 seditionibus;
1774 3257 2042 3327 paciﬁcus
2068 3245 2346 3323 'ﬁebat;
2382 3257 2466 3312 sic
2491 3272 2837 3328 consequens
2867 3265 2951 3313 est
2975 3299 2992 3324 ,
3021 3273 3148 3314 cum
3185 3264 3408 3328 propter
3432 3256 3708 3311 abundan-

453 3336 599 3391 enim
629 3337 943 3409 linislonge
975 3348 1059 3395 est
1082 3339 1151 3396 ab
1172 3343 1593 3402 omnibus-istis.
1626 3396 1629 3399 .

522 3429 613 3486 56.
657 3429 923 3503 Exsurget
953 3434 1095 3488 enim
1120 3452 1269 3506 .gens
1299 3438 1552 3496 adversus
1590 3453 1815 3514 gentem,
1861 3457 2039 3504 etme-

453 3540 612 3594 gnum
639 3524 889 3581 adversus
914 3543 1151 3600 regnum,
1173 3538 1227 3585 et
1245 3533 1603 3604 nuntiantes,
1625 3548 1674 3595 et
1697 3540 2034 3606 pestilentite,

452 3628 499 3670 et
555 3628 887 3674 termmotus
947 3637 1040 3690 per
1089 3622 1234 3679 loca.
1285 3623 1416 3679 Ηωε
1470 3628 1840 3684 enim.omnia.
1879 3634 2038 3688 initia

453 3717 579 3761 sunt
609 3708 854 3763 dolorum
873 3711 941 3764 ⁷ο.
986 3711 1206 3769 Marcus
1260 3716 1478 3782 eadem,
1541 3717 1693 3774 addit
1738 3729 1944 3789 autem,
1983 3735 2034 3778 et

455 3798 764 3854 (urbeHis-7'
789 3799 1013 3869 ;.Lucas
1040 3802 1293 3858 similiter
1321 3804 1461 3875 ipsa,
1490 3804 1639 3861 addit
1658 3817 1860 3876 autem,
1881 3820 2039 3867 terro-

459 3906 640 3959 resque
669 3891 734 3946 de
769 3892 895 3946 ctrlo
917 3934 933 3959 ,
971 3903 1024 3948 et
1056 3894 1211 3964 signa
1245 3912 1438 3967 magna
1471 3909 1648 3968 erunt,
1669 3911 1719 3955 et
1745 3903 1938 3958 hiemes
1966 3906 2034 3961 ".

454 3976 701 4036 Primum
750 3982 1017 4053 simplicia
1061 3985 1169 4042 loci
1221 3997 1276 4043 et
1318 3990 1625 4060 corporalia
1675 4008 2035 4063 exponamus.

2139 3347 2271 3402 tiam
2314 3346 2620 3419 iniquitatis
2667 3346 2983 3420 reiriguerit
3013 3347 3255 3404 charitas
3301 3347 3601 3403 multorum
3623 3385 3638 3409 ,
3669 3354 3722 3400 et

2139 3439 2264 3497 ideo
2297 3440 2652 3511 dereliquerit
2679 3454 2775 3495 eos
2799 3439 2945 3496 Deus
2973 3449 3028 3496 et
3057 3439 3312 3495 Christus
3338 3439 3478 3508 ejus,
3521 3439 3720 3494 iterum

2140 3532 2258 3589 ﬁeri
2299 3531 2511 3603 praelia,
2555 3531 2811 3587 videlicet
2848 3531 2980 3587 dum
3008 3546 3117 3585 non
3147 3530 3507 3600 prohibentur
3530 3544 3715 3600 Operae

2139 3625 2320 3679 tiones
2347 3623 2727 3678 seminatriees
2763 3622 3029 3677 bellorum
3063 3636 3098 3676 a
3128 3621 3450 3686 sanctitate,
3487 3620 3581 3677 sed
3613 3636 3731 3675 ma-

2139 3715 2224 3785 gis
2267 3714 2449 3770 adhue
2498 3714 2820 3769 nutriuntur
2855 3722 3077 3783 propter
3120 3712 3383 3767 malitiam
3437 3713 3721 3766 hominum

2141 3814 2670 3875 supercrescentem,
2696 3813 2764 3860 ut
2783 3805 3028 3861 omnium
3060 3805 3425 3860 accidentium
3452 3804 3721 3859 malorum

2141 3910 2485 3951 causa-esse
2525 3896 2777 3951 dicantur
2827 3896 2919 3967 qui
2973 3905 3323 3951 accesserunt
3379 3896 3598 3966 quidem
3652 3895 3719 3951 ad

2142 3985 2404 4053 Verbum,
2441 3988 2536 4043 sed
2574 3997 2781 4058 postea
2795 3987 3207 4045 declinaverunt
3237 3997 3301 4050 et_
3333 4003 3525 4043 omnes
3561 3988 3723 4042 simul

460 4070 616 4126 Sicut
658 4074 802 4128 enim
847 4084 1115 4147 aegrotant
1135 4093 1378 4149 corpora
1404 4089 1545 4138 ante.
1572 4094 1817 4141 montem.
1843 4102 2047 4144 eorum
2141 4079 2365 4136 inutiles
2429 4079 2559 4135 facti
2626 4089 2758 4135 sunt
2815 4081 2871 4135 in
2928 4080 3301 4136 mundialibus
3353 4080 3535 4135 malis.
3586 4077 3727 4134 Nam

457 4164 552 4234 qui
587 4166 694 4220 vim
736 4183 843 4222 non
873 4169 1223 4227 extrinsecus
1252 4173 1567 4243 patiuntur,
1598 4184 1655 4232 et
1680 4181 2040 4248 quemadmo-

2143 4172 2384 4243 quandiu
2434 4171 2685 4229 steterint
2741 4173 2884 4228 sales
2917 4181 3103 4237 terrae;
3132 4173 3201 4227 ad
3261 4186 3402 4242 quos
3458 4170 3730 4227 Dominus

458 4258 588 4311 dum
634 4257 688 4312 in
737 4259 995 4316 onmihus
1026 4277 1122 4331 per
1150 4262 1523 4321 inﬁrmitatem
1560 4267 1621 4322 ﬁt
1656 4268 1743 4323 via
1780 4269 1849 4324 ad
1878 4287 2043 4342 sepa-
2141 4263 2342 4319 dixit"
2378 4283 2393 4319 :
2438 4263 2537 4319 Vos
2559 4265 2685 4320 estis
2706 4264 2790 4318 sal
2821 4275 2997 4329 term,
3019 4265 3296 4320 et-omnia
3312 4272 3569 4319 constant
3592 4263 3722 4318 sali-

456 4349 684 4403 randam
735 4352 974 4406 animam
1004 4368 1055 4408 .a
1109 4369 1339 4425 corpore
1382 4373 1506 4423 suo,
1542 4360 1622 4416 sic
1666 4361 1790 4419 talis
1809 4372 1863 4418 et
1890 4371 2036 4419 tanta

454 4449 707 4495 creatura
723 4443 934 4509 mundi,
952 4460 1076 4501 cum
1094 4449 1369 4519 corrumpi
1386 4450 1633 4520 coeperit,
1648 4454 1805 4524 quasi
1824 4455 2037 4511 initium

2144 4355 2247 4410 bus
2290 4364 2612 4427 temperata.
2660 4356 2958 4427 Postquam
2995 4364 3175 4412 autem
3231 4355 3484 4412 infatuati
3522 4355 3721 4413 fuerint

2144 4446 2247 4517 ipsi
2279 4449 2444 4511 sales,
2474 4458 2537 4505 ut
2565 4451 2866 4506 secundum
2899 4450 3239 4521 Scripturam
3275 4451 3543 4516 dicamus,
3573 4458 3626 4506 ct
3661 4466 3718 4505 ea

460 4528 667 4585 habens
700 4540 754 4586 et
785 4532 984 4601 linem;
1014 4536 1275 4606 quoniam
1307 4554 1431 4609 quae
1465 4541 1720 4599 videntur
1758 4553 2035 4616 tempora.
2071 4538 2267 4610 Diquas
2310 4540 2649 4596 saliehantur
2697 4543 2769 4599 ab
2811 4543 2893 4598 eis
2943 4543 3087 4598 sicut
3124 4542 3330 4598 insulsa
3361 4541 3726 4602 infamantur.

460 4619 528 4674 lia
553 4630 701 4688 sunt,
733 4631 788 4677 et
814 4623 944 4699 quia
968 4626 1166 4682 cadum
1189 4636 1244 4683 et
1270 4633 1751 4689 terratransibunt
1779 4652 2041 4694 :necesse

457 4720 540 4768 est
568 4723 697 4771 ante
723 4718 1133 4787 corruptionem
1166 4729 1227 4775 ut
1258 4722 1538 4792 langueat,
1562 4734 1624 4780 ut
1647 4734 1796 4783 terra
1817 4728 2037 4798 quidem

456 4805 797 4875 frequentius
854 4810 1250 4866 terraemotibus
1316 4826 1735 4886 conquassetur,
1785 4834 1880 4874 aer
1935 4835 2038 4876 au--

458 4907 567 4950 tvm
634 4898 744 4951 vim
801 4902 1092 4968 quamdam
1142 4904 1492 4961 morbil'eram
1547 4910 1889 4980 concipiens,
1946 4928 2036 4983 pc-

460 4988 649 5045 stilcns
683 4989 796 5046 ﬁat.
832 4991 1025 5048 Adhuc
1074 5003 1254 5051 autem
1311 5006 1366 5051 et
1417 4999 1600 5056 vitalis
1644 5001 1826 5060 virtus
1877 5012 2036 5061 terra:

460 5090 683 5145 repente
721 5081 979 5139 deﬁciens
1029 5082 1238 5140 oﬂ'ocet
1265 5085 1312 5117 ’³
1342 5083 1583 5154 fructus,
1609 5098 1665 5145 et
1700 5106 1894 5149 omnes
1936 5110 2036 5149 na-

461 5177 611 5223 turas
649 5174 908 5233 arborum
959 5176 1218 5232 deﬁciens
1260 5181 1571 5249 generatrix
1620 5197 1810 5239 earum
1841 5185 2033 5242 virtus.

461 5255 558 5313 llis
588 5259 750 5330 igitur
784 5266 1160 5325 accidentibus
1182 5310 1198 5337 ,
1241 5286 1580 5343 consequens
1615 5283 1701 5331 est
1728 5284 1789 5331 ut
1819 5277 2037 5335 mobilis

460 5356 677 5416 natura,
718 5356 877 5423 quasi
931 5360 1098 5417 totius
1127 5363 1315 5417 mundi
1342 5379 1469 5433 pars
1497 5364 1679 5435 aliqua
1710 5368 2039 5436 constituta,

459 5443 821 5513 compatiatur
845 5448 1223 5507 universarum
1250 5469 1430 5509 rerum
1458 5457 1750 5512 mutationi
1778 5476 1791 5512 :
1821 5468 2035 5529 utputa,

456 5549 722 5596 consueta
748 5530 1001 5601 escarum
1029 5549 1358 5603 nutrimenta
1385 5563 1492 5604 non
1521 5553 2038 5619 resuniens,-veniat

530 5752 575 5823 ‘f
600 5751 789 5808 Matth.
820 5771 874 5816 κ.
904 5756 996 5809 ⁵22.
1074 5758 1116 5789 ⁵⁸
1144 5775 1240 5823 xu,
1271 5764 1325 5811 tl.
1403 5762 1541 5821 “ir.
1569 5759 1656 5812 32.
1736 5761 1789 5790 τα
1811 5758 2000 5814 Matth.
2035 5776 2184 5823 mv,
2223 5760 2274 5821 7,
2300 5761 2364 5815 8--

456 5820 705 5890 suﬂ'orer.
779 5826 823 5857 ⁷³
847 5825 986 5880 Psal.
1015 5842 1089 5892 et,
1116 5820 1234 5882 27.7
1280 5831 1325 5861 7"
1359 5829 1519 5885 llebr.
1554 5845 1670 5894 vin,
1712 5830 1796 5883 l5.
1876 5832 1918 5862 7"
1955 5829 2096 5885 l’sal.
2127 5820 2342 5897 133,7.
2421 5832 2463 5861 ⁷⁷
2485 5831 2671 5887 Matth.
2705 5848 2757 5901 ι’,
2786 5820 2869 5886 93.

2145 4641 2601 4701 corrumpuntur,
2652 4642 2709 4688 et
2761 4633 2950 4700 fetent,
3011 4643 3065 4689 et
3114 4635 3485 4711 resolvuntur.
3533 4634 3729 4690 Adhuc

2144 4732 2326 4779 autem
2359 4732 2414 4777 ct
2445 4724 2690 4793 quandiu
2723 4726 2937 4781 steterit
2974 4726 3066 4781 lux
3110 4726 3321 4793 mundi,
3376 4726 3561 4781 omnia
3593 4727 3728 4781 diri-

2143 4827 2347 4885 guntur
2371 4829 2401 4869 a
2434 4816 2583 4870 claro
2616 4816 2823 4871 lumine
2862 4817 3209 4886 dispensata;
3257 4831 3382 4871 cum
3416 4829 3597 4871 autem
3621 4817 3727 4872 hoc

2144 4906 2323 4977 ipsum
2351 4907 2535 4962 lumen
2565 4907 2897 4964 diminutum
2926 4907 3090 4962 fuerit
3112 4907 3165 4961 in
3190 4908 3389 4964 animis
3412 4908 3723 4975 hominum.

2143 5002 2273 5055 dum
2327 5000 2559 5071 propria
2601 5008 2659 5055 et
2708 4998 2944 5055 naturali
2990 5013 3115 5054 esca
3144 5013 3251 5053 non
3279 4999 3540 5065 nutritur,
3593 5008 3726 5056 tunc

2142 5091 2761 5162 occupantibusomnia.
2776 5089 3014 5145 tenebris
3036 5130 3052 5155 ,
3093 5105 3220 5145 cum
3248 5090 3303 5145 in
3337 5083 3552 5146 tristitia
3581 5090 3725 5148 facta

2144 5183 2349 5240 fuerint
2375 5183 2639 5239 omniaet
2662 5182 3086 5249 calamitatibus,
3121 5182 3212 5237 tlet
3237 5182 3394 5254 quasi
3423 5193 3725 5241 conventus

2143 5291 2308 5348 super
2338 5277 2522 5331 omnia
2545 5275 2984 5331 adversariarum
3013 5274 3301 5340 virtutum,
3328 5275 3457 5333 dum
3490 5289 3600 5330 non
3631 5290 3726 5331 ve-

2142 5378 2328 5425 tantur
2342 5384 2374 5424 a
2394 5368 2600 5425 sanctis
2620 5376 2675 5424 et
2690 5384 2720 5423 a
2737 5367 2957 5424 Christo
2981 5367 3036 5421 in
3051 5367 3152 5432 eis,
3171 5367 3264 5437 qui
3299 5367 3506 5423 solebat
3525 5382 3622 5422 eos
3639 5384 3728 5424 ve-

2146 5467 2260 5513 tare
2286 5474 2301 5512 :
2332 5459 2425 5513 sed
2458 5458 2615 5529 quasi
2639 5458 2692 5512 in
2728 5457 2965 5512 tenebris
2995 5456 3114 5512 sine
3141 5456 3322 5526 aliqua
3352 5458 3726 5527 prohibitione

2143 5552 2513 5622 operabuntnr
2541 5551 2594 5606 in
2629 5551 2889 5607 cordibus
2918 5550 3224 5615 hominum,
3260 5559 3319 5605 ut
3340 5551 3582 5606 excitent
3602 5567 3727 5622 gen-

2461 5758 2851 5835 Tf_illa‘re.xtir,
2880 5763 2933 5817 8.
3038 5768 3081 5798 "
3107 5768 3239 5822 Luc.
3276 5782 3389 5835 xxi,
3416 5764 3498 5819 ll.
3575 5765 3719 5822 "Al.
