4110 6462
1478 306 1508 319 ν-

404 413 538 471 {65!

1605 409 1926 471 ORICENIS
1964 412 2031 467 rx
2070 396 2495 471 MATTllAZUbi

3533 418 3671 473 “339.

402 542 512 586 tem
551 529 812 586 adversus
829 539 1041 601 gentem
1060 538 1112 586 et
1131 543 1359 599 regnum
1378 528 1642 585 adversus
1664 530 1989 601 regnum-.51
2020 534 2066 593 Α
2095 546 2217 587 mus
2246 530 2618 587 abundantius
2652 528 3044 601 consequentia
3077 531 3403 601 aspicientes
3422 571 3436 596 ,
3473 548 3671 588 secun-

401 632 608 686 autem.
625 621 1085 693 quemadmodum
1103 626 1156 675 et
1173 620 1348 691 placet
1368 619 1719 691 quibusdam,
1733 630 1788 677 et
1811 620 1984 678 fames

392 724 455 771 et
477 714 795 785 pestilentim
817 712 885 771 ab
908 711 1653 784 hujusmodioperationihus
1669 714 1894 781 fiunt,.et
1916 715 1985 770 ab

400 804 609 875 angelis
648 803 883 868 Satanas,
937 802 1190 859 similiter
1232 812 1287 859 et
1342 803 1514 861 fames
1560 813 1616 861 et
1657 806 1982 877 pestilentiae

400 903 534 950 tunc
559 894 893 949 invalescent
931 894 1001 950 ab
1025 894 1355 950 adversariis
1401 895 1719 961 virtutibus,
1765 896 1986 966 quando

401 983 559 1057 [non]
590 982 792 1038 fuerint
819 984 966 1040 sales
985 992 1148 1041 terra:
1173 993 1227 1040 et
1257 985 1350 1040 lux
1375 987 1565 1042 mundi
1588 987 1793 1044 Christi
1821 989 1986 1045 disci—-

400 1075 534 1145 puli,
582 1073 678 1144 qui
721 1084 851 1130 sunt
891 1075 1168 1146 principes
1209 1076 1380 1149 356
1411 1080 1701 1148 potestatis
1735 1079 1853 1147 Dei,
1884 1080 1982 1136 dev

398 1160 670 1225 struentes
693 1167 747 1222 in
770 1167 1088 1223 hominibus
1119 1168 1305 1238 praelia
1337 1185 1461 1240 qua:
1493 1167 1703 1227 faciunt
1724 1170 1980 1226 adversa-

398 1262 495 1316 ria:
518 1269 841 1331 potestates,
874 1270 929 1315 et
968 1260 1152 1315 omnia
1188 1275 1311 1331 qua
1339 1275 1404 1315 ex
1430 1276 1618 1316 earum
1661 1261 1866 1316 malitia
1897 1276 1983 1317 sc-

398 1352 698 1408 minantur.
756 1349 823 1406 Et
854 1349 1155 1420 aliquando
1182 1350 1402 1421 quidem
1444 1351 1498 1405 in
1529 1349 1697 1406 lsrael
1726 1349 1902 1407 fa'mes
1928 1361 1983 1407 et

396 1440 720 1513 pestilentiae
745 1440 947 1497 ﬂebant
969 1450 1191 1512 propter
1213 1450 1453 1511 peccata,
1478 1450 1531 1497 et
1553 1442 1825 1497 siccitates
1843 1457 1981 1512 quas

396 1533 678 1588 orationes
712 1541 1030 1588 sanctorum
1067 1532 1374 1600 solvebant,
1405 1531 1701 1599 Samuelis,
1730 1531 1978 1588 Jcremia:

393 1633 831 1695 caeterorumque
854 1624 1139 1681 similium.
1161 1622 1304 1680 Bene
1324 1633 1505 1681 autem
1534 1625 1772 1696 positum
1791 1636 1876 1681 est
1895 1624 1977 1679 τίς

401 1715 575 1772 Erant
606 1716 795 1785 fames,
821 1725 873 1771 et
895 1716 1307 1787 pestilentiae,“
1345 1724 1675 1772 terrwmotur
1709 1733 1802 1788 per
1838 1716 1975 1773 foco.

396 1809 504 1863 Nec
525 1806 675 1861 enim
706 1805 934 1861 insemel
962 1806 1078 1861 vult
1104 1806 1251 1863 Deus
1285 1808 1514 1879 perdere
1540 1808 1843 1863 humanum
1881 1824 1976 1880 ge-

398 1909 535 1964 nus;
568 1896 664 1953 sed
693 1896 949 1968 judicans
977 1913 1072 1968 per
1098 1908 1301 1969 partes,
1335 1900 1598 1971 paulatim
1638 1899 1692 1954 in
1731 1914 1795 1955 eo
1839 1900 1972 1955 dum

393 1987 532 2045 dunt
553 1987 749 2055 fames,
782 1997 837 2044 et
870 1989 1208 2058 pestilentiae,
1236 1998 1289 2046 et
1325 1999 1669 2047 terratmotus
1699 2004 1797 2061 per
1823 1990 1975 2057 loca,

391 2081 485 2137 dat
508 2080 843 2151 pmnitentiae
859 2080 1040 2137 locum
1072 2080 1158 2137 his
1189 2081 1285 2152 qui
1312 2096 1378 2137 ex
1407 2081 1641 2138 modicis
1663 2082 1992 2153 castigatio-.

392 2168 559 2226 uibus
607 2171 969 2227 emendantur
1016 2180 1072 2226 et
1112 2179 1509 2227 convertuntur
1551 2171 1619 2226 ad
1668 2170 1862 2226 Deum.
1912 2170 1979 2227 Et

391 2263 857 2332 quemadmodum
877 2262 1260 2334 incipientibus
1276 2262 1696 2320 inﬁrmitatibus
1717 2263 1978 2334 possibile

393 2365 477 2410 est
504 2354 697 2410 afferre
728 2355 1072 2412 medicinalia
1098 2355 1410 2426 adiumenta
1434 2394 1450 2420 ,
1486 2355 1566 2411 sic
1590 2355 1977 2426 incipientibus

390 2443 558 2511 fame,
580 2452 635 2499 et
659 2444 1006 2514 pestilentiis,
1039 2454 1096 2501 et
1127 2445 1529 2502 terrmmotibus
1554 2459 1652 2516 per
1675 2447 1818 2510 loca,
1852 2462 1976 2518 pos-

390 2530 547 2589 sibile
574 2542 657 2589 est
682 2534 1010 2604 quibusdam
1035 2535 1352 2594 hominibus
1377 2535 1445 2592 ad
1475 2538 1972 2603 conversationem,

389 2634 445 2680 et
465 2624 648 2691 Mem,
680 2634 736 2681 et
772 2626 1095 2696 sapientiam
1130 2637 1452 2685 sanctorum
1478 2629 1796 2701 purgatoria
1818 2628 1971 2685 dare.

391 2714 448 2772 Si
481 2729 671 2773 autem
705 2717 1095 2789 incipientibus
1132 2720 1447 2792 huiusmodi
1483 2721 1645 2778 malis
1674 2736 1784 2776 non
1811 2720 1976 2779 fuerit

391 2811 536 2866 tacta
565 2811 653 2882 pia
686 2813 987 2880 correctio,
1031 2813 1315 2884 prolicient
1366 2812 1434 2869 ad
1465 2814 1623 2885 pejus
1668 2813 1865 2880 fames,
1919 2823 1977 2871 et

392 2902 745 2973 pestilentiae,
783 2913 846 2961 et
896 2912 1263 2971 teri-semotus,
1318 2921 1445 2963 cum
1495 2906 1679 2963 locum
1723 2906 1976 2963 habuerit

389 2995 728 3052 abominatio
782 2994 1166 3064 desolationis,
1205 3011 1318 3053 non
1356 3006 1614 3053 contenta
1663 3005 1821 3068 parte
1865 2997 1975 3055 alia

392 3087 583 3143 mundi
618 3103 631 3143 :
664 3088 845 3145 veniet
892 3097 952 3143 ut
989 3088 1156 3144 etiam
1188 3089 1243 3145 in
1284 3089 1408 3145 loco
1451 3100 1644 3146 sancto
1683 3089 1973 3146 consistat.

2088 622 2220 677 dum
2247 622 2393 692 quod
2422 621 2498 677 ait
2530 622 2577 654 ⁸⁹
2616 638 2629 676 :
2673 619 2802 675 Illuc
2829 622 3006 676 omnia
3033 621 3192 675 initia
3221 632 3344 675 sunt
3400 622 3667 680 dolorum.

2158 713 2248 769 38.
2288 713 2557 781 Quoniam
2598 724 2780 769 autem
2811 722 2865 769 et
2895 714 3154 769 moralem
3190 713 3524 769 intellectum
3555 716 3671 770 cxi-

2086 807 2250 863 stimo
2279 822 2401 863 esse
2434 807 2599 862 etiam
2646 807 2700 861 in
2750 806 2856 862 isto
2902 806 3042 872 loco,
3092 806 3392 861 secundum
3442 821 3505 860 ea
3550 823 3671 876 quae

2084 897 2219 966 dixi,
2269 907 2667 971 consequenter
2698 907 2753 953 et
2788 898 2902 953 haec
2933 906 3061 953 sunt
3102 898 3329 954 dicenda
3361 916 3374 953 :
3409 898 3668 969 quoniam

2085 988 2133 1045 si
2161 990 2286 1059 quis
2313 990 2609 1061 gloriosam
2637 999 2692 1045 et
2723 991 2959 1060 regalem
2994 988 3227 1044 formam
3262 987 3419 1045 Verbi
3447 991 3669 1046 visurus

2083 1089 2186 1149 est,
2221 1080 2515 1136 adventum
2561 1081 2737 1151 ipsius
2775 1081 3073 1153 gloriosum
3101 1120 3117 1147 ,
3157 1096 3379 1137 necesse
3409 1091 3489 1138 est
3522 1083 3574 1138 ei
3609 1092 3669 1138 ut

2083 1175 2348 1229 excitetur
2374 1189 2482 1231 non
2518 1176 2695 1231 solum
2731 1174 2921 1230 audire
2949 1174 3130 1243 praelia
3165 1183 3221 1229 et
3250 1174 3558 1229 auditiones
3582 1174 3666 1229 in-

2082 1267 2445 1339 telligibilium
2473 1266 2807 1339 praeliorum,
2827 1277 2885 1322 ut
2906 1266 3096 1322 videns
3115 1266 3291 1321 discat
3311 1281 3669 1334 nequaquam

2083 1358 2298 1423 terreri,
2333 1359 2426 1414 sed
2454 1359 2618 1413 etiam
2642 1366 2701 1413 ut
2736 1357 2917 1412 videat
2949 1363 3165 1427 gentem
3191 1355 3460 1410 mendacii
3488 1355 3664 1410 alicu-

2076 1448 2190 1522 jus,
2240 1462 2297 1505 et
2341 1458 2548 1504 motum
2595 1448 2885 1504 verborum
2933 1447 3266 1503 trahentium
3315 1446 3380 1499 ad
3424 1445 3671 1515 aliquam

2081 1545 2284 1592 sectam
2318 1536 2690 1606 insurgentem
2727 1537 2991 1590 adversus
3023 1534 3185 1589 aliam
3226 1534 3468 1603 aliquam
3508 1548 3664 1587 men-

2079 1626 2221 1682 dacii
2268 1632 2504 1696 gentem,
2556 1625 2815 1695 quoniam
2866 1623 3183 1696 hujusmodi
3229 1622 3487 1694 gentibus
3521 1638 3663 1676 nun-

2080 1730 2244 1788 quam
2292 1724 2377 1773 est
2415 1716 2678 1787 pacificus
2713 1716 2858 1771 linis.
2887 1713 3046 1781 Quod
3074 1712 3665 1784 frcqucntervidemus

2082 1809 2223 1864 inter
2263 1808 2547 1863 haereticos
2590 1807 2730 1874 lieri,
2782 1814 2839 1862 et
2877 1807 3018 1861 inter
3059 1805 3322 1861 ecclesias
3355 1804 3663 1875 malignan-

2078 1902 2213 1957 tium
2248 1915 2471 1969 surgere
2498 1899 2725 1954 alterius
2758 1898 2983 1954 haeresis
3017 1907 3231 1969 gentem
3265 1910 3428 1965 super
3449 1903 3671 1965 gentem

2079 1993 2305 2048 alterius
2347 1990 2595 2046 haeresis.
2637 1987 2737 2045 Sic
2757 1998 2813 2046 et
2842 2005 3072 2062 regnum
3101 1989 3339 2059 alicujus
3371 1989 3523 2044 verbi
3574 1988 3669 2043 in-.

2079 2085 2253 2156 surgit
2300 2084 2566 2141 adversus
2618 2084 2846 2141 alterius
2899 2084 3051 2140 verbi
3100 2081 3320 2137 erratici
3373 2095 3600 2153 regnum
3645 2096 3662 2136 :

2077 2174 2337 2245 quoniam
2362 2175 2596 2231 Satanas
2617 2183 2672 2231 et
2702 2189 2867 2230 omne
2895 2173 3241 2229 mendacium
3278 2171 3543 2226 adversus
3576 2184 3665 2225 se-

2078 2268 2257 2340 ipsum
2316 2267 2579 2323 dividitur
2636 2280 2852 2337 semper
2882 2303 2899 2330 ,
2964 2276 3253 2334 propterea
3311 2277 3420 2316 non
3480 2269 3664 2330 potest

2077 2368 2245 2418 stare.
2292 2359 2438 2432 Ergo
2487 2359 2581 2430 qui
2614 2356 2979 2429 proficiscitur
3007 2353 3077 2410 ad
3115 2351 3402 2408 videndam
3431 2351 3663 2422 gloriam

2075 2451 2283 2508 Christi
2325 2459 2382 2507 et
2427 2465 2679 2522 regnum,
2734 2449 2840 2504 hoc
2878 2456 2962 2501 est
2987 2442 3153 2499 Verbi
3188 2442 3578 2514 perfectionem
3608 2449 3663 2498 et

2078 2557 2306 2616 regnum
2355 2524 2503 2612 quod
2534 2549 2725 2610 regnat
2748 2547 2806 2593 et
2843 2537 3180 2603 dominatur,
3213 2547 3423 2604 ponens
3466 2547 3667 2589 omnes

2079 2635 2425 2693 adversarios
2472 2645 2755 2689 sermones
2785 2628 2888 2685 sub
2929 2626 3160 2697 pedibus
3206 2625 3321 2682 suis
3357 2634 3413 2680 et
3439 2625 3493 2678 in
3527 2639 3662 2680 con-

2076 2729 2439 2786 culeationem
2470 2725 2670 2797 pedum
2703 2736 2932 2779 suorum
2964 2735 3188 2777 necesse
3219 2728 3305 2776 est
3338 2717 3389 2774 ei
3422 2726 3482 2773 ut
3513 2734 3667 2788 qua:-

2077 2835 2204 2876 rens
2229 2818 2536 2881 veritatem,
2567 2815 2883 2885 frequenter
2909 2811 3150 2882 inopiam
3183 2825 3445 2867 sensuum
3487 2809 3663 2879 patia-

2076 2922 2183 2977 tur,
2210 2910 2412 2982 quibus
2434 2906 2656 2979 proprie
2683 2904 2867 2961 anima
2890 2904 3131 2960 nutritur
3146 2902 3215 2958 ad
3245 2901 3657 2972 requisitionetn

2075 3016 2264 3060 eorum
2295 3016 2418 3074 qua:
2448 3011 2577 3058 sunt
2598 2998 2915 3070 quaerenda.
2954 2993 3023 3052 Et
3057 2995 3203 3051 sicut
3238 2993 3534 3063 aliquando
3565 2992 3665 3063 qui

2075 3095 2569 3169 proﬁciscebantur
2618 3092 2687 3148 ad
2737 3099 2938 3145 terram
2986 3086 3373 3159 promissionis
3404 3126 3421 3153 ,
3472 3084 3666 3141 afﬂicti

391 3177 598 3235 Tamen
628 3177 1055 3237 insurrectiones
1086 3181 1331 3252 gentium
1360 3198 1524 3254 super
1561 3190 1778 3251 gentes,
1812 3192 1865 3238 et
1889 3197 1974 3238 rc-
2002 3213 2047 3272 C
2079 3199 2227 3257 sunt,
2281 3188 2479 3242 famem
2525 3183 2673 3256 passi
2709 3192 2838 3239 sunt
2863 3180 3170 3237 carnalium
3205 3179 3452 3235 ciborum
3480 3188 3664 3235 trans-

391 3288 624 3346 gnorum
654 3273 919 3331 adversus
950 3289 1135 3346 regna,
1170 3284 1234 3332 et
1250 3273 1447 3342 fames,
1477 3285 1533 3332 et
1555 3274 1898 3348 pestilentia},
1921 3284 1979 3332 et

390 3371 733 3420 termmotus
759 3379 853 3434 per
874 3364 995 3435 loca
1019 3375 1399 3438 exsurgentes,
1435 3366 1590 3423 initia
1626 3382 1748 3425 esse
1773 3366 1978 3423 dicun-

393 3465 484 3511 tur
510 3453 758 3526 peiorum
785 3455 1197 3525 calamitatum,
1222 3455 1652 3529 quasDominus
1681 3457 1977 3529 appellavit

391 3548 630 3604 dolores.
659 3545 719 3604 Si
743 3563 875 3619 ergo
904 3548 1043 3605 tales
1066 3558 1232 3606 erunt
1250 3549 1509 3621 primitim
1539 3549 1818 3617 dolorum,
1838 3564 1976 3621 qua-

391 3640 463 3696 lia
492 3650 658 3711 putas
675 3650 838 3696 erunt
868 3640 1207 3699 incrementa
1235 3642 1534 3699 dolorum?
1573 3641 1764 3710 Qualis
1791 3651 1972 3698 autem

389 3733 589 3790 etiinis
620 3733 729 3791 erit
772 3733 1109 3802 generalium
1149 3734 1401 3792 dolorum
1429 3734 1486 3790 in
1524 3736 1783 3791 universo
1810 3749 1975 3789 mun-

390 3825 484 3896 (10,
519 3834 581 3883 ut
603 3841 714 3887 non
736 3827 851 3898 jam
886 3843 981 3897 per
1005 3837 1209 3898 partes,
1237 3829 1334 3885 sed
1364 3828 1686 3884 universum
1717 3825 1987 3883 extet-min

390 3924 524 3972 nent
551 3916 855 3972 mundum?
886 3915 1090 3973 Tamen
1118 3919 1356 3976 arbitror
1383 3935 1505 3989 quae
1531 3927 1672 3976 sunt.
1695 3927 1975 3983 secutura,

390 4005 654 4062 adversus
692 4005 893 4077 impios
920 4005 1039 4062 fore
1072 4009 1473 4075 tantummodo,
1514 4018 1576 4065 ut
1605 4010 1659 4064 in
1692 4007 1976 4064 doloribus

392 4095 738 4153 acutissimis
775 4104 831 4151 et
856 4094 1087 4153 diutinis
1118 4098 1454 4164 crucientur,
1495 4099 1673 4155 donec
1700 4100 1978 4170 deponant

390 4204 514 4260 quat
535 4196 904 4260 conoeperunt
926 4197 979 4244 et
1000 4187 1378 4247 formaverunt
1398 4182 1606 4250 semina
1622 4202 1973 4261 peccatorum

392 4283 462 4338 ab
488 4282 903 4357 operationibus
933 4282 1246 4339 contrariis.
1275 4279 1343 4335 Et
1366 4281 1581 4339 Pharao
1608 4282 1841 4354 quidem.
1863 4298 1973 4339 non

391 4376 529 4432 bene
578 4375 759 4431 facere
787 4377 1038 4447 cupiens,
1097 4373 1358 4444 pracepit
1398 4388 1563 4429 omne
1607 4374 1972 4429 masculinum

391 4469 762 4540 quodcunque
804 4466 972 4524 fuerit
1015 4472 1203 4519 natum
1252 4462 1517 4531 Hebraeis,
1557 4476 1619 4522 ut
1651 4465 1973 4537 projiciatur

389 4561 448 4616 in
474 4560 676 4616 ﬂumen
705 4562 786 4630 ";
836 4558 986 4613 Deus
1026 4563 1209 4611 autem
1240 4558 1419 4614 bonus
1448 4558 1607 4629 quasi
1640 4573 1769 4615 vere
1795 4555 2050 4614 bonusD

392 4653 602 4710 occidit
641 4653 852 4710 semina
898 4655 1170 4710 malorum
1210 4668 1333 4724 qua:
1372 4660 1719 4722 receperunt,
1768 4660 1828 4706 ut
1876 4667 1975 4721 per

392 4747 602 4809 multos
633 4746 851 4805 labores
897 4756 953 4802 et
1000 4745 1219 4802 dolores
1262 4759 1328 4801 ea
1364 4742 1674 4814 deponant,
1710 4743 1970 4814 quoniam

392 4847 764 4910 conccperunt
802 4837 1075 4904 dolorem,
1130 4846 1186 4893 et
1230 4842 1561 4907 pepererunt
1605 4833 1970 4903 iniquitatem.

393 4930 461 4987 Et
484 4931 616 5002 quid
645 4929 793 4991 aliud
817 4936 973 4988 decet
1005 4930 1177 4985 Deum
1200 4965 1217 4993 ,
1270 4925 1375 4981 nisi
1420 4933 1480 4980 ut
1508 4925 1723 4980 occidat
1749 4940 1971 4981 omnem

391 5024 732 5095 iniquitatem
766 5038 934 5093 quam
965 5027 1566 5094 generantpeccatores
1590 5060 1606 5084 ,
1636 5016 1840 5087 quibus
1870 5017 1974 5072 bu-

389 5115 630 5185 jusmodi
667 5115 861 5172 mortis
890 5114 1008 5170 dies
1044 5113 1238 5168 melior
1260 5118 1539 5180 estquam
1574 5108 1693 5163 dies
1721 5108 1975 5163 nativita-

395 5208 467 5263 tis
495 5208 690 5278 ipsius,
724 5207 1029 5264 secundum
1075 5204 1220 5277 quod
1253 5203 1517 5274 scriptum
1546 5211 1633 5257 est
1658 5200 1745 5256 “z
1780 5200 1974 5257 Melior

393 5299 505 5355 dies
539 5301 726 5355 martis
759 5315 917 5368 super
942 5300 1084 5353 diem
1118 5297 1414 5352 nativitatis
1436 5295 1465 5351 2
1510 5292 1603 5350 Sic
1625 5301 1681 5349 et
1715 5295 1970 5351 abortum

396 5392 674 5450 meliorem
705 5408 772 5448 eo
818 5392 964 5463 quod
1009 5390 1275 5455 nascitur,
1329 5389 1466 5444 bene
1516 5386 1643 5456 quis
1689 5387 1873 5442 dicet:
1907 5385 1976 5441 Et

383 5479 511 5533 dixi
555 5484 747 5533 bonum
788 5495 945 5547 super
986 5494 1106 5532 eum
1142 5478 1408 5532 abortum.
1449 5473 1594 5529 Nam
1624 5474 1840 5533 abortus
1877 5475 1977 5529 hu-

390 5569 628 5638 jusmodt'
648 5571 701 5622 in
725 5570 1003 5624 nativitate
1030 5570 1189 5633 venit,
1218 5576 1267 5622 et
1294 5570 1349 5621 in
1370 5567 1597 5625 tenebris
1630 5564 1892 5631 ambulat,
1923 5577 1973 5621 et

394 5675 451 5711 tu
477 5660 697 5713 tenebris
733 5674 917 5714 nomen
944 5661 1056 5729 ejus
1086 5668 1388 5729 contegatur
1406 5658 1473 5712 ⁸⁸.
1501 5658 1564 5717 Et
1585 5658 1700 5714 hac
1716 5663 1975 5716 tractavi-

465 5771 511 5802 "
543 5768 733 5827 Matth.
776 5787 927 5836 xxrv,
955 5772 1005 5826 7.
1082 5774 1126 5806 "
1146 5771 1385 5839 EXOU..I,
1418 5773 1504 5828 l6.
1582 5773 1628 5805 ⁸⁸
1664 5771 1843 5833 Eccle.
1871 5778 2040 5846 vn,2.

399 5854 515 5893 νοτιι
526 5854 607 5895 nt.

2079 3284 2181 3349 itu,
2212 3288 2273 3336 ut
2296 3278 2519 3337 cteleste
2559 3274 2828 3344 accipiant
2863 3286 3088 3337 manna,
3127 3270 3206 3327 Sic
3228 3279 3444 3341 oportet
3475 3270 3665 3340 inopia,

2078 3388 2340 3433 sensuum
2394 3370 2595 3427 tentari
2647 3383 2774 3440 eum
2818 3365 3151 3437 frequenter,
3198 3372 3254 3418 et
3287 3363 3424 3418 nihil
3451 3363 3563 3434 pati
3590 3378 3660 3418 ex

2076 3480 2163 3532 ea,
2184 3466 2280 3536 qui
2311 3460 2642 3536 perfectione
2672 3458 2838 3515 Verbi
2873 3468 2955 3515 est
2992 3455 3343 3513 nutriendus.
3380 3453 3449 3508 Et
3478 3455 3662 3525 quoti-

2076 3559 2165 3614 die
2188 3559 2294 3613 hoc
2328 3557 2505 3627 ipsum
2542 3554 2790 3609 videmus
2819 3553 2875 3607 in
2898 3550 3081 3617 nobis,
3119 3548 3341 3619 quando
3362 3547 3662 3618 quaerimus

2076 3648 2313 3719 aliquem
2341 3648 2586 3702 veritatis
2611 3658 2836 3703 sensum
2874 3644 2930 3698 in
2957 3642 3259 3712 Scripturis
3289 3658 3303 3695 :
3331 3641 3660 3711 priusquam

2078 3741 2424 3799 inveniamus
2444 3740 2592 3811 quod
2625 3737 2962 3810 quaerimus,
2995 3734 3235 3806 aliquam
3267 3733 3507 3804 inopiam
3535 3747 3665 3787 sene

2077 3849 2236 3892 suum
2288 3830 2549 3904 patimur,
2600 3831 2778 3887 donec
2824 3829 3060 3885 solvitur
3099 3828 3154 3882 in
3194 3822 3677 3895 nobisejusmodi.

2078 3926 2262 3997 inopia
2289 3938 2554 3982 sensuum
2576 3937 2608 3978 a
2638 3922 2770 3990 Deo,
2796 3920 2892 3993 qui
2913 3920 3008 3977 dat
3030 3919 3212 3991 dignis
3238 3932 3420 3973 escam
3448 3917 3500 3970 in
3527 3922 3661 3970 tcm-

2075 4030 2207 4089 pore
2251 4024 2567 4088 opportuno
2592 4015 2660 4070 ad
2694 4010 3137 4070 manducandum
3178 4019 3232 4065 et
3271 4008 3665 4064 vestimentum

2076 4110 2144 4166 ad
2178 4107 2538 4165 induendum.
2587 4106 2816 4178 Oportet
2857 4103 3028 4160 etiam
3062 4116 3187 4157 eum
3228 4100 3324 4171 qui
3368 4098 3516 4153 videt
3547 4097 3661 4168 glo-

2076 4202 2286 4257 riosum
2329 4199 2642 4262 adventum,
2691 4196 2744 4250 id
2796 4203 2880 4251 est
2929 4192 3219 4248 adventum
3268 4186 3553 4259 sapientia:
3603 4186 3661 4241 iu

2077 4293 2318 4350 animam
2350 4304 2506 4347 suam
2529 4329 2545 4353 ,
2576 4300 2803 4344 necesse
2831 4292 2917 4342 est
2942 4298 3068 4339 eum
3103 4280 3288 4336 videre
3319 4277 3675 4350 pestilentias.

2076 4356 2453 4439 morbidorum
2483 4392 2824 4445 sermonum,
2858 4382 2913 4431 et
2940 4373 3077 4429 nihil
3104 4371 3218 4449 pati
3256 4371 3325 4426 ab
3352 4368 3456 4425 eis.
3485 4366 3664 4423 Pesti-

2078 4475 2180 4532 feri
2217 4484 2400 4531 autem
2431 4486 2716 4530 sermones
2742 4478 2873 4526 sunt
2896 4481 3089 4523 omnes
3118 4465 3213 4534 qui
3241 4463 3311 4519 ab
3346 4460 3675 4518 hominibus

2079 4566 2354 4640 pestiferis
2393 4564 2749 4637 proferuntur
2770 4601 2786 4628 ,
2821 4558 3164 4630 iniquitatem
3202 4554 3258 4610 in
3287 4554 3565 4610 excelsum
3588 4551 3664 4607 lo-

2078 4658 2399 4732 quentibus,
2425 4664 2481 4713 et
2505 4653 2836 4727 ponentibus
2860 4651 2916 4705 in
2940 4650 3079 4706 cmlo
3110 4664 3173 4704 os
3199 4662 3361 4703 suum
3395 4645 3448 4699 in
3470 4659 3663 4714 super-

2078 4754 2170 4809 bia
2233 4761 2288 4809 et
2346 4764 2547 4822 magna
2601 4745 2965 4818 promissione
3019 4759 3034 4797 :
3084 4748 3307 4812 utputa,
3370 4732 3667 4791 Marcionis

2080 4856 2366 4902 sermones
2386 4844 2650 4899 adversus
2690 4837 3005 4894 Creatorem
3040 4834 3252 4897 mundi,
3272 4843 3327 4886 et
3350 4829 3530 4896 impiae
3544 4826 3660 4878 bla-

2083 4936 2363 5006 sphentitc,
2387 4934 2638 5005 quaedam
2665 4930 2990 5001 pestilentiae
3018 4936 3147 4984 sunt
3181 4920 3509 4982 animarum,
3534 4928 3669 5006 θοι-ι

2084 5005 2401 5097 rumpentes
2426 5024 2708 5080 hominum
2743 5031 2973 5089 mentes,
2999 5029 3054 5077 et
3076 5017 3335 5073 facientes
3361 5008 3573 5097 animas
3602 5005 3660 5097 in

2082 5093 2273 5169 eorum
2289 5112 2336 5144 ’⁸³
2360 5110 2771 5182 suspicionibus
2799 5118 3087 5182 aegrotare.
3114 5098 3384 5159 Valentini
3404 5096 3569 5151 etiam
3592 5093 3668 5149 de

2084 5203 2405 5261 masculinis
2417 5211 2472 5259 et
2489 5202 2770 5261 femininis
2785 5202 2999 5259 saeculis
3009 5196 3285 5259 fabulae,et
3299 5190 3365 5247 de
3380 5187 3662 5243 nativitate

2081 5294 2368 5352 Creatoris
2399 5294 2588 5350 mundi
2616 5310 2783 5366 quam
2819 5308 2886 5350 ex
2921 5291 3059 5347 falsa
3088 5285 3355 5357 sapientia
3389 5284 3662 5337 continxe—

2080 5397 2233 5456 runt,
2261 5397 2314 5443 et
2338 5402 2678 5459 quaecunque
2699 5388 2807 5442 alia
2839 5384 3139 5457 garrulant,
3187 5378 3316 5451 quid
3349 5377 3494 5432 aliud
3532 5384 3661 5431 sunt

2081 5481 2190 5538 nisi
2224 5480 2585 5552 pestilentiae;
2611 5478 2871 5536 Basilidis
2900 5489 3119 5548 quoque
3152 5484 3460 5536 sermones,
3488 5468 3662 5526 detra-

2083 5572 2274 5626 hentes
2303 5571 2522 5641 quidem
2553 5571 2635 5628 eis
2657 5571 2750 5640 qui
2784 5581 2959 5637 usque
2989 5565 3057 5620 ad
3080 5572 3309 5619 mortem
3335 5567 3672 5627 certantpro.

2079 5664 2394 5729 veritate,ut
2421 5666 2783 5723 conﬁteantur
2802 5673 2986 5714 coram
3014 5655 3328 5712 hominibus
3348 5650 3557 5716 Jesuni,
3581 5648 3655 5702 in-

2108 5779 2159 5854 f‘
2204 5778 2384 5838 Eccle.
2414 5795 2492 5847 γι,
2536 5780 2591 5846 5,
2619 5780 2671 5834 ι.
2749 5776 2793 5810 ιι
2822 5770 3018 5833 Matth.
3065 5790 3214 5832 xxiv.
3251 5771 3303 5826 8.
3381 5765 3531 5821 “Al-
3576 5782 3663 5822 οιῖ·
