4110 6470
446 410 581 466 i553

1613 405 2285 468 COMMENTARIORUM‘
2306 410 2572 473 SERIES.

3578 420 3715 475 i654

442 531 755 589 diﬁcrenter
779 529 945 602 857
980 537 1161 586 autem
1194 543 1352 600 agere
1379 529 1637 587 docentes
1669 532 1736 587 ad
1768 533 2032 603 denegan-
2061 540 2106 597 Α
2135 534 2296 589 stiani
2343 537 2398 590 in
2434 534 2843 600 tribulatioues,
2888 544 2942 589 ct
2971 535 3166 594 dantes
3206 536 3577 594 testimonium
3613 554 3712 595 ve»

441 626 595 689 dtuu,
612 631 667 682 et
684 623 757 679 ad
776 622 1196 680 sacriﬁcandum
1227 621 1334 678 diis
1364 623 1577 691 alienis,
1606 639 1713 678 non
1740 626 1922 680 minus
1945 641 2033 695 po-

443 716 684 771 stilicant
709 721 1142 784 etcorrumpunt
1182 715 1465 770 audientes
1490 730 1570 782 se,
1606 716 1698 787 qui
1742 717 1794 773 in
1835 717 2027 773 iisdem

443 806 790 861 sermonibus
816 805 1013 860 docent
1048 818 1157 858 non
1186 818 1307 859 esse
1360 803 1497 860 alias
1529 814 1878 876 peccatorum
1916 823 2031 878 ρω-

444 912 545 952 nas
572 896 676 951 nisi
710 894 1272 964 transcorporationes
1292 895 1598 950 animarum
1618 903 1741 966 post
1765 906 2021 952 mortem.

444 984 579 1042 Nam
598 996 657 1042 ut
677 988 945 1042 dimittam
967 985 1257 1041 manifeste
1278 986 1476 1042 falsum
1498 1004 1621 1042 esse
1642 989 1788 1058 quod
1806 989 2027 1056 dicitur,

445 1081 623 1136 adhuc
671 1089 852 1139 autem
904 1079 1100 1136 tollunt
1144 1081 1215 1136 ab
1256 1081 1573 1138 hominibus
1623 1083 1916 1138 salutarem
1958 1083 2028 1137 ti-

446 1179 761 1238 morem,et
785 1171 882 1241 qui
906 1172 991 1226 vel
1019 1178 1243 1249 propter
1272 1172 1526 1228 timorem
1565 1172 1874 1228 futurarum
1906 1189 2027 1244 pm-

444 1279 643 1318 narum
681 1265 952 1320 servaturi
990 1280 1051 1321 se
1078 1264 1296 1321 fuerant
1339 1282 1370 1321 a
1400 1266 1748 1321 multitudine
1776 1276 2031 1336 peccato-

443 1371 590 1423 rum,
626 1356 876 1411 nutriunt
914 1356 1198 1412 audaciam
1242 1357 1536 1428 impietatis
1584 1373 1798 1413 eorum.
1846 1357 2028 1414 Multae

446 1447 616 1518 igitur
651 1447 827 1504 fames
857 1457 911 1503 et
940 1449 1265 1520 pestilentia
1318 1460 1480 1507 erunt
1538 1451 1801 1507 omnibus
1841 1451 2028 1507 videre

444 1537 759 1593 volentibus
809 1539 1107 1609 gloriosum
1141 1540 1348 1596 Christi
1399 1541 1691 1597 adventum
1748 1543 1802 1596 in
1843 1542 2026 1598 anima

445 1644 566 1692 sua,
619 1629 713 1685 sed
756 1630 894 1686 nihil
939 1631 1023 1687 eis
1067 1632 1363 1688 nocebunt.
1414 1631 1690 1689 Videbunt
1724 1634 1870 1688 enim
1906 1645 2027 1689 tan-

446 1722 731 1776 tummodo
759 1738 874 1788 cas,
905 1723 1001 1779 sed
1033 1723 1173 1779 nihil
1208 1724 1488 1794 patientur
1516 1724 1586 1780 ab
1617 1724 1719 1781 eis.
1746 1724 2028 1781 Patiemur

449 1822 630 1867 autem
666 1821 721 1868 ct
749 1824 934 1870 motus
967 1829 1159 1870 eorum
1186 1831 1310 1885 qua:
1338 1825 1655 1886 querentur
1683 1818 1736 1871 in
1773 1818 2025 1888 plurimis

2133 630 2281 684 ritati
2324 640 2452 686 sunt
2502 629 2795 697 interfecti,
2836 637 2890 685 et
2925 629 3053 684 odio
3081 630 3252 687 habiti
3293 639 3423 688 sunt
3460 631 3714 703 gentibus

2132 736 2256 777 cum
2290 723 2491 793 quibus
2548 722 2950 779 habitaverunt.
3014 724 3293 779 Adversus
3341 724 3483 779 hanc
3527 733 3709 780 autem

2131 815 2487 883 qu-rstioncm
2532 815 2629 884 qui
2680 816 2983 871 secundum
3030 816 3195 871 verba
3224 815 3340 870 vuit
3389 816 3708 886 intelligere,

2131 904 2482 974 respondebit
2502 905 2763 975 quoniam
2795 915 2926 961 tunc
2967 906 3206 961 maxime
3236 904 3520 960 tradentur
3546 906 3708 959 Chri-

2130 996 2292 1052 stiani
2339 997 2391 1051 in
2434 996 2837 1064 tribulationes,
2877 995 3341 1067 quemadmodum
3388 1010 3704 1064 nunquam:

2131 1098 2261 1145 tunc
2308 1088 2437 1144 odio
2484 1088 2718 1144 habendi
2770 1088 3007 1144 maxime
3047 1089 3118 1143 ab
3154 1088 3412 1143 omnibus
3454 1086 3709 1158 gentibus

2130 1177 2574 1233 cohabitantibus
2606 1178 2731 1244 sibi,
2763 1179 2909 1235 sicut
2952 1193 3271 1248 nunquam;
3313 1186 3368 1233 et
3397 1177 3582 1235 omnia
3607 1191 3711 1245 pa-
3762 1228 3767 1231 Α

2129 1268 2334 1324 tientur
2373 1285 2473 1339 pro
2521 1270 2744 1325 nomine
2771 1270 3000 1338 Christi,
3046 1284 3172 1326 cum
3223 1270 3526 1326 surrexerit
3571 1285 3708 1339 gens

2130 1371 2319 1419 contra
2378 1369 2616 1433 gentem,
2665 1370 2718 1418 et
2751 1378 2976 1433 regnum
3022 1364 3285 1419 adversus
3326 1376 3559 1432 regnum
3597 1378 3610 1412 :
3654 1371 3710 1415 ιι

2129 1454 2259 1508 lient
2287 1452 2478 1518 fames,
2503 1461 2558 1508 et
2588 1455 2929 1525 pestilentias,
2962 1466 3015 1510 et
3042 1460 3386 1511 tersaemotus
3439 1467 3533 1523 per
3560 1452 3700 1507 loca.

2129 1543 2329 1598 Amant
2385 1544 2531 1598 enim
2581 1545 2675 1614 qui
2734 1545 2789 1599 in
2841 1545 3251 1602 calamitatibus
3299 1552 3462 1611 sunt,
3510 1557 3710 1598 causas

2126 1650 2314 1689 earum
2340 1634 2719 1702 discutientes,
2762 1636 3008 1691 invenire
3053 1635 3261 1707 aliquid
3291 1634 3435 1705 quod
3480 1634 3710 1703 loquan—

2128 1734 2235 1782 tur.
2277 1725 2418 1781 Cum
2448 1727 2563 1782 haec
2585 1741 2718 1796 ergo
2747 1725 3079 1797 contigerint
3108 1727 3338 1792 mundo,
3368 1740 3712 1795 consequens

2126 1826 2210 1873 est
2232 1818 2389 1889 quasi
2417 1817 2926 1890 derelinquentibus
2972 1819 3291 1874 hominibus
3317 1818 3545 1872 deormn
3587 1820 3709 1870 cul-

445 1904 582 1960 loeis
609 1905 1038 1974 Scripturarum,
1062 1907 1594 1964 verisimilitudinem
1624 1909 2028 1966 contrarietatis
2062 1898 2102 1953 Β
2132 1917 2334 1973 turam,
2367 1919 2426 1965 ut
2463 1919 2684 1980 propter
2724 1908 3127 1965 multitudinem
3159 1907 3598 1964 Christianorum
3625 1908 3712 1961 di.

443 1997 530 2051 vri
568 1998 976 2053 mendaciorum
1023 1999 1379 2068 habentibus;
1419 2000 1512 2057 sed
1545 2002 1891 2072 postmodum
1931 2019 2028 2073 pa-

447 2089 652 2145 tientur
685 2089 845 2155 nihil,
877 2105 976 2146 nec
999 2092 1550 2148 motusauditionum
1579 2093 1839 2150 falsarum
1870 2096 2031 2153 vellet

447 2196 542 2237 eos
581 2181 650 2238 ab
686 2184 1094 2252 exspectatione
1132 2184 1358 2252 gloriosi
1398 2194 1453 2240 et
1495 2184 1665 2240 divini
1708 2193 1763 2242 et
1802 2185 2028 2258 perfecti

446 2273 711 2328 adventus
746 2272 1112 2331 Iesu-Christi
1140 2275 1326 2332 Verbi.
1382 2277 1450 2333 Et
1487 2279 1580 2349 qui
1624 2279 1873 2338 dicturus
1906 2292 2023 2338 est:

442 2364 480 2416 A
521 2366 708 2420 timore
741 2377 853 2433 tuo,
889 2365 1130 2435 Domine,
1178 2370 1232 2423 in
1265 2380 1414 2425 utero
1457 2380 1548 2426 tuo
1580 2373 1933 2442 concepimus,
1975 2386 2026 2428 et

440 2454 856 2522 parturirimus,
901 2467 949 2511 et
986 2460 1284 2528 peperimus
1329 2460 1598 2531 spiritum.
1637 2461 1832 2517 salutis
1872 2479 2026 2534 quem

443 2546 621 2615 fecisti
649 2563 809 2616 super
839 2557 1036 2604 terram
1056 2550 1125 2616 “,
1160 2560 1255 2607 aut
1289 2554 1595 2609 secundum
1634 2555 1778 2625 quod
1818 2555 2023 2611 dictum

441 2645 528 2692 est
556 2654 570 2692 :
603 2636 736 2692 Filii
773 2640 875 2693 mei
903 2656 1048 2711 quos
1067 2645 1259 2697 iterum
1282 2647 1546 2715 parturio,
1574 2646 1738 2701 donec
1764 2648 2016 2717 formetur

443 2728 692 2785 Christus
726 2730 781 2785 in
823 2732 963 2787 vobis
997 2732 1065 2801 ⁸⁵,
1106 2750 1330 2792 necesse
1367 2746 1452 2793 est
1479 2753 1607 2794 eum
1651 2738 1704 2794 in
1738 2739 1931 2810 primis
1968 2741 2024 2796 in

441 2822 699 2879 omnibus
736 2822 859 2879 istis
897 2824 1182 2885 doloribus
1218 2827 1337 2883 ﬁeri
1374 2828 1559 2897 famis,
1598 2839 1648 2886 et
1688 2829 2027 2902 pestilentia-

440 2928 585 2980 rum,
617 2922 671 2969 et
695 2925 943 2972 motuum
970 2933 986 2973 :
1017 2919 1165 2989 quod
1204 2920 1484 2978 sustinens
1510 2924 1687 2993 pariet
1713 2924 1859 2996 quod
1886 2941 2024 2980 con-

439 3002 584 3070 cepit
612 3013 668 3058 et
706 3003 965 3063 formavit
998 3008 1052 3062 in
1089 3024 1147 3064 se
1169 3008 1449 3066 Christum
1484 3011 1746 3081 Verbum,
1791 3023 1851 3069 ut
1878 3015 2025 3071 dicat

441 3093 497 3148 in
531 3095 816 3152 nativitate
858 3098 1017 3168 ejus:
1052 3098 1530 3173 Esseevangclizo
1576 3105 1721 3160 vobis
1765 3108 2037 3177 gaudium.

442 3204 687 3258 uagitum
729 3190 796 3257 ⁸⁸,
840 3199 895 3247 et
930 3191 1157 3264 gloriam
1200 3195 1256 3250 ia
1300 3195 1534 3255 excelsis
1572 3196 1704 3268 Deo,
1745 3207 1801 3255 et
1830 3215 2017 3271 pacem

438 3294 603 3348 super
626 3290 851 3337 terram.

506 3373 596 3429 39.
643 3372 791 3429 Tunc
829 3376 1045 3432 tradent
1073 3394 1163 3434 uos
1195 3381 1251 3436 in
1282 3366 1675 3453 tribulationes,
1707 3392 1760 3440 et
1780 3386 2027 3444 occident

437 3482 527 3519 vos
550 3482 568 3519 :
588 3475 636 3520 et
666 3466 816 3521 eritis
847 3468 970 3523 odio
1022 3470 1269 3526 omnibus
1307 3473 1544 3544 gentibus
1584 3485 1800 3545 propter
1837 3492 2026 3531 nomen
2042 3512 2055 3537 ,-

350 3600 357 3605 .
439 3575 632 3614 meum.
680 3558 748 3615 Et
793 3571 919 3616 tunc
949 3561 1466 3620 scandalizabuntur
1507 3567 1685 3632 multi,
1716 3569 2023 3625 etiuricem

441 3651 677 3714 tradent,
712 3651 835 3704 odio
865 3651 1128 3708 habebunt
1156 3655 1398 3723 invicem,
1442 3665 1496 3711 et
1517 3659 1675 3712 multi
1695 3661 2023 3730 pseudoproq

437 3741 610 3809 pheta:
647 3741 952 3812 insurgent,
995 3751 1047 3797 et
1094 3744 1342 3800 seducent
1394 3745 1629 3813 multos,-
1671 3756 1722 3802 et
1769 3752 2039 3819 quoniam~

441 3830 730 3886 abundarit
761 3833 1038 3903 iniquitas,
1078 3835 1382 3906 refrigescet
1422 3836 1662 3894 charitas
1692 3841 2021 3898 multorum:

439 3925 530 3977 sed
578 3925 668 3995 qui
708 3925 1056 3994 permanserit
1104 3925 1159 3980 in
1201 3927 1384 3997 ﬁnem,
1435 3929 1520 3984 hic
1565 3930 1743 3986 salvus
1774 3936 1897 3990 erit.
1950 3936 2021 3991 Et

443 4010 826 4080 Insedicabitur
852 4016 951 4069 Itoc
984 4014 1329 4086 Erangelium
1358 4021 1509 4091 regni
1540 4022 1595 4076 in
1630 4023 1876 4080 universo
1900 4027 2045 4083 orbe.

440 4105 497 4157 in
541 4106 899 4160 testimonium
966 4108 1210 4163 omnibus
1257 4109 1536 4182 gentibus,
1593 4124 1642 4168 et
1686 4123 1810 4169 tunc
1855 4119 2020 4172 veniet

440 4194 564 4262 linis
591 4193 657 4249 ⁸⁷.
691 4193 758 4249 Et
789 4195 909 4251 sine
930 4197 1275 4268 expositione
1302 4200 1525 4270 quidem
1559 4208 1740 4259 textus
1778 4220 1807 4260 a
1837 4207 2022 4277 seipso

438 4293 526 4338 cst
571 4284 928 4351 manifestus,
987 4288 1246 4357 quoniam
1305 4287 1620 4360 frequenter
1666 4294 1854 4349 traditi
1893 4308 2023 4352 sunt

441 4376 695 4447 discipuli
726 4376 930 4433 Christi
976 4378 1030 4433 in
1071 4380 1485 4445 tribuiationes,
1537 4392 1592 4439 et
1631 4397 1854 4456 propter
1884 4387 2019 4443 Ver-

441 4473 571 4527 bum
601 4480 729 4526 sunt
759 4471 1050 4537 interfecti,
1077 4482 1129 4528 et
1152 4483 1369 4544 propter
1390 4475 1673 4532 Christum
1698 4480 1826 4534 odio
1849 4480 2020 4537 habiti

2049 3242 2099 3300 α

2128 2010 2252 2060 cant
2278 2002 2393 2059 ﬁeri
2422 2002 2582 2069 bella,
2607 2010 2661 2057 et
2686 2000 2879 2067 fames,
2908 2009 2964 2057 et
2990 1999 3349 2072 pestilentias.
3373 1998 3712 2070 Frequenter

2124 2095 2273 2149 enim
2320 2094 2483 2151 famis
2538 2110 2706 2152 causa
2747 2094 3094 2150 Christianos
3141 2094 3435 2163 culparum
3480 2094 3711 2164 gentiles

2128 2192 2182 2240 et
2214 2184 2530 2255 quicunque
2574 2183 2862 2262 sepiebant
2913 2196 3039 2252 quas
3079 2179 3323 2252 gentium
3372 2188 3503 2234 sunt
3547 2196 3559 2235 :
3614 2179 3710 2234 sed

2127 2284 2183 2332 et
2209 2276 2646 2346 pestilentiarum
2685 2289 2882 2331 causas
2929 2276 2997 2329 ad
3029 2271 3237 2329 Christi
3273 2269 3576 2329 Ecdesiam
3623 2286 3710 2325 re-

2126 2367 2389 2423 tulerunt.
2424 2366 2644 2423 Scimus
2680 2374 2865 2425 autem
2921 2373 2980 2422 et
3007 2363 3153 2434 apud
3192 2376 3297 2419 nos
3341 2368 3707 2417 terremotum

2127 2459 2332 2515 factum
2374 2460 2429 2515 in
2463 2459 2602 2515 locis
2630 2459 2982 2530 quibusdam,
3024 2467 3081 2513 et
3121 2455 3296 2513 factas
3343 2453 3516 2509 fuisse
3543 2469 3712 2523 quas-

2128 2551 2254 2607 dam
2300 2552 2512 2616 ruinas,
2554 2550 2628 2604 ita
2671 2558 2732 2605 ut
2770 2549 2867 2620 qui
2912 2557 3072 2604 erant
3116 2547 3267 2617 impii
3312 2555 3466 2603 extra
3522 2546 3706 2610 tidem,

2125 2657 2351 2698 causam
2398 2648 2745 2697 termmotus
2799 2639 3050 2697 dicerent
3075 2636 3453 2702 Christianos,
3488 2642 3711 2707 propter

2124 2734 2271 2804 quod
2309 2742 2363 2789 et
2394 2732 2803 2803 persecutiones
2836 2745 3012 2800 passa:
3053 2741 3184 2786 sunt
3210 2727 3497 2795 Ecclesiae,
3527 2736 3583 2783 et
3604 2727 3711 2796 ,in-

2124 2840 2304 2881 censis
2334 2831 2497 2890 sunt;
2542 2837 2650 2879 non
2700 2823 2878 2879 solum
2917 2830 3100 2878 autem
3144 2822 3241 2889 iiii,
3273 2821 3368 2879 sed
3406 2830 3463 2877 et
3498 2821 3594 2893 qui
3622 2823 3710 2877 vi-

2125 2917 2393 2973 debantur
2424 2915 2746 2986 prudentes,
2775 2915 2907 2971 talia
2944 2916 3004 2974 in
3030 2914 3252 2985 publico
3285 2913 3551 2981 dicerent,
3578 2915 3709 2983 quia

2126 3013 2348 3077 propter
2402 3005 2749 3063 Christianos
2799 3005 2938 3061 ilum
2983 3004 3290 3075 gravissimi
3347 3012 3707 3060 teri-remotus.

2126 3096 2285 3164 Quod
2317 3103 2500 3152 autem
2533 3095 2756 3164 dicitur,
2796 3105 2849 3152 et
2875 3097 3026 3153 eritis
3052 3097 3177 3152 odio
3204 3096 3446 3155 amttibus
3472 3096 3709 3166 gentibus

2126 3200 2339 3260 propter
2370 3205 2561 3244 nomen
2589 3205 2784 3254 meum,
2817 3189 2903 3244 sic
2926 3189 3142 3247 salvare
3167 3189 3296 3258 quis
3331 3188 3550 3258 poterit,
3580 3188 3710 3259 quia

2126 3297 2408 3354 nunquam
2459 3282 2682 3354 quidem
2731 3283 2785 3339 in
2839 3297 3013 3337 unum
3065 3290 3471 3339 consenserunt
3518 3296 3712 3339 omnes

2125 3383 2312 3445 gentes
2340 3374 2611 3430 adversus
2630 3373 2984 3435 Christianos
3033 3392 3048 3430 :
3091 3390 3216 3428 cum
3254 3382 3437 3431 autem
3467 3372 3711 3457 contige-

2125 3466 2236 3520 rint
2258 3481 2382 3537 quae
2401 3465 2658 3522 Christus
2684 3465 2954 3536 praedixit,
2988 3475 3121 3522 tune
3149 3467 3307 3536 quasi
3340 3465 3709 3522 sueccndendi

2125 3565 2255 3613 sunt
2290 3571 2483 3612 omnes
2524 3571 2556 3610 a
2597 3556 2928 3627 quibusdam
2974 3556 3287 3625 gentilibus.
3316 3555 3712 3625 insipientibus

2122 3648 2471 3703 Christianos
2523 3648 2767 3718 culpare.
2828 3654 2886 3700 ut
2938 3653 3068 3702 tunc
3114 3647 3246 3703 tiant
3302 3644 3710 3714 persecutiones

2119 3738 2232 3809 jam
2259 3753 2370 3795 non
2395 3747 2639 3809 exparte
2663 3737 2809 3794 sicut
2838 3744 2988 3803 ante,
3017 3737 3113 3792 sed
3140 3737 3471 3808 generaliter
3504 3736 3711 3808 ubique

2122 3830 2689 3900 adversuspopulum
2740 3829 2858 3885 Dei.
2926 3828 3085 3885 Tunc
3144 3829 3594 3901 contingetiliud
3648 3839 3707 3886 ut

2120 3920 2282 3975 multi
2324 3919 2766 3979 scandalizentur
2805 3918 2901 3990 qui
2960 3919 3212 3975 videntur
3252 3921 3307 3975 iu
3369 3921 3485 3981 ﬁde.
3523 3922 3708 3977 consi-

2122 4021 2287 4077 stere,
2332 4020 2389 4066 et
2436 4026 2496 4067 se
2539 4011 2678 4067 alter
2723 4010 2957 4066 alterum
2999 4011 3248 4075 tradent,
3280 4019 3337 4066 et
3374 4011 3481 4067 erit
3517 4012 3702 4068 odium

2119 4106 2264 4161 inter
2288 4106 2440 4178 ipsos
2462 4106 2629 4163 etiam
2657 4106 2759 4177 qui
2779 4105 3029 4163 videntur
3049 4106 3251 4162 ﬁdeles.
3282 4105 3438 4162 Tunc
3468 4108 3704 4178 pseudo-

2120 4200 2398 4270 prophet'e
2437 4200 2597 4255 mulsi
2632 4199 2918 4271 insurgent
2960 4200 3362 4256 multitudinem
3399 4200 3704 4257 insensato-

2122 4305 2244 4345 rum
2289 4290 2540 4346 fallentes
2567 4305 2582 4355 ;
2607 4300 2737 4344 tunc
2762 4299 2818 4344 et
2852 4288 3237 4358 refrigescente
3281 4290 3550 4349 charitate
3589 4306 3699 4345 non

2123 4382 2299 4439 solum
2341 4382 2482 4452 apud
2524 4381 2790 4447 inﬁdeles,
2818 4382 2918 4437 sed
2946 4383 3212 4436 etiamin
3262 4382 3397 4452 ipsis
3422 4384 3699 4449 ﬁdelibus,

2122 4482 2180 4531 et
2218 4474 2401 4530 fervor
2439 4473 2729 4529 eharitatis
2761 4488 2827 4527 ex
2869 4473 3060 4529 multis
3107 4473 3521 4542 iniquitatibus.
3542 4476 3706 4532 refri-

441 4565 715 4636 gentibus.
762 4562 822 4620 Si
857 4574 1039 4621 autem
1093 4567 1368 4624 discutere
1408 4572 1534 4641 quis
1585 4572 1712 4628 velit
1742 4575 1888 4645 quod
1919 4576 2018 4643 ait,

2126 4575 2332 4637 gescet.
2365 4566 2437 4621 ita
2475 4573 2537 4621 ut
2570 4565 2730 4634 pauci
2773 4575 3092 4620 remaneant
3121 4574 3397 4623 certantes
3424 4582 3527 4638 pro
3554 4570 3702 4624 veri-

442 4656 682 4711 omnibus
711 4656 973 4728 gentibus,
1020 4674 1129 4714 non
1168 4662 1304 4717 satis
1346 4663 1582 4718 inveniet
1624 4677 1857 4736 certum,
1887 4682 2026 4741 quo-

439 4749 585 4802 niam
617 4749 875 4807 omnibus
906 4749 1072 4809 etiam
1099 4752 1154 4806 in
1180 4753 1390 4809 ultimis
1411 4752 1668 4826 partibus
1697 4766 1853 4813 terra:
1873 4774 2028 4816 com-

442 4840 784 4897 morantibus
812 4841 1064 4912 gentibus
1103 4843 1230 4898 odio
1253 4830 1489 4901 habetur
1518 4849 1755 4919 populus
1779 4848 2016 4906 Christi:

442 4933 551 4986 nisi
596 4934 734 4989 forte
767 4943 820 4988 et
849 4933 939 4988 hic
964 4934 1163 5005 aliquis
1194 4936 1340 4992 dicat
1381 4949 1604 5009 propter
1644 4943 2020 5014 exaggeratio-

442 5035 564 5075 nem
610 5022 850 5095 positum
898 5023 1142 5078 omnibus
1181 5040 1282 5094 pro
1323 5028 1529 5083 multis.
1572 5027 1889 5101 Proponens
1920 5047 2023 5087 au-

447 5118 551 5173 tem
596 5114 693 5167 tibi
742 5114 887 5185 quod
930 5114 1096 5181 dicit,
1158 5125 1283 5171 tunc
1332 5120 1544 5175 tradent
1599 5136 1722 5187 ras,
1777 5121 2022 5179 invenies

446 5204 823 5268 quaestionem.
880 5203 991 5264 Nec
1047 5208 1194 5263 enim
1260 5217 1550 5282 postquam
1604 5214 2023 5272 insurrexerunt

447 5309 579 5360 grus
608 5305 794 5350 contra
828 5312 1063 5369 gentem,
1100 5310 1155 5355 et
1180 5283 1409 5372 regnum
1458 5305 1722 5361 adversus
1764 5322 2015 5379 regnum,

443 5392 500 5438 et
552 5394 675 5454 post
743 5387 913 5446 fames
971 5401 1025 5447 et
1085 5394 1427 5463 pestiientias
1488 5410 1586 5464 per
1656 5397 1818 5463 ioca,
1886 5406 2017 5454 tunc

443 5474 623 5530 traditi
668 5484 797 5532 sunt
832 5479 887 5551 in
919 5481 1318 5546 tribulationes,
1347 5493 1401 5539 ct
1432 5485 1600 5539 occisi
1631 5495 1780 5549 sunt,
1808 5495 1863 5541 et
1890 5487 2018 5542 odio

446 5568 616 5626 habiti
647 5569 716 5623 ab
742 5573 999 5629 omnibus
1024 5576 1278 5644 gentibus
1303 5584 1521 5646 propter
1550 5591 1745 5631 nomen
1773 5577 2015 5634 Christi:

443 5674 567 5713 nam
614 5661 1018 5733 etpriusquam
1066 5666 1180 5724 haec
1214 5669 1427 5735 tierent,
1472 5668 1655 5723 traditi
1703 5678 1831 5725 sunt
1859 5668 2018 5724 Chri—

2124 4666 2235 4713 tatc
2285 4671 2460 4725 usque
2508 4655 2577 4709 ad
2625 4654 2812 4720 tinem,
2852 4656 2948 4726 qui
2994 4666 3051 4711 et
3101 4656 3348 4712 salvandi
3398 4667 3532 4713 sunt
3577 4661 3703 4716 soii.

2123 4746 2189 4802 Et
2225 4748 2278 4801 in
2308 4746 2415 4802 hoc
2439 4754 2586 4802 statu
2612 4747 2930 4803 constitutis
2957 4749 3143 4813 rebus,
3178 4749 3526 4821 Evangoiium
3557 4754 3702 4822 quod

2122 4839 2276 4909 prius
2305 4851 2415 4891 non
2438 4836 2621 4893 fuerat
2660 4838 3015 4907 prmdieatum
3054 4838 3107 4892 iu
3140 4847 3255 4894 toto
3281 4840 3701 4910 [ποθῶ-(ωιιίιὶ

2116 4928 2266 4982 enim
2302 4942 2412 4982 non
2445 4927 2625 4983 solum
2656 4928 3037 4993 barbararum,
3063 4929 3161 4985 sed
3186 4930 3358 4985 etiam
3388 4940 3702 4987 nostrarum

2120 5019 2385 5089 gentium,
2410 5035 2587 5090 usque
2617 5036 2765 5077 tuine
2800 5035 2909 5075 non
2941 5020 3235 5079 audierunt
3260 5020 3703 5081 Christianitatis

2120 5111 2411 5183 verbum),
2470 5121 2601 5167 tunc
2659 5111 2917 5166 autem”
2950 5111 3351 5181 praedicabili",
3414 5123 3475 5173 ut
3523 5120 3704 5172 omnis

2118 5220 2255 5275 gens
2288 5204 2656 5275 evangelicum
2702 5204 2892 5261 audiat
2939 5207 3405 5275 praedicationem,
3442 5218 3498 5265 et
3544 5226 3706 5264 aetum

2123 5295 2538 5365 derelinquatur
2564 5296 2659 5365 qui
2705 5311 2814 5351 non
2854 5298 3081 5364 audivit,
3116 5307 3172 5353 et
3208 5308 3339 5357 tunc
3375 5300 3479 5353 erit
3508 5302 3703 5355 steculi

2128 5388 2273 5445 linis.
2308 5387 2366 5442 Si
2397 5395 2582 5445 autem
2621 5387 2739 5441 haec
2772 5386 2845 5443 ita
2873 5402 2933 5443 se
2962 5387 3184 5452 habent,
3211 5388 3324 5454 jam
3364 5403 3474 5445 non
3537 5388 3707 5460 358

2127 5479 2514 5555 ignorabimus
2541 5483 2609 5535 de
2633 5494 2700 5534 eo
2726 5479 2872 5549 quod
2898 5479 3050 5544 dicit,
3073 5491 3200 5534 tunc
3226 5481 3438 5534 tradent
3460 5496 3571 5543 eos,
3600 5498 3699 5536 nec

2126 5573 2324 5628 falsum
2356 5572 2765 5643 suspicabimur
2801 5572 2945 5640 quod
2976 5572 3073 5639 ait,
3110 5580 3160 5625 et
3196 5572 3347 5626 eritis
3377 5573 3499 5627 odio
3527 5575 3703 5628 enmi-

2131 5667 2225 5721 bus
2263 5665 2502 5737 gentibus
2530 5678 2738 5734 propter
2779 5680 2966 5719 nomen
3004 5678 3196 5727 meum,
3225 5663 3471 5720 dicentes
3502 5665 3704 5722 verita-

512 5846 682 5901 “isa.
712 5866 860 5913 xm,
892 5851 974 5906 18.
1089 5855 1133 5886 ⁸⁸
1157 5857 1329 5912 Colat.
1366 5875 1436 5925 tv,
1470 5860 1547 5913 l9.
1645 5860 1689 5890 ⁸⁸
1714 5859 1847 5916 Luc.
1888 5876 1947 5924 ll,
1985 5857 2025 5910 l4

2144 5859 2226 5922 14,
2302 5859 2343 5890 ⁸⁷
2377 5856 2542 5911 Matth
2587 5871 2731 5922 xxiv,
2757 5855 2790 5909 9
2823 5863 2874 5910 et
2896 5871 3048 5928 seqq.
3127 5855 3169 5885 ⁵⁸
3194 5853 3321 5908 Dele
3348 5862 3542 5908 mttunt.
