4112 6426
455 373 597 434 4ῦᾶΞῖ

1676 372 1997 431 OﬂlCENIS
2037 370 2101 426 IN
2144 371 2454 430 ΜᾹΤῘΠΛΕ
2466 375 2564 432 UM!

3591 381 3734 439 €650

459 505 567 550 tem
611 493 780 566 hujus
817 495 970 554 verbi
1010 496 1250 552 nondum
1293 511 1414 552 esse
1456 495 1757 566 impletam,
1788 494 2028 565 quandiu
2062 498 2106 554 Α
2139 511 2244 548 non
2289 509 2482 552 clunes
2521 493 2925 564 apprehendere
2965 501 3196 562 possunt
3231 509 3246 546 :
3279 505 3401 567 qua:
3435 511 3600 554 causa
3639 495 3734 554 lict

457 603 569 643 non
623 597 708 644 est
763 587 965 644 factum
1012 587 1158 659 quod
1223 588 1333 653 ait,
1385 597 1508 644 tunc
1527 587 2038 640 scandalizabuntur

457 677 644 742 multi,
699 686 749 732 et
804 677 1028 732 invicem
1083 679 1315 732 tradent.
1379 675 1632 730 Nondum
1685 675 1830 730 enim
1884 677 2037 730 multi

456 767 764 836 proditores
794 766 861 821 de
894 765 1132 821 Ecclesia
1182 765 1310 821 facti
1347 775 1496 832 sunt,
1538 774 1592 819 et
1625 766 1863 820 nondum
1917 764 2037 819 falsi

456 859 732 928 propheta
762 857 1093 914 exstiterunt
1121 859 1323 913 multos
1357 858 1604 913 fallentes
1645 874 1659 909 ε
1691 858 1770 912 sic
1812 867 1866 911 et
1897 872 2037 911 nou-

455 948 585 1002 dum
617 948 744 1004 odio
776 949 944 1003 habiti
974 962 1102 1004 sunt
1131 950 1200 1004 ab
1225 951 1482 1004 omnibus
1509 949 1757 1019 gentibus
1785 949 1946 1003 etiam
1983 949 2038 1002 in

457 1040 662 1096 ultimis
694 1040 943 1110 partibus
980 1049 1141 1094 terra:
1167 1039 1562 1104 habitantibus,
1592 1048 1812 1110 propter
1839 1055 2036 1095 nomen

453 1134 680 1200 Christi,
707 1132 790 1188 sic
821 1141 876 1187 et
906 1132 1149 1188 nondum
1186 1141 1270 1187 est
1296 1133 1648 1202 praedicatum
1685 1131 2037 1203 Evangelium

453 1225 605 1295 regni
653 1224 708 1278 in
752 1233 866 1278 toto
913 1222 1067 1278 orbe.
1116 1221 1234 1278 Non
1275 1223 1421 1278 enim
1471 1222 1641 1278 fertur
1682 1224 2037 1292 praedicatum

453 1327 576 1368 esse
606 1311 958 1383 Evangelium
1011 1313 1154 1380 apud
1209 1327 1401 1368 omnes
1424 1312 1745 1382 Ethiopas,
1799 1313 2038 1367 maxime

453 1404 598 1472 apud
647 1418 744 1459 eos
793 1406 888 1474 qui
949 1412 1079 1460 sunt
1123 1403 1264 1458 ultra
1315 1402 1552 1469 flumen;
1601 1405 1696 1461 sed
1750 1419 1851 1460 nec
1893 1404 2037 1474 apud

455 1495 642 1562 Seras,
675 1511 776 1551 nec
804 1496 946 1566 apud
981 1495 1256 1552 Orientezn
1293 1495 1585 1550 audierunt
1609 1496 2038 1552 Christianitatis

455 1600 786 1640 sermonem.
821 1586 960 1652 Quid
999 1595 1181 1641 autem
1221 1585 1472 1641 dicamus
1512 1587 1579 1640 de
1606 1585 1908 1653 Britannis,
1940 1595 2040 1641 aut

454 1675 765 1738 Germanis,
802 1678 896 1746 qui
938 1687 1068 1733 sunt
1113 1678 1257 1733 circa
1286 1676 1584 1740 Oceanum,
1617 1677 1700 1732 vel
1726 1678 1868 1747 apud
1898 1677 2036 1731 Bar-

454 1766 637 1831 baros,
672 1766 885 1834 Dacos,
931 1778 984 1823 et
1018 1765 1300 1824 Sarmatas
1325 1811 1340 1833 ,
1393 1777 1449 1822 rt
1496 1767 1749 1836 Scythas,
1797 1783 2034 1837 quorum

2143 595 2203 640 ut
2233 585 2422 639 odiant
2455 600 2513 640 se
2545 584 2798 640 invicem.
2845 582 2911 637 Et
2952 599 3078 637 cum
3111 585 3428 654 huiusmodi
3466 589 3728 657 quaestio-

2142 692 2238 730 nes
2291 677 2344 729 in
2385 677 2566 745 plures
2617 674 2896 738 venerint,
2933 676 3090 729 multi
3145 677 3367 746 quidem
3412 690 3580 732 erunt
3617 696 3727 734 non

2140 783 2272 822 sane
2319 769 2594 822 tradentes
2633 768 2701 822 de
2741 766 2942 822 futuris
2994 783 3337 833 sermonem,
3364 779 3418 824 et
3453 773 3733 841 quomodo

2141 875 2248 913 non
2281 869 2492 929 oportet
2523 859 2938 929 interpretantes
2971 860 3287 928 prephetas,
3325 877 3467 932 quos
3497 865 3730 931 pseudo-

2140 952 2434 1021 prophetas
2461 951 2588 1022 quis
2624 951 2806 1006 dicere
2849 967 2958 1006 non
2991 952 3260 1022 peccabit,
3295 954 3556 1009 seducere
3589 956 3731 1010 mul-

2139 1050 2245 1098 tos.
2281 1041 2444 1097 Valde
2473 1051 2653 1097 autem
2688 1043 2848 1112 pauci
2879 1051 3042 1098 erunt
3074 1043 3357 1099 veritatem
3391 1045 3726 1116 investigan-

2141 1142 2240 1187 tes.
2310 1132 2482 1188 Falsa
2534 1144 2714 1188 autem
2761 1131 3025 1188 doctrinae
3068 1148 3096 1186 a
3147 1135 3429 1204 proposito
3482 1136 3727 1192 veritatis

2141 1224 2332 1279 fortem
2370 1224 2589 1294 quidem
2640 1224 2867 1287 solvent,
2902 1215 3228 1282 eos‘autem
3267 1227 3362 1296 qui
3409 1228 3718 1297 prurientes

2139 1318 2268 1364 sunt
2311 1326 2462 1377 aure,
2509 1311 2982 1382 multiplicabunt,
3025 1314 3092 1369 ad
3134 1315 3592 1372 delectamentum
3624 1332 3721 1372 eo-

2141 1417 2258 1456 rum
2287 1402 2573 1473 loquentes
2607 1402 2945 1473 iniquitatem
2979 1403 3085 1475 legi
3129 1405 3483 1472 contrariam,
3521 1416 3574 1460 et
3603 1416 3728 1461 lano

2141 1503 2255 1548 tum
2302 1495 2577 1550 nocebunt
2613 1496 2777 1550 verba
2807 1495 3120 1552 docentium
3167 1496 3466 1552 multorum
3509 1508 3734 1552 contra--

2141 1583 2242 1644 ria,
2295 1592 2357 1636 ut
2403 1583 2565 1637 etiam
2629 1583 2922 1641 ferventem
2987 1586 3336 1644 dilectionem
3392 1604 3513 1658 qua:
3571 1591 3724 1655 prius

2141 1673 2321 1730 fuerat
2372 1675 2426 1730 in
2481 1676 2830 1746 simplicitate
2889 1678 3054 1743 fidei,
3116 1679 3474 1751 refrigescere
3525 1681 3730 1736 faciant

2142 1768 2534 1824 existimationi
2561 1771 3071 1840 comprehensionis
3095 1772 3406 1828 divinorum
3441 1775 3730 1845 mysterio-

452 1859 671 1929 plurimi
703 1859 944 1914 nondum
974 1860 1265 1916 audierunt
1292 1859 1569 1929 Evangelii
1601 1859 1849 1926 verbum,
1879 1859 2035 1913 audi-
2068 1840 2108 1895 Β
2145 1876 2265 1915 rum
2315 1868 2374 1914 et
2399 1861 2665 1916 veritatis.
2723 1860 2829 1916 Sed
2880 1863 2974 1933 qui
3024 1865 3265 1933 potuerit
3295 1840 3514 1920 videns-
3539 1867 3728 1921 omnia

452 1951 560 2005 turi
609 1960 740 2007 sunt
783 1961 966 2006 autem
1017 1952 1071 2006 in
1117 1953 1240 2022 ipsa
1299 1953 1479 2008 sreculi
1535 1953 2032 2009 consummatione.

451 2044 648 2114 Aspice
685 2044 829 2099 enim
867 2045 1017 2115 quod
1054 2047 1166 2111 ait,
1213 2055 1262 2099 et
1300 2047 1688 2116 prwdicabitur
1730 2047 1833 2100 hoc
1858 2046 2036 2102 Evan-

451 2137 646 2207 gelium
684 2138 828 2207 regni
871 2139 926 2190 in
965 2146 1074 2191 toto
1113 2138 1235 2192 orbe
1280 2139 1334 2192 in
1383 2140 1747 2194 testimonium
1789 2139 2032 2193 omnibus

453 2228 714 2296 gentibus,
758 2239 807 2282 et
845 2237 968 2282 tunc
1013 2231 1113 2282 erit
1153 2230 1298 2299 ﬁnis.
1345 2229 1402 2285 Si
1437 2240 1616 2286 autem
1651 2231 1766 2286 vult
1791 2230 1916 2301 quis
1950 2239 2032 2286 te-

454 2335 601 2374 mere
629 2320 810 2375 dicere
844 2321 1198 2391 praedicatore
1233 2337 1354 2378 esse
1381 2322 1496 2392 jam
1532 2321 1887 2394 Evangelium
1944 2338 2034 2377 re-

453 2413 543 2481 gni
573 2412 627 2466 in
664 2421 781 2467 toto
807 2414 940 2468 orbe
971 2413 1024 2468 in
1059 2414 1429 2470 testimoni-um
1475 2416 1732 2471 omnibus
1757 2415 2031 2487 gentibus,

451 2512 856 2572 consequenter
891 2503 1072 2560 dicere
1107 2504 1305 2574 poterit
1347 2513 1402 2560 et
1434 2505 1578 2573 quod
1622 2505 1732 2572 ait,
1771 2516 1893 2559 tunc
1931 2507 2032 2560 erit

451 2593 596 2661 ﬁnis,
621 2593 734 2662 jam
767 2592 926 2648 ﬁnem
953 2595 1166 2650 venisse
1210 2610 1226 2647 :
1275 2595 1421 2665 quod
1470 2595 1652 2650 dicere
1711 2596 2033 2653 temeritatis

451 2695 531 2741 est
564 2701 794 2756 magnae,
821 2693 876 2740 et
898 2685 1140 2742 hominis
1172 2703 1278 2742 non
1312 2688 1812 2759 intelligentis-qua:
1830 2687 2034 2746 Paulus

450 2777 518 2832 ad
545 2776 1064 2832 Thessalonicenses
1095 2777 1347 2846 Epistola-
1393 2779 1634 2834 secunda
1665 2779 1710 2811 ³³
1740 2780 1912 2846 dicit,
1944 2781 2031 2836 di-

450 2885 580 2925 cens
617 2885 630 2922 :
674 2868 756 2924 Ne
797 2870 915 2940 quis
967 2887 1056 2924 eos
1101 2871 1318 2925 seducat
1364 2871 1473 2924 ullo
1507 2871 1662 2926 modo
1692 2874 1848 2942 quasi
1875 2873 2034 2927 instet

449 2965 559 3016 dies
588 2963 800 3017 Domini
827 2980 845 3019 :
869 2962 1120 3034 quoniam
1142 2964 1249 3017 nisi
1277 2964 1470 3018 venerit
1499 2965 1730 3033 primum
1755 2965 2030 3029 discessio,

453 3067 502 3109 et
537 3055 795 3110 revelatus
848 3056 1010 3126 fuerit
1053 3054 1207 3110 Iiomo
1250 3058 1475 3127 peccati,
1501 3057 1646 3126 ﬁlius
1676 3058 1949 3122 interitus,
1980 3069 2033 3113 et

447 3157 667 3212 caetera,
706 3165 814 3203 non
839 3149 939 3203 erit
974 3147 1188 3203 Domini
1217 3150 1352 3204 dies.
1387 3148 1513 3205 Haec
1551 3149 1854 3205 secundum
1894 3151 2032 3204 sim-

451 3239 642 3306 plicem
675 3239 1029 3310 exposuimus
1057 3241 1425 3296 traditionem.
1459 3240 1518 3296 Si
1553 3253 1736 3298 autem
1767 3242 2032 3297 debemus

449 3329 751 3385 secundum
787 3333 932 3401 quod
966 3333 1249 3388 moraliter
1294 3349 1460 3403 supra
1493 3333 1822 3391 tradidimus
1865 3345 1918 3390 et
1948 3335 2036 3389 hic

450 3423 753 3494 intelligere
808 3425 1072 3480 moralem
1117 3433 1429 3489 tractatum,
1483 3426 1608 3480 talia
1665 3441 2029 3496 exponemus:

456 3513 714 3582 quoniam
744 3515 836 3585 qui
869 3515 1092 3572 visurus
1125 3525 1208 3571 est
1243 3515 1543 3572 secundum
1592 3515 1754 3571 Verbi
1792 3517 1885 3572 Dei
1934 3519 2034 3571 ad-

449 3615 670 3660 ventum
701 3607 852 3660 illum
885 3608 1186 3679 gloriosum
1243 3609 1297 3661 in
1329 3609 1569 3664 animam
1603 3625 1780 3674 suam,
1814 3624 2037 3665 necesse

449 3706 618 3754 estut
643 3699 945 3754 secundum
980 3715 1296 3756 mensuram
1333 3701 1612 3771 profectus
1637 3702 1722 3758 sui
1769 3703 1835 3756 ad
1873 3701 2035 3759 Verbi

452 3789 844 3859 perfectionem
916 3790 1145 3847 insidias
1200 3806 1229 3846 a
1276 3792 1570 3848 contrariis
1622 3793 2036 3862 operationibus

454 3881 712 3949 patiatur,
747 3882 904 3952 quasi
947 3898 1180 3953 magnus
1226 3883 1452 3946 athleta,
1488 3893 1544 3938 et
1583 3884 1815 3940 traditus
1851 3884 1904 3939 in
1941 3886 2038 3939 tri-

455 3974 761 4028 hulationes
794 3974 1226 4044 derelinquatur.
1269 3974 1454 4030 Multa:
1481 3977 1628 4031 enim
1662 3975 2036 4032 tribulationes

439 4064 809 4135 jnstorum”,
860 4073 916 4119 et
963 4076 1170 4136 quanto
1219 4066 1344 4136 quis
1390 4067 1592 4136 justior
1623 4068 1857 4122 voluerit
1896 4069 2034 4136 ﬁeri,

454 4167 605 4208 tanto
661 4155 836 4226 magis
888 4157 1045 4225 quasi
1098 4167 1385 4220 angustam
1442 4167 1496 4212 et
1543 4158 1857 4214 tribulatam
1910 4176 2035 4216 cum

449 4242 648 4301 affectu
683 4246 972 4302 ambulans
997 4247 1140 4300 viam
1189 4247 1243 4300 in
1283 4248 1661 4305 tribulationes
1694 4250 1944 4316 incurrit,
1985 4263 2040 4308 et

452 4340 750 4394 tribulatns
794 4339 1062 4395 occiditur
1091 4341 1330 4399 mundo:
1377 4351 1433 4396 et
1466 4353 1676 4412 quanto
1706 4344 1772 4399 ad
1806 4345 2039 4402 manifc~

450 4431 674 4485 stiorem
704 4431 1070 4500 proficiscitur
1099 4431 1365 4487 visionem
1394 4431 1580 4502 Verbi,
1610 4444 1766 4492 tanto
1800 4439 2039 4509 amplius

2143 1955 2259 2010 haec
2314 1969 2537 2010 manere
2595 1955 2648 2009 in
2711 1955 2889 2025 primo
2947 1957 3264 2026 apostolicae
3321 1958 3633 2013 traditionis
3673 1969 3725 2012 et

2142 2047 2528 2102 ecclesiasticae
2584 2048 2922 2104 inductionis
2978 2050 3261 2120 proposito
3291 2091 3305 2115 ,
3363 2050 3480 2120 ipse
3541 2051 3724 2105 salva-

2142 2139 2288 2194 bitur
2320 2157 2338 2194 :
2371 2147 2429 2194 et
2482 2141 2562 2195 sic
2608 2141 2964 2210 praedicatum
3023 2141 3377 2213 Evangelium
3421 2143 3474 2198 in
3512 2143 3729 2198 animas

2142 2226 2412 2292 omnium,
2452 2227 2556 2282 erit
2589 2227 2642 2282 in
2675 2229 3045 2286 testimonium
3074 2231 3329 2286 omnibus
3357 2231 3631 2301 gentibus,
3669 2233 3720 2286 id

2141 2328 2224 2373 est
2277 2319 2536 2375 omnibus
2595 2321 3020 2392 cogitationibus
3097 2322 3395 2379 incredulis
3474 2327 3730 2380 omnium:

2143 2411 2477 2467 animarum.

2225 2505 2316 2560 40.
2363 2505 2499 2560 Cum
2557 2507 2793 2561 videritis
2841 2506 3294 2561 abominationem
3345 2506 3726 2572 desolationis,

2142 2597 2281 2666 quod
2310 2598 2570 2668 scriptum
2595 2607 2672 2652 est
2695 2615 2786 2668 per
2813 2598 3086 2653 Danielem
3130 2599 3460 2668 prophetam,
3498 2609 3724 2660 stantem

2142 2687 2197 2739 in
2227 2685 2341 2740 loco
2376 2698 2580 2750 sancto,
2616 2689 2705 2757 qui
2745 2687 2873 2758 legit
2923 2687 3211 2756 intelligat.
3249 2689 3425 2743 Verba
3453 2690 3729 2759 prophetae

2142 2793 2264 2847 quae
2307 2778 2520 2834 locutus
2559 2787 2644 2833 est
2682 2779 2750 2834 de
2793 2779 3204 2834 abominatione
3246 2779 3602 2834 desolationis
3649 2780 3730 2836 fu-

2142 2879 2299 2931 tura.
2331 2877 2462 2926 sunt
2494 2871 2608 2926 haec
2637 2890 2650 2924 :
2687 2870 2754 2926 Et
2781 2872 3116 2940 conﬁrmabit
3142 2880 3513 2926 testamentum
3542 2871 3719 2925 multis

2141 2962 2437 3030 septimana
2482 2979 2621 3028 una,
2667 2971 2718 3016 et
2763 2963 2818 3016 in
2867 2962 3094 3016 dimidio
3156 2963 3464 3033 septimana'
3513 2962 3728 3016 tolletur

2141 3057 2494 3125 sacriﬁcium,
2535 3066 2584 3110 et
2630 3056 2840 3121 libatio,
2871 3067 2922 3110 et
2965 3073 3123 3127 super
3158 3056 3407 3126 templum
3445 3055 3726 3110 abominap

2143 3151 2216 3202 tio
2253 3147 2597 3202 desolationis
2642 3149 2766 3215 erit,
2807 3158 2857 3203 et
2899 3165 3063 3220 usque
3105 3149 3176 3203 ad
3222 3149 3726 3203 consummationem

2141 3243 2391 3311 temporis
2423 3244 2808 3296 consummatio
2832 3241 3051 3296 dabitur
3073 3259 3230 3312 super
3255 3241 3636 3296 desolationem
3658 3241 3723 3292 τ’.

2141 3332 2279 3388 Vere
2343 3333 2566 3402 quidem
2632 3334 3092 3403 comprehendere
3159 3349 3442 3389 sermones
3486 3330 3722 3386 Danielis

2138 3426 2342 3480 nullius
2375 3425 2601 3480 alterius
2640 3435 2746 3490 est,
2777 3425 2881 3479 nisi
2914 3425 3154 3496 Spiritus
3195 3424 3370 3480 sancti
3402 3424 3496 3494 qui
3533 3423 3635 3478 fuit
3665 3423 3720 3478 in

2139 3516 2384 3584 Danicle,
2426 3525 2486 3570 ut
2553 3517 2620 3571 de
2696 3516 3020 3586 septimanis
3089 3516 3348 3571 omnibus
3412 3515 3727 3570 manifestat

2138 3624 2447 3664 sermonem
2513 3617 2569 3662 et
2609 3606 2676 3662 de
2722 3607 3132 3661 abominationc
3180 3607 3538 3661 desolatiouis
3582 3606 3725 3661 dicta

2139 3703 2208 3757 ab
2237 3717 2324 3758 eo.
2372 3701 2428 3756 Si
2476 3711 2656 3756 autem
2701 3708 2917 3770 oportet
2968 3709 3019 3754 et
3067 3715 3168 3754 nos
3201 3715 3373 3770 pauca
3419 3699 3720 3754 secundum

2137 3795 2282 3865 quod
2315 3795 2475 3850 nobis
2504 3794 2739 3862 videtur,
2775 3808 3052 3862 exponere
3095 3794 3162 3848 de
3203 3794 3308 3848 hoc
3355 3793 3502 3858 loco,
3537 3793 3721 3848 dicen-

2138 3887 2268 3941 dum
2309 3894 2394 3940 est
2433 3885 2695 3956 quoniam
2746 3885 3090 3955 septuaginta
3145 3899 3322 3940 annos
3367 3883 3459 3954 qui
3503 3884 3724 3939 fuerunt

2139 3987 2264 4049 post
2309 3979 2600 4033 adventum
2641 3976 2943 4032 Salvatoris
2987 3977 3182 4042 nostri,
3225 3976 3604 4032 demonstrare
3645 3978 3727 4030 vi-

2139 4069 2297 4124 detur
2346 4083 2548 4144 sermo.
2617 4067 2743 4124 Haec
2772 4069 2922 4122 enirn
2980 4068 3282 4136 septimana
3333 4081 3455 4136 qua:
3505 4077 3726 4137 propter

2140 4168 2349 4232 septem
2395 4161 2631 4216 decedas
2677 4174 2947 4214 annorum
2983 4160 3184 4213 dicitur
3228 4159 3554 4228 septimana,
3595 4174 3726 4215 con-

2141 4254 2322 4307 tirmat
2383 4261 2770 4308 testamentum
2846 4251 3059 4314 multis,
3123 4253 3344 4320 quando
3393 4257 3448 4306 et
3493 4251 3725 4321 apostoli

2140 4343 2344 4399 Christi
2381 4353 2506 4414 post
2547 4343 2921 4399 ascensionem
2965 4341 3140 4412 ipsius
3184 4341 3418 4397 orationi
3459 4351 3514 4397 et
3559 4343 3725 4398 verbo

2143 4437 2416 4493 instantes
2464 4453 2494 4492 a
2533 4436 2644 4492 Deo
2689 4436 3142 4491 illuminabautur
3189 4437 3244 4490 in
3281 4450 3500 4490 onmem
3547 4435 3726 4490 scien«

453 4523 764 4578 Irihulatur.
821 4521 1089 4588 Quoniam
1140 4524 1430 4594 perfectior
1481 4528 1757 4584 invenitur
1784 4529 2037 4587 Christus
2070 4549 2115 4604 ι)
2146 4529 2274 4584 tiam
2307 4529 2604 4584 voluntatis
2637 4528 2948 4582 divinarum
2983 4526 3392 4598 Scripturarum
3454 4537 3509 4582 et
3546 4544 3576 4582 a
3607 4527 3732 4596 Spic

450 4615 506 4666 in
553 4628 640 4677 eo,
699 4613 768 4668 ab
819 4615 1076 4670 omnibus
1120 4615 1431 4671 odientihus
1457 4617 1740 4674 Christum
1794 4622 2031 4690 odietnr,

451 4721 560 4760 non
591 4713 801 4760 tantum
834 4720 864 4760 a
894 4707 1148 4777 gentibus
1172 4708 1754 4765 omnibus-secundum
1787 4727 2030 4780 carnem,

449 4808 715 4867 quantum
769 4814 800 4853 a
830 4800 1084 4869 gentibus
1113 4800 1437 4869 spiritalium
1470 4803 1857 4873 nequitiarnm.
1915 4805 2031 4876 Ipsa

451 4891 597 4946 enim
640 4893 958 4963 implantata
997 4892 1368 4948 manifestatio
1399 4895 1794 4964 proprietatum
1826 4898 2032 4954 Christi

452 4984 505 5036 in
548 4998 636 5046 eo,
692 4993 915 5054 propter
961 5001 1101 5056 quas
1153 4997 1204 5042 et
1231 4988 1432 5044 dicitur
1477 4989 1860 5056 Christianus,
1906 4993 2039 5047 facit

450 5091 578 5131 cum
619 5077 694 5132 ab
714 5079 971 5134 omnibus
1010 5079 1336 5137 habentibus
1367 5084 1622 5152 spiritum
1652 5086 1838 5139 mundi
1871 5086 2038 5150 odiri,

451 5169 519 5223 ad
551 5169 939 5240 perfectionem
995 5172 1173 5226 adhuc
1203 5172 1410 5229 Christi
1446 5176 1680 5245 amplius
1713 5185 1768 5230 et
1800 5177 2036 5246 amplius

452 5263 898 5320 contendentem.
959 5265 1064 5322 Sed
1120 5277 1173 5323 et
1225 5269 1279 5322 in
1333 5269 1777 5325 dissensionibus
1810 5279 1863 5322 et
1889 5286 2039 5339 quaa—

453 5357 725 5412 Stionibus
751 5359 908 5427 pauci
937 5369 1100 5415 erunt
1155 5361 1347 5415 intenti
1379 5361 1664 5415 veritatem
1698 5361 1910 5430 plenius
1957 5372 2040 5416 at-

454 5449 741 5519 tingentes.
771 5449 961 5504 Plures
993 5461 1177 5506 autem
1207 5452 1728 5507 scandalizabuntur
1761 5462 1814 5506 et
1845 5454 2041 5508 cadent

455 5541 522 5591 ab
547 5557 630 5603 ea,
658 5543 962 5610 proditores
982 5554 1035 5596 et
1057 5551 1406 5596 accusatores
1425 5541 1597 5596 elfecti
1637 5543 1688 5595 in
1711 5541 2034 5596 alterutrum

457 5642 672 5698 propter
713 5632 1111 5686 dissensionem
1161 5633 1483 5702 dogmatnm
1531 5633 1808 5697 veritatis,
1871 5651 2032 5702 quam

562 5811 669 5863 "ll
695 5813 887 5868 Thess.
919 5829 1000 5879 ut,
1041 5814 1096 5880 2,
1135 5817 1188 5871 5.
1261 5818 1307 5850 ⁸ο
1333 5816 1477 5871 Psal.
1509 5833 1610 5882 vn,
1631 5817 1721 5871 9.0.
1800 5818 1840 5849 ⁹¹
1879 5818 2061 5876 Matth.
2105 5832 2255 5880 μιν,
2289 5815 2374 5869 15.

2143 4617 2250 4671 ritu
2280 4627 2491 4672 sancto.
2530 4617 2587 4670 In
2618 4617 2844 4672 dimidio
2875 4626 3058 4672 autem
3097 4618 3432 4687 septimana},
3459 4619 3511 4673 id
3548 4627 3635 4672 est
3669 4619 3723 4672 in

2144 4707 2318 4764 tribus
2361 4716 2416 4764 et
2453 4709 2621 4766 semis
2676 4709 2900 4764 decadis
2945 4724 3218 4764 annorum
3247 4751 3263 4776 ,
3312 4711 3589 4767 sublatum
3643 4717 3732 4762 est

2143 4798 2471 4853 sacrificium
2522 4798 2738 4864 altaris,
2763 4799 2815 4854 id
2851 4807 2933 4854 est
2975 4798 3031 4851 in
3062 4800 3284 4872 triginta
3324 4801 3566 4870 quinque
3629 4813 3730 4850 an-

2145 4891 2232 4945 nis
2266 4890 2548 4960 impletum
2593 4901 2676 4946 est
2703 4892 2850 4962 quod
2896 4891 3076 4947 fuerat
3111 4893 3416 4961 scriptum:
3453 4889 3521 4943 1n
3560 4887 3726 4940 dimi-

2145 4977 2236 5032 dio
2269 4982 2579 5049 septimana:
2630 4981 2847 5035 tolletur
2867 4983 3193 5052 sacri/icium
3219 4981 3386 5051 859
3421 4990 3470 5034 et
3510 4978 3724 5034 libatio.

2219 5069 2375 5126 ’l‘unc
2404 5080 2584 5126 autem
2621 5087 2786 5141 super
2815 5073 3075 5141 templum
3119 5073 3264 5140 quod
3298 5070 3400 5122 fuit
3425 5068 3477 5122 in
3504 5066 3724 5122 .leroso-

2148 5163 2329 5234 lymis,
2382 5162 2526 5220 facta
2578 5173 2661 5220 est
2691 5166 3026 5220 abominatio
3072 5162 3421 5219 desolationis
3460 5163 3642 5232 templi
3674 5172 3732 5218 et-

2147 5255 2404 5321 civilatis,
2441 5256 2497 5310 in
2539 5272 2606 5312 eo
2657 5257 2911 5312 videlicet
2958 5266 3200 5324 tempore
3230 5256 3449 5324 quando
3478 5256 3731 5309 viderunt

2147 5351 2544 5406 circumdatam
2594 5351 2900 5408 Jerusalem
2931 5353 3000 5405 ab
3025 5350 3291 5414 exercitu,
3341 5359 3400 5404 ut
3431 5350 3728 5405 scentulum

2149 5447 2293 5516 quod
2349 5449 2770 5518 prephetaverat
2819 5445 3071 5501 Salvator
3119 5444 3186 5499 de
3233 5459 3337 5507 ea,
3395 5451 3730 5513 cegnoscant

2149 5541 2294 5610 quod
2326 5542 2668 5611 appropiavit
2693 5539 2960 5596 desolatio
2990 5539 3127 5606 ejus.
3173 5537 3238 5592 Et
3273 5538 3411 5592 hanc
3434 5537 3731 5594 desolatio-

2148 5630 2237 5685 nis
2261 5631 2727 5686 abomiimtiouem
2761 5628 2968 5681 factam.
2987 5641 3151 5697 super
3181 5627 3441 5696 templum
3469 5624 3536 5680 ab
3567 5638 3732 5678 exeru-

2451 5812 2496 5845 ⁹¹
2521 5809 2658 5866 Dan.
2689 5827 2764 5870 tv.
2787 5807 2885 5866 ‘27.
