4112 6464
502 437 632 491 tum

1628 422 2285 483 CDMMENTAMORUM
2326 422 2604 480 SERES.’

3605 424 3741 481 £078

489 552 600 606 eitu
643 548 943 601 Jerusalem
993 538 1387 609 circumdante,
1436 538 1568 596 dicit
1608 540 1869 611 propheta
1894 553 2067 609 usque
2094 544 2139 599 A
2171 537 2239 591 Et
2282 540 2614 609 conﬁrmabit
2663 547 3026 592 testamentum
3062 538 3243 594 multis
3273 539 3564 606 septimana
3607 557 3737 607 una,

488 640 553 694 ad
583 647 797 705 tempus
828 629 1319 689 consummationis
1350 643 1591 696 manere,
1628 638 1688 683 ut
1711 643 2062 686 consumma-

489 729 565 784 tio
610 728 703 782 liat
753 723 940 780 mundi
989 734 1154 789 super
1200 720 1595 775 desolationem
1654 718 1958 775 Jerusalem
2008 730 2063 773 et

488 817 672 889 templi
694 815 847 888 quod.
872 824 950 870 est
974 814 1035 869 in
1057 828 1141 870 ea.
1176 811 1245 866 Et
1272 813 1363 867 ubi
1394 819 1524 867 sunt
1548 810 1642 881 qui
1668 825 1728 866 se
1754 810 1943 865 dicunt
1966 808 2063 864 Ju-

487 910 633 965 daeos
660 915 715 965 et
745 921 860 961 non-
883 904 1050 960 sunt‘l
1081 904 1175 975 qui
1202 903 1419 967 dicunt,
1453 901 1813 957 aediﬁcabitur
1838 899 2062 955 Jerusa-

486 1000 589 1058 lem
616 1017 738 1072 quae
764 1008 849 1056 est
872 1001 1128 1056 deorsum
1155 1040 1172 1064 ,
1224 999 1543 1069 priusquam
1578 997 1768 1052 surculi
1801 1011 2060 1051 consum-

486 1092 656 1146 matio
683 1091 812 1147 ﬂat?
849 1089 1272 1155 Consummatio,
1305 1089 1504 1158 inquit,
1530 1086 1750 1139 dabitur
1777 1102 1935 1155 super
1961 1087 2057 1140 de-

482 1184 798 1240 solationem
846 1184 985 1253 ejus.
1039 1180 1097 1236 Si
1141 1189 1321 1236 autem
1368 1179 1728 1234 aedilleahitur
1774 1179 2056 1247 templum,

481 1276 843 1331 tediiieabitur
886 1275 936 1329 ei
978 1274 1067 1345 qui
1116 1273 1428 1328 adversatur
1468 1281 1519 1326 et
1570 1271 1849 1327 extollitur
1894 1287 2055 1340 supra

480 1383 632 1420 omne
677 1367 817 1437 quod
863 1366 1066 1419 dicitur
1108 1362 1272 1425 Deus.
1321 1372 1415 1417 aut
1444 1362 1658 1427 colitur,
1706 1369 1764 1415 ut
1795 1361 1970 1415 sedeat
2001 1361 2055 1416 iu

481 1455 672 1525 templo
716 1454 1027 1525 hujusmodi
1052 1494 1070 1518 ,
1098 1454 1371 1508 ostendens
1407 1469 1461 1508 se
1494 1452 1649 1524 quasi
1696 1452 1766 1505 sit
1796 1449 1936 1503 Deus
1962 1450 2008 1482 ”
2040 1468 2052 1506 :

478 1563 630 1617 quem
664 1546 918 1601 Dominus
960 1544 1117 1600 Iesus
1164 1545 1445 1614 interﬁciet
1494 1544 1686 1612 spiritu
1711 1543 1819 1596 oris
1847 1542 1963 1607 sui,
2004 1549 2054 1595 et

479 1640 710 1694 destruet
738 1636 1131 1691 illuminatione
1160 1635 1409 1689 adventus
1432 1634 1517 1687 sui
1540 1633 1605 1687 “.
1633 1633 1758 1689 Sive
1784 1648 1914 1703 ergo
1939 1632 2053 1702 pla~

480 1740 598 1785 ceat
661 1727 987 1799 quibusdam
1039 1725 1293 1781 aediﬁcari
1350 1725 1493 1779 hanc
1539 1722 1841 1780 Jerusalem
1890 1737 2054 1792 super

478 1827 704 1886 terram,
759 1826 940 1873 tamen
988 1830 1096 1870 non
1148 1816 1254 1870 erit
1300 1812 1495 1869 l‘alsum
1544 1815 1689 1883 quod
1735 1815 1933 1869 dicitur
1959 1814 2048 1867 ":

480 1908 882 1965 Consummatio
925 1915 1001 1961 est
1048 1904 1229 1960 danda
1275 1921 1431 1975 super
1454 1906 1829 1960 desolationem
1861 1904 2047 1974 ipsius.

479 2000 536 2054 Si
566 2006 748 2054 autem
790 2004 1004 2067 oportet
1046 2003 1101 2050 et
1125 1997 1193 2052 de
1221 1996 1554 2067 temporibus
1602 1995 1806 2065 aliquid
1844 1996 2046 2062 dicere,

477 2090 711 2146 dicimus
743 2088 1005 2159 quoniam
1039 2087 1094 2143 in
1124 2087 1401 2144 Chronicis
1424 2086 1737 2159 Phlegontis
1765 2086 2049 2157 cujusdam

475 2183 674 2239 dicitur
709 2180 777 2252 (si
808 2189 988 2235 tamen
1031 2180 1293 2235 debemus
1340 2188 1395 2235 et
1439 2180 1583 2234 hunc
1609 2177 1764 2248 quasi
1800 2193 1927 2232 vera
1964 2177 2049 2232 di-

475 2282 687 2327 centem
731 2270 798 2326 de
843 2269 1047 2340 templo
1087 2268 1408 2339 suscipere),
1442 2268 1700 2335 quoniam
1735 2268 1879 2322 circa
1911 2282 2050 2338 qua-

475 2363 846 2435 dragesimum
899 2377 1103 2417 annum
1140 2378 1169 2417 a
1206 2363 1400 2432 quinto
1429 2361 1643 2417 decimo
1670 2375 1815 2414 anno
1846 2357 2048 2413 Tiberii

472 2454 706 2510 Caesaris
739 2452 883 2509 facta
931 2460 1015 2509 est
1063 2452 1361 2508 destructio
1413 2450 1718 2506 Jerusalem
1764 2459 1819 2505 et
1864 2449 2046 2519 templi

471 2545 618 2613 quod
659 2543 760 2598 luit
796 2543 851 2598 in
885 2557 970 2598 ea.
1021 2541 1202 2598 Deduc
1231 2557 1361 2612 ergo
1390 2541 1789 2612 praedicationis
1831 2540 2048 2596 Domini

472 2636 585 2691 lere
628 2649 802 2691 annos
850 2644 981 2702 tres,
1030 2642 1083 2689 et
1124 2643 1340 2704 tempus
1390 2633 1806 2689 resurrectionis
1856 2631 2047 2701 ipsius,

472 2726 695 2796 quando
740 2741 837 2797 per
884 2727 999 2781 dies
1048 2726 1406 2796 quadraginta
1449 2740 1718 2795 apparens
1747 2724 1852 2780 illis
1886 2725 2037 2780 doce-

473 2817 566 2873 bat
591 2832 687 2873 eos
713 2817 781 2873 de
804 2832 972 2889 regno
1002 2815 1129 2882 Dei,
1163 2827 1217 2871 et
1251 2817 1495 2873 invenies
1533 2816 1758 2871 forsitan
1788 2816 1911 2886 plus
1944 2817 2046 2870 tui-

472 2924 577 2965 nus
607 2927 620 2965 :
653 2909 910 2980 quoniam
944 2908 1090 2964 circa
1123 2908 1409 2962 dimidium
1436 2909 1785 2979 septimanae,
1819 2924 2046 2978 compu-

472 3006 596 3054 tans
646 3015 740 3069 per
781 3000 1016 3056 decadas
1041 3015 1334 3065 annorum,
1382 3009 1467 3055 est
1512 3000 1847 3070 completum
1897 2998 2044 3069 quod

469 3090 672 3146 dictum
696 3098 780 3147 est
806 3090 854 3122 “
886 3109 901 3146 :
938 3089 1173 3147 Tolletur
1205 3093 1531 3162 sacriﬁcium
1568 3108 1739 3145 meum
1763 3101 1811 3145 et
1834 3090 2041 3158 libatio,

2162 646 2216 690 et
2244 646 2458 691 caetera.
2512 637 2765 691 Arbitror
2794 643 2976 690 autem
3009 637 3351 707 septuaginta
3405 638 3741 706 septimanos

2160 728 2411 784 concisas
2463 743 2627 797 super
2680 728 2939 798 populum
2987 737 3042 782 et
3086 743 3250 797 super
3287 728 3565 783 civitatem
3610 745 3743 782 san-

2160 826 2305 873 ctam
2327 859 2344 884 ,
2380 828 2441 874 ut
2464 827 2877 873 consummetnr
2921 827 3202 887 peceatum
3226 858 3241 883 ,
3288 828 3524 886 quatuor
3566 820 3731 873 millia

2160 919 2465 982 nongentos
2509 924 2630 965 esse
2678 925 2851 964 annos
2895 911 2963 964 ab
3002 909 3174 964 Adam
3220 925 3391 979 usque
3415 910 3481 964 ad
3514 919 3732 979 septua-

2159 1002 2310 1071 ginta
2336 1016 2508 1057 annos
2538 1000 2631 1071 qui
2660 1000 2882 1055 luerunt
2928 1009 3050 1070 post
3077 1001 3539 1070 dispensationem
3572 1000 3732 1054 Chri—

2159 1091 2252 1148 sti.
2317 1091 2768 1145 Consummatum
2836 1098 2922 1144 est
2986 1091 3131 1144 enim
3180 1102 3461 1160 peccatum
3524 1091 3730 1158 populi.

2159 1187 2379 1248 propter
2424 1178 2568 1249 quod
2603 1187 2658 1233 et
2687 1192 2717 1232 a
2747 1176 2856 1232 Deo
2889 1186 2974 1232 est
3016 1178 3328 1233 derelictus.
3394 1177 3463 1233 Et
3509 1178 3732 1233 illorum

2156 1269 2375 1337 quidem
2402 1277 2683 1339 peccatum
2721 1268 2991 1340 signatum
3016 1277 3135 1332 est,
3181 1270 3517 1325 credentium
3546 1278 3730 1324 autem

2157 1356 2422 1428 injustitia
2478 1367 2564 1413 est
2590 1357 2785 1422 deleta,
2816 1366 2870 1412 et
2900 1368 3024 1427 post
3053 1357 3379 1411 delationem
3413 1356 3534 1426 ejus
3559 1356 3731 1410 addu-

2156 1458 2245 1505 cta
2272 1458 2358 1506 est
2386 1451 2441 1506 in
2469 1450 2693 1507 Christo
2716 1453 2819 1508 vita
2855 1460 3077 1508 :eterua.
3144 1448 3249 1504 Sed
3277 1449 3534 1520 quoniam
3567 1448 3648 1503 lex
3677 1460 3732 1502 ct.

2157 1541 2433 1611 propheta:
2451 1558 2625 1613 usque
2643 1544 2709 1597 ad
2735 1542 3024 1607 Joannem,
3049 1542 3142 1613 qui
3168 1540 3404 1596 ostendit
3429 1539 3730 1607 Christum,

2155 1642 2439 1703 propterea
2468 1643 2600 1704 puto
2627 1636 2832 1690 dictum
2867 1635 3073 1705 signari
3111 1634 3377 1689 visionem
3404 1642 3458 1689 et
3490 1633 3725 1703 pmphe-

2156 1725 2308 1778 tiam.
2361 1722 2496 1779 Nam
2527 1726 2788 1796 quoniam
2821 1740 3169 1795 nequaquam
3201 1733 3329 1779 sunt
3365 1725 3418 1779 in
3449 1725 3728 1794 prophetis

2155 1816 2395 1872 visiones
2442 1827 2564 1887 post
2612 1816 2917 1883 Joannem,
2970 1816 3091 1871 ideo
3143 1815 3355 1886 signata
3388 1825 3472 1870 est
3508 1816 3647 1870 visio
3675 1826 3730 1870 et

2153 1906 2453 1976 prophetia.
2491 1905 2714 1979 Signata
2746 1917 2927 1963 autem
2956 1907 3166 1963 visione
3189 1916 3240 1962 et
3268 1907 3552 1977 prophetia
3573 1948 3589 1973 ,
3620 1923 3726 1960 un-

2152 2008 2273 2055 ctus
2319 2010 2403 2053 est
2451 2001 2763 2070 unigenitus
2796 2000 3033 2055 Sanctus
3085 2008 3402 2057 sanctorum
3446 1996 3724 2055 Christus.

2151 2090 2322 2156 Quem
2366 2089 2647 2145 Christum
2678 2099 2904 2147 unctum
2943 2100 3319 2162 cognoverunt
3365 2090 3640 2160 propheta:
3674 2101 3732 2145 et

2152 2180 2359 2246 Daniel,
2378 2189 2428 2236 et
2457 2182 2841 2237 intellexerunt
2871 2183 3055 2254 aliquo
3085 2182 3250 2237 modo
3281 2182 3350 2236 ab
3377 2181 3524 2237 exitu
3554 2181 3725 2247 verbi,

2149 2273 2369 2342 quando
2418 2272 2571 2327 verbo
2609 2273 2823 2327 Domini
2869 2273 2989 2329 caeli
3026 2274 3230 2344 ﬁrmati
3284 2281 3407 2328 sunt
3428 2274 3497 2326 ³³.
3559 2270 3624 2327 Et
3658 2272 3739 2327 ab.

2149 2363 2298 2418 exitu
2336 2363 2519 2430 verbi,
2575 2365 2904 2434 respondere
2954 2365 3009 2420 in
3061 2364 3297 2432 sanctis,
3347 2363 3442 2437 qui
3475 2363 3545 2419 ab
3574 2363 3733 2418 initio

2150 2452 2372 2508 fuerunt
2409 2462 2463 2508 et
2505 2455 2782 2524 prophetis
2811 2452 3050 2517 Domini,
3082 2454 3176 2509 sed
3202 2464 3256 2510 et
3285 2453 3540 2509 aediﬁcari
3569 2450 3729 2508 Jeru-

2150 2547 2318 2600 salem
2345 2585 2360 2610 ,
2417 2560 2591 2614 usque
2620 2544 2686 2598 ad
2719 2544 2999 2600 Christum
3043 2545 3238 2600 ducem
3276 2545 3611 2599 transierunt
3640 2560 3731 2599 se-

2148 2637 2404 2707 ptimanae
2430 2637 2710 2707 sexaginta
2743 2637 2866 2691 duae
2889 2677 2903 2700 ,
2954 2637 3060 2693 hoc
3106 2645 3190 2693 est
3230 2636 3468 2707 primum
3504 2635 3727 2705 quidem

2147 2729 2273 2782 anni
2299 2727 2678 2798 quadringenti
2716 2728 3172 2799 nonaginta,qute
3203 2726 3339 2782 liunt
3368 2741 3463 2797 per
3489 2727 3724 2781 decedas

2146 2827 2471 2889 computata:
2497 2820 2816 2888 septimanae
2838 2829 3066 2889 septem.
3102 2819 3234 2875 Post
3252 2819 3358 2875 hoc
3381 2829 3561 2874 autem
3594 2819 3728 2872 anni

2145 2919 2382 2980 quatuor
2416 2909 2588 2963 millia
2624 2909 2853 2965 trecenti
2904 2910 3303 2980 quadraginta,
3350 2908 3445 2980 qui
3478 2908 3615 2963 ﬁunt
3649 2909 3715 2963 si-

2147 3001 2348 3056 militer
2403 3016 2498 3070 per
2544 3001 2779 3057 decadas
2827 3010 3158 3072 computata:
3204 3000 3522 3070 septimana:
3566 3014 3726 3055 sexa-

2145 3093 2291 3163 ginta
2320 3092 2461 3147 duae.
2497 3091 2630 3147 Post
2659 3107 2800 3163 quos
2825 3107 3092 3156 reversus,
3111 3100 3194 3148 est
3215 3091 3491 3155 Christus,
3514 3099 3568 3145 et
3595 3091 3725 3144 redi-

469 3182 711 3251 quando,
743 3190 798 3238 et
820 3197 986 3253 super
1030 3182 1289 3253 templum
1324 3183 1660 3239 abominatio
1689 3182 2042 3238 desolationis
2069 3209 2111 3265 ε
2148 3183 2326 3238 licavit
2358 3184 2589 3253 plateam
2620 3184 2674 3238 in
2700 3199 2806 3254 qua
2842 3183 3107 3253 sapientia
3146 3182 3468 3239 ﬁducialiter
3500 3181 3630 3253 agit,
3668 3189 3723 3235 et

465 3284 551 3329 est
577 3272 742 3342 facta,
793 3289 913 3346 qua:
938 3274 1204 3330 desolatio
1232 3290 1408 3345 usque
1437 3273 1505 3330 ad
1538 3282 1750 3345 tempus
1780 3290 2040 3331 consum—

468 3367 725 3423 mationis
767 3368 1022 3424 manebit.
1091 3368 1491 3423 Consummatio
1521 3367 1702 3433 enim,
1743 3368 2039 3424 secundum

465 3458 611 3527 quod
640 3456 900 3525 diximus,
922 3458 1143 3513 dabitur
1162 3475 1318 3530 super
1336 3458 1737 3513 desolationem.
1775 3456 1832 3513 Si
1859 3469 2041 3515 autem

464 3558 680 3607 constat
721 3550 881 3607 nobis
910 3551 1037 3607 talis
1066 3551 1287 3608 traditio
1313 3551 1627 3622 septimanae
1646 3591 1663 3617 ,
1713 3551 2038 3618 dicentibus,

462 3650 730 3708 quantum
765 3638 832 3694 ad
861 3637 1092 3706 dictum,
1138 3640 1421 3711 impletum
1469 3653 1595 3695 esse
1640 3639 1786 3710 quod
1833 3639 2038 3695 dictum

460 3737 583 3796 est,
615 3743 726 3783 non
770 3727 947 3783 solum
977 3748 992 3784 :
1030 3730 1267 3784 Tolletur
1291 3730 1615 3799 sacriﬁcium
1647 3745 1818 3782 meum
1838 3770 1854 3796 ,
1881 3740 1933 3783 et
1971 3730 2040 3783 li-

465 3817 645 3883 batio,
695 3819 788 3874 sed
820 3820 983 3874 etiam
1015 3819 1147 3874 illud
1175 3822 1320 3891 quod
1354 3822 1617 3889 scriptum
1651 3829 1770 3887 est,
1818 3831 1879 3876 ut
1909 3822 2041 3876 abo-

464 3908 692 3963 minatio
710 3907 1110 3964 desolationum
1130 3925 1295 3981 super
1312 3912 1573 3982 templum
1595 3913 1897 3981 contingat,
1921 3912 2040 3968 sine

464 3997 633 4054 dubio
666 3995 952 4055 manifeste
993 4000 1302 4055 ostenditur
1348 4000 1612 4055 adventus
1638 3998 1843 4054 Christi
1875 4000 2037 4057 etiam

464 4105 530 4145 es
577 4090 756 4145 verbis
797 4090 1034 4146 Danielis
1078 4091 1354 4162 propheta:
1395 4091 1631 4147 dicentis
1661 4090 1708 4122 ⁸⁷
1742 4107 1755 4144 :
1809 4088 2038 4159 Septua—

464 4180 614 4249 ginta
637 4180 944 4249 septimana
978 4181 1200 4236 concisse
1222 4188 1344 4234 sunt
1385 4195 1542 4250 super
1572 4178 1823 4249 populum
1866 4191 2036 4245 tuunt,
2064 4178 2067 4181 ’

462 4283 512 4326 et
544 4288 701 4343 super
738 4273 1006 4327 civitatem
1048 4282 1290 4327 sanctam
1336 4283 1393 4326 ut
1437 4281 1834 4326 consummetnr
1855 4287 2041 4341 pecca-

465 4373 598 4432 tum,
630 4374 681 4419 et
710 4366 948 4435 signetur
971 4374 1263 4432 peccatum,
1299 4372 1350 4417 et
1391 4361 1669 4417 deleantur
1709 4363 2036 4433 iniquitates,

460 4464 511 4510 et
536 4464 594 4510 ut
614 4455 912 4511 adducatur
942 4455 1163 4525 justitia
1193 4468 1424 4520 artemo,
1465 4463 1515 4508 et
1540 4462 1597 4507 ut
1623 4455 1859 4525 signetur
1881 4455 2033 4519 visio,

2147 3289 2364 3328 murum
2399 3275 2452 3328 in
2476 3274 2634 3344 cujus
2661 3272 2880 3345 fastigio
2912 3274 3260 3345 praedicatur.
3299 3271 3571 3328 Evacuata
3598 3284 3726 3328 sunt

2145 3377 2326 3422 autem
2360 3367 2541 3437 populi
2576 3379 2820 3443 tempora
2840 3409 2854 3429 ,
2882 3376 3167 3439 propterea
3194 3365 3338 3437 quod
3370 3380 3538 3436 super
3566 3363 3723 3420 addi-

2146 3468 2228 3515 tas
2260 3469 2462 3530 septem
2496 3459 2851 3528 septimanas,
2886 3461 3168 3529 sexaginta
3201 3458 3340 3511 duas
3368 3457 3725 3526 seplimanas,

2143 3551 2417 3606 sublatum
2447 3558 2531 3606 est
2557 3565 2585 3602 a
2612 3549 2813 3619 populo
2841 3548 3082 3603 chrisma
3116 3549 3262 3618 quod
3288 3547 3390 3602 fuit
3415 3548 3466 3601 in
3495 3547 3719 3617 templo.

2143 3650 2204 3696 ut
2247 3642 2360 3711 jam
2408 3656 2518 3694 non
2568 3641 2640 3695 sit
2677 3639 2944 3709 judicium
2980 3640 3122 3708 apud
3156 3654 3273 3693 eos.
3330 3639 3436 3694 Sed
3488 3648 3541 3693 et
3588 3639 3722 3694 civi-

2143 3740 2228 3785 lﬂS
2258 3739 2312 3785 εἰ
2342 3741 2591 3787 sanetum
2639 3736 2955 3799 corruptum
3016 3738 3099 3785 (‘Sl
3126 3744 3249 3784 cum
3296 3730 3714 3798 superveniente

2141 3830 2332 3892 postea
2358 3822 2495 3875 duce
2529 3819 2727 3889 populo
2764 3819 2863 3882 illi,
2897 3818 3012 3873 sive
3042 3817 3274 3885 Herode,
3308 3820 3424 3875 sive
3454 3818 3717 3890 Agrippa.

2143 3915 2299 3971 Hunc
2321 3913 2466 3970 enim
2494 3915 2626 3969 dicit
2653 3928 2774 3969 esse
2805 3912 3034 3968 historia
3060 3911 3396 3970 Jndteorum.
3462 3912 3566 3969 Sed
3596 3913 3719 3967 vide

2141 4025 2210 4065 ne
2239 4018 2398 4079 putes
2421 4008 2566 4077 quod
2594 4008 2673 4062 ait
2700 4007 2978 4077 corrumpi
3011 4023 3135 4063 eum
3163 4010 3303 4062 duce
3332 4005 3602 4071 veniente,
3632 4020 3718 4058 re-

2142 4098 2272 4155 ferri
2318 4098 2385 4152 ad
2431 4096 2735 4153 Christum.
2786 4094 2887 4152 Ubi
2921 4098 3065 4152 enim
3092 4096 3262 4151 voluit
3288 4095 3464 4166 ipsum
3492 4094 3716 4167 intelligi

2140 4191 2447 4257 Christum,
2478 4190 2728 4261 utrisque
2753 4189 3068 4245 nominibus
3103 4203 3235 4243 usus
3262 4196 3348 4243 est
3378 4186 3586 4252 Daniel,
3627 4187 3714 4239 di-

2139 4296 2292 4349 cens,
2342 4297 2505 4351 usque
2550 4280 2620 4334 ad
2669 4279 2942 4335 Christum
2989 4278 3192 4333 ducem.
3256 4276 3488 4344 Quando
3532 4288 3714 4331 autem

2139 4382 2282 4430 tacet
2311 4389 2507 4429 nomen
2541 4372 2762 4437 Christi,
2794 4370 3252 4441 corrumpendum
3280 4369 3580 4427 introducit
3609 4370 3713 4424 du-

2143 4479 2260 4520 cem
2283 4504 2297 4527 ,
2351 4464 2612 4535 quoniam
2641 4463 2841 4518 deiecit
2868 4462 2977 4516 dux
3010 4470 3133 4532 post
3160 4461 3435 4517 Christum
3457 4501 3472 4528 ,
3516 4470 3571 4515 ct
3602 4461 3710 4516 dux

461 4555 510 4599 st
537 4547 812 4617 prophetia
835 4562 854 4601 :
883 4555 932 4600 et
962 4557 1190 4617 ungetur
1222 4544 1450 4601 Sanctus
1476 4555 1814 4609 sanctorum,
1864 4557 1913 4600 et
1945 4562 2034 4601 co-
2064 4544 2110 4599 D
2136 4556 2204 4611 de
2258 4555 2559 4611 femoribus
2607 4554 2729 4626 ejus
2777 4554 2824 4587 θ’
2848 4593 2866 4621 ,
2922 4553 3074 4608 venit
3131 4554 3276 4608 enim
3327 4553 3415 4608 cui
3475 4555 3714 4624 reposita

461 4647 672 4708 gnoscet
694 4638 991 4710 intelligens
1022 4639 1086 4693 ab
1110 4640 1256 4693 exitu
1284 4639 1428 4694 verbi
1458 4640 1770 4709 respondere
1789 4647 1839 4693 et
1864 4638 2035 4708 aediﬁ-

459 4751 582 4792 care
604 4735 906 4791 Jerusalem
930 4723 1107 4807 usque.
1120 4735 1190 4789 ad
1217 4734 1493 4790 Christum
1515 4736 1699 4790 ducem
1725 4736 2034 4806 septimana:

457 4829 736 4899 sexaginta
763 4827 884 4882 dua:
907 4845 925 4882 :
951 4839 1000 4883 et
1028 4837 1378 4896 convertetur,
1409 4841 1458 4883 et
1486 4828 1903 4898 rewdiﬁcabitur
1924 4829 2038 4899 pla-

459 4934 543 4975 tea
567 4931 617 4976 et
648 4937 853 4987 murus,
903 4930 952 4975 et
983 4912 1378 4976 evacuabuntur
1424 4930 1659 4989 tempora
1684 4934 1702 4974 :
1731 4932 1778 4975 et
1808 4932 1926 4989 post
1952 4938 2034 4977 se-

454 5013 721 5079 ptimanos
747 5012 1024 5082 sexaginta
1052 5013 1188 5067 duas
1214 5012 1450 5066 interibit
1480 5011 1747 5075 unctio,et
1764 5011 2032 5079 judicium

452 5117 559 5155 non
582 5113 659 5157 est
687 5104 742 5156 in
769 5118 852 5157 ea.
919 5103 1199 5160 Civitatem
1237 5115 1414 5159 autem
1441 5115 1491 5158 et
1516 5113 1758 5158 sanctum
1787 5121 2029 5157 corrum-

458 5199 540 5257 pet
569 5207 687 5246 cum
727 5197 860 5251 duce
900 5197 1163 5261 veniente,
1217 5205 1267 5249 et
1305 5196 1577 5250 eacidetur
1619 5197 1673 5249 in
1708 5194 1945 5260 diluvio,
1978 5208 2027 5252 et

459 5295 619 5350 usque
650 5282 719 5334 ad
757 5286 912 5352 ﬁnem
959 5285 1081 5340 belli
1111 5285 1308 5339 concisi
1349 5285 1641 5338 interitus:
1672 5293 1723 5338 et
1745 5285 2028 5353 conﬁrma-

457 5368 529 5421 bit
560 5378 924 5437 testamentum
960 5375 1141 5429 multis
1175 5377 1472 5445 septimana
1515 5392 1621 5429 uno
1641 5415 1658 5440 ,
1688 5384 1735 5428 et
1775 5375 1829 5428 in
1859 5376 2022 5428 dimi-

453 5456 544 5510 dio
587 5457 894 5525 septimanae
941 5463 1156 5516 tolletur
1210 5462 1566 5531 sacriﬁcium,
1614 5472 1663 5516 et
1714 5462 1934 5528 libatio,
1974 5474 2023 5517 et

450 5550 629 5615 pinna:
661 5565 818 5618 usque
847 5551 920 5606 ad
945 5557 1450 5609 consummationem
1478 5554 1858 5622 festinationis.
1897 5555 2026 5611 Post

453 5639 567 5693 haec
596 5641 845 5709 sequitur
878 5658 1058 5699 sermo
1090 5662 1249 5716 quem
1285 5646 1642 5716 exposuimus
1668 5646 1748 5699 sic
1775 5646 1979 5701 habens
2008 5667 2020 5703 :

520 5753 564 5787 ”
604 5756 641 5810 ll
678 5757 850 5814 Thess
904 5776 976 5827 ll,
1012 5763 1064 5816 J.
1173 5767 1218 5797 ”
1252 5766 1380 5821 ihi'l.
1416 5765 1469 5820 8.

448 5827 495 5859 θ’
529 5827 662 5882 Ceu.
694 5844 844 5894 XLIX,
874 5831 955 5883 ιθ.

1582 5765 1627 5796 ’⁸
1663 5762 1798 5818 Dan.
1832 5780 1885 5821 Ut
1908 5805 1923 5831 ,
1955 5766 2047 5820 27.

2133 4649 2300 4721 860
2325 4657 2499 4702 erant.
2568 4645 2698 4702 Post
2721 4662 2883 4717 quem
2917 4646 3137 4701 excisus
3164 4655 3247 4700 est
3290 4644 3343 4699 in
3368 4646 3573 4701 diluvio
3613 4663 3715 4716 p0-

2135 4740 2297 4809 pulus
2325 4752 2500 4809 usque
2532 4736 2598 4792 ad
2634 4737 2795 4791 linem
2842 4736 2967 4791 belli
3009 4736 3213 4792 concisi
3249 4751 3413 4806 super
3435 4751 3550 4791 cos.
3607 4737 3713 4791 Sed

2134 4830 2221 4887 his
2251 4828 2620 4885 accidentibus
2659 4827 2767 4883 illis
2788 4867 2807 4895 ,
2846 4827 3191 4883 conﬁrmavit
3237 4825 3382 4882 Dens
3415 4837 3712 4882 testamen-

2136 4929 2250 4974 tum
2277 4919 2463 4974 multis
2498 4918 2554 4972 in
2593 4918 2896 4988 septimana
2930 4932 3037 4971 una
3068 4933 3085 4970 :
3119 4915 3170 4969 in
3196 4915 3355 4986 cujus
3393 4916 3712 4985 septimanae

2138 5011 2366 5067 dimidio
2413 5025 2632 5066 cessare
2675 5007 2807 5064 fecit
2859 5008 3141 5063 incensum
3168 5046 3185 5073 ,
3229 5017 3282 5062 et
3323 5008 3625 5075 saerilicia,
3655 5020 3710 5064 et

2137 5104 2419 5174 templum,
2455 5103 2621 5174 quod,
2651 5102 2908 5166 arbitror,
2941 5116 2971 5155 a
2999 5101 3164 5170 pinna
3189 5101 3510 5166 nominavit,
3539 5102 3708 5157 inter-

2138 5196 2339 5251 iturutn
2379 5210 2553 5265 usque
2596 5193 2662 5247 ad
2707 5192 3234 5248 consummationem
3263 5193 3317 5247 in
3344 5193 3706 5260 festinatione,

2135 5287 2354 5357 quando
2396 5294 2451 5340 et
2505 5284 2758 5342 derelicta
2826 5291 2910 5337 est
2965 5283 3316 5353 peccantibus
3372 5284 3451 5338 eis
3508 5283 3706 5338 domus

2133 5393 2343 5433 eorum.
2388 5376 2521 5442 Quae
2564 5382 2743 5432 autem
2794 5384 3098 5445 sequuntur
3146 5376 3199 5428 in
3254 5382 3402 5428 textu
3444 5373 3703 5438 Daniclis,

2131 5471 2275 5524 sicut
2306 5467 2978 5538 potuimus,exposuiuius.
3014 5465 3137 5520 llaec
3166 5476 3346 5521 autem
3374 5466 3556 5521 omnia
3589 5466 3705 5519 visa

2132 5569 2261 5616 sunt
2293 5559 2450 5614 nobis
2475 5573 2540 5612 ex
2572 5558 2790 5612 Daniele
2815 5558 2970 5627 juxta
3003 5557 3501 5627 interpretationem
3536 5575 3702 5614 cvan-

2132 5650 2288 5721 gelici
2339 5659 2517 5705 textus
2560 5664 2853 5719 opponere,
2913 5660 2971 5705 ut
3018 5646 3428 5707 mattil‘estemus
3480 5651 3706 5707 verbum

2123 5767 2169 5797 ”
2206 5765 2334 5825 ibid.
2441 5757 2890 5828 ’τῦῑυμιῃὲιϐρτ
2914 5779 3066 5838 seqq.
3175 5765 3221 5799 ⁸⁸
3248 5765 3391 5823 Psal.
3428 5784 3612 5835 XXVII,
3646 5772 3697 5823 ϐ.
