4112 6426
429 379 566 450 tussi

1607 413 1934 476 ORIGENI'S
1972 417 2041 473 IN
2079 419 2494 484 ΜΑΤΤΗᾹΞΟΜ

3552 432 3690 488 £660

424 515 574 584 quod
609 515 686 571 ait
715 516 732 549 ⁸
765 499 782 574 ξ
817 501 1217 580 εκηιύἷᾱρνίιὶε
1243 527 1690 586 abominationem
1715 535 2004 594 desolatia-
2031 541 2079 600 Α
2106 551 2336 610 possunt
2379 545 2678 600 ascendere
2709 545 2879 604 verbo
2909 547 2977 602 ad
3003 547 3201 604 altiora
3221 591 3238 616 ,
3294 547 3692 619 reexplieemus

422 605 528 671 nis,
565 609 708 678 quod
735 609 934 664 dictum
959 624 1038 668 est
1058 631 1152 686 per
1174 616 1449 674 Danielem
1490 624 1826 694 prophetam,
1859 641 2008 685 stan-

425 705 530 750 tem
569 699 626 752 in
657 699 772 754 loco
793 713 1000 772 sancto,
1027 709 1122 776 qni
1141 708 1265 780 legit
1293 711 1582 784 intelligat.

493 786 583 840 41.
626 785 778 844 Nunc
813 798 994 846 autem
1045 793 1227 864 ipsum
1273 805 1480 854 textum
1513 801 1790 876 Evangelii
1825 807 2010 864 decla-

423 893 630 934 remus.
685 879 936 938 Diximus
967 893 1114 941 stare
1150 888 1372 957 quidem
1408 891 1464 947 in
1509 893 1632 950 loco
1661 909 1854 953 sancto
1877 900 2010 956 abo-

421 971 778 1028 minationem
811 974 1190 1043 desolationis,
1226 979 1528 1056 principem
1555 1003 1679 1044 esse
1720 992 1813 1060 qui
1842 991 2008 1048 Jeru-

417 1063 590 1118 salem
621 1065 984 1124 circumdedit
1017 1073 1285 1129 exercitu.
1349 1074 1539 1147 Itaque
1581 1083 1840 1150 quoniam
1886 1101 2010 1154 pes-

419 1153 558 1210 sima
607 1159 957 1230 contigerunt
991 1162 1078 1218 his
1127 1165 1222 1236 qui
1269 1177 1402 1225 tunc
1449 1169 1668 1230 fuerant
1711 1175 1764 1231 in
1797 1153 2005 1245 Iudaea,

418 1244 544 1302 ilco
587 1247 702 1305 haec
747 1250 932 1308 futura
976 1257 1309 1328 prophetans
1359 1265 1562 1333 populo
1611 1265 1878 1324 Dominus
1919 1244 2005 1325 di?

417 1339 494 1393 cit
520 1341 540 1371 '
576 1360 589 1395 :
626 1340 772 1398 Tune
807 1345 900 1416 qui
940 1347 996 1402 in
1023 1347 1217 1406 Judtea
1249 1365 1404 1419 sunt,
1453 1357 1664 1429 fugiunt
1698 1361 1749 1414 in
1783 1372 2002 1418 montes.

418 1427 486 1483 Et
527 1432 656 1486 talia
711 1433 936 1492 fuerunt
985 1455 1110 1510 quae
1148 1427 1579 1514 contigeruntin
1613 1457 1856 1520 tempore
1889 1452 2002 1521 illo,

417 1527 480 1574 ut
523 1521 595 1576 ita
641 1523 910 1594 dicamus,
965 1539 1024 1585 ut
1067 1532 1161 1602 qui
1193 1543 1338 1590 esset
1365 1553 1529 1606 super
1558 1547 1759 1595 tectum
1785 1542 2003 1613 domus,

419 1625 530 1665 non
563 1612 785 1670 haberet
812 1627 1026 1688 tempus
1047 1621 1379 1682 descendere
1407 1637 1460 1682 et
1492 1630 1682 1686 tollere
1709 1633 1911 1704 aliquid
1937 1612 2006 1693 de

419 1702 582 1758 domo
627 1721 758 1774 sua;
792 1717 848 1764 et
879 1711 973 1780 qui
1003 1711 1055 1767 in
1085 1729 1220 1786 agro
1245 1728 1393 1784 erat,
1431 1735 1539 1776 non
1590 1735 1773 1794 posset
1806 1729 2002 1785 reverti

420 1794 474 1849 in
503 1797 774 1855 civitatem
823 1811 878 1860 et
916 1805 1106 1864 tollere
1135 1812 1520 1870 vestimentum
1552 1834 1737 1874 suum.
1792 1821 1856 1874 Et
1891 1840 1998 1879 non

2113 633 2183 688 ab
2227 632 2386 688 initio
2431 635 2710 706 proposita
2758 635 3037 710 Evangelii
3068 639 3271 705 verba,
3307 647 3362 694 et
3390 639 3688 694 secundum

2109 724 2256 793 quod
2285 739 2582 794 possumus
2614 741 2955 798 exponamus
3003 729 3195 786 eadem
3230 729 3426 785 lterum
3471 729 3693 800 spirita-

2110 813 2254 870 liter.
2311 816 2378 870 Et
2409 816 2646 886 primum
2696 819 2916 888 quidem
2969 820 3338 898 suscipiamus
3362 819 3588 876 verbum
3622 821 3692 877 de

2109 905 2522 964 abominatione
2569 909 2930 969 desolationis
2979 921 3158 970 stante
3204 914 3258 969 in
3303 914 3428 970 loco
3475 925 3688 970 sancto.

2110 995 2277 1054 Debet
2299 1001 2446 1055 enim
2479 1000 2572 1070 qui
2609 1002 2739 1073 legit
2769 1002 3002 1075 diligens
3027 1019 3171 1072 esse,
3204 1011 3258 1060 et
3282 1004 3602 1076 intelligere,
3631 1016 3690 1060 ut

2109 1104 2219 1143 non
2251 1089 2546 1148 seducatur
2569 1108 2600 1148 a
2627 1093 2987 1150 desolationis
3017 1095 3442 1151 abominatione.
3510 1095 3688 1152 Locus

2109 1181 2273 1252 igitur
2304 1193 2528 1242 sanctus
2563 1186 2920 1257 intelligibilis
2943 1195 3025 1242 est
3045 1188 3226 1245 omnis
3250 1188 3417 1244 dictio
3440 1187 3684 1258 Scriptu-

2108 1289 2183 1330 rae
2214 1277 2430 1344 divinae,
2485 1295 2648 1349 quam
2693 1281 2860 1336 locuti
2903 1291 3032 1338 sunt
3076 1281 3249 1338 sancti
3285 1281 3562 1353 prophetae
3589 1281 3681 1351 qui

2107 1364 2330 1423 fuerunt
2357 1385 2388 1424 a
2419 1373 2640 1439 stmulo,
2675 1371 2909 1444 Moyses,
2943 1384 2997 1430 et
3028 1383 3150 1445 post
3169 1389 3296 1429 cum
3327 1374 3528 1429 exteri.
3565 1372 3682 1426 Non

2107 1459 2284 1514 solum
2310 1469 2527 1528 autem,
2564 1465 2657 1520 sed
2689 1465 2852 1520 etiam
2887 1465 3053 1521 dictio
3079 1465 3534 1536 evangelistarum
3554 1507 3570 1533 ,
3601 1467 3682 1521 vel

2105 1549 2477 1618 apostolorum
2511 1551 2641 1608 Jesu
2671 1553 2896 1610 Christi.
2939 1553 2998 1609 ιιι
3041 1554 3146 1610 hoc
3179 1570 3310 1624 ergo
3339 1555 3460 1610 loco
3493 1565 3685 1611 sancto

2105 1641 2350 1696 omnium
2371 1643 2780 1714 Scripturarum
2805 1657 2914 1701 tam
2935 1645 3144 1726 Veteris
3162 1645 3494 1702 Testamenti
3517 1663 3682 1718 quam

2102 1727 2261 1797 Novi,
2289 1734 2687 1802 Antichristus,
2732 1739 2878 1808 quod
2907 1745 2993 1794 est
3025 1738 3221 1793 falsum
3243 1737 3502 1802 Verbum,
3533 1739 3686 1793 stetit

2106 1820 2424 1892 frequenter
2463 1841 2559 1896 per
2593 1829 2698 1883 huc
2739 1829 2919 1899 ipsum
2971 1830 3116 1900 quod
3164 1839 3311 1885 stare
3363 1829 3579 1884 videtur
3626 1829 3680 1884 in

414 1897 535 1943 erat
563 1898 694 1946 tunc
725 1901 940 1966 tempus
969 1899 1394 1973 misericordiae,
1455 1924 1632 1980 neque
1661 1927 1826 1983 super
1857 1931 1997 1984 prai-
2031 1889 2073 1944 Β
2105 1912 2402 1984 Scripturis
2427 1908 2629 1974 divinis
2649 1961 2665 1986 ,
2703 1921 3000 1977 ostendens
3039 1936 3098 1976 se
3122 1921 3281 1990 quasi
3325 1921 3397 1976 sit
3423 1919 3596 1988 Deus,
3630 1929 3684 1977 et

412 1987 666 2048 gnantes,
698 1997 876 2054 neque
905 2000 1071 2057 super
1095 1990 1382 2060 lactantes,
1409 2012 1584 2067 neque
1617 2016 1782 2070 super
1817 2003 1997 2059 infan-

415 2077 496 2126 tes
545 2087 756 2128 earum.
818 2077 944 2134 Ideo
985 2081 1120 2137 dicit
1167 2084 1452 2156 (quantum
1485 2091 1552 2146 ad
1585 2093 1746 2150 verba
1801 2097 1945 2169 dico)
1979 2117 1996 2155 ε

423 2159 514 2218 Va:
555 2169 987 2238 prmgnantibus,
1033 2184 1085 2228 et
1125 2177 1477 2236 nutrientibus
1503 2183 1557 2237 in
1591 2183 1702 2240 illis
1731 2159 1994 2245 diebus".

415 2251 480 2308 Et
510 2257 667 2324 quasi
719 2259 784 2314 ad
831 2259 1051 2321 Judaos
1082 2266 1344 2338 loquens,
1372 2273 1466 2343 qui
1495 2275 1906 2336 arbitrabantur
1938 2282 1993 2336 in

414 2345 654 2404 Sabbato
680 2366 788 2405 non
821 2365 1074 2424 oportere
1103 2360 1186 2414 vel
1217 2377 1398 2432 agerc,
1433 2367 1515 2421 vel
1541 2369 1822 2428 ambulare
1851 2373 1994 2432 viam

411 2439 648 2508 amplius
683 2458 846 2513 quam
880 2455 964 2502 est
1009 2446 1232 2506 Sabbati
1281 2453 1411 2522 iter,
1448 2455 1570 2514 ideo
1611 2459 1744 2516 dicit
1783 2481 1797 2516 :
1835 2459 1998 2517 Orate

409 2539 586 2584 autent
639 2549 702 2587 ne
747 2536 846 2604 [int
901 2539 1028 2612 fuga
1059 2551 1228 2597 vestra
1261 2544 1314 2599 in
1360 2546 1548 2616 hieme,
1577 2551 1657 2604 rel
1689 2551 1921 2609 Sabbato
1951 2556 1992 2617 ⁸.

411 2621 528 2678 Non
565 2627 744 2684 solum
792 2633 936 2688 enim
989 2633 1043 2690 in
1079 2634 1358 2704 Sabbato,
1407 2642 1500 2696 sed
1534 2643 1698 2698 ctiam
1730 2646 1784 2700 in
1819 2647 1998 2706 hieme

410 2717 713 2784 pessimum
741 2735 860 2778 erat
886 2725 1117 2805 salutem
1145 2744 1391 2799 quaerere
1421 2747 1516 2804 per
1544 2731 1751 2805 fugam.
1809 2737 1998 2794 Refer-

413 2818 501 2863 tur
535 2821 715 2868 autem
759 2815 828 2871 ab
862 2804 948 2874 his
976 2819 1069 2891 qui
1095 2820 1377 2880 Judaicam
1427 2825 1710 2884 historiam
1745 2833 1994 2888 conseri--

409 2913 638 2970 pserunt
666 2906 730 2962 de
763 2907 869 2965 illis
899 2927 1021 2982 quze
1051 2921 1179 2970 tunc
1203 2919 1574 2992 contigerunt,
1603 2924 1862 2991 quoniam
1897 2927 1997 2981 tri-

410 2991 618 3049 bulatio
666 3013 860 3070 magna
913 3000 1056 3058 facta
1102 3013 1188 3060 est
1240 2991 1474 3079 populo,
1506 3013 1685 3082 qualis
1713 3029 1994 3086 nunquam

410 3083 512 3140 fuit
542 3085 612 3140 ab
648 3087 804 3146 initio
831 3093 1018 3149 mundi
1051 3111 1227 3167 usque
1255 3099 1321 3153 ad
1357 3108 1569 3172 tempus
1609 3102 1810 3160 Christi
1829 3083 1860 3172 ,‘
1897 3107 1994 3164 sed

410 3191 509 3231 nec
541 3187 725 3247 postea
756 3181 872 3237 ﬁeri
909 3193 1088 3256 potest
1115 3197 1172 3242 ut
1201 3190 1324 3246 talis
1371 3192 1452 3247 cis
1495 3193 1778 3266 contingat
1802 3239 1816 3260 ,
1860 3213 1991 3268 pro-
2017 3225 2064 3286 ο

411 3277 593 3338 ptcrea
625 3273 767 3340 quod
791 3275 908 3330 ausi
931 3286 1060 3332 sunt
1085 3295 1280 3334 manus
1308 3282 1508 3337 inferre
1539 3285 1592 3338 in
1613 3302 1798 3342 verum
1829 3289 1990 3344 Chri-

408 3370 554 3417 stum
588 3363 698 3432 Dci,
751 3367 910 3438 cujus
941 3371 1260 3442 mysterium
1285 3383 1338 3428 et
1367 3391 1563 3432 nomen
1592 3394 1639 3432 vi
1662 3394 1862 3436 nerans
1897 3380 1996 3438 Da-

408 3453 498 3508 vid
523 3494 538 3518 ,
575 3455 792 3515 dicebat
835 3459 902 3514 de
947 3457 1110 3516 Saule
1143 3475 1504 3535 persequente
1553 3477 1608 3524 et
1655 3472 1904 3528 occidere
1936 3489 1995 3530 se

407 3546 625 3602 volente
655 3566 668 3602 :
708 3548 832 3604 Non
859 3551 1097 3616 iniiciam
1124 3570 1311 3609 manus
1337 3573 1479 3612 meas
1507 3561 1561 3614 in
1593 3562 1862 3618 Christum
1895 3565 1996 3620 Do-

409 3637 543 3691 mini
565 3637 606 3692 ⁸.
643 3637 1028 3696 Ριιεείεἰοιιειιι
1061 3655 1240 3699 autem
1273 3646 1482 3702 dierum
1511 3649 1726 3708 illorum
1754 3653 1992 3711 futuram

407 3738 634 3796 propter
681 3729 882 3787 electos
917 3729 1010 3786 Dei
1062 3735 1154 3804 qui
1193 3737 1423 3792 credunt
1458 3738 1508 3794 in
1541 3739 1855 3812 Christum,
1891 3747 1992 3802 ab-

406 3815 800 3872 breviationem
850 3819 1206 3892 intelligimus
1252 3825 1463 3882 dierum
1518 3830 1759 3888 illarum.
1838 3833 1994 3893 Tunc

408 3917 590 3964 autem
629 3909 682 3963 in
718 3925 916 3982 magna
963 3915 1274 3972 calamitate
1313 3921 1510 3988 populo
1556 3925 1887 3994 constituto,
1939 3936 1994 3983 et

405 4001 594 4058 electis
620 4001 714 4070 qui
745 4013 872 4058 sunt
899 4005 952 4058 in
978 4003 1164 4062 Iudaea
1193 4009 1430 4080 pericula
1457 4015 1808 4086 patientibus,
1834 4021 1991 4075 multi

407 4091 724 4149 scductorcs
763 4095 1059 4154 dicebant:
1095 4097 1230 4156 Ecce
1263 4103 1348 4156 hic
1374 4103 1642 4171 Christus,
1689 4125 1804 4163 ecce
1855 4110 1988 4166 illic.

405 4185 556 4250 Quos
608 4186 900 4245 observare
963 4192 1167 4248 docens
1231 4194 1528 4265 discipulos
1595 4213 1727 4261 suos
1779 4200 1994 4256 dicebat

405 4287 536 4335 tunc
562 4280 584 4312 ⁸
623 4299 637 4336 :
675 4279 738 4336 Si
783 4283 900 4354 quis
935 4285 1077 4339 vobis
1125 4287 1322 4341 dixerit
1353 4302 1373 4340 :
1408 4285 1544 4345 Ecce
1589 4291 1676 4344 hie
1721 4292 1986 4362 Christus,

401 4386 518 4425 ecce
543 4371 691 4432 illic.
721 4373 886 4430 nolite
912 4377 1140 4432 credere.
1190 4376 1415 4450 Surgent
1467 4383 1604 4436 enim
1639 4384 1986 4453 pseudocltri-

407 4461 479 4516 sti
505 4471 554 4516 et
577 4465 1062 4535 pseudopropheta',
1099 4477 1148 4522 et
1177 4469 1377 4525 dabunt
1405 4473 1560 4542 signa
1585 4490 1777 4546 magna
1797 4488 1845 4530 et
1867 4493 1990 4547 pro—

404 4551 574 4621 digia.
637 4551 827 4610 Dicere
855 4566 1036 4610 autem
1069 4560 1192 4628 quis
1225 4571 1403 4630 potest
1436 4573 1531 4618 aut
1565 4563 1842 4622 Simonem
1870 4567 1986 4624 Ma-

405 4661 532 4718 gum
569 4644 610 4708 ',
648 4646 738 4716 qui
771 4647 986 4702 diccbat
1035 4664 1094 4702 se
1123 4666 1243 4707 esse
1273 4651 1537 4712 Virtutem
1572 4655 1666 4712 Dei
1709 4676 1984 4731 magnam,

403 4742 501 4795 aut
529 4734 574 4790 si
600 4736 724 4806 quis
751 4737 800 4791 ei
834 4737 1030 4791 similis
1059 4737 1178 4804 fuit,
1216 4741 1474 4800 seducere
1511 4747 1720 4814 volens,
1778 4750 1822 4805 si
1854 4769 1984 4821 pos-

404 4826 562 4886 sibile
591 4838 759 4894 esset,
790 4839 842 4883 et
874 4830 1096 4886 electos.
1153 4830 1278 4890 llaec
1303 4839 1694 4905 praevenit-ntus
1723 4841 1986 4913 diximus,

405 4933 512 4978 non
563 4919 883 4990 adjicientes
931 4923 984 4978 in
1027 4925 1130 4980 hoc
1175 4925 1297 4983 loco
1349 4927 1510 4983 aliam
1560 4933 1982 5005 expositionem,

404 5010 507 5070 nisi
554 5027 674 5067 eam
707 5030 828 5083 qua:
861 5017 1160 5072 secundum
1209 5028 1414 5076 textum
1451 5032 1566 5088 est,
1617 5035 1838 5096 propter
1885 5045 1982 5084 eos

401 5103 496 5173 qui
526 5105 817 5162 traditione
845 5110 1080 5181 simplici
1107 5113 1468 5182 delectantur,
1499 5126 1556 5172 ut
1587 5135 1708 5188 qua:
1731 5120 1986 5179 videntur

397 5199 480 5252 eis
517 5197 668 5255 utilia
703 5199 1046 5271 diceremus,
1075 5206 1336 5276 quoniam
1369 5209 1485 5265 hare
1514 5209 1780 5270 Dominus
1804 5213 1982 5270 futura

335 5351 348 5361 .
398 5289 736 5362 pmpbctans
767 5293 1030 5362 pratscius
1055 5297 1300 5355 veritatis
1330 5300 1604 5370 exposuit.

470 5381 561 5438 42.
605 5383 664 5439 Si
695 5395 876 5442 autem
909 5397 1123 5459 oportet
1166 5400 1386 5464 propter
1436 5408 1532 5450 eos
1580 5393 1672 5465 qui
1712 5395 1986 5452 voluntet

471 5555 489 5586 ³
520 5553 710 5612 Matth.
741 5573 888 5624 sxw,
920 5559 1006 5615 iii.

400 5635 518 5688 vm,
542 5626 595 5690 9,
627 5627 714 5684 10.

2101 2005 2258 2074 quasi
2305 2006 2422 2078 ipse
2466 2011 2536 2064 sit
2565 2009 2819 2068 Christus
2865 2011 3009 2069 Deus
3045 2011 3304 2078 Verbum,
3347 2021 3404 2068 et
3453 2013 3569 2084 ipse
3599 2027 3683 2069 est

2102 2097 2440 2155 abominatio
2475 2103 2850 2159 desolationis.
2915 2103 3009 2160 Est
3055 2105 3203 2160 enim
3251 2103 3566 2175 frequenter
3599 2106 3680 2159 vi-

2098 2194 2227 2251 dere
2252 2195 2306 2250 in
2335 2197 2903 2266 argumentationibus
2949 2199 3133 2270 impiis
3175 2200 3494 2272 dogmatum
3536 2201 3677 2270 apud

2101 2286 2388 2342 haereticos
2426 2288 2569 2343 hanc
2599 2289 3061 2344 abominationem
3093 2290 3476 2358 desolationis,
3512 2291 3566 2345 id
3599 2301 3682 2372 est

2097 2378 2494 2434 Antichristum
2544 2381 2768 2440 verbum
2815 2380 3051 2450 falsum,
3089 2381 3553 2437 abominationem
3585 2381 3681 2435 de-

2098 2471 2364 2526 solantem
2392 2487 2424 2527 a
2452 2472 2560 2528 Deo
2587 2488 2806 2530 omnem
2838 2475 3116 2530 hominem
3142 2474 3235 2546 qui
3262 2473 3526 2544 receperit
3557 2487 3676 2527 eam

2100 2560 2153 2616 in
2191 2577 2250 2618 se
2273 2563 2736 2619 abominationem
2773 2564 3150 2620 adversantem
3201 2565 3451 2630 veritati,
3501 2565 3678 2620 extol—

2097 2651 2296 2707 lentem
2330 2669 2390 2710 se
2419 2669 2584 2724 super
2617 2671 2779 2711 omne
2810 2655 3038 2710 verbum
3067 2657 3212 2726 quod
3237 2663 3324 2712 est
3349 2666 3502 2712 extra
3527 2671 3676 2719 eum.

2097 2743 2242 2814 quod
2295 2747 2657 2802 annuntiatur
2725 2761 2849 2802 esse
2897 2747 3244 2802 extollentem
3300 2762 3360 2803 se
3411 2755 3466 2802 et
3515 2763 3680 2815 super

2097 2849 2262 2892 omne
2307 2836 2530 2892 verbum
2565 2835 2697 2902 Dei,
2751 2839 2898 2910 quod
2947 2838 3326 2910 unusquisque
3353 2837 3464 2910 (82)
3501 2837 3680 2892 homi-

2097 2942 2228 2984 num
2261 2928 2440 2983 colere
2470 2929 2603 2995 vult,
2656 2929 2772 2985 sive
2795 2945 2942 2994 vere,
2979 2929 3096 2984 sive
3144 2928 3499 2984 mendaciter.
3539 2926 3676 2982 Nam

2099 3021 2535 3092 unumquodque
2577 3021 2958 3076 lurreticorum
2991 3021 3189 3092 dogma
3219 3035 3326 3075 non
3375 3019 3551 3075 solum
3584 3034 3675 3074 ve-

2099 3111 2248 3165 ritati
2277 3111 2624 3180 adversatur,
2659 3112 2753 3168 sed
2779 3112 2943 3168 etiam
2979 3111 3191 3168 caeteris
3220 3110 3564 3182 dogmatibus
3597 3111 3661 3166 si-

2098 3203 2298 3257 militer
2319 3201 2490 3260 falsis.
2519 3205 2586 3258 Et
2613 3204 2875 3274 quoniam
2910 3203 2988 3259 sic
3009 3202 3307 3268 extollitur,
3337 3212 3396 3257 ut
3421 3203 3585 3257 etiam
3621 3202 3674 3255 in

2098 3294 2298 3364 templo
2329 3293 2734 3366 Scripturarum
2759 3295 2964 3362 sedeat,
2992 3311 3089 3366 per
3117 3295 3293 3366 ipsum
3313 3294 3598 3364 templum.
3623 3291 3678 3347 id

2095 3394 2180 3441 est
2205 3401 2300 3460 per
2319 3386 2463 3458 ipsas
2481 3384 2810 3457 Scripturas,
2829 3386 3016 3442 volens
3032 3401 3090 3443 se
3107 3385 3392 3441 ostendere
3415 3384 3675 3454 quoniam

2096 3477 2212 3551 ipse
2256 3493 2382 3534 vere
2411 3489 2494 3534 cst
2523 3477 2668 3534 Deus
2698 3477 2958 3544 Verbum,
2997 3493 3212 3548 semper
3259 3492 3388 3548 ergo
3418 3478 3508 3548 qui
3539 3475 3676 3532 divi-

2097 3583 2198 3623 nas
2224 3567 2352 3639 legit
2379 3566 2716 3638 Scripturas,
2753 3565 3019 3638 intelligat
3050 3581 3169 3634 eas,
3188 3567 3425 3622 maxime
3457 3565 3678 3636 quando

2093 3659 2292 3714 viderit
2334 3659 2801 3714 abominationem
2849 3657 3226 3724 desolationis,
3278 3656 3576 3712 secundum
3612 3669 3676 3710 ea

2094 3765 2217 3819 quze
2241 3748 2505 3814 diximus,
2540 3757 2773 3804 stantem
2804 3747 2858 3802 in
2883 3761 2948 3804 eo
2981 3762 3146 3818 quem
3170 3747 3528 3820 exposuimus
3554 3745 3677 3800 loco

2095 3849 2289 3897 sancto
2317 3851 2630 3897 sanctarum
2665 3840 3092 3912 Scripturarum.
3127 3840 3230 3908 Qui
3253 3849 3432 3896 autem
3467 3839 3677 3904 intelle-

2093 3930 2234 3985 xerit
2257 3929 2665 3996 enm,destrttet
2687 3946 2812 3986 vera
2846 3929 3161 3997 traditione,
3197 3930 3248 3984 id
3281 3939 3365 3986 est
3401 3929 3678 3985 illumina-

2095 4021 2242 4076 tione
2262 4023 2528 4078 adventus
2549 4021 2752 4077 Christi
2789 4021 2884 4092 qui
2923 4027 3006 4077 est
3028 4021 3252 4088 veritas,
3286 4036 3410 4076 eum
3447 4022 3675 4076 verbum

2093 4113 2184 4185 qui
2209 4114 2261 4168 in
2285 4115 2467 4171 alieno
2489 4114 2609 4170 loco
2632 4124 2822 4170 sancto
2859 4124 3004 4170 stare
3033 4114 3266 4180 videtur,
3283 4123 3338 4169 et
3366 4114 3674 4187 intelligens

2094 4205 2254 4260 talem
2307 4205 2770 4260 abominationem
2825 4203 3205 4272 desolationis,
3256 4204 3464 4260 irritam
3513 4205 3676 4260 faciet

2091 4311 2234 4359 eam,
2251 4305 2305 4350 et
2321 4294 2499 4364 ejiciet
2522 4311 2552 4348 a
2580 4294 2702 4350 loco
2720 4303 2908 4350 saneto
2933 4294 2984 4348 in
3004 4309 3114 4365 quo
3137 4306 3283 4350 stare
3305 4293 3536 4348 videtur.
3565 4291 3678 4348 Ma-

2092 4383 2236 4437 xime
2257 4391 2436 4437 autem
2463 4383 2708 4439 destruet
2729 4399 2853 4438 eum
2877 4381 3132 4438 Christus
3153 4383 3246 4454 qui
3270 4383 3514 4454 loquitur
3533 4383 3587 4438 in
3605 4395 3674 4438 eo

2091 4490 2280 4529 verum
2325 4475 2529 4530 lumen.
2567 4473 2676 4530 Iste
2711 4485 2893 4530 autem
2933 4474 3210 4540 Christus,
3231 4474 3276 4530 si
3301 4475 3352 4528 in
3375 4474 3561 4544 aliquo
3587 4473 3673 4528 leo

2021 4561 2063 4616 Ι)
2093 4576 2296 4638 qualur
2323 4568 2535 4624 volente
2557 4568 2747 4624 audire
2776 4575 2829 4623 et
2859 4567 3189 4638 prodiﬁcari,
3209 4583 3318 4623 non
3341 4567 3670 4630 infirmatur,

2092 4661 2253 4740 861
2274 4661 2365 4716 sed
2395 4676 2560 4716 ornne
2593 4659 2788 4716 falsum
2831 4661 3076 4724 verbum,
3100 4659 3244 4731 quod
3274 4671 3357 4714 est
3389 4657 3674 4755 abomina-

2094 4751 2170 4805 tio
2196 4750 2552 4806 desolationis
2593 4759 2746 4806 stans
2791 4750 2844 4804 in
2890 4749 3010 4805 loco
3055 4759 3244 4806 sancto
3282 4757 3334 4804 et
3376 4749 3570 4803 sedens
3615 4749 3666 4797 in

2097 4843 2301 4914 templo
2334 4842 2452 4910 Dei,
2479 4843 2622 4914 quod
2653 4852 2737 4898 cst
2778 4842 3172 4910 Antichristus,
3229 4839 3516 4896 interticict
3553 4836 3670 4904 spi-

2093 4937 2202 4992 ritu
2235 4937 2350 4992 oris
2402 4936 2488 4990 sui
2541 4951 2639 5006 per
2675 4951 2772 4992 eos
2816 4936 2910 5007 qui
2971 4951 3030 4992 se
3083 4931 3412 5006 praebuerint
3443 4941 3668 4998 capaces

2091 5027 2286 5099 ipsius.
2345 5025 2502 5096 Quod
2541 5027 2766 5082 verbum
2815 5026 3015 5083 falsum
3047 5027 3356 5122 frequenter
3391 5035 3499 5122 non
3539 5029 3668 5122 stat,

2088 5123 2182 5180 sed
2205 5122 2369 5176 etiam
2401 5118 2551 5174 sedet
2585 5119 2639 5177 in
2665 5119 2892 5190 templo,
2928 5117 3150 5190 quando
3189 5111 3346 5184 quasi
3377 5111 3670 5168 rationabi-

2085 5217 2210 5270 liter
2235 5224 2289 5268 ct
2327 5214 2464 5268 bene
2490 5221 2864 5270 constructum
2885 5213 3116 5266 videtur.
3144 5205 3246 5273 Qui
3269 5213 3454 5262 autem
3484 5205 3668 5260 vident

2090 5307 2234 5360 hanc
2289 5305 2756 5360 abominationem
2827 5300 3204 5366 desolationis,
3255 5297 3328 5353 ita
3361 5304 3422 5352 ut
3456 5297 3670 5368 possint

2085 5400 2153 5455 dc
2173 5416 2236 5454 ea
2263 5399 2444 5455 dicere
2468 5416 2482 5453 :
2507 5395 2631 5452 Non
2657 5397 2795 5453 enim
2824 5393 3076 5450 versutias
3103 5391 3218 5462 ejus
3250 5392 3577 5462 ignoramus,
3611 5388 3664 5442 in

1089 5559 1111 5591 '
1141 5559 1276 5616 ibid.
1311 5559 1396 5616 16.
1473 5562 1494 5592 ³
1523 5559 1654 5616 ibid.
1691 5561 1774 5618 19.
1851 5561 1873 5595 "
1901 5562 2029 5620 ibid.
2061 5563 2151 5618 20.
2226 5563 2281 5618 ⁵1
2305 5564 2434 5639 Reg.
2459 5582 2609 5635 xxiv,
2642 5565 2728 5621 Η.
2801 5559 3032 5614 “Matth.
3055 5559 3426 5627 xx1v,‘25,24.
3499 5559 3663 5613 Ἀρι.

471 5766 584 5846 (82)
623 5769 826 5852 Locum
867 5777 947 5833 sic
978 5789 1218 5845 restitue,
1270 5783 1408 5851 quod
1441 5783 1790 5842 amnmtiatur
1828 5799 1936 5838 esse
1976 5801 1996 5838 ιε

2098 5803 2180 5840 nm
2223 5787 2316 5842 Dei
2372 5787 2704 5844 cxtollcvtcm
2747 5801 2796 5840 re
2830 5792 2876 5838 et
2921 5799 3076 5852 super
3121 5797 3272 5837 omne
3317 5779 3455 5850 quod
3497 5793 3663 5831 unas-

403 5851 639 5910 qntsque,
671 5851 772 5896 etc.
