4112 6416
351 410 481 464 ῒδῐῖι

1483 408 2138 467 COMMENTARIORUM
2181 410 2424 468 SERIES

3479 418 3616 471 H162

349 539 416 582 eo
450 523 579 577 dum
614 523 800 594 legunt
829 521 1189 590 intell-igentes
1216 535 1340 590 qua:
1379 537 1503 576 vera
1537 533 1684 588 sunt,
1719 523 1931 592 fugiant
1963 530 2004 584 Α
2037 523 2211 588 lestis,
2241 540 2347 579 non
2381 537 2688 581 revertatur
2716 534 2877 581 retro.
2912 526 3023 581 Non
3051 527 3194 581 enim
3238 529 3617 582 tantummodo

353 615 572 680 falsum,
599 624 654 670 et
679 616 934 670 recedant
965 615 1054 666 ubi
1071 628 1167 667 eos
1199 615 1543 669 mendacium
1574 616 1932 685 comprehen-

351 707 481 760 dere
541 721 650 760 non
706 705 926 759 valebit.
963 703 1078 758 Non
1129 713 1310 760 autem
1345 713 1526 774 potest
1572 708 1934 775 comprehen-

351 799 480 852 dere
507 798 852 853 mendacium
893 810 989 850 eos
1025 796 1118 864 qui
1150 811 1217 851 ex
1251 795 1458 860 Judaea,
1490 797 1691 863 littera,
1719 796 1934 866 fugiunt

351 889 416 943 ad
455 888 720 957 spiritalia
769 897 822 941 ct
887 887 1269 956 intelligihilia,
1304 897 1359 942 et
1387 888 1650 943 sublimes
1691 889 1933 945 veritatis

351 991 587 1035 montes.
626 978 692 1033 Ut
733 987 914 1032 autem
968 979 1336 1049 intelligamus
1370 997 1384 1034 :
1415 978 1650 1049 Fugiunt
1693 982 1747 1032 in
1786 997 1936 1063 mou-

353 1086 428 1126 tes
466 1072 508 1134 ⁸,
528 1070 714 1140 accipe
755 1070 1061 1139 exemplum
1097 1071 1243 1140 quod
1281 1071 1483 1125 dicitur
1535 1070 1825 1126 manifeste
1867 1071 1934 1126 de

352 1164 477 1233 fuga
505 1163 784 1225 laudabili,
816 1162 976 1232 quale
1003 1172 1082 1216 est
1106 1163 1252 1232 quod
1279 1163 1356 1218 ait
1385 1163 1688 1231 Apostolus
1715 1173 1736 1204 ο
1771 1183 1783 1218 :
1822 1162 1936 1216 Fu-

352 1256 456 1325 gite
480 1254 905 1323 fornicationem,
937 1261 990 1307 et
1030 1253 1173 1323 quod
1208 1255 1290 1308 ait
1340 1255 1616 1324 Sapientia
1647 1256 1688 1286 ¹⁰
1722 1273 1734 1308 :
1766 1254 1934 1320 Quasi

352 1362 383 1397 a
414 1344 548 1413 facie
574 1346 829 1412 serpentis
857 1342 978 1411 fuge
1025 1352 1320 1412 peccatum.
1357 1344 1441 1399 vel
1471 1346 1637 1414 quale
1667 1354 1752 1400 est
1783 1345 1929 1416 quod

353 1434 406 1488 in
445 1435 707 1505 mysterio
742 1434 873 1488 dicit
899 1432 1140 1489 Rebecca
1165 1435 1331 1490 Jacoh
1367 1437 1407 1468 “
1439 1454 1452 1488 :
1490 1437 1622 1491 Ecce
1651 1436 1795 1492 Esau
1822 1437 1934 1506 frn-

353 1536 564 1581 tertuus
584 1526 820 1579 minatur
835 1527 1069 1580 occidere
1111 1537 1176 1580 te.
1209 1527 1366 1580 Nunc
1393 1545 1537 1598 ergo,
1565 1528 1667 1596 fili,
1696 1529 1823 1581 audi
1852 1544 1936 1582 tvo-

352 1633 460 1670 cem
484 1632 674 1679 meam,
722 1625 770 1668 et
812 1633 1030 1686 surgens
1052 1617 1174 1687 fuge
1199 1618 1268 1670 ad
1297 1617 1479 1672 Laban
1509 1620 1730 1688 fratrem
1763 1636 1934 1672 meum

353 1705 412 1758 in
475 1703 706 1769 Carran,
757 1713 806 1757 et
861 1704 1045 1758 habita
1095 1721 1213 1758 cum
1237 1705 1329 1758 illo
1374 1707 1575 1776 aliquot
1603 1707 1738 1774 dies,
1772 1708 1934 1760 donec

353 1806 631 1850 (inertatnr
673 1797 758 1848 ira
821 1796 1010 1865 fratris
1049 1797 1148 1850 tui.
1183 1796 1249 1851 Et
1294 1798 1496 1860 omnis,
1527 1797 1787 1862 arbitror,
1839 1798 1932 1867 qui

355 1888 500 1940 filius
541 1897 625 1940 est
671 1885 862 1954 Jacob,
884 1902 1048 1956 opera
1089 1902 1482 1944 consummans
1513 1887 1700 1950 Jacob,
1731 1889 1932 1943 intelli-

353 1989 488 2042 gens
533 1988 749 2028 omnem
810 1990 1018 2029 morem
1067 1976 1326 2030 odibilem
1359 1977 1488 2042 Deo,
1512 1981 1604 2048 qui
1643 1987 1726 2034 est
1760 1977 1929 2046 Esau,

356 2060 493 2130 fugit
523 2062 679 2131 quasi
732 2063 1062 2134 intelligens.
1123 2062 1179 2118 Si
1234 2073 1416 2119 autem
1449 2081 1557 2120 non
1604 2065 1775 2138 fugiat
1803 2084 1929 2122 eum

352 2154 446 2224 qui
473 2154 804 2209 fornicarius
830 2165 912 2210 est
942 2165 998 2209 et
1029 2155 1268 2225 pollutus
1296 2157 1438 2212 sicut
1472 2157 1639 2224 Esau,
1671 2169 1726 2214 et
1771 2161 1931 2230 quasi

353 2261 462 2299 non
498 2245 710 2315 fugiens
739 2245 902 2311 Esau,
933 2247 1026 2301 sed
1071 2247 1392 2303 cohabitaus
1423 2249 1494 2312 ei,
1538 2266 1645 2304 non
1692 2250 1750 2305 lit
1789 2252 1930 2307 ﬁlius

349 2334 524 2400 Iacob
546 2337 639 2405 qui
665 2335 876 2407 fugerat
899 2351 1046 2393 eum.
1083 2336 1202 2407 Ipse
1242 2347 1424 2394 autem
1454 2337 1626 2396 Jacob
1679 2342 1932 2399 habitans

351 2441 478 2480 cum
516 2424 703 2482 Laban
758 2426 966 2481 utiliter
1013 2426 1117 2481 sibi
1138 2436 1192 2482 et
1221 2427 1616 2498 dispensationi
1657 2447 1779 2501 quae
1816 2443 1933 2487 erat

353 2518 650 2573 secundum
682 2517 875 2583 Deum,
919 2519 1208 2575 abscondit
1251 2535 1346 2575 cor
1383 2536 1564 2587 suum,
1602 2532 1658 2576 ut
1693 2538 1800 2577 non
1831 2540 1929 2578 an-

354 2609 632 2662 nuntiaret
661 2608 712 2662 ei
763 2612 1026 2680 quoniam
1083 2611 1343 2682 fugiebat,
1385 2622 1438 2666 et
1469 2614 1709 2684 fugiebat
1734 2615 1848 2684 ipse
1877 2625 1932 2670 et

352 2701 537 2754 omnia
565 2699 705 2768 ejus.
739 2699 948 2755 Bonum
975 2709 1062 2756 est
1077 2716 1206 2772 ergo
1239 2701 1424 2772 fugere
1453 2705 1614 2758 etiam
1654 2723 1682 2758 a
1720 2705 1927 2771 Laban,

354 2789 757 2844 aconsiliatore
810 2790 1114 2845 carnalium
1152 2791 1501 2862 qualitatum,
1521 2796 1572 2846 in
1600 2794 1800 2864 quibus
1830 2795 1928 2849 ha—

356 2881 619 2938 bitantem
670 2897 778 2937 non
807 2892 1022 2953 oportet
1069 2898 1388 2955 permanere
1414 2886 1468 2939 in
1497 2887 1596 2953 eis,
1623 2890 1714 2942 sed
1742 2887 1930 2959 fugere

355 2990 478 3029 cum
510 2975 660 3028 omni
711 2975 876 3030 domo
934 2992 1055 3032 sua.
1083 2975 1218 3032 Nam
1248 2988 1304 3034 et
1330 2981 1374 3036 si
1413 2981 1646 3035 voluerit
1673 2981 1928 3050 persequi

356 3074 474 3135 post
509 3081 654 3128 eum,
694 3065 837 3121 Deus
888 3067 1041 3126 illum
1081 3079 1286 3125 avertet
1327 3087 1358 3125 a
1407 3071 1738 3141 fugientibus
1777 3087 1926 3137 eum,

357 3166 435 3220 ut,
460 3157 560 3212 etsi
585 3157 1056 3228 comprehenderit
1079 3176 1204 3215 eum
1235 3165 1581 3232 postmodum
1609 3165 1925 3234 aliquando,
1959 3208 2001 3263 C

357 3251 491 3303 nihil
522 3251 649 3304 mali
683 3249 863 3306 facere
899 3252 948 3307 ei
978 3259 1150 3322 possit
1175 3255 1886 3327 fiducialiterpronuntianti
1914 3274 1927 3310 :

357 3344 509 3412 Apud
539 3359 690 3410 quem
716 3344 971 3401 inveneris
1002 3347 1122 3400 deos
1141 3355 1277 3415 tuos,
1295 3364 1396 3402 non
1421 3350 1557 3402 vivat
1586 3352 1638 3404 in
1656 3359 1933 3419 conspectu

358 3436 587 3503 fratrum
619 3449 922 3492 nostrorum
953 3453 974 3492 :
1000 3455 1247 3510 cognosce
1279 3443 1406 3513 quid
1439 3453 1649 3497 tuorum
1683 3455 1758 3499 est
1790 3446 1932 3515 apud

356 3542 456 3592 me,
482 3536 532 3580 et
580 3530 756 3598 accipe
796 3529 858 3584 ι’.
893 3527 1003 3585 Nec
1037 3533 1180 3586 enim
1203 3535 1464 3603 cognosci
1487 3537 1686 3603 poterit
1717 3537 1925 3606 aliquid

356 3619 497 3688 apud
527 3619 700 3676 Iacob
730 3623 798 3677 de
829 3625 995 3678 rebus
1026 3621 1232 3678 Laban.
1266 3624 1325 3680 ln
1355 3625 1438 3679 his
1458 3642 1585 3696 ergo
1606 3628 1935 3698 evangelii-is

357 3710 520 3765 dictis
549 3727 672 3779 quae
693 3711 746 3764 in
784 3713 1037 3780 praesenti
1073 3722 1394 3775 tractamus,
1427 3713 1727 3782 imperatur
1751 3725 1808 3771 ut
1841 3717 1935 3786 qui

358 3809 701 3870 cognoscunt
731 3800 1192 3856 abominationem
1219 3802 1576 3857 desolationis
1611 3814 1844 3860 stantem
1879 3807 1931 3859 in

359 3891 477 3944 loco
505 3898 718 3952 sancto,
752 3890 1056 3960 intelligant
1077 3890 1130 3944 in
1156 3905 1220 3944 eo
1242 3890 1371 3946 dum
1398 3892 1600 3962 legunt,
1638 3905 1698 3949 ut
1730 3895 1937 3966 fugiant

361 3982 414 4034 in
450 3991 678 4036 montes.
714 3980 815 4047 Qui
847 3997 978 4052 ergo
1012 3983 1066 4036 in
1114 3983 1204 4037 tali
1240 3982 1430 4038 Judzea
1463 4003 1627 4056 quam
1673 3989 1934 4054 diximus,

359 4071 412 4130 id
443 4071 598 4125 estin
634 4081 902 4129 vetustate
950 4073 1162 4138 litterae,
1197 4077 1528 4132 constitutus
1572 4079 1820 4148 habetur,
1857 4081 1939 4134 fu-

360 4165 470 4232 giat
523 4165 574 4216 in
631 4173 842 4219 montes
895 4165 1218 4235 spiritalium
1262 4168 1585 4224 novitatum.
1623 4169 1686 4224 Et
1728 4173 1773 4226 si
1816 4173 1939 4242 quis

360 4257 616 4312 inventus
683 4255 845 4312 fuerit
889 4257 1203 4314 ascendisse
1247 4274 1413 4329 super
1458 4270 1658 4316 tectum
1687 4264 1861 4330 verbi,
1887 4274 1939 4317 et

363 4354 510 4400 stare
562 4347 613 4400 in
665 4345 884 4416 fastigio
912 4349 1286 4404 rediticationis
1329 4350 1473 4419 ejus,
1507 4367 1616 4406 non
1646 4353 1941 4408 descendat

359 4437 484 4490 inde
522 4437 815 4492 occasione
855 4446 912 4494 ut
951 4438 1162 4494 auferat
1189 4440 1394 4509 aliquid
1442 4443 1508 4496 de
1554 4443 1718 4498 domo
1740 4460 1839 4499 sua
1879 4455 1934 4501 et

2035 613 2124 667 ille
2151 614 2244 683 qui
2271 615 2439 670 mittit
2471 631 2695 670 manum
2735 615 2788 670 in
2833 624 2966 670 arat:
2985 632 3096 681 um,
3126 626 3179 670 et
3215 633 3466 672 reversus
3501 618 3617 670 fue-

2033 703 2105 757 rit
2128 712 2293 770 retro,
2323 719 2429 758 non
2457 715 2540 760 est
2566 715 2728 776 aptus
2759 720 2928 774 regno
2958 703 3072 770 Dei,
3110 705 3203 759 sed
3235 705 3400 759 etiam
3429 707 3522 776 qui
3557 707 3612 758 in

2034 809 2166 866 agro
2199 805 2283 851 est
2317 812 2477 867 quem
2532 797 2878 862 tradidimus,
2913 805 2967 851 et
2991 810 3252 850 reversus
3278 794 3441 850 fuerit
3466 804 3614 850 retro

2035 902 2202 942 causa
2239 901 2432 942 eorum
2465 904 2586 958 quae
2639 896 2959 957 oportuerat
2989 887 3263 952 oblivisci,
3302 887 3420 941 sine
3447 886 3616 940 dubio

2035 979 2278 1035 incurret
2306 979 2360 1035 in
2398 979 2863 1034 abominationem
2899 977 3277 1040 desolationis,
3331 977 3383 1030 id
3429 986 3513 1030 est
3552 977 3606 1030 in

2034 1068 2410 1124 seductionem
2435 1069 2585 1122 verbi
2623 1068 2904 1123 mendacis
2936 1085 2951 1122 :
2981 1076 3038 1122 et
3069 1067 3306 1121 maxime
3332 1067 3376 1120 si
3411 1067 3615 1135 spolia-

2034 1159 2174 1214 verit
2219 1174 2279 1214 se
2334 1159 2722 1215 vestimentum
2763 1174 2925 1213 suum
2971 1167 3146 1222 vetus,
3188 1157 3348 1212 idest
3373 1166 3612 1211 veterem

2038 1251 2313 1306 hominem
2352 1267 2477 1306 cum
2531 1253 2745 1308 actibus
2775 1250 2916 1319 ejus,
2971 1260 3022 1304 et
3074 1251 3272 1304 iterum
3314 1265 3614 1304 conversus

2036 1341 2201 1396 fuerit
2233 1351 2382 1397 retro
2427 1345 2616 1398 tollere
2663 1346 3046 1399 vestimentum
3093 1359 3275 1397 snmu.
3323 1341 3617 1409 Diligenter

2035 1447 2166 1503 ergo
2211 1433 2476 1488 debemus
2520 1435 2816 1498 attendere,
2864 1450 2933 1488 ne
2987 1433 3124 1487 forte
3167 1433 3373 1501 aliquid
3424 1447 3620 1485 eorum

2035 1539 2156 1595 qua:
2185 1533 2313 1579 sunt
2359 1525 2636 1591 deorsum,
2675 1537 2728 1578 et
2762 1535 2890 1579 sunt
2920 1525 2974 1578 in
3004 1525 3189 1590 domo,
3237 1525 3470 1577 velimus
3518 1524 3608 1578 de-

2039 1615 2364 1670 scendentes
2397 1616 2606 1678 tollere,
2655 1625 2748 1670 aut
2773 1617 3022 1671 relictum
3055 1617 3436 1670 vestimentum
3470 1623 3616 1668 retro

2036 1716 2283 1775 repetere
2339 1707 2708 1775 relinquentes
2757 1722 2969 1776 agrum,
3026 1716 3081 1761 et
3137 1710 3389 1762 conversi
3445 1717 3613 1772 retro,

2037 1812 2161 1852 cum
2191 1797 2556 1851 debueramus
2606 1806 2857 1866 appetere
2893 1813 2957 1854 ea
3009 1813 3132 1866 qua:
3159 1807 3286 1852 sunt
3327 1799 3533 1867 priora,
3560 1809 3613 1854 et

2039 1888 2286 1943 oblivisci
2335 1889 2658 1958 posteriora,
2723 1901 2776 1942 et
2822 1903 2997 1958 neque
3045 1897 3190 1944 stare
3219 1888 3272 1941 in
3327 1889 3506 1956 aliqua
3533 1905 3621 1943 re-

2039 1979 2329 2049 gioneilla,
2360 1979 2452 2034 sed
2489 1979 2542 2033 in
2578 1989 2762 2033 monte
2793 1980 3015 2045 salvari,
3040 1989 3099 2034 ut
3129 1994 3238 2033 non
3264 1981 3620 2049 comprehen-

2038 2071 2236 2124 dantur
2264 2085 2388 2124 cum
2435 2070 2521 2124 his
2553 2071 2647 2139 qui
2685 2079 2816 2125 sunt
2838 2070 3106 2126 combusti
3131 2069 3520 2140 propter-quod
3562 2070 3615 2122 in

2041 2160 2296 2216 Sodomis
2319 2171 2447 2216 sunt
2477 2161 2880 2231 comprehensi.
2969 2165 3002 2194 ν

2107 2253 2198 2308 45.
2248 2252 2332 2307 Vw
2349 2263 2524 2307 autem
2547 2253 2941 2324 praegnantibus
2967 2263 3016 2307 et
3042 2252 3396 2307 nutrientibus
3421 2252 3469 2304 in
3506 2251 3616 2304 illis

2038 2345 2218 2397 diebus
2276 2345 2339 2398 ¹⁸.
2383 2345 2652 2411 Quoniam
2701 2356 2830 2399 sunt
2874 2356 2927 2399 et
2963 2345 3159 2414 aliquae
3193 2343 3390 2397 animae
3431 2344 3620 2397 conci-

2038 2436 2245 2506 pientes
2304 2435 2714 2504 generationes,
2771 2433 3143 2490 nianifestavit
3199 2435 3462 2504 propheta
3534 2434 3619 2487 di-

2037 2541 2167 2580 cens
2191 2526 2234 2557 ¹⁶
2273 2543 2286 2580 :
2319 2529 2362 2580 Α
2387 2527 2572 2578 timore
2602 2535 2710 2592 tuo,
2747 2525 2986 2590 Domine,
3011 2527 3064 2578 in
3090 2535 3237 2578 utero
3262 2525 3616 2594 concepimus,

2036 2626 2086 2671 et
2110 2618 2511 2685 parturiviinus,
2549 2625 2596 2670 et
2620 2618 2917 2685 peperimus
2975 2619 3225 2688 spiritum
3251 2618 3439 2671 salutis
3464 2634 3618 2684 quem

2039 2708 2209 2777 fecisti
2243 2723 2398 2778 super
2424 2716 2639 2760 terram.
2661 2707 2816 2762 Sicut
2839 2708 2984 2762 enim
3013 2709 3064 2762 in
3086 2708 3486 2778 prwgnautibus
3504 2707 3618 2760 for-

2039 2811 2217 2854 matur
2243 2808 2296 2853 ct
2327 2782 2588 2869 figuratur
2613 2816 2820 2863 semen,
2845 2801 2924 2855 sic
2949 2810 3004 2854 et
3048 2801 3102 2855 in
3125 2801 3308 2854 anima
3341 2815 3465 2870 qua:
3521 2816 3584 2853 su
3608 2827 3621 2839 -

2037 2891 2457 2962 seipitverbum,
2482 2892 2739 2961 paulatim
2783 2891 3051 2947 formatur
3082 2901 3135 2946 et
3185 2893 3450 2961 liguratur
3487 2905 3620 2944 con-

2038 2985 2213 3053 ceptio
2243 2983 2391 3037 verbi
2433 2982 2486 3036 in
2536 2998 2620 3037 ea.
2667 2983 2734 3039 Et
2775 2984 2877 3038 hoc
2905 2993 3036 3054 puto
3063 2984 3245 3038 dicere
3289 2981 3518 3035 Paulum
3551 2980 3618 3032 ad

2043 3071 2259 3127 Galatas
2302 3072 2341 3103 ¹⁷
2395 3089 2409 3126 :
2461 3071 2591 3128 Filii
2638 3078 2737 3130 mei
2781 3093 2910 3146 quos
2937 3077 3124 3131 iterum
3156 3076 3422 3145 partui-io,
3458 3075 3621 3127 donec

2038 3165 2294 3233 formetur
2340 3163 2584 3218 Christus
2638 3165 2692 3217 in
2727 3165 2892 3220 vobis.
2950 3165 3005 3218 In
3047 3164 3287 3234 Epistula
3327 3165 3393 3219 ad
3430 3163 3621 3218 Timo-

2037 3259 2221 3311 theum
2251 3255 2293 3287 "
2317 3255 2452 3309 dicit
2490 3255 2630 3310 idem
2683 3254 3000 3310 salvandam
3035 3257 3316 3309 mulierem
3358 3271 3452 3324 per
3483 3255 3619 3326 ﬁlio-

2035 3363 2154 3400 rntn
2199 3346 2617 3417 generationem,
2673 3347 2720 3399 si
2760 3346 3108 3415 permanserit
3145 3346 3202 3398 in
3241 3345 3366 3414 ﬁde,
3405 3355 3454 3399 et
3490 3344 3637 3398 dile-.

2035 3441 2229 3506 ctione,
2279 3447 2329 3492 et
2385 3438 2675 3492 sanctitate
2704 3454 2824 3490 cum
2855 3438 3123 3490 castitate.
3155 3435 3288 3502 Quae
3323 3447 3408 3491 est
3437 3445 3636 3497 autem;

2039 3533 2156 3587 haec
2178 3531 2394 3597 mulier,
2431 3530 2537 3586 nisi
2569 3530 2752 3584 anima
2776 3545 2899 3600 quae
2919 3529 3144 3584 verbum
3175 3528 3412 3598 concipit
3448 3527 3543 3583 Dei
3569 3540 3637 3585 et-

2036 3620 2307 3687 veritatis,
2339 3628 2394 3674 et
2419 3621 2560 3690 parit
2594 3634 2757 3688 opera
2786 3620 2928 3672 bona
2957 3617 3158 3672 similia
3188 3616 3407 3670 Christo
3433 3617 3456 3670 ?
3483 3614 3624 3669 lrra--

2037 3711 2296 3766 tionabile
2321 3718 2502 3780 autem
2533 3719 2615 3763 est
2639 3709 2955 3762 existimare
2991 3708 3058 3762 de
3107 3706 3351 3761 sensibili
3394 3721 3624 3776 genera-

2041 3802 2188 3856 tione
2216 3802 2423 3856 dictum
2461 3802 2610 3872 quod
2653 3800 2731 3854 ait
2763 3799 2804 3830 ¹⁹
2836 3815 2849 3851 :
2883 3796 3083 3851 Mulier
3113 3796 3329 3850 seducta
3381 3797 3436 3848 in
3480 3812 3641 3864 prosa.

2037 3892 2418 3946 uaricationem
2451 3891 2597 3960 facta
2620 3898 2722 3955 est,
2751 3887 2899 3943 salva
2937 3896 3109 3940 autem
3141 3887 3241 3940 erit
3276 3902 3368 3954 per
3391 3886 3638 3954 filiorum.

2038 3984 2448 4054 generationem,
2474 3985 2520 4037 si
2551 3980 2899 4053 permanserit
2933 3979 2992 4032 in
3021 3979 3145 4048 fide,
3173 3986 3223 4031 et
3246 3977 3549 4040 dilectione,
3573 3985 3640 4031 ct-

2039 4077 2326 4129 sanctitate
2357 4091 2475 4128 cum
2535 4074 2801 4129 castitate.
2836 4071 3050 4129 Animae
3098 4084 3231 4139 ergo
3260 4085 3380 4138 quae
3413 4070 3624 4122 not-iter

2040 4177 2407 4239 susceperunt
2432 4168 2657 4222 verbum
2682 4207 2696 4230 ,
2727 4176 2781 4221 et
2834 4165 3014 4220 adhuc
3044 4171 3388 4233 praegnantes
3417 4163 3624 4216 consti-

2041 4271 2190 4328 tntae,
2240 4263 2472 4317 necdum
2515 4259 2984 4314 fructificavernnt
3018 4256 3070 4308 in
3101 4253 3248 4310 eoin
3278 4261 3432 4306 utero
3457 4252 3620 4305 ἰωνι-

2039 4354 2317 4425 ligibiliter
2355 4355 2640 4419 habentes,
2681 4367 2789 4404 non
2821 4357 3055 4421 possunt
3083 4345 3354 4402 sustinere
3385 4353 3626 4398 stantem

2042 4443 2242 4498 inloco
2271 4453 2458 4499 sancto
2484 4441 2862 4497 adversantem
2901 4437 3114 4492 veritati
3161 4451 3493 4498 sermonem,
3530 4451 3626 4488 nc-.

357 4529 538 4586 vadat.
573 4529 718 4584 Nihil
745 4532 892 4585 enim
923 4546 1060 4600 opus
1081 4531 1301 4587 habebit
1337 4548 1565 4590 manens
1600 4535 1652 4590 in
1685 4544 1848 4601 tecto,
1883 4546 1935 4592 et
1967 4548 2015 4603 ι)
2040 4552 2148 4604 que
2197 4543 2343 4590 stare
2416 4534 2717 4604 quominus
2785 4530 3118 4586 seducantur
3171 4527 3636 4598 persuasionibus.

357 4625 638 4680 abstinens
661 4641 719 4680 se
749 4642 816 4680 ne
843 4627 1062 4697 quando
1089 4627 1213 4681 inde
1255 4627 1570 4683 descendat.
1601 4628 1665 4683 Et
1696 4631 1740 4684 si
1773 4630 1934 4686 fuerit

356 4717 478 4786 quis
515 4717 568 4771 in
590 4733 742 4787 agro,
769 4719 880 4772 sive
906 4719 959 4772 in
984 4733 1050 4777 eo
1073 4720 1126 4772 in
1177 4734 1288 4788 quo
1319 4719 1669 4776 absconditus
1695 4729 1780 4778 est
1817 4722 1936 4776 the-

357 4827 576 4874 saurus,
628 4810 771 4864 sicut
827 4810 1090 4864 Dominus
1146 4810 1221 4864 ait
1255 4811 1309 4864 in
1357 4812 1616 4879 parabola
1649 4814 1930 4882 quadam:

359 4909 456 4954 aut
506 4901 683 4972 qualis
729 4900 828 4955 fuit
861 4916 988 4970 ager
1023 4901 1112 4955 ille
1149 4900 1319 4955 Jacob
1345 4903 1560 4972 plenus,
1597 4905 1683 4956 cui
1716 4904 1936 4958 assimi-

358 4989 560 5045 laverat
592 5007 725 5046 eum
771 4992 1098 5048 benedicens
1140 5001 1291 5060 pater
1345 4992 1539 5062 ipsius,
1574 4995 1934 5050 etdicens":

361 5077 492 5134 Ecce
517 5085 646 5137 odor
675 5085 776 5154 ﬁlii
811 5085 933 5151 mei,
955 5085 1090 5138 sicut
1121 5084 1252 5138 odor
1281 5087 1399 5155 agri
1433 5086 1576 5154 pleni
1596 5103 1749 5156 quem
1784 5087 1935 5141 bene-

359 5169 496 5223 dixit
520 5171 802 5242 Dominus,
835 5176 890 5230 in
913 5191 1022 5245 quo
1049 5191 1179 5246 agro
1209 5177 1508 5231 secundum
1539 5179 1810 5247 spiritales
1839 5180 1933 5234 be-

362 5260 700 5318 nediCtiones
731 5267 887 5336 legis,
921 5266 1262 5322 benedicitur
1291 5267 1472 5323 omnis
1505 5269 1598 5339 qui
1629 5271 1932 5326 secundum

359 5353 531 5425 legem
562 5354 778 5421 vixerit,
805 5359 1019 5415 dicente
1054 5359 1340 5429 Scriptura
1391 5357 1936 5413 ":Benedictustuin

359 5445 592 5514 civitate,
635 5447 934 5504 benedictus
986 5460 1042 5504 tu
1077 5452 1131 5504 in
1158 5467 1307 5523 agro.
1337 5449 1441 5518 Qui
1464 5466 1610 5522 ergo
1639 5463 1724 5506 est
1756 5455 1808 5506 in
1841 5453 1934 5507 tali

358 5551 490 5609 agro
523 5538 692 5594 totius
722 5539 1074 5610 plantationis
1101 5559 1267 5611 quam
1302 5543 1569 5612 plantavit
1621 5541 1779 5598 Pater
1823 5559 1936 5600 cm-

429 5676 448 5708 ³
480 5676 668 5733 Matth.
697 5696 843 5743 κκιν,
868 5679 952 5733 16.
1028 5681 1048 5712 ⁹
1081 5680 1247 5737 lCor.
1282 5698 1354 5747 vr,
1384 5683 1468 5737 18.

358 5763 530 5809 xxvii,
565 5748 654 5803 ‘27.
763 5752 806 5781 “
838 5750 990 5804 Deut.
1038 5767 1229 5818 xxvnt,
1257 5754 1345 5807 55.

362 5818 404 5848 ¹⁹
431 5819 562 5873 ibid.
602 5820 686 5885 Η,
723 5819 789 5875 IS
889 5821 935 5853 ’°
964 5819 1152 5876 Matth.
1188 5840 1341 5882 XXIV.
1385 5824 1468 5879 l9.

1551 5685 1592 5715 ¹⁰
1619 5683 1778 5740 Eccli.
1813 5703 1927 5749 xu,
1969 5688 2021 5741 2.

1457 5755 1495 5784 ’⁵
1532 5753 1716 5810 Matth.
1747 5773 1895 5825 xxiv,
1943 5759 2025 5812 i9.

2035 4625 2201 4696 862
2227 4627 2364 4694 ejus.
2394 4609 2688 4694 Propterea
2729 4622 2775 4677 si
2807 4620 3105 4690 aliquando
3153 4618 3630 4674 abominationent

2035 4718 2405 4782 desolationis,
2431 4715 2730 4772 secundum
2746 4713 2894 4783 quod
2917 4711 3267 4774 tralidimns,
3294 4719 3528 4764 stantem
3563 4707 3628 4766 in.

2040 4808 2160 4862 loco
2208 4817 2400 4862 sancto
2453 4806 2651 4860 viderit
2706 4805 2889 4861 anima
2945 4803 2996 4856 in
3038 4812 3204 4855 utero.
3231 4799 3466 4862 habens,
3503 4814 3637 4865 qua}

2043 4902 2272 4955 necdum
2302 4898 2648 4953 fructificavit
2679 4913 2745 4951 ex
2772 4895 2985 4960 Verbo,‘
3016 4892 3245 4946 incurrit
3284 4890 3337 4945 in
3373 4907 3449 4945 vat
3477 4891 3633 4958 quod;

2044 4992 2314 5045 Dominus
2333 4991 2466 5044 dicit
2497 4991 2542 5022 ³ο
2577 5009 2590 5043 :
2631 4987 2719 5042 γω
2741 4985 3154 5056 pra'gnantibus.
3191 4981 3447 5052 Projicict
3474 4981 3630 5042 Clllllb

2036 5081 2472 5151 conceptionem,
2497 5089 2550 5135 et
2573 5077 2928 5134 evacuabitur
2951 5091 2981 5130 a
3010 5091 3106 5143 spe
3131 5090 3254 5145 quae
3283 5084 3364 5129 est
3392 5075 3445 5127 iu
3479 5074 3622 5128 acti-

2035 5173 2138 5228 bus
2159 5171 2425 5227 veritatis.
2463 5170 2568 5225 Sed
2591 5177 2645 5225 et
2678 5169 2728 5224 si
2754 5167 3005 5222 videatur
3037 5165 3330 5221 formatum
3359 5173 3414 5218 et
3433 5164 3635 5219 fructi...

2033 5267 2249 5322 licatum
2293 5267 2538 5329 verbum,
2577 5279 2686 5319 non
2723 5270 2904 5317 autem
2947 5260 3109 5314 fuerit
3138 5258 3442 5314 enutritum
3472 5257 3634 5311 sultis.

2039 5358 2246 5412 cienter
2280 5353 2608 5426 augentibus
2631 5361 2686 5407 et
2721 5364 2978 5420 magnum
3021 5345 3346 5403 facientibus
3377 5361 3503 5400 eum
3529 5360 3638 5398 nu-.

2043 5450 2337 5514 trimentis,
2371 5447 2465 5502 sed
2495 5444 2758 5500 manserit
2797 5444 3171 5504 inunaturum,
3211 5438 3513 5494 secundum
3549 5434 3623 5490 si-

2044 5540 2406 5597 militudinem
2464 5537 2714 5610 sugentis
2770 5535 2972 5592 factum
3011 5543 3116 5596 est.
3160 5540 3215 5587 et
3243 5545 3404 5601 super
3433 5529 3635 5599 hujus--

2818 5680 2858 5712 ¹²
2892 5679 3027 5733 GN].
3066 5691 3214 5735 XXVI,
3238 5675 3327 5736 53.
3410 5675 3451 5706 ³³
3484 5673 3615 5729 Con.

2106 5688 2143 5718 “
2175 5685 2307 5740 Gen.
2340 5699 2507 5746 xxvn,
2545 5681 2736 5737 42-41.
2818 5681 2858 5712 ”
2892 5681 3027 5733 Gen.
3066 5691 3214 5735 xxvr,
3238 5681 3327 5736 52.
3410 5681 3451 5706 "
3484 5681 3615 5729 Gen.

2130 5759 2170 5788 ”
2203 5757 2302 5810 lsa.
2346 5769 2489 5811 xxvi.
2535 5753 2618 5808 18.
2732 5753 2771 5784 ¹⁷
2811 5767 2881 5811 Iv,
2935 5750 3016 5802 li).
3120 5747 3158 5779 "
3194 5747 3211 5800 l
3246 5743 3383 5800 Tim.
3430 5761 3488 5811 ll,
3537 5747 3622 5804 l3.

2130 5759 2170 5788 ”
2203 5757 2302 5810 lsa.
2346 5769 2489 5817 xxvi,
2535 5753 2618 5808 18.
2732 5753 2771 5784 ¹⁷
2811 5767 2881 5815 Iv,
2935 5750 3016 5802 l9.
