4112 6416
500 383 633 439 16015

1686 380 2013 439 οιιιϐιςΝιε
2051 379 2114 438 IN
2150 382 2572 443 MAT'I’HIEUM‘

3600 374 3736 437 1664

495 502 643 556 modi
685 498 1061 572 generationes
1098 497 1278 553 veniet
1316 497 1461 567 quod
1510 511 1673 566 super
1698 508 1973 568 augentes.
2001 496 2059 552 Si
2087 501 2135 557 Α
2162 495 2599 555 fornicationem.
2633 497 2701 554 Et
2748 512 2857 555 non
2909 496 3085 552 solum
3121 494 3411 554 fornicatio
3447 496 3607 553 nobis
3652 505 3738 551 est

495 601 702 656 autem,
754 592 898 647 sicut
937 590 991 644 in
1031 589 1215 644 multis
1250 588 1653 658 exemplaribus
1688 589 1950 658 scriptum
1982 598 2068 645 est

493 701 573 740 ea:
596 685 921 755 augentibus,
976 680 1266 736 dicendum
1302 689 1387 735 est
1425 680 1683 749 quoniam
1708 680 1906 734 anima:
1936 689 2067 734 sunt

495 792 619 846 qua:
650 777 923 831 laetantur
965 773 1167 839 adhuc,
1199 772 1265 827 ad
1293 787 1433 842 quas
1458 772 1590 827 dicit
1631 772 1930 842 Apostolus
1965 774 2009 804 ²¹
2047 792 2064 827 :

493 869 604 922 Lac
636 868 778 923 nobis
800 876 982 937 potum
1021 865 1143 918 dedi
1179 881 1284 918 non
1316 880 1516 929 escam,
1551 866 1783 918 nondum
1808 865 1946 919 enim
1972 880 2069 933 po-

500 960 710 1023 teratis,
760 956 852 1011 sed
906 973 1000 1011 nec
1042 970 1208 1025 usque
1236 954 1409 1008 adhuc
1441 954 1680 1022 potestis,
1706 953 1880 1008 adhuc
1922 956 2063 1009 enim

487 1049 616 1103 estis
660 1047 926 1103 carnales.
973 1046 1113 1101 Dicit
1155 1054 1335 1100 autem
1380 1054 1435 1101 et
1475 1045 1606 1100 alibi
1630 1046 1712 1099 “:
1739 1044 1896 1099 Facti
1936 1046 2062 1100 estis

485 1156 619 1209 opus
645 1139 890 1194 habentes
929 1138 1089 1200 lacte,
1112 1147 1161 1191 ct
1206 1152 1308 1190 non
1335 1136 1513 1190 solida
1540 1152 1680 1191 esca.
1711 1135 1895 1192 Omnis
1920 1139 2061 1191 enim

485 1231 577 1298 qui
602 1227 738 1282 facte
773 1228 958 1293 alitur,
998 1228 1274 1297 imperitus
1300 1237 1376 1281 est
1403 1227 1553 1282 verbo
1575 1229 1811 1298 justititc
1832 1244 2061 1299 :pareu-

484 1320 568 1372 tus
599 1320 734 1373 enim
759 1328 858 1374 est.
892 1318 1011 1373 Istae
1042 1328 1174 1374 sunt
1201 1336 1330 1391 ergo
1353 1317 1551 1373 anima:
1576 1333 1698 1389 qua!
1719 1327 1938 1389 propter
1972 1320 2060 1372 in-

486 1411 823 1475 firmitatem,
854 1410 1061 1480 etquis
1092 1409 1251 1467 facile
1297 1411 1654 1475 sedueuutur,
1684 1423 1794 1464 non
1828 1419 2061 1480 possunt

486 1499 934 1556 lnseductihiliter
971 1515 1291 1569 permanere
1330 1499 1383 1553 in
1432 1507 1729 1568 conspectu
1774 1499 2061 1555 abomina-

485 1590 652 1645 tionis
683 1590 1034 1647 desolationis
1077 1591 1271 1646 stantis
1301 1590 1354 1644 in
1392 1589 1514 1645 loco
1547 1598 1737 1645 sancto
1767 1605 1781 1642 :
1821 1590 2057 1648 seducta:

482 1681 628 1735 enim
663 1682 1012 1737 consentiunt
1039 1682 1109 1747 ei,
1144 1691 1331 1752 utpote
1361 1682 1490 1739 Deo.
1525 1679 1592 1735 Et
1619 1690 1704 1736 est
1734 1682 1916 1737 videre
1945 1685 2058 1739 ha:-

484 1773 772 1825 reticorum
839 1771 1113 1828 Ecclesias
1175 1772 1365 1843 plenas
1413 1773 1480 1828 de
1512 1773 1876 1828 lamentandis
1915 1790 2053 1844 prte-

2171 587 2447 660 fugienda,
2497 591 2591 646 sed
2631 600 2688 646 et
2719 606 2882 646 omne
2919 601 3218 661 peccatum.
3264 590 3387 646 Ideo
3432 591 3570 646 bene
3601 588 3737 644 dixit

2169 680 2448 751 Scriptura
2476 684 2520 714 ’⁷
2552 701 2566 736 :
2600 681 2815 747 Quasi‘a
2845 685 2982 753 facie
3014 684 3266 753 serpentis
3293 683 3415 753 fuge
3439 692 3734 752 peccatum.

2166 770 2502 842 Frequenter
2550 783 2730 828 autem
2760 776 3013 830 convenit
3046 774 3230 845 fugere
3263 777 3333 830 ab
3362 774 3737 840 Antichristo,

2163 863 2330 917 verbo
2376 873 2427 917 et
2481 861 2602 918 falsi
2658 864 2896 919 nominis
2938 864 3187 928 scientia,
3238 866 3477 918 maxime
3514 864 3736 932 quando

2164 953 2399 1008 necdum
2432 954 2512 1009 sic
2530 954 2759 1010 idoneus
2784 965 2871 1010 est
2899 955 3061 1009 homo
3082 965 3141 1011 ut
3173 954 3369 1010 habeat
3389 955 3443 1007 in
3470 969 3529 1008 se
3552 953 3736 1008 Domi-

2164 1055 2296 1095 num
2344 1052 2685 1111 aperantem,
2726 1042 2819 1110 qui
2871 1042 3126 1098 interficit
3174 1043 3369 1112 spiritu
3418 1043 3532 1098 oris
3579 1042 3665 1097 sui
3691 1042 3734 1074 "'

2163 1130 2547 1199 persuasiones
2595 1132 3047 1198 mendaciorum;
3094 1147 3195 1187 nec
3228 1130 3474 1187 ascendit
3514 1130 3580 1186 ad
3611 1144 3735 1186 tan-

2161 1230 2275 1275 tum
2319 1222 2646 1289 altitudinis,
2696 1232 2758 1277 ut
2794 1223 2994 1278 habeat
3033 1224 3085 1278 in
3116 1238 3317 1278 secum
3351 1222 3446 1293 qui
3501 1222 3738 1277 destruit

2158 1314 2558 1373 illuminationc
2594 1318 2859 1374 adventus
2905 1319 3002 1375 sui‘
3036 1335 3259 1375 omnem
3318 1319 3749 1390 persuasionem.

2160 1405 2686 1463 verisimilitudinem
2719 1410 2967 1467 veritatis
2997 1411 3283 1467 habentem
3328 1420 3382 1466 et
3415 1411 3735 1467 assitmlau-

2160 1503 2267 1553 tem
2305 1513 2364 1554 se
2389 1499 2623 1554 veritati.
2663 1500 2767 1567 Qui
2807 1511 2988 1557 autem
3016 1501 3173 1574 fugit,
3207 1503 3371 1559 debet
3399 1519 3733 1575 cognoscere

2158 1588 2321 1643 etiam
2351 1589 2532 1671 locum
2560 1590 2625 1646 ad
2650 1607 2812 1660 quem
2858 1591 3044 1664 fugere
3081 1594 3259 1659 debet,
3292 1602 3347 1649 et
3377 1610 3539 1649 orare
3566 1597 3730 1651 etiam

2157 1689 2379 1750 propter
2407 1691 2642 1752 tempus,
2673 1691 2734 1737 ut
2763 1698 2869 1738 non
2902 1684 2957 1738 in
2998 1699 3064 1740 eo
3105 1693 3347 1755 tempore
3379 1684 3551 1755 fugiat
3586 1688 3730 1756 quod

2157 1782 2242 1831 cst
2271 1774 2641 1830 adversarium
2678 1772 2840 1844 fugae.
2873 1773 3017 1829 Loca
3051 1789 3182 1847 ergo
3216 1774 3547 1847 fugientibus
3572 1787 3732 1831 erunt

481 1863 795 1932 gttnntibus,
849 1864 935 1919 vel
985 1865 1375 1929 nutrientibus,
1421 1865 1507 1919 vel
1550 1864 1892 1933 sugentibus.
1934 1868 2059 1924 Ple-
2092 1846 2134 1901 Β
2161 1874 2552 1935 montes,quos
2571 1864 2826 1922 Christus
2847 1866 3106 1934 ostendit,
3130 1846 3390 1923 dicens"
3422 1885 3439 1921 :
3471 1866 3615 1921 Tunc
3641 1871 3730 1940 qui

478 1967 710 2022 rumque
737 1951 883 2007 enim
937 1947 1138 2009 animai.
1180 1969 1303 2025 quae
1356 1959 1424 2008 in-
1441 1952 1686 2010 Ecclesia
1711 1966 2054 2027 przegnantes

478 2041 720 2110 fuerunt,
748 2053 845 2100 aut
892 2044 1217 2119 nutrientes,
1261 2053 1359 2099 aut
1400 2053 1679 2115 sugentes,
1712 2043 1934 2101 fuerunt
1966 2060 2054 2102 se-

476 2134 654 2189 ductzn
683 2150 713 2189 a
743 2134 1099 2191 desolationis
1129 2135 1537 2191 abominatione
1568 2150 1586 2190 :
1614 2143 1669 2190 et
1714 2135 1950 2192 seducta:
1982 2137 2053 2193 ab

475 2240 543 2279 eo
568 2225 732 2281 verbo
759 2225 896 2282 falso
914 2225 1005 2297 qui
1024 2234 1131 2282 stat
1156 2226 1353 2282 inloco
1381 2236 1570 2283 sancto
1596 2242 1693 2297 per
1714 2226 1904 2282 falsam
1941 2234 2054 2282 tra-

475 2316 736 2371 ditionem
792 2318 1106 2388 drgmatum
1164 2333 1573 2389 perversorum,
1623 2319 2052 2376 abominationis

475 2407 621 2463 illius
646 2418 1003 2479 susceperunt
1026 2425 1105 2464 vae
1132 2409 1276 2480 quod
1315 2424 1344 2464 a
1381 2407 1617 2464 Domino
1635 2407 1836 2465 factum
1863 2417 1949 2466 est
1968 2412 2047 2467 ’λε

484 2497 571 2551 Va:
601 2498 657 2551 in
687 2510 834 2553 utero
884 2499 1193 2555 [tabentibus
1233 2510 1280 2555 et
1312 2500 1684 2555 nutrientibus.
1720 2500 1836 2557 Non
1868 2513 2051 2559 autem

477 2591 939 2661 quandocunque,
988 2592 1082 2647 sed
1134 2592 1187 2647 in
1248 2592 1442 2648 diebus
1476 2591 1583 2648 illis
1625 2593 2051 2652 abominationis

470 2682 824 2738 desolationis
867 2682 1292 2761 desolationum.
1343 2682 1536 2739 Omnis
1565 2684 1709 2740 enim
1753 2686 1847 2756 qui
1898 2686 2052 2742 audit

468 2772 632 2828 verba
663 2773 1000 2844 iniquitatem
1029 2774 1080 2829 in
1130 2775 1406 2831 excelsum
1440 2774 1805 2846 loquentium,
1838 2786 1893 2832 et
1921 2794 2048 2834 sus-

468 2865 601 2935 cipit
625 2882 689 2922 ea
719 2867 773 2921 in
815 2868 1007 2924 diebus
1027 2867 1168 2938 ejus,
1205 2868 1292 2923 ille
1322 2866 1733 2926 abominatione
1751 2871 2049 2928 desolatio-

469 2958 555 3014 nis
581 2960 835 3016 subditus
875 2962 948 3016 fit.

538 3051 629 3106 44.
650 3051 813 3107 Orate
864 3062 1038 3108 autem
1072 3061 1129 3107 ut
1160 3070 1222 3108 ne
1250 3055 1346 3124 ﬁat
1377 3054 1504 3127 fuga
1548 3066 1720 3111 vestra
1754 3054 1921 3111 hieme
1969 3057 2051 3111 vel

2156 1956 2213 2008 in
2237 1954 2429 2010 Judtea
2449 1965 2593 2021 sunt,
2619 1957 2827 2028 fugiant
2858 1960 2912 2012 in
2949 1966 3169 2012 montes.
3208 1956 3275 2012 Et
3304 1958 3409 2028 qui
3432 1957 3647 2030 fugiunt
3677 1960 3735 2013 in

2157 2046 2292 2103 istos
2336 2057 2549 2104 montes
2598 2048 2785 2104 dicant
2807 2049 3076 2119 psalmum
3115 2049 3382 2119 graduum
3407 2048 3485 2105 sic
3524 2049 3731 2105 baben-

2156 2145 2263 2192 tem
2297 2137 2341 2170 ⁸⁸
2371 2162 2383 2194 ;
2412 2138 2603 2194 Levavi
2643 2140 2822 2194 oculos
2861 2156 3002 2195 meos
3036 2142 3091 2194 in
3136 2151 3355 2205 montes,
3399 2140 3534 2196 unde
3562 2123 3746 2196 veniet-

2154 2227 2418 2282 auxifium
2477 2229 2630 2283 mihi.
2685 2229 2809 2284 Ideo
2866 2240 3044 2285 autem
3102 2230 3241 2285 tollit
3285 2231 3473 2286 oculos
3515 2244 3646 2286 suos
3677 2233 3728 2285 in

2153 2331 2390 2383 montes,
2417 2320 2545 2390 quia
2575 2320 2676 2375 scit
2703 2321 3092 2377 abundantiam
3117 2336 3238 2391 qua:
3262 2332 3345 2377 est
3374 2321 3427 2376 in
3450 2322 3728 2376 montibus

2153 2410 2293 2478 illis;
2325 2420 2611 2481 propterea
2635 2412 2771 2468 dicit
2796 2412 2839 2444 ³¹
2873 2430 2888 2467 :
2924 2411 3297 2472 Fundamenta
3324 2412 3439 2481 ejus
3468 2413 3523 2465 in
3573 2427 3729 2465 mon-

2153 2507 2290 2559 tibus
2321 2506 2537 2560 sanctis.
2572 2504 2637 2561 Et
2661 2505 2708 2562 si
2738 2504 2935 2574 fugerit
2960 2505 3013 2558 in
3041 2513 3255 2559 montes
3295 2518 3436 2572 quos
3476 2503 3729 2572 praecepit

2153 2595 2439 2661 Dominus,
2498 2596 2675 2652 veniet
2722 2598 2788 2651 ad
2835 2596 3014 2651 locum
3040 2604 3310 2661 sanctum,
3344 2594 3398 2648 in
3418 2608 3528 2664 quo
3553 2592 3733 2651 factus.

2151 2696 2206 2743 et
2239 2688 2426 2743 ridens
2474 2688 2653 2744 \isum
2677 2688 2826 2743 illum
2868 2702 3148 2758 magnum,
3178 2685 3323 2742 dicet
3349 2684 3494 2755 quod
3520 2684 3727 2739 dictum

2149 2790 2234 2835 est
2266 2781 2313 2812 ³⁸
2342 2779 2671 2836 :Transiens
2719 2779 2902 2835 ridebo
2926 2780 3096 2834 uisant
3147 2777 3286 2832 hunc
3346 2793 3615 2847 magnum.
3660 2773 3743 2830 Et.

2149 2871 2245 2941 qtti
2278 2871 2591 2942 huiusmodi
2627 2881 2732 2938 est,
2760 2870 2946 2926 audiet
2972 2867 3160 2926 :Solvc
3189 2868 3601 2923 calceamentunt
3640 2881 3728 2936 pc-

2149 2965 2275 3023 dum
2304 2974 2539 3031 tuorum,
2571 2965 2716 3019 locus
2746 2965 2882 3019 enim
2906 2965 2956 3018 in
2980 2979 3081 3034 quo
3115 2972 3171 3016 tu
3193 2971 3326 3027 stas,
3361 2970 3504 3014 terra
3538 2968 3727 3014 sancta

2148 3066 2223 3111 est
2246 3057 2307 3115 ³³,
2342 3056 2579 3128 Fugiant
2595 3072 2727 3129 ergo
2750 3058 2803 3112 in
2830 3065 3043 3112 montes
3064 3054 3157 3126 qui
3181 3054 3396 3125 fugiunt
3421 3050 3723 3109 secundum

469 3141 724 3197 Sabbato.
760 3142 1040 3209 Estenitn,
1073 3144 1490 3212 sicutdiximus,
1513 3148 1760 3217 quaedam
1783 3145 1909 3218 fuga
1943 3147 2044 3201 ho-
2088 3216 2113 3219 Α
2152 3147 2247 3204 Dei
2308 3149 2646 3205 mandatum.
2708 3148 2981 3216 Quoniam
3035 3162 3166 3219 ergo
3218 3146 3274 3201 in
3332 3143 3727 3215 tranquillitate

469 3232 680 3288 minum
739 3234 1041 3289 secundum
1099 3247 1428 3305 prmcrptum
1469 3216 1656 3303 verbi,
1696 3247 1760 3293 ut
1786 3216 1879 3307 qui
1910 3236 2047 3307 fugit
2073 3216 2114 3272 ο
2151 3240 2349 3296 anima:
2375 3243 2686 3297 constitutae
2714 3250 2945 3311 possunt
2965 3216 3261 3311 impetrare
3288 3236 3470 3307 fugam
3507 3234 3722 3302 salutis,

466 3343 595 3396 qua:
632 3325 817 3396 fugere
847 3335 1077 3396 oportet.
1112 3329 1305 3383 melior
1333 3330 1404 3386 sit
1428 3343 1494 3384 eo
1518 3330 1611 3399 qui
1647 3345 1755 3384 non
1785 3329 1942 3400 fugit.
1970 3329 2048 3402 [et

467 3419 589 3472 ideo
607 3418 730 3473 talia
747 3428 799 3473 et
823 3418 1025 3489 majora
1047 3419 1311 3491 delinquit
1326 3436 1421 3490 per
1437 3420 1540 3475 hoc
1555 3421 1699 3490 quod
1729 3435 1836 3474 non
1861 3419 2045 3493 fugit,]

465 3510 559 3564 sed
591 3512 943 3582 semetipsum
966 3512 1241 3568 subditum
1263 3511 1391 3569 facit
1421 3512 1776 3583 perdentibus
1803 3513 2043 3569 animam

466 3602 646 3657 malis.
679 3601 834 3669 Quod
888 3611 971 3658 est
1024 3614 1207 3660 autem
1251 3606 1549 3661 constituta
1586 3604 1712 3675 fuga
1736 3614 1900 3677 atque
1925 3606 2047 3664 lau-

464 3694 657 3749 dabilis
688 3694 974 3752 manifeste
1002 3696 1702 3767 docetApostolus,dicens
1730 3699 1775 3730 "
1801 3718 1814 3753 ε
1853 3696 2045 3771 Fugite

465 3787 894 3856 fornicationem.
927 3785 1089 3859 Fugit
1114 3797 1295 3843 autem
1323 3785 1741 3844 fornicationem
1787 3791 1882 3861 qui
1925 3807 2047 3847 om-

464 3895 587 3932 nem
623 3879 970 3933 occasionem
1000 3880 1305 3935 irritantem
1339 3887 1395 3934 et
1425 3888 1815 3940 provocantem
1844 3884 1911 3937 ad
1932 3882 2049 3939 for-

462 3968 757 4023 tricandum
779 3968 965 4038 evitat,
993 3980 1049 4026 ct
1089 3986 1264 4041 neque
1291 3971 1582 4035 iuvenibus
1630 3975 2043 4042 commiscetur,

459 4058 516 4115 in
553 4069 814 4131 quantum
851 4071 1046 4133 potest,
1102 4078 1171 4118 ne
1215 4065 1353 4120 forte
1394 4075 1752 4121 consumatur
1783 4082 1879 4137 per
1907 4083 2040 4135 eas;

460 4168 639 4223 neque
684 4155 966 4211 descendit
1008 4157 1074 4212 ad
1126 4164 1550 4214 consuetudines
1601 4175 1794 4215 eorum
1825 4160 2041 4223 talium,

462 4246 555 4299 sed
583 4248 780 4301 avertit
812 4263 873 4303 se
898 4248 1124 4304 omnino
1147 4249 1216 4303 ab
1249 4249 1564 4319 hujusmodi
1598 4250 1883 4306 hominum
1908 4266 2043 4305 con-

459 4337 835 4394 ritationibus.
891 4340 995 4406 Qui
1019 4341 1136 4395 vult
1168 4340 1357 4411 fugere
1386 4340 1828 4406 fornicationem,
1854 4342 2041 4397 audiat

459 4438 514 4479 et
547 4428 675 4482 illud
718 4429 863 4499 quod
904 4429 1105 4484 dicitur
1129 4430 1176 4463 "
1210 4448 1225 4489 :
1255 4429 1385 4483 Cum
1422 4430 1695 4485 saltatrice
1736 4431 1847 4484 noli
1900 4432 2040 4485 assi-

458 4521 595 4575 duus
617 4536 750 4585 esse,
805 4537 869 4575 ne
919 4521 1056 4591 forte
1105 4522 1435 4576 consumaris
1476 4522 1529 4575 in
1583 4521 1865 4577 desideriis
1894 4522 2031 4592 ejus.
2069 4557 2110 4612 Β

459 4608 619 4679 Fugit
643 4618 825 4664 autem
858 4607 1271 4665 fornicationem
1292 4610 1677 4677 abundantius,
1710 4612 1802 4682 qui
1839 4626 2035 4668 accen-

458 4700 651 4756 tlt-ntes
690 4708 745 4755 et
787 4700 1132 4757 excitatrices
1179 4702 1405 4757 seminis
1448 4718 1624 4772 escas,
1661 4704 1714 4760 in
1766 4716 2032 4777 quantum

460 4792 625 4857 \alet,
648 4792 837 4855 evitat,
863 4802 919 4848 et
957 4794 1103 4860 vino,
1135 4795 1179 4850 si
1209 4804 1384 4865 potest
1420 4796 1554 4859 ﬁeri,
1589 4812 1696 4853 non
1728 4800 1903 4854 utitur
1932 4800 2036 4855 do-

459 4899 557 4939 ilt'C
590 4892 833 4940 transeat
860 4884 1155 4940 ferventior
1197 4897 1347 4942 tetas.
1377 4878 1442 4942 Si
1468 4898 1649 4944 autem
1685 4891 1880 4956 utitur,
1914 4907 2035 4947 mo-

455 4975 582 5029 dico
628 4983 813 5031 utatur
844 4978 1145 5032 secundum
1189 4979 1550 5049 apostolicum
1585 4992 1912 5053 przeceptum
1949 4984 2035 5039 di-

454 5084 585 5124 rens
616 5067 903 5125 Timotheo
931 5071 977 5102 '°
1002 5087 1015 5122 :
1048 5068 1171 5124 lam
1202 5070 1311 5126 noli
1342 5089 1534 5144 aquam
1574 5073 1767 5137 bibere.
1798 5076 1890 5130 sed
1913 5077 2033 5131 uino

456 5162 661 5216 modico
681 5171 828 5216 utere
855 5171 1068 5232 propter
1098 5164 1427 5218 stomachum
1456 5178 1630 5231 tuam,
1657 5177 1705 5221 et
1737 5168 2035 5238 frequentes

456 5265 575 5307 mas
605 5254 967 5324 inﬁrmitates.
1003 5252 1070 5307 Et
1105 5256 1235 5325 quid
1294 5256 1603 5324 plura?llle
1624 5266 1709 5313 est
1738 5260 1832 5328 qui
1863 5258 2037 5315 fomi-

454 5347 723 5401 t-ationem
760 5345 916 5416 fugit,
950 5355 1003 5400 ct
1032 5363 1247 5417 semper
1283 5347 1466 5418 fugam
1509 5348 1668 5403 istam
1707 5350 2037 5405 laudabilem

452 5447 709 5504 operatur
736 5452 907 5507 qutea
946 5436 1056 5491 Deo
1084 5435 1270 5506 fugere
1306 5453 1413 5490 non
1438 5440 1726 5508 permittit.
1761 5440 2029 5509 Operatur

453 5534 635 5580 autem
686 5527 827 5580 hanc
858 5526 1041 5597 fugam
1077 5525 1168 5597 qui
1209 5537 1491 5597 promptus
1512 5540 1595 5585 est
1624 5529 1689 5584 ad
1721 5528 2029 5601 fugiendam

560 5665 600 5692 "
641 5664 654 5713 l
693 5665 824 5718 Cor.
861 5681 946 5729 ill,
991 5665 1047 5721 2.

472 5731 518 5761 ⁸⁸
543 5731 559 5782 l
581 5729 719 5785 Tim.
751 5751 803 5797 ν,
840 5735 929 5797 25.

466 5816 676 5865 Lxxu't,
739 5804 783 5853 Ι.

1152 5671 1196 5702 ⁸³
1253 5666 1415 5724 Ιῐυιιν.
1474 5686 1528 5733 v,

1041 5739 1083 5767 ”
1118 5737 1282 5792 liccli.
1314 5756 1423 5796 xxt.
1453 5741 1506 5793 2.

1583 5670 1669 5727 1'2.
1732 5671 1814 5724 15.

1893 5669 1938 5702 "
1983 5669 2171 5724 Matth.
2229 5684 2397 5725 xxiv,

1614 5742 1657 5770 “
1702 5739 1742 5792 ll
1771 5740 1963 5800 Thess.
2035 5759 2094 5802 tt,
2127 5744 2182 5793 5.

890 5806 907 5833 ¹
944 5805 1115 5859 Exol.
1146 5823 1227 5871 iii,
1264 5809 1316 5861 3.
1397 5811 1439 5843 ³³
1475 5809 1602 5872 ibid.
1637 5811 1689 5865 5.
1762 5811 1808 5841 ³³
1835 5810 2021 5865 Matth.

2156 5853 2169 5876 ,
2201 5810 2288 5863 ‘26.
2371 5809 2412 5840 ⁸³
2440 5807 2610 5862 Matth
2662 5803 2924 5872 κυηὲἒι.

2150 3330 2329 3386 hieme
2381 3340 2565 3386 autem
2626 3329 3119 3401 eomprehendente
3172 3328 3462 3384 incurrunt
3523 3325 3579 3380 in
3628 3339 3728 3393 eos

2146 3437 2286 3493 quos
2320 3422 2554 3494 fugiunt,
2576 3423 2697 3478 ideo
2727 3431 2887 3477 orent
2902 3430 2962 3476 ut
2988 3436 3056 3476 ne
3079 3420 3173 3475 fiat
3192 3418 3319 3489 fuga
3339 3431 3530 3474 eorum
3547 3416 3726 3473 hieme

2146 3518 2230 3573 vel
2263 3516 2523 3582 Sabhato,
2551 3516 2597 3572 si
2637 3515 2857 3586 quidem
2893 3513 3198 3585 vigilaverit
3230 3510 3485 3568 Christus
3531 3511 3587 3566 in
3619 3510 3723 3566 eis.

2148 3606 2206 3663 Si
2255 3617 2436 3663 autem
2489 3604 2868 3669 obdormierit,
2926 3613 3059 3659 tunc
3110 3602 3447 3658 descendens
3488 3602 3723 3671 procella

2144 3700 2294 3755 venti
2348 3698 2403 3753 in
2461 3707 2736 3769 stagnum,
2769 3694 3063 3752 descendet
3091 3694 3254 3751 etiam
3279 3707 3443 3762 super
3468 3707 3595 3747 eum
3627 3692 3721 3763 qui

2144 3790 2303 3861 fugit,
2341 3790 2471 3861 quia
2519 3805 2627 3846 non
2659 3786 2870 3861 [simul]
2925 3787 3087 3843 Jesus
3135 3785 3273 3857 fugit
3304 3800 3430 3841 cum
3460 3784 3604 3853 ipso,
3632 3799 3725 3839 os-

2148 3884 2374 3940 tendens
2407 3883 2455 3937 ei
2480 3881 2662 3952 fugam
2711 3881 2933 3951 optimae
2958 3880 3079 3935 vite.
3114 3879 3319 3935 Tamen
3355 3881 3400 3935 si
3424 3876 3729 3933 descende-

2144 3976 2218 4030 rit
2266 3975 2560 4045 aliquando
2612 3973 2871 4045 procella,
2902 3981 2957 4028 et
2990 3972 3225 4026 hiemem
3260 3970 3426 4026 fuerit
3475 3978 3736 4040 operata,

2144 4076 2258 4120 oret
2287 4066 2411 4135 quis
2463 4074 2518 4120 et
2574 4066 2803 4120 suscitet
2838 4063 3179 4119 orationibus
3218 4062 3333 4118 suis
3356 4060 3636 4117 Christum
3663 4070 3734 4116 ut

2144 4157 2369 4227 imperet
2402 4166 2564 4211 vento
2599 4166 2653 4211 et
2689 4154 2825 4210 mari
2853 4155 2917 4222 “,
2946 4163 3005 4209 ut
3037 4154 3425 4225 tranquillitate
3448 4152 3591 4209 facta
3616 4154 3720 4208 ite-

2142 4261 2262 4299 rum
2294 4244 2484 4316 fugiat,
2521 4252 2581 4298 ut
2619 4259 2727 4298 non
2755 4242 3250 4312 comprehendatur
3270 4255 3301 4296 a
3334 4239 3720 4306 fornicatione,

2142 4344 2232 4390 aut
2262 4334 2513 4398 avaritia,
2542 4340 2638 4387 aut
2666 4347 2697 4386 a
2740 4331 2913 4403 gloria
2945 4346 3105 4396 vana,
3138 4339 3236 4385 aut
3264 4330 3333 4384 ab
3361 4328 3548 4399 aliquo
3576 4328 3729 4383 malo

2141 4435 2501 4497 persequente
2548 4440 2628 4487 se,
2676 4424 2759 4480 vel
2793 4424 2862 4478 ab
2896 4424 3014 4493 ipsa
3063 4421 3472 4479 abominatione
3504 4420 3727 4477 desola-

2140 4520 2326 4589 tionis,
2351 4517 2517 4592 863
2542 4518 2595 4573 id
2625 4526 2710 4573 est
2733 4518 2984 4587 dogmate
3008 4515 3169 4573 falso.

2209 4614 2297 4670 45.
2325 4614 2486 4670 Orate
2513 4622 2568 4666 ut
2604 4627 2667 4666 ne
2692 4611 2786 4681 ﬁat
2817 4610 2944 4681 fuga
2986 4619 3158 4665 vestra
3190 4610 3358 4666 hieme
3384 4610 3460 4665 uel
3488 4607 3722 4665 Sabbata

2139 4706 2205 4758 ³⁸.
2245 4704 2386 4759 Deus
2419 4703 2471 4756 in
2504 4718 2600 4757 δτι
2629 4702 2823 4756 diebus
2853 4700 2981 4756 fecit
3006 4715 3169 4770 opera
3198 4702 3386 4755 mundi
3414 4709 3469 4755 et
3497 4699 3717 4769 requie-

2137 4801 2215 4854 vit
2245 4798 2299 4853 in
2331 4796 2591 4852 Sahbato.
2626 4793 2913 4864 Requievit
2935 4804 3115 4849 autem
3143 4794 3212 4848 ab
3244 4792 3501 4863 operibus
3530 4788 3717 4843 mundi

2138 4905 2260 4961 qua:
2281 4888 2461 4944 facere
2480 4886 2664 4958 coepit.
2698 4883 2872 4955 Opera
2904 4895 3086 4940 autem
3113 4884 3340 4955 iustitia:
3359 4893 3573 4946 semper
3596 4876 3716 4929 sine

2137 4982 2293 5037 initio
2326 4990 2584 5052 operatur
2619 4989 2673 5035 et
2704 4979 3018 5050 operabitur
3054 4977 3172 5032 sine
3213 4974 3356 5027 fine:
3401 4977 3455 5023 et
3494 4968 3574 5023 sic
3613 4969 3713 5021 ho-

2139 5072 2349 5128 minum
2384 5086 2555 5141 genus
2597 5078 2723 5125 ante
2756 5070 2961 5127 Christi
2995 5070 3284 5124 adventum
3334 5062 3541 5132 operati
3588 5066 3719 5117 sunt

2136 5180 2328 5219 omnes
2359 5178 2522 5232 opera
2570 5162 2780 5227 mundi,
2801 5172 2854 5217 et
2880 5177 3042 5218 nemo
3077 5156 3341 5229 requievit
3370 5155 3439 5210 ab
3463 5155 3564 5221 eis,
3592 5154 3720 5209 sab-

2141 5253 2387 5307 batizans
2412 5251 2619 5321 iugiter
2648 5252 2717 5307 ah
2748 5253 3002 5321 operibus
3034 5249 3211 5303 bouis.
3252 5245 3487 5301 Veniens
3531 5254 3718 5299 autem

2140 5343 2405 5399 Dominus
2438 5353 2623 5398 noster
2669 5344 2965 5398 Sabhatum
3015 5349 3258 5393 nostrum
3290 5347 3343 5392 ct
3376 5337 3592 5406 requies
3623 5351 3723 5389 no-

2140 5446 2275 5499 stra,
2330 5437 2508 5491 attulit
2552 5437 2709 5492 nobis
2757 5434 2997 5503 requiem
3042 5430 3263 5485 Sabbati
3305 5431 3413 5495 sui,
3468 5439 3527 5485 ut
3579 5430 3721 5485 sicut

2141 5528 2229 5581 ille
2279 5528 2543 5597 requievit
2585 5529 2638 5583 in
2673 5526 2911 5582 Sabbato
2951 5525 3019 5578 ab
3065 5526 3323 5594 operibus
3351 5523 3563 5588 mundi,
3615 5537 3720 5576 non

3246 5667 3287 5694 ’⁵
3337 5663 3501 5719 Εεί-ιί.
3538 5679 3623 5720 Ix.
3665 5661 3718 5714 4.

3254 5750 3378 5787 cxx.
3491 5734 3532 5764 ³¹
3574 5731 3718 5787 Psal.

3618 5750 3643 5788 5

2461 5667 2542 5719 l9.
2644 5663 2736 5718 "l
2775 5662 2902 5716 Cor.
2943 5680 3017 5724 vt,
3070 5664 3151 5716 IS.

2294 5741 2335 5771 ‘9
2367 5738 2558 5791 Matth.
2601 5751 2745 5795 xxtv,
2797 5733 2879 5785 lii.
2996 5734 3038 5765 3°
3069 5734 3210 5792 l‘sal.
3254 5750 3378 5790 cxx.
