4112 6488
418 347 556 403 16ΰὸ

1546 343 2201 402 COMMENTMHORI'M
2248 343 2507 405 SEiliES.

3548 352 3684 405 H366

417 482 597 528 autem
633 468 895 538 requievu
925 467 993 521 ab
1026 464 1544 536 operibusjustitize,
1570 467 1659 532 sic
1686 477 1740 522 et
1769 483 1869 523 nos
1899 482 1994 537 per
2028 474 2063 527 Α
2096 466 2263 531 tione,
2287 466 2445 536 quasi
2470 480 2576 518 non
2605 465 2674 519 sit
2697 466 3030 520 abominatio
3056 468 3432 535 desolationis,
3461 479 3515 523 et
3538 469 3682 523 νὶιιει

418 564 597 631 ipsum
649 560 1053 617 sabbatizemus
1103 559 1171 612 ab
1219 557 1476 626 operibus
1504 559 1897 623 mundialibus,
1938 569 1993 614 et

414 652 751 719 carnalibus,
783 660 836 705 et
867 650 1093 715 nocivis,
1127 664 1289 718 opera
1320 660 1498 704 autem
1526 650 1751 721 iustitia:
1781 667 1994 722 semper

418 756 790 797 exerceamus.
841 740 1109 806 Quoniam
1142 751 1321 794 autem
1367 741 1481 809 ipse
1525 741 1683 795 nobis
1727 742 1993 796 allaturns

421 834 599 888 fuerat
641 832 950 903 hujusmodi
998 829 1318 897 Sabbatum,
1367 829 1559 901 inquo
1605 833 1815 887 nullum
1855 850 1993 903 opus

422 922 689 976 faciamus
721 921 936 986 servile,
989 929 1218 975 testatur
1257 930 1311 976 et
1358 921 1473 991 ipse
1520 936 1617 990 per
1666 921 1990 991 Prophetam

421 1013 607 1067 dicens
635 1012 699 1066 de
730 1010 963 1077 indignis
987 1009 1186 1065 Judmis
1218 1011 1292 1065 ita
1320 1012 1364 1043 ³⁵
1393 1028 1406 1064 :
1435 1010 1608 1065 Donec
1624 1014 1804 1080 juravi
1828 1014 1882 1066 in
1909 1015 1993 1067 ira

423 1121 556 1170 mea,
599 1105 647 1157 si
676 1105 964 1159 introibant
992 1103 1047 1156 in
1076 1104 1302 1174 requiem
1333 1121 1523 1161 meam.
1556 1104 1621 1159 Et
1651 1105 1852 1160 iterum
1882 1105 1990 1161 La-

421 1195 577 1249 mech
621 1211 818 1251 nomen
854 1195 1140 1265 imponens
1182 1194 1293 1250 filio
1337 1211 1436 1252 suo
1478 1194 1591 1252 Noe
1630 1197 1684 1251 in
1733 1198 1994 1269 mysterio

419 1284 643 1344 Christi.
682 1284 754 1338 ita
804 1284 940 1338 dixit
965 1284 1032 1339 de
1080 1299 1147 1339 eo
1174 1285 1259 1339 ’τε
1309 1284 1377 1340 Et
1414 1288 1615 1341 vocavit
1666 1303 1852 1341 nomen
1877 1286 1992 1356 ejus

423 1372 558 1437 Noe,
590 1376 790 1441 dicens,
824 1376 1075 1444 quoniam
1103 1375 1188 1429 hic
1211 1376 1357 1430 dabit
1382 1378 1526 1433 nobis
1559 1380 1784 1448 requiem
1812 1395 1843 1433 a
1869 1394 1994 1433 mat-

420 1467 629 1519 roribus
669 1467 881 1531 nostris,
908 1475 958 1519 et
993 1466 1056 1519 ab
1100 1468 1341 1536 operibus
1384 1485 1635 1522 manuum
1664 1479 1992 1537 nostrarum,

420 1571 468 1610 et
503 1574 534 1610 a
561 1567 701 1611 terra
729 1573 886 1627 quant
914 1557 1193 1611 maledixit
1226 1558 1500 1614 Dominus.
1524 1558 1714 1615 Omnis
1746 1574 1874 1630 ergo
1899 1561 1992 1630 qui

421 1648 552 1702 vivit
583 1650 635 1701 in
669 1648 909 1712 Christo,
947 1663 1162 1719 semper
1191 1650 1244 1704 in
1286 1648 1527 1706 Sabbato
1558 1651 1687 1706 vivit
1719 1659 1773 1706 et
1816 1652 1872 1706 in
1907 1667 1994 1707 re-

420 1741 546 1809 quie
579 1742 925 1810 requiescens
963 1741 1031 1794 ab
1074 1741 1331 1811 operibus
1379 1742 1560 1806 malis,
1594 1732 1861 1813 ioperatur
1890 1757 1992 1797 au-

2099 559 2165 613 rit
2194 574 2251 613 se
2286 558 2578 628 petit-litari
2611 568 2828 627 propter
2853 560 3197 615 dilectionem
3238 578 3403 631 quam
3430 564 3594 617 habet
3623 565 3677 617 in

2100 662 2348 705 sanctum
2381 649 2583 712 locum,
2617 649 2688 702 ita
2723 660 2781 703 ut
2809 665 2944 718 pene
2975 655 3278 707 consentiat
3309 657 3356 709 ei
3392 655 3680 708 abomina-

2100 740 2235 795 tioui
2259 750 2519 810 tauquam
2557 741 2628 794 sit
2654 739 2818 804 Deus,
2843 751 2894 795 et
2928 745 3106 793 tradat
3136 744 3490 813 semetipsum
3537 745 3674 798 abo-

2100 833 2384 887 miuationi
2419 833 2577 902 quasi
2625 832 2756 899 Deo,
2783 835 3060 903 quomodo
3088 844 3247 904 putas
3268 850 3392 889 eum
3425 838 3676 893 tribulari

2101 940 2295 994 magna
2330 924 2702 989 tribulatione,
2746 926 2925 993 qualis
2964 941 3072 979 non
3113 926 3213 979 fuit
3245 925 3294 980 ei
3328 927 3396 980 ab
3423 927 3578 981 initio
3608 944 3676 983 ex

2096 1031 2211 1085 quo
2250 1015 2398 1070 venit
2425 1015 2479 1069 iu
2509 1017 2774 1069 mundum
2822 1030 2993 1083 usque
3025 1016 3092 1069 ad
3122 1016 3254 1069 illud
3288 1018 3540 1085 tempus?
3566 1018 3673 1074 Sed

2098 1123 2200 1163 nec
2225 1108 2331 1162 alia
2363 1108 2640 1162 tribulatio
2670 1108 2793 1161 talis
2822 1123 2947 1161 eum
2981 1108 3179 1175 poterit
3215 1109 3676 1177 comprehendere

2097 1198 2415 1269 aliquando,
2447 1208 2502 1254 et
2536 1198 2772 1252 maxime
2805 1198 2848 1253 si
2882 1199 3005 1268 quis
3035 1198 3269 1252 trahitur
3309 1207 3369 1277 ut
3399 1200 3675 1255 existimet

2099 1291 2557 1346 abominationem
2587 1298 2821 1345 stantem
2863 1291 2917 1343 in
2948 1290 3086 1345 ctelo
3127 1289 3297 1363 [loco]
3324 1301 3534 1352 saneto,
3564 1308 3674 1347 non

2099 1395 2221 1437 esse
2256 1380 2720 1436 abominationem
2768 1379 3144 1443 desolationis,
3186 1381 3280 1434 sed
3324 1378 3495 1434 Deum
3547 1379 3676 1435 Ver-

2098 1474 2249 1529 bum.
2282 1473 2475 1527 Adhuc
2505 1482 2685 1527 autem
2713 1480 2768 1527 et
2792 1473 2836 1528 si
2869 1474 2991 1542 quis
3025 1470 3310 1529 manifeste
3340 1473 3562 1543 quidem
3594 1476 3675 1529 vi-

2099 1565 2224 1620 deat
2251 1563 2719 1618 abominalionem
2766 1563 3121 1620 desolationis
3165 1574 3399 1620 stantem
3454 1565 3507 1618 in
3553 1565 3672 1621 loci

2099 1665 2310 1720 sancto,
2342 1662 2396 1709 et
2428 1654 2473 1709 si
2505 1662 2765 1724 sequatur
2807 1669 2949 1718 eam,
2993 1657 3265 1725 accipiens
3294 1657 3397 1713 sibi
3440 1672 3673 1713 excusa-

2101 1745 2304 1801 tionem
2359 1748 2424 1800 de
2469 1745 2671 1800 divinis
2719 1744 3042 1816 Scripturis.
3097 1748 3253 1816 quasi
3305 1747 3675 1803 indifferenter

420 1841 527 1886 tem
561 1848 724 1902 opera
749 1831 972 1900 justitlte
999 1833 1351 1887 incessanter.
1390 1832 1539 1887 Multi
1575 1842 1756 1888 autem
1793 1848 1992 1887 nomen
2025 1828 2066 1883 Β
2097 1838 2255 1893 liceat
2283 1836 2744 1893 Christianitalem
2777 1852 2996 1907 negare,
3026 1838 3215 1894 dicens
3258 1839 3673 1910 denegationem

417 1922 622 1978 Chi-isti
655 1924 935 1991 habentes,
966 1939 1072 1979 non
1116 1925 1368 1995 gratiam,
1393 1934 1616 1981 econtra
1651 1924 1994 1980 sabbatizant

420 2014 490 2066 ab
520 2012 777 2081 operibus
822 2012 999 2079 bonis,
1044 2023 1340 2083 Operantur
1384 2024 1563 2070 autem
1617 2030 1781 2084 opera
1824 2015 1988 2069 mala.

418 2102 719 2159 )lediocres
752 2114 931 2159 autem
970 2105 1241 2160 interdum
1279 2108 1559 2162 dimittunt
1595 2108 1989 2164 sabbatismum

419 2210 641 2263 operum
668 2196 955 2261 malorum,
983 2207 1037 2251 et
1065 2199 1406 2254 sabbatizant
1432 2201 1499 2253 ab
1530 2200 1785 2269 operibus
1811 2201 1989 2269 benis,

419 2305 527 2342 non
563 2288 705 2342 bona
743 2297 1049 2356 operantes,
1082 2288 1193 2344 scd-
1222 2291 1385 2345 mala.
1435 2289 1666 2357 Quidam
1708 2302 1889 2347 autem
1922 2292 1991 2346 ab

417 2381 672 2450 cpetibus
721 2380 878 2435 malis
925 2381 1285 2447 sabbatizant,
1338 2398 1444 2437 non
1497 2393 1677 2438 autem
1736 2392 1993 2440 exercent

417 2485 580 2539 opera
616 2471 777 2536 bona,
815 2487 937 2526 cum
975 2480 1224 2540 oporteat
1258 2486 1365 2526 non
1398 2471 1575 2526 solum
1611 2472 1751 2527 mala
1780 2472 1987 2544 fugere,

417 2563 511 2616 sed
538 2562 699 2616 etiam
726 2563 869 2618 bona
901 2577 1173 2618 exercere.
1205 2561 1258 2617 In
1292 2563 1386 2617 tali
1428 2577 1558 2633 ergo
1586 2563 1823 2619 Sabbato
1859 2581 1990 2636 ope.-

417 2668 538 2706 rum
571 2655 861 2717 bonorum,
889 2653 1108 2724 quando
1133 2653 1275 2708 bona
1310 2668 1474 2724 opera
1506 2670 1613 2709 non
1652 2654 1781 2711 facit
1824 2655 1991 2711 homo

415 2744 777 2808 Christianus,
799 2745 953 2809 jubet
974 2760 1071 2800 nos
1093 2744 1346 2800 Christus
1366 2759 1526 2801 orare
1551 2761 1621 2802 ne
1652 2746 1776 2817 fuga
1805 2755 1988 2802 nostra

416 2835 510 2888 flat
542 2834 597 2889 in
631 2835 742 2890 illo.
778 2834 1039 2892 Cessante
1066 2836 1211 2891 enim
1243 2845 1293 2892 te
1321 2837 1390 2892 ab
1432 2837 1691 2909 operibus
1726 2838 1909 2904 bonis,
1943 2839 1990 2894 si

415 2926 632 2995 quidem
664 2926 883 2982 steteris
908 2934 1033 2981 ante
1053 2925 1246 2981 faciem
1284 2926 1729 2991 abominationis,
1766 2936 1822 2984 et
1844 2928 1989 2983 ultro

417 3024 467 3070 te
491 3017 798 3073 subdideris
826 3018 897 3081 ei,
929 3018 1233 3072 voluntarie
1264 3029 1515 3073 mortuus
1541 3033 1600 3073 es
1628 3017 1809 3088 gladio
1834 3019 1987 3074 verbi

414 3107 711 3163 mendacis.
757 3106 813 3163 Si
848 3115 1030 3162 autem
1063 3108 1299 3163 volueris
1332 3106 1539 3178 fugere,
1566 3115 1620 3162 et
1649 3107 1988 3163 abominatio

413 3199 766 3254 desolationis
796 3207 980 3253 secuta
1014 3199 1176 3253 fuerit
1209 3206 1279 3265 te,
1312 3199 1430 3254 sine
1461 3198 1627 3271 [sive]
1652 3199 1988 3269 persecutio-

409 3288 573 3345 nihus
601 3291 714 3347 suis
745 3289 955 3361 franget
988 3299 1057 3359 te,
1088 3291 1212 3361 quia
1247 3309 1355 3348 non
1381 3305 1680 3363 operantur
1713 3293 1768 3346 in
1801 3301 1852 3347 te
1876 3292 1989 3347 vir-

413 3390 579 3435 tutem
614 3382 885 3452 patientia:
917 3397 1082 3453 opera
1111 3391 1201 3437 tua
1245 3382 1428 3439 bona:
1469 3383 1588 3440 sine
1618 3380 1780 3456 [sive]
1824 3381 1988 3437 sedu-

410 3473 681 3530 ctionihus
729 3472 844 3530 suis
887 3475 1065 3544 capiet
1090 3484 1162 3537 te.
1192 3476 1452 3546 quoniam
1487 3474 1857 3546 intelligentiae
1904 3472 1989 3528 lu-

409 3581 531 3620 men
561 3581 668 3621 non
703 3574 959 3636 operatur
981 3567 1034 3620 in
1061 3575 1110 3620 te
1136 3582 1300 3637 opera
1327 3576 1417 3622 tua
1451 3568 1613 3621 bona.
1645 3564 1816 3622 Nemo
1838 3564 1982 3621 enim

408 3656 466 3711 in
511 3657 603 3710 tali
654 3656 894 3726 periculo
943 3655 1062 3710 falsi
1095 3655 1366 3726 dogmatis
1408 3654 1570 3711 facile
1608 3665 1895 3725 superatur
1931 3663 1986 3709 et

408 3745 632 3809 fallitur,
660 3746 762 3800 nisi
786 3747 914 3816 quia
948 3745 1126 3800 nudus
1153 3754 1235 3799 est
1260 3745 1328 3798 ab
1350 3745 1608 3813 operibus
1635 3744 1811 3799 bonis.
1843 3743 1984 3799 Pro-

408 3845 587 3904 pterea
631 3843 685 3888 et
717 3833 1011 3904 Apostolus
1039 3834 1170 3888 dicit
1209 3834 1276 3888 de
1303 3835 1423 3903 ipso
1465 3835 1710 3905 periculo
1742 3835 1826 3890 "z
1875 3835 1984 3889 Pro

407 3942 465 3978 eo
510 3924 646 3995 quod
686 3925 994 3978 cltaritatem
1039 3926 1276 3980 veritatis
1318 3942 1422 3980 non
1458 3940 1789 3996 acceperunt,
1831 3929 1982 3981 dabit

405 4015 512 4069 illis
559 4017 910 4084 Operationent
956 4018 1172 4083 erroris,
1218 4026 1274 4070 ut
1317 4017 1532 4071 credant
1583 4019 1876 4086 mendacio,
1922 4031 1981 4075 ut

400 4104 708 4173 judixntur
752 4106 983 4161 homines
1015 4108 1107 4176 qui
1133 4123 1235 4161 non
1265 4108 1600 4162 crediderunt
1633 4109 1860 4172 veritati,
1890 4108 1981 4162 sed

406 4208 778 4251 eonswserunt
806 4200 1097 4269 iniquitati.
1128 4200 1265 4254 Cum
1296 4208 1475 4255 autem
1513 4200 1811 4256 viderimus
1841 4201 1980 4255 abo-

409 4291 760 4345 minutionem
792 4291 1165 4355 desolationis,
1201 4308 1324 4363 qua:
1362 4293 1505 4347 dicta
1549 4306 1632 4348 est
1659 4308 1757 4362 per
1788 4291 1983 4346 Danie-

407 4382 510 4436 lem
549 4383 890 4452 prophetam,
923 4392 1153 4438 stantem
1203 4384 1256 4438 in
1287 4384 1404 4439 loco
1437 4394 1648 4450 sancto,
1672 4383 1980 4439 videbimus

2094 1945 2203 1984 non
2228 1944 2348 1984 esse
2370 1928 2814 1999 denegationem;
2838 1937 2892 1984 et
2910 1944 3065 1984 escas
3088 1930 3488 1984 immolatorum
3513 1932 3671 2000 quasi

2094 2018 2230 2073 nihil
2258 2027 2515 2074 nocentes
2543 2017 2893 2074 manducanti
2933 2017 3098 2073 fuerit
3140 2020 3460 2085 arbitratus,
3493 2019 3677 2089 profe-

2097 2124 2223 2164 rens
2267 2110 2334 2164 de
2377 2107 2675 2179 Scripturis
2713 2109 2994 2178 exempla;
3033 2120 3088 2164 et
3127 2108 3255 2179 quia
3304 2108 3674 2164 inditierenter

2094 2200 2221 2255 licet
2269 2199 2323 2253 in
2360 2213 2472 2253 uno
2517 2199 2823 2267 eodemque
2866 2212 3111 2268 tempore
3155 2199 3477 2254 mulieribus
3516 2215 3672 2254 com-

2092 2291 2311 2347 misceri
2343 2290 2599 2355 diversis,
2630 2289 2788 2359 quasi
2820 2299 2876 2344 et
2918 2289 3169 2359 patribus
3211 2289 3311 2344 ista
3349 2289 3674 2345 facientibus

2092 2386 2225 2441 olim
2252 2400 2266 2436 :
2300 2383 2556 2438 omnibus
2585 2381 2708 2437 istis
2741 2382 2979 2451 peccatis
3009 2382 3187 2451 majus
3227 2390 3312 2437 est
3339 2383 3673 2438 abominatio

2091 2469 2466 2533 desolationis,
2502 2468 2552 2522 id
2579 2477 2683 2532 est,
2711 2468 2936 2523 verbum
2964 2470 3109 2539 quod
3134 2470 3188 2524 in
3212 2470 3331 2525 loco
3360 2469 3672 2541 Scriptura-

2091 2576 2213 2615 rum
2258 2568 2570 2616 sanctarum
2616 2559 2890 2624 consistit,
2927 2559 3267 2630 iniquitatem
3309 2561 3362 2615 in
3393 2563 3670 2618 excelsum

2093 2651 2322 2721 loquens
2343 2658 2397 2705 et
2420 2649 2757 2720 persuadens
2791 2665 2821 2704 a
2847 2649 3106 2704 Creatore
3130 2651 3430 2717 discedere,
3459 2653 3552 2721 qui
3593 2668 3674 2707 so-

2093 2744 2178 2798 lus
2201 2751 2258 2799 et
2303 2757 2465 2798 verus
2502 2749 2593 2797 est
2630 2742 2795 2809 Deus,
2829 2752 2885 2797 et
2921 2744 3141 2799 credere
3172 2744 3328 2799 alteri
3364 2746 3549 2800 nescio
3584 2746 3671 2800 cui

2092 2833 2204 2890 Deo
2248 2850 2413 2903 super
2452 2834 2640 2899 istum,
2673 2834 2763 2888 cui
2806 2833 2991 2890 nullus
3034 2835 3230 2891 similis
3262 2844 3366 2902 est,
3395 2852 3518 2892 cum
3549 2838 3673 2893 talis

2092 2936 2278 2982 noster
2307 2926 2558 2982 Salvator
2588 2925 2736 2981 dicat
2757 2925 2802 2959 “
2829 2945 2842 2980 :
2873 2924 3036 2979 Pater
3068 2927 3158 2996 qui
3193 2927 3340 2981 misit
3370 2944 3468 2992 me,
3499 2931 3676 2997 major
3744 2978 3747 2981 .

2084 3032 2173 3071 me
2193 3026 2289 3072 est.
2320 3015 2513 3087 Magna
2545 3031 2677 3087 ergo
2711 3014 2991 3071 tribulatio
3018 3025 3307 3086 generatur
3335 3032 3364 3069 a
3388 3015 3676 3071 desolatio-

2086 3108 2178 3164 nis
2205 3108 2613 3164 abominatione
2648 3116 2825 3162 stante
2856 3106 2909 3160 in
2953 3107 3075 3161 loco
3114 3114 3324 3172 sancto,
3364 3107 3437 3162 ita
3462 3116 3522 3161 ut
3545 3110 3671 3163 talia

2013 3159 2056 3218 ϐ
2089 3199 2343 3256 dicantur
2368 3200 2435 3255 de
2460 3215 2525 3254 ea
2551 3199 2634 3252 “z
2672 3198 2741 3252 Et
2777 3199 2880 3253 nisi
2915 3197 3201 3252 abbret'iati
3230 3209 3399 3253 essent
3430 3199 3541 3252 dies
3567 3200 3671 3265 illi,

2088 3309 2189 3347 non
2218 3290 2523 3346 essetsalva
2552 3291 2698 3360 facta
2737 3290 2907 3345 omnis
2930 3306 3074 3343 caro.
3109 3288 3335 3359 Propter
3354 3290 3544 3346 electos
3574 3309 3675 3346 au-

2086 3395 2192 3439 tem
2239 3382 2687 3438 abbreviabuntur
2727 3382 2840 3435 dies
2871 3381 2975 3438 illi.
3017 3380 3190 3436 Tanta
3235 3394 3437 3448 autem,
3487 3392 3543 3438 et
3591 3385 3674 3439 sic.

2086 3492 2283 3548 magna
2327 3477 2382 3530 in
2424 3476 2516 3531 illa
2562 3475 2969 3530 abominatione
3007 3474 3362 3529 desolationis
3393 3473 3452 3529 lit
3496 3475 3674 3530 tribu—

2088 3570 2239 3635 latio,
2276 3576 2338 3623 ιιι
2368 3566 2514 3622 Deus
2543 3574 2799 3636 eperetur
2826 3564 3287 3619 abbreviationem
3326 3564 3537 3619 dierum
3572 3566 3671 3620 tri-

2086 3655 2379 3711 bulationis
2402 3655 2569 3717 illius,
2607 3654 2940 3722 superﬂuum
2972 3664 3163 3706 eorum
3198 3651 3496 3720 praecidens
3519 3654 3667 3723 quod

2084 3740 2304 3802 additur
2328 3760 2360 3799 a
2388 3742 2743 3800 desolationis
2774 3740 3124 3795 tribulatione
3154 3747 3209 3794 et
3237 3738 3663 3799 abominatione.

2084 3838 2255 3892 Aliter
2287 3837 2431 3891 enim
2458 3849 2568 3890 non
2597 3843 2682 3891 est
2706 3832 2968 3903 possibile
2993 3842 3053 3886 ut
3083 3841 3306 3887 sanetur
3335 3832 3516 3890 omnis
3542 3850 3667 3904 qua:

2086 3928 2347 3983 salvanda
2376 3935 2462 3982 est
2500 3941 2649 3991 caro,
2692 3925 2797 3980 nisi
2828 3925 3098 3994 acceperit
3134 3924 3599 3982 abbreviatiouem
3631 3943 3664 3982 a

2085 4019 2217 4074 Deo.
2272 4017 2395 4073 Dies
2435 4017 2580 4072 enim
2626 4015 3003 4086 intelliguntur
3039 4023 3303 4084 praecepta
3329 4023 3385 4069 et
3410 4015 3662 4086 dogmata

2082 4111 2328 4166 veritatis
2365 4109 2542 4180 posita
2575 4109 2628 4162 in
2665 4103 2966 4177 Scripturis
2998 4108 3063 4161 ad
3096 4107 3554 4163 illuminationem
3579 4108 3662 4162 in-

2080 4203 2440 4274 tclligentium
2471 4202 2800 4255 animarum.
2832 4198 3001 4270 865.
3032 4196 3237 4254 Omnes
3270 4207 3452 4253 autem
3497 4200 3663 4254 intel-

2082 4294 2256 4349 lectus
2298 4307 2329 4347 a
2358 4291 2583 4347 scientia
2630 4289 2751 4343 falsi
2799 4288 3041 4342 nominis
3081 4286 3382 4351 venientes,
3422 4287 3519 4357 qui
3566 4289 3663 4343 ad-

2081 4384 2285 4439 duntur
2316 4380 2664 4437 sermonibus
2703 4378 3110 4448 Scripturarum
3143 4386 3198 4431 et
3226 4376 3657 4446 conjunguntur,

404 4487 459 4529 et
502 4489 752 4545 magnam
801 4474 1203 4529 tribulationem
1254 4475 1569 4542 instantem,
1610 4475 1789 4546 qualis
1836 4475 1977 4530 facta
2012 4494 2055 4550 υ
2083 4474 2321 4544 intellige
2340 4472 2471 4526 mihi
2496 4471 2863 4526 additamenta
2894 4484 3016 4524 esse
3038 4484 3203 4538 supra
3233 4468 3659 4539 magnitudinem

406 4578 513 4617 non
540 4573 624 4618 est
649 4563 716 4617 ab
743 4563 896 4617 initio
936 4564 1121 4617 mundi
1156 4577 1328 4634 usque
1361 4568 1427 4619 ad
1458 4564 1605 4619 illam
1649 4564 1846 4633 ipsam,
1874 4581 1972 4618 ne-

403 4669 510 4726 que
560 4655 651 4708 lict
682 4665 883 4723 postea.
916 4652 1048 4720 Quae
1095 4655 1239 4708 enim
1275 4656 1449 4723 major
1494 4654 1770 4711 tribulatio
1810 4671 1973 4725 quam

404 4747 584 4800 videre
621 4743 818 4801 fratres
849 4754 1068 4801 nostros
1110 4745 1296 4801 seduci
1339 4756 1556 4815 propter
1588 4755 1840 4801 sanctum
1884 4747 1972 4802 lo-

401 4852 526 4892 cum
562 4853 591 4891 a
619 4837 972 4893 desolationis
1018 4838 1426 4892 abominatione
1453 4847 1628 4892 stante
1670 4837 1724 4892 in
1764 4837 1877 4893 eo?
1910 4837 1976 4892 Et

401 4928 446 4981 si
472 4927 690 4999 quidem
714 4927 873 4983 amici
909 4929 1139 4998 alicujus
1165 4940 1260 4982 aut
1286 4930 1517 4998 proximi
1544 4945 1690 4985 mors
1718 4944 1975 4999 corpora-

403 5018 467 5074 lis
497 5035 746 5091 magnam
781 5031 1036 5090 operatur
1061 5021 1459 5075 tribulationem
1486 5020 1535 5075 ei
1560 5021 1653 5091 qui
1679 5037 1784 5075 non
1809 5022 1975 5076 luerit

404 5115 691 5171 meditatus
723 5124 782 5169 ut
809 5114 1032 5169 sufferat
1059 5128 1200 5178 eam,
1231 5112 1445 5181 qualem
1474 5125 1634 5183 putas
1665 5115 1973 5171 tribulatio-

401 5216 525 5255 nem
564 5206 611 5257 ci
641 5205 732 5275 qui
758 5203 1086 5273 compatitur
1115 5203 1331 5271 quando
1361 5218 1526 5257 unum
1553 5219 1771 5273 passum
1808 5203 1973 5259 fuerit

403 5294 727 5360 membrum,
768 5305 823 5351 ct
860 5296 908 5351 ei
951 5295 1045 5366 qui
1086 5296 1282 5350 viderit
1312 5297 1532 5365 quando
1569 5284 1988 5351 scandalizatus.

403 5383 563 5439 fuerit
594 5386 793 5457 aliquis
827 5386 1031 5444 frater?
1064 5386 1121 5442 Si
1163 5398 1342 5442 autem
1377 5394 1431 5440 et
1480 5387 1603 5456 quis
1651 5386 1859 5440 viderit
1876 5401 1967 5440 se-

401 5474 576 5545 ipsqu
607 5477 810 5531 moveri
834 5489 887 5532 ct
911 5477 1223 5534 conturbari
1249 5493 1278 5531 a
1306 5477 1659 5533 desiilationis
1684 5477 1969 5532 abomina—

466 5727 511 5759 ³⁸
537 5724 684 5781 Psal.
714 5739 859 5787 xcn',
888 5725 973 5779 ll.
1052 5725 1091 5755 "
1119 5723 1253 5778 Gen.
1282 5736 1333 5784 v,
1366 5718 1455 5774 29.

2081 4561 2383 4619 naturalem
2426 4561 2635 4615 dierum
2672 4558 3005 4628 Scriptura:
3038 4557 3180 4626 quod
3229 4556 3656 4613 additamentum

2082 4656 2259 4710 bonus
2288 4654 2429 4709 Deus
2459 4651 2732 4707 abbreviat
2758 4665 2853 4721 per
2877 4664 3019 4719 quos
3051 4648 3184 4702 vult.
3216 4647 3283 4702 Et
3310 4649 3660 4719 quotiescun-

2079 4761 2188 4816 que
2231 4744 2434 4800 videris
2476 4744 2711 4798 adventu
2757 4739 2907 4795 verbi
2951 4738 3197 4794 veritatis
3241 4739 3295 4793 in
3344 4754 3510 4794 sensu
3566 4749 3659 4794 tuo

2078 4837 2298 4909 praecidi
2329 4833 2645 4889 altitudines
2671 4831 2987 4887 extollentes
3008 4844 3067 4884 se
3087 4829 3348 4883 adversus
3372 4827 3655 4882 scientiam

2082 4929 2199 4993 Dei,
2236 4927 2394 4981 toties
2442 4923 2678 4992 intellige
2712 4919 3054 4976 abbreviatos
3100 4916 3216 4971 dics
3264 4914 3654 4979 tribulationis,

2074 5032 2129 5077 et
2181 5016 2562 5077 circumcisam
2613 5010 2943 5081 superﬂuant
2992 5006 3444 5077 magnitudinem,
3489 5021 3652 5076 quam

2070 5122 2263 5167 contra
2291 5119 2541 5164 naturam
2569 5101 2901 5160 abominatio
2928 5098 3282 5155 desolationis
3311 5112 3529 5167 semper
3560 5114 3653 5152 su-

2074 5203 2383 5275 peraddidit
2402 5199 2600 5255 diebus
2633 5194 2846 5249 Domini
2878 5192 2972 5262 qui
2995 5199 3123 5247 sunt
3146 5190 3201 5244 in
3237 5187 3554 5258 Scripturis.
3586 5187 3652 5243 Et

2072 5302 2292 5363 propter
2323 5290 2525 5345 electos
2556 5283 2941 5340 abbreviantur
2968 5278 3085 5334 dies
3113 5278 3209 5345 illi,
3244 5278 3568 5335 ut.videntes
3596 5278 3650 5329 in

2075 5396 2238 5437 sensu
2267 5394 2369 5435 suo
2392 5374 2764 5446 praecisionem
2790 5368 3182 5439 superﬂuitatis
3209 5368 3443 5433 dierum,
3479 5375 3530 5420 rt
3564 5381 3651 5418 re-

2078 5479 2387 5527 manentem
2419 5467 2565 5521 illam
2594 5461 2940 5519 solummodo
2972 5459 3150 5515 lucem
3185 5473 3308 5529 quae
3344 5446 3649 5512 secund‘m

1537 5716 1578 5748 ³⁸
1613 5713 1651 5771 ιι
1677 5712 1871 5769 Thess.
1901 5729 1971 5779 tt,
2003 5713 2087 5767 ιθ.
2167 5711 2210 5743 ³⁸
2241 5710 2400 5765 Joau.
2439 5724 2553 5775 xw,
2583 5710 2672 5764 ‘28.
2752 5709 2796 5741 ’⁸⁸
2822 5706 3013 5764 Matth.
3048 5718 3196 5769 utv,
3229 5702 3308 5763 22
