4112 6460
476 291 606 344 lfifi'l

1673 298 1997 357 ORIGENiS
2034 303 2099 358 ΙΝ
2133 300 2549 366 ΜᾹΤΤΙΙᾹΞΕΜ

3598 322 3665 377 ﬁl
3672 325 3738 381 58

472 405 697 459 verbum
731 413 813 461 est
841 405 1105 471 veritatis,
1141 404 1276 462 nihil
1323 408 1600 478 patiantur
1630 426 1660 466 a
1690 413 2048 474 desolationis
2081 423 2121 482 Α
2150 423 2439 478 ostendere
2468 424 2656 479 volens
2699 421 2834 477 dixit
2862 441 2874 476 :
2908 415 2969 477 Si
3004 425 3239 482 dixerint
3280 430 3422 486 vobis
3455 446 3475 486 :
3513 432 3650 490 Ecce
3682 439 3737 491 in

471 495 897 559 abominatione,
926 496 1009 550 vel
1029 509 1095 550 eo
1121 496 1268 562 quod
1295 497 1539 553 additum
1572 499 1751 557 fuerat
1777 519 1943 575 super
1971 523 2057 561 ve-

473 599 567 638 ros
601 590 655 639 et
683 585 962 641 naturales
989 586 1106 642 dies
1130 585 1558 655 Scripturarum.

540 694 627 748 46.
676 695 817 769 Tunc
846 696 894 748 si
920 696 1036 765 quis
1071 697 1213 749 vobis
1239 696 1435 751 dixerit
1462 713 1484 751 :
1509 697 1647 754 Ecce
1670 700 1756 755 hic
1788 702 2050 769 Christus,

468 802 586 840 ecce
615 767 934 851 il.’ic,'nolile
958 788 1185 842 credere.
1234 787 1529 857 Exsurgent
1551 793 1687 845 enim
1717 797 2054 862 pseudocltri-

466 879 540 930 sti
563 889 610 930 et
641 877 1116 946 pseudoprop/tettr,
1159 888 1207 933 et
1236 881 1436 933 dabunt
1464 883 1615 950 signa
1641 899 1833 953 magna
1857 899 1906 940 et
1930 903 2054 956 pro-

469 969 633 1037 digia,
671 969 747 1021 ita
789 979 844 1022 ut
888 970 944 1022 in
980 986 1211 1023 errarent
1250 970 1593 1036 inducantur,
1625 975 1674 1027 si
1711 975 1829 1043 ﬁeri
1857 986 2046 1045 potest,

463 1060 622 1113 etiam
664 1060 834 1114 electi.
881 1060 1016 1115 Ecce
1058 1063 1288 1131 praedixi
1337 1063 1501 1118 vobis.
1547 1063 1608 1119 Si
1648 1083 1772 1136 ergo
1814 1069 2048 1125 dixerint

464 1151 646 1205 vobis:
694 1151 828 1206 Ecce
868 1153 921 1206 in
960 1154 1248 1208 solitudine
1293 1166 1397 1218 est,
1432 1156 1594 1211 nolite
1633 1161 1806 1225 exire;
1840 1178 1955 1215 ecce
1992 1164 2048 1217 in

462 1244 726 1306 domibus,
768 1244 930 1298 nolite
970 1245 1198 1299 credere.
1240 1244 1390 1300 Sicut
1425 1249 1565 1300 enim
1607 1248 1788 1318 fulgur
1827 1251 1936 1304 exit
1979 1253 2044 1306 ab

462 1336 681 1399 oriente,
710 1344 758 1388 et
782 1347 999 1404 apparet
1030 1353 1193 1408 usque
1229 1337 1299 1390 ad
1339 1338 1678 1401 occidentem,
1703 1341 1782 1394 ita
1807 1342 1909 1395 erit
1947 1343 2045 1396 ad-

460 1437 641 1479 uentus
677 1425 805 1480 Filii
836 1429 1086 1482 hominis.
1118 1428 1418 1500 Ubicunque
1440 1434 1575 1485 enim
1601 1432 1760 1499 fuerit
1795 1438 2038 1499 cadaver,

459 1507 573 1570 illic
626 1519 1083 1588 congregabuntur
1126 1521 1320 1589 aquilis
1362 1520 1426 1573 ⁸⁸.
1477 1520 1746 1587 Quoniam
1799 1522 2041 1579 diximus

459 1609 920 1664 abominationem
970 1611 1327 1666 desolatioois
1365 1620 1596 1666 stantem
1639 1612 1691 1665 in
1736 1612 1879 1677 loco,
1919 1629 2040 1671 esse

459 1698 732 1753 mendacii
762 1699 984 1752 verbum
1013 1700 1156 1767 quoii
1184 1700 1236 1752 in
1270 1700 1388 1753 loco
1416 1699 1819 1770 Scriptnrarum
1845 1713 2036 1761 sancto

2159 514 2449 569 solitudine
2478 527 2578 582 est,
2619 517 2779 573 nolite
2801 521 2972 587 exire,
2997 522 3064 576 de
3096 523 3279 593 regula
3318 524 3463 580 ﬁdei.
3496 525 3605 584 Eos
3632 544 3737 583 au-

2156 613 2265 658 tem
2318 606 2410 674 qui
2461 606 2527 660 ad
2578 609 2815 665 schisma
2847 612 3109 670 simulant
3139 616 3352 672 divinas
3382 617 3734 688 Scripturas,

2155 696 2437 752 ostendere
2480 699 2670 755 volens
2698 701 2833 756 dixit
2878 719 2892 755 :
2937 703 3001 759 'Si
3032 706 3261 762 dixerint
3290 708 3435 763 vobis
3455 724 3475 763 :
3506 709 3643 766 Ecce
3678 714 3736 768 in

2153 787 2426 849 domibus,
2464 789 2627 843 nolite
2658 793 2887 850 credere.
2934 795 3312 869 Quodcunque
3336 800 3576 871 professi
3615 804 3735 859 fue-

2151 877 2260 930 rint
2290 878 2356 932 de
2401 878 2732 949 Scripturis,
2760 893 2814 938 et
2849 885 2919 940 de
2949 890 3220 958 mysteriis
3251 906 3373 960 quae
3403 902 3533 948 sunt
3559 894 3612 948 in
3650 896 3731 952 eis

2150 967 2216 1051 ad
2252 967 2773 1027 demonstrationem
2802 1011 2819 1037 ,
2853 977 3019 1031 nolite
3049 980 3271 1035 credere
3299 997 3421 1051 qua:
3448 984 3726 1042 dicuntur.

2150 1049 2360 1109 Veritas
2415 1057 2560 1110 enim
2634 1059 2831 1116 similis
2909 1075 2992 1121 est
3050 1065 3248 1135 fulguri
3300 1049 3594 1140 egredienti
3659 1076 3729 1130 ab

2148 1142 2390 1208 Oriente,
2419 1157 2473 1201 et
2499 1151 2781 1218 apparenti
2810 1168 2984 1223 usque
3018 1158 3083 1210 ad
3120 1155 3467 1216 Occidentem
3492 1181 3515 1218 -:
3547 1169 3726 1235 qualis

2145 1244 2230 1289 est
2267 1238 2466 1293 veritas
2517 1239 2772 1321 Ecclesiae
2805 1242 2899 1299 Dei
2930 1262 2945 1299 :
2977 1247 3046 1301 ab
3077 1263 3138 1302 ea
3167 1250 3308 1303 enim
3341 1255 3455 1307 sola
3484 1272 3643 1312 sonus
3671 1261 3727 1313 in

2143 1341 2346 1380 onmem
2379 1341 2575 1384 terram
2618 1334 2815 1402 emittit,
2859 1344 2909 1390 et
2950 1339 3003 1390 in
3045 1340 3173 1407 lines
3206 1343 3348 1397 orbis
3381 1354 3536 1401 terra:
3569 1350 3723 1403 rerba

2142 1431 2325 1470 eorum
2344 1419 2412 1481 ι’,
2440 1433 2493 1476 et
2523 1424 2782 1480 velociter
2811 1428 2980 1482 currit
3013 1431 3128 1484 sola
3155 1447 3279 1487 vere
3302 1436 3501 1491 veritas
3535 1437 3630 1495 Dei
3650 1441 3715 1495 "'.

2212 1505 2301 1559 47.
2345 1505 2496 1561 Sicut
2526 1511 2707 1581 fulgur
2738 1515 2877 1567 enim
2919 1516 3027 1570 exit
3073 1519 3137 1572 ab
3177 1520 3393 1578 Oriente
3414 1535 3464 1580 et
3504 1540 3722 1597 apparet

2139 1612 2303 1667 usque
2323 1598 2392 1651 ad
2426 1599 2779 1671 Occidentem,
2806 1606 2885 1658 ita
2911 1608 3010 1660 erit
3035 1618 3084 1663 et
3114 1611 3366 1668 adventus
3397 1615 3529 1671 Filii
3556 1620 3723 1674 homi-

2144 1687 2226 1740 nis
2246 1687 2308 1750 “,
2357 1698 2410 1743 et
2460 1692 2689 1763 reliqua.
2729 1694 2881 1751 Scire
2911 1698 3171 1757 debemus
3191 1713 3251 1759 et
3279 1706 3430 1771 illud,
3458 1712 3715 1778 quoniam

456 1797 601 1841 stare
637 1788 867 1851 videtur,
914 1787 1055 1840 dicet
1083 1788 1302 1857 aliquis,
1335 1797 1391 1842 et
1422 1791 1700 1858 quomodo
1733 1792 1889 1861 quasi
1926 1808 2026 1847 non

2139 1778 2385 1834 veritatis
2433 1779 2612 1853 fulgor
2656 1800 2765 1840 non
2817 1789 3002 1858 aliquo
3034 1793 3252 1861 quidem
3309 1768 3712 1866 Scripfurarutn

452 1885 655 1931 stante,
681 1892 744 1930 ea
780 1877 889 1931 illic
928 1877 1000 1931 ita
1048 1878 1188 1932 dicet
1222 1879 1420 1948 aliquis
1467 1879 1754 1947 discipulis
1783 1880 1988 1937 Christi
2018 1900 2034 1935 ι

453 1967 588 2022 Ecce
633 1969 715 2021 hic
751 1968 1016 2034 Christus,
1064 1985 1181 2023 ecce
1224 1970 1357 2024 illic.
1407 1970 1563 2025 Alius
1612 1982 1794 2026 autem
1852 1974 2034 2030 dicet:

452 2059 590 2112 Ecce
617 2061 673 2112 in
707 2060 994 2114 solitudine
1021 2069 1096 2114 est
1126 2076 1143 2124 ;
1175 2061 1315 2117 alius
1346 2072 1526 2117 autem
1552 2079 1565 2114 :
1602 2062 1734 2116 Ecce
1765 2064 1820 2116 in
1859 2064 2035 2118 domi-

451 2152 568 2203 bus.
600 2148 735 2204 Vide
762 2167 892 2219 (rgo
920 2151 965 2204 si
995 2152 1060 2205 ad
1088 2152 1203 2206 haec
1229 2151 1410 2207 dicere
1434 2168 1730 2222 possumus
1756 2155 1899 2223 quod
1925 2156 2030 2210 ait:

451 2239 587 2294 Ecce
617 2241 722 2304 It'c,
748 2256 863 2294 ecce
886 2240 1033 2305 illic;
1064 2242 1320 2311 quoniam
1345 2259 1461 2297 ecce
1486 2244 1592 2308 ltic,
1623 2260 1737 2297 ecce
1764 2245 1897 2311 illic,
1923 2262 2030 2301 non

443 2342 601 2386 extra
630 2331 966 2402 Scripturam
1000 2333 1146 2388 foras
1175 2335 1547 2403 aspiciendum
1583 2348 1686 2392 est.
1714 2336 1864 2392 Dicet
1883 2339 2029 2392 enim

442 2424 540 2491 qui
590 2416 852 2477 seducere
894 2425 1129 2479 voluerit
1178 2439 1277 2478 nos
1329 2434 1382 2480 et
1422 2426 1711 2482 defendere
1758 2429 2027 2485 contraria

447 2515 658 2568 veritati
687 2533 701 2568 :
742 2514 874 2568 Ecce
895 2515 981 2567 hic
1006 2516 1270 2578 Christus.
1303 2515 1691 2572 demonstrans
1717 2519 1868 2572 verbi
1904 2535 2031 2590 grao

447 2605 520 2658 tia
555 2606 700 2661 hunc
742 2604 1017 2676 Evangelii
1074 2607 1275 2661 locum.
1320 2607 1557 2662 Alterius
1598 2618 1778 2662 autem
1826 2609 2029 2666 erroris

444 2706 639 2748 auctor
679 2696 820 2749 dicet
848 2713 862 2750 :
896 2695 1028 2751 Ecce
1058 2697 1143 2749 hic
1175 2696 1440 2760 Christus,
1469 2697 1704 2753 offerens
1732 2697 1801 2751 ad
1832 2713 2022 2753 exem-

444 2787 593 2856 plum
622 2786 853 2841 alterum
900 2796 1126 2850 textum,
1160 2789 1253 2857 qui
1288 2789 1500 2843 videtur
1538 2788 1833 2846 defendere
1876 2806 2022 2845 men-

441 2880 582 2934 dacii
616 2879 761 2943 illius
787 2879 1008 2933 verbum
1035 2881 1178 2949 quod
1209 2881 1496 2950 proposuit
1512 2881 1823 2949 vindicare;
1858 2890 1912 2937 et
1934 2882 2016 2941 sic

445 2985 509 3023 ex
546 2970 679 3039 lege,
705 2979 758 3024 et
790 2968 1088 3039 prophetis.
1115 2979 1168 3024 et
1198 2971 1463 3040 apostolis
1493 2970 1699 3041 profert
1726 2974 2027 3043 unusquis-

447 3076 557 3129 que
597 3076 719 3130 qme
758 3060 1007 3114 videntur
1051 3058 1342 3116 defendere
1384 3062 1732 3118 mendacium
1766 3064 1897 3120 illud
1936 3074 2024 3120 ut—

444 3164 575 3222 pote
598 3153 899 3205 veritatem.
934 3150 1025 3206 Vel
1051 3152 1132 3208 sic
1161 3152 1417 3222 impletur
1438 3154 1585 3222 quod
1625 3155 1699 3208 ait
1724 3170 1739 3208 :
1771 3153 1908 3209 Ecce
1938 3156 2025 3210 hic

437 3246 709 3307 (λιιι-ἰδέας,
746 3260 862 3297 ecce
908 3243 1043 3312 illic,
1088 3245 1385 3300 ostendens
1427 3260 1537 3301 non
1584 3245 1884 3310 Christum,
1926 3247 2022 3309 sed

439 3336 677 3406 aliquem
709 3335 888 3390 fictum
916 3335 1161 3406 ejusdem
1184 3335 1444 3398 nominis,
1479 3343 1692 3404 utputa,
1718 3337 2020 3392 secundum

444 3426 741 3481 Mascionis
770 3427 1097 3490 doctrinam,
1134 3434 1191 3480 et
1224 3424 1526 3481 secundum
1560 3426 1881 3482 traditiones
1914 3426 2023 3482 Va.

444 3517 665 3580 lumini,
703 3528 795 3572 aut
822 3516 1074 3573 Basilidis
1108 3517 1325 3585 longam
1360 3513 1785 3581 fuhulositatcm,
1812 3527 1909 3573 aut
1931 3534 2021 3575 se-

438 3611 679 3664 cundum
714 3610 916 3679 Apellis
940 3608 1204 3662 adversus
1230 3606 1459 3661 Paulum
1499 3609 1866 3664 testimonium
1916 3610 2015 3665 ται.

435 3716 585 3755 sum.
625 3700 797 3754 Erunt
830 3708 1015 3754 autem
1050 3708 1104 3752 et
1148 3698 1241 3752 alii
1286 3699 1470 3768 plures
1504 3700 1598 3768 qui
1644 3700 1844 3757 dicturi
1891 3711 2022 3757 sunt

435 3794 723 3862 discipulis
768 3808 835 3845 ex
882 3791 1083 3845 divinis
1129 3789 1448 3861 Scripturis,
1497 3791 1896 3863 coniungentes
1934 3795 2019 3855 eis

437 3898 604 3937 suum
659 3882 937 3951 proprium
983 3896 1244 3936 sensum:
1290 3881 1422 3936 Ecce
1468 3883 1551 3937 hic
1598 3883 1861 3949 Christus,
1903 3900 2020 3939 ecce

436 3974 573 4028 illic.
597 3972 657 4025 Si
686 3981 862 4024 autem
892 3972 1120 4025 dixerint
1151 3974 1332 4027 vobis:
1363 3972 1496 4027 Ecce
1518 3974 1571 4027 in
1594 3974 1905 4043 solitudine,
1925 3991 2020 4030 no-

440 4066 537 4119 lite
575 4063 756 4127 exire;
786 4078 901 4116 ecce
941 4064 997 4117 in
1027 4063 1293 4130 domibus,
1323 4064 1485 4118 nolite
1515 4065 1742 4120 credere.
1785 4065 2017 4133 Quidam

438 4158 585 4208 enim
618 4164 821 4209 secreta
846 4153 1185 4225 proferentes
1212 4155 1403 4210 dicunt
1427 4174 1440 4209 :
1468 4155 1601 4211 Ecce
1626 4158 1679 4210 in
1708 4158 2014 4214 solitudine.

434 4244 671 4310 Quando
702 4246 844 4299 enim
891 4255 1134 4300 secretas
1178 4253 1233 4299 ct
1277 4261 1386 4299 non
1432 4248 1678 4314 volgatas
1705 4248 2018 4319 Scr-iptucas

438 4337 722 4408 proferunt
745 4338 809 4393 ad
839 4338 1304 4392 confirmationem
1331 4339 1599 4393 mendacii
1628 4340 1735 4405 sui,
1768 4340 2018 4396 videntur

2139 1866 2261 1922 loco
2293 1882 2537 1939 apparet,
2572 1888 2634 1928 ex
2668 1876 2776 1930 alio
2809 1887 2989 1934 autem
3017 1883 3426 1953 Scripturarum
3459 1888 3581 1944 loco
3605 1907 3710 1947 non

2136 1956 2467 2027 defenditur,
2504 1966 2597 2020 sed
2628 1981 2692 2021 cx
2729 1970 2878 2024 omni
2908 1972 3025 2026 loco
3058 1956 3500 2048 Scripturarum,
3543 1982 3597 2036 id
3632 1992 3717 2038 est

2136 2048 2252 2103 sive
2282 2066 2347 2105 ex
2384 2052 2516 2123 legis
2540 2095 2555 2120 ,
2602 2058 2717 2112 sive
2750 2061 3173 2129 prophetarum,
3222 2068 3338 2122 sive
3366 2086 3430 2124 ex
3467 2070 3713 2144 Evange-

2134 2140 2354 2206 liorum,
2388 2145 2503 2198 sive
2532 2161 2598 2201 ex
2629 2151 3004 2218 apostolorum
3035 2155 3317 2225 Scriptura
3363 2140 3712 2219 defenditur:

2133 2244 2187 2286 et
2214 2234 2401 2290 exiens
2431 2236 2520 2289 hic
2565 2236 2742 2308 fulgor
2771 2242 3014 2299 veritatis
3043 2247 3111 2299 ab
3144 2246 3361 2305 Oriente
3381 2290 3397 2316 ,
3435 2252 3485 2306 id
3521 2263 3604 2308 est
3635 2256 3706 2310 ab

2132 2322 2305 2379 initiis
2350 2325 2593 2392 Christi,
2645 2341 2870 2401 apparet
2915 2349 3087 2404 usque
3128 2338 3195 2390 ad
3249 2338 3708 2408 dispensatonem

2131 2417 2409 2486 passionis
2440 2419 2633 2490 ipsius,
2671 2423 2725 2477 in
2756 2439 2863 2494 qua
2898 2435 2982 2480 est
3010 2441 3240 2483 occasus
3267 2430 3459 2499 ipsius.
3487 2431 3552 2485 Et
3583 2433 3710 2490 huic

2130 2507 2225 2562 tali
2258 2508 2454 2581 fulgori
2487 2512 2685 2570 similis
2711 2527 2795 2572 est
2812 2516 2934 2573 Filii
2968 2518 3206 2577 hominis
3238 2524 3523 2588 adventus,
3550 2526 3598 2579 id
3628 2534 3710 2580 est

2128 2602 2354 2656 verbum
2384 2605 2650 2661 veritatis.
2701 2606 2768 2662 Et
2808 2608 2890 2663 sic
2938 2620 3118 2665 autem
3174 2612 3471 2684 intelligere
3518 2631 3710 2685 possu-

2128 2707 2254 2747 mus
2286 2694 2433 2763 quod
2461 2697 2573 2754 ait:
2602 2697 2731 2754 Exit
2759 2698 2824 2752 ab
2854 2699 3087 2770 Oriente,
3125 2714 3174 2758 et
3196 2716 3410 2775 apparet
3445 2724 3606 2778 usque
3640 2712 3709 2764 ad

2128 2780 2488 2843 Occidentem.
2521 2785 2776 2846 Christus
2806 2788 3044 2847 Verbum
3097 2810 3243 2860 esse,
3277 2807 3332 2851 et
3378 2799 3614 2867 veritas,
3657 2810 3708 2857 et

2126 2877 2394 2948 sapientia
2421 2882 2726 2938 ostenditur
2756 2900 2787 2939 a
2834 2886 3013 2956 primo
3048 2888 3205 2944 initio
3230 2899 3495 2946 creaturae
3519 2896 3706 2947 mundi

2128 2982 2300 3037 lISqlte
2327 2969 2394 3023 ad
2429 2970 2786 3027 novissimam
2816 2974 3190 3043 apostolorum
3241 2975 3617 3046 Scripturam,
3655 2978 3705 3034 id

2125 3067 2210 3114 est
2251 3074 2283 3114 a
2315 3058 2511 3117 Genesi
2546 3077 2720 3135 usque
2745 3064 2815 3119 ad
2851 3066 3182 3135 apostolicos
3209 3066 3398 3131 libros,
3425 3077 3548 3137 post
3568 3084 3705 3138 quos

2129 3150 2294 3206 nullis
2321 3152 2610 3222 scripturis
2639 3154 2714 3209 ita
2749 3155 3079 3212 credendum
3114 3164 3200 3212 est
3231 3157 3374 3212 sicut
3417 3157 3548 3213 illis.
3599 3160 3703 3214 Aut

2126 3240 2241 3305 ita,
2292 3244 2555 3310 quoniam
2611 3243 2697 3298 lex
2751 3253 2807 3299 et
2850 3245 3131 3316 prephelae
3178 3261 3355 3316 usque
3413 3246 3480 3300 ad
3540 3245 3700 3300 Joan-

2121 3347 2285 3399 nem,
2332 3333 2387 3386 in
2441 3334 2642 3402 quibus
2693 3343 2777 3390 est
2823 3336 3000 3406 fulgor
3058 3338 3306 3394 veritatis
3359 3355 3372 3390 :
3426 3350 3481 3393 et
3522 3338 3702 3393 oriens

2122 3424 2340 3492 quidem
2379 3436 2463 3480 est
2491 3425 2598 3490 lex,
2632 3427 2887 3482 occidens
2915 3436 3094 3482 autem
3133 3428 3255 3484 finis
3287 3430 3419 3499 legis
3439 3429 3700 3486 Joannes.

2123 3512 2252 3569 Sola
2278 3524 2458 3570 autem
2496 3514 2738 3571 Ecclesia
2770 3532 2945 3587 neque
2979 3519 3252 3574 subtrahit
3278 3520 3441 3589 hujus
3475 3520 3699 3589 fuluoris

2121 3606 2348 3660 verbum
2383 3616 2438 3660 et
2468 3622 2726 3673 sensum,
2757 3623 2934 3677 neque
2969 3608 3119 3662 addit
3155 3610 3311 3678 quasi
3355 3612 3697 3680 prophetiam

2121 3697 2268 3752 aliud
2291 3699 2519 3768 aliquid.
2568 3697 2673 3753 Sed
2697 3698 2742 3753 si
2766 3706 2978 3768 oportet
2996 3698 3268 3754 subtiliter
3284 3716 3529 3769 quzcrere
3551 3701 3697 3771 quod

2100 3804 2208 3844 non
2233 3788 2397 3860 865
2430 3787 2773 3859 singulariter
2814 3786 2956 3841 dicta
2985 3794 3068 3841 est
3105 3783 3322 3849 Oriens,
3355 3796 3533 3854 neque
3568 3782 3688 3839 sin-

2099 3882 2358 3955 gulariter
2394 3879 2681 3943 Occidens,
2722 3878 2816 3933 sed
2852 3879 2943 3943 ita,
2984 3878 3050 3932 ab
3084 3879 3368 3932 orientibus
3410 3893 3574 3947 usque
3619 3877 3689 3929 ad

2099 3975 2405 4037 occidentes,
2436 3971 2679 4028 dicemus
2696 3971 2951 4040 quoniam
2976 3985 3082 4023 una
3108 3968 3309 4032 oriens,
3336 3978 3391 4023 et
3416 3985 3522 4023 una
3548 3967 3689 4024 occi-

2096 4065 2253 4131 dens,
2279 4065 2366 4119 lex
2388 4073 2444 4119 et
2464 4064 2745 4135 prephetre
2771 4077 2940 4132 usque
2963 4061 3029 4116 ad
3059 4061 3355 4125 Joannem;
3380 4060 3482 4115 alia
3505 4060 3686 4115 oriens

2098 4172 2273 4227 usque
2294 4156 2360 4211 ad
2384 4157 2745 4219 occidentem,
2769 4152 3022 4208 Christus
3051 4152 3212 4208 Jcsus
3248 4168 3419 4223 usque
3453 4153 3519 4207 ad
3546 4152 3689 4213 Pan:

2100 4249 2235 4315 lum,
2259 4248 2346 4304 cui
2370 4247 2668 4303 novissimo
2686 4245 3057 4315 apostolorum
3081 4244 3234 4314 quasi
3257 4244 3503 4298 abortivo
3531 4259 3692 4314 appa-

2101 4341 2211 4396 ruit
2238 4339 2489 4395 Christus
2526 4337 2592 4393 ".
2620 4336 2916 4393 Considera
2954 4343 3137 4390 autem
3182 4332 3391 4400 ethoc,
3432 4332 3687 4403 quoniam

437 4432 651 4485 dicere:
688 4428 827 4484 Ecce
858 4429 912 4481 in
946 4428 1240 4482 solitudine
1271 4429 1495 4483 verbum
1525 4438 1609 4485 est
1632 4431 1892 4488 veritatis.
1918 4432 2016 4487 Se-
2050 4462 2093 4517 Β
2122 4442 2286 4481 unam
2330 4425 2582 4494 superius
2612 4424 2851 4478 diximus
2892 4420 3353 4517 abpniinationem
3400 4418 3691 4517 desolatio-

437 4530 604 4576 crctae
628 4520 771 4574 enim
799 4520 1113 4589 Scriptum,
1146 4528 1289 4574 recte
1312 4519 1633 4575 sol.tudines
1652 4522 2012 4591 appellantur,

442 4614 497 4677 in
526 4612 725 4682 quibus
744 4620 842 4665 aut
861 4611 1018 4680 pauci
1043 4619 1172 4665 sunt
1191 4610 1493 4675 credentes,
1520 4621 1616 4667 aut
1637 4615 1843 4669 nullus.
1867 4613 2017 4680 Quo-

438 4705 542 4759 ties
567 4713 746 4758 autem
774 4702 1066 4757 canonicos
1088 4700 1379 4770 proferunt
1407 4701 1715 4773 Scripturas
1736 4707 1789 4760 in
1815 4707 2014 4775 quibus

432 4796 619 4849 ~ontnis
657 4794 1005 4849 Christianus
1035 4791 1307 4845 consentit
1329 4802 1383 4846 et
1424 4795 1617 4857 credit,
1649 4795 1901 4851 videntur
1933 4796 2017 4852 di-

435 4902 600 4942 cere:
647 4886 785 4941 Ecce
817 4886 869 4939 in
901 4885 1154 4940 domibus
1206 4884 1430 4940 verbum
1470 4896 1553 4940 est
1595 4887 1859 4943 veritatis.
1907 4887 2014 4942 Sed

443 4994 542 5034 nos
574 4979 679 5033 illis
707 4979 932 5033 credere
962 4991 1069 5030 non
1098 4977 1384 5038 debemus,
1408 4991 1507 5033 nec
1539 4978 1689 5033 exire
1710 4994 1741 5033 a
1764 4979 1938 5048 prima
1963 4990 2018 5034 et

441 5071 808 5125 ecclesiastica
861 5068 1187 5135 traditione,
1242 5082 1343 5122 nec
1403 5066 1561 5122 aliter
1629 5070 1853 5125 credere
1908 5071 2014 5126 nisi

443 5160 902 5224 quemadmodum
938 5173 1033 5229 per
1057 5159 1461 5214 successionem
1490 5157 1751 5215 Ecclesia:
1784 5160 1875 5215 Dei
1906 5170 2016 5216 tra-

441 5253 694 5307 diderunt
728 5251 912 5306 nobis.
946 5249 1044 5304 Vel
1087 5249 1167 5304 sic
1189 5263 1383 5303 eorum
1423 5251 1712 5305 verborum
1741 5250 2007 5315 falsorum

443 5344 781 5416 professores
810 5343 1032 5414 quidam
1077 5343 1296 5411 quidem
1332 5355 1431 5396 nec
1462 5343 1532 5396 ab
1572 5343 1728 5397 initio
1754 5345 2012 5399 simulant

445 5414 789 5507 scripturas,
840 5444 895 5487 et
930 5433 1015 5488 sic
1048 5431 1232 5485 fallere
1274 5439 1501 5485 tentant.
1546 5430 1692 5494 Ideo,
1740 5433 2011 5499 existimo,

442 5544 537 5583 eos
584 5540 863 5582 sermones
902 5524 995 5594 qui
1035 5532 1165 5579 sunt
1206 5521 1433 5579 omnino
1479 5533 1629 5578 extra
1675 5524 2013 5595 Scripturam

2124 4518 2228 4580 nis,
2283 4532 2404 4586 qua:
2459 4515 2603 4568 dicta
2652 4521 2735 4567 est
2795 4527 2891 4583 per
2951 4510 3230 4564 Danielum
3288 4507 3605 4577 prophetam
3624 4505 3691 4569 ³⁸,

2120 4618 2353 4665 stantem
2388 4608 2441 4660 in
2487 4607 2607 4661 loco
2658 4615 2891 4660 sancto:
2944 4601 3257 4672 superaddit
3299 4611 3484 4655 autem
3533 4600 3689 4669 quasi

2120 4701 2187 4757 de
2222 4700 2439 4763 multis,
2491 4705 2772 4767 cxsurgent
2822 4694 2960 4748 enim
2992 4693 3397 4763 pseudochr'sti.
3450 4690 3688 4746 Genera-

2118 4791 2243 4846 liter
2287 4791 2432 4845 euim
2493 4804 2635 4843 unus
2671 4795 2753 4842 est
2800 4785 3191 4846 Antichristus,
3247 4783 3455 4854 species
3505 4788 3684 4834 autem

2113 4881 2260 4937 illius
2311 4881 2530 4943 multae;
2587 4890 2845 4947 tanquam
2892 4874 2939 4928 si
2989 4872 3273 4940 dicamus,
3340 4868 3679 4925 rut-minium

2113 4968 2436 5039 generaliter
2464 4982 2633 5021 unum
2666 4973 2768 5029 est,
2804 4963 3105 5018 secundum
3145 4960 3474 5016 dill'erentias
3500 4968 3679 5011 auum

2115 5062 2375 5117 falsorum
2421 5061 2736 5130 dogmatum
2774 5057 3125 5111 inveniuntur
3164 5054 3332 5108 multa
3368 5064 3489 5105 esse
3531 5064 3682 5102 mon-

2112 5153 2289 5208 dacia.
2323 5150 2379 5206 Si
2409 5151 2552 5205 enim
2581 5149 2925 5205 mendacium
2962 5146 3096 5201 nihil
3119 5143 3296 5199 differt
3319 5160 3346 5194 ει
3376 5141 3682 5204 mendacio,

2116 5253 2250 5315 puta
2287 5243 2542 5298 Basilidis
2563 5283 2578 5305 ,
2624 5250 2719 5296 aut
2752 5239 3045 5295 Marcionis
3066 5276 3081 5301 ,
3111 5242 3207 5289 aut
3240 5233 3508 5289 Valentini
3534 5275 3548 5298 ,
3594 5242 3688 5286 aut

2117 5338 2361 5406 Apellis,
2401 5344 2497 5389 aut
2548 5334 2855 5404 aliquorum
2911 5329 3210 5393 similium,
3257 5343 3423 5380 unum
3475 5325 3688 5387 videtur

2060 5438 2075 5455 '
2118 5447 2240 5486 esse
2276 5429 2637 5485 mendacium.
2678 5425 2742 5481 l‘li
2779 5436 2959 5480 autem
2996 5419 3293 5476 secundum
3332 5419 3545 5471 diversa
3588 5418 3687 5470 d0-

2122 5531 2300 5593 gmata
2344 5523 2699 5587 mentiuntur,
2757 5518 2911 5573 multi
2956 5522 3085 5571 sunt
3127 5514 3221 5583 qui
3268 5521 3588 5580 exsurgunt.
3625 5507 3686 5561 ili

519 5646 561 5676 ἰ
599 5643 788 5699 Matth.
819 5659 971 5699 xxiv.
1000 5641 1073 5696 25
1093 5650 1148 5698 et
1168 5656 1321 5711 seqq.
1398 5641 1444 5672 δ’
1484 5641 1629 5701 Psal.
1666 5658 1834 5711 xvm,
1866 5640 1922 5697 5.
1998 5643 2026 5675 ⁶«

2125 5641 2210 5696 ial.
2236 5656 2447 5707 cauti,
2475 5638 2558 5698 15.
2634 5638 2680 5669 ⁸⁸
2703 5636 2896 5690 Matth.
2917 5650 3064 5699 xxiv,
3096 5631 3186 5687 27.
3254 5631 3299 5661 ’⁸⁸
3324 5629 3341 5683 l
3371 5628 3497 5683 Cor.
3522 5626 3683 5692 “,8.

447 5713 491 5746 “
520 5712 653 5766 Dan.
684 5729 760 5778 ix,
784 5713 873 5766 27.
