4112 6470
482 308 499 359 i
514 307 617 360 669

1606 289 2254 352 .(ZOMMENTARIORUM
2297 294 2563 353 SElllES.

3606 314 3743 368 lC7ﬂ

477 425 620 476 enim
672 431 801 476 sunt
843 416 1171 482 antichristi,
1209 422 1263 468 et
1304 408 1618 483 quicunque
1661 417 1787 480 post
1825 424 1921 463 eos
1965 423 2053 464 re-
2088 414 2129 469 Α
2156 412 2421 482 quoniam
2451 428 2561 467 non
2595 414 2768 470 dixit:
2811 414 3141 490 Ubicunque
3181 419 3346 477 fuerit
3374 422 3633 491 cadaver.
3664 427 3738 480 ibi

478 512 840 567 surrexerint.
877 509 1033 564 Sicut
1066 517 1247 561 autem
1277 504 1389 558 veri
1416 501 1622 557 Christi
1647 510 1702 557 et
1730 501 1896 557 unius
1924 500 2051 555 facti

477 615 605 662 sunt
644 604 736 673 qui
778 619 807 657 a
851 600 1053 658 steculo
1091 599 1312 655 fuerunt
1359 598 1531 654 sancti
1556 597 1869 668 prophetae.
1916 610 2055 663 pra:-

476 698 794 751 nuntiantes
827 693 1031 750 Christi
1068 692 1351 761 passiones
1382 699 1439 744 et
1467 688 1816 759 postmodum
1850 686 2054 757 glorias

476 790 597 859 ejus
626 788 872 852 futuras,
919 785 1001 839 sic
1047 782 1183 837 mihi
1224 781 1461 850 iutellige
1505 779 1806 835 secundum
1854 793 2054 833 unum.

477 894 749 950 quemque
789 874 1288 948 pseudochristum,
1327 872 1529 927 multos
1563 870 1697 941 ejus;
1719 868 1888 925 falsos
1927 884 2055 939 pro-

480 973 689 1041 phetas.
715 968 831 1025 Non
863 983 994 1038 ergo
1022 965 1256 1035 alicujus
1284 964 1449 1019 unius
1477 962 1747 1017 mendacii
1775 962 2048 1023 doctores,

478 1064 568 1116 sed
592 1042 835 1116 omnium
858 1056 1344 1130 pseudOprophetre
1380 1065 1508 1112 sunt
1529 1054 1678 1110 illius
1704 1053 2050 1121 Antichristi,

477 1152 632 1220 cujus
685 1150 853 1207 falsos
900 1164 1183 1206 sermones
1237 1148 1533 1219 praedicant
1586 1146 1745 1217 quasi
1797 1161 1957 1200 veros
1996 1153 2051 1199 et

475 1244 693 1297 docent.
756 1242 1068 1298 Secundum
1124 1241 1240 1295 haec
1289 1254 1419 1309 ergo
1470 1252 1594 1308 qua:
1630 1232 1901 1299 diximus,
1954 1235 2050 1306 qui

474 1333 841 1387 ecclesiastice
866 1333 1061 1388 docent
1094 1330 1342 1395 verbum,
1368 1329 1647 1399 prophetae
1668 1333 1797 1382 sunt
1819 1325 2046 1381 Christi.

474 1426 577 1491 Qui
614 1433 794 1479 autem
826 1423 1118 1479 Marcionis
1153 1422 1234 1476 vel
1265 1421 1496 1491 alicujus
1535 1434 1722 1475 eorum
1754 1418 2050 1488 praedicant

475 1516 699 1569 verbum
764 1514 1000 1576 falsum,
1050 1512 1325 1583 prophetae
1375 1518 1503 1566 sunt
1551 1507 1870 1564 Antichristi
1930 1508 2049 1577 ejus

474 1606 567 1674 qui
619 1612 705 1658 est
737 1605 1036 1657 secundum
1079 1600 1430 1666 Marcionem,
1489 1598 1542 1653 id
1585 1606 1670 1653 est
1714 1598 1859 1652 illius
1891 1612 2047 1652 men-

474 1696 612 1751 dacii
652 1696 797 1766 quod
845 1695 1147 1750 introduxit
1190 1692 1464 1759 Marcion;
1511 1701 1565 1747 et
1618 1691 1711 1745 alii
1756 1688 1878 1744 falsi
1919 1703 2048 1758 pro-

473 1765 826 1857 phetaaisunt
873 1785 1143 1842 mendacii
1194 1784 1342 1840 illius
1398 1783 1546 1854 quod
1599 1792 1684 1839 est
1742 1781 2043 1836 secundum
2079 1765 2119 1819 Β

478 1878 806 1945 Basilidem;
833 1878 924 1931 alii
955 1891 1088 1932 vero
1119 1876 1266 1932 illius
1294 1875 1441 1946 quod
1464 1873 1764 1931 secundum
1782 1872 2043 1941 Apellem.

476 1967 742 2023 Similiter
789 1968 940 2023 dims
990 1975 1048 2021 et
1097 1966 1163 2021 de
1210 1963 1660 2035 pradicatoribus
1707 1963 2045 2035 singularum

475 2060 762 2112 luerosum.
794 2056 987 2112 Omnia
1033 2057 1180 2112 enim
1216 2066 1271 2113 ct
1314 2055 1660 2127 persuasoria
1699 2071 1822 2126 quae
1863 2054 2048 2126 profe-

474 2158 670 2201 runtur
717 2148 783 2203 ad
833 2147 1209 2204 defensionem
1267 2147 1588 2202 Antichristi
1647 2147 1831 2211 verbi,
1890 2147 2046 2223 signa

471 2249 601 2293 sunt
649 2239 798 2294 illius
857 2238 1180 2295 Antichristi
1234 2248 1289 2294 et
1364 2238 1652 2309 prodigia:
1701 2253 2047 2308 quaecunque

472 2339 840 2401 suggeruntur
892 2346 922 2385 a
986 2331 1393 2402 sapientissimo
1440 2330 1686 2386 omnium
1748 2331 2046 2387 bestiarum

472 2427 628 2472 terrae
660 2428 913 2488 serpente
935 2420 1000 2485 ⁸⁷,
1032 2429 1088 2475 et
1111 2435 1142 2475 a
1174 2435 1374 2490 magno
1407 2435 1573 2476 sensu
1608 2420 1852 2491 principe
1871 2420 2045 2493 Assy-

470 2509 703 2574 riorum,
735 2512 890 2581 signa
924 2520 1055 2567 sunt
1085 2527 1279 2582 magna
1312 2520 1364 2567 et
1397 2511 1675 2581 prodigia,
1708 2519 1770 2566 ut
1797 2511 1853 2565 in
1891 2526 2046 2567 erro-

471 2618 584 2656 rem
632 2603 998 2668 inducantur,
1058 2604 1103 2659 si
1166 2604 1424 2674 possibile
1468 2612 1588 2669 est,
1645 2604 1821 2660 etiam-
1861 2604 2041 2662 electi.

470 2693 918 2764 Exaggerationis
942 2703 1126 2750 autem
1159 2709 1342 2750 sermo
1361 2703 1444 2750 est
1478 2695 1686 2764 dicens,
1722 2696 1771 2750 si
1794 2696 2045 2766 possibile

468 2792 576 2850 est,
636 2800 742 2838 non
804 2785 950 2840 enim
1007 2786 1380 2856 pronuntiavit
1439 2802 1615 2857 neque
1658 2787 1828 2854 dixit,
1878 2800 1938 2844 ut
1984 2789 2041 2844 in

469 2890 712 2930 errorem
741 2877 1027 2932 mittantur
1055 2877 1217 2933 etiam
1251 2877 1442 2945 electi,
1482 2879 1576 2935 sed
1613 2880 1901 2936 ostendere
1928 2881 2043 2937 vult

467 2967 722 3034 qquam
781 2968 1094 3039 frequenter
1145 2969 1302 3025 valde
1354 2972 1683 3042 persuasorii
1735 2981 1864 3028 sunt
1921 2988 2040 3029 ser-

468 3073 659 3114 mones
695 3061 1098 3126 haereticorum,
1125 3071 1180 3116 et
1224 3077 1570 3118 commovere
1591 3072 1839 3133 potentes
1874 3063 2040 3119 etiam
2067 3095 2112 3157 ο

463 3161 561 3201 eos
602 3150 694 3217 qui
741 3151 1015 3220 sapienter
1063 3152 1313 3208 audiunt.
1358 3151 1462 3208 Sed
1509 3154 1836 3223 praedicente
1878 3155 2039 3211 nobis

465 3238 649 3292 omnia
685 3235 985 3305 Salvatore,
1033 3254 1209 3311 neque
1248 3239 1302 3295 in
1351 3239 1702 3296 solitudinem
1751 3255 2037 3305 exeamus.

464 3343 643 3396 neque
670 3330 762 3399 qui
812 3330 1134 3399 profitentur
1174 3331 1453 3387 Christum
1501 3333 1556 3387 in
1598 3332 1850 3390 domibus
1880 3348 2036 3401 esse,

463 3421 771 3478 credamus.
820 3420 915 3478 llis
973 3431 1155 3478 autem
1211 3438 1334 3494 quae
1387 3423 1659 3492 diximus,
1713 3425 2038 3496 adjiciamus

463 3514 643 3570 adhuc
671 3516 933 3586 quoniam
965 3515 1145 3572 omnis
1176 3529 1357 3571 sermo
1401 3516 1662 3585 proﬁtens
1703 3532 1763 3573 se
1789 3532 1911 3575 esse
1938 3534 2036 3575 ve-

458 3606 695 3670 ritatem,
730 3623 852 3662 cum
872 3623 978 3662 non
1004 3609 1075 3662 sit
1098 3607 1316 3672 veritas,
1350 3607 1465 3662 sive
1480 3608 1623 3678 apud
1647 3607 1895 3680 gentiles,
1924 3609 2037 3664 sive

458 3697 601 3765 apud
633 3698 923 3761 barbaros,
953 3698 1140 3768 aliquo
1173 3698 1339 3753 modo
1376 3697 1752 3752 Antichristus
1791 3706 1903 3764 est,
1939 3713 2035 3753 vo-

460 3789 578 3843 lens
611 3789 871 3843 seducere
904 3788 1061 3858 quasi
1102 3788 1322 3851 veritas,
1364 3798 1418 3842 et
1451 3802 1703 3857 separare
1738 3788 1807 3843 ab
1840 3804 1905 3843 eo
1939 3790 2033 3859 qui

458 3879 596 3931 dixit
621 3877 662 3908 ⁸⁸
691 3897 704 3931 :
754 3878 866 3948 Ego
898 3895 1014 3932 sum
1044 3878 1260 3933 veritas.
1294 3876 1586 3947 Propterea
1628 3893 1736 3933 non
1772 3879 2034 3935 debemus

456 3966 735 4022 attendere
772 3968 853 4022 eis
894 3969 986 4037 qui
1028 3967 1259 4022 dicunt:
1300 3966 1430 4020 Ecce
1476 3966 1559 4020 hic
1605 3964 1882 4033 Christus,
1922 3984 2031 4025 non

455 4068 637 4113 autem
671 4059 965 4115 ostendunt
1003 4075 1126 4113 eum
1177 4060 1230 4114 in
1286 4057 1526 4113 Ecclesia
1573 4072 1695 4127 quae
1737 4058 1898 4128 plena
1949 4069 2034 4116 est

457 4149 665 4219 fulgore
699 4151 770 4206 ab
799 4152 1008 4206 oriente
1036 4166 1210 4222 usque
1237 4150 1304 4204 ad
1336 4149 1694 4215 occidentem,
1726 4165 1849 4220 quae
1874 4149 2029 4219 plena

455 4251 538 4296 cst
567 4242 770 4297 lumine
801 4258 951 4306 vero,
982 4257 1102 4312 quae
1134 4252 1218 4296 est
1252 4241 1505 4296 columna
1537 4249 1593 4296 et
1626 4239 2028 4295 firmamentum

454 4336 724 4401 veritatis,
755 4336 809 4388 in
842 4351 951 4405 qua
1004 4344 1112 4390 tota
1150 4343 1298 4390 totus
1338 4344 1424 4390 est
1467 4334 1732 4391 adventus
1767 4333 1889 4388 Filii
1933 4335 2031 4389 ho-

2154 504 2643 574 congregabuntur
2685 508 2958 575 vultures,
3008 522 3103 566 aut
3139 514 3332 580 corvi;
3391 516 3487 571 sed
3538 519 3738 573 volens

2151 598 2446 653 ostendere
2477 600 2802 670 magnificos
2848 609 2904 656 et
2936 603 3146 674 regales
3178 621 3301 663 esse
3333 622 3529 663 omnes
3563 610 3653 679 qui
3682 610 3737 664 in

2153 686 2461 753 passionem
2495 687 2711 744 Domini
2745 691 3124 757 crediderunt,
3163 700 3380 766 proprie
3406 698 3586 756 dixit:
3636 699 3739 755 Ubi

2150 773 2311 842 fuerit
2346 777 2594 842 cadaver,
2628 781 2743 837 illic
2770 784 3232 855 congregabantur
3258 798 3307 843 et
3340 791 3556 860 aquilis.

2219 869 2309 923 48.
2355 869 2556 926 Statim
2588 883 2706 939 post
2736 875 3136 931 tribulationem
3175 879 3382 935 dierum
3411 882 3628 937 illorum
3655 886 3735 939 εοι

2148 959 2557 1025 obscurabitur,
2599 973 2647 1017 et
2701 964 2831 1018 luna
2868 983 2973 1020 non
3019 968 3167 1022 dabit
3220 969 3398 1024 lumen
3450 989 3631 1034 suum,
3684 990 3732 1029 et

2150 1049 2321 1106 stellte
2358 1051 2548 1105 cadent
2593 1051 2658 1106 de
2707 1051 2861 1118 caelo,
2890 1061 2940 1107 et
2994 1052 3211 1107 virtutes
3250 1053 3501 1108 (telorum
3558 1069 3701 1108 more

2152 1142 2367 1196 buntur.
2418 1141 2486 1196 Et
2518 1152 2641 1197 tunc
2681 1144 2954 1213 apparebit
2991 1145 3203 1215 signum
3241 1143 3371 1199 Filii
3405 1145 3632 1199 hominis
3675 1147 3732 1199 in

2151 1235 2299 1301 coelo,
2325 1246 2372 1289 et
2404 1244 2528 1291 tunc
2557 1234 2806 1306 plangent
2835 1252 2890 1291 se
2910 1252 3088 1290 omnes
3114 1237 3281 1291 tribus
3316 1248 3466 1291 terrm
3492 1238 3558 1291 ⁸⁸.
3585 1236 3729 1294 (ἶοιι⁸

2152 1326 2457 1381 siderantes
2508 1327 2747 1397 majores
2796 1329 3199 1398 prepositioues
3243 1330 3524 1384 incurrere
3565 1347 3731 1400 quam

2150 1423 2236 1468 est
2273 1430 2468 1470 sensus
2504 1416 2817 1480 hominum,
2855 1417 3019 1471 etiam
3063 1432 3254 1472 em'um
3290 1418 3383 1487 qui
3433 1418 3732 1487 plurimum

2152 1507 2207 1560 in
2236 1506 2503 1577 sapientia
2537 1505 2888 1576 profecerunt
2927 1523 3038 1578 pra:
3072 1508 3214 1573 aliis,
3242 1523 3345 1578 age
3369 1508 3731 1564 discmiamus

2152 1610 2499 1653 sermonem:
2537 1596 2775 1667 primum
2804 1597 3024 1668 quidem
3063 1609 3372 1668 quaerentes
3412 1615 3535 1669 quas
3573 1598 3732 1654 facile

2150 1690 2321 1760 recipi
2355 1698 2586 1759 possunt
2630 1690 2697 1743 ad
2738 1690 3136 1759 expositionem
3187 1690 3484 1761 evangelici
3527 1699 3732 1760 textus,

2145 1782 2304 1852 quasi
2335 1780 2565 1835 Domino
2599 1780 2652 1834 in
2706 1780 2824 1850 ipso
2874 1779 3264 1850 prophetante:
3305 1768 3500 1837 deinde
3544 1784 3730 1853 requi-

2145 1888 2330 1929 remus
2360 1887 2481 1943 qute
2521 1872 2592 1927 sit
2620 1870 2822 1926 veritas
2867 1870 3064 1925 horum
3101 1871 3392 1926 verborum
3426 1875 3727 1928 secundum

2145 1979 2244 2020 eos
2272 1964 2365 2035 qui
2408 1964 2571 2019 altius
2602 1974 2656 2018 et
2694 1962 2952 2017 subtilius
2976 1977 3099 2018 esse
3147 1963 3351 2033 aliquid
3391 1964 3731 2019 arbitrantur

2146 2051 2202 2107 in
2233 2052 2439 2119 verbis,
2475 2060 2756 2106 servantes
2787 2052 3237 2121 consequentiam
3279 2052 3570 2106 moralium
3613 2063 3727 2107 tra-

2147 2144 2417 2201 ditionum
2446 2143 2609 2198 etiam
2641 2142 2694 2196 in
2726 2142 2832 2206 his,
2864 2143 3323 2213 quemadmodum
3358 2160 3544 2214 supra.
3581 2143 3729 2199 Dicet

2144 2251 2275 2308 ergo
2319 2235 2520 2305 aliquis
2560 2252 2573 2290 :
2626 2234 3095 2300 Quemadmodum
3150 2234 3202 2290 in
3258 2236 3467 2307 magnis
3510 2236 3728 2306 ignibus

2145 2332 2403 2389 succendi
2447 2329 2873 2402 incipientibus,
2920 2330 3155 2385 tenebrae
3189 2345 3254 2383 ex
3303 2327 3456 2384 fumo
3490 2329 3728 2400 plurimo

2144 2423 2399 2479 videntur
2438 2425 2645 2490 extolli,
2691 2424 2772 2479 sic
2821 2425 2873 2477 in
2909 2424 3384 2479 consummatione
3421 2424 3611 2480 mundi
3657 2425 3729 2481 ab

2145 2515 2268 2586 igne
2313 2515 2404 2586 qui
2461 2516 2841 2571 accendendus
2892 2522 3008 2579 est,
3063 2510 3506 2569 obscurabuntur
3560 2515 3724 2570 etiam

2143 2606 2436 2660 luminaria
2468 2621 2686 2676 magna,
2723 2615 2801 2668 nt,
2833 2607 2948 2661 sole
2974 2604 3287 2670 obscurato,
3325 2615 3726 2674 consequenter

2144 2697 2532 2754 obscuratione
2560 2698 2694 2753 solis
2721 2697 2886 2753 etiam
2920 2698 3049 2752 luna
3098 2697 3378 2766 impedita,
3412 2712 3512 2752 nec
3540 2712 3572 2750 a
3612 2699 3726 2751 sole

2143 2787 2424 2857 percipere
2452 2787 2637 2842 lumen
2672 2801 2773 2841 nec
2802 2786 3083 2857 proprium
3118 2786 3300 2839 lumen
3336 2786 3467 2840 dare
3488 2786 3721 2840 sinalur.

2143 2879 2211 2933 Et
2238 2877 2319 2934 sic
2349 2893 2573 2934 necesse
2601 2886 2686 2934 est
2712 2877 3173 2948 comprehendant
3231 2875 3418 2931 mundi
3472 2884 3720 2932 naturam

2141 2970 2378 3040 primum
2436 2968 2672 3024 tenebrae
2723 2983 2934 3040 magna:
2983 2987 2997 3023 :
3048 2968 3130 3023 sic
3176 2976 3357 3023 autem
3417 2982 3724 3037 permarcc-

2142 3069 2329 3117 scente
2368 3061 2649 3118 stellarum
2696 3061 2925 3126 lumine,
2972 3061 3245 3130 reliquum
3299 3075 3489 3114 earum
3523 3075 3724 3129 corpus

2143 3151 2385 3208 crassius
2414 3149 2616 3206 factum
2642 3159 2702 3206 ut
2722 3165 2830 3206 non
2860 3148 3035 3205 valeat
3059 3148 3286 3203 exaltari
3319 3148 3459 3202 sicut
3484 3147 3721 3217 primum

2141 3260 2265 3300 cum
2291 3243 2555 3299 alumine
2588 3244 2711 3313 ipso
2753 3251 3025 3311 portatum
3056 3240 3436 3303 extollebatur,
3473 3239 3629 3295 cadet
3656 3239 3723 3294 de

2139 3336 2299 3409 coelo.
2357 3332 2459 3401 llis
2513 3333 2892 3389 accidentibus
2946 3348 3290 3403 consequens
3329 3337 3413 3385 est
3456 3334 3719 3389 ccelormn

2139 3427 2492 3485 rationabiles
2543 3427 2811 3492 virtutes,
2858 3426 3026 3497 866
3081 3426 3350 3495 patientes
3402 3436 3719 3497 stuporem,

2139 3522 2566 3577 commotionem
2609 3519 2849 3588 aliquam
2904 3518 3015 3586 pati
3041 3527 3095 3570 et
3131 3517 3719 3581 conturbari,remotas

2139 3613 2389 3667 videlicet
2420 3626 2450 3665 a
2489 3611 2680 3680 primis
2712 3608 3083 3663 functionibus
3107 3608 3241 3664 suis.
3281 3606 3353 3661 Ita
3381 3608 3472 3677 qui
3499 3608 3611 3663 hzec
3638 3608 3717 3662 sic

2139 3700 2396 3772 intelligit
2440 3714 2582 3763 esse,
2628 3699 2848 3768 adjiciet
2885 3698 3013 3767 quia
3046 3698 3259 3766 signum
3301 3696 3420 3752 Filii
3474 3699 3716 3754 hominis

2138 3793 2191 3847 in
2223 3810 2334 3863 quo
2376 3790 2616 3847 ecclestia
2649 3789 2790 3844 facta
2842 3797 2970 3843 sunt
3015 3804 3138 3857 quae
3181 3790 3235 3842 in
3283 3788 3438 3843 caelis
3465 3799 3622 3845 erant
3664 3804 3717 3846 et

2135 3904 2257 3958 qua:
2289 3886 2343 3940 in
2379 3882 2561 3950 terris,
2592 3892 2723 3939 tunc
2746 3880 3068 3955 apparebit:
3105 3890 3317 3949 utputa,
3350 3882 3525 3938 virtus
3546 3898 3710 3952 quam

2133 3986 2393 4048 operatus
2415 3983 2497 4030 cst
2540 3972 2712 4028 Filius
2759 3990 3059 4043 suspensus
3090 3971 3143 4028 in
3189 3972 3364 4046 ligno;
3401 3981 3455 4027 et
3486 3974 3538 4028 in
3574 3976 3714 4031 coelo

2134 4068 2372 4124 maxime
2422 4065 2650 4136 fulgebit
2706 4066 2920 4137 signum
2966 4067 3172 4136 ipsius;
3235 4077 3291 4121 et
3342 4065 3592 4122 homines
3647 4083 3712 4124 ex

2132 4160 2393 4218 omnibus
2423 4158 2676 4214 tribubus
2704 4159 2796 4229 qui
2834 4159 2987 4230 prius
3019 4175 3124 4213 non
3166 4160 3515 4217 crediderunt
3550 4162 3710 4217 Chri-

2132 4249 2394 4308 stianitati
2446 4248 2819 4313 annuntiatze,
2864 4251 3041 4305 adhuc
3094 4261 3274 4305 autem
3333 4253 3475 4306 male
3532 4253 3599 4308 dc
3644 4270 3707 4309 ea

2131 4348 2406 4414 dixerunt,
2439 4359 2568 4404 tunc
2590 4353 3040 4415 recognoscentes
3065 4360 3158 4413 per
3183 4344 3398 4413 signum
3429 4344 3560 4398 illud
3589 4362 3704 4400 ma-

455 4429 620 4483 minis
649 4429 878 4484 dicentis
910 4428 1163 4483 omnibns
1189 4429 1283 4497 qui
1329 4427 1529 4496 ubique
1556 4436 1723 4483 sunt:
1760 4426 1894 4482 Ecce
1933 4444 2024 4498 ego

2139 4440 2487 4505 nifestatuzn,
2536 4441 2794 4510 plangent
2840 4453 2930 4503 se,
2975 4445 3030 4490 et
3070 4436 3445 4491 lamentabunt
3484 4446 3704 4508 propte:

455 4521 716 4574 uobiscum
749 4537 865 4573 sum
897 4519 1140 4573 omnibus
1185 4519 1366 4572 diebus
1400 4520 1555 4583 ritur,
1598 4535 1760 4591 usque
1787 4520 1854 4572 ad
1899 4536 2026 4573 con-

452 4613 856 4668 summationem
900 4611 1164 4666 stvculi“.
1208 4609 1272 4665 Et
1311 4610 1623 4679 ubicunque
1672 4610 1832 4665 fuerit
1877 4610 2025 4681 quod

448 4715 533 4758 est
562 4703 860 4758 secundum
906 4703 1370 4772 dispensationem
1418 4702 1692 4772 passionis
1726 4701 1846 4771 ejus
1871 4744 1885 4768 ,
1933 4719 2024 4758 ca-

448 4798 616 4849 daver
641 4794 784 4865 ejus,
815 4795 907 4865 qui
943 4795 1064 4849 ideo
1088 4794 1284 4849 cecidit
1320 4803 1378 4848 ut
1410 4794 1581 4864 erigat
1613 4808 1708 4849 eos
1743 4794 1837 4864 qui
1876 4795 2023 4850 ceci-

448 4890 668 4958 derunt,
707 4889 837 4944 illuc
884 4889 1358 4958 congregabuntur
1408 4906 1515 4944 non
1571 4890 2023 4958 qualescunque,

449 4983 541 5037 sed
570 4982 767 5053 aquila:
795 4979 1071 5049 discipuli.
1112 4978 1187 5034 De
1208 4980 1409 5048 quibus
1448 4981 1610 5036 etiam
1645 4980 1910 5052 propheta
1940 4982 2024 5036 di-

449 5078 710 5133 ccbat”:
748 5074 1176 5146 Psnnigerabuut
1225 5076 1361 5129 sicut
1407 5075 1637 5147 aquilw,
1685 5091 1735 5132 et
1786 5088 2018 5143 current,

450 5177 498 5220 et
543 5184 642 5222 non
680 5166 1031 5233 laborabunt,
1078 5176 1126 5220 et
1173 5165 1356 5231 ibunt,
1409 5179 1457 5222 et
1510 5184 1612 5222 non
1660 5170 1911 5223 esuriem.
1956 5169 2022 5225 Et

451 5257 706 5313 Salomon
735 5260 789 5312 in
835 5259 1144 5314 Proverbiis
1167 5258 1208 5289 "
1241 5258 1507 5313 assimilat
1531 5276 1656 5314 cum
1688 5260 1780 5331 qui
1817 5261 1869 5315 in
1910 5259 2019 5317 Deo

448 5355 532 5402 est
559 5348 731 5415 dives,
761 5351 948 5407 dicens
974 5369 987 5405 :
1025 5349 1238 5406 Pnrattc
1266 5359 1386 5405 sunt
1412 5351 1459 5403 ei
1486 5367 1668 5419 penita:
1698 5353 1834 5405 sicut
1867 5353 2020 5422 aqui-

444 5448 550 5510 ιω,
585 5454 633 5496 et
667 5455 991 5499 convertatur
1034 5447 1088 5501 in
1118 5446 1273 5499 domo
1326 5444 1594 5514 prarpositi
1634 5444 1739 5498 sui.
1785 5442 1850 5498 Et
1902 5445 2018 5500 vide

516 5712 560 5746 ⁸⁷
591 5713 726 5771 Gen.
753 5731 832 5771 ιιι.

2134 4530 2498 4601 ignorantiam
2557 4544 2712 4586 suam
2769 4536 2935 4597 atque
2985 4537 3242 4595 peccata,
3300 4529 3428 4596 quia
3477 4528 3705 4584 verbum

2135 4619 2347 4674 Domini
2371 4622 2665 4691 ﬁguraliter
2694 4635 2803 4673 non
2838 4626 3179 4686 receperunt.
3213 4617 3367 4673 Alius
3389 4634 3516 4674 vero
3549 4620 3710 4675 aliter

2132 4709 2490 4765 arbitrabitur
2543 4711 2610 4764 de
2665 4708 2750 4764 his
2808 4707 3039 4763 verbis:
3080 4708 3340 4778 quoniam
3394 4709 3537 4765 sicut
3595 4711 3709 4767 haec

2130 4801 2292 4857 verba
2322 4802 2717 4865 demonstrant,
2752 4812 2853 4853 nec
2888 4812 2985 4870 per
3013 4799 3191 4868 ignem
3229 4799 3318 4854 [iet
3354 4799 3543 4855 mundi
3579 4815 3710 4855 cor»

2128 4893 2331 4963 ruptio,
2365 4891 2461 4947 sed
2504 4908 2601 4962 per
2626 4891 2987 4947 defectionem
3024 4890 3216 4959 ipsius.
3251 4888 3317 4944 Et
3362 4890 3502 4946 alius
3532 4892 3707 4946 utitur

2127 4982 2397 5052 exemplo,
2430 4982 2688 5053 quoniam
2719 4982 2859 5036 sicut
2902 4979 3186 5036 deﬁciente
3216 4980 3423 5037 lumine
3466 4982 3707 5038 lucernae

2125 5074 2387 5144 paulatim
2419 5073 2686 5127 minuitur
2712 5073 2893 5126 lumen
2919 5110 2932 5135 ,
2979 5072 3060 5125 sic
3092 5071 3396 5126 crelestium
3432 5072 3700 5127 luminum

2052 5165 2061 5175 '
2127 5166 2414 5220 deﬁciente
2462 5164 2793 5226 nutrimiue,
2843 5161 2928 5216 sol
2960 5161 3386 5228 obscurabitur,
3432 5164 3544 5234 jam
3593 5180 3699 5220 non

2128 5258 2337 5314 habens
2368 5272 2532 5327 super
2557 5271 2615 5310 se
2645 5252 2913 5309 venientia
2938 5256 3270 5324 spiramenta
3293 5256 3362 5309 ab
3390 5257 3490 5312 eis.
3511 5255 3701 5326 Majori

2128 5360 2313 5406 autem
2346 5347 2607 5403 lnminari
2639 5347 2753 5401 haec
2785 5346 3042 5413 patiente,
3079 5349 3251 5401 multo
3272 5347 3446 5417 magis
3480 5357 3534 5402 et
3572 5348 3702 5403 luna

2127 5457 2227 5498 nec
2280 5442 2458 5512 ipsum
2510 5441 2710 5510 poterit
2774 5437 3032 5495 exhibere
3088 5437 3429 5509 splendorem
3481 5438 3699 5511 igneum

926 5717 970 5748 ⁸⁸
1000 5716 1155 5773 Joan.
1190 5735 1299 5784 xlv,
1338 5718 1389 5772 6.
1467 5719 1511 5750 δε
1535 5716 1727 5774 Matth.
1760 5732 1960 5782 xxvm,
1984 5716 2041 5771 2i

2151 5715 2197 5748 “
2227 5712 2333 5769 lsa.
2358 5727 2444 5778 ιιι,
2475 5712 2564 5766 51.
2643 5712 2681 5744 ³³
2712 5725 2867 5774 xxm,
2896 5708 2947 5764 5.
3025 5709 3069 5741 ⁸³
3095 5707 3282 5763 Matth.
3317 5724 3462 5775 xxzv,
3490 5708 3579 5779 ‘29,
3611 5708 3703 5764 50.
