4112 6426
402 256 528 316 “571

1589 263 1911 322 ORIGENIS
1944 265 2011 321 1N
2054 264 2469 321 lil.\'l"l'ilz{illll

3535 270 3673 328 l672

401 389 576 453 illum,
603 397 657 441 et
687 387 989 443 secundum
1041 385 1375 442 deiectiones
1419 399 1548 439 suas
1593 392 1971 453 apparentem.
2014 389 2055 442 Α
2085 383 2357 452 quaedam,
2396 381 2702 436 secundum
2734 380 2880 449 quod
2914 394 3231 451 possumus,
3268 380 3546 435 mmaliter
3577 398 3670 437 ex-

404 479 499 534 llis
522 495 654 549 ergo
682 479 1129 549 contingentibus
1162 494 1328 548 super
1355 478 1557 542 solem,
1599 476 1782 530 lumen
1811 477 1975 531 etiam

401 572 683 626 stellarum
710 570 947 634 deliciet,
990 580 1049 624 ut
1077 571 1223 639 quod
1263 570 1591 624 remanserit
1621 569 1677 622 in
1711 569 1794 623 eis
1825 569 1983 639 quasi

402 672 676 717 terrenum
703 663 861 717 cadat
886 662 952 717 de
975 662 1116 716 caelo
1137 679 1152 715 :
1172 670 1231 716 et
1250 676 1443 717 omnes
1469 661 1734 716 caelorum
1758 661 1986 715 virtutes

402 756 490 811 bis
516 754 893 811 accidentibus
923 755 1311 808 movebuntur.
1328 752 1487 808 Sicut
1513 753 1660 807 enim
1684 754 1737 807 in
1760 752 1987 823 dispen-

401 848 613 902 satione
638 845 855 912 crucis,
890 845 1008 899 sole
1046 843 1334 899 deﬁciente
1379 843 1619 898 tenebrte
1660 842 1818 898 facta:
1859 854 1990 898 sunt

400 953 567 1005 super
603 952 821 991 omnem
872 944 1112 1001 terram,
1158 937 1240 990 sic
1281 943 1337 989 ct
1386 937 1543 1005 signo
1575 934 1696 989 Filii
1747 935 1988 991 hominis

401 1037 695 1097 apparente
725 1028 781 1081 in
823 1028 987 1093 etelo,
1022 1026 1240 1083 deﬁciet
1286 1027 1419 1083 solis
1465 1028 1684 1093 lumen,
1719 1036 1775 1081 et
1823 1028 1984 1093 lume,

400 1121 580 1175 adhuc
620 1132 674 1175 et
719 1121 1043 1184 stellarum,
1093 1120 1254 1190 quasi
1312 1128 1704 1188 consumptum
1745 1135 1775 1173 a
1817 1120 1986 1174 multa

403 1214 600 1267 virtute
643 1219 786 1283 stgnl
833 1212 1004 1266 illius.
1046 1214 1169 1278 Quo
1208 1219 1527 1281 apparente,
1575 1226 1696 1280 qua:
1740 1217 1874 1265 tunc
1931 1212 1985 1266 in

402 1306 566 1360 terris
613 1305 979 1361 remanserint
1027 1306 1205 1360 tribus
1247 1305 1501 1375 plangeut
1547 1319 1626 1359 se.
1684 1303 1875 1359 Utetur
1918 1310 1986 1363 ad

403 1400 517 1453 lure
551 1401 804 1470 exetnplo
846 1399 998 1454 Isaia:
1042 1401 1319 1469 propheta:
1364 1397 1599 1453 dicentis
1638 1398 1741 1453 hoc
1779 1400 1985 1456 modo:

400 1493 447 1525 “
471 1493 605 1548 Ecce
640 1495 751 1548 dies
788 1493 997 1547 Domini
1027 1492 1340 1547 insanabilis
1363 1494 1539 1557 venit,
1571 1494 1668 1548 irte
1690 1506 1738 1549 et
1766 1494 1989 1564 furoris,

399 1603 591 1655 ponere
620 1585 796 1639 orbem
847 1594 999 1640 terra:
1028 1585 1292 1639 desertum
1314 1625 1328 1648 ,
1360 1593 1408 1637 et
1453 1595 1747 1654 peccatores
1775 1586 1990 1656 perdere

398 1690 466 1730 ea:
505 1694 587 1731 ea.
621 1675 803 1730 Stella:
847 1677 985 1729 enim
1030 1675 1165 1739 caeli,
1196 1685 1246 1728 et
1276 1675 1473 1742 Orion,
1517 1686 1566 1729 et
1606 1678 1782 1731 omnia
1829 1694 1984 1731 orna-

2089 490 2375 544 ponemus.
2404 473 2596 528 Dicent
2618 482 2801 527 autem
2833 471 3150 541 bujusmodi
3191 472 3482 527 homines:
3518 470 3672 538 Quo-

2090 566 2252 620 modo
2307 573 2487 633 potest
2524 563 2633 618 dici
2688 564 2758 619 de
2818 565 2931 620 sole
2977 566 3240 635 quoniam
3289 564 3674 621 obscurabitur

2089 658 2272 710 lumen
2300 656 2441 726 ejus,
2468 655 2691 724 quando
2717 655 2891 711 lsaias
2921 657 3188 726 propheta
3223 656 3527 727 proiectum
3572 657 3675 711 ali-

2088 762 2251 815 quem
2299 746 2438 801 solis
2485 746 2540 800 in
2581 747 3061 802 consummatione
3108 750 3227 803 fore
3273 749 3538 817 declarat,
3586 749 3676 806 hic

2089 849 2272 894 autem
2311 854 2496 896 sermo
2533 838 2987 908 ademptionem?
3030 839 3298 897 Similiter
3341 851 3396 897 et
3432 843 3500 898 de
3542 842 3674 898 luna

2089 930 2258 987 Isaias
2282 933 2502 1003 quidem
2546 931 2713 987 refert
2763 934 3025 1003 quoniam
3068 935 3173 990 erit
3204 935 3348 990 sicut
3383 935 3488 1001 sol,
3536 950 3676 1006 pra:-

2089 1040 2218 1079 sens
2254 1034 2437 1079 autem
2474 1039 2690 1090 sermo,
2736 1025 2866 1094 quia
2903 1040 3011 1080 non
3062 1026 3213 1082 dabit
3256 1029 3441 1083 lumen
3485 1045 3673 1086 suum.

2092 1116 2167 1170 De
2200 1117 2374 1172 stellis
2407 1125 2590 1171 autem
2627 1116 2755 1171 talia
2789 1117 3003 1184 dicent,
3039 1119 3299 1188 quoniam
3327 1120 3399 1176 de
3437 1130 3581 1176 terra
3619 1121 3675 1174 in

2090 1212 2289 1264 coelum
2327 1208 2561 1263 multum
2617 1211 2853 1279 spatium
2907 1218 3030 1276 est,
3067 1210 3304 1265 inaxime
3352 1212 3421 1267 ad
3479 1227 3673 1268 zonam

2091 1304 2326 1358 mediam
2372 1302 2427 1357 in
2463 1318 2570 1372 qua
2620 1318 2730 1356 non
2775 1310 2906 1357 sunt
2943 1302 3192 1358 erratica:
3224 1303 3428 1372 stellze;
3471 1320 3677 1361 secun»

2089 1396 2219 1450 dtnn
2252 1395 2750 1450 considerationem
2786 1412 2918 1465 ergo
2954 1396 3259 1451 altitudinis
3292 1398 3415 1466 ejus
3445 1406 3530 1452 est
3559 1400 3679 1452 cxi-

2091 1488 2336 1551 stiznare,
2370 1487 2631 1556 quoniam
2660 1486 2763 1541 nisi
2796 1501 2963 1556 supra
2993 1487 3214 1541 modum
3254 1498 3440 1543 essent
3467 1505 3678 1560 magme

2091 1583 2282 1644 stellae,
2322 1594 2499 1650 neque
2541 1587 2694 1633 tanto
2740 1580 2919 1648 spatio
2955 1580 3139 1633 lumen
3175 1595 3364 1635 eorum
3407 1580 3680 1636 videretur

2095 1674 2164 1728 ab
2189 1672 2449 1728 onmihus
2475 1671 2568 1741 qui
2600 1680 2730 1726 sunt
2755 1671 2809 1724 in
2836 1671 2989 1726 omni
3018 1680 3171 1741 parte
3199 1681 3491 1727 terrarum.
3523 1671 3678 1727 Sicut

409 1780 580 1822 menta
612 1767 727 1821 coeli
759 1783 862 1820 non
894 1767 1092 1820 dabunt
1122 1766 1298 1820 lumen
1331 1783 1510 1829 suum,
1534 1777 1585 1822 et
1622 1769 1993 1823 obseurabitur
2024 1762 2064 1815 Β
2095 1776 2276 1819 autem
2306 1763 2529 1832 quidam
2553 1762 2736 1817 dicere
2765 1772 2994 1829 tentant,
3027 1772 3123 1817 aut
3146 1778 3340 1818 onmes
3360 1774 3459 1819 aut
3496 1765 3679 1834 plures

409 1862 463 1913 in
499 1861 696 1912 oriente
739 1858 841 1923 sol,
877 1868 926 1912 et
966 1858 1095 1912 luna
1138 1876 1241 1913 non
1275 1859 1424 1912 dabit
1471 1859 1773 1915 claritatem
1813 1878 1985 1918 suam.

400 1950 471 2005 Et
501 1951 814 2020 pracipiam
865 1952 980 2005 orbi
1030 1962 1187 2006 terra:
1234 1952 1379 2005 mala
1407 1992 1423 2015 ,
1472 1963 1521 2006 et
1570 1953 1748 2022 impiis
1778 1966 1991 2024 peccata

398 2060 602 2097 eorum.
644 2041 773 2098 ltem
816 2050 871 2099 et
907 2043 974 2098 de
1010 2043 1123 2100 locl
1165 2044 1293 2098 talia
1332 2045 1380 2076 “
1422 2064 1435 2100 :
1477 2045 1610 2099 Ante
1639 2043 1831 2115 faciem
1876 2048 1990 2116 ejus

400 2136 758 2205 confundetur
790 2148 953 2204 terra,
979 2145 1028 2190 et
1064 2137 1358 2191 movebitur
1398 2138 1604 2192 cazlum.
1642 2134 1734 2191 Sol
1773 2147 1821 2192 et
1861 2137 1988 2192 luna

404 2228 844 2296 contenebricuti,
876 2228 1045 2283 stella:
1075 2245 1178 2283 non
1210 2229 1410 2282 dabunt
1435 2229 1630 2295 lumen,
1656 2239 1705 2282 et
1733 2228 1988 2284 Dominus

400 2320 549 2372 dabit
599 2336 772 2374 vocem
806 2337 960 2374 suant
1010 2332 1133 2375 ante
1176 2320 1367 2388 faciem
1423 2322 1637 2375 virtutis
1678 2338 1812 2388 sutv,
1862 2323 1989 2393 quia

402 2411 584 2466 valida
617 2425 739 2466 sunt
779 2424 958 2467 castra
1005 2414 1119 2478 eius
1156 2414 1343 2479 nimis,
1378 2414 1627 2483 quoniam
1662 2415 1825 2484 fortia
1867 2427 1988 2470 sunt

400 2518 559 2571 opera
597 2506 871 2557 verborum
915 2505 1046 2572 ejus.
1085 2504 1210 2556 llem
1244 2504 1289 2534 ⁵³
1320 2519 1336 2557 :
1371 2501 1439 2555 Et
1468 2503 1606 2558 dabo
1646 2507 1892 2576 prodigia
1933 2505 1988 2561 in

400 2593 526 2647 ctelo
558 2611 807 2661 sursum,
851 2606 899 2649 et
942 2601 996 2648 in
1042 2607 1221 2658 terra,
1262 2598 1572 2668 sanguinis,
1620 2606 1669 2651 et
1711 2598 1891 2667 ignis,
1939 2605 1992 2652 et

398 2702 671 2755 vaporum.
723 2685 816 2741 Sol
866 2699 1199 2743 convertatur
1246 2692 1301 2744 in
1345 2692 1583 2745 tenebras
1613 2729 1627 2754 ,
1671 2701 1719 2744 et
1764 2688 1893 2745 luna
1934 2691 1991 2744 in

399 2780 709 2849 sanguinem
733 2819 749 2844 ,
783 2781 1092 2849 priusquam
1142 2782 1319 2835 veniat
1359 2781 1470 2836 dies
1506 2780 1724 2835 Domini
1766 2798 1990 2853 magnus

397 2881 445 2922 et
498 2872 811 2938 pra’rlarus.
868 2871 931 2925 Et
980 2871 1066 2926 bis
1117 2872 1319 2927 similia
1387 2872 1558 2927 multa
1634 2872 1883 2927 invenies
1934 2871 1989 2926 in

401 2960 725 3031 Scripturis,
756 2962 801 3017 si
848 2962 985 3016 nihil
1025 2963 1171 3018 aliud
1199 2964 1253 3018 in
1293 2963 1431 3020 locis
1474 2964 1811 3035 evangelicis
1839 2965 1991 3036 aspi-

401 3068 527 3108 cere
570 3054 812 3108 volueris
852 3064 1048 3123 prater
1081 3054 1351 3125 simplicia
1403 3055 1590 3110 verba.
1620 3052 1758 3109 Nam
1805 3062 1860 3110 et
1897 3069 1987 3110 se-

399 3147 642 3202 cundum
697 3148 800 3201 hoc
843 3148 988 3217 quod
1039 3148 1207 3214 dicit,
1252 3159 1375 3203 tunc
1416 3150 1665 3221 plangent
1710 3166 1764 3204 se
1812 3166 1989 3204 omnes

403 3237 573 3290 tribus
603 3247 778 3302 terrtv,
812 3237 968 3306 quasi
1015 3239 1163 3293 nulla
1208 3254 1348 3308 opus
1404 3240 1612 3295 habens
1659 3241 1990 3310 intcrprela-

400 3328 583 3393 tione,
614 3330 848 3398 accipies
879 3328 947 3384 de
990 3332 1253 3401 propheta
1296 3331 1561 3387 Zacharia
1619 3330 1752 3385 talia
1785 3332 1989 3387 verba:

403 3421 472 3473 Et
495 3421 593 3474 erit
616 3420 668 3473 in
693 3420 785 3474 ila
815 3421 924 3484 die,
954 3439 1190 3492 quwram
1219 3424 1432 3490 auferre
1455 3438 1634 3475 omnes
1674 3432 1850 3491 gentes
1875 3439 1993 3491 qua:

400 3517 600 3568 venient
638 3532 796 3585 super
831 3515 1156 3583 Jerusalem,
1182 3524 1233 3570 et
1275 3515 1549 3584 effundam
1587 3532 1746 3584 super
1777 3516 1994 3569 domum

402 3605 593 3671 David,
636 3616 686 3660 et
722 3624 880 3677 super
915 3622 1092 3661 omnes
1121 3608 1424 3662 habitantes
1468 3608 1522 3661 in
1551 3605 1852 3661 Jerusalem
1884 3608 1996 3677 spi-

402 3696 565 3748 ritum
603 3698 795 3767 gratic
840 3707 889 3750 et
938 3699 1296 3751 miserationis
1320 3713 1340 3751 .'
1382 3707 1432 3752 et
1474 3698 1755 3769 respicient
1801 3699 1872 3752 ad
1914 3714 1996 3753 me

402 3797 615 3856 propter
642 3787 784 3857 quod
816 3788 1170 3852 saltaverunt,
1198 3797 1249 3842 et
1282 3790 1532 3859 plangenl
1562 3805 1721 3859 super
1744 3805 1798 3845 se
1840 3788 1997 3859 plan-

401 3891 544 3933 ctum
573 3881 710 3933 sicut
751 3894 906 3947 super
945 3878 1217 3942 dilec.um,
1243 3889 1291 3933 et
1337 3880 1589 3934 dolebant
1637 3880 1819 3935 dolore
1859 3881 1996 3935 sicut

405 3987 563 4039 super
591 3970 1021 4040 primogenitum.
1057 3968 1124 4023 In
1155 3969 1249 4024 illo
1277 3972 1363 4026 die
1386 3972 1821 4042 magni/imbitur
1842 3973 1997 4044 plan—

404 4071 519 4114 ctus
553 4077 710 4131 super
736 4059 1036 4114 Jerusalem
1069 4063 1205 4115 sicut
1238 4061 1485 4132 planctus
1518 4065 1648 4118 mali
1688 4065 1901 4135 granati
1942 4067 1998 4120 in

405 4167 591 4219 campo
615 4152 801 4216 excisi,
841 4162 889 4206 et
936 4153 1148 4224 planget
1182 4171 1238 4209 se
1281 4166 1423 4208 terra
1458 4171 1550 4225 per
1580 4155 1784 4223 tribus;
1828 4157 1997 4212 tribus

405 4245 593 4298 domus
635 4242 807 4299 David
837 4262 1097 4310 seorsum,
1129 4256 1177 4301 et
1209 4248 1454 4303 mulieres
1496 4262 1679 4303 eorum
1723 4264 1997 4316 seorsum;

408 4336 575 4391 tribus
617 4335 805 4392 domus
838 4334 1060 4391 Nat/tan
1104 4355 1363 4406 seorsum,
1434 4351 1482 4393 et
1527 4343 1775 4396 mulieres
1816 4358 1997 4396 eorum

408 4444 676 4491 seorsum;
697 4429 863 4483 tribus
877 4429 1062 4484 domus
1077 4430 1200 4485 Levi
1212 4448 1466 4499 seorsum,
1483 4443 1531 4487 et
1553 4434 1796 4488 mulieres
1817 4450 1996 4489 eorum

409 4537 687 4586 seorsum;
717 4522 886 4576 tribus
925 4523 1112 4577 domus
1141 4525 1354 4579 Sitneen
1384 4543 1642 4589 seorsum,
1676 4536 1725 4581 et
1751 4526 1997 4581 mulieres

408 4632 590 4668 eorum
622 4632 897 4681 seorsum;
936 4635 1114 4691 omnes
1146 4619 1317 4673 tribus
1357 4637 1474 4691 qua:
1511 4620 1813 4675 sttbrelicta:
1848 4630 1994 4687 sunt,

411 4720 680 4771 seorsum,
718 4716 768 4760 et
815 4706 1062 4760 mulieres
1105 4690 1297 4761 'eorum
1338 4726 1574 4763 seorsum
1596 4710 1662 4763 ⁵⁸.
1712 4707 1999 4765 Videbitur

409 4812 539 4867 ergo
565 4798 893 4868 quibusdam
925 4815 1099 4869 usque
1129 4800 1234 4855 hoc
1261 4801 1761 4871 interpretationem
1798 4801 1998 4857 debere

411 4890 733 4959 producere,
767 4903 819 4945 et
851 4892 985 4944 nihil
1015 4892 1292 4947 discutere
1320 4908 1483 4961 supta
1518 4902 1743 4946 textum.

482 4980 572 5035 49.
616 4980 888 5047 Quoniam
933 4994 1117 5037 autem
1157 4983 1248 5051 qui
1297 4983 1541 5052 loquitur
1588 4984 1654 5036 tle
1699 4982 2000 5052 Scripturis

411 5071 632 5134 divinis,
664 5072 823 5127 debet
851 5089 1044 5128 curare
1085 5088 1192 5128 non
1230 5073 1407 5128 solum
1448 5072 1749 5140 simplices,
1802 5084 1861 5127 ut
1904 5089 2000 5127 ne-

404 5164 580 5234 -gligal
608 5180 772 5220 causa
803 5181 996 5220 corum
1046 5167 1169 5221 illos
1210 5166 1303 5235 qui
1348 5175 1582 5234 possunt
1630 5166 2000 5221 abundantius

417 5257 691 5311 Sustinere
734 5258 1029 5311 verborum
1069 5256 1355 5311 subtilinm
1416 5268 1693 5323 naturam,
1740 5274 1806 5311 nc
1862 5257 2001 5311 forte

420 5348 570 5401 falsa:
616 5351 727 5403 sint
782 5349 1100 5404 lt'adiliones
1141 5347 1498 5416 ltttjusmodi,
1553 5360 1606 5401 et
1660 5348 1794 5401 nihil
1859 5349 1997 5413 tale,

418 5441 579 5510 qu..le
612 5442 772 5495 debet
801 5458 922 5495 esse
948 5442 1090 5508 qttod
1126 5458 1155 5495 a
1189 5441 1299 5495 lleo
1322 5442 1428 5497 dici
1468 5442 1659 5496 debeat
1700 5444 1766 5495 de
1804 5441 1997 5511 hujus-

417 5527 563 5581 tnodi
608 5530 811 5584 rebus:
848 5540 1070 5600 propter
1111 5529 1425 5599 ltujust‘uodi
1469 5547 1602 5602 ergo
1638 5533 1783 5587 viros
1824 5546 1997 5601 pauca

490 5707 538 5740 ⁸³
563 5708 664 5763 lsa.
697 5728 816 5781 xm,
849 5715 1000 5771 9—H.
1080 5715 1123 5747 “
1154 5713 1288 5770 Joel.
1324 5732 1383 5783 ll,
1420 5715 1507 5782 10,
1543 5714 1626 5769 ll.

1703 5716 1749 5747 "
1776 5715 1907 5770 ibid.
1938 5714 2027 5782 '50,
2059 5713 2147 5769 3|.

2094 1871 2283 1909 earum
2322 1854 2559 1923 majores
2604 1868 2726 1908 esse
2760 1869 2926 1923 quam
2977 1854 3093 1924 ipsa
3151 1865 3236 1910 est
3283 1862 3462 1922 terra,
3513 1872 3679 1926 argu-

2097 1955 2281 1999 mento
2331 1953 2548 1999 utentes
2594 1944 2663 1997 ad
2712 1945 3207 1999 commendandam
3245 1946 3511 2001 rationem
3557 1963 3679 2001 ver-

2095 2037 2289 2090 borum
2324 2050 2550 2090 suorum
2572 2076 2588 2102 ,
2625 2034 2887 2104 quoniam
2923 2051 3088 2091 omne
3126 2037 3324 2092 cmlum
3362 2038 3415 2091 in
3456 2039 3678 2093 modtnn

2094 2130 2321 2200 Splnera:
2373 2128 2666 2183 collectum
2741 2128 3056 2182 universam
3125 2131 3507 2199 complectitur
3568 2140 3682 2186 tet.

2094 2237 2234 2285 ram,
2278 2220 2464 2274 dicent
2504 2219 2670 2273 etiam
2710 2219 2917 2288 aliquid
2954 2220 3102 2274 tale:
3153 2222 3419 2289 quoniam
3451 2223 3544 2291 qui
3589 2239 3680 2276 vv-

2093 2314 2310 2368 ritatem
2334 2311 2610 2366 dictorum
2647 2310 2880 2366 istorum
2918 2312 3245 2382 simpliciter
3270 2327 3335 2367 ex
3374 2314 3494 2382 ipso
3527 2316 3681 2370 colli-

2093 2417 2229 2477 gunt
2267 2416 2414 2461 textu
2462 2421 2579 2461 rem
2627 2415 2821 2460 natura
2873 2406 2993 2475 ipsa
3048 2406 3444 2476 impossibilcm
3491 2409 3682 2463 dicunt

2093 2511 2154 2555 ut
2177 2498 2515 2570 possibilem,
2561 2507 2618 2552 ut
2656 2497 2825 2553 stella:
2863 2508 3029 2552 tanta:
3063 2498 3455 2566 magnitudinis
3482 2501 3685 2554 cadant

2091 2595 2159 2650 de
2203 2593 2363 2648 υωιὸ.
2407 2589 2530 2658 Quo
2559 2591 2705 2645 enim
2759 2599 2816 2644 et
2878 2592 3075 2646 cadant
3129 2605 3256 2646 cum
3306 2591 3685 2663 magnitudine

2091 2701 2281 2741 carum
2316 2699 2425 2739 non
2453 2682 2687 2739 sufﬁciat
2719 2692 2887 2746 terra,
2920 2698 3023 2739 nec
3050 2698 3249 2752 capere
3286 2684 3487 2754 possit,
3518 2693 3578 2739 ut
3609 2686 3682 2741 ita

2091 2780 2312 2847 dicam,
2356 2777 2792 2849 magnitudinem
2844 2777 3080 2832 duarum
3149 2777 3478 2832 stellarum?
3537 2776 3684 2833 Pone

2093 2881 2274 2927 tamen
2307 2886 2503 2942 capere
2527 2885 2648 2925 eam
2676 2870 2814 2926 duas
2837 2871 2919 2925 vel
2950 2880 3085 2936 tres,
3117 2869 3365 2940 nunquid
3397 2880 3450 2925 et
3476 2879 3682 2925 tantam

2094 2963 2499 3018 multitudinem
2531 2976 2727 3032 capere
2771 2963 2987 3032 potest?
3018 2961 3098 3016 Nc
3124 2976 3258 3033 ergo
3289 2960 3496 3031 aliquid
3534 2963 3682 3018 aliud

2092 3057 2257 3128 867
2294 3055 2433 3110 forte
2466 3055 2749 3110 moraliter
2788 3054 2993 3109 sentire
3030 3063 3247 3123 oportet
3282 3054 3336 3108 in
3385 3052 3686 3124 Scripturis

2092 3149 2313 3204 divinis.
2334 3146 2399 3202 Et
2425 3148 2668 3203 audacia:
2687 3146 2907 3218 quidem
2934 3154 3040 3209 est,
3066 3146 3439 3202 necessarium
3463 3155 3643 3201 autem
3668 3164 3681 3201 :

2095 3250 2275 3295 tamen
2313 3241 2489 3294 multo
2518 3247 2695 3295 tractu
2737 3255 2878 3309 opus
2912 3247 2996 3293 est
3035 3239 3090 3293 in
3132 3239 3216 3294 bis
3246 3239 3403 3305 locis,
3434 3240 3523 3295 cui
3568 3241 3687 3294 vult

2096 3331 2257 3384 simul
2290 3340 2345 3384 et
2385 3329 2803 3400 possibilitatem
2842 3328 3133 3383 ostendere
3167 3327 3599 3398 Scripturarum,
3630 3338 3685 3383 et

2096 3422 2402 3475 veritatem.
2433 3420 2584 3475 Dicet
2606 3434 2740 3491 ergo
2770 3419 3202 3485 observandum,
3233 3419 3404 3474 solem
3430 3434 3549 3475 esse
3568 3420 3690 3475 dia-

2096 3514 2279 3569 bolum
2306 3512 2397 3582 qui
2425 3512 2777 3582 transfigurat
2810 3526 2870 3567 se
2893 3512 2948 3566 in
2977 3511 3229 3579 angelum
3258 3513 3418 3575 locis,
3443 3522 3499 3567 et
3527 3512 3689 3583 quasi

2097 3607 2177 3663 sol
2216 3607 2416 3661 multos
2441 3605 2671 3660 seducit.
2710 3603 2982 3671 Quoniam
3008 3619 3140 3674 ergo
3172 3606 3223 3659 in
3252 3608 3683 3663 consummatio:

2098 3716 2166 3755 ne
2197 3707 2283 3753 est
2309 3695 2644 3769 arguendos,
2676 3712 2801 3751 cum
2832 3696 2904 3751 sit
2946 3699 3203 3764 tenebrae,
3252 3697 3475 3753 simulat
3504 3706 3687 3752 autem

2096 3805 2218 3848 esse
2244 3806 2303 3846 se
2327 3792 2519 3857 solem,
2544 3803 2829 3860 propterea
2852 3788 2919 3845 de
2947 3789 3040 3844 illo
3069 3790 3296 3859 intelligi
3331 3799 3511 3862 potest
3538 3791 3687 3861 quod

2097 3885 2195 3951 ait,
2228 3884 2305 3938 sol
2331 3881 2721 3937 obscurabitur.
2745 3880 2810 3936 Et
2836 3881 2981 3937 dicet
3008 3882 3378 3938 honestiorem
3401 3897 3524 3938 esse
3547 3883 3690 3938 hanc

2099 3977 2390 4035 rationem.
2420 3990 2584 4044 quam
2610 3975 2928 4029 existimare
2958 3973 3119 4029 talem
3161 3975 3332 4030 solem
3389 3989 3684 4045 passurum

2099 4068 2515 4124 obscuritatem.
2548 4066 2773 4132 Omnes,
2822 4067 3021 4137 inquit,
3072 4068 3387 4124 consentire
3430 4068 3690 4125 convenit

2099 4162 2308 4230 absque
2341 4160 2581 4228 periculo
2604 4157 2788 4228 aliquo
2814 4159 2942 4215 huic
2973 4161 3203 4230 probato
3230 4160 3474 4216 sermoni
3504 4161 3571 4217 de
3597 4163 3691 4216 liti-

2095 4253 2339 4326 jnsmodi
2381 4252 2496 4307 sole
2543 4252 2624 4307 sic
2657 4252 3003 4308 observando
3044 4251 3460 4325 [nliscurando].
3494 4252 3560 4309 Et
3599 4269 3688 4310 se-

2101 4346 2344 4402 cundmn
2374 4346 2822 4415 consequentiam
2863 4346 3178 4416 hujnsmodi
3210 4348 3344 4403 solis
3370 4348 3681 4421 intelligen-

2034 4465 2076 4519 ο
2104 4438 2172 4493 da
2210 4448 2290 4492 est
2323 4438 2486 4491 etiam
2516 4438 2640 4491 luna
2683 4453 2806 4507 qua:
2841 4438 3056 4493 videtur
3082 4438 3380 4495 illuminari
3408 4440 3478 4496 ab
3505 4440 3691 4511 hujus-

2106 4530 2250 4584 modi
2307 4530 2441 4584 sole.
2493 4529 2685 4586 Omnis
2737 4531 2882 4585 enim
2941 4530 3181 4586 Ecclesia
3239 4532 3689 4603 malignantium,

2100 4637 2224 4693 qua:
2250 4621 2563 4693 frequenter
2592 4622 2774 4678 lumen
2812 4638 2871 4678 se
2900 4623 3105 4678 habere
3133 4632 3187 4679 et
3224 4625 3355 4681 dare
3398 4626 3687 4696 promittit,

2102 4724 2230 4769 tunc
2269 4724 2450 4769 autem
2512 4725 2698 4787 arguta
2738 4723 2792 4770 et
2835 4714 3179 4771 manifestata
3210 4733 3335 4772 cum
3386 4719 3689 4789 reprobatis

2101 4804 2448 4871 dogmatibus
2476 4805 2613 4872 suis,
2638 4821 2744 4859 non
2778 4805 2929 4861 dabit
2959 4807 3262 4863 claritatem
3293 4824 3471 4864 suam.
3507 4808 3609 4861 Sed
3633 4816 3685 4859 tt

2099 4898 2415 4968 quicunque
2437 4897 2551 4953 sive
2578 4899 2631 4952 in
2664 4897 3034 4970 dogmatibus,
3060 4901 3176 4955 sive
3199 4902 3253 4955 in
3277 4900 3563 4955 virtutibus
3585 4896 3686 4951 [ρι’-

2100 4989 2197 5049 sis.
2218 4988 2532 5044 hominibus
2545 4988 2764 5059 quidem
2791 4990 3177 5059 promittebant
3200 4990 3500 5051 veritatem,
3527 5003 3615 5044 me
3657 5016 3683 5031 -

2101 5081 2274 5135 dat-iis
2303 5091 2483 5134 autem
2517 5081 2850 5137 scduccbant
2886 5098 2946 5138 se
2972 5083 3310 5138 attendentes
3333 5123 3349 5147 ,
3400 5080 3454 5135 lti
3485 5096 3639 5136 conv.
3660 5109 3687 5123 -

2106 5169 2320 5224 nienter
2359 5169 2571 5224 dicendi
2620 5180 2750 5224 sunt
2803 5171 2970 5226 stella:
3012 5172 3265 5226 cadentis
3304 5171 3371 5225 de
3400 5170 3560 5226 cmlo.
3615 5168 3689 5224 De

2107 5262 2247 5316 cudo
2270 5272 2475 5327 autem,
2505 5271 2564 5315 ut
2594 5260 2667 5315 ita
2690 5261 2891 5329 dicam,
2929 5278 3051 5325 suo,
3082 5262 3171 5315 ubi
3202 5272 3357 5317 erant
3375 5262 3689 5318 altitudines

2108 5355 2419 5409 emistitutze
2471 5354 2794 5410 extollentes
2827 5371 2886 5411 se
2935 5355 3198 5410 adversus
3245 5354 3533 5410 scientiam
3568 5355 3684 5409 Dei.

2106 5444 2184 5496 Ad
2222 5444 2749 5499 commendationem
2803 5453 2983 5501 autem
3036 5447 3306 5502 sermonis
3353 5445 3688 5516 huiusmodi,

2109 5544 2330 5588 ulcnlttt‘
2356 5536 2605 5605 exemplo
2636 5533 3058 5591 Pt‘overbiorum
3085 5538 3294 5594 dicente
3330 5556 3344 5593 :
3376 5536 3573 5591 Lumen
3598 5537 3671 5606 ju-

2225 5715 2268 5747 “
2292 5712 2455 5769 Zaclt.
2492 5731 2588 5781 xu,
2619 5714 2652 5770 9
2683 5725 2736 5770 et
2765 5731 2910 5779 seqq.
