4112 6410
423 355 559 411 167⁸5

1555 341 2206 402 COMMENTARIORUM
2251 340 2512 397 SERIES.

3537 348 3674 404 itit

419 486 620 531 storum
644 487 845 543 semper
864 467 1287 539 inexstinguibile
1302 465 1586 534 est,lumen
1613 476 1789 521 autem
1811 467 1991 536 impio-
2021 471 2065 528 Α
2093 465 2493 535 cumipseliber
2507 462 3164 535 propositusfueritnobis
3177 468 3244 524 ad
3257 469 3672 540 exponendum:

422 583 540 622 rum
566 566 927 634 exstinguetur
951 563 1017 615 ".
1050 559 1344 616 Scientiam
1379 559 1597 629 quidem
1626 574 1808 614 veram
1833 574 1996 630 quam

423 657 870 714 illuminaverunt
899 653 1000 709 sibi
1028 652 1120 722 qui
1152 651 1440 706 audierunt
1492 651 1759 706 dicentem
1796 669 1810 704 :
1861 649 1999 704 Illu-

424 751 624 805 minate
663 746 806 801 vobis
835 745 1009 797 lumen
1032 742 1288 804 scientiae,
1332 741 1513 795 lumen
1546 754 1668 795 esse
1699 741 1996 809 justorum,

427 839 615 894 falsam
663 847 842 891 autem
883 833 1167 890 scientiam
1218 833 1398 886 lumen
1436 846 1558 886 esse
1605 831 1918 900 impiorum,
1945 840 1999 885 et

425 938 736 984 sanctorum
751 921 968 993 quidem
981 921 1162 974 lumen
1179 935 1392 990 semper
1404 916 1840 986 inexstinguibile
1854 932 1995 982 esse,

423 1016 728 1074 cadentium
781 1022 962 1068 autem
997 1026 1027 1064 a
1057 1011 1285 1066 veritate
1330 1010 1512 1064 lumen
1555 1009 1850 1077 exstingui.
1887 1008 1998 1062 Ob-

426 1108 738 1166 scurabitur
760 1121 889 1174 ergo
918 1105 1101 1158 lumen
1135 1102 1268 1158 solis
1295 1103 1440 1156 illius
1462 1117 1623 1171 quem
1649 1101 1909 1162 diximus.
1944 1109 1998 1154 et

423 1201 567 1256 luna:
599 1199 745 1253 illius
772 1211 934 1267 quam
960 1194 1344 1264 exposuimus;
1375 1193 1466 1248 sed
1497 1199 1550 1247 ct
1581 1207 1772 1247 omnes
1795 1192 1885 1262 qui
1909 1207 1997 1246 ex-

425 1289 622 1342 tollunt
643 1303 702 1342 se
726 1295 914 1342 contra
947 1283 1230 1340 scientiam
1262 1282 1378 1349 Dei,
1409 1281 1602 1336 cadent
1629 1282 1698 1336 ab
1713 1281 1996 1335 altitudine

425 1397 523 1436 sua
552 1395 660 1450 qua
683 1393 740 1434 se
769 1375 1017 1432 arbitrati
1067 1382 1196 1430 sunt
1224 1389 1345 1429 esse
1397 1373 1619 1428 coelum.
1651 1371 1904 1426 Forsitan
1943 1380 1998 1426 et

423 1472 505 1527 sic
540 1467 794 1525 convenit
819 1466 965 1537 quod
989 1474 1073 1521 est
1097 1465 1298 1520 dictum
1332 1464 1377 1496 ⁸⁸
1406 1481 1420 1518 :
1465 1463 1714 1518 Videbunt
1738 1462 1996 1517 Satanam

421 1571 558 1616 sicut
593 1562 772 1632 fulgur
797 1559 1068 1613 cadentem
1101 1557 1165 1610 de
1189 1556 1337 1609 caelo.
1370 1553 1465 1610 llis
1491 1563 1672 1609 autem
1702 1552 1996 1608 accidenti-

423 1657 527 1711 bus
552 1655 618 1710 de
649 1652 962 1723 hujusmodi
995 1651 1130 1716 sole,
1163 1659 1217 1704 et
1250 1649 1400 1714 luna,
1429 1656 1484 1702 et
1515 1647 1684 1701 stellis
1704 1684 1720 1712 ,
1769 1645 1996 1700 virtutes

428 1744 696 1800 ctelorum
723 1742 920 1796 divinae
946 1755 1054 1794 non
1082 1739 1309 1794 omnino
1336 1736 1643 1792 immobiles
1673 1743 1869 1801 erunt;
1900 1734 1993 1790 sed

423 1835 784 1889 movebuntur
805 1831 1025 1903 quando
1047 1831 1293 1902 arguitus
1312 1827 1472 1882 fuerit
1507 1827 1596 1881 ille
1613 1826 1771 1882 solet
1796 1825 1996 1880 obscu-
2028 1806 2070 1860 Β

424 1935 596 1990 ratus,
631 1935 686 1981 et
715 1925 842 1979 luna
896 1924 987 1979 illa
1013 1938 1122 1977 non
1163 1921 1440 1976 exhibebit
1471 1919 1770 1974 claritatem
1814 1931 1992 1984 suam,

423 2030 477 2073 et
508 2017 642 2073 tales
687 2017 854 2072 stella:
882 2015 1219 2077 ceciderint,
1271 2012 1413 2068 sicut
1442 2020 1497 2066 et
1545 2009 1715 2066 ludas
1759 2009 1892 2065 dicit
1939 2009 1993 2065 in

424 2107 663 2178 Epistola
695 2122 814 2162 sua.
863 2104 1016 2160 Tunc
1057 2101 1204 2173 quod
1243 2103 1451 2158 clarum
1496 2109 1580 2156 est
1617 2101 1895 2171 apparebit
1938 2100 1993 2155 in

423 2201 564 2255 coelo
588 2239 602 2264 ,
639 2207 694 2254 et
730 2197 910 2254 omnis
959 2197 1052 2267 qui
1105 2195 1340 2267 portavit
1380 2192 1671 2264 imaginem
1723 2192 1990 2248 Ctelestis.

423 2289 560 2345 Cum
596 2301 776 2346 autem
809 2291 923 2344 haec
968 2289 1043 2344 ita
1078 2286 1280 2344 fuerint
1326 2286 1467 2342 facta
1494 2326 1509 2351 ,
1549 2286 1724 2342 tribus
1773 2285 1992 2356 quidem

426 2381 550 2436 coeli
581 2381 938 2448 laetabuntur;
973 2388 1128 2436 terra:
1147 2388 1328 2434 autem
1358 2378 1532 2435 tribus
1559 2394 1680 2450 quae
1703 2377 1992 2448 imaginem

422 2482 777 2544 portaverunt
809 2481 985 2538 terra,
1032 2472 1289 2542 plangent
1315 2485 1392 2526 se.
1442 2469 1636 2524 Adhuc
1668 2478 1847 2524 autem
1896 2481 1994 2537 pro

423 2566 854 2621 commendanda
902 2563 1217 2631 huiusmodi
1273 2577 1372 2618 sua
1424 2561 1716 2616 traditione
1778 2560 1996 2631 adjicict

422 2657 610 2711 dicens
634 2656 728 2725 qui
771 2656 912 2711 hanc
959 2653 1088 2709 fecit
1129 2653 1664 2724 interpretationem,
1709 2652 1991 2722 quoniam,

423 2743 669 2798 sensibili
696 2744 810 2799 sole
838 2743 1132 2798 obscurato
1158 2742 1242 2811 (ut
1269 2741 1370 2797 hoc
1389 2741 1460 2796 ita
1482 2755 1603 2797 esse
1616 2740 1991 2810 concedatur),

421 2845 478 2889 et
506 2835 633 2890 luna
663 2836 960 2891 claritatem
994 2849 1102 2888 non
1139 2833 1323 2898 dante,
1361 2841 1415 2888 et
1441 2832 1766 2888 cadentibus
1795 2833 1992 2900 stellis,

424 2941 524 2980 nec
551 2935 632 2981 est
660 2926 916 2996 possibile
943 2941 1065 2982 esse
1092 2925 1374 2980 hominum
1401 2925 1579 2981 tribus
1627 2925 1681 2980 in
1718 2925 1897 2980 terris.
1937 2926 1993 2979 Si

423 3026 603 3071 autem
635 3017 896 3086 possibile
924 3031 1031 3071 non
1055 3025 1158 3082 est,
1189 3017 1375 3088 utique
1399 3031 1498 3070 nec
1518 3015 1819 3072 secundum
1851 3017 1994 3086 quod

422 3107 664 3180 loquitur
693 3118 892 3175 textus,
917 3119 965 3162 et
987 3107 1232 3178 plangent
1254 3125 1307 3162 se
1333 3107 1499 3160 tribus
1525 3117 1699 3162 terrm.
1733 3106 1887 3162 Tunc
1908 3121 1994 3162 er-

423 3217 514 3274 go,
545 3202 690 3257 sicut
719 3201 796 3256 ait
829 3200 1094 3256 Dominus
1132 3201 1186 3254 in
1229 3198 1555 3270 Evangelio,
1589 3199 1682 3269 qui
1722 3215 1867 3254 nunc
1921 3199 1995 3253 ri-

422 3291 572 3355 dent,
601 3289 859 3359 plangent
887 3304 964 3356 se,
1001 3297 1054 3342 et
1075 3288 1329 3358 plangent
1357 3289 1514 3356 quasi
1544 3287 1636 3357 qui
1669 3287 1724 3340 in
1746 3287 1996 3343 tribubus

421 3392 600 3438 terra).
637 3380 946 3436 Secundum
983 3381 1100 3436 haec
1129 3389 1184 3434 et
1225 3378 1374 3435 Isaia:
1401 3394 1683 3435 sermones
1731 3388 1784 3433 et
1829 3377 1995 3434 Joelis

421 3473 650 3528 tentabit
674 3471 1014 3542 interpretari
1041 3511 1056 3539 ,
1101 3471 1193 3542 qui
1226 3470 1340 3525 vult
1371 3470 1439 3526 ad
1477 3469 1739 3526 moralem
1775 3468 1995 3540 exposi-

419 3564 622 3620 tionem
647 3563 933 3618 sublevare
960 3577 1082 3633 quae
1111 3562 1254 3616 dicta
1296 3571 1442 3616 sunt.
1480 3561 1672 3615 Adhuc
1700 3568 1881 3615 autem
1927 3560 1995 3614 ad

417 3670 481 3710 ca
503 3671 626 3725 qua:
656 3655 798 3709 dicta
827 3663 955 3708 sunt
976 3654 1042 3707 de
1071 3653 1392 3708 cadentibus
1418 3651 1610 3715 stellis,
1633 3665 1742 3704 non
1763 3650 1880 3704 sine
1908 3665 1996 3704 ra-

418 3747 569 3802 tione
593 3753 676 3800 est
701 3759 981 3799 assumere
1007 3743 1070 3798 de
1093 3741 1440 3796 Revelatione
1467 3739 1715 3803 Joannis,
1742 3740 1810 3794 de
1838 3741 1996 3795 tertia

420 3845 572 3906 parte
595 3835 872 3889 stellarum
907 3841 1081 3888 tracta
1111 3848 1140 3887 a
1170 3833 1342 3888 cauda
1371 3831 1624 3886 draconis
1666 3831 1720 3885 in
1765 3837 1992 3886 terram.

423 3925 564 3979 Dicit
589 3923 834 3979 enim-ita
866 3941 879 3976 :
916 3923 983 3976 Et
1009 3925 1180 3978 visum
1214 3931 1288 3977 est
1321 3921 1470 3975 aliud
1497 3922 1704 3992 signant
1727 3921 1782 3975 in
1813 3921 1940 3976 caelo
1975 3938 1994 3976 :

419 4023 470 4068 et
504 4030 618 4068 ecce
646 4013 806 4068 draco
839 4030 1061 4084 magnus
1093 4013 1245 4083 rufus
1280 4013 1473 4068 habens
1505 4013 1679 4081 capita
1704 4022 1921 4084 septem,
1943 4025 1994 4069 et

419 4119 618 4159 cornua
645 4105 842 4169 decem,
868 4117 915 4160 et
950 4121 1106 4174 super
1133 4105 1307 4174 capita
1337 4121 1434 4158 sua
1457 4121 1655 4159 cornua
1683 4115 1912 4175 septem;
1944 4116 1993 4162 et

419 4201 593 4254 cauda
627 4200 740 4270 ejus
769 4201 934 4254 traxit
967 4201 1180 4254 tertiam
1215 4207 1418 4270 partem
1449 4201 1727 4256 stellarum
1765 4205 1910 4268 cazli,
1943 4215 1993 4258 et

422 4293 564 4348 misit
586 4309 674 4346 eas
704 4293 759 4346 in
791 4301 986 4346 terram
1003 4293 1070 4347 ⁸³.
1101 4290 1294 4347 Omnia
1312 4293 1428 4348 haec
1451 4307 1724 4364 exponere
1745 4294 1994 4366 singilla-

421 4386 518 4440 tim
548 4385 614 4440 de
635 4385 904 4455 capitibus
936 4392 1140 4454 septem
1163 4384 1436 4452 draconis,
1463 4400 1584 4455 quae
1612 4384 1841 4440 forsitan
1868 4401 1994 4455 pos-

2101 567 2248 607 nunc
2276 562 2456 607 autem
2493 553 2597 608 hoc
2630 554 2807 608 solum
2838 565 3054 625 oportet
3087 557 3153 612 de
3189 558 3541 616 llevelatione
3587 563 3674 616 illa

2099 660 2392 715 exponere,
2430 645 2687 714 quoniam
2740 648 2912 702 'cauda
2962 647 3220 706 draconis
3257 653 3424 708 traxit
3465 655 3676 709 tertiam

2100 745 2308 804 partem
2359 736 2637 790 stellarum
2689 738 2848 805 εαξη,
2881 747 2936 793 et
2970 740 3119 794 misit
3169 756 3290 796 eam
3345 743 3399 798 in
3452 752 3677 801 terram.

2101 827 2366 882 Existimo
2394 827 2538 880 enim
2560 828 2818 897 quoniam
2849 832 2940 899 qui
2969 831 3130 886 debet
3149 834 3339 889 audire
3368 854 3381 890 :
3411 833 3542 889 Post
3571 836 3679 890 Do-

2100 920 2297 971 minum
2323 919 2486 972 Deum
2521 928 2666 972 tuum
2689 921 2810 986 ibis,
2842 930 2896 976 et
2928 941 2939 975 :
2991 921 3164 977 Venite
3186 936 3303 994 post
3325 943 3404 982 me
3441 926 3510 992 ⁸⁸,
3535 937 3589 982 et
3611 929 3677 983 ad

2100 1010 2214 1065 lucc
2239 1009 2454 1078 quidem
2483 1011 2717 1065 obstruit
2749 1027 2910 1066 aures
2957 1029 3084 1068 suas
3109 1056 3124 1082 ,
3163 1026 3444 1085 peceatum
3492 1028 3675 1072 autem

2100 1107 2364 1174 sequitur,
2395 1107 2629 1160 trahitur
2655 1119 2684 1159 a
2703 1106 2872 1160 cauda
2891 1105 3144 1163 draconis
3166 1108 3369 1164 vadens
3385 1119 3511 1180 post
3527 1126 3674 1166 eum.

2101 1194 2156 1249 Si
2188 1206 2366 1250 autem
2398 1197 2686 1268 contigerit
2731 1212 2855 1252 eum
2889 1200 2981 1267 qui
3030 1198 3110 1254 sic
3147 1200 3280 1254 vixit
3328 1210 3386 1256 ut
3432 1201 3623 1257 audiat
3657 1220 3674 1255 :

2110 1288 2210 1342 Vos
2241 1290 2362 1342 estis
2390 1290 2484 1344 tua:
2517 1291 2701 1345 mundi
2743 1291 2820 1357 ⁶¹,
2867 1299 2923 1346 et
2959 1292 3255 1362 aliquando
3305 1295 3678 1365 splenduerint

2098 1395 2260 1450 opera
2293 1381 2412 1449 ejus
2442 1381 2606 1444 bona,
2662 1383 2754 1437 hic
2802 1382 3096 1452 aliquando
3127 1371 3455 1442 constitutus
3496 1388 3674 1455 stella,

2097 1481 2152 1528 et
2175 1472 2228 1526 in
2257 1473 2396 1527 coelo
2424 1473 2631 1527 habens
2660 1475 3158 1542 conversationem,
3192 1476 3237 1531 si
3265 1477 3486 1532 avulsu‘s
3513 1477 3679 1533 fuerit

2099 1577 2127 1617 a
2157 1563 2392 1617 dracone
2421 1563 2475 1617 in
2511 1571 2736 1629 terram,
2767 1563 2857 1618 hic
2881 1564 2985 1618 erit
3015 1566 3170 1621 stella
3203 1582 3232 1621 a
3261 1568 3437 1623 cauda
3481 1568 3677 1624 draco-

2097 1653 2186 1710 nis
2217 1662 2388 1708 tracta
2433 1663 2487 1709 et
2517 1655 2686 1710 missa
2733 1655 2786 1710 in
2817 1664 3042 1711 terram.
3076 1657 3167 1713 Sic
3217 1659 3384 1714 stella:
3427 1674 3459 1715 a
3505 1661 3679 1716 cauda

2098 1744 2356 1801 draconis
2384 1747 2678 1800 trahuntur
2702 1754 2756 1800 et
2778 1745 3068 1800 mittuntur
3089 1747 3142 1801 in
3171 1757 3390 1805 terram.
3418 1749 3557 1806 Sunt
3582 1768 3684 1807 au—

2105 1843 2211 1892 tem
2245 1835 2364 1891 aliae
2391 1851 2624 1907 quarum
2653 1851 2784 1906 pars
2807 1837 2990 1906 aliqua
3023 1836 3351 1892 obscuratur
3373 1879 3390 1905 ,
3434 1847 3488 1894 et
3531 1843 3691 1910 quod"

2104 1927 2283 1998 majus
2305 1936 2389 1983 est
2415 1927 2658 1998 quidem,
2683 1927 3016 1996 luminosum
3044 1935 3148 1988 est.
3175 1942 3314 1997 quas
3341 1929 3556 1984 videtur
3587 1944 3681 1985 os-

2106 2018 2328 2074 tendere
2355 2018 2420 2073 de
2439 2017 2790 2074 Revelatione
2803 2033 2985 2074 sermo
2999 2019 3081 2074 sic
3103 2018 3312 2074 habens
3332 2021 3377 2051 ε’
3399 2038 3412 2074 :
3435 2019 3502 2074 Et
3523 2037 3680 2092 quar-

2105 2118 2188 2162 tus
2222 2107 2437 2178 angelus
2462 2108 2586 2161 tuba
2617 2108 2839 2174 cecinit,
2875 2117 2924 2162 et
2959 2124 3206 2174 percussa
3239 2118 3316 2163 est
3355 2110 3510 2164 tertia
3551 2126 3676 2178 pars

2103 2203 2263 2269 (ante,
2287 2209 2336 2256 et
2367 2201 2522 2254 tertia
2545 2217 2669 2270 pars
2693 2201 2990 2265 stellarum,
3018 2211 3076 2255 ut
3111 2201 3484 2256 obscuraretur
3523 2203 3681 2256 tertia

2102 2307 2226 2360 pars
2251 2306 2454 2344 eorum.
2497 2289 2638 2344 Sunt
2681 2290 2902 2360 quidam
2945 2291 3125 2346 autem
3178 2291 3270 2359 qui
3318 2306 3419 2347 nec
3455 2293 3680 2347 omnino

2102 2389 2458 2436 servaverunt
2487 2379 2633 2449 quod
2664 2380 2867 2435 dictum
2908 2388 2992 2436 est
3026 2381 3072 2412 ⁸³
3113 2397 3127 2435 :
3166 2379 3258 2436 Sic
3292 2380 3462 2435 luceat
3504 2381 3680 2436 lumen

2103 2479 2329 2523 vestrum
2348 2484 2525 2522 caram
2552 2470 2871 2536 hominibus,
2886 2484 2984 2524 nec
2999 2471 3223 2524 omnino
3243 2471 3496 2526 exstincti
3511 2470 3682 2542 868

2101 2567 2156 2615 et
2182 2559 2456 2614 obscurati
2484 2568 2630 2626 sunt,
2655 2561 2748 2616 sed
2773 2576 2838 2615 ex
2865 2569 3036 2630 parte.
3081 2560 3312 2627 Quidam
3349 2563 3495 2615 enim
3547 2576 3678 2630 pro-

2102 2658 2221 2719 pter
2255 2649 2536 2706 scientiam
2567 2651 2784 2721 quidem
2817 2650 3090 2707 fulserunt
3114 2653 3260 2729 sicut
3284 2653 3540 2723 splendor
3559 2668 3676 2708 cm-

2101 2741 2162 2809 li,
2201 2742 2421 2812 quidam
2446 2751 2627 2798 autem
2655 2750 2874 2814 pr0pter
2899 2745 3366 2800 conversationem
3392 2743 3518 2800 facti
3548 2753 3680 2802 sunt

2102 2834 2246 2890 sicut
2269 2834 2456 2890 stellae.
2509 2832 2613 2888 Sed
2668 2833 2918 2888 videmur
2963 2833 3290 2903 quibusdam
3334 2849 3442 2888 non
3483 2850 3680 2890 conse-

2101 2934 2333 2995 quenter
2388 2925 2686 2981 secundum
2735 2924 3108 2995 praecedentes
3144 2926 3514 2995 expositiones
3565 2926 3682 2980 haec

2102 3016 2392 3085 protulisse
2439 3025 2494 3072 et
2539 3031 2637 3086 pro
2669 3025 2822 3086 parte
2865 3015 3205 3086 exposuisse.
3258 3015 3527 3083 Quoniam
3573 3017 3684 3073 illic

2102 3107 2321 3176 quidem
2372 3108 2556 3164 stellas
2601 3123 2826 3163 casuras
2879 3108 3161 3173 diximus,
3209 3109 3303 3178 qui
3355 3107 3683 3164 videbantur

2099 3198 2267 3254 fuisse
2285 3199 2475 3265 stellae,
2505 3214 2614 3254 non
2645 3209 2827 3255 autem
2849 3209 3033 3267 erant;
3067 3201 3155 3255 hic
3178 3208 3357 3256 autem
3385 3200 3452 3255 de
3475 3201 3568 3256 his'
3587 3202 3681 3270 qui

2097 3304 2223 3344 vere
2255 3289 2478 3345 fuerunt
2505 3290 2693 3358 stellae,
2726 3299 2780 3346 et
2817 3299 2916 3346 aut
2963 3290 3031 3345 ad
3073 3291 3293 3362 plenum
3340 3291 3682 3359 ceciderunt,

2099 3391 2194 3437 aut
2216 3398 2280 3437 ex
2311 3391 2484 3452 parte.
2521 3383 2601 3437 Ad
2633 3399 2773 3452 quos
2798 3383 3232 3452 respondeamus
3260 3382 3520 3452 quoniam
3551 3398 3681 3452 pro-

2098 3473 2334 3530 lercntes
2367 3475 2615 3544 exempla
2647 3475 2762 3529 haec
2787 3489 2909 3544 quae
2932 3475 3282 3543 protulimus,
3310 3475 3415 3528 hoc
3447 3472 3678 3528 demon-

2098 3564 2394 3618 stravimus
2419 3563 2547 3633 quia
2575 3563 2799 3618 omnino
2827 3563 2995 3618 stellte
3027 3563 3274 3618 homines
3316 3572 3444 3618 sunt
3475 3563 3678 3617 intelli-

2098 3653 2278 3723 gendi,
2309 3667 2417 3707 non
2447 3653 2636 3722 quales
2664 3653 2850 3707 stellae.
2905 3652 3158 3723 Alioquin
3189 3654 3276 3707 ille
3321 3654 3475 3708 locus
3518 3668 3673 3708 suam

2098 3743 2260 3798 habet
2288 3742 2809 3812 interpretationem,
2843 3753 2897 3798 et
2927 3743 3014 3796 hic
3043 3759 3220 3798 suam.
3251 3743 3456 3799 Tamen
3490 3744 3575 3800 bis
3598 3743 3673 3800 ita

2098 3832 2258 3888 factis
2290 3832 2492 3902 parebit
2521 3833 2731 3902 signum
2760 3831 2892 3886 Filii
2919 3833 3144 3888 hominis
3176 3835 3230 3887 in
3261 3834 3409 3900 calo,
3432 3843 3483 3888 et
3520 3835 3678 3904 plan-

2096 3939 2214 4001 gent
2247 3946 2301 3985 se
2332 3939 2453 3984 tunc
2481 3929 2646 3984 tribus
2669 3938 2842 3984 terra.
2873 3927 2954 3983 Ad
2985 3929 3099 3985 haec
3128 3946 3234 3985 non
3266 3939 3347 3986 est
3377 3929 3676 3986 absurdum

2099 4023 2176 4077 uti
2209 4021 2473 4090 exemplis
2495 4020 2772 4076 Zachariae
2797 4021 3072 4091 prophetae
3100 4021 3174 4076 ita
3205 4020 3530 4076 habentibus
3563 4038 3577 4077 :
3605 4021 3674 4076 Et

2095 4116 2195 4170 erit
2217 4116 2272 4168 in
2301 4113 2399 4168 illa
2425 4114 2529 4178 die,
2553 4129 2789 4182 quazram
2813 4113 3022 4182 auferre
3042 4129 3219 4166 omnes
3242 4122 3418 4183 gentes
3443 4128 3562 4182 qua
3589 4128 3678 4168 ve-

2098 4204 2249 4258 niunt
2289 4219 2445 4273 super
2495 4201 2836 4269 Jerusalem,
2875 4213 2924 4257 et
2967 4203 3237 4272 elj'undam
3271 4218 3428 4272 super
3461 4203 3677 4256 domum

2097 4294 2300 4356 David,
2344 4301 2394 4346 et
2431 4309 2587 4362 super
2615 4291 2974 4347 habitantibus
3013 4295 3068 4346 in
3097 4291 3396 4347 Jerusalem
3431 4293 3677 4361 spiritum

2097 4386 2285 4454 gratia:
2307 4395 2354 4440 et
2381 4384 2770 4448 miserationis,
2807 4393 2857 4439 et
2882 4385 3158 4455 respiciant
3199 4384 3267 4436 ad
3306 4399 3388 4438 me
3424 4384 3676 4452 quoniam

419 4485 548 4533 sunt
591 4474 782 4531 referri
819 4475 885 4531 ad
914 4473 1127 4544 aliquos
1168 4475 1438 4546 principes
1475 4491 1662 4530 rerum
1706 4477 1994 4546 nequitiae,
2027 4488 2070 4543 ι)
2099 4477 2448 4543 saltauerunt,
2487 4485 2537 4530 et
2567 4475 2810 4547 plangent
2843 4493 2999 4545 super
3020 4493 3074 4531 se
3099 4473 3371 4545 planctum
3410 4475 3547 4528 sicut
3587 4485 3679 4526 su-

418 4568 534 4624 sive
557 4565 623 4620 ad
656 4575 802 4621 tanta
832 4566 1147 4621 ducentium
1183 4565 1252 4620 ad
1302 4574 1532 4621 mortem
1577 4574 1796 4635 peccata
1821 4607 1837 4634 ,
1882 4583 1991 4623 non

416 4669 500 4716 est
525 4658 784 4729 temporis
813 4657 1017 4726 hujus:
1051 4665 1352 4726 exponetur
1379 4669 1560 4713 autem
1595 4665 1843 4730 tempore
1892 4676 1992 4717 suo

418 4746 472 4801 in
508 4743 855 4800 Revelatione
877 4741 1123 4799 Joannis.
1153 4743 1258 4799 Sed
1295 4753 1351 4799 et
1380 4745 1565 4801 decem
1599 4761 1804 4802 cornua
1843 4748 1992 4805 dice-

415 4851 498 4904 re,
533 4837 790 4906 quoniam
815 4845 942 4892 sunt
964 4851 1128 4907 regna
1179 4837 1501 4906 serpentinae
1531 4839 1771 4906 malitiae,
1803 4850 1857 4896 et
1891 4842 1986 4898 ha-

419 4931 597 4987 bentis
632 4931 900 5000 serpentis
925 4939 1198 4995 naturam,
1224 4937 1278 4984 et
1305 4944 1519 5000 semper
1542 4940 1760 5000 pectore
1782 4941 1836 4988 et
1867 4950 1994 4990 ven-

420 5032 500 5078 tre
532 5025 778 5080 incedere
807 5039 903 5094 per
931 5032 1148 5093 peccata
1171 5063 1186 5089 ,
1223 5038 1323 5078 nec
1361 5023 1524 5078 modo
1555 5039 1828 5094 exponere
1859 5035 1996 5082 tem-

422 5128 524 5180 pus
553 5127 654 5168 est.
681 5113 822 5182 Quid
855 5114 1094 5168 narratio
1125 5129 1365 5184 praesens
1393 5114 1458 5169 de
1489 5125 1692 5185 septem
1723 5117 1995 5174 diadema-

423 5203 568 5258 tibus
597 5221 716 5273 quae
743 5207 909 5262 draco
934 5206 1148 5260 videtur
1176 5205 1376 5260 habere
1409 5221 1569 5276 super
1598 5216 1804 5277 septem
1839 5213 1989 5282 capi-

422 5303 476 5349 ta
504 5295 641 5349 sua?
670 5294 869 5366 Utputa
893 5298 1197 5354 diademata
1234 5313 1326 5367 per
1356 5298 1600 5368 singulos
1629 5301 1721 5369 qui
1751 5302 1988 5371 iungun-

421 5398 510 5444 tur
527 5389 987 5459 suscipitaliquod
1019 5401 1182 5460 caput
1205 5390 1482 5445 draconis.
1510 5389 1618 5446 Has
1635 5401 1814 5448 autem
1843 5396 1993 5464 prin-

420 5479 623 5549 cipales
657 5481 1024 5548 expositiones
1052 5491 1212 5552 atque
1245 5482 1594 5552 probationes
1627 5492 1839 5553 oportet
1874 5487 1988 5541 tieri

489 5649 719 5741 gProv.
745 5701 858 5740 χιιι.
888 5686 977 5756 9η
1010 5686 1062 5756 ξ’
1087 5685 1216 5740 Luc.
1251 5703 1302 5749 x,
1333 5685 1418 5740 l8.
1498 5686 1542 5719 "
1564 5685 1731 5756 Apoc.
1753 5704 1850 5751 xn.
1884 5689 1936 5756 '5,
1965 5690 2017 5748 4.

419 5757 464 5795 ⁸³
483 5757 675 5813 Matth.
709 5759 868 5819 v.16.
945 5753 988 5786 "‘
1009 5753 1174 5808 Zaclt.
1209 5771 1307 5819 xu,
1331 5757 1363 5809 9
1396 5765 1448 5812 et
1489 5753 1640 5829 seqq.

739 5850 1014 5911 PATBOL.
1049 5846 1165 5908 Gn.
1226 5848 1395 5911 Xlll.

2100 4587 2191 4641 per
2211 4570 2480 4635 dilectam,
2504 4578 2553 4623 et
2585 4568 2832 4622 dolebant
2863 4567 3044 4620 dolore
3064 4569 3204 4621 sicut
3227 4581 3384 4634 super
3411 4565 3679 4634 primoge-

2100 4666 2290 4717 nitum.
2317 4661 2385 4716 Et
2411 4661 2466 4715 in
2490 4661 2575 4714 die
2600 4659 2692 4714 illo
2721 4659 3151 4730 magniﬁcabitur
3175 4660 3417 4727 planctus
3444 4658 3498 4711 in
3521 4655 3676 4711 Jeru-

2099 4754 2266 4808 salem
2287 4753 2423 4808 sicut
2453 4752 2697 4822 planctus
2735 4750 2864 4805 mali
2898 4751 3109 4822 granati
3133 4750 3300 4802 excisi
3319 4749 3374 4800 in
3397 4763 3600 4816 campo,
3629 4755 3678 4798 et

2097 4845 2307 4916 planget
2331 4860 2386 4898 se
2414 4855 2554 4899 terra
2576 4860 2667 4910 per
2683 4842 2884 4904 tribus;
2905 4842 3072 4896 tribus
3093 4839 3278 4892 domus
3304 4837 3472 4891 David
3491 4853 3677 4892 secun-

2092 4939 2216 4991 dum
2239 4953 2314 5004 se,
2338 4945 2388 4991 et
2411 4936 2655 4991 mulieres
2680 4951 2858 4990 eorum
2881 4931 3167 4986 secundum
3197 4946 3280 4993 se;
3300 4930 3464 4982 tribus
3487 4928 3675 4982 domus

2095 5028 2317 5082 Nathan
2341 5027 2629 5082 secundum
2669 5041 2723 5080 se
2746 5065 2762 5090 ,
2805 5032 2854 5078 et
2896 5022 3139 5076 mulieres
3169 5037 3351 5075 eorum
3389 5020 3676 5074 secundum

2092 5137 2177 5185 se;
2205 5121 2374 5176 tribus
2400 5121 2587 5173 domus
2610 5115 2731 5172 Levi
2753 5114 3037 5169 secundum
3066 5129 3140 5178 se,
3158 5123 3206 5166 et
3228 5111 3472 5166 mulieres
3491 5127 3674 5166 eorum

2095 5213 2384 5266 secundum
2415 5225 2499 5273 se;
2536 5209 2703 5262 tribus
2731 5207 2918 5260 domus
2950 5204 3161 5260 Simeon
3187 5205 3473 5259 secundum
3506 5221 3581 5272 se,
3621 5215 3672 5257 et

2097 5302 2342 5356 mulieres
2367 5315 2546 5354 eorum
2574 5297 2857 5352 secundum
2874 5312 2949 5361 se,
2979 5304 3027 5349 et
3057 5310 3232 5349 omnes
3259 5295 3456 5347 relicta:
3477 5292 3669 5356 tribus.

2098 5397 2383 5452 secundum
2421 5412 2510 5460 se,
2550 5402 2601 5448 et
2655 5392 2899 5446 mulieres
2936 5405 3116 5445 eorum
3174 5387 3459 5442 secundum
3498 5404 3552 5442 se
3601 5389 3671 5446 ⁸⁵.

2097 5489 2270 5545 Omne
2303 5488 2465 5558 igitur
2499 5497 2774 5542 terrenum
2805 5499 2998 5555 agmen
3025 5497 3148 5538 cum
3180 5481 3250 5537 sit
3279 5481 3454 5536 tribus
3486 5490 3668 5550 terrm,

2096 5693 2140 5726 ⁸ο
2162 5691 2350 5748 Matth.
2380 5708 2450 5760 tv,
2482 5693 2566 5751 l9.
2644 5693 2688 5724 ⁶¹
2717 5691 2904 5748 Matth.
2934 5707 2986 5754 v,
3015 5691 3099 5745 Μ.
3178 5689 3410 5758 "Apoc.
3438 5699 3556 5753 vnt,
3583 5676 3668 5736 12.

3319 5848 3397 5907 .53
