4112 6422
439 330 577 389 i673

1616 326 1941 388 ORIGENIS
1969 327 2037 384 IN
2078 328 2496 388 MATTHEUM

3605 336 3742 395 1676

433 450 730 522 quod-esse
754 448 858 505 sibi
892 448 995 519 ipsi
1032 448 1420 510 attribuerunt,
1453 445 1692 502 maxime
1735 447 1780 504 si
1817 456 2033 520 oportet
2061 451 2104 509 Α
2136 449 2447 504 vestimenta
2485 449 2600 519 ejus
2635 450 2783 519 facta
2819 459 2942 504 sunt
2972 451 3110 506 sicut
3139 451 3348 516 lumen‘,
3389 459 3440 506 et
3474 451 3615 507 visus
3655 464 3734 508 est

432 543 488 600 in
519 541 712 614 aliquo
747 551 1094 613 peccatorum
1145 538 1519 594 abundantius
1553 540 1836 611 plangere,
1874 540 2033 610 plan-

435 643 564 707 gent
591 651 716 690 cum
763 636 1036 710 similibus
1085 632 1221 687 suis.
1267 630 1520 686 Arbitror
1553 641 1736 686 autem
1780 649 1876 702 per
1923 635 2037 690 haec

435 726 653 780 ostendi
683 711 1015 779 differentias
1041 737 1231 778 eorum
1263 723 1355 792 qui
1376 722 1700 778 videnturin
1728 724 1831 778 ﬁde
1866 723 2037 781 fuisse

431 825 488 870 ct
523 817 578 871 in
613 831 714 872 suo
747 815 987 886 agmine,
1025 831 1134 869 non
1180 824 1362 870 autem
1410 815 1739 885 placuerunt
1771 815 1901 872 Deo.
1940 817 2037 874 Est

425 923 565 978 ergo
591 907 784 962 domus
817 905 983 960 David
1015 907 1301 977 plangens,
1331 906 1426 975 qui
1461 922 1527 961 ex
1571 907 1776 976 populo
1826 909 2036 963 consti-

433 1000 535 1054 tuti
565 999 728 1069 digua
763 999 983 1068 planctu
1016 1006 1276 1069 egerunt.
1307 1006 1403 1053 aut
1439 998 1507 1052 de
1539 997 1764 1069 regibus
1811 1009 1868 1054 et
1915 1015 2033 1054 ma-

434 1090 711 1160 gnatibus.
747 1089 850 1156 Qui
890 1101 1072 1144 autem
1101 1105 1168 1143 ex
1195 1089 1515 1145 doctoribus
1566 1091 1708 1145 male
1757 1090 2030 1157 vixerunt,

434 1190 564 1236 sunt
594 1181 769 1258 tribus
796 1179 1009 1237 Nathan
1035 1182 1322 1252 plangens,
1371 1183 1635 1252 quoniam
1678 1181 1894 1238 Nathan
1935 1183 2034 1239 fuit

434 1274 744 1346 prepheta;
801 1273 998 1328 docere
1043 1282 1225 1327 autem
1275 1283 1360 1328 est
1412 1275 1756 1344 prophetare.
1807 1275 1882 1328 Ita
1937 1274 2031 1344 qui

432 1377 560 1420 sunt
602 1375 914 1437 peccatores
950 1381 1015 1421 ex
1065 1366 1152 1422 his
1196 1366 1288 1436 qui
1341 1365 1616 1435 praepositi
1673 1365 1894 1420 fuerunt
1925 1365 2032 1420 Ec-

430 1459 631 1525 clesiae,
689 1467 745 1515 et
805 1459 1169 1514 sacerdotium
1237 1459 1547 1515 habuerunt
1597 1459 1940 1529 injunctum',
1978 1470 2034 1517 et

433 1565 545 1605 non
622 1550 761 1606 bene
827 1551 1282 1621 dispensat-erunt
1341 1551 1758 1621 praeposituram
1817 1569 1974 1608 suam
2013 1595 2031 1620 ,

429 1641 608 1698 tribus
655 1653 780 1698 sunt
820 1643 1017 1697 domus
1058 1641 1184 1697 Levi
1229 1642 1514 1712 plangens.
1567 1641 1634 1696 Et
1676 1658 1864 1699 verum
1905 1648 2032 1716 qui-

427 1735 549 1790 dem
592 1735 806 1800 dicere,
847 1734 932 1790 vel
973 1735 1038 1790 de
1065 1734 1153 1791 his
1193 1749 1317 1804 quae
1355 1734 1620 1800 diximus,
1653 1735 1737 1792 vel
1765 1735 1834 1791 de
1883 1738 2026 1794 tribu

2137 539 2214 592 eis
2249 537 2457 608 Moyses
2489 549 2538 592 et
2581 538 2734 594 Elius
2768 541 3120 612 colloquentes
3144 558 3262 595 cum
3285 558 3366 598 eo.
3397 541 3466 595 Et
3489 558 3624 608 ecce,
3652 544 3740 597 in-

2138 630 2278 700 quit,
2307 630 2469 685 nubes
2494 630 2676 684 lucida
2699 631 3032 687 obumbravit
3051 651 3160 701 eos,
3184 645 3233 688 et
3257 651 3373 689 ecce
3395 651 3495 690 vva:
3519 636 3584 690 de
3601 638 3737 691 nube

2137 716 2316 771 dicens
2349 734 2367 770 :
2408 717 2511 771 llic
2531 729 2606 772 est
2641 718 2821 774 Filius
2845 739 2988 775 meus
3015 723 3242 778 dilectus
3271 725 3325 778 in
3358 742 3460 796 quo
3493 728 3735 796 compla-

2136 808 2245 873 cui,
2271 809 2444 878 ipsum
2468 811 2673 866 audite.
2709 810 2864 867 Sicut
2902 830 3032 884 ergo
3056 815 3277 886 quando
3311 816 3734 875 transformatus

2135 910 2239 965 est,
2272 903 2608 972 resplenduit
2645 903 2814 962 facies
2841 907 2962 976 ejus
2989 910 3132 964 sicut
3164 909 3267 977 sol,
3309 920 3362 964 et
3403 911 3733 968 vestimenta

2135 994 2256 1065 ejus
2286 994 2424 1051 facta
2457 999 2750 1054 suutsicut
2784 999 3002 1068 lumen,
3045 1010 3102 1057 et
3137 1017 3242 1056 vox
3283 1004 3428 1058 venit
3474 1005 3542 1059 de
3588 1006 3734 1059 nube

2134 1086 2325 1143 dicens
2355 1104 2369 1141 :
2402 1087 2506 1142 Hic
2535 1100 2612 1143 est
2644 1089 2821 1145 Filius
2847 1108 2992 1146 meus
3021 1093 3249 1148 dilectus
3285 1095 3339 1148 in
3368 1111 3469 1166 quo
3497 1097 3734 1167 compla-

2135 1181 2243 1246 cui,
2289 1182 2368 1237 sic
2405 1197 2530 1237 cum
2579 1184 2789 1239 venerit
2833 1185 3052 1252 iterum,
3101 1187 3332 1242 forsitan
3380 1189 3432 1242 in
3490 1191 3730 1260 speciem

2135 1273 2619 1330 transformahitur
2649 1277 2944 1348 gloriosam
2978 1297 2990 1334 :
3016 1287 3110 1333 aut
3130 1280 3272 1335 sicut
3298 1293 3428 1337 tunc
3459 1281 3731 1339 transfor-

2134 1375 2318 1421 matus
2351 1377 2434 1422 est
2465 1382 2650 1422 coram
2679 1370 2856 1426 tribus
2887 1371 3172 1441 discipulis
3205 1373 3357 1438 suis,
3398 1383 3586 1444 postea
3630 1389 3726 1429 vc-

2133 1459 2245 1515 niet
2274 1475 2382 1514 non
2401 1477 2567 1532 super
2597 1478 2760 1517 unam
2787 1463 3010 1528 nubem,
3041 1465 3138 1520 sed
3169 1479 3333 1535 super
3362 1467 3583 1530 multas,
3607 1483 3730 1537 qua:

2133 1560 2297 1606 erunt
2329 1553 2636 1608 vehiculum
2663 1555 2802 1624 ejus.
2847 1554 3118 1621 Quoniam
3165 1564 3346 1611 autem
3383 1572 3729 1627 consequens

2131 1652 2216 1699 est
2244 1645 2381 1699 utin
2417 1646 2694 1701 meliorem
2745 1647 2973 1718 gloriam
3021 1648 3378 1716 reformetur,
3415 1667 3580 1721 quam
3627 1652 3730 1707 fuit

2133 1736 2558 1794 transformatus
2586 1738 2640 1794 in
2672 1749 2878 1804 monte,
2903 1741 3254 1796 manifestum
3291 1751 3456 1798 estex
3489 1758 3556 1798 eo
3581 1745 3726 1814 quod

429 1827 674 1892 Simeon,
707 1825 796 1881 Dei
831 1827 1003 1882 solius
1029 1834 1114 1882 est
1143 1844 1156 1880 :
1189 1841 1294 1882 nos
1327 1835 1510 1882 autem
1543 1827 1597 1881 in
1628 1828 1886 1898 praesenti
1928 1844 2026 1900 ap-
2058 1811 2102 1868 Β
2131 1837 2264 1885 tunc
2289 1831 2509 1901 quidem
2540 1845 2725 1887 coram
2761 1833 2940 1889 tribus
2967 1836 3345 1890 tantummodo
3369 1811 3729 1892 transforma-

425 1927 632 1985 tantus,
671 1919 934 1989 quoniam
983 1935 1175 1976 omnes
1219 1921 1313 1990 qui
1355 1919 1677 1976 catechizati
1714 1920 1936 1977 fuerunt
1969 1929 2024 1978 et

424 2011 677 2069 instructi
703 2023 832 2067 sunt
859 2012 1046 2067 divino
1076 2012 1363 2083 mysterio,
1396 2028 1499 2069 nec
1531 2012 1755 2069 fuerunt
1785 2014 2021 2070 ordinati

424 2101 482 2157 in
515 2102 698 2172 aliqua
731 2102 972 2157 tribuum
1004 2118 1142 2172 quas
1177 2103 1420 2158 diximus
1445 2119 1633 2174 supra,
1677 2115 1730 2160 et
1755 2120 2020 2176 peccave-

426 2205 556 2249 runt
590 2206 812 2265 peccata
844 2197 1052 2267 gravia,
1079 2197 1269 2267 quales
1294 2206 1425 2252 sunt
1470 2197 1695 2267 plurimi
1728 2198 2020 2266 Iaicorum,

427 2287 604 2342 tribus
631 2297 759 2344 sunt
790 2288 1013 2344 Simeon
1047 2307 1060 2344 :
1088 2289 1285 2361 reliqui
1317 2298 1502 2345 autem
1553 2291 1834 2360 homines,
1883 2307 2022 2363 quas

426 2379 566 2435 dixit
599 2381 775 2438 tribus
810 2383 1048 2451 relictas,
1080 2397 1221 2454 quas
1265 2384 1581 2454 specialiter
1613 2401 1727 2440 non
1764 2387 2021 2442 nomina-

425 2472 522 2527 vit.
555 2471 676 2529 Non
707 2485 889 2530 autem
923 2475 1307 2545 qualecunque
1334 2487 1419 2532 est
1451 2490 1593 2547 opus
1628 2476 1812 2533 dicere
1859 2486 1914 2533 et
1955 2479 2022 2534 de

426 2565 750 2622 mulieribus
777 2567 1117 2638 singularum
1151 2567 1390 2622 tribuum
1423 2568 1808 2641 plangentibus
1842 2585 1902 2626 se
1933 2586 2023 2627 se-

425 2656 666 2712 cundum
701 2672 778 2712 sc.
814 2656 880 2711 Et
908 2658 1030 2712 vide
1063 2659 1111 2714 si
1150 2668 1308 2729 potes
1334 2659 1387 2712 in
1436 2659 1670 2730 singulis
1711 2660 2025 2733 quibusque

423 2749 694 2806 classibus
720 2765 818 2805 eos
849 2751 1068 2822 quidem
1102 2751 1195 2822 qui
1229 2753 1632 2822 corporaliores
1681 2761 1736 2808 et
1764 2754 2022 2810 mundia-

424 2842 590 2900 liores
615 2841 855 2909 fuerunt,
896 2842 1077 2898 dicere
1109 2844 1409 2913 mulieres;
1452 2845 1546 2915 qui
1597 2856 1780 2900 autem
1827 2858 2022 2902 eorum

424 2935 843 3005 comparatione
875 2935 1132 2991 meliores
1166 2935 1408 3004 fuerunt,
1436 2936 1585 2992 viros
1615 2936 1806 2992 fuisse.

495 3026 584 3082 50.
621 3026 690 3080 Et
711 3025 958 3082 videbunt
993 3026 1197 3082 Filium
1221 3029 1452 3083 hominis
1475 3030 1762 3084 venientem
1783 3030 1838 3084 in
1862 3031 2022 3084 nubi-

425 3121 521 3174 bus
547 3135 667 3172 cum
695 3119 888 3174 virtute
910 3131 956 3173 et
984 3121 1157 3190 gloria
1183 3121 1354 3174 multa
1390 3121 1456 3176 ⁸⁸.
1495 3120 1772 3188 Quoniam
1805 3122 2022 3177 videtur

424 3209 736 3281 Suscepisse
763 3209 1000 3266 Ecclesia
1027 3212 1295 3268 catholica
1325 3227 1450 3268 cum
1481 3213 1607 3269 aliis
1629 3213 2022 3270 traditionibus

422 3298 593 3356 etiam
620 3300 688 3356 de
711 3300 913 3356 Christi
939 3303 1175 3357 adventu
1209 3301 1453 3356 secundo
1480 3343 1497 3368 ,
1530 3301 1792 3371 quoniam
1823 3302 1930 3355 erit
1963 3303 2019 3356 in

427 3395 600 3465 gloria
649 3395 1004 3452 manifestum
1049 3408 1152 3450 est.
1213 3393 1406 3450 Utrum
1461 3403 1645 3449 autem
1715 3393 2020 3449 secundum

424 3489 570 3560 quod
596 3489 859 3560 scriptum
889 3499 972 3545 est
997 3489 1050 3542 in
1080 3489 1183 3544 hoc
1219 3489 1365 3551 loco,
1399 3485 1572 3542 nubes
1601 3485 1918 3555 corporales
1939 3494 2021 3542 at-

426 3598 536 3654 que
571 3584 858 3640 sensibiles
898 3584 1220 3639 existimare
1248 3580 1515 3636 debemus
1541 3579 1856 3636 vehiculum
1897 3594 2022 3636 esse

426 3675 622 3746 ipsius,
647 3685 699 3732 et
733 3677 1036 3733 secundum
1059 3674 1377 3744 huiusmodi
1410 3673 1584 3728 nubes
1613 3671 1842 3726 multam
1871 3671 2018 3725 illam

423 3768 680 3824 virtutem
715 3778 770 3825 et
799 3768 1030 3839 gloriam
1058 3774 1379 3836 exspectare
1407 3765 1693 3832 debemus,
1741 3772 1836 3819 aut
1863 3764 2021 3835 juxta

430 3859 870 3914 observationem
908 3855 1058 3911 verbi
1115 3855 1490 3926 simplicioris,
1529 3853 1695 3909 etiam
1739 3853 2023 3909 moraliter

427 3958 510 4005 est
534 3947 1019 4011 considerandum,
1045 3955 1140 4000 aut
1170 3961 1269 4001 nec
1299 3945 1526 4000 omnino
1547 3943 1841 3999 observare
1865 3944 2024 3999 debe-

427 4057 552 4098 mus
581 4041 987 4111 simplicitatem
1018 4039 1188 4101 verbi,
1224 4039 1321 4093 sed
1360 4038 1709 4093 solummodo
1753 4038 2020 4093 moralem

426 4131 656 4200 exsequi
687 4129 1045 4195 intellectum,
1076 4143 1184 4184 non
1214 4129 1592 4199 cujuscunque
1615 4137 1699 4185 est
1719 4129 2022 4184 deliberare

431 4235 485 4280 et
507 4225 796 4294 diligenter
831 4223 1066 4278 scrutari
1097 4223 1311 4294 singula
1333 4222 1474 4288 loca,
1503 4231 1557 4277 et
1587 4231 1879 4293 postquam
1909 4230 2023 4276 tra-

426 4322 657 4379 ctaverit
684 4321 909 4376 verbum
941 4323 1246 4376 secundum
1278 4334 1364 4386 ea,
1391 4319 1473 4374 sic
1503 4319 1863 4389 pronuntiare
1889 4317 2022 4389 quid

427 4414 776 4486 potissimum
807 4413 998 4468 verius
1031 4413 1102 4466 sit
1123 4427 1336 4477 eorum,
1366 4419 1420 4466 ct
1451 4412 1743 4466 continens
1784 4424 2023 4480 evange-

2127 1933 2216 1981 tus
2237 1935 2340 1991 est,
2369 1925 2424 1980 in
2452 1927 2928 1983 consummatione
2955 1937 3136 1984 autem
3159 1928 3329 2000 869
3352 1929 3539 1984 mundi
3563 1930 3727 1985 totius

2127 2018 2412 2090 apparebit
2437 2018 2490 2072 in
2515 2019 2687 2090 gloria
2713 2020 2906 2088 multa,
2939 2027 3002 2074 ut
3032 2020 3248 2074 videant
3273 2036 3398 2075 eum
3432 2036 3625 2076 omnes
3667 2022 3722 2076 in

2127 2110 2320 2182 gloria.
2375 2109 2445 2164 Et
2489 2119 2620 2166 tunc
2663 2111 2888 2180 quidem
2941 2110 3282 2166 descendens
3325 2110 3505 2166 lucida
3553 2112 3728 2166 nubes

2126 2202 2609 2268 adumbraviteos,
2639 2212 2830 2273 postea
2859 2212 3044 2258 autem
3101 2204 3284 2259 multae
3325 2205 3500 2260 nubes
3537 2214 3725 2275 porta-

2126 2295 2264 2351 bunt
2296 2293 2494 2350 Filium
2549 2296 2791 2351 hominis
2830 2295 3136 2350 venientem
3191 2311 3318 2350 cum
3352 2296 3605 2351 vehiculo
3639 2297 3722 2350 di-

2127 2400 2235 2456 gno
2262 2384 2447 2456 gloria:
2479 2400 2616 2440 suae.
2653 2382 2805 2440 Dicet
2827 2393 3010 2439 autem
3041 2383 3264 2454 aliquis,
3293 2383 3554 2455 quoniam
3579 2383 3723 2439 sicut

2125 2477 2181 2532 in
2219 2475 2439 2532 fictione
2469 2475 2711 2532 hominis
2741 2475 2952 2545 accepit
2982 2473 3126 2530 Deus
3155 2475 3346 2528 limum
3378 2474 3445 2530 de
3476 2485 3642 2541 terra,
3669 2483 3724 2528 et

2126 2568 2292 2624 finxit
2309 2568 2612 2634 hominem,
2630 2565 2731 2631 sic,
2751 2573 2810 2620 ut
2826 2565 3727 2636 appareatgloriaChristi,accrpit

2128 2660 2275 2717 Deus
2301 2661 2368 2716 de
2398 2661 2538 2716 coelo
2553 2669 2605 2715 et
2624 2660 2690 2714 de
2710 2659 2918 2716 etelesti
2947 2673 3197 2729 corpore,
3217 2659 3598 2730 etcorporavit
3614 2659 3730 2729 pri-

2127 2769 2278 2809 mum
2297 2753 2517 2824 quidem
2551 2753 2604 2808 in
2627 2753 2826 2807 nubem
2860 2749 3121 2818 lucidam,
3154 2749 3209 2804 in
3249 2751 3727 2805 consummatione

2127 2855 2308 2903 autem
2345 2846 2402 2900 in
2437 2847 2610 2901 nubes
2647 2845 3120 2914 lucidas,propter
3149 2843 3295 2913 quod
3322 2852 3374 2897 et
3397 2843 3570 2897 nubes
3601 2841 3725 2896 caeli

2127 2940 2408 3003 dicuntur,
2443 2935 2746 2994 secundum
2776 2936 2923 3007 quod
2951 2945 3005 2991 et
3032 2935 3198 2990 limus
3224 2944 3382 2990 terrae
3411 2944 3494 2989 est
3520 2933 3722 2988 dictus.

2125 3033 2195 3089 Et
2223 3035 2367 3090 dicet
2400 3031 2616 3087 Patrem
2647 3031 2777 3086 talia
2801 3029 3051 3085 miranda
3088 3028 3296 3083 donare
3324 3027 3463 3082 Filio
3497 3042 3602 3082 suo
3629 3027 3724 3096 qui

2129 3125 2369 3195 seipsum
2396 3123 2725 3190 humiliavit,
2746 3131 2799 3177 et
2820 3129 3040 3192 propter
3068 3119 3415 3175 dilectionem
3445 3135 3548 3173 non
3573 3118 3692 3187 rapi
3709 3148 3725 3159 ο

2123 3234 2244 3272 nam
2262 3216 2554 3271 arbitratus
2575 3224 2652 3270 est
2668 3230 2779 3269 esse
2793 3230 2846 3268 se
2862 3211 3119 3283 aqualem
3139 3211 3266 3278 Dea,
3287 3211 3376 3266 sed
3389 3213 3726 3280 semetipsum

2123 3309 2417 3365 exinanivit
2435 3309 2665 3377 formam
2678 3309 2814 3361 servi
2833 3307 3095 3375 accipiens
3113 3306 3176 3371 ⁸⁷,
3192 3313 3246 3358 et
3264 3303 3438 3359 factus
3456 3313 3535 3358 est
3553 3319 3726 3374 agnus

2124 3401 2221 3456 Dei
2247 3411 2305 3456 ut
2331 3399 2486 3454 tollat
2512 3399 2702 3453 mundi
2739 3406 2964 3468 peccata
3003 3396 3068 3451 οδ.
3104 3395 3331 3466 Propter
3361 3397 3465 3450 hoc
3497 3394 3643 3449 enim
3673 3403 3726 3448 et

2122 3491 2268 3547 Deus
2284 3488 2698 3559 superexaltavit
2715 3504 2853 3554 eum,
2879 3498 2924 3541 et
2955 3487 3173 3540 donavit
3196 3485 3280 3539 illi
3293 3502 3479 3539 nomen
3499 3483 3724 3554 quodest

2123 3599 2281 3653 super
2300 3597 2451 3635 omne
2474 3596 2661 3634 nomen
2678 3580 2743 3634 “.
2762 3577 2880 3633 Non
2900 3578 3076 3634 solum
3102 3587 3285 3632 autem
3311 3577 3570 3631 exaltavit
3595 3591 3723 3632 eum

2123 3672 2425 3726 secundum
2456 3668 2746 3738 spiritum,
2797 3667 2892 3722 sed
2924 3667 3088 3722 etiam
3145 3668 3447 3722 secundum
3497 3681 3724 3736 corpus,

2123 3774 2184 3818 ut
2212 3777 2308 3833 per
2343 3760 2527 3816 omnia
2563 3761 2636 3816 sit
2661 3760 2952 3816 exaltatus.
2981 3758 3049 3814 Et
3080 3774 3280 3829 corpus
3312 3759 3455 3829 quod
3481 3760 3726 3828 suscepit

2122 3855 2191 3910 de
2225 3853 2428 3908 virtute
2455 3851 2746 3917 Altissimi,
2776 3861 2830 3907 et
2862 3852 2928 3906 de
2954 3849 3180 3922 Virgine
3209 3841 3524 3919 hujusmodi
3559 3850 3726 3904 mini-

2123 3947 2351 4006 sterium
2389 3947 2757 4012 ministrante,
2789 3944 3024 4000 debebat
3053 3943 3315 3997 honorari
3365 3949 3426 3996 ut
3469 3951 3522 3997 et
3555 3957 3723 4012 super

2123 4038 2326 4094 talibus
2353 4036 2591 4091 nubibus
2615 4035 2857 4102 veniret;
2894 4033 3123 4089 forsitan
3147 4049 3314 4104 super
3344 4032 3582 4089 nubibus
3599 4033 3722 4087 ani-

2123 4133 2290 4188 matis
2319 4140 2373 4186 et
2397 4128 2760 4186 rationalibus
2790 4136 2849 4181 ut
2873 4142 2942 4181 ne
2977 4127 3096 4182 sine
3126 4127 3309 4179 anima
3342 4133 3396 4178 et
3426 4124 3724 4180 irrationa-

2127 4225 2238 4281 bile
2266 4231 2413 4279 esset
2440 4220 2750 4276 vehiculum
2784 4217 2906 4272 Filii
2939 4216 3179 4272 hominis
3208 4215 3524 4286 gloriﬁcati,
3576 4216 3722 4271 sicut

2125 4316 2229 4372 fuit
2253 4317 2370 4372 sine
2398 4314 2581 4369 anima
2610 4327 2825 4377 currus,
2865 4307 3268 4364 irrationabiles
3301 4319 3481 4362 autem
3516 4309 3645 4378 equi
3667 4309 3724 4363 in

2127 4408 2328 4479 quibus
2361 4406 2514 4460 visus
2543 4411 2629 4457 est
2657 4399 2865 4456 assumi
2897 4397 3065 4464 Elias,
3113 4398 3416 4453 secundum
3466 4395 3686 4466 Seriptu
3714 4428 3721 4437 -

429 4507 595 4561 licum
626 4519 874 4569 sensum,
901 4513 957 4560 et
979 4506 1313 4561 voluntatem
1343 4504 1570 4571 Christi,
1604 4505 1697 4575 qui
1727 4505 1831 4560 ista
1865 4505 2021 4560 Ioeu-
2053 4519 2097 4575 ι)
2127 4515 2243 4554 ram
2276 4499 2543 4553 dicentem
2574 4495 2620 4526 ⁷⁰
2648 4511 2661 4549 :
2693 4491 2764 4546 Et
2783 4507 2898 4546 ecce
2920 4506 3109 4544 currus
3139 4489 3322 4559 igneus
3347 4497 3394 4541 et
3421 4489 3540 4558 equi
3565 4489 3724 4558 ignis.

428 4612 518 4660 tus
543 4611 645 4658 est.
677 4601 782 4657 Sed
819 4618 938 4672 age,
969 4618 1070 4658 nos
1100 4618 1276 4673 pauca
1324 4602 1391 4658 de
1426 4603 1645 4658 modica
1679 4602 1880 4658 virtute
1905 4641 1921 4667 ,
1977 4600 2024 4655 si

432 4705 611 4750 tamen
639 4695 721 4750 vel
751 4695 926 4765 ipsam
963 4693 1251 4761 habemus,
1282 4709 1624 4764 exponamus
1657 4693 1742 4749 his
1781 4694 1835 4747 in
1867 4693 2024 4760 locis,

428 4800 483 4847 et
537 4791 775 4860 primum
825 4787 1048 4860 quidem
1104 4787 1410 4844 secundum
1463 4793 1695 4841 textum.
1749 4785 2025 4842 Videbunt

429 4884 603 4940 oculis
631 4879 1241 4953 corporalibus-Filium
1272 4880 1511 4936 hominis
1536 4879 1590 4934 in
1623 4881 1804 4950 specie
1835 4881 2027 4934 huma-

430 4991 500 5030 na
535 4975 837 5029 venientem
869 4989 1033 5044 super
1061 4973 1236 5028 nubes
1269 4987 1556 5042 supernas,
1602 4987 1724 5043 qua:
1759 4972 1880 5026 ideo
1926 4988 2026 5026 nu-

432 5067 528 5123 bes
559 5067 682 5121 caeli
716 5067 994 5132 dicuntur,
1027 5081 1152 5121 cum
1181 5065 1386 5121 virtute
1431 5077 1483 5120 et
1518 5063 1692 5135 gloria
1729 5063 1922 5118 multa.
1959 5062 2024 5119 Et

429 5159 764 5217 conveniunt
793 5159 919 5214 huic
946 5161 1280 5231 expositioni
1306 5175 1430 5232 quae
1463 5158 1719 5231 superius
1755 5157 1809 5212 in
1843 5155 2024 5211 Evan-

429 5251 571 5324 gelio
595 5251 853 5307 dicuntur
880 5250 987 5305 hoc
1022 5251 1186 5305 modo
1217 5251 1262 5282 °°
1293 5269 1305 5304 :
1342 5248 1476 5305 Cum
1517 5250 1890 5318 assumpsisset
1925 5245 2022 5300 Je-

429 5365 520 5403 sus
555 5347 792 5411 Petrum,
826 5354 874 5400 et
902 5345 1185 5411 Joannem,
1213 5353 1262 5397 et
1291 5342 1577 5408 Iacobum,
1608 5343 1792 5398 eduxit
1814 5359 1900 5397 eos
1926 5357 2019 5394 su-

429 5456 522 5507 per
553 5447 782 5493 montem
806 5437 1071 5491 excelsum
1097 5436 1274 5501 nimis,
1312 5452 1568 5500 seorsum,
1597 5445 1644 5489 et
1669 5434 2023 5504 transﬁgura-

432 5545 517 5588 tus
547 5542 622 5587 est
653 5547 832 5587 coram
868 5530 965 5597 eis,
1000 5537 1048 5582 et
1074 5527 1337 5594 splenduit
1364 5529 1522 5582 facies
1545 5527 1658 5596 eius
1681 5527 1818 5582 sicut
1844 5525 1945 5588 sol,
1973 5532 2022 5578 et

510 5737 554 5768 ⁸³
578 5743 764 5797 manu,
797 5757 944 5804 χκιν,
980 5742 1068 5797 '50.
1174 5739 1220 5770 “
1247 5735 1434 5792 Matth.
1461 5750 1598 5800 xvn,
1626 5735 1648 5787 I
1703 5743 1757 5788 et
1783 5746 1936 5804 seqq.

2103 4593 2400 4660 Quoniam
2449 4599 2631 4644 autem
2698 4588 2954 4640 animatae
3011 4593 3064 4639 et
3131 4581 3489 4636 rationabiles
3548 4583 3725 4638 nubes

2123 4693 2306 4747 erunt,
2337 4698 2460 4753 qua:
2491 4688 2655 4736 erunt
2683 4678 2995 4734 vehiculum
3035 4675 3159 4729 Filii
3211 4674 3342 4740 Dei,
3386 4675 3722 4746 proferimus

2123 4771 2356 4840 exempli
2391 4785 2557 4825 causa
2597 4768 2744 4839 quod
2777 4765 3043 4821 dicitur"
3083 4784 3096 4820 :
3138 4764 3206 4817 Et
3232 4768 3424 4819 veritas
3451 4776 3540 4818 tua
3560 4781 3722 4834 usque

2127 4866 2197 4920 ad
2249 4865 2430 4928 nubes.
2483 4863 2548 4918 Et
2614 4865 2811 4918 iterum
2855 4860 2901 4892 "
2958 4877 2971 4914 :
3044 4858 3313 4912 Mandabo
3377 4856 3596 4910 nubibus
3657 4871 3720 4909 ne

2126 4959 2314 5031 pluant
2345 4974 2502 5026 super
2545 4955 2698 5010 illam
2745 4954 3002 5025 pluviam.
3057 4951 3293 5005 Maxime
3327 4959 3503 5004 autem
3550 4963 3615 5002 ex
3653 4962 3722 5002 eo

2129 5055 2271 5126 quod
2306 5053 2508 5107 dicitur
2559 5049 2606 5081 "
2643 5067 2656 5102 :
2697 5047 2766 5101 Et
2797 5063 2912 5101 ecce
2961 5045 3122 5099 nubes
3155 5043 3334 5097 lucida
3380 5040 3720 5093 adumbravit

2126 5164 2238 5213 eos,
2262 5154 2310 5198 et
2334 5158 2448 5196 ecce
2479 5154 2578 5194 vox
2612 5141 2676 5192 de
2699 5136 2832 5190 nube
2863 5137 3042 5188 dicens
3073 5148 3177 5187 non
3203 5129 3341 5200 quia
3373 5127 3548 5182 nubes
3596 5126 3722 5182 Filii

2129 5247 2247 5294 erat
2274 5235 2453 5297 Pater,
2488 5231 2604 5296 sed,
2641 5239 2700 5284 ut
2729 5229 2802 5282 ita
2832 5229 3011 5283 dicam
3039 5265 3051 5289 ,
3090 5223 3316 5279 verbum
3365 5220 3462 5277 Dei
3515 5218 3720 5274 factum

2131 5341 2216 5388 est
2239 5332 2306 5386 ad
2329 5344 2472 5390 eam,
2509 5326 2650 5380 sicut
2682 5322 2882 5378 factum
2916 5328 2999 5376 est
3025 5319 3091 5380 ad
3122 5317 3437 5388 prophetas.
3474 5313 3540 5369 Et
3562 5311 3724 5370 'sieut

2130 5426 2224 5495 qui
2254 5424 2406 5478 audit
2434 5421 2630 5476 Isaiam
2656 5417 2925 5472 dicentem
2947 5415 2994 5445 ’³
3029 5432 3040 5467 :
3071 5409 3241 5465 Filios
3267 5409 3422 5482 genui
3445 5418 3494 5462 et
3517 5408 3722 5462 exalta-

2130 5517 2201 5584 vi,
2235 5515 2337 5586 ipsi
2380 5523 2556 5568 autem
2588 5527 2668 5563 me
2689 5516 3014 5578 spreverunt,
3035 5519 3142 5558 non
3178 5503 3399 5570 Isaiam,
3430 5501 3525 5556 sed
3549 5500 3722 5556 licunt

2047 5729 2091 5761 °"
2113 5724 2312 5795 Philip.
2341 5741 2399 5788 ιι,
2424 5723 2481 5795 6.
2554 5719 2600 5752 θ’
2627 5717 2788 5795 Joan.
2816 5718 2967 5788 1,36.
3048 5718 3091 5751 ⁸⁸
3119 5715 3317 5785 Philip.
3364 5729 3420 5782 It,
3449 5712 3504 5769 9.
3580 5711 3626 5744 ⁷⁸
3651 5708 3716 5765 IV

434 5793 1070 5874 ιιυαζῖιῖϊὶ.Ἶλβεάἰζ
1102 5825 1215 5875 Lvt,
1240 5809 1326 5863 II.
1406 5809 1450 5839 7'
1475 5793 1660 5873 lsasv,
1684 5804 1736 5858 6.
1813 5793 2025 5855 "'hlattl

2126 5813 2238 5867 tvu,
2262 5793 2317 5851 ὅ.
2397 5794 2569 5848 “lsa.
2602 5807 2640 5860 ι,
2664 5793 2719 5845 2.
