4112 6408
369 405 499 458 i677

1501 387 2152 446 COMMENTARIORUM
2197 387 2462 444 SERIES.

3494 387 3629 441 {€578

369 525 582 579 Patrem
617 520 768 576 audit
805 535 859 573 in
888 516 1062 582 lsaia;
1109 514 1186 569 sic
1235 513 1326 583 qui
1365 512 1657 566 audiebant
1688 512 1755 567 de
1801 511 1942 566 nube
1971 517 2017 571 Α
2047 525 2168 563 nem
2196 509 2264 576 ⁸¹,
2291 510 2444 564 locus
2471 526 2524 562 in
2553 524 2654 579 quo
2694 509 2950 562 Dominus
2989 525 3168 561 eorum
3211 517 3496 578 crumpa‘us
3531 522 3629 573 est,

369 629 555 668 vocem
592 611 885 673 dicentem,
918 605 1019 661 llic
1042 613 1118 658 est
1153 601 1201 656 F
1206 602 1327 656 ilius
1361 619 1504 655 meus
1549 600 1793 667 dilectus,
1835 614 1944 654 non

368 707 588 768 nubem,
616 701 707 757 sed
734 687 945 755 Patrem
974 698 1025 750 in
1061 710 1124 750 ea
1159 694 1538 749 testiﬁcantcm
1587 691 1775 762 gloriae
1824 689 1947 745 Filii

369 797 678 851 audiebant.
715 791 770 845 Si
818 805 946 861 ergo
985 797 1112 843 ante
1161 786 1431 857 passionis
1479 783 1944 853 dispensationem

370 889 492 944 talis
533 887 632 940 fuit
661 885 832 938 nubes
856 883 1206 953 prophetans,
1237 879 1366 948 quid
1390 878 1651 933 debemus
1681 875 1862 931 dicere
1882 874 1949 929 de

372 979 604 1034 nubibus
633 975 754 1031 cmli
787 989 952 1045 super
977 973 1176 1042 quibus
1210 972 1494 1024 venientem
1534 967 1741 1022 Filium
1780 966 1950 1020 homi-

373 1071 448 1124 nis
479 1069 735 1123 videbunt
757 1084 876 1121 cum
909 1068 1099 1120 virtute
1119 1072 1168 1117 et
1198 1062 1367 1134 gloria
1400 1060 1570 1115 multa
1592 1059 1686 1129 qui
1713 1058 1950 1112 viderint

369 1175 490 1212 cum
521 1158 684 1212 tunc?
705 1156 770 1212 Et
798 1157 843 1211 si
869 1155 1089 1227 quidem
1110 1168 1169 1210 ut
1199 1169 1264 1209 ne
1289 1158 1490 1208 tenam
1512 1151 1747 1206 calcaret
1777 1147 1948 1202 Filius

368 1247 462 1301 Dei
499 1248 552 1301 in
587 1246 962 1317 Jerosolymis,
987 1245 1270 1314 diligentes
1298 1259 1423 1298 eum
1451 1249 1762 1296 straverunt
1781 1238 1950 1294 vesti-

371 1349 551 1394 menta
585 1355 683 1394 sua
711 1339 764 1391 in
794 1339 902 1405 via,
935 1352 1113 1408 neque
1139 1333 1366 1392 asellum
1399 1334 1494 1405 qui
1533 1332 1784 1404 portabat
1823 1345 1948 1385 eum

369 1431 612 1485 volentes
647 1439 847 1483 terram
878 1429 1118 1495 calcare,
1170 1426 1300 1498 quid
1345 1427 1544 1481 mirum
1593 1423 1642 1480 si
1690 1422 1851 1476 Pater
1897 1427 1951 1476 et

373 1528 515 1584 Deus
550 1528 794 1583 omnium
836 1526 1007 1580 nubes
1047 1533 1256 1580 sternat
1283 1523 1534 1578 caelestes
1573 1522 1676 1579 sub
1716 1533 1946 1590 corpore

372 1622 492 1676 Filii
517 1619 895 1676 descendentis
923 1619 986 1672 ad
1019 1630 1158 1687 opus
1183 1613 1710 1670 consummationis?
1740 1611 1807 1666 Et
1833 1611 1951 1683 pri-

374 1728 522 1768 mum
552 1711 768 1782 quidem
797 1711 944 1764 venit
966 1707 1125 1763 Jesus
1156 1722 1280 1763 cum
1307 1706 1511 1761 virtute
1542 1714 1597 1760 et
1643 1705 1812 1776 gloria
1843 1719 1949 1775 qua

372 1805 768 1877 glorificaverat
795 1819 918 1858 eum
944 1800 1125 1868 Pater,
1150 1816 1215 1856 ex
1247 1815 1354 1871 qua
1389 1799 1591 1853 virtute
1623 1797 1854 1853 faciebat
1879 1797 1951 1852 si-

371 1913 476 1967 gna
513 1906 566 1950 et
593 1893 837 1966 prodigia
866 1893 920 1947 in
949 1891 1184 1963 populo,
1219 1899 1274 1946 et
1317 1905 1536 1947 omnem
1576 1889 1950 1944 inﬁrmitatem

371 1997 425 2042 et
454 1989 769 2058 languorem
803 1985 1031 2041 sanabat
1054 2001 1070 2052 ;
1099 1991 1318 2054 propter
1339 1998 1502 2055 quam
1529 1991 1583 2036 et
1611 1980 1826 2036 dicebat
1851 1981 1897 2013 '-"
1935 2000 1948 2036 :

377 2077 566 2149 Tetigit
613 2093 694 2130 me
735 2076 929 2147 aliquis
956 2115 972 2141 ,
1017 2090 1109 2144 ego
1149 2074 1288 2127 enim
1336 2073 1447 2127 scio
1485 2073 1732 2127 virtutem
1760 2072 1821 2125 de
1873 2087 1951 2125 me

371 2167 779 2226 exiiss-r.0mnis
807 2175 987 2221 autem
1017 2165 1107 2218 illa
1169 2170 1342 2223 virtus
1387 2163 1796 2235 comparatione
1836 2163 1953 2215 vir-

375 2265 504 2318 tutis
533 2263 679 2318 illius
709 2260 889 2314 multa:
919 2274 1044 2313 cum
1073 2272 1178 2327 qua
1209 2256 1260 2310 in
1290 2255 1396 2310 line
1416 2264 1680 2308 venturus
1708 2261 1811 2318 est,
1837 2269 1954 2308 mo-

373 2353 494 2408 dica
525 2361 660 2408 erat.
708 2349 894 2406 Virtus
932 2349 1076 2405 enim
1124 2355 1240 2402 erat
1281 2345 1645 2401 exiuanientis
1689 2347 1950 2414 seipsum.

379 2446 560 2501 Virtus
584 2453 765 2500 autem
792 2443 882 2498 illa
903 2443 1073 2496 multa
1101 2441 1169 2497 de
1198 2455 1304 2511 qua
1335 2439 1592 2493 scribitur
1634 2456 1648 2492 :
1693 2437 1953 2492 Videbunt

378 2535 579 2590 Filium
606 2535 832 2590 hominis
859 2535 1145 2588 venientem
1173 2548 1330 2602 super
1353 2530 1577 2584 nubibus
1617 2547 1733 2583 cum
1763 2531 1954 2584 virtute

373 2637 421 2682 et
448 2628 618 2698 gloria
649 2627 818 2679 multa
839 2625 907 2690 ⁷⁸,
932 2625 1036 2679 erit
1059 2624 1151 2678 Dei
1175 2623 1335 2678 Verbi
1363 2623 1457 2694 qui
1487 2623 1771 2677 restitutus
1787 2632 1869 2678 est
1900 2623 1951 2677 in

375 2728 575 2773 statum
610 2733 770 2788 quem
805 2716 993 2771 habuit
1023 2731 1054 2771 a
1100 2715 1368 2788 principio
1411 2715 1552 2784 apud
1596 2714 1764 2770 Deum
1801 2717 1954 2785 prius

375 2825 538 2880 quam
583 2809 889 2863 exmaniret
929 2807 1192 2877 seipsum.
1234 2803 1326 2860 Sic
1357 2813 1411 2860 et
1453 2805 1679 2859 multam
1725 2805 1952 2877 gloriam

375 2900 776 2971 cjusintellige,
825 2899 1148 2969 incipiensa
1198 2896 1371 2969 gloria
1417 2896 1600 2952 vultus
1651 2896 1844 2968 Moysi,
1902 2906 1957 2952 ct

377 2992 650 3048 transiens
678 2992 744 3046 ad
773 2989 968 3056 Eliam,
1000 2990 1093 3060 qui
1137 2989 1239 3044 visi
1280 2995 1409 3044 sunt
1438 2987 1492 3041 in
1529 2987 1699 3059 gloria
1738 2989 1956 3058 quando

378 3084 517 3141 facta
544 3093 627 3140 est
655 3083 865 3154 species
896 3082 1077 3138 vultus
1105 3080 1228 3136 Filii
1254 3080 1347 3135 Dei
1381 3081 1570 3146 altera,
1601 3090 1656 3135 et
1687 3090 1953 3136 mutatum

2048 613 2266 658 voratur
2284 603 2598 672 spiritaliter
2622 599 2853 654 Sodoma
2887 609 2936 653 et
2977 597 3282 670 AZgyptus,
3325 601 3441 655 sive
3487 609 3631 655 totus

2049 693 2308 755 mundus,
2342 692 2457 747 sive
2479 689 2929 763 Judaea,Soduma
2951 699 3003 745 et
3027 689 3292 762 Egyptus
3311 691 3630 762 appellatur.

2049 781 2154 850 Qui
2183 791 2364 837 autem
2402 797 2564 853 super
2597 782 2796 836 nubem
2826 781 2996 836 levem
3029 782 3178 836 venit
3223 781 3276 834 in
3315 781 3632 853 IEgyplum,

2050 877 2286 946 primum
2333 876 2711 931 ascensionem
2760 874 2920 929 faciet
2962 875 3016 928 in
3070 873 3332 929 Iudaeam.
3386 874 3634 928 Rationis

2050 979 2136 1025 est
2165 968 2309 1024 enim
2341 969 2644 1024 venientem
2677 983 2802 1022 eum
2838 968 3058 1035 iterum,
3091 967 3200 1023 illic
3231 967 3465 1036 primum
3493 965 3630 1019 ﬁeri.

2054 1063 2292 1118 Sodoma
2323 1072 2502 1119 autem
2536 1064 2626 1118 ubi
2671 1063 2933 1118 Dominus
2981 1078 3170 1117 eorum
3214 1062 3508 1116 crueitixus
3555 1070 3632 1113 est

2053 1153 2376 1222 appellatur,
2398 1153 2541 1209 sicut
2567 1161 2621 1208 et
2645 1152 2940 1225 aliquando
2957 1153 3159 1207 dictum
3187 1161 3270 1206 est
3294 1153 3357 1206 ad
3376 1152 3633 1222 populum

2055 1244 2206 1298 illum
2236 1252 2290 1298 et
2308 1245 2580 1316 principes
2601 1245 2721 1316 ejus
2747 1264 2760 1300 :
2791 1246 2984 1299 Audite
3005 1243 3211 1299 verbum
3236 1243 3469 1310 Domini,
3489 1243 3636 1313 prin--

2054 1337 2193 1405 cipes
2222 1335 2597 1402 Sodomorum,
2620 1338 2878 1392 attendite
2901 1336 3064 1408 legem
3098 1337 3218 1399 Dei.
3245 1336 3387 1406 plebs
3418 1336 3637 1390 Gomor-

2055 1431 2165 1484 rhae
2194 1429 2259 1482 δ’.
2299 1427 2355 1482 In
2392 1429 2479 1484 his
2507 1430 2894 1486 traditionibus
2929 1431 3101 1485 utitur
3128 1431 3290 1483 etiam
3317 1429 3446 1483 illud
3490 1425 3635 1497 quod

2054 1523 2254 1578 dicitur
2279 1523 2324 1554 ⁸³
2362 1541 2375 1577 :
2408 1521 2696 1593 Rapiemur
2727 1523 2780 1575 in
2831 1521 3056 1576 nubibus
3086 1521 3253 1593 870
3281 1521 3486 1574 obviam
3531 1517 3637 1572 Do~

2057 1633 2198 1670 mino
2228 1617 2282 1670 in
2315 1631 2509 1682 aerem,
2538 1624 2587 1668 et
2638 1615 2713 1668 sic
2743 1629 2944 1681 semper
2986 1629 3106 1666 cum
3152 1612 3378 1665 Domino
3419 1611 3635 1665 erimus.

2055 1707 2124 1763 Et
2145 1709 2287 1763 dicet
2321 1727 2333 1762 :
2370 1706 2426 1762 Si
2461 1706 2603 1762 beati
2632 1705 2885 1760 homines
2915 1703 2970 1756 in
2998 1701 3238 1756 nubibus
3261 1702 3540 1772 rapientur
3580 1699 3636 1755 in

2057 1817 2261 1870 aerem,
2290 1800 2419 1872 quid
2447 1798 2647 1854 mirum
2677 1805 2762 1852 est
2795 1795 2851 1849 in
2892 1795 3134 1850 nubibus
3176 1792 3374 1846 Filium
3406 1792 3498 1847 Dei
3548 1808 3639 1846 ve-

2055 1897 2172 1952 nire
2192 1911 2316 1951 cum
2348 1893 2547 1948 virtute
2576 1899 2630 1947 et
2656 1889 2827 1961 gloria
2849 1887 3056 1943 multa?
3080 1885 3210 1940 ltem
3246 1886 3420 1940 nubes
3442 1884 3636 1939 obum-

2053 1985 2247 2044 brahat
2272 1986 2532 2058 populum
2562 1983 2866 2038 venientem
2899 1996 2963 2036 ex
3001 1977 3256 2050 Egypto.
3293 1976 3350 2031 Si
3392 1978 3491 2032 ista
3523 1991 3639 2032 cre-

2054 2079 2281 2143 duntur,
2321 2074 2598 2148 quomodo
2633 2087 2740 2126 non
2771 2084 3111 2140 consequens
3136 2076 3220 2123 est
3263 2066 3494 2121 Domino
3537 2081 3637 2138 po-

2056 2171 2164 2241 puli
2195 2170 2248 2224 in
2282 2167 2591 2224 vehiculum
2626 2164 2741 2221 ﬁeri
2770 2162 2943 2218 nubes
2974 2161 3223 2217 caelestes
3253 2167 3313 2216 ut
3338 2159 3522 2215 sedeat
3547 2175 3640 2214 su-

2054 2279 2150 2335 per
2172 2262 2302 2318 eas?
2324 2260 2379 2316 Si
2411 2269 2592 2315 autem
2617 2257 2874 2327 recipitur
2901 2257 3035 2310 liber
3060 2254 3150 2326 qui
3178 2252 3308 2308 dicit
3333 2270 3346 2306 :
3380 2250 3642 2318 Quoniam

2055 2354 2318 2425 sapientia
2351 2361 2427 2406 est
2457 2367 2574 2423 qum
2609 2349 2751 2420 facta
2777 2355 2853 2402 est
2882 2345 3074 2417 populo
3114 2354 3237 2398 tunc
3264 2343 3510 2397 columna
3543 2359 3642 2396 nu-

2057 2447 2133 2502 bis
2177 2448 2232 2501 in
2271 2447 2378 2510 die,
2419 2453 2469 2498 et
2507 2443 2726 2512 ﬂamma
2775 2429 2912 2510 ignis
2945 2440 2999 2492 in
3035 2448 3201 2500 nocte,
3249 2435 3394 2490 dicet
3444 2435 3642 2505 aliquis

2059 2538 2322 2610 quoniam
2355 2535 2528 2590 nubes
2559 2548 2723 2604 super
2755 2531 2955 2602 quibus
3000 2529 3260 2584 videbunt
3298 2527 3495 2582 Filium
3539 2527 3630 2581 bo-

2058 2630 2224 2685 minis
2264 2627 2592 2692 venientem,
2639 2626 2814 2680 virtus
2863 2622 3128 2679 Altissimi
3171 2628 3255 2678 est
3299 2629 3353 2676 et
3403 2619 3641 2691 Spiritus

2058 2731 2302 2790 sanctus,
2340 2736 2460 2792 qua:
2485 2720 2614 2775 ﬁent
2643 2717 2690 2771 ei
2715 2717 2769 2772 in
2801 2716 3042 2772 nubibus
3073 2714 3221 2780 coeli,
3255 2723 3314 2769 ut
3345 2714 3528 2767 veniat
3571 2713 3641 2767 il-

2057 2816 2126 2872 lis
2156 2817 2424 2871 invectus.
2451 2813 2588 2868 Cum
2617 2813 2689 2867 sit
2713 2825 2844 2882 ergo
2881 2809 3074 2864 fortior
3099 2819 3154 2863 et
3181 2823 3288 2862 non
3311 2805 3638 2876 contempti-

2058 2908 2185 2964 bilis
2218 2907 2359 2964 ratio
2394 2907 2533 2974 htec,
2561 2907 2656 2977 qui
2682 2904 2800 2958 vult
2828 2902 3046 2973 quidem
3079 2900 3379 2958 secundum
3427 2907 3643 2952 utrum-

2059 3014 2166 3070 que
2195 2998 2420 3053 modum
2457 2997 2737 3066 suscipere
2772 3009 2894 3064 quae
2916 2993 3194 3058 dicuntur,
3236 3006 3345 3046 non
3383 2989 3651 3058 reprobaq

2059 3092 2175 3157 bit;
2216 3099 2272 3147 et
2306 3090 2352 3148 si
2378 3089 2577 3145 dixerit
2605 3088 2729 3159 quis
2767 3083 3134 3156 intelligibiles
3161 3083 3335 3138 nubes
3361 3081 3415 3136 in
3443 3079 3642 3152 quibus

375 3187 460 3234 est
487 3178 894 3231 vestimentum
927 3173 1234 3244 Intelligens
1266 3182 1446 3228 autem
1477 3174 1640 3228 etiam
1684 3173 1832 3243 quod
1872 3173 1953 3227 di-
1984 3198 2025 3256 ο
2062 3183 2241 3239 veniet
2272 3182 2446 3237 Filius
2471 3180 2732 3250 hominis,
2765 3179 2878 3235 sive
2905 3186 3126 3233 sanctas
3154 3183 3208 3232 et
3234 3175 3447 3230 divinas
3477 3173 3645 3228 virtu-

374 3270 518 3325 citur
545 3269 590 3300 '”
615 3287 628 3322 :
663 3267 722 3322 Si
747 3269 885 3321 enim
911 3267 1048 3337 quod
1077 3275 1380 3331 evacuatur,
1401 3281 1492 3333 per
1519 3264 1764 3336 gloriam,
1791 3265 1957 3319 multo

378 3363 542 3435 magis
576 3361 713 3433 quod
745 3370 942 3426 manet,
971 3361 1028 3413 in
1073 3358 1267 3429 gloria,
1296 3358 1506 3413 videbis
1547 3357 1774 3412 multam
1810 3358 1956 3412 illam

377 3453 602 3524 gloriam
633 3452 774 3519 Filii,
801 3453 868 3505 de
900 3467 1006 3522 qua
1039 3451 1302 3521 scriptum
1346 3459 1464 3514 est,
1507 3465 1628 3502 cum
1680 3453 1870 3504 virtute
1907 3461 1955 3504 et

375 3545 547 3616 gloria
575 3544 766 3598 multa.
800 3543 994 3598 Adhuc
1022 3550 1204 3598 autem
1245 3541 1418 3612 magis
1443 3542 1711 3612 intelliges
1734 3542 1800 3596 de
1849 3557 1956 3612 qua

376 3636 618 3705 loquitur
642 3643 842 3700 textus,
865 3633 1138 3703 accipiens
1164 3633 1230 3687 de
1255 3633 1487 3687 Actuum
1515 3633 1790 3687 volumine
1810 3633 1958 3703 quod

377 3729 556 3783 taliter
587 3728 748 3781 habet
770 3726 817 3756 ⁷⁸
850 3742 862 3778 :
891 3723 957 3776 Et
983 3724 1229 3777 cum/uec
1245 3724 1492 3790 dixisset,
1521 3723 1815 3776 videntibus
1847 3724 1958 3780 illis

374 3827 604 3876 elevatus
634 3826 730 3880 est,
759 3825 806 3868 et
837 3813 996 3868 nubes
1025 3814 1254 3882 suscepit
1284 3829 1403 3866 eum
1433 3813 1499 3866 ab
1547 3813 1714 3867 oculis
1753 3830 1955 3869 eorum.

381 3910 447 3963 Et
473 3925 591 3962 cum
617 3905 941 3959 intenderent
972 3904 1024 3956 in
1051 3902 1238 3956 omium
1265 3911 1419 3956 eunte
1447 3903 1564 3972 illo,
1586 3922 1701 3961 ecce
1729 3907 1836 3961 duo
1858 3908 1958 3962 viri

377 4008 631 4056 steterunt
656 4000 710 4052 in
731 4006 867 4052 veste
893 3995 1038 4061 alba,
1068 3995 1157 4064 qui
1183 4003 1230 4047 et
1257 3994 1506 4048 dixerunt
1532 4011 1549 4051 :
1583 3995 1694 4051 Viri
1720 3997 1956 4068 Galilei,

377 4093 504 4164 quid
527 4092 685 4147 statis
717 4089 1025 4160 aspicientes
1049 4087 1106 4140 in
1142 4086 1368 4144 malum?
1397 4086 1502 4142 Hic
1532 4088 1689 4145 Iesus
1734 4093 1826 4163 qui
1870 4109 1958 4146 αδ-

380 4195 620 4255 sumptus
655 4193 733 4238 est
761 4199 794 4236 a
825 4179 963 4236 vobis
989 4179 1038 4232 in
1070 4178 1279 4246 caelum,
1310 4180 1387 4234 sic
1412 4181 1578 4236 veniet
1615 4185 1956 4253 quemadmo-

379 4279 504 4332 dum
525 4277 730 4332 vidistis
763 4291 879 4330 eum
913 4284 1122 4327 euntem
1160 4275 1216 4326 in
1249 4271 1458 4328 mlum.
1489 4272 1546 4328 Si
1586 4275 1733 4330 enim
1781 4275 1958 4332 credi-

379 4387 502 4427 mus
537 4370 654 4425 istis
686 4368 885 4439 quibus
911 4367 1085 4422 nubes
1125 4365 1325 4420 dicitur
1365 4381 1490 4421 eum
1526 4367 1865 4438 suscepisse,
1905 4378 1958 4424 et

378 4462 669 4521 sustulisse
694 4462 749 4516 in
785 4460 1006 4526 coelum,
1036 4459 1313 4528 quomodo
1349 4473 1460 4514 non
1489 4461 1792 4516 secundum
1838 4469 1957 4518 tex-

380 4567 492 4610 tum
523 4555 703 4608 veniet
730 4553 796 4608 de
829 4551 990 4616 cmlo,
1028 4552 1172 4607 sicut
1206 4550 1457 4605 viderunt
1488 4567 1615 4607 eum
1646 4564 1864 4610 euntem
1901 4556 1954 4610 in
1991 4539 2035 4594 Ῐ)

378 4648 576 4706 omium
609 4645 860 4715 discipuli
915 4643 1074 4713 ejus?
1118 4641 1185 4697 Et
1226 4642 1282 4697 in
1322 4643 1671 4700 Rcvelatione
1708 4644 1956 4716 .Joannes

379 4735 628 4792 similiter
648 4734 777 4789 dicit
799 4733 845 4764 "
875 4749 889 4786 :
919 4731 1054 4785 Ecce
1083 4732 1246 4785 veniet
1274 4748 1392 4784 cum
1417 4731 1660 4801 nubibus,
1687 4744 1736 4788 et
1762 4736 1955 4790 videbit

377 4846 495 4885 eum
527 4827 696 4882 omnis
721 4824 927 4888 oculus,
953 4835 1000 4877 et
1029 4823 1119 4893 qui
1145 4839 1263 4877 eum
1306 4835 1656 4894 pupugerunt.
1690 4824 1960 4899 lntelligat

379 4932 558 4976 autem
591 4919 682 4990 qui
712 4925 910 4989 potest,
941 4926 1122 4970 utrum
1152 4915 1206 4970 id
1237 4915 1414 4986 ipsum
1450 4927 1536 4973 est
1577 4934 1743 4989 super
1784 4922 1959 4978 nubes

382 5013 504 5067 caeli
533 5011 719 5067 venire
750 5025 900 5074 eum,
929 5017 1135 5063 etcum
1168 5007 1406 5063 nubibus
1434 5023 1560 5064 eum
1595 5011 1822 5080 venire;
1863 5023 1961 5070 aut

383 5102 502 5156 aliae
521 5104 737 5172 quidem
771 5111 899 5157 sunt
926 5101 1097 5154 nubes
1119 5115 1282 5170 super
1312 5115 1450 5170 quas
1476 5101 1671 5168 veniet,
1704 5103 1825 5160 alia:
1860 5119 1960 5160 au-

385 5202 489 5247 tem
518 5207 640 5246 cum
664 5195 862 5264 quibus
890 5191 1104 5247 veniet?
1132 5191 1429 5247 Considera
1461 5203 1640 5248 autem
1667 5195 1718 5248 iu
1748 5196 1959 5252 visione

384 5283 636 5356 [Egyptia
666 5287 858 5342 Isaiam
894 5288 1162 5342 dicentem
1205 5287 1252 5319 ⁸ο
1283 5305 1297 5342 :
1341 5285 1475 5340 Ecce
1523 5287 1777 5342 Dominus
1814 5291 1956 5344 sedet

383 5391 538 5444 super
568 5374 754 5428 nubem
785 5377 977 5444 levem,
1013 5388 1061 5432 et
1099 5378 1263 5432 veniet
1313 5377 1367 5431 in
1408 5376 1720 5448 Egyptum.
1761 5378 1952 5434 Utrum

384 5466 672 5538 ngyptum
705 5467 837 5522 dicit
865 5469 1008 5524 hanc
1035 5485 1158 5540 qua:
1201 5471 1564 5525 communiter
1614 5470 1954 5543 intelligitur,

385 5576 451 5614 an
481 5569 656 5615 totum
701 5561 978 5616 mundum.
1037 5561 1348 5618 Secundum
1391 5562 1534 5616 enim
1586 5563 1761 5633 ipsum
1789 5565 1958 5621 Joan—

492 5652 542 5694 ηρ

445 5770 490 5800 τ’
519 5765 651 5822 Luc.
682 5781 798 5833 Vill,
825 5766 915 5820 46.
1022 5767 1068 5798 ’⁸
1087 5766 1283 5824 Matth.
1316 5785 1464 5830 xxrv,
1493 5767 1579 5822 50.

377 5839 612 5904 “Apoc.
644 5853 716 5893 ιιι.
749 5843 798 5894 8.
878 5839 921 5869 ἠ
949 5833 1052 5892 lsa.
1085 5853 1122 5900 ι,
1156 5839 1238 5893 10.
1317 5840 1402 5893 ⁸³1
1438 5838 1628 5893 Thess.
1661 5853 1732 5904 tv,
1761 5839 1844 5890 its.

1693 5767 1736 5797 ⁷⁷
1759 5763 1804 5819 Π
1822 5765 1950 5821 Cor.
1982 5782 2062 5830 ιιι,
2089 5767 2176 5821 Η.

1926 5837 1970 5869 ³*
1993 5836 2182 5890 Matth.
2217 5852 2365 5902 ιιιιν,
2394 5837 2482 5890 5i.

2060 3287 2164 3347 tes,
2198 3277 2313 3333 sive
2332 3274 2681 3331 beatissimos
2709 3271 3024 3344 prophetas.
3052 3269 3118 3324 Et
3137 3268 3306 3337 dicet,
3331 3268 3423 3339 qui
3455 3283 3650 3323 secun-

2059 3369 2189 3426 dum
2224 3377 2274 3424 et
2311 3367 2608 3440 gloriosum
2650 3363 2816 3420 Verbi
2842 3361 3133 3418 adventum
3169 3359 3413 3416 futurum
3466 3359 3647 3415 homi-

2059 3463 2221 3520 nibus
2249 3461 2302 3515 in
2334 3457 2864 3516 consummationem
2899 3454 3082 3510 smculi
3109 3452 3390 3508 moraliter
3418 3452 3646 3507 conﬁte-

2060 3563 2168 3619 tur,
2203 3553 2346 3610 sicut
2373 3565 2538 3621 supra
2566 3549 2806 3604 diximus
2830 3547 3111 3612 traditum,
3141 3543 3236 3600 sed
3267 3558 3375 3597 non
3403 3542 3646 3599 destruet

2059 3646 2223 3701 etiam
2269 3651 2496 3698 textum.
2539 3639 2643 3706 Qui
2677 3647 2860 3694 autem
2915 3635 3210 3707 dispiciens
3249 3634 3548 3707 gloriosum
3589 3645 3644 3690 et

2059 3718 2436 3792 admirabilem
2465 3740 2672 3788 textum
2702 3729 2828 3794 loci,
2854 3738 2909 3783 et
2931 3729 3073 3784 sicut
3099 3727 3190 3783 Dei
3214 3727 3493 3783 amicusin
3523 3728 3642 3784 solo

2060 3826 2291 3898 spiritali
2328 3832 2484 3896 putat
2508 3824 2813 3878 consistere
2837 3836 3050 3888 verum,
3078 3818 3470 3891 ignoscendum
3519 3835 3643 3876 esse

2059 3921 2204 3976 dicet
2233 3915 2392 3989 quasi
2431 3913 2615 3986 pueris
2667 3922 2722 3967 ct
2757 3910 3000 3982 parvulis
3045 3910 3098 3964 in
3142 3909 3362 3965 Christo
3412 3909 3494 3966 eis
3547 3912 3641 3981 qui

2060 4004 2415 4076 corporaliter
2443 4000 2750 4072 suscipiunt
2777 3999 2898 4056 ista.
2929 3998 3067 4054 Cum
3100 3997 3271 4055 multa
3314 4007 3496 4055 autem
3529 4001 3645 4056 vir-

2063 4107 2175 4154 tute
2208 4097 2354 4152 venit
2383 4093 2626 4166 quotidie
2655 4094 2720 4149 ad
2753 4093 2994 4148 animam
3022 4092 3202 4148 omnis
3246 4093 3516 4149 credentis
3555 4110 3645 4152 se-

2060 4189 2272 4246 cundus
2301 4187 2463 4243 Verbi
2502 4186 2767 4242 adventus
2802 4185 2856 4239 in
2903 4185 3138 4241 nubibus
3172 4185 3505 4256 propheticis
3527 4226 3544 4254 ,
3590 4189 3642 4244 id

2059 4289 2142 4338 est
2171 4281 2225 4334 in
2263 4278 2561 4350 Scripturis
2589 4277 2977 4349 prOphetarum
3009 4285 3061 4331 et
3092 4276 3485 4346 apostolorum,
3520 4293 3644 4349 quae

2058 4370 2411 4428 manifestam
2435 4386 2558 4425 eum
2584 4411 2600 4437 ,
2641 4377 2696 4426 et
2731 4369 2787 4422 in
2820 4367 3076 4423 omnibus
3117 4367 3295 4423 verbis
3335 4369 3451 4424 suis
3495 4368 3641 4424 veri-

2059 4466 2191 4521 tatis
2236 4464 2420 4520 lumen
2477 4461 2813 4526 ostendunt,
2861 4469 2916 4515 et
2955 4461 3291 4516 exorientem
3335 4475 3460 4516 eum
3505 4461 3646 4516 divi-

2061 4557 2147 4612 nis
2177 4564 2233 4611 ct
2267 4568 2429 4626 super
2470 4554 2767 4608 humanam
2818 4559 3070 4607 naturam
3124 4551 3488 4609 intellectibus
3528 4555 3646 4611 suis

2061 4649 2362 4705 declarant.
2400 4646 2491 4703 Sic
2523 4656 2703 4702 autem
2732 4645 2813 4702 eis
2841 4645 2934 4715 qui
2972 4645 3280 4716 intelligunt
3325 4647 3646 4702 manifesta-

2063 4753 2234 4798 torem
2265 4741 2578 4811 dogmatum
2614 4740 2668 4792 in
2702 4737 2982 4809 prophetis
3013 4749 3174 4808 atque
3200 4738 3463 4806 apostolis
3507 4737 3645 4792 dici-

2061 4849 2184 4891 mus
2212 4848 2473 4904 apparere
2497 4831 2656 4887 etiam
2685 4830 2912 4901 gloriam
2945 4828 3194 4892 multam,
3215 4843 3337 4897 quae
3367 4827 3420 4882 in
3450 4843 3645 4884 secun-

2059 4929 2130 4983 do
2161 4925 2324 4980 Verbi
2351 4925 2582 4978 adventu
2615 4921 2850 4977 videtur.

2131 5019 2219 5073 5i.
2251 5016 2317 5071 Et
2346 5017 2513 5070 mittet
2537 5014 2746 5086 angelos
2771 5028 2893 5067 suos
2915 5026 3030 5064 cum
3059 5009 3186 5064 tuba
3206 5025 3419 5080 magna,
3447 5020 3494 5065 et
3519 5028 3644 5065 con-

2061 5110 2348 5182 gregabunt
2396 5110 2584 5164 electos
2617 5106 2731 5175 ejus
2761 5121 2794 5158 a
2836 5113 3065 5174 quatuor
3094 5103 3257 5156 ventis
3280 5143 3296 5170 ,
3350 5119 3381 5155 a
3423 5104 3644 5170 summis

2063 5205 2308 5259 caelorum
2339 5217 2499 5272 usque
2528 5199 2596 5252 ad
2623 5196 2870 5252 terminos
2900 5211 3081 5250 eorum
3101 5194 3167 5246 ⁸⁸.
3209 5193 3468 5248 Similiter
3500 5193 3642 5263 apud

2065 5296 2308 5351 Marcum
2356 5295 2460 5348 hoc
2499 5291 2630 5345 dicit
2679 5287 2841 5343 modo
2886 5306 2899 5341 :
2941 5285 3010 5339 Et
3050 5296 3175 5340 tunc
3212 5285 3382 5339 mittet
3429 5285 3642 5356 angelos

2066 5402 2211 5450 suos,
2260 5392 2308 5438 et
2357 5378 2752 5452 congregabunt
2800 5376 2989 5431 electos
3032 5392 3064 5430 a
3104 5382 3332 5446 quatuor
3374 5375 3561 5439 ventis,
3607 5388 3641 5427 a

2067 5492 2272 5532 summo
2300 5486 2455 5528 terra:
2494 5488 2656 5542 usque
2696 5470 2766 5524 ad
2793 5485 3055 5544 summum
3080 5466 3194 5521 caeli
3219 5466 3286 5522 ⁸⁵.
3330 5464 3479 5532 Quod
3511 5465 3641 5520 dicit

2071 5566 2411 5621 Salvatorem
2447 5564 2663 5618 mittere
2699 5561 2921 5632 angelos
2949 5573 3080 5616 suos
3110 5573 3234 5613 cum
3268 5557 3396 5613 tuba
3422 5572 3640 5627 magna,

2253 5765 2299 5797 ⁷⁸
2327 5764 2446 5820 Act.
2483 5781 2522 5828 ι,
2551 5764 2703 5820 9-Η.
2780 5765 2824 5797 τ’
2847 5763 3016 5834 Apoc.
3048 5781 3086 5833 ι,
3119 5772 3171 5823 '7.
3249 5767 3294 5799 '°
3317 5765 3423 5823 lsa.
3452 5783 3564 5834 xxx,
3593 5770 3611 5822 l

2561 5836 2605 5867 ⁸⁸
2633 5835 2797 5890 Marc.
2829 5851 2948 5902 xui,
2983 5834 3072 5890 27.
