4112 6418
496 367 648 422 ι’1ΰ79

1676 356 1997 418 ΟΒΙΕΕΝΙΞ
2033 359 2101 415 ΙΝ
2141 358 2558 418 ΜΑΤΤΠᾸΞΗΜ

3616 363 3750 420 168‘)

511 496 853 554 quaecunque
887 489 970 536 est
1005 479 1120 544 illa,
1153 476 1218 532 ad
1251 474 1661 548 congregandos
1698 475 1900 530 electos
1944 473 2085 544 ejus,
2117 478 2164 536 Α
2191 473 2274 543 gis
2328 480 2511 528 autem
2583 469 2906 541 sapientiam
2968 469 3145 541 ipsum
3189 470 3385 527 Filium
3439 470 3578 537 Dei,
3628 489 3752 529 cum

511 582 908 643 consequenter
940 572 1140 626 dicitur
1177 569 1278 636 eis,
1315 583 1437 638 qua:
1473 568 1527 621 in
1559 566 1816 636 parabola
1854 565 1960 619 alia
1992 580 2080 620 rc—

513 666 762 721 feruntur
797 665 863 718 de
896 661 1196 718 seminibus
1235 669 1288 715 et
1317 658 1579 724 zizaniis;
1630 666 1684 712 et
1719 657 2081 727 interpretans

513 755 830 827 parabolam
879 753 959 808 sic
989 752 1232 807 dicit“:
1282 750 1542 820 quoniam
1603 750 1786 804 messis
1836 764 2083 802 consum-

514 850 676 902 matio
714 857 812 910 est,
860 860 1112 899 messores
1145 843 1335 914 angeli
1374 851 1518 896 sunt.
1572 840 1730 896 Sicut
1770 858 1892 912 ergo
1934 838 2086 894 colli-

511 949 706 1008 guntur
747 939 982 1001 aizania,
1011 946 1074 990 -et
1103 937 1212 1006 igni
1253 944 1579 1001 cremantur,
1620 935 1696 987 sic
1721 935 1820 986 erit
1865 934 1919 986 in
1956 949 2086 985 con-

511 1029 858 1083 summatione
899 1028 1102 1081 surculi.
1159 1027 1336 1081 Mittet
1383 1023 1565 1078 Filius
1610 1024 1836 1078 hominis
1874 1022 2086 1094 angelos

511 1137 632 1174 suos
659 1161 674 1187 ,
717 1128 766 1174 et
806 1119 1054 1190 colligant
1099 1119 1162 1172 de
1209 1134 1366 1188 regno
1411 1116 1525 1185 ejus
1579 1118 1758 1170 omnia
1807 1114 2083 1182 scandala,

509 1223 556 1264 et
589 1228 674 1267 eos
707 1211 796 1280 qui
829 1210 1033 1280 faciunt
1074 1210 1433 1279 iniquitatem,
1483 1216 1534 1262 et
1569 1209 1743 1261 mittet
1777 1223 1863 1260 eos
1906 1208 1960 1260 in
1997 1222 2088 1260 ca-

511 1303 712 1354 minum
746 1301 931 1370 ignis‘:
976 1299 1090 1352 illic
1129 1299 1229 1352 erit
1269 1299 1457 1368 ﬂetus,
1484 1306 1549 1351 'et
1587 1296 1788 1350 stridor
1825 1296 2084 1349 dentium.

514 1390 659 1444 Tunc
693 1390 834 1459 justi
871 1389 1142 1460 fulgebunt
1180 1390 1315 1442 sicut
1359 1389 1438 1442 sol
1473 1388 1527 1440 in
1568 1403 1724 1457 regno
1763 1385 1944 1439 Patris
1980 1386 2082 1440 sui.

510 1480 641 1536 Tale
679 1490 732 1536 et
764 1481 965 1550 aliquid
1002 1481 1135 1535 dicit
1173 1481 1226 1533 in
1258 1477 1517 1550 parabula
1559 1493 1775 1548 sagena:
1811 1477 1993 1532 missae
2030 1477 2085 1530 in

510 1588 661 1627 mare
683 1573 749 1626 ⁸⁷.
788 1571 927 1642 Ergo
962 1586 1238 1626 messores
1285 1570 1461 1640 angeli
1495 1569 1785 1624 mittuntur
1831 1584 1862 1623 a
1900 1565 2088 1622 Salva-

511 1653 628 1718 toré
655 1662 968 1734 colligentes
997 1664 1252 1717 universa
1281 1662 1511 1726 zizania,
1541 1672 1601 1716 ut
1626 1671 1750 1732 post
1775 1662 1890 1716 haec
1913 1663 2086 1717 sancti

500 1753 752 1820 fulgeant
798 1752 940 1806 sicut
983 1752 1066 1806 sol
1117 1752 1172 1805 in
1216 1766 1383 1823 regno
1418 1750 1598 1808 Patris
1645 1751 1754 1819 sui,
1804 1761 1862 1806 ut
1897 1762 2087 1822 postea

512 1852 915 1914 congregemur
978 1842 1141 1898 electi
1199 1857 1229 1896 a
1271 1852 1507 1913 quatuor
1557 1842 1752 1909 ventis,
1795 1857 1826 1896 a
1863 1842 2090 1898 summis

509 1935 773 1990 calorum
827 1949 1003 2004 usque
1060 1934 1129 1989 ad
1179 1935 1440 1989 terminos
1505 1949 1718 1990 eorum.
1791 1933 2088 1995 Considera

509 2030 718 2089 utrum,
746 2021 888 2078 sicut
913 2023 1208 2093 opinantur
1233 2023 1616 2093 simpliciores,
1636 2039 1732 2079 eos
1757 2032 1966 2078 tantum
1996 2024 2089 2094 qui

508 2122 640 2171 tunc
673 2115 873 2170 inventi
909 2115 1115 2170 fuerint
1148 2115 1200 2170 in
1232 2131 1483 2186 corpore,
1521 2117 1963 2188 congregandos;
1998 2129 2091 2173 aut

510 2215 658 2262 certe
682 2221 880 2280 omnes
909 2206 1003 2276 qui
1043 2206 1097 2260 in
1128 2205 1239 2262 Deo
1265 2206 1425 2262 Patre
1463 2207 1648 2262 dilecti
1685 2216 1837 2275 sunt,
1880 2217 1932 2263 et
1960 2207 2088 2264 Jesu

503 2298 733 2354 Christo
786 2309 914 2355 sunt
965 2301 1307 2368 conservati;
1349 2309 1403 2355 et
1447 2300 1571 2356 vide
1607 2299 1714 2355 nisi
1765 2299 1958 2355 melius
2006 2311 2090 2356 est

509 2390 733 2458 dicere,
821 2391 1226 2463 congregandos
1297 2406 1419 2448 esse
1470 2391 1538 2448 ab
1606 2391 1813 2462 angelis
1885 2391 2088 2448 Christi

510 2498 701 2538 omnes
730 2483 800 2538 ab
826 2484 1067 2538 adventu
1097 2483 1300 2538 ChriSti
1342 2499 1517 2555 usque
1556 2484 1623 2540 ad
1653 2484 2089 2540 consummatio-

509 2591 634 2631 nem
665 2585 886 2631 vocatos
920 2583 1086 2646 atque
1116 2576 1339 2632 electos.
1378 2575 1600 2643 Quaeres
1631 2585 1811 2632 autem
1845 2577 1892 2632 si
1923 2577 2086 2631 etiam

509 2683 605 2723 eos
651 2669 744 2738 qui
794 2668 1014 2723 fuerunt
1067 2684 1099 2724 a
1150 2669 1542 2724 constitutione
1591 2668 1779 2724 mundi
1820 2684 1992 2739 ns—que
2021 2669 2089 2722 ad

513 2760 808 2815 adventum
838 2775 850 2812 :
880 2761 927 2817 si
963 2769 1144 2816 tamen
1173 2760 1328 2816 electi
1357 2759 1556 2817 Christi
1605 2777 1715 2816 non
1749 2761 1925 2817 solum
1963 2769 2091 2817 sunt

511 2850 590 2906 illi
618 2851 713 2922 qui
746 2866 812 2907 ex
836 2851 1070 2907 adventu
1100 2851 1219 2922 ejus
1267 2861 1393 2908 sunt
1424 2853 1625 2918 sancti,
1678 2852 1822 2909 sicut
1868 2853 2089 2923 quidam

511 2942 758 3014 magistri
797 2943 1067 2998 hazresum
1101 2943 1310 3008 dicunt,
1353 2943 1447 2999 sed
1480 2959 1670 2999 omnes
1699 2943 1793 3014 qui
1827 2959 1859 2997 a
1889 2943 2091 2998 consti-

512 3035 723 3090 tutione
771 3035 962 3090 mundi
1016 3033 1254 3102 fuerunt,
1300 3036 1393 3107 qui
1434 3036 1690 3091 viderunt
1739 3035 1881 3091 sicut
1909 3036 2088 3091 Abra-

2189 563 2400 617 venerit
2426 561 2574 632 quod
2595 575 2722 614 vere
2749 559 3046 630 perfectum
3081 569 3186 617 est.
3218 562 3284 616 Et
3308 572 3545 631 quatuor
3571 571 3764 619 ventos

2187 669 2255 710 ex
2305 653 2508 725 quibus
2561 653 2719 708 electi
2767 653 2970 708 Christi
3017 655 3517 725 congregahuntur,
3566 655 3765 711 intelli-

2190 745 2371 816 gimus
2431 752 2772 815 quaerentes,
2840 759 3076 814 quorum
3122 745 3392 800 bonorum
3454 743 3763 802 futurorum

2189 837 2496 892 habuerunt
2539 837 2788 892 umbram
2839 851 2959 906 quae
2997 836 3051 890 in
3096 833 3348 910 Numeris
3378 837 3423 869 ⁸
3467 846 3595 893 sunt
3634 853 3768 893 con-
3839 882 3842 884 .

2190 927 2390 996 scripta
2435 925 2502 980 de
2544 939 2870 994 unaquaque
2913 925 3052 979 tribu
3089 924 3320 979 filiorum
3368 924 3554 982 Israel.
3608 925 3766 981 Unde

2188 1017 2398 1087 primus
2434 1013 2537 1069 fuit
2567 1016 2701 1070 ordo
2731 1024 3035 1072 castrorum
3065 1012 3204 1070 Juda
3235 1030 3359 1071 cum
3383 1018 3583 1074 virtute
3621 1019 3766 1088 ipso--

2189 1123 2346 1175 rum,
2413 1107 2752 1163 constituens
2816 1107 2882 1161 ad
2934 1106 3240 1174 orientem,
3295 1115 3350 1162 et
3402 1123 3526 1163 cum
3571 1110 3657 1165 his
3695 1124 3766 1164 ex

2189 1208 2419 1267 utraque
2458 1206 2613 1268 parte
2653 1196 2903 1252 lssachar
2939 1205 2992 1251 et
3015 1193 3279 1252 Zabulon.
3326 1197 3393 1253 Et
3437 1198 3505 1253 ad
3521 1198 3764 1255 Alricum

2187 1291 2349 1360 871
2403 1290 2577 1345 tribus
2624 1288 2838 1354 Ruben,
2881 1296 2938 1344 et
2975 1304 3040 1343 ex
3080 1299 3309 1359 utraque
3338 1299 3489 1359 parte
3517 1288 3764 1358 Simeon,

2188 1389 2243 1434 et
2275 1379 2424 1447 Gad;
2480 1390 2534 1435 et
2565 1380 2738 1435 tribus
2765 1379 3000 1449 Ephrem
3042 1379 3342 1434 secundum
3398 1397 3568 1450 mare,
3600 1392 3657 1437 et
3697 1400 3766 1438 ex

2191 1480 2422 1540 utraque
2460 1479 2611 1540 parte
2637 1467 2921 1540 Beniamin
2957 1474 3012 1523 et
3039 1464 3289 1524 Manasse
3327 1472 3645 1526 novissima.
3699 1473 3767 1529 Et

2192 1559 2365 1615 tribus
2377 1558 2492 1614 Dan
2516 1561 2582 1615 ad
2614 1561 2944 1630 aquilonem,
2967 1568 3021 1614 et
3047 1574 3111 1614 ex
3132 1569 3363 1630 utraque
3383 1573 3534 1632 parte
3554 1563 3690 1619 Aser
3712 1575 3767 1621 et

2190 1650 2560 1722 Nephtltalim.
2594 1651 2844 1706 Forsitan
2877 1665 3006 1728 ergo
3033 1664 3100 1706 ex
3138 1659 3288 1716 tunc,
3326 1653 3502 1709 tribus
3534 1669 3768 1726 egressae

2193 1745 2400 1799 umbrae
2443 1751 2600 1798 erant
2644 1751 2950 1798 castrorum
2999 1742 3296 1798 secundum
3350 1745 3609 1812 mysteria
3650 1747 3767 1800 veri

2122 1820 2164 1874 Β
2193 1833 2378 1889 lsrael.
2419 1833 2485 1888 Et
2523 1832 2662 1888 sicut
2709 1841 2838 1888 tunc
2869 1846 2934 1887 ex
2965 1841 3202 1903 quatuor
3225 1833 3402 1889 ventis
3431 1846 3768 1906 congregatae

2193 1935 2322 1982 sunt
2365 1925 2419 1980 in
2448 1923 2715 1992 Iudaeam,
2741 1933 2795 1979 et
2825 1924 2880 1978 in
2910 1924 3276 1979 luereditatem
3304 1941 3400 1996 per
3429 1924 3613 1981 Iesum
3644 1936 3768 1998 post

2190 2015 2411 2087 Moysen
2439 2016 2790 2086 paedagogum
2826 2024 2881 2071 et
2910 2027 3321 2085 procuratorem
3365 2017 3645 2085 institutae,
3686 2020 3767 2075 sic

2183 2121 2221 2160 ‘a
2253 2116 2489 2176 quatuor
2538 2106 2715 2160 ventis
2753 2105 2930 2175 angeli
2978 2106 3384 2177 congregabunt
3434 2107 3636 2164 electos
3678 2127 3692 2163 :
3734 2125 3767 2164 a

2191 2198 2368 2252 vent‘is
2399 2207 2579 2252 autem
2619 2212 2726 2251 non
2758 2197 3009 2261 terrenis,
3050 2213 3081 2250 a
3113 2198 3343 2252 summis
3372 2199 3634 2254 malorum
3666 2216 3766 2255 us-

2189 2304 2295 2359 que
2328 2291 2395 2343 ad
2428 2288 2689 2343 terminos
2730 2303 2942 2354 eorum,
2974 2298 3032 2342 ut
3061 2289 3130 2342 ab
3157 2287 3285 2343 Jesu
3324 2298 3513 2345 nostro
3537 2306 3766 2360 congre-

2190 2382 2300 2453 gati
2342 2381 2646 2451 percipiant
2711 2381 2953 2436 divinam
3015 2389 3070 2436 et
3116 2396 3301 2436 veram
3369 2382 3758 2437 bmrcditatem.

2189 2473 2344 2542 Apud
2379 2471 2691 2528 Matthaaum
2719 2487 2850 2544 ergo
2879 2472 2973 2543 qui
3001 2481 3399 2544 congregantur
3423 2473 3624 2528 ChriSti
3649 2472 3763 2528 ele-

2190 2568 2283 2634 cti,
2316 2581 2380 2621 ex
2413 2574 2646 2634 quatuor
2671 2563 2847 2618 ventis
2877 2573 3299 2634 congregantur,
3319 2579 3348 2618 a
3385 2565 3617 2619 summis
3647 2577 3764 2618 σω·-
3787 2549 3801 2560 ’

2189 2655 2588 2724 lorum'usque
2631 2652 2698 2706 ad
2747 2651 3008 2706 terminos
3052 2666 3265 2706 eorum.
3312 2651 3471 2721 Apud
3515 2650 3760 2706 Marcum

2190 2729 2393 2812 autem,
2428 2761 2460 2801 a
2487 2753 2723 2816 quatuor
2749 2745 2947 2809 ventis,
2991 2759 3022 2798 a
3057 2759 3272 2799 summo
3302 2751 3460 2799 terrae
3489 2759 3665 2815 usque
3695 2745 3763 2799 ad

2192 2853 2469 2896 summum
2500 2837 2659 2905 coeli;
2694 2845 2882 2906 postea
2928 2845 3108 2890 autem
3161 2850 3191 2890 a
3234 2836 3468 2890 summis
3499 2836 3763 2891 caelorum

2192 2945 2365 3000 usque
2400 2928 2466 2983 ad
2499 2927 2761 2983 terminos
2790 2941 3002 2980 eorum.
3043 2924 3316 2990 lntelliges
3342 2933 3522 2979 autem
3550 2939 3643 2980 eos
3671 2925 3765 2995 qui

2193 3025 2594 3087 congregantur
2639 3030 2671 3069 a
2699 3029 2916 3069 summo
2951 3023 3130 3079 terra),
3157 3014 3509 3069 considerans
3538 3029 3768 3070 conver-

498 3129 640 3183 'ham
669 3126 871 3183 Christi
911 3126 1076 3192 diem,
1113 3136 1167 3182 et
1203 3103 1388 3182 divina
1435 3128 1803 3183 exsultatione
1849 3128 2090 3182 exsulta—
2116 3147 2160 3205 ο
2193 3108 2460 3205 saligna“
2488 3121 2678 3205 Equi“
2711 3106 2805 3175 (ιυί
2835 3103 3055 3205 Ῐξ¹θῗξ¹ῖ¹ι
3082 3104 3136 3158 ί¹¹
3171 3103 3350 3171 terris:
3382 3114 3435 3158 et
3456 3105 3768 3205 fecundum

508 3230 713 3276 verunt
759 3222 815 3275 in
845 3236 990 3276 eum.
1045 3218 1104 3275 Si
1141 3230 1321 3275 autem
1363 3235 1471 3275 non
1505 3229 1739 3285 tantum,
1771 3219 1916 3274 sicut
1956 3220 2089 3274 sim-

505 3311 680 3382 plices
715 3312 1069 3377 arbitrantur,
1103 3326 1198 3367 eos
1225 3311 1316 3381 qui
1355 3310 1711 3365 inveniuntur
1747 3310 1800 3364 in
1835 3324 2086 3379 corpore,

503 3405 895 3476 ‘congregaturi
945 3411 1074 3459 sunt
1121 3403 1330 3473 angeli,
1377 3402 1472 3457 sed
1516 3416 1708 3455 omnes
1743 3399 1948 3455 Christi
1980 3400 2092 3456 cle-

502 3505 649 3562 “ctos,
684 3496 1032 3551 considerare
1062 3502 1146 3550 est
1171 3493 1394 3563 dignum
1419 3491 1550 3563 quid
1574 3491 1780 3546 interea
1799 3489 2088 3556 facientes,

511 3597 610 3644 aut
634 3587 687 3641 in
717 3587 974 3658 quoloco
998 3591 1400 3640 commorantes
1427 3582 1838 3653 congregabunt
1865 3582 2085 3638 electos.

509 3676 782 3744 Quoniam
833 3686 1016 3732 autem
1066 3690 1174 3730 non
1213 3681 1427 3729 tantum
1470 3673 1594 3728 illos
1632 3674 1726 3744 qui
1767 3673 1823 3728 in
1859 3688 2090 3744 corpore

503 3772 712 3827 fuerint
739 3766 1122 3839 comprehensi
1155 3765 1286 3821 dicit
1314 3766 1722 3837 congregandos
1748 3764 1950 3820 Christi
1979 3764 2089 3820 ele-

507 3872 650 3926 ctos,
712 3860 808 3916 sed
873 3857 1037 3911 etiam
1105 3856 1226 3912 illos
1284 3855 1378 3926 qui
1439 3855 1506 3911 de
1565 3855 1892 3926 corporibus
1960 3863 2090 3910 sunt

508 3952 740 4024 egressi,
807 3947 1124 4004 manifestat
1179 3962 1364 4005 sermo
1424 3947 1613 4003 dicens
1677 3945 2087 4017 congregandos

511 4044 714 4099 electos
766 4055 876 4095 non
924 4039 1103 4094 solum
1154 4055 1186 4094 a
1231 4047 1471 4110 quatuor
1512 4037 1727 4102 ventis,
1777 4037 1874 4093 sed
1921 4037 2085 4091 etiam

510 4149 542 4188 a
593 4132 827 4187 summis
885 4130 1149 4186 ccelorum
1209 4143 1385 4198 usque
1441 4127 1509 4183 ad
1561 4127 1828 4181 terminos
1875 4140 2083 4180 eorum.

510 4223 723 4278 Nemini
781 4231 962 4277 autem
1016 4236 1180 4291 super
1241 4228 1443 4274 terram
1507 4219 1744 4273 arbitror
1797 4217 2089 4274 convenire

511 4317 656 4388 quod
691 4316 787 4383 ait,
820 4324 881 4369 ut
909 4321 1307 4384 congregemur
1332 4327 1363 4366 a
1389 4310 1623 4367 summis
1661 4311 1948 4377 caelorum,
1982 4309 2088 4365 nisi

512 4405 654 4462 forte
683 4421 778 4461 eos
807 4403 901 4474 qui
943 4404 1084 4458 inter
1111 4402 1361 4458 homines
1405 4401 1624 4455 interim
1683 4400 1824 4470 apud
1862 4399 2085 4470 angelos

2192 3197 2334 3268 quod
2353 3196 2615 3266 possibile
2641 3204 2725 3250 est
2748 3192 3137 3264 perfectionem
3163 3208 3353 3248 eorum
3377 3193 3472 3264 qui
3495 3203 3624 3248 sunt
3639 3209 3772 3248 con-

2189 3288 2389 3342 versati
2421 3286 2476 3341 in
2499 3287 2679 3341 terris.
2707 3284 2910 3340 Omnes
2937 3299 3067 3355 ergo
3088 3285 3182 3355 qui
3214 3300 3378 3354 super
3407 3293 3605 3339 terram
3631 3285 3771 3340 bene

2189 3378 2488 3440 vixerunt,
2537 3389 2648 3428 non
2699 3373 3017 3443 simpliciter
3060 3383 3465 3444 congregantur
3516 3390 3549 3428 a
3591 3382 3766 3443 terra,

2191 3468 2286 3524 sed
2327 3481 2359 3520 a
2383 3479 2600 3521 summo
2651 3471 2830 3530 terrae,
2862 3472 3075 3534 utputa,
3113 3479 3382 3518 asumma
3429 3479 3767 3520 conversan-

2191 3561 2326 3616 tium
2369 3572 2533 3628 super
2573 3564 2794 3612 terram.
2833 3553 2890 3609 Si
2926 3564 3104 3610 autem
3148 3563 3272 3625 post
3320 3571 3594 3611 summam
3633 3571 3768 3612 con-

2188 3649 2518 3707 versationis
2546 3663 2667 3720 quae
2683 3647 2786 3701 fuit
2809 3649 2865 3702 in
2895 3648 3076 3712 terris,
3103 3649 3403 3718 susceperit
3427 3649 3769 3719 subsequens

2189 3742 2536 3799 conversatio
2577 3756 2672 3796 eos
2712 3739 2807 3809 qui
2850 3739 3319 3794 conversationem
3365 3739 3675 3795 habuerunt
3712 3739 3767 3792 in

2188 3835 2365 3901 caelis,
2386 3848 2495 3887 non
2520 3830 2836 3901 simpliciter
2866 3845 2896 3884 a
2922 3844 3138 3884 summo
3162 3831 3301 3886 ccelo
3325 3830 3467 3884 sicut
3492 3845 3524 3884 a
3551 3844 3769 3885 summo

2187 3939 2368 3995 terrae,
2397 3926 2492 3983 sed
2520 3940 2550 3979 a
2580 3925 2811 3980 summis
2842 3923 3020 3987 cmlis,
3051 3923 3309 3992 quoniam
3342 3922 3771 3993 unumquodque

2187 4023 2386 4078 coelum
2423 4035 2537 4075 suae
2577 4017 2942 4074 institutionis
2977 4024 3030 4070 et
3073 4015 3228 4070 initia
3271 4014 3470 4080 habet,
3507 4023 3558 4070 et
3590 4013 3770 4085 perfe~

2187 4113 2421 4176 ctiones,
2454 4110 2508 4165 id
2541 4118 2624 4164 est
2650 4107 2933 4162 terminos.
2976 4104 3200 4176 Utputa,
3231 4115 3356 4176 post
3389 4107 3765 4161 conversatio-

2189 4219 2315 4260 nem
2347 4217 2617 4258 summam
2647 4215 2769 4270 quae
2800 4199 2904 4254 fuit
2941 4213 3106 4268 super
3139 4207 3365 4264 terram,
3399 4200 3630 4269 suscipit
3661 4202 3766 4254 ite-

2188 4313 2312 4352 rum
2340 4295 2620 4352 hominem
2667 4291 3013 4348 conversatio
3043 4292 3209 4345 unius
3245 4290 3390 4356 cmli,
3424 4299 3477 4345 et
3504 4291 3769 4361 perfectio

2189 4403 2312 4458 quae
2345 4387 2399 4441 in
2429 4401 2494 4442 eo
2524 4393 2626 4440 est.
2666 4383 2866 4438 Iterum
2915 4383 3156 4451 suscepit
3183 4397 3310 4436 eum
3345 4383 3589 4438 secunda
3636 4398 3769 4438 con-

513 4498 767 4552 docentes
805 4493 1047 4549 ctelestia
1081 4500 1511 4556 commorantur,
1543 4491 1953 4560 congregabunt
1982 4506 2083 4544 an-

2188 4476 2428 4533 versatio
2472 4473 2696 4530 secundi
2736 4473 2882 4539 C(Bli,
2929 4480 2984 4526 et
3019 4470 3278 4541 perfectio
3317 4486 3439 4540 quae
3476 4471 3532 4524 in
3565 4486 3632 4526 eo
3661 4479 3764 4526 est.

512 4588 614 4658 geli
643 4586 838 4652 sancti,
873 4593 934 4640 ut
968 4593 1092 4639 ante
1121 4585 1368 4640 eruditos
1401 4583 1456 4637 in
1485 4584 1714 4638 summis
1745 4583 1868 4638 coeli
1908 4597 2084 4651 usque

512 4679 580 4734 ad
617 4677 882 4734 terminos
913 4691 1102 4732 eorum
1137 4685 1192 4731 et
1225 4676 1529 4731 instructos
1565 4677 1783 4730 tradant
1815 4674 2084 4744 perfectos

512 4787 710 4842 magno
741 4768 852 4824 Deo
891 4766 1062 4822 Verbo
1101 4765 1243 4821 Filio
1271 4766 1367 4822 Dei
1417 4765 1485 4820 ad
1527 4765 1971 4834 conregnandum
2011 4764 2084 4828 ei,

510 4871 565 4918 et
598 4863 667 4918 ad
703 4861 1105 4931 susceptionem
1136 4873 1328 4914 eorum
1357 4874 1479 4928 quae
1509 4857 1788 4913 tradiderit
1813 4856 1984 4911 Filius
2019 4857 2086 4912 de

512 4954 597 5007 his
622 4953 717 5024 qui
743 4953 1045 5007 doctrinam
1085 4951 1360 5006 caelestem
1391 4961 1516 5004 ante
1545 4949 1902 5018 susceperint.
1939 4947 2088 5014 Quo-

513 5045 662 5099 niam
701 5053 883 5098 autem
921 5043 1114 5097 umbra
1151 5052 1234 5098 est
1273 5043 1388 5098 haec
1429 5042 1539 5096 vita
1577 5050 1765 5096 nostra
1815 5039 1868 5094 in
1904 5040 2083 5105 terris,

513 5149 856 5204 consequens
887 5142 970 5189 est
1002 5143 1062 5188 ut
1097 5149 1246 5188 nunc
1285 5134 1404 5204 lege
1432 5143 1486 5189 et
1514 5133 1791 5202 prophetis
1832 5132 2087 5187 erudian-

516 5235 604 5280 tur
630 5226 724 5296 qui
770 5226 825 5279 in
872 5225 963 5279 illa
1007 5225 1344 5294 plenitudine
1392 5224 1649 5294 temporis
1700 5224 1908 5294 reliqua
1962 5231 2090 5278 sunt

514 5316 727 5382 scituri,
768 5325 822 5370 et
864 5316 1108 5386 pleniora
1152 5331 1182 5369 a
1214 5313 1352 5371 Filio
1390 5315 1487 5370 Dei
1546 5315 1734 5370 scituri
1789 5315 2088 5370 secundum

514 5426 603 5465 res
649 5410 797 5479 ipsas
842 5408 1113 5473 caelestes,
1165 5418 1225 5462 ut
1267 5409 1362 5477 qui
1402 5417 1529 5463 sunt
1579 5408 1635 5462 in
1666 5407 1896 5462 summis
1925 5406 2091 5461 coelo-

513 5517 671 5568 rum,
717 5501 876 5571 quasi
924 5501 979 5554 in
1023 5499 1352 5570 quibusdam
1399 5499 1800 5555 eruditionibus
1851 5499 1989 5566 sint,
2030 5507 2090 5551 ut

516 5593 726 5662 possint
762 5591 1109 5662 postmodum
1157 5605 1351 5663 capere
1399 5591 1723 5663 sapientiam
1786 5589 1903 5658 Dei,
1964 5603 2086 5644 ma-

2189 4572 2388 4627 lterum
2421 4566 2660 4637 suscepit
2695 4579 2821 4619 eum
2853 4563 3008 4617 tertia
3047 4562 3390 4617 conversatio
3425 4561 3571 4617 tertii
3619 4563 3766 4627 eteli,

2189 4669 2242 4716 et
2257 4659 2516 4730 perfectio
2547 4673 2668 4728 quae
2705 4655 2760 4710 in
2785 4669 2850 4710 eo
2879 4663 2980 4709 est.
3011 4652 3077 4707 Et
3105 4654 3186 4708 sic
3206 4653 3445 4724 intellige
3476 4654 3606 4709 mihi
3626 4655 3765 4709 mul-

2193 4765 2374 4810 torum
2424 4752 2688 4806 caelorum
2734 4747 3028 4801 multarum
3086 4749 3559 4802 conversationum
3609 4747 3764 4800 initia

2187 4857 2312 4899 esse
2347 4850 2399 4897 et
2431 4827 2719 4902 terminos,
2757 4837 2810 4890 id
2843 4845 2926 4892 est
2955 4833 3335 4906 perfectiones,
3372 4852 3401 4890 a
3431 4837 3628 4906 quibus
3659 4837 3762 4888 ini-

2191 4937 2283 4993 tiis
2335 4945 2390 4990 et
2443 4933 2694 4989 terminis
2742 4929 3084 4985 diversorum
3147 4930 3412 4984 cmlorum
3464 4937 3760 4997 congregat

2192 5028 2338 5082 Deus
2367 5039 2498 5082 suos
2524 5025 2747 5078 electos.
2779 5020 2887 5074 Aut
2919 5019 2992 5074 ita
3020 5034 3033 5070 :
3069 5036 3100 5072 a
3129 5020 3346 5071 summis
3375 5015 3623 5069 caelorum
3667 5031 3761 5070 us-

2193 5135 2291 5190 que
2335 5117 2404 5170 ad
2446 5115 2694 5170 terminos
2741 5127 2938 5166 eorum.
2992 5110 3128 5165 Caeli
3174 5116 3301 5164 sunt
3340 5107 3426 5161 vel
3465 5104 3766 5176 Scriptum

2194 5210 2427 5272 divinae,
2478 5207 2563 5261 vel
2613 5213 2866 5260 auctores
2909 5216 3141 5265 earum,
3202 5199 3256 5253 in
3305 5197 3508 5269 quibus
3556 5197 3770 5251 habitat

2194 5299 2357 5354 Deus.
2419 5295 2644 5350 Summa
2713 5301 2892 5348 autem
2946 5291 3355 5360 Scripturarum
3421 5295 3551 5342 sunt
3607 5287 3764 5341 initia

2191 5404 2420 5454 earum,
2481 5383 2698 5443 termini
2762 5390 2942 5437 autem
3001 5379 3501 5434 consummationes
3551 5391 3762 5431 earum.

2190 5483 2602 5552 Congregantur
2651 5490 2781 5546 ergo
2839 5472 3011 5530 sancti
3058 5487 3088 5526 a
3122 5471 3352 5526 summis
3394 5468 3681 5535 caelorum,
3711 5467 3766 5522 id

2189 5589 2275 5635 est
2307 5579 2376 5634 ab
2406 5579 2486 5634 eis
2515 5575 2610 5648 qui
2643 5573 2782 5631 caelo
2808 5570 3000 5626 vivunt
3031 5568 3086 5623 in
3133 5566 3304 5624 initiis
3331 5565 3763 5636 Scripturarum,

589 5749 633 5784 “
657 5746 844 5803 Matth.
882 5762 1006 5818 xm,
1039 5748 1230 5805 59-45.
1307 5750 1351 5782 "
1419 5747 1549 5804 ibid.
1584 5748 1672 5804 47.
1748 5748 1830 5813 .,,⁸⁸
1859 5744 2022 5802 Num.
2056 5759 2108 5808 x,
2143 5743 2168 5796 1
2210 5750 2264 5796 et
2292 5753 2402 5810 seq.
