4112 6440
381 382 509 441 1881

1515 378 2169 437 COMMENTARIORUM
2210 380 2472 438 SERIES.

3513 395 3661 448 “58%.

380 514 558 570 usque
614 497 681 553 ad
734 511 832 553 eos
890 497 985 567 qui
1040 493 1235 551 vivunt
1289 494 1344 549 in
1397 494 1970 551 consummationibns
1999 498 2045 555 Α
2074 508 2172 562 pro
2202 494 2368 548 verbo
2401 494 2719 565 suscipitur,
2770 511 2966 569 magna
3003 516 3107 555 vox
3141 502 3292 557 verbi
3335 504 3659 577 intelligitur

379 606 569 645 earum
611 604 626 642 :
662 604 727 645 ac
770 580 841 644 ut
857 588 982 659 plus
1010 587 1210 652 dicam,
1248 600 1279 641 a
1309 586 1537 642 rudibus
1570 602 1759 642 eorum
1794 601 1968 657 usque

378 687 447 745 ad
488 679 759 751 perfectos
802 694 1016 735 eorum.
1070 678 1176 745 Qui
1229 686 1413 734 autem
1459 678 1758 733 mittuntur
1790 678 1967 748 angeli

379 796 411 835 a
446 777 732 832 Salvatore
783 771 851 826 ad
892 771 1337 842 congregandum
1383 770 1587 826 electos
1631 770 1773 841 ejus,
1830 785 1967 827 con-

381 864 690 941 gregabunt
742 879 839 922 eos
888 879 1000 918 non
1048 879 1174 919 cum
1223 878 1360 920 voce
1404 864 1810 935 qualicunque,
1870 864 1966 920 sed

381 975 507 1015 cum
555 955 683 1010 tuba
734 970 858 1025 quae
898 965 1126 1010 vocatur
1164 970 1384 1027 magna,
1431 971 1541 1011 non
1572 970 1761 1011 vocem
1806 956 1968 1011 dante

384 1052 684 1110 incertam,
735 1044 828 1101 sed
870 1055 1073 1101 certam
1112 1052 1167 1100 et
1197 1043 1569 1111 manifestam,
1630 1054 1691 1101 ut
1729 1045 1824 1116 qui
1874 1061 1969 1100 au-

376 1137 587 1194 dierint
611 1145 664 1192 et
686 1137 998 1204 didicerint,
1025 1145 1220 1208 parent.
1253 1152 1311 1194 se
1338 1137 1406 1193 ad
1436 1136 1580 1193 viam
1611 1135 1968 1208 perfectionis

375 1244 499 1300 quae
537 1230 688 1287 ducit
713 1231 779 1287 ad
804 1229 1002 1286 Filium
1035 1230 1150 1287 Dei.

452 1322 542 1378 52.
583 1322 855 1391 Quoniam
884 1331 1066 1380 autem
1103 1324 1359 1381 volumus
1394 1324 1694 1397 intelligere
1722 1325 1856 1396 quid
1884 1333 1969 1382 est

379 1413 509 1470 tuba
549 1430 767 1487 magna,
798 1416 1064 1474 debemus
1110 1416 1451 1487 spiritalibus
1497 1417 1765 1488 spiritalia
1811 1434 1967 1475 com-

378 1522 593 1578 parare.
627 1508 741 1580 Age
789 1524 938 1563 nunc
972 1518 1027 1564 et
1058 1508 1125 1564 de
1171 1508 1338 1577 tubis,
1373 1508 1428 1563 in
1460 1517 1727 1580 quantum
1773 1525 1968 1581 capere

378 1615 695 1670 possumus,
728 1600 966 1655 breviter
993 1614 1354 1671 exponamus,
1387 1600 1435 1657 si
1462 1611 1643 1656 tamen
1671 1617 1966 1672 possumus

377 1705 446 1745 ex
482 1690 938 1763 congregatione,
973 1699 1027 1747 et
1057 1690 1429 1748 admonitione
1482 1692 1717 1749 istorum
1776 1709 1965 1749 exem—

377 1784 592 1853 plorum
658 1782 962 1855 intelligere
999 1795 1053 1838 et
1094 1799 1347 1854 magnam
1400 1785 1720 1856 angelorum
1751 1787 1961 1843 tubam.

390 1875 667 1944 Scriptum
714 1883 799 1930 est
842 1875 989 1929 enim
1022 1874 1077 1930 in
1110 1872 1366 1932 Numeris
1391 1876 1436 1911 ⁸⁹
1464 1896 1479 1932 :
1538 1877 1608 1931 Et
1642 1878 1852 1934 locutus
1888 1889 1967 1935 est

379 1966 639 2022 Dominus
670 1966 741 2019 ad
774 1964 1013 2035 Moysen,
1059 1965 1238 2021 dicens
1281 1982 1300 2021 :
1345 1968 1455 2023 Fac
1499 1971 1596 2024 tibi
1635 1971 1770 2026 duas
1812 1971 1966 2028 tubas

379 2069 654 2131 argenteas
676 2075 696 2113 :
719 2058 945 2115 ductiles
982 2060 1147 2130 facies
1189 2075 1300 2127 eas,
1337 2070 1389 2116 et
1420 2072 1572 2118 erunt
1603 2065 1699 2118 tibi
1733 2066 1805 2119 ad
1838 2082 1966 2121 con-

376 2150 702 2223 gregandam
737 2166 1085 2223 synagogam,
1127 2160 1176 2207 et
1212 2162 1366 2208 erunt
1407 2155 1504 2209 tibi
1524 2155 1593 2208 ad
1614 2158 1965 2225 promovenda

375 2257 600 2310 castra;
654 2252 705 2299 et
749 2243 959 2299 tubabis
1004 2244 1061 2298 in
1104 2245 1221 2313 eis,
1262 2256 1312 2301 et
1363 2247 1771 2319 congregabitur
1812 2250 1870 2303 in
1918 2258 1966 2304 te

377 2338 551 2391 omnis
593 2352 864 2407 synagoga
903 2336 973 2391 ad
1027 2337 1226 2391 ostium
1275 2338 1604 2394 tabernaculi
1654 2341 1961 2396 testimonii.

375 2425 438 2485 Si
463 2436 641 2482 autem
676 2428 734 2482 in
764 2445 871 2483 una
909 2428 1034 2483 tuba
1056 2430 1291 2485 venerint
1313 2430 1384 2485 ad
1422 2441 1471 2487 te
1497 2448 1674 2488 omnes
1699 2434 1962 2504 principes

378 2521 609 2575 militum
645 2519 853 2587 Israel,
894 2520 1102 2577 tubabis
1139 2524 1586 2593 signiﬁcationem
1623 2526 1872 2595 primam,
1911 2536 1962 2582 et

374 2611 748 2673 promovebant
778 2623 959 2667 castra
984 2615 1074 2684 qui
1096 2614 1392 2671 consistunt
1408 2617 1478 2670 ad
1497 2618 1770 2672 orientem.
1801 2617 1870 2673 Et
1903 2629 1959 2675 tu

375 2702 529 2756 dabis
568 2703 1011 2772 signiﬁcationem
1041 2705 1352 2773 secundam,
1384 2715 1434 2762 et
1468 2708 1841 2778 promovebant
1867 2726 1960 2765 ca-

373 2800 489 2848 stra
523 2794 613 2865 qui
649 2795 949 2850 consistunt
988 2797 1059 2850 ad
1099 2806 1363 2854 austrum.
1406 2796 1475 2851 Et
1504 2799 1711 2854 tubabis
1745 2801 1957 2872 signiﬁ-

371 2886 635 2939 cationem
678 2887 891 2942 tertiam
932 2897 981 2942 et
1027 2888 1405 2957 promovebant
1443 2899 1623 2944 castra
1651 2893 1742 2962 qui
1782 2895 1959 2947 censi.

370 2985 518 3033 stunt
563 2979 852 3034 secundum
903 2995 1071 3035 mare.
1130 2977 1201 3032 Et
1252 2980 1462 3036 tubabis
1509 2983 1957 3054 signiﬁcationem

370 3076 638 3138 quartam,
655 3078 703 3123 et
722 3070 905 3130 tollent
923 3082 1102 3125 castra
1117 3073 1209 3143 qui
1224 3075 1520 3128 consistunt
1542 3077 1612 3129 ad
1631 3078 1950 3148 aquilonem.

373 3159 515 3231 Ergo
550 3161 808 3217 tubabunt
834 3164 958 3219 tuba
990 3166 1045 3221 in
1070 3167 1397 3238 promotione
1414 3184 1615 3224 eorum.
1644 3170 1715 3225 Et
1743 3173 1954 3242 quando

2076 584 2205 640 tuba
2243 595 2499 655 argentea
2529 601 2872 659 congregans
2906 604 3355 663 unumquemque
3387 595 3440 648 in
3472 596 3683 651 ordine-

2076 676 2247 749 [suo].
2305 676 2617 734 Secundum
2679 682 2931 737 umbram
2981 683 3203 753 quidem
3260 688 3404 743 sicut
3448 688 3663 761 Moyses

2075 771 2401 838 nominavit,
2458 773 2761 829 secundum
2820 777 3144 847 mysterium
3196 788 3404 847 autem,
3458 797 3660 837 secun-

2073 863 2203 919 dum
2236 864 2380 934 quod
2415 864 2550 921 dicit
2576 863 2781 922 Paulus
2815 867 2869 921 in
2899 865 3144 937 Epistola
3171 870 3347 941 872‘
3367 872 3434 927 ad
3462 870 3663 928 Corin-

2075 955 2223 1012 thios
2256 956 2498 1012 secunda
2520 957 2588 1011 ⁹¹.
2635 956 2883 1015 Primum
2934 969 3114 1015 autem
3147 977 3269 1017 cum
3315 963 3460 1020 tubis
3492 966 3661 1021 ratio-

2074 1048 2292 1104 nalibus
2342 1057 2665 1120 promovent
2712 1059 2913 1107 castra.
2966 1053 3049 1106 Ita
3092 1053 3365 1124 iegislatio
3392 1054 3449 1110 tit
3474 1055 3543 1111 de
3576 1057 3673 1113 his

2072 1141 2239 1197 rebus
2272 1157 2394 1211 quae
2425 1141 2494 1197 ad
2530 1142 2733 1197 bellum
2784 1144 3060 1214 pertinent
3093 1143 3273 1200 Israel
3305 1148 3662 1204 memorantis

2073 1233 2334 1304 perillam
2362 1234 2819 1306 signiﬁcationem
2842 1237 3096 1293 tubarum
3116 1238 3347 1296 bellicas
3380 1255 3468 1297 res
3495 1260 3508 1296 :
3538 1256 3660 1312 quae

2073 1322 2227 1377 tubae
2246 1321 2430 1378 ferunt
2457 1339 2554 1380 eos
2581 1326 2675 1391 qui
2704 1336 3209 1384 commemorantur
3229 1344 3327 1400 per
3359 1345 3452 1386 eas
3486 1333 3661 1399 signi-

2073 1413 2357 1471 ficationes
2394 1417 2648 1472 tubarum
2673 1460 2688 1486 ,
2738 1419 2805 1474 ad
2847 1420 3171 1476 salvandum
3201 1437 3295 1478 eos
3325 1423 3395 1477 ab
3425 1423 3661 1480 inimicis

2072 1520 2284 1562 eorum.
2331 1506 2505 1564 Voces
2539 1518 2720 1564 autem
2760 1519 3145 1580 argentearum
3186 1521 3243 1568 et
3266 1512 3658 1584 productilium

2075 1597 2326 1653 tubarum
2360 1598 2414 1652 in
2439 1597 2637 1654 diebus
2680 1598 2883 1655 itrtitite
2913 1586 3111 1669 Israel,
3133 1617 3262 1672 qua}
3301 1614 3673 1661 assumuntur

2074 1687 2131 1741 in
2181 1684 2496 1743 Neomcniis
2543 1688 2829 1759 ipsorum,
2879 1700 3038 1746 erant
3080 1694 3291 1749 umbrae
3348 1695 3661 1753 futurarum

2074 1776 2524 1847 Neomeniarum,
2558 1781 2626 1837 de
2649 1782 2852 1852 quibus
2895 1782 3030 1838 dicit
3050 1784 3351 1855 Apostolus
3374 1788 3419 1819 “
3446 1806 3458 1842 :
3489 1788 3660 1844 Nemo

2075 1889 2167 1928 vos
2190 1872 2399 1943 judicet
2442 1875 2499 1926 in
2542 1889 2685 1942 esca,
2734 1883 2827 1929 aut
2870 1877 2925 1930 in
2948 1884 3099 1944 potu,
3146 1886 3241 1931 aut
3278 1880 3335 1932 in
3380 1890 3532 1949 parte
3553 1881 3661 1935 diei

2075 1964 2223 2034 festi,
2271 1973 2364 2018 aut
2408 1963 2734 2033 Neomenite,
2784 1976 2879 2020 aut
2934 1966 3326 2036 Sabbatorum,
3374 1987 3492 2041 quae
3536 1979 3661 2026 sunt

2074 2055 2263 2109 uutbra
2298 2056 2626 2120 futurorum.
2671 2057 3046 2113 Assumuntur
3093 2067 3275 2115 autem
3307 2068 3361 2116 et
3394 2061 3449 2116 in
3486 2061 3659 2117 sacri-

2073 2145 2212 2202 liciis
2251 2153 2307 2201 et
2341 2145 2396 2201 in
2420 2146 2761 2203 holocaustis
2794 2147 3117 2205 salutarium
3157 2149 3346 2209 Israel.
3399 2151 3548 2219 Quas
3580 2153 3661 2210 si-

2072 2237 2454 2309 gniﬁcationes
2496 2239 2752 2295 tubarum
2801 2242 3074 2313 exemplo,
3103 2252 3160 2299 et
3191 2244 3386 2300 umbra
3418 2247 3671 2303 caelestia

2073 2328 2320 2394 culturae,
2356 2329 2516 2400 quasi
2549 2330 2787 2402 alicujus
2816 2333 3060 2391 caelestis
3095 2344 3150 2391 et
3185 2338 3669 2397 conversationem

2073 2420 2331 2478 habentis
2366 2422 2420 2476 in
2452 2423 2611 2492 ctelo,
2653 2439 2932 2496 exponere
2980 2429 3257 2486 convenit.
3313 2428 3442 2486 Haec
3472 2441 3665 2488 autem

2069 2515 2319 2585 exempla
2370 2515 2682 2585 accepimus
2706 2556 2722 2584 ,
2772 2526 2835 2573 ut
2881 2518 2966 2573 vel
3017 2533 3084 2572 ex
3133 2528 3288 2589 parte
3352 2520 3658 2593 intelligere

2066 2606 2350 2661 valeamus
2379 2607 2523 2676 quod
2560 2608 2825 2679 scriptum
2861 2618 2945 2666 est
2964 2610 3013 2643 ³³
3041 2609 3255 2666 εΜὲιιει
3289 2613 3504 2684 angelos
3533 2631 3657 2670 suos

2068 2714 2189 2752 cum
2224 2699 2350 2753 tuba
2372 2715 2587 2770 magna,
2607 2708 2660 2754 et
2677 2701 3071 2772 congregabunt
3094 2701 3284 2758 electos
3308 2704 3444 2772 ejus.
3476 2703 3659 2760 Evan-

2066 2790 2268 2861 gelicas
2298 2799 2481 2846 autem
2510 2792 2672 2849 tubas
2703 2792 2943 2847 ostendit
2974 2801 3030 2848 et
3064 2794 3120 2848 in
3159 2795 3338 2864 prima
3376 2795 3445 2850 ad
3479 2795 3656 2852 'I‘hes-

2065 2879 2436 2937 salonicenses
2465 2881 2514 2914 ”
2551 2882 2850 2952 Apostolus
2886 2882 3114 2941 dicens:
3146 2883 3263 2940 Hoc
3297 2894 3475 2940 autem
3510 2888 3653 2942 vobis

2064 2971 2290 3026 dicimus
2321 2973 2380 3026 in
2410 2972 2564 3027 verbo
2590 2972 2828 3042 Domini,
2860 2975 3118 3046 quoniam
3157 2992 3251 3031 nos
3286 2979 3377 3049 qui
3404 2978 3651 3046 vivimus,

2062 3062 2153 3132 qui
2185 3064 2571 3120 remanebimus
2602 3065 2658 3119 in
2688 3065 2918 3121 adventu
2950 3066 3187 3132 Domini,
3232 3084 3337 3122 non
3369 3069 3656 3139 prtevenic-

2064 3169 2181 3207 mus
2213 3170 2300 3210 eos
2338 3157 2430 3228 qui
2459 3157 2813 3226 dormierunt,
2858 3161 3113 3229 quoniam
3159 3160 3272 3231 ipse
3297 3160 3560 3216 Dominus
3595 3162 3652 3217 in

366 3256 701 3325 congregatis
728 3221 1209 3328 congregationem,
1249 3258 1428 3315 tubate
1458 3270 1507 3315 et
1550 3278 1652 3316 non
1684 3221 1954 3334 signiﬁca-

2061 3243 2235 3312 iussu,
2265 3257 2315 3301 et
2345 3221 2401 3300 in
2427 3264 2549 3302 voce
2573 3221 2901 3320 archangeli,
2925 3257 2975 3304 et
3009 3250 3065 3304 in
3099 3221 3226 3304 tuba
3250 3249 3349 3305 Dei
3376 3251 3654 3307 descendet

372 3346 537 3401 tione.
583 3345 653 3401 Et
701 3346 803 3417 ﬁlii
829 3348 1011 3402 Aaron
1057 3349 1356 3405 sacerdotes
1402 3353 1658 3408 tubabunt
1704 3357 1866 3422 tubis,
1906 3366 1957 3413 et

362 3434 465 3487 erit
498 3434 642 3489 vobis
683 3434 979 3505 legitimum
1019 3439 1397 3508 sempiternum
1444 3443 1500 3495 in
1530 3448 1956 3515 generationibus

363 3524 572 3579 vestris.
600 3523 662 3581 Si
686 3536 863 3581 autem
904 3529 1144 3585 exieritis
1186 3529 1256 3584 ad
1277 3531 1470 3588 bellum
1512 3535 1568 3589 in
1600 3545 1744 3597 terra
1780 3548 1956 3595 vestra

363 3626 549 3673 contra
588 3619 943 3687 adversarios,
980 3621 1237 3677 tubabitis
1275 3625 1436 3693 tubis,
1474 3636 1524 3680 et
1551 3632 1956 3687 remorabimiui

361 3708 420 3761 in
460 3721 740 3780 conspectu
771 3711 874 3766 Dei
914 3715 1097 3780 vestri,
1141 3723 1193 3770 et
1234 3717 1574 3774 salvabimini
1615 3737 1681 3775 ea:
1720 3723 1952 3779 inimicis

362 3802 575 3856 vestris.
606 3801 675 3855 Et
706 3802 761 3856 in
784 3802 971 3859 diebus
1005 3806 1209 3862 ltetitite
1239 3818 1446 3878 vestrae,
1471 3820 1522 3866 et
1550 3814 1606 3867 in
1636 3814 1952 3884 festivitati-

361 3890 481 3957 bus,
506 3902 557 3946 et
582 3891 889 3948 Neomeniis
923 3900 1133 3960 vestris,
1163 3899 1416 3957 tubabitis
1442 3903 1603 3971 tubis,
1635 3917 1684 3961 et
1715 3908 1768 3962 in
1800 3909 1952 3964 holo-

361 3986 561 4040 caustis
609 3989 830 4056 vestris,
870 4000 919 4046 et
961 3993 1019 4046 in
1059 3995 1344 4063 sacriﬁciis
1373 3995 1697 4054 salutarium
1747 4010 1948 4057 vestro-

365 4092 507 4142 rum,
541 4088 593 4132 et
627 4081 727 4134 erit
764 4085 1020 4139 memoria
1056 4088 1218 4142 vestri
1252 4088 1307 4143 in
1336 4099 1614 4159 conspectu
1647 4091 1742 4147 Dei
1763 4096 1942 4152 vestri.

332 4156 481 4241 'Ego
505 4169 764 4230 Dominus
791 4174 936 4231 Deus
974 4189 1160 4233 vester.
1203 4180 1340 4237 Vide
1362 4156 1524 4238 etiam
1569 4185 1623 4240 in
1660 4185 1780 4243 istis
1809 4205 1948 4259 quo-

362 4264 509 4319 niam
534 4264 588 4319 in
616 4266 795 4336 prima
819 4268 1224 4339 signiﬁcatione
1246 4273 1387 4329 tubae
1410 4287 1737 4345 promovent
1767 4289 1946 4337 castra

358 4358 454 4429 qui
498 4369 627 4416 sunt
671 4362 974 4417 secundum
1041 4364 1332 4431 orientem,
1379 4367 1435 4421 in
1479 4369 1724 4424 secunda
1759 4382 1943 4430 autem

357 4462 682 4520 promovent
702 4463 885 4510 castra
906 4454 999 4525 qui
1025 4464 1154 4511 sunt
1176 4460 1476 4514 secundum
1503 4471 1787 4531 austrum;
1809 4475 1865 4523 et
1884 4476 1944 4522 ut

2059 3336 2126 3392 de
2160 3338 2309 3393 crelo.
2353 3339 2487 3395 Item
2518 3340 2587 3396 ad
2622 3339 2941 3398 Corinthios
2969 3343 3148 3414 prima
3173 3344 3259 3396 ’δε
3293 3342 3488 3400 Omnes
3530 3345 3651 3415 qui-

2059 3432 2179 3486 dem
2219 3432 2581 3500 dormiemus,
2628 3451 2735 3489 non
2780 3443 2959 3489 autem
3002 3452 3180 3491 omnes
3225 3437 3650 3494 immutabimur.

2060 3519 2131 3575 In
2156 3531 2441 3588 momento,
2480 3523 2538 3575 in
2574 3523 2686 3576 ictu
2730 3524 2892 3586 oculi,
2929 3524 2983 3577 in
3020 3524 3309 3578 novissima
3347 3523 3493 3578 tuba.
3536 3522 3649 3579 Tu-

2058 3613 2202 3666 babit
2240 3614 2400 3680 enim,
2435 3622 2487 3667 et
2524 3615 2724 3667 mortui
2770 3623 3043 3684 resurgant
3084 3616 3417 3686 incorrupti,
3459 3624 3510 3669 et
3550 3630 3645 3671 nos

2055 3704 2477 3759 immutabimur.
2505 3704 2603 3761 Est
2627 3713 2810 3760 autem
2841 3715 2896 3762 et
2924 3707 3107 3777 aliqua
3138 3708 3440 3763 secundum
3468 3708 3642 3780 legem

2054 3806 2110 3852 et
2141 3798 2399 3853 tubarum
2447 3797 2737 3866 festivitas,
2788 3796 3087 3855 Ncomenia
3145 3800 3362 3871 septimi
3409 3802 3643 3867 mensis,

2054 3890 2289 3946 forsitan
2342 3890 2664 3962 mysterium
2716 3891 2952 3963 alicujus
3008 3906 3153 3947 verae
3202 3892 3538 3964 festivitatis,
3588 3904 3649 3957 et

2054 3989 2197 4045 tuba:
2228 3988 2461 4059 alicujus
2488 3986 2746 4058 spiritalis
2779 3997 2833 4043 et
2860 3987 3238 4060 magniloquii.

2122 4083 2213 4138 53.
2259 4085 2301 4138 A
2325 4083 2430 4153 ﬁcu
2454 4091 2631 4136 autem
2656 4083 2849 4138 discite
2867 4082 3205 4152 parabolam.
3244 4083 3473 4151 Quando
3498 4088 3653 4143 enim

2041 4171 2161 4242 jam
2181 4188 2364 4226 ramus
2388 4172 2504 4242 ejus
2529 4171 2703 4241 factus
2730 4172 2894 4241 fuerit
2932 4180 3094 4238 tener,
3123 4182 3172 4228 et
3199 4174 3335 4244 folia
3364 4177 3636 4245 producit,

2049 4266 2237 4320 scitote
2260 4266 2385 4337 quia
2412 4280 2574 4336 prope
2603 4273 2683 4319 est
2707 4273 2890 4319 testas.
2922 4263 3011 4318 Sic
3036 4273 3086 4318 et
3116 4281 3206 4320 vos
3242 4282 3362 4320 cum
3397 4268 3637 4322 videritis

2049 4358 2161 4413 haec
2195 4358 2397 4422 omnia,
2437 4359 2626 4412 scitote
2667 4357 2795 4427 quia
2833 4374 2991 4428 prope
3031 4367 3109 4412 est
3145 4361 3200 4414 in
3237 4360 3438 4414 limine.
3468 4361 3637 4416 Amen

2049 4450 2168 4503 dico
2205 4449 2367 4514 vobis,
2404 4448 2656 4510 quoniam
2707 4463 2810 4501 non
2850 4448 3141 4515 prteteribit
3183 4452 3455 4520 generatio
3499 4452 3632 4517 tunc,

358 4542 598 4598 breviter
625 4543 837 4613 dicam,
871 4562 938 4600 ex
969 4556 1208 4617 quatuor
1252 4552 1432 4610 ventis
1475 4567 1810 4628 congregant
1853 4576 1935 4617 sa,
1975 4555 2022 4614 D
2049 4543 2216 4597 donec
2250 4542 2428 4596 omnia
2450 4540 2606 4610 ﬁant.
2644 4540 2845 4595 Cretum
2873 4550 2923 4595 et
2948 4549 3090 4596 terra
3125 4544 3451 4609 transibunt,
3476 4545 3635 4601 verba

353 4634 602 4691 cerdotes
632 4636 887 4696 tubantes
918 4655 1015 4698 eos
1046 4643 1140 4715 qui
1173 4651 1393 4701 suntex
1424 4647 1624 4703 castris
1659 4649 1823 4706 Israel
1853 4662 1944 4710 :et

355 4724 661 4780 secundum
713 4730 1179 4798 comparationem
1233 4733 1578 4789 sacerdotum
1606 4737 1939 4806 tubantium,

353 4815 531 4887 angeli
565 4816 767 4872 Christi
799 4834 925 4874 cum
959 4822 1089 4878 tuba
1120 4839 1316 4895 magna
1365 4828 1779 4898 congregabunt
1826 4830 1934 4886 ele-

351 4915 470 4962 ctos
493 4908 615 4977 ejus
644 4923 675 4964 a
707 4919 946 4980 quatuor
973 4915 1168 4970 ventis.
1207 4913 1313 4972 Sed
1344 4917 1399 4973 in
1428 4917 1686 4977 Numeris
1711 4922 1931 4993 quidem

352 5000 469 5056 haec
495 4999 635 5057 facta
662 5004 982 5061 scribuntur
1013 5006 1067 5061 in
1102 5009 1289 5076 terris,
1324 5009 1379 5065 in
1405 5009 1716 5084 Evangeliis
1747 5024 1929 5073 autem

350 5103 384 5144 a
417 5106 634 5150 summo
665 5104 825 5152 teme
854 5114 1030 5169 usque
1060 5101 1127 5156 ad
1159 5116 1437 5158 summum
1469 5106 1620 5163 coeli.
1652 5106 1785 5164 Post
1816 5109 1934 5166 haec

348 5193 532 5237 autem
561 5199 591 5238 a
616 5190 845 5246 summis
874 5191 1139 5251 caelorum
1169 5210 1348 5268 usque
1377 5198 1444 5252 ad
1475 5213 1692 5256 summa
1716 5217 1931 5259 eorum.

348 5273 416 5329 Et
456 5272 681 5335 forsitan
725 5279 809 5337 lea;
846 5283 1089 5340 umbram
1123 5284 1280 5341 habet
1327 5287 1634 5358 futurorum
1658 5293 1742 5347 9“:
1792 5304 1847 5351 et
1878 5296 1934 5351 in

346 5363 603 5421 Numeris
631 5383 848 5441 quoque
872 5374 1020 5449 quod
1046 5379 1281 5446 positum
1311 5387 1395 5435 est
1421 5380 1488 5436 de
1516 5383 1661 5439 tubis
1693 5393 1747 5440 et
1779 5387 1933 5442 ordi-

347 5458 511 5513 nibus
537 5456 726 5525 Israel,
770 5466 962 5521 umbra
998 5478 1084 5526 est
1117 5470 1448 5530 futurorum.
1500 5473 1578 5531 Ne
1610 5476 1750 5533 forte
1801 5494 1932 5550 ergo

2050 4646 2228 4692 autem
2252 4651 2369 4689 mea
2401 4651 2506 4689 non
2545 4634 2845 4688 transibunt
2876 4633 2945 4689 ’°.
2978 4632 3268 4700 Quomodo
3302 4636 3370 4692 de
3404 4637 3511 4694 ﬁeu
3552 4638 3665 4696 si-x

2044 4728 2295 4785 militudo
2327 4742 2517 4782 eorum
2549 4741 2671 4796 quas
2703 4726 2850 4781 dicta
2885 4735 3015 4781 sunt
3051 4727 3278 4797 intelligi
3310 4730 3505 4799 possit,
3536 4745 3657 4788 se»

2043 4822 2283 4879 cundum
2317 4820 2462 4891 quod
2490 4834 2789 4891 possumus
2817 4833 3177 4889 exponemus,
3207 4835 3275 4875 ne
3304 4819 3443 4877 forte
3476 4831 3658 4880 totus.

2046 4916 2133 4970 hic
2164 4890 2406 4969 mundus
2437 4920 2492 4968 ct
2520 4890 2923 4968 consummatio
2950 4912 3070 4982 ejus
3098 4911 3223 4967 [icui
3261 4913 3617 4971 assimiletur.

2044 5006 2437 5077 Unusquisque
2469 5003 2869 5075 proficientium
2903 5001 2968 5057 ad
2994 5003 3160 5057 vitam
3190 5004 3403 5061 beatam
3441 5015 3507 5062 ut»
3536 5009 3653 5063 via,

2042 5104 2168 5159 deat
2204 5099 2408 5155 Christi
2455 5097 2605 5153 verbi
2656 5095 2955 5167 gloriosum
3004 5095 3060 5149 in
3108 5111 3167 5151 se
3217 5105 3279 5152 et
3317 5098 3621 5169 perfectum

2042 5195 2359 5257 adventum,
2401 5188 2527 5245 [icui
2562 5186 2756 5244 simiiis
2788 5185 3072 5242 habeatur.
3121 5186 3277 5244 Sicut
3304 5191 3450 5244 enim
3481 5189 3619 5246 ficus

2036 5287 2091 5340 in
2118 5292 2359 5354 tempore
2384 5280 2604 5352 quidem
2636 5278 2832 5334 hiemis
2858 5276 3076 5333 vitalem
3106 5279 3327 5349 quidem
3358 5279 3614 5335 virtutem

2034 5377 2196 5432 habet
2228 5375 2285 5430 in
2315 5388 2394 5439 se,
2427 5369 2803 5425 absconditam
2837 5377 3020 5423 autem
3048 5368 3212 5424 habet
3238 5383 3382 5435 eam,
3416 5377 3471 5425 et
3502 5385 3614 5426 non
3640 5436 3643 5437 ν

2033 5469 2168 5525 satis
2198 5464 2547 5523 manifestam
2587 5479 2602 5515 :
2648 5461 2998 5533 postmodum
3040 5471 3221 5516 autem
3271 5476 3397 5517 cum
3442 5461 3616 5519 virtus

344 5558 618 5622 argentea!
652 5552 819 5624 tubae,
848 5559 1108 5626 quoniam
1142 5574 1430 5639 argentum
1474 5567 1529 5623 in
1569 5568 1756 5626 multis
1795 5569 1931 5629 locis
2030 5565 2148 5635 ipsa
2205 5561 2387 5619 vitalis
2441 5556 2659 5629 prodire
2707 5556 2934 5628 coeperit
2996 5554 3065 5610 ad
3116 5554 3620 5618 manifestationem

445 5763 490 5797 ⁸⁸
514 5781 575 5838 rt,
614 5766 635 5819 I
682 5774 737 5822 et
764 5781 916 5837 seqq.
1022 5769 1066 5802 9°
1092 5766 1255 5823 IIehr.
1287 5784 1341 5832 κ,
1369 5769 1421 5823 I.
1496 5767 1540 5801 "
1565 5784 1677 5838 xlv,
1702 5767 1755 5824 2.

340 5832 384 5865 ⁸⁸
412 5851 498 5906 xv,
521 5837 610 5907 5i,
633 5838 720 5893 52.
799 5832 853 5874 δέ
867 5832 1057 5895 Matth.
1098 5855 1248 5910 xxw,
1274 5840 1345 5896 52
1372 5847 1426 5896 et
1449 5854 1604 5911 seqq.

1867 5770 1912 5804 θ’
1936 5768 2149 5828 Coloss.
2181 5786 2239 5838 ιι,
2274 5767 2357 5836 ib,
2389 5767 2475 5826 l7.
2504 5788 2517 5795 -
2581 5770 2625 5805 ⁹³
2642 5768 2831 5829 Matth.
2864 5782 3014 5834 sxw,
3039 5767 3130 5825 5i.

3240 5766 3285 5800 ⁵⁵
3308 5780 3383 5835 tv,
3406 5760 3497 5833 14,
