4112 6420
456 348 592 403 1-383

1632 342 1953 399 ORIGENIS
1987 338 2057 394 IN
2096 338 2517 399 MATTHEUM

3582 345 3600 399 1
3613 343 3718 403 δδι

454 469 813 534 praetereunte
856 461 1056 526 hieme,
1088 474 1154 514 ex
1186 459 1304 528 ipsa
1338 455 1650 513 valetudine
1684 457 1807 528 ejus
1846 471 2035 523 ramus
2062 462 2110 520 Α
2137 453 2421 525 proferens
2472 463 2719 511 tenerum
2755 472 2990 522 ramum,
3025 472 3135 516 non
3177 457 3331 514 illum
3358 457 3593 525 durum,
3626 462 3718 516 sed

453 552 687 609 etlicitur
734 561 904 616 tener,
946 550 1202 619 producit
1238 561 1293 604 et
1327 547 1458 603 folia
1485 563 1500 602 :
1524 556 1579 603 et
1604 549 1751 605 sicut
1789 549 1954 605 arbor
1978 549 2036 605 in

452 643 655 697 virtute
719 642 836 712 ipsa
881 639 1010 695 folia
1061 639 1225 693 habet
1279 646 1335 692 et
1385 634 1635 707 fructus,
1691 646 1748 694 et
1796 637 2035 708 primum

451 735 670 807 quidem
719 742 802 790 est
846 746 1102 804 gemma,
1170 730 1366 785 deinde
1413 730 1676 800 paulatim
1732 731 2036 801 prolicisci-

455 837 546 881 tur
576 827 710 896 (85),
745 824 1044 879 novissime
1085 829 1271 879 autem
1309 830 1395 881 est
1444 822 1499 876 in
1548 821 1670 892 ipso
1694 821 1925 878 effectu:
1955 823 2037 879 sic

449 925 504 970 et
530 915 790 977 mundus,
819 923 873 968 et
898 913 1281 984 unusquisque
1311 927 1501 968 eorum
1527 912 1620 984 qui
1646 911 1949 981 salvantur,
1978 912 2035 967 in

453 1010 559 1063 line
598 1014 727 1061 ante
753 1005 961 1062 Christi
1006 1004 1304 1060 adventum
1349 1004 1511 1075 quasi
1551 1003 1609 1059 in
1640 1004 1843 1073 hieme,
1881 1005 1937 1059 in
1976 1020 2037 1060 se

447 1102 772 1157 absconsam
798 1099 965 1157 habet
995 1097 1215 1154 vitalem
1244 1097 1505 1154 virtutem
1541 1114 1555 1150 :
1595 1096 1818 1155 Christo
1849 1107 2031 1154 autem

444 1193 772 1262 inspirante,
808 1193 901 1263 qni
927 1201 1056 1249 sunt
1087 1192 1260 1249 teneri
1307 1201 1365 1247 et
1394 1206 1505 1247 non
1530 1189 1834 1248 duricordii
1870 1192 2031 1256 rami,

446 1295 501 1341 et
544 1302 668 1358 qua:
699 1285 1037 1365 “abscondita
1084 1293 1246 1342 erant
1287 1285 1343 1339 in
1393 1284 1476 1340 eis
1516 1285 1943 1355 progrediuntur
1975 1286 2030 1340 in

446 1378 577 1435 folia
604 1389 796 1435 aestate
847 1379 1108 1445 instante,
1142 1384 1197 1433 et
1225 1375 1548 1432 manifestos
1601 1375 1816 1432 fructus
1846 1384 2034 1433 osten-

442 1473 603 1540 dunt,
643 1486 785 1542 quos
825 1471 921 1541 qui
967 1469 1163 1540 aspicit
1200 1468 1256 1522 in
1299 1466 1521 1522 Christo
1562 1466 1679 1536 jam
1724 1466 1890 1523 videt.
1939 1465 2033 1525 Sic

447 1574 501 1621 et
532 1565 588 1619 in
617 1564 801 1635 aliqua
846 1563 1105 1634 parabola
1155 1560 1395 1616 refertur
1422 1558 1688 1624 Pastoris,
1718 1559 1764 1616 si
1798 1559 1888 1615 cui
1912 1560 2031 1630 pla-

445 1667 566 1714 ceat
595 1658 760 1715 etiam
793 1658 944 1711 illum
986 1657 1166 1726 legere
1191 1654 1420 1721 librum,
1456 1654 1720 1723 quoniam
1765 1654 2028 1710 saeculum

442 1765 682 1820 presens
735 1749 911 1804 hiems
967 1757 1050 1804 est
1092 1747 1297 1818 justis,
1346 1746 1443 1818 qui
1491 1754 1760 1817 apparent
1815 1745 2028 1802 similes

2142 545 2305 601 molle
2336 560 2435 603 cor
2464 545 2532 601 ad
2558 548 2892 604 credendum
2923 547 3035 606 Deo
3081 564 3097 603 :
3147 557 3202 605 et
3229 549 3508 621 profectus
3546 553 3720 607 nostri

2136 637 2419 710 proferant
2448 637 2580 695 folia
2608 641 2830 697 interim
2847 651 2902 698 et
2932 642 3098 700 ﬂores
3114 657 3367 714 operum,
3400 653 3459 699 ut
3476 653 3723 715 postmo—

2135 730 2267 786 dum
2297 730 2462 786 etiam
2488 731 2920 803 perfectissimos
2945 733 3179 804 fructus,
3210 750 3337 791 cum
3357 736 3523 808 873
3551 752 3718 795 vene-

2141 825 2217 880 rit
2244 826 2393 896 quod
2446 825 2746 896 perfectum
2781 837 2891 892 est,
2937 830 2994 885 in
3026 828 3309 886 Christum
3337 830 3717 889 exhibeamus.

2133 913 2328 972 Adhuc
2362 925 2419 973 et
2464 916 2566 988 ipsi
2610 919 2705 989 qui
2746 919 3048 984 salvantur,
3094 920 3299 977 habent
3344 922 3400 976 in
3441 936 3503 978 se
3532 935 3719 978 veram

2134 1009 2323 1076 vitem,
2368 1025 2497 1066 eum
2552 1012 2648 1082 qui
2694 1012 2875 1069 dixit'
2915 1031 2931 1069 :
2986 1012 3103 1084 Ego
3141 1031 3261 1069 sum
3302 1017 3425 1070 vitis
3487 1032 3633 1084 vera,
3665 1022 3725 1072 et

2135 1101 2440 1159 secundum
2494 1103 2956 1161 existimationem
3002 1105 3162 1174 vitis,
3219 1115 3274 1162 et
3317 1106 3481 1163 ticum
3532 1122 3721 1164 veram

2133 1193 2451 1249 offerentem
2493 1195 2763 1253 salutares
2806 1195 3047 1265 fructus,
3083 1198 3178 1254 ubi
3218 1199 3515 1270 requiescit
3542 1215 3718 1256 unus-

2132 1283 2367 1355 quisque
2420 1286 2723 1342 secundum
2780 1286 3082 1358 spiritalem
3134 1290 3562 1359 promissionem
3618 1289 3717 1346 Dei

2131 1376 2236 1432 sub
2265 1376 2373 1432 vite
2400 1391 2501 1432 sua
2541 1385 2598 1434 et
2635 1377 2738 1433 sub
2764 1378 2872 1435 ficu
2896 1394 3000 1435 sua
3027 1379 3072 1434 ⁸.
3107 1379 3177 1436 Ει
3210 1380 3338 1438 vitis
3365 1380 3583 1452 quidem
3625 1380 3718 1438 illa

2130 1467 2186 1522 in
2214 1467 2301 1524 his
2330 1468 2425 1540 qui
2456 1467 2770 1539 proficiunt,
2801 1470 2978 1538 ﬂoret,
3024 1481 3078 1528 et
3113 1471 3208 1528 dat
3251 1487 3413 1529 suum
3461 1473 3717 1543 odorem;

2128 1559 2268 1619 ﬁcus
2305 1567 2490 1616 autem
2535 1569 2591 1617 et
2635 1562 2754 1633 ipsa
2796 1562 3006 1634 profert
3047 1562 3263 1620 fructus
3305 1580 3458 1630 suos,
3498 1574 3561 1621 ut
3592 1574 3719 1635 post

2129 1651 2355 1723 dignum
2387 1651 2692 1722 profectum
2722 1654 2872 1726 digni
2919 1654 3220 1725 elliciantur
3251 1656 3568 1713 caelestibus
3601 1667 3718 1713 tor-

2129 1744 2410 1800 cularibus
2441 1744 2657 1802 fructus
2685 1761 2899 1814 eorum,
2927 1756 2983 1804 et
3014 1748 3268 1820 c0phinis
3295 1749 3524 1805 licorum
3559 1748 3719 1806 valde

441 1816 702 1909 proximis
735 1840 852 1896 suis
884 1816 1106 1903 natura,
1129 1846 1185 1894 et
1211 1816 1507 1894 arboribus
1530 1816 1794 1894 rvidelicet
1813 1836 2027 1893 caeteris
2057 1816 2102 1875 Β
2130 1838 2399 1894 honorum
2438 1838 2560 1910 ejus
2588 1839 2727 1895 licus
2767 1855 2889 1910 quae
2934 1816 3155 1897 teneros
3205 1839 3422 1897 fructus
3462 1848 3518 1896 et
3541 1840 3717 1898 bonos

438 1931 623 1998 siccis,
657 1944 901 2001 tempore
945 1940 1128 1986 autem
1167 1939 1481 2001 opportuno
1512 1930 1570 1984 in
1601 1928 1873 1985 fructibus
1908 1929 2024 1986 suis

441 2032 722 2093 apparent.
755 2020 813 2077 Si
847 2032 1030 2079 autem
1064 2031 1120 2078 et
1158 2024 1215 2078 in
1245 2023 1444 2100 primo.
1467 2022 1678 2093 psalmo
1707 2022 1753 2055 ⁸⁷
1780 2021 1887 2079 tale
1917 2021 2022 2077 ali-

438 2114 572 2186 quid
610 2115 673 2170 tit
709 2114 858 2186 quod
899 2115 967 2171 de
1006 2115 1166 2170 beato
1198 2115 1401 2171 dicitur
1432 2115 1545 2183 illo,
1584 2113 1737 2185 quod
1758 2115 1859 2173 erit
1897 2124 2022 2169 tan-

436 2225 600 2280 quam
650 2208 852 2279 lignum
902 2209 1042 2279 quod
1093 2208 1396 2279 plantatum
1435 2219 1511 2264 est
1564 2225 1713 2264 secus
1765 2208 2022 2265 decursus

437 2316 721 2370 aquarum,
748 2299 888 2370 quod
919 2299 1156 2369 fructum
1180 2317 1336 2355 suum
1368 2299 1517 2354 dabit
1559 2301 1616 2354 in
1651 2309 1880 2370 tempore
1899 2316 2018 2371 suo,

433 2402 483 2448 et
503 2394 695 2464 folium
725 2396 840 2465 ejus
862 2410 967 2451 non
987 2394 1200 2465 deﬂuet,
1229 2404 1280 2449 et
1304 2396 1483 2451 omnia
1511 2410 1838 2466 quaecunque
1861 2396 2021 2465 faciet

434 2486 910 2557 prosperabuntur,
945 2496 1000 2544 et
1022 2496 1078 2543 tu
1109 2488 1399 2543 considera
1431 2488 1579 2556 quod
1601 2487 1863 2557 scriptum
1898 2495 2016 2543 est:

438 2574 624 2632 Hiems
674 2580 911 2641 transiit,
974 2579 1109 2635 abiit
1161 2579 1296 2647 sibi,
1347 2580 1507 2649 ﬂores
1561 2587 1922 2650 apparuerunt
1963 2581 2022 2633 in

434 2680 617 2737 terra,
676 2671 822 2726 sicut
865 2672 1132 2743 scriptum
1182 2672 1237 2727 in
1286 2672 1514 2729 Cantico
1556 2672 1898 2727 canticorum
1936 2672 2016 2727 ὐς

434 2774 502 2813 ex
551 2774 663 2831 quo
705 2760 961 2817 Christus
1013 2762 1233 2817 advenit
1281 2762 1376 2832 qui
1416 2762 1731 2832 temperiem
1769 2761 2018 2818 introdu-

430 2849 531 2913 xit,
562 2858 617 2905 et
642 2850 903 2908 hiemales
949 2853 1174 2922 spiritus
1220 2850 1350 2908 fecit
1394 2868 1653 2909 cessare:
1680 2861 1736 2908 et
1769 2852 1928 2922 licus,
1963 2853 2019 2909 id

431 2950 516 2995 est
560 2942 821 3006 mundus,
874 2951 1121 2998 tenerum
1168 2958 1410 3011 ramum,
1456 2943 1514 2998 id
1557 2951 1643 2999 est
1693 2941 2015 3012 Ecclesiam,

433 3030 563 3088 fecit
599 3048 747 3089 nunc
780 3034 999 3104 quidem
1049 3034 1179 3093 folia
1220 3036 1610 3108 proferentem,
1642 3037 1815 3094 donec
1843 3047 1926 3093 est
1960 3039 2017 3094 in

432 3124 682 3193 proximo
714 3135 896 3191 aestas,
933 3127 1175 3183 nondum
1218 3136 1399 3182 tamen
1434 3127 1690 3194 advenit;
1736 3127 1879 3183 facta
1913 3143 2016 3183 au-

431 3225 539 3271 tem
584 3226 794 3285 aestate,
835 3218 1046 3288 plenius
1094 3218 1368 3290 perfectos
1420 3229 1475 3275 et
1518 3229 1763 3275 maturos
1797 3219 2018 3276 Christo

430 3310 569 3366 licus
602 3310 900 3380 praestabit,
925 3312 1146 3382 quando
1165 3312 1467 3368 secundum
1491 3309 1784 3365 Jeremiam
1810 3314 1856 3345 θ’
1878 3312 2018 3369 ﬁcus

430 3402 589 3457 home
612 3402 770 3459 bonae
797 3415 925 3459 sunt
962 3404 1139 3469 valde,
1168 3409 1510 3472 congregatae
1540 3401 1594 3454 in
1640 3400 1891 3471 cophinis
1918 3402 2018 3458 bo-

431 3510 626 3550 norum
678 3495 933 3563 ﬁcorum,
964 3511 1032 3552 ex
1059 3496 1264 3567 quibus
1309 3493 1558 3565 accipere
1586 3493 1723 3560 vult,
1769 3501 1824 3548 et
1856 3494 2016 3563 quasi

428 3587 588 3643 edere
623 3588 968 3646 dulcedinem
1010 3602 1225 3643 eorum.
1271 3586 1430 3642 Absit
1469 3592 1654 3642 autem
1699 3602 1732 3641 a
1767 3586 1928 3643 nobis
1957 3593 2018 3642 ut

424 3678 555 3737 Jesu
604 3683 858 3737 veniente
901 3680 970 3736 ad
1011 3694 1149 3745 nos,
1193 3688 1248 3733 et
1299 3679 1515 3735 volente
1564 3680 1904 3736 manducare
1948 3678 2018 3735 de

426 3772 554 3841 ficu,
609 3789 720 3829 non
769 3772 1084 3828 inveniatur
1128 3769 1344 3826 fructus
1391 3771 1446 3826 in
1476 3786 1561 3825 ea.
1619 3769 1678 3826 Si
1717 3771 1864 3826 enim
1902 3784 2014 3825 non

431 3864 600 3923 fuerit
640 3866 894 3921 inventus
940 3863 1154 3921 fructus
1199 3865 1255 3919 in
1283 3879 1371 3929 ea,
1409 3863 1543 3920 dicit
1572 3863 1639 3918 ad
1673 3879 1793 3919 eam
1826 3864 1881 3918 in
1912 3879 2015 3919 suo

428 3957 687 4021 adventu,
721 3971 844 4026 quae
874 3970 982 4011 non
1007 3955 1310 4012 ostenderit
1345 3955 1596 4011 fructus:
1625 3952 1921 4026 Nunquam
1949 3970 2016 4010 ea:

428 4055 478 4098 te
527 4045 809 4114 quisquam
876 4043 1114 4114 fructum
1169 4044 1451 4098 manducet
1498 4046 1538 4099 ‘.
1593 4042 1783 4100 Potest
1830 4052 2012 4099 autem

427 4136 564 4191 licus
606 4135 696 4189 illa
738 4136 962 4207 intelligi
1007 4137 1244 4208 populus
1283 4135 1744 4203 circumcisionis,
1775 4138 1844 4192 ad
1873 4151 2015 4207 quos

424 4228 674 4284 esuriens
719 4227 985 4285 Dominus
1036 4229 1220 4296 venit,
1267 4236 1322 4285 et
1368 4244 1495 4285 cum
1551 4244 1661 4284 non
1718 4229 2017 4285 invenisset

429 4320 667 4385 fructum
712 4322 768 4377 in
797 4339 884 4388 ea,
920 4324 1016 4379 sed
1066 4324 1239 4379 solam
1294 4324 1530 4393 speciem
1569 4323 1811 4392 vitalem,
1852 4323 2010 4394 dixit,

427 4428 700 4484 nunquam
734 4430 799 4468 ea;
833 4426 883 4469 te
921 4416 1202 4485 quisquam
1237 4416 1477 4485 fructum
1526 4416 1830 4471 manducet.
1877 4414 2014 4470 Pro-

2129 1930 2353 1998 protulit
2389 1939 2517 1986 ante
2541 1939 2759 1987 astum.
2789 1932 2964 2003 Cujus
3008 1932 3219 1990 fructus
3245 1934 3409 1990 etiam
3453 1934 3715 2005 languen-

2127 2034 2227 2089 tes,
2255 2038 2367 2078 non
2395 2031 2578 2079 autem
2616 2024 2941 2096 pigritantes
2972 2041 3133 2081 orare
3175 2026 3541 2095 medicantur,
3572 2027 3716 2083 sicut

2125 2114 2391 2185 scriptum
2441 2123 2526 2172 est
2558 2116 2579 2149 ⁸
2616 2117 2686 2172 de
2738 2115 2970 2174 Ezechia
3007 2133 3133 2190 rege
3166 2119 3222 2173 in
3263 2117 3424 2183 Isaia,
3459 2119 3554 2190 qui
3604 2120 3715 2176 sal-

2123 2217 2283 2264 vatus
2327 2216 2413 2263 est
2447 2224 2545 2278 per
2576 2208 2737 2275 ﬁcus,
2782 2216 2846 2263 ut
2888 2224 2959 2264 ne
3003 2218 3346 2277 moreretur;
3391 2211 3487 2266 sed
3533 2219 3589 2267 et
3629 2209 3713 2266 sol

2122 2313 2288 2369 super
2328 2312 2455 2353 eum
2496 2300 2554 2355 in
2598 2298 2862 2371 gradibus
2906 2298 3303 2356 demonstravit
3345 2299 3610 2370 majorem
3659 2309 3712 2355 et

2122 2390 2411 2446 clariorem
2454 2391 2506 2447 ei
2539 2390 2691 2449 diem
2714 2389 2964 2447 effectam
2999 2392 3041 2446 ⁸.
3092 2390 3260 2447 Multa
3295 2402 3379 2449 est
3415 2407 3545 2463 ergo
3584 2406 3710 2461 spes

2084 2473 2090 2480 ’
2121 2483 2175 2538 in
2203 2482 2310 2539 ticu
2348 2499 2473 2555 qua:
2499 2498 2568 2540 ex
2596 2483 2691 2539 Dei
2727 2484 2911 2540 verbis
2941 2485 3181 2554 primum
3216 2484 3436 2555 quidem
3477 2483 3607 2541 fecit
3633 2493 3709 2540 te-

2121 2589 2315 2630 nerum
2338 2590 2554 2630 ramum
2583 2589 2773 2641 suum,
2800 2583 2993 2645 postea
3021 2584 3204 2632 autem
3238 2576 3522 2632 nascentia
3556 2575 3707 2631 l‘olia.

2120 2664 2347 2724 Talibus
2389 2682 2560 2740 prope
2604 2676 2691 2724 est
2733 2676 2918 2735 aestas,
2966 2676 3022 2724 et
3069 2682 3241 2739 prope
3283 2678 3368 2725 est
3417 2670 3473 2725 in
3523 2669 3713 2724 limine

2119 2761 2414 2833 gloriosus,
2445 2770 2500 2817 et
2531 2761 2587 2816 in
2617 2761 2856 2818 nubibus
2875 2760 3080 2817 Christi
3099 2761 3390 2826 adventus,
3426 2771 3480 2817 et
3507 2761 3710 2816 adven-

2119 2861 2212 2909 tus
2251 2853 2441 2925 gloriae
2468 2851 2637 2909 Verbi
2670 2852 2790 2921 Dei,
2832 2860 2888 2908 et
2926 2867 3099 2923 prope
3144 2862 3229 2909 est
3261 2851 3580 2923 hujusmodi
3613 2851 3711 2906 ho-

2119 2943 2364 3000 minibus
2392 2958 2620 3015 regnum
2651 2943 2769 2999 Dei.

2191 3036 2281 3092 54.
2327 3035 2494 3091 Amen
2528 3036 2648 3091 dico
2678 3037 2845 3104 vobis,
2883 3038 3138 3108 quoniam
3181 3053 3283 3091 non
3327 3034 3580 3090 transibit
3617 3051 3708 3106 ge-

2121 3126 2324 3182 neratio
2357 3126 2489 3193 hwc,
2521 3126 2688 3180 donec
2713 3128 2893 3180 omnia
2919 3126 3030 3183 lucc
3055 3128 3214 3196 ﬁant.
3252 3125 3458 3181 (Icelum
3487 3135 3539 3180 et
3569 3135 3710 3179 terra

2125 3216 2451 3281 transibunt,
2497 3217 2656 3272 verba
2690 3227 2870 3272 autem
2912 3234 3030 3273 mea
3076 3235 3182 3273 non
3211 3217 3510 3273 transibunt
3535 3218 3578 3273 '.
3618 3214 3708 3271 Vi-

2118 3311 2349 3365 deamus
2395 3324 2520 3379 quae
2569 3309 2640 3365 sit
2688 3312 2967 3379 generatio
3018 3313 3136 3369 haec
3190 3313 3258 3368 de
3305 3327 3415 3382 qua
3466 3310 3707 3381 loquitur

2121 3399 2402 3457 Christus.
2449 3398 2517 3459 Et
2558 3401 2838 3470 simplices
2886 3402 3110 3473 quidem
3157 3402 3227 3458 ad
3279 3402 3708 3457 destructionem

2119 3489 2423 3546 Jerusalem
2474 3490 2724 3546 referunt
2760 3493 2926 3547 verba
2951 3533 2967 3560 ,
3011 3501 3067 3548 et
3106 3493 3174 3548 de
3216 3492 3309 3549 illa
3356 3494 3707 3565 generatione

2119 3581 2441 3638 existimant
2467 3582 2673 3638 dictum
2703 3599 2826 3654 quae
2854 3583 2960 3639 fuit
2993 3594 3238 3655 tempore
3265 3585 3466 3642 Christi
3503 3593 3558 3640 et
3588 3600 3709 3655 pas-

2119 3675 2330 3731 sionem
2367 3675 2489 3744 ejus
2533 3677 2774 3744 aspexit,
2829 3691 2939 3732 non
2984 3676 3340 3732 transituram
3382 3677 3708 3748 priusquam

2120 3769 2275 3823 lieret
2319 3767 2624 3826 destructio
2675 3768 2914 3826 civitatis
2974 3769 3144 3827 illius.
3196 3768 3395 3826 Nescio
3436 3777 3619 3824 autem
3662 3769 3708 3825 si

2119 3859 2345 3914 verbum
2390 3858 2462 3915 ad
2500 3859 2726 3914 verbum
2772 3875 3048 3932 exponere
3088 3869 3322 3931 possunt
3367 3859 3515 3931 quod
3551 3859 3707 3922 ait':

2120 3949 2244 4004 Non
2273 3950 2463 4005 videtis
2486 3951 2597 4005 lucc
2619 3951 2837 4005 omnia?
2862 3952 3031 4006 Amen
3059 3951 3179 4005 dico
3211 3951 3376 4016 vobis,
3413 3967 3516 4005 non
3546 3951 3707 4005 relin-

2116 4052 2310 4113 quetur
2352 4043 2438 4097 hic
2483 4043 2622 4113 lapis
2659 4059 2816 4113 super
2857 4042 3088 4114 lapidem
3116 4043 3207 4114 qui
3237 4060 3341 4097 non
3373 4043 3709 4111 destruatur,

2120 4150 2298 4206 usque
2333 4135 2399 4190 ad
2434 4135 2566 4191 illud
2597 4135 2742 4206 quod
2771 4135 2887 4191 ait:
2928 4134 3104 4207 Prope
3127 4145 3206 4189 est
3242 4136 3298 4188 in
3325 4135 3529 4189 limine.
3580 4135 3707 4191 For-

2117 4228 2259 4283 sitan
2289 4229 2437 4283 enim
2479 4228 2533 4283 in
2570 4227 2898 4299 quibusdam
2945 4236 3224 4298 poterunt,
3270 4228 3325 4283 in
3369 4228 3492 4284 aliis
3526 4238 3708 4284 autem

2117 4319 2345 4374 omnino
2386 4334 2495 4373 non
2529 4326 2808 4388 poterunt.
2844 4315 2911 4372 Et
2941 4319 3077 4373 satis
3110 4318 3474 4387 coangustati,
3519 4319 3709 4374 nescio

2117 4414 2163 4464 si
2218 4408 2424 4479 aliquid
2470 4407 2654 4463 dicere
2707 4406 3007 4477 potuerint.
3064 4406 3178 4463 Nos
3225 4418 3408 4463 autem
3463 4408 3521 4464 in
3572 4409 3710 4466 locis

424 4515 543 4574 pter
572 4504 715 4573 quod
748 4504 801 4559 in
830 4506 1064 4560 adventu
1096 4506 1219 4576 ejus
1247 4506 1510 4561 continuo
1540 4506 1782 4563 arefacta
1813 4516 1898 4564 est
1922 4509 2013 4564 illa
2049 4517 2091 4572 ι)
2119 4501 2308 4557 multis
2337 4501 2715 4562 observantes,
2752 4515 2951 4555 nomen
2993 4500 3368 4571 generationis
3412 4500 3710 4572 dupliciter

426 4596 586 4660 licus,
634 4595 690 4650 id
737 4604 821 4651 est
854 4596 1089 4666 populus
1135 4597 1259 4663 ille;
1299 4597 1387 4651 illa
1430 4606 1614 4653 autem
1668 4599 1840 4655 altera
1872 4598 2010 4656 ﬁcus

425 4700 583 4756 quae,
634 4698 901 4756 quantum
950 4688 1018 4743 ad
1064 4688 1245 4758 priora
1296 4697 1569 4758 tempora,
1620 4689 1824 4745 sterilis
1867 4700 2007 4759 erat,

425 4791 549 4847 quae
579 4774 755 4832 fuerat
782 4778 895 4849 jam
930 4779 1247 4835 .excidenda
1292 4789 1577 4850 propterea
1619 4781 1767 4852 quod
1801 4782 2006 4839 nullam

430 4863 698 4925 habuerat
727 4870 1030 4926 adhibitam
1068 4872 1173 4928 sibi
1209 4870 1547 4944 diligentiam
1587 4887 1618 4927 a
1646 4888 1749 4929 suo
1777 4872 2010 4945 fossore,

426 4974 552 5015 cum
590 4968 803 5017 stercus
841 4962 919 5016 illi
954 4964 1184 5034 coeperit
1217 4963 1593 5030 circummitti,
1623 4963 1865 5033 proferet
1892 4966 2009 5021 fru-

421 5057 578 5117 etus;
640 5067 763 5121 quae
814 5053 1109 5123 aliquando
1158 5065 1518 5110 evacuaverat
1565 5062 1768 5110 terram
1797 5098 1810 5122 ,
1863 5072 2009 5114 nunc

426 5149 611 5209 autem
660 5142 925 5215 largiores
967 5144 1179 5200 fructus
1232 5145 1486 5216 producit
1531 5146 1697 5201 etiam
1741 5162 1838 5217 pro
1871 5156 2010 5203 tem-

428 5247 565 5303 pore
593 5243 874 5291 transacto
910 5236 963 5291 in
995 5252 1105 5307 quo
1134 5238 1337 5293 sterilis
1367 5237 1490 5293 fuit.
1533 5236 1600 5293 Et
1631 5238 2008 5309 unusquisque

428 5333 680 5381 nostrum
713 5337 839 5396 post
885 5328 1093 5385 hiemes
1142 5329 1526 5396 tentationum,
1569 5337 1624 5385 et
1671 5341 1795 5399 post
1831 5330 2006 5385 tristi-

426 5417 560 5474 tiam
586 5419 956 5490 periculorum
987 5428 1385 5477 transactorum
1426 5422 1761 5478 adaestatem
1792 5422 2012 5478 festinet

361 5645 369 5653 .
493 5602 541 5636 ⁸⁷
562 5618 707 5659 vers.
741 5605 797 5659 5.

431 5669 604 5729 I’ibid.
630 5673 718 5727 11.

506 5786 617 5855 (83)
655 5787 709 5843 ω
744 5801 821 5844 cst
843 5792 1071 5861 proﬁcit.

874 5600 921 5636 "
960 5617 1023 5668 η,
1049 5604 1136 5669 ll,
1163 5602 1250 5657 l2.
1327 5604 1371 5635 ⁸³
1401 5617 1546 5667 xxw,
1579 5601 1632 5656 5.
1713 5597 1915 5654 ‘Marc.
1945 5615 2020 5662 χι,
2056 5598 2143 5652 14.
2175 5601 2195 5631 ³
2217 5597 2379 5658 Joan.
2408 5621 2497 5670 xv,
2524 5605 2573 5659 1.

796 5673 1022 5728 “Matth.
1045 5689 1192 5739 xxnv,
1215 5673 1305 5739 54,
1337 5672 1425 5729 55.
1504 5671 1523 5703 ⁷
1548 5672 1675 5727 ibid.
1705 5670 1741 5725 ‘2
1761 5678 1815 5726 et
1834 5685 1984 5741 seqq.
2012 5670 2034 5701 ⁸
2056 5686 2091 5738 ι,
2112 5670 2163 5726 4.
2240 5673 2260 5703 ⁸
2286 5676 2486 5729 vers.l.

2120 4590 2439 4662 accipimus.
2486 4589 2836 4644 Arbitramur
2875 4590 3022 4644 enim
3055 4590 3195 4646 duas
3236 4606 3359 4647 esse
3393 4593 3709 4663 generatio-

2119 4698 2237 4750 nes,
2268 4697 2434 4737 unam
2462 4680 2682 4763 quidem
2711 4678 3048 4745 Iudaeorum,
3088 4681 3315 4735 alteram
3351 4689 3549 4737 autem.
3570 4698 3707 4753 gen-

2114 4776 2278 4832 tium.
2332 4774 2424 4830 Sic
2454 4774 2809 4844 intelligimus
2851 4783 2906 4829 et
2942 4772 3309 4831 Ecclesiasten
3353 4774 3624 4831 dicentem
3648 4775 3703 4827 ’τ

2119 4866 2402 4921 Generatio
2429 4865 2595 4933 vadit,
2637 4874 2687 4920 et
2715 4866 2984 4936 generatio
3014 4867 3174 4932 venit,
3203 4876 3253 4921 et
3283 4875 3428 4921 terra
3466 4868 3519 4919 in
3546 4875 3700 4920 teter-

2116 4975 2243 5013 num
2271 4966 2400 5013 stat.
2454 4956 2531 5012 De
2568 4957 2773 5027 populo
2824 4957 2970 5012 enim
3004 4956 3319 5013 Judaeorum
3347 4957 3699 5029 prophetans,

2114 5053 2209 5123 qui
2240 5050 2422 5106 fuerat
2459 5049 2820 5113 transiturus,
2852 5050 2949 5115 ait,
2980 5051 3251 5120 generatio
3285 5049 3469 5109 vadit:
3503 5047 3572 5104 de
3603 5063 3704 5119 po-

2113 5143 2243 5215 pulo
2267 5149 2448 5196 autem
2475 5141 2718 5211 gentium
2749 5142 3025 5197 credituro
3049 5142 3208 5209 dixit,
3240 5142 3511 5213 generatio
3544 5139 3705 5196 venit.

2117 5233 2247 5289 Tale
2283 5230 2490 5301 aliquid
2521 5240 2653 5302 puto
2687 5243 2743 5287 et
2783 5235 2838 5287 in
2880 5235 3091 5304 psalmo
3137 5235 3477 5305 octogesimo
3516 5233 3706 5288 nono’

2118 5328 2226 5383 dici
2260 5342 2291 5381 a
2320 5325 2505 5396 Moyse
2538 5325 2591 5379 in
2620 5325 2866 5381 oratione
2906 5325 3119 5396 ipsius:
3151 5324 3398 5391 Domine,
3440 5326 3705 5397 refugium

2122 5420 2294 5487 factus
2323 5433 2377 5471 es
2408 5414 2559 5470 nobis
2594 5432 2626 5468 a
2654 5418 2991 5486 generatione
3030 5416 3085 5469 in
3108 5417 3520 5485 generationem.
3554 5414 3705 5471 Dua-

2653 5606 2673 5636 ³
2712 5602 2777 5658 Ill
2807 5603 2937 5677 Reg.
2966 5621 3037 5673 tv,
3061 5606 3151 5662 95.
3228 5605 3249 5637 ⁸
3271 5603 3340 5661 IV
3364 5606 3495 5678 Bcg.
3533 5621 3629 5677 xx,
3648 5602 3702 5661 7.
