4112 6472
404 378 537 436 I685

1524 372 2181 429 COMMENTARIORUM
2225 369 2489 426 SERIES.

3535 375 3684 428 1686·-

402 509 519 550 rum
550 492 694 546 enim
733 491 1146 562 generationum
1196 487 1464 559 refugium
1513 498 1596 543 est
1629 490 1800 555 Deus,
1853 492 1979 560 quia
2010 494 2054 549 Α
2085 488 2166 544 iit.
2201 487 2371 542 Instat
2399 486 2545 540 enim
2579 495 2629 540 et
2662 495 2942 554 operatur,
2972 490 3098 556 quia
3135 503 3313 555 neque
3337 489 3666 560 principium

403 603 540 641 unus
575 595 651 640 est
686 584 823 638 Deus
851 585 940 654 qui
967 583 1234 653 justiﬁcat
1262 583 1716 637 circumcisionem
1753 598 1818 636 ea:
1851 583 1975 652 ﬁde,

402 687 449 731 et
475 678 794 746 prwputium
827 692 919 744 per
955 677 1112 743 fidem
1143 675 1206 730 ⁸⁸.
1253 673 1317 729 Et
1344 675 1602 743 quoniam
1633 691 1736 726 non
1775 683 1978 728 tantum

405 767 735 832 Iudworum,
771 767 860 820 sed
883 766 1046 820 etiam
1075 765 1312 835 gentium
1340 775 1417 818 est
1448 764 1586 819 Deus
1611 766 1677 829 “,
1705 779 1836 834 ergo
1869 781 1976 820 non

403 859 696 928 praeteribit
722 858 998 929 generatio
1021 854 1158 911 Novi
1189 855 1523 912 Testamenti
1555 871 1678 926 quae
1707 864 1791 911 est
1810 855 1865 909 in
1900 855 1980 910 fa-

403 953 484 1005 cie
513 950 833 1015 Salvatoris,
871 963 1048 1018 neque
1074 948 1246 1004 abibit
1277 948 1343 1003 ad
1381 949 1502 1004 illas
1531 948 1720 1004 beatas
1746 948 1981 1018 promis-

404 1042 581 1096 siones
616 1041 762 1095 illius
795 1041 1002 1102 saeculi,
1039 1041 1212 1096 donec
1241 1041 1429 1094 omnia
1463 1039 1594 1094 ﬁant
1620 1055 1742 1109 quas
1767 1040 1979 1095 locutus

401 1142 483 1186 est
549 1131 821 1188 Christus.
893 1131 1200 1201 Unicuique
1259 1133 1406 1186 enim
1461 1139 1709 1187 nostrum
1765 1139 1981 1202 oportet

399 1225 582 1279 omnia
614 1224 730 1278 ﬁeri
771 1238 893 1294 quae
930 1223 1187 1294 praedicta
1223 1233 1370 1291 sunt,
1423 1224 1566 1278 sicut
1608 1237 1705 1294 per
1735 1223 1979 1293 singulas

399 1314 771 1384 expositiones
817 1315 1166 1370 tradidimus.
1241 1313 1360 1370 Una
1411 1329 1540 1385 ergo
1579 1316 1854 1386 generatio
1897 1325 1980 1370 est

400 1404 656 1460 Ecclesiae
691 1421 815 1476 qua:
848 1408 1014 1477 ctepit
1057 1423 1122 1462 ex
1151 1408 1397 1462 doctrina
1432 1406 1648 1460 Domini
1678 1406 1979 1463 Salvatoris

399 1512 574 1568 usque
612 1498 678 1552 ad
714 1499 1282 1565 consummationem;
1329 1507 1384 1552 et
1411 1499 1526 1553 haec
1556 1499 1672 1569 ipsa
1703 1499 1979 1569 generatio

400 1587 656 1642 transivit
679 1587 899 1656 quidem
932 1587 1227 1656 aliquando
1272 1596 1446 1642 totum
1474 1588 1732 1642 szeculum
1764 1587 1888 1655 hoc,
1925 1595 1981 1643 et

399 1679 750 1746 pertransibit
790 1679 992 1749 ipsum,
1045 1687 1106 1732 ut
1154 1678 1436 1734 ha’reditet
1491 1679 1626 1735 illud
1693 1680 1973 1747 futurum;

397 1778 581 1824 tamen
645 1769 820 1824 donec
884 1771 1018 1825 ﬁant
1070 1770 1187 1825 haec
1256 1771 1482 1838 omnia,
1529 1786 1638 1825 non
1701 1773 1972 1828 transibit.

2089 579 2346 649 operandi
2395 588 2524 634 ante
2569 587 2813 648 tempora
2861 581 3073 636 dierum
3121 581 3361 651 accepit,
3401 584 3496 637 sed
3538 599 3662 638 cum

2087 679 2338 725 creatura
2373 670 2556 738 coepit,
2591 679 2646 724 et
2679 685 2798 726 cum
2831 678 3083 727 creatura
3114 672 3389 727 transibit.
3426 673 3658 729 Verbum

2087 771 2266 818 autem
2291 762 2436 832 quod
2465 761 2633 834 8⁵14
2655 762 2891 819 fuitantc
2921 770 3256 828 creaturam,
3281 778 3385 817 non
3411 767 3664 821 transibit

2086 868 2211 908 cum
2247 861 2432 908 creatu
2442 867 2496 906 ra
2506 889 2520 906 ο

2154 944 2243 1000 55.
2287 942 2364 996 De
2400 942 2486 995 die
2528 949 2706 995 autem
2748 939 2845 993 illa
2887 948 2938 994 et
2971 939 3106 994 hora
3149 954 3297 1004 nemo
3331 939 3455 1003 scit,
3503 955 3664 1009 neque

2087 1036 2258 1108 angeli
2307 1034 2580 1100 caelorum,
2636 1049 2798 1104 neque
2837 1032 3038 1097 Filius,
3084 1033 3186 1086 nisi
3217 1030 3385 1086 Pater
3423 1030 3567 1084 solus
3597 1033 3658 1086 ⁸³.

2088 1130 2351 1185 Videntur
2384 1131 2501 1184 hac
2545 1143 2776 1200 arguere
2805 1143 2901 1184 eos
2943 1128 3036 1198 qui
3067 1126 3397 1196 promittunt
3425 1124 3494 1179 de
3533 1139 3665 1179 con-

2088 1223 2450 1278 summatione
2494 1232 2550 1276 et
2590 1219 2942 1289 corruptione
2984 1217 3173 1273 mundi
3217 1231 3277 1272 se
3307 1214 3664 1284 comprehen-

2086 1313 2233 1378 dere,
2264 1320 2316 1366 et
2347 1312 2697 1382 pronuntiant
2723 1310 2880 1380 quasi
2913 1311 3076 1365 instet
3103 1309 3218 1364 dies
3248 1306 3461 1363 Domini
3486 1322 3499 1358 :
3526 1321 3663 1375 qua-

2089 1404 2167 1459 les
2219 1404 2480 1457 dicuntur
2534 1401 2704 1456 fuisse
2757 1403 2980 1472 quidam
3032 1398 3554 1455 Tbessalonicenscs
3609 1397 3660 1450 in

2088 1504 2332 1564 tempore
2359 1493 2626 1563 Apostoli,
2665 1495 2734 1548 de
2767 1494 2967 1563 quibus
3016 1493 3210 1549 scribit
3244 1491 3349 1542 "‘z
3394 1488 3676 1560 Rogamus.

2087 1595 2264 1642 autem
2288 1603 2397 1649 vos,
2432 1585 2650 1654 fratres,
2671 1599 2764 1654 per
2793 1585 3074 1640 adventum
3102 1582 3314 1640 Domini
3342 1583 3510 1637 nostri
3533 1579 3662 1636 Jesu

2087 1676 2307 1740 Christi,
2346 1684 2395 1731 et
2425 1685 2664 1730 nostram
2697 1675 3153 1745 congregationem
3193 1675 3247 1729 in
3289 1675 3427 1743 ipso,
3461 1684 3522 1728 ut
3558 1689 3662 1727 non

2087 1769 2190 1822 cito
2225 1769 2540 1822 moueamini
2579 1785 2613 1821 a
2640 1783 2798 1821 sensu
2835 1774 3030 1829 uestro,
3065 1783 3224 1836 neque
3252 1763 3657 1829 conturbemini,

397 1859 627 1925 Quando
674 1870 854 1916 autem
907 1861 962 1916 in
1015 1861 1101 1918 bis
1164 1862 1421 1918 omnibus
1473 1862 1747 1919 suﬁiciens
1792 1863 1976 1930 fuerit,
2011 1852 2052 1906 Β
2084 1877 2246 1931 neque
2288 1877 2381 1930 per
2416 1861 2699 1930 spiritum,
2743 1872 2904 1928 neque
2946 1856 3318 1926 per,uerbum,
3363 1871 3524 1924 neque
3569 1871 3662 1922 per

396 1960 458 2004 et'
492 1951 848 2020 impassibilis
917 1951 1285 2023 permanserit
1335 1967 1510 2022 usque
1561 1952 1630 2007 ad
1678 1955 1978 2025 gloriosum

397 2039 604 2094 Christi
642 2041 958 2109 adventum,
1002 2049 1132 2098 tunc
1162 2042 1537 2112 pertransibit.
1571 2041 1778 2098 Tamen
1807 2043 1982 2101 donec

399 2131 531 2186 ﬁant
576 2132 693 2186 haec
729 2133 946 2197 omnia,
987 2147 1098 2187 non
1139 2133 1388 2203 quaedam
1436 2147 1626 2188 eorum
1675 2149 1798 2204 quae
1837 2135 1980 2190 dicta

396 2231 562 2290 sunt,
613 2224 860 2294 quaedam
924 2233 1107 2279 autem
1157 2241 1269 2280 non
1324 2233 1454 2280 sunt
1524 2224 1740 2294 futura,
1797 2237 1978 2282 tamen

395 2313 650 2368 transibit
697 2315 975 2385 generatio
1025 2315 1163 2381 haec,
1209 2331 1333 2371 cum
1385 2317 1570 2373 omnia
1614 2317 1730 2374 haec
1777 2318 1980 2376 fuerint

397 2406 562 2472 facta,
601 2421 727 2461 cum
777 2407 1054 2462 transierit
1100 2423 1210 2462 non
1261 2409 1439 2464 solum
1485 2419 1659 2480 terra,
1693 2413 1785 2468 sed
1814 2413 1976 2468 etiam

392 2497 618 2562 calum,
657 2498 709 2551 id
739 2506 826 2553 est
858 2514 967 2553 non
1010 2500 1189 2554 solum
1221 2501 1276 2554 hi
1317 2502 1570 2558 homines
1599 2519 1835 2575 quorum
1869 2504 1976 2559 vita

392 2597 604 2644 terrena
631 2597 734 2654 est,
767 2598 820 2644 et
846 2598 1130 2660 propterea
1164 2601 1307 2646 terra
1335 2592 1595 2649 dicuntur
1621 2613 1636 2663 ;
1680 2597 1776 2651 sed
1804 2597 1971 2651 etiam

394 2681 469 2734 illi
496 2696 730 2750 quorum
762 2682 1105 2738 conversatio
1135 2694 1219 2740 est
1249 2685 1304 2739 in
1337 2687 1513 2750 caelis,
1544 2695 1598 2741 et
1626 2686 1750 2743 ideo
1776 2689 1976 2744 ctelum

393 2781 681 2826 vocantur.
739 2771 1078 2830 Transibunt
1123 2782 1307 2834 autem
1359 2776 1426 2830 ad
1471 2775 1675 2843 futura,
1709 2787 1765 2835 et
1795 2781 1978 2836 omnis

398 2871 570 2917 status
618 2879 839 2931 eorum,
869 2875 929 2920 ut
970 2867 1196 2921 veniant
1244 2865 1312 2920 ad
1354 2867 1714 2923 eminentiora
1761 2878 1816 2923 et
1863 2885 1980 2925 me-

396 2955 550 3010 liora.
581 2952 825 3019 Ouorum
864 2956 1273 3022 revelationem,
1308 2971 1432 3010 cum
1475 2957 1586 3012 sint
1611 2957 1706 3012 ﬁlii
1736 2957 1852 3022 Dei,
1882 2975 1978 3014 ex-

393 3046 661 3116 spectatio
707 3058 975 3102 creaturae
1021 3056 1330 3117 exspectat,
1381 3058 1434 3104 et
1484 3050 1665 3105 omnis
1726 3061 1975 3107 creatura

392 3129 849 3204 congemisciteis
868 3143 923 3190 et
939 3137 1347 3202 dolet,"donec
1377 3155 1406 3193 a
1434 3139 1631 3194 timore
1665 3139 1880 3194 Domini
1917 3141 1971 3194 in

392 3224 886 3295 uteroaccipientcs
932 3223 1242 3292 repererinl
1294 3227 1756 3299 spiritumsalutis
1773 3232 1977 3287 facien-

391 3323 472 3368 tes
501 3329 632 3370 suas
665 3312 892 3384 feturas,
927 3325 982 3371 et
1008 3325 1136 3372 tunc
1170 3319 1428 3373 transibit
1459 3321 1740 3391 generatio
1767 3322 1834 3377 de
1868 3336 1977 3393 qua

389 3404 634 3475 loquitur
664 3407 943 3476 Christus,
979 3418 1033 3465 et
1055 3412 1254 3466 ccelum
1297 3416 1598 3470 secundum
1632 3416 1776 3486 quod
1806 3429 1977 3487 expo-

387 3496 625 3562 suimus,
661 3507 714 3554 et
747 3507 889 3554 terra
919 3501 1221 3559 secundum
1250 3505 1392 3574 quod
1420 3506 1766 3562 tradidimus.
1797 3505 1978 3562 Verba

387 3599 570 3644 autem
593 3607 717 3661 quae
754 3607 784 3646 a
818 3591 1102 3651 Salvatore
1137 3606 1266 3652 sunt
1300 3597 1467 3662 dicta,
1495 3613 1607 3652 non
1641 3599 1974 3667 transibunt,

387 3682 651 3751 quoniam
685 3699 808 3754 quae
834 3703 932 3741 sua
965 3687 1187 3758 propria
1226 3696 1354 3740 sunt
1394 3696 1716 3756 operantur,
1744 3697 1800 3743 et
1829 3705 1976 3746 nunc

387 3779 442 3824 et
470 3785 685 3839 semper
715 3775 1110 3842 operabuntur.
1158 3774 1392 3831 Pet-fecti
1436 3786 1617 3831 autem
1653 3786 1706 3832 et
1744 3779 1837 3848 qui
1865 3795 1975 3834 non

395 3861 687 3930 recipiunt,
722 3875 780 3917 ut
805 3864 918 3933 jam
953 3866 1208 3922 meliores
1255 3866 1578 3934 efﬁciantur,
1626 3877 1975 3926 transeuntes

397 3951 546 4020 quod
585 3963 735 4023 sunt,
782 3958 1107 4026 perveniunt
1148 3959 1216 4013 ad
1249 3958 1382 4012 illud
1413 3960 1562 4028 quod
1587 3974 1697 4014 non
1723 3968 1872 4015 sunt.
1913 3960 1973 4016 In

387 4061 456 4100 eo
495 4055 677 4101 autem
717 4048 863 4118 quod
897 4049 1054 4115 dixit,
1087 4049 1244 4102 verba
1284 4057 1462 4103 autem
1486 4065 1601 4104 mea
1629 4067 1732 4104 non
1754 4060 1974 4120 preter-

388 4137 562 4206 ibunt,
595 4147 650 4195 et
678 4139 784 4194 hoc
817 4140 1078 4195 existimo
1128 4141 1506 4210 querendum,
1536 4156 1606 4196 ne
1634 4142 1775 4200 forte
1801 4141 1973 4214 Moysi

389 4231 608 4300 quidem
644 4233 810 4286 verba
859 4243 913 4288 et
959 4234 1351 4304 pmphetarum
1404 4234 1761 4300 transierunt,
1810 4236 1973 4290 verba

389 4331 569 4377 autem
593 4322 721 4380 Jesu
752 4324 956 4380 Christi
997 4341 1105 4380 non
1154 4327 1532 4382 transierunt:
1558 4327 1820 4396 quoniam
1852 4342 1973 4396 quae

387 4415 856 4484 prophetabantur
880 4418 1098 4487 quidem
1123 4419 1196 4472 ab
1232 4419 1342 4474 illis
1373 4420 1592 4490 impleta
1625 4429 1774 4488 sunt,
1802 4422 1970 4476 verba

383 4516 566 4562 autem
591 4509 798 4565 Christi
829 4527 1047 4581 semper
1076 4522 1206 4568 sunt
1235 4512 1414 4582 plena,
1443 4524 1497 4570 et
1529 4515 1584 4570 in
1621 4524 1746 4571 actu
1779 4515 1968 4585 implc-
2000 4553 2044 4608 Β

386 4602 550 4656 tionis
581 4611 709 4657 sunt
748 4618 985 4673 semper,
1023 4615 1076 4659 et
1113 4606 1358 4675 quotidie
1401 4607 1716 4678 implentur,
1745 4617 1800 4664 et
1827 4624 1969 4662 nun-

385 4707 550 4760 quam
581 4694 996 4764 perimplentur.
1030 4699 1153 4765 Ipsa
1188 4697 1333 4751 enim
1371 4709 1501 4754 sunt
1534 4715 1658 4770 qua:
1679 4701 1733 4754 in
1763 4701 1969 4756 sanctis

379 4790 435 4838 et
482 4782 702 4853 impleta
753 4793 883 4839 sunt
920 4796 976 4841 et-
1011 4788 1328 4858 implentur,
1370 4801 1425 4846 et
1474 4792 1653 4846 adhuc
1697 4800 1828 4848 sunt
1865 4793 1968 4847 im-

385 4873 598 4940 plenda.
631 4874 740 4928 Aut
778 4875 918 4931 forte
951 4893 1130 4948 neque
1163 4878 1332 4952 Moysi
1362 4881 1526 4936 verba
1562 4883 1646 4936 vel
1676 4885 1968 4953 propheta-

381 4977 502 5016 rum
528 4965 712 5021 dicere
740 4967 1002 5024 debemus
1034 4970 1254 5041 impleta
1282 4973 1509 5028 omnino
1534 4992 1546 5027 :
1574 4976 1791 5044 pmprie
1815 4977 1958 5030 enim

381 5062 436 5106 et
480 5055 572 5110 illa
609 5059 773 5114 verba
822 5060 944 5116 Filii
976 5062 1071 5119 Dei
1122 5073 1252 5120 sunt
1295 5073 1351 5121 et
1379 5081 1597 5136 semper
1643 5069 1956 5138 implentur.

385 5140 526 5211 Ergo
566 5148 769 5204 bonum
824 5161 908 5207 est
955 5153 1273 5210 altitudines
1297 5156 1589 5212 verborqu
1649 5159 1960 5215 divinorum

380 5234 564 5290 verbis
594 5239 929 5310 simplicibus
959 5246 1265 5315 explicare;
1295 5258 1473 5303 tamen
1508 5259 1725 5319 propter
1755 5267 1961 5322 paucos

381 5325 742 5387 discutiamus
797 5336 916 5392 bzec
965 5345 1178 5394 tantum
1250 5340 1645 5411 intelligentes,
1699 5347 1955 5414 quoniam

383 5419 609 5476 verbum
640 5428 786 5493 quod
831 5430 885 5484 in
920 5433 1086 5488 verbo
1118 5433 1212 5488 Dei
1252 5437 1554 5490 humanum
1596 5447 1700 5506 est,
1744 5456 1774 5494 a
1805 5457 1960 5497 crea-

383 5523 534 5569 tione
562 5519 750 5573 mundi
781 5537 954 5592 usque
983 5527 1050 5580 ad
1077 5533 1609 5586 consummationem
1641 5548 1750 5587 non
1777 5543 1958 5591 trans-

453 5716 495 5746 ¹⁰
535 5717 692 5773 Rom.
729 5736 817 5785 Ill,
842 5720 929 5776 30.
989 5723 1027 5753 ¹¹
1055 5724 1289 5781 ibitl.'29.
1371 5730 1411 5760 "
1440 5727 1599 5785 Rom.
1631 5746 1749 5794 vm,
1780 5731 1864 5795 {9,
1891 5731 1982 5786 2'2.

377 5799 455 5842 XI.
478 5788 566 5842 ‘27.
650 5793 689 5821 ⁸⁵
713 5789 841 5842 an.
875 5793 1028 5842 ".52.
1111 5798 1152 5827 ¹⁶
1179 5796 1403 5842 ι’ὴίΙὶηη
1431 5815 1484 5842 Il,
1515 5801 1566 5842 Ω-
1647 5802 1687 5832 Π
1716 5802 1806 5842 ΛΜ
1862 5819 1872 5842 ι
1927 5805 1958 5842 κ

650 5793 689 5821 ¹¹¹
713 5789 841 5846 Luc.
875 5793 1028 5860 ",52.
1111 5796 1404 5870 “Philipp.
1431 5815 1488 5867 lt,
1515 5801 1566 5854 9.
1647 5802 1687 5832 ⁸⁷
1710 5789 1827 5856 Art.
1854 5789 1896 5862 ἰ,
1927 5805 1987 5869 ti,
2008 5802 2059 5856 7.

2082 1950 2362 2021 epistolam
2400 1951 2556 2021 quasi
2598 1966 2691 2020 per
2733 1964 2828 2002 nos
2870 1947 3121 2013 missam,
3165 1945 3318 2016 quasi
3352 1945 3512 1997 instet
3549 1942 3660 1996 dies

2081 2043 2318 2097 Domini.
2351 2041 2516 2097 Forte
2546 2042 2806 2114 quoniam
2840 2041 2982 2112 apud
3002 2037 3221 2094 Judaaos
3251 2044 3410 2092 erant
3437 2034 3658 2107 quidam

2081 2135 2195 2192 sive
2223 2152 2320 2206 per
2343 2134 2656 2206 Scripturas
2693 2137 3012 2206 proﬁtentes
3042 2132 3108 2188 de
3148 2128 3482 2200 temporibus
3532 2142 3665 2182 con-

2081 2229 2468 2284 summationis
2508 2244 2568 2286 se
2611 2228 2788 2296 scire,
2827 2227 2942 2283 sive
2979 2224 3046 2282 de
3077 2223 3335 2290 secretis;
3381 2219 3505 2276 ideo
3547 2219 3662 2276 haec

2080 2320 2273 2376 scribit
2311 2321 2515 2376 docens
2555 2320 2852 2390 discipulos
2903 2333 3055 2382 suos,
3089 2325 3149 2372 ut
3183 2315 3389 2372 nemini
3435 2312 3662 2370 credant

2081 2412 2211 2468 talia
2264 2411 2561 2482 proﬁtenti.
2619 2411 2685 2466 Et
2731 2412 2968 2482 seipsum
3024 2411 3297 2474 Salvator,
3356 2403 3658 2462 secundum

2081 2506 2228 2560 hunc
2263 2505 2466 2568 locum,
2515 2504 2798 2573 coniungit
2845 2503 3225 2575 ignorantibus
3255 2501 3397 2556 diem
3426 2498 3578 2551 illum
3603 2507 3658 2549 et

2081 2596 2294 2651 horam.
2331 2594 2398 2648 Et
2433 2595 2830 2650 rationabiliter
2877 2604 2960 2650 est
2988 2592 3340 2664 quatrendum
3382 2587 3659 2660 quomodo

2080 2688 2173 2757 qui
2203 2687 2428 2742 conﬁdit
2461 2702 2521 2742 se
2553 2701 2882 2757 cognoscere
2910 2685 3146 2750 Patrem,
3183 2684 3371 2739 dicens
3399 2681 3440 2712 “
3459 2695 3471 2730 :
3490 2678 3660 2734 Nemo

2079 2781 2221 2834 novit
2258 2777 2476 2833 Patrem
2513 2779 2619 2834 nisi
2648 2777 2844 2844 Filius,
2885 2789 2934 2832 et
2977 2779 3062 2832 cui
3094 2777 3319 2830 voluerit
3349 2772 3397 2826 F
3402 2773 3530 2827 ilius
3575 2788 3658 2826 re-

2077 2868 2268 2934 uelare,
2297 2868 2510 2923 Patrem
2539 2869 2759 2938 quidem
2789 2868 2960 2933 novit,
3002 2868 3145 2921 diem
3173 2877 3353 2921 autem
3383 2874 3437 2919 et
3463 2864 3658 2918 horam

2077 2961 2572 3016 consummationis
2627 2977 2733 3016 non
2779 2961 2971 3015 novit?
3000 2969 3053 3014 et
3093 2957 3369 3029 quomodo
3399 2955 3505 3010 hoc
3533 2954 3659 3010 abs-

2077 3055 2265 3109 condit
2310 3052 2472 3109 Patcr
2524 3070 2556 3109 a
2607 3053 2788 3108 Filio?
2847 3051 3083 3107 Omnino
3138 3051 3283 3106 enim
3346 3048 3486 3104 ratio
3534 3062 3660 3102 esse

2078 3145 2268 3212 debet,
2309 3145 2456 3215 quod
2508 3161 2539 3198 a
2585 3143 2865 3199 Salvatore
2911 3151 3125 3212 tempus
3165 3139 3657 3197 consummationis

2078 3237 2459 3292 absconditum
2508 3238 2598 3302 sit,
2639 3245 2694 3291 et
2726 3236 2939 3306 ignoret
2975 3236 3040 3289 de
3079 3249 3164 3288 eo.
3199 3233 3437 3288 Audebit
3475 3241 3656 3288 autem

2077 3329 2276 3399 aliquis
2321 3328 2504 3383 dicere
2541 3328 2800 3398 quoniam
2848 3327 3014 3381 homo
3059 3325 3153 3395 qui
3204 3325 3503 3380 secundum
3536 3322 3659 3378 Sal-

2077 3429 2321 3476 vatorem
2368 3421 2689 3492 intelligitur
2727 3419 3016 3490 proﬁciens
3059 3416 3349 3485 sapientia,
3391 3425 3444 3472 et
3476 3425 3654 3480 aetate,

2075 3523 2130 3568 et
2157 3513 2330 3582 gratia
2367 3527 2550 3567 coram
2576 3510 2688 3566 Deo
2717 3519 2771 3565 et
2799 3509 3116 3565 hominibus
3144 3509 3209 3572 “,
3243 3507 3334 3576 qui
3366 3505 3658 3576 proﬁciens

2075 3603 2394 3674 proficiebat
2425 3603 2644 3674 quidem
2678 3617 2842 3672 super
2869 3615 3062 3656 omnes
3092 3599 3320 3654 scientia
3359 3607 3414 3653 et
3441 3599 3657 3662 sapien-

2078 3696 2174 3758 tia,
2208 3710 2316 3748 non
2347 3701 2527 3748 tamen
2559 3701 2620 3747 ut
2643 3693 2854 3748 veniret
2873 3692 2986 3763 jam
3015 3692 3160 3762 quod
3185 3701 3301 3746 erat
3331 3689 3654 3760 perfectum,

2075 3787 2397 3857 priusquam
2431 3785 2709 3856 propriam
2740 3784 3206 3854 dispensationem
3239 3783 3511 3854 impleret.
3563 3780 3657 3836 Ni-

2074 3882 2151 3936 hil
2178 3896 2308 3951 ergo
2341 3883 2540 3936 mirum
2567 3891 2671 3948 est,
2702 3882 2748 3936 si
2777 3883 2880 3936 hoc
2910 3883 3088 3935 solum
3121 3881 3350 3936 nescivit
3380 3896 3446 3935 ex
3479 3881 3661 3937 onini~.

2075 3973 2199 4037 bus,
2233 3971 2285 4025 id
2317 3981 2401 4028 est
2428 3973 2572 4026 diem
2615 3971 3110 4027 consummationis
3142 3980 3196 4026 et
3223 3972 3437 4026 horam.
3471 3970 3655 4025 Forsi-

2076 4074 2166 4120 tan
2194 4075 2373 4120 autem
2406 4074 2459 4120 et
2505 4063 2650 4134 quod
2683 4065 2760 4118 ait
2797 4063 3005 4118 nescire
3041 4079 3099 4118 se
3128 4063 3270 4118 diem
3299 4077 3654 4118 consumma-

2075 4157 2241 4211 tionis
2280 4167 2334 4211 et
2370 4157 2586 4222 horam,
2632 4166 2758 4211 ante
2784 4156 3249 4226 dispensationem
3292 4172 3448 4211 suam
3493 4156 3651 4219 dixit,
3719 4194 3733 4210 .

2074 4249 2204 4318 quia
2242 4262 2405 4303 nemo
2437 4248 2572 4316 scit,
2613 4263 2790 4318 neque
2838 4248 3053 4319 angeli,
3105 4263 3280 4318 neque
3310 4247 3511 4312 Filius,
3547 4248 3653 4301 nisi

2073 4342 2225 4397 solus
2250 4340 2431 4397 Pater.
2467 4341 2595 4396 Post
2629 4341 3090 4411 dispensationem
3141 4351 3320 4395 autem
3371 4340 3651 4409 impletam

2073 4448 2416 4503 nequaquam
2450 4434 2553 4488 hoc
2578 4433 2738 4499 dixit,
2781 4441 3070 4504 postquam
3100 4433 3240 4487 Deus
3289 4432 3440 4486 ilium
3465 4451 3651 4503 super-

2071 4524 2350 4588 exaltauit,
2390 4535 2441 4578 et
2467 4526 2684 4579 donavit
2713 4527 2762 4578 ei
2813 4540 3000 4578 nomen
3035 4525 3176 4595 quod
3207 4536 3282 4579 est
3315 4541 3472 4594 super
3501 4541 3651 4580 ontne

2072 4634 2259 4672 nomen
2284 4618 2350 4672 “.
2380 4615 2514 4671 Nam
2542 4626 2729 4688 postea
2771 4624 2826 4672 et
2857 4615 3031 4672 Filius
3073 4617 3328 4687 cognovit
3364 4617 3648 4672 scientiam

2069 4725 2100 4763 a
2134 4708 2294 4764 Patre
2339 4709 2666 4779 suscipiens,
2717 4710 2881 4765 etiam
2927 4709 2995 4763 de
3037 4708 3128 4763 die
3160 4708 3650 4763 consummationis

2067 4809 2121 4855 et
2147 4801 2300 4866 hora,
2341 4809 2402 4854 ut
2437 4800 2551 4870 jam
2595 4817 2702 4856 non
2738 4803 2914 4856 solum
2946 4799 3105 4855 Pater
3144 4801 3308 4856 sciret
3337 4801 3403 4855 de
3434 4816 3518 4864 ea,
3552 4801 3646 4854 sed

2065 4893 2229 4949 etiam
2273 4893 2467 4948 Filius.
2521 4893 2588 4948 Et
2639 4894 2694 4948 in
2735 4894 2960 4949 Actibus
3005 4893 3223 4963 quidem
3275 4893 3646 4961 apostolorum

2068 4986 2454 5041 convenientes
2497 4986 2730 5055 apostoli
2775 4986 3249 5053 interrogaverunt
3287 4997 3410 5036 eum
3457 4982 3646 5038 dicen-

2069 5085 2150 5132 tes
2185 5095 2198 5131 :
2240 5077 2495 5143 Domine,
2539 5079 2586 5131 si
2632 5079 2688 5130 in
2726 5076 2822 5136 hoc
2865 5083 3094 5145 tempore
3141 5076 3383 5128 restitues
3431 5091 3646 5144 regnum

2071 5166 2243 5222 Israel
2270 5169 2354 5223 *7?
2391 5167 2487 5224 Ille
2515 5177 2697 5223 autem
2725 5167 2862 5222 dixit
2892 5166 2958 5222 ad
2988 5181 3084 5223 eos
3112 5185 3124 5220 :
3155 5165 3280 5220 Non
3308 5175 3386 5222 est
3417 5175 3650 5221 vestrum

2067 5275 2219 5313 nosse
2249 5267 2486 5328 tempora
2523 5258 2601 5313 uel
2627 5267 2891 5312 momenta
2917 5273 3035 5329 qua
3062 5257 3226 5313 Pater
3251 5257 3426 5326 posuit
3461 5257 3514 5310 in
3546 5273 3646 5310 sua

2067 5359 2344 5420 potestate.
2407 5350 2472 5406 Et
2523 5349 2779 5420 quoniam
2830 5350 2884 5404 in
2939 5363 3041 5405 sua
3084 5357 3351 5420 potestate
3399 5357 3644 5417 tempora

2065 5456 2118 5498 et
2157 5451 2433 5498 momenta
2457 5442 2951 5497 consummationis
2972 5441 3168 5496 mundi
3196 5450 3249 5497 et
3275 5441 3644 5498 restitutionis

2066 5537 2217 5608 regni
2251 5534 2416 5591 Israel
2447 5535 2649 5606 posuit,
2687 5535 2810 5592 idco
2831 5537 2978 5606 quod
3008 5537 3249 5592 nondum
3286 5535 3462 5591 fuerat
3497 5551 3640 5605 prac-

2064 5735 2105 5765 ¹³
2128 5735 2314 5793 Matth.
2348 5755 2496 5802 xxiv,
2525 5739 2611 5796 36.
2682 5741 2748 5773 ”‘
2774 5739 2817 5794 Il
2842 5739 3035 5798 Thess.
3077 5759 3135 5808 tt,
3170 5740 3215 5804 l,
3240 5741 3297 5808 2,
3375 5740 3418 5772 “
3449 5735 3646 5799 Matth.
