4112 6418
463 329 597 385 1637
1630 337 1954 395 ORIGENIS
1995 337 2062 394 ΙΝ

2105 337 2522 399 ΜΑΤΤΗᾹΞΗΜ
3585 341 3721 401 1688

455 448 740 506 (ἰειὶιιῑῑυιιι
784 465 816 505 a
855 449 988 516 Deo,
1021 466 1178 508 nemo
1207 461 1420 524 poterat
1466 455 1626 512 scire.
1678 457 2038 530 Unumquod-
2067 465 2113 520 Α
2143 474 2244 514 nec
2285 460 2340 514 in
2383 470 2579 517 natura
2624 460 2727 516 iuit
2776 459 3004 531 peccati.
3037 460 3166 517 Tale
3196 458 3401 532 aliquid
3450 459 3721 530 signiﬁcat

454 559 564 614 que
604 551 1014 599 autemeorum
1054 559 1176 614 qua:
1216 546 1469 614 prtelinit,
1511 563 1618 603 non
1654 549 1722 603 ab
1771 549 2038 619 inexperi-
2141 552 2306 623 875
2331 561 2384 608 ει
2409 555 2554 624 quod
2587 553 2720 610 dicit
2751 572 2763 606 :
2811 550 3064 624 Cognovit
3101 553 3273 609 Adam
3305 551 3472 607 Evam
3499 569 3714 608 uxorem

456 637 550 691 bili
600 637 872 707 przelinit:
913 652 1018 692 non
1071 639 1331 708 possibile
1381 646 1466 694 est
1502 641 1646 694 enim
1705 641 1827 696 ltoc.
1881 640 2037 708 Quod
2139 660 2293 697 suam
2318 645 2384 698 “.
2427 644 2681 710 Quandiu
2731 647 2876 700 enim
2923 647 3014 701 illa
3057 661 3167 701 non
3213 645 3317 701 fuit
3363 646 3413 701 ei
3459 645 3715 710 admiSta,

452 738 639 784 autem
673 731 924 800 przeﬁnit,
959 729 1192 800 praeﬂuit
1219 731 1549 802 principium
1585 733 1924 802 praeliniendi
1958 735 2038 790 fa-
2098 739 2110 751 '
2139 748 2246 786 non
2295 732 2660 803 cognoscebat
2707 747 2852 788 eam.
2904 733 2970 788 Et
3003 734 3147 788 diem
3191 749 3320 805 ergo
3363 749 3716 790 consumma-

451 823 623 877 ciens.
661 821 718 876 Si
748 831 930 876 autem
964 823 1038 877 ita
1070 833 1172 886 est,
1205 824 1488 893 prteﬁnivil
1519 826 1738 895 quidem
1774 841 2034 881 consum-
2139 822 2303 877 tionis
2336 822 2653 892 hujusmodi
2684 832 2740 878 et
2771 825 3139 894 corruptionis
3174 826 3358 880 saeculi
3388 840 3549 880 nemo
3585 826 3712 894 scit,

453 911 747 965 mationem
798 911 976 968 facere
1020 914 1232 978 mundi,
1264 930 1371 970 non
1407 925 1586 972 autem
1625 928 1680 972 et
1712 925 1952 987 tempora
1983 928 2036 972 ct
2137 929 2312 984 neque
2345 915 2518 984 angeli
2551 916 2839 982 caelorum,
2875 931 3051 987 neque
3091 916 3264 972 Filius
3300 916 3417 982 Dei,
3467 915 3535 972 de
3583 931 3712 971 san-

451 1013 728 1058 momenta
754 1005 1042 1074 praelinivit
1067 1022 1190 1076 quae
1213 1008 1398 1078 posuit
1441 1011 1494 1063 in
1521 1025 1620 1064 sua
1649 1020 1934 1081 potestate,
1975 1022 2033 1065 ut
2134 1007 2237 1061 ctis
2267 1006 2378 1063 Deo
2410 1007 2606 1063 melius
2633 1008 2971 1078 providente,
2998 1018 3058 1065 ut
3086 1011 3250 1073 simul
3290 1009 3424 1064 ﬁant
3451 1009 3506 1064 in
3540 1009 3718 1065 beati.

447 1094 498 1152 si
543 1096 778 1151 voluerit
814 1112 878 1152 ea
922 1113 1142 1169 augere,
1187 1100 1269 1155 sic
1309 1101 1564 1170 judicans
1611 1113 1808 1173 augeat
1846 1119 1945 1166 ea;
1985 1105 2030 1160 si
2134 1095 2320 1151 tudine
2347 1111 2469 1166 quae
2493 1095 2676 1151 futura
2701 1107 2786 1152 est
2817 1107 2940 1167 post
2971 1099 3193 1154 diemet
3222 1099 3414 1154 horam
3445 1113 3708 1154 consum-

448 1197 629 1244 autem
666 1190 1007 1256 abbreviare,
1047 1192 1348 1257 abbreviet,
1392 1193 1610 1249 nemine
1647 1206 2027 1265 cognoscente.

2134 1188 2390 1243 motionis
2441 1188 2608 1244 illius.
2661 1188 2728 1243 Et
2766 1189 2910 1245 sicut
2949 1191 3092 1260 apud
3140 1187 3398 1245 Hebraeos
3444 1190 3709 1259 scriptum

447 1278 514 1334 Et
545 1279 670 1335 ideo
698 1280 766 1334 de
798 1281 1144 1350 temporibus
1179 1289 1232 1337 et
1267 1286 1561 1339 momentis
1599 1287 2028 1342 consummatio-
2130 1284 2217 1333 est
2247 1279 2313 1333 de
2343 1279 2422 1334 eis
2451 1279 2544 1348 qui
2581 1280 2952 1335 testimonium
2983 1281 3184 1336 habent
3214 1281 3267 1335 in
3298 1281 3421 1348 lidc,
3449 1282 3708 1351 quoniam

353 1443 365 1455 .
445 1371 534 1426 nis
564 1371 754 1426 mundi
789 1372 844 1426 in
879 1388 979 1428 sua
1004 1374 1190 1443 posuit
1223 1384 1510 1445 potestate,
1541 1387 1600 1432 ut
1631 1391 2030 1448 consequenter
2129 1370 2183 1423 Ιιί
2207 1386 2382 1424 omnes
2413 1371 2686 1440 ῑθδιίβσαῑί
2707 1387 2798 1440 Pe?
2840 1372 3000 1440 ﬁdem
3023 1389 3124 1425 ηοη
3150 1382 3452 1443 receperam
3483 1375 3710 1441 Promis-

446 1459 689 1516 humano
722 1462 908 1532 generi
943 1464 999 1516 in
1041 1477 1146 1518 suo
1187 1465 1416 1520 arbitrio
1451 1468 1754 1522 constituto
1786 1468 1914 1522 talia
1941 1470 2025 1523 vel
2126 1463 2326 1516 sionem
2363 1461 2484 1528 Dei,
2517 1461 2624 1517 Deo
2647 1463 2711 1517 de
2740 1463 2890 1518 nobis
2927 1463 3114 1517 melius
3143 1463 3347 1534 aliquid
3377 1464 3705 1534 providente.

446 1551 574 1605 talia
608 1555 788 1622 agenti
819 1555 1044 1610 definiat
1061 1555 1332 1625 judicium
1365 1557 1632 1613 debitum.
1670 1559 1838 1614 Multa
1882 1569 1936 1615 et
1969 1560 2025 1615 in
2127 1563 2184 1606 ut
2209 1568 2301 1606 nec
2333 1553 2446 1606 sine
2479 1553 2628 1608 nobis
2665 1563 3158 1609 consummarentur
3180 1557 3225 1586 ²²
3255 1572 3270 1610 :
3307 1555 3388 1610 sic
3422 1555 3704 1610 sciendum

446 1641 726 1709 prophetis
773 1653 858 1698 est
902 1645 1146 1700 invenire
1209 1648 1277 1702 ad
1331 1648 1623 1703 utilitatem
1686 1650 2023 1705 audientium
2125 1651 2290 1708 estet
2318 1643 2374 1698 iu
2409 1644 2534 1710 hoc.
2569 1643 2696 1714 quia
2728 1642 2840 1699 Deo
2868 1642 3067 1714 melius
3095 1644 3303 1716 aliquid
3336 1644 3704 1716 prospiciente

445 1731 649 1801 scripta
675 1773 691 1800 ,
741 1736 1024 1805 praeceptis
1068 1746 1122 1792 et
1167 1737 1674 1796 denuntiationibus
1719 1741 1876 1810 quasi
1913 1757 2022 1796 non
2125 1735 2193 1790 de
2221 1734 2304 1790 liis
2327 1734 2421 1805 qui
2449 1744 2607 1790 erant
2631 1735 2902 1801 salvandi,
2935 1724 3175 1792 nondum
3201 1736 3348 1792 enim
3383 1745 3705 1806 receperunt

443 1825 808 1891 praeveniente
865 1827 1165 1900 quidquam
1225 1830 1293 1886 de
1337 1831 1438 1895 eis,
1474 1831 1567 1886 sed
1595 1833 1854 1898 puniente
1897 1833 2020 1902 qui-
2051 1815 2093 1869 Β
2124 1827 2564 1896 promissionem,
2595 1828 2691 1898 qui
2729 1842 2840 1883 non
2870 1840 3246 1901 cognoverunt
3287 1832 3357 1884 de
3395 1829 3484 1884 die
3512 1829 3606 1883 illa
3642 1836 3700 1884 et

437 1912 560 1966 dem
611 1913 656 1969 si
707 1917 1075 1985 peccaverint,
1131 1919 1378 1975 salvante
1428 1931 1608 1978 autem
1655 1923 1702 1978 si
1752 1934 2017 1994 praecepta
2124 1920 2282 1985 hora,
2318 1933 2494 1989 neque
2518 1919 2693 1990 angeli
2727 1919 3018 1988 caelorum,
3053 1936 3232 1992 neque
3256 1919 3450 1977 Filius.
3474 1918 3698 1990 Praepa-

437 2007 794 2063 servaverint.
845 2007 912 2062 Et
952 2009 1096 2065 sicut
1137 2011 1192 2066 in
1223 2011 1334 2067 illis
1378 2026 1486 2066 non
1535 2013 1841 2068 introduxit
1868 2012 2018 2068 Scri-
2123 2017 2209 2064 rat
2237 2010 2382 2066 enim
2419 2010 2589 2066 Filius
2620 2012 2905 2067 scientiam
2935 2011 3044 2068 diei
3081 2013 3230 2068 illius
3257 2020 3314 2068 et
3343 2013 3496 2068 horae
3518 2014 3700 2067 cohae-

436 2105 594 2166 ptura
625 2096 794 2153 Deum
826 2101 1238 2170 pmlinientem,
1267 2105 1362 2160 sed
1392 2106 1690 2162 secundum
1726 2109 2015 2164 utilitatem
2123 2103 2344 2158 redibus
2372 2103 2755 2172 promissionis
2794 2105 2964 2171 illius,
3005 2119 3070 2160 ex
3104 2119 3216 2174 quo
3243 2104 3472 2175 seipsum
3505 2104 3694 2159 exina-

433 2187 776 2244 audientium
817 2192 1257 2264 proloquentem,
1291 2196 1371 2252 sic
1409 2198 1816 2269 intelligendum
1851 2211 1934 2257 est
1962 2209 2017 2256 et
2123 2196 2251 2249 nivi!
2292 2196 2520 2264 formam
2551 2197 2687 2250 servi
2733 2197 2994 2266 accipiens
3035 2198 3101 2262 ”,
3137 2211 3372 2267 operans
3402 2197 3545 2250 viam
3575 2210 3698 2266 qua

432 2279 502 2334 de
525 2279 615 2335 die
645 2285 1135 2342 consummationis
1165 2296 1218 2342 et
1245 2287 1399 2343 liora.
1433 2289 1552 2344 Alia
1574 2293 1861 2361 expositio,
1893 2309 2014 2363 quae
2121 2287 2270 2344 ducit
2299 2287 2367 2342 ad
2411 2287 2810 2343 restitutionem
2848 2287 3094 2342 omnium
3142 2299 3362 2358 propter
3401 2303 3543 2358 quos
3583 2286 3698 2341 for-

435 2366 700 2426 famosior
740 2381 824 2428 est
865 2374 947 2428 eis
983 2391 1106 2445 quae
1137 2376 1250 2446 jam
1287 2378 1487 2433 tradita
1531 2389 1678 2446 sunt,
1710 2382 1854 2438 aliud
1882 2384 2014 2438 dicit
2120 2395 2266 2435 mam
2297 2380 2438 2435 servi
2469 2380 2715 2450 accepit;
2749 2389 2810 2436 ut
2837 2394 3030 2435 omnes
3058 2379 3223 2434 simul
3260 2379 3460 2444 sciant,
3492 2378 3546 2433 id
3583 2385 3693 2442 est,

434 2459 502 2513 de
533 2475 601 2514 eo
636 2462 779 2530 quod
827 2465 1090 2534 scriptum
1133 2475 1436 2538 cst,_neque
1468 2467 1684 2537 Filius,
1722 2473 1826 2526 nisi
1868 2473 2010 2528 solus
2120 2484 2178 2524 re
2223 2470 2341 2540 ipsa
2390 2470 2744 2540 experiantur
2796 2471 2988 2526 horam
3051 2470 3201 2525 illam
3246 2478 3300 2524 et
3342 2470 3509 2536 diem,
3565 2468 3695 2538 quia

435 2549 620 2605 Pater.
650 2551 809 2618 Dicit,
846 2555 1044 2625 inquit,
1078 2557 1278 2612 alicubi
1313 2559 1356 2591 ³⁸
1388 2560 1457 2615 de
1481 2561 1765 2616 Salvatore
1782 2565 2011 2632 Aposto-
2116 2560 2254 2629 quod
2287 2560 2469 2614 oculus
2506 2575 2608 2614 non
2643 2560 2797 2623 vidit,
2844 2575 2935 2613 nec
2979 2559 3128 2613 auris
3170 2557 3398 2622 audivit,
3445 2567 3495 2611 et
3539 2571 3696 2624 super

433 2642 542 2710 ius:
592 2653 647 2698 ει
697 2645 764 2699 de
807 2646 971 2704 l'Cbus
1022 2649 1075 2703 ill
1125 2649 1233 2705 ﬁne
1284 2653 1469 2708 saeculi
1529 2655 1870 2720 ordinandis,
1907 2659 2012 2714 hoc
2118 2668 2210 2705 cor
2245 2651 2473 2706 hominis
2503 2667 2607 2705 non
2641 2650 2901 2717 ascendit,
2941 2649 3262 2718 praeparavit
3293 2648 3429 2702 Deus
3470 2647 3697 2716 diligen-

435 2737 598 2792 modo
639 2755 654 2792 :
696 2736 829 2793 Cum
897 2753 1074 2795 autem
1126 2742 1367 2812 subjecta
1415 2744 1499 2798 illi
1557 2746 1755 2816 fuerint
1809 2751 2006 2819 omnia,
2117 2743 2256 2799 tibus
2303 2760 2356 2798 se
2382 2743 2451 2810 ",
2509 2742 2566 2798 in
2595 2742 2822 2798 scientia
2871 2741 3116 2811 priorum
3145 2752 3428 2804 exercens.
3475 2745 3531 2810 ei
3560 2751 3697 2806 Dm”

433 2837 557 2882 tunc
583 2839 635 2883 et
660 2830 770 2898 ipse
799 2829 979 2886 Filius
1003 2835 1269 2904 subjectus
1306 2838 1408 2891 erit
1447 2839 1495 2892 ei
1517 2841 1610 2908 qui
1638 2839 1740 2893 sibi
1772 2839 2009 2897 subdidit
2116 2851 2314 2907 parans
2336 2849 2554 2890 omnem
2584 2850 2747 2904 quem
2775 2832 2886 2888 vult
2907 2833 3050 2888 scire
3072 2830 3217 2886 diem
3244 2830 3387 2884 illam
3415 2837 3469 2883 ei
3499 2829 3691 2882 horam

430 2921 633 2988 omnia,
677 2932 732 2976 ut
775 2924 844 2977 sit
872 2924 1012 2980 Deus
1057 2928 1238 2982 omnia
1281 2929 1337 2982 in
1379 2929 1643 2984 omnibus.
1689 2931 1786 2989 llis
1824 2935 2008 2991 verbis
2115 2943 2241 2982 cum
2282 2927 2488 2982 sauCliS
2531 2926 2763 2997 angelis.
2797 2933 2853 2980 ει
2891 2940 3017 2980 cum
3054 2925 3174 2994 ipso
3223 2920 3455 2978 Domino
3503 2928 3692 2975 "05""

429 3011 648 3067 videtur
694 3015 984 3072 ostendere
1019 3019 1280 3089 quoniam
1327 3020 1650 3091 priusquam
1711 3025 2008 3096 subjiceret
2113 3017 2242 3074 ἔθευ
2281 3016 2525 3074 ChriSlO-
2567 3016 2634 3072 Ει
2667 3015 3107 3085 uniuscuiusque
3127 3021 3308 3068 amem
3343 3025 3694 3067 consumm“

427 3101 478 3157 ei
517 3103 726 3167 omnia,
769 3121 876 3160 non
918 3118 1036 3163 erat
1076 3109 1356 3180 subjectus
1393 3112 1443 3167 ei
1485 3114 1576 3182 qui
1620 3116 1722 3170 sibi
1764 3118 2051 3182 subdidit.

2063 3167 2077 3182 ,
2115 3111 2317 3165 tionem
2340 3109 2396 3163 in
2419 3108 2503 3163 his
2531 3107 2857 3177 quibusdam
2893 3105 3134 3160 futuram
3164 3101 3518 3172 supradictis,
3546 3098 3687 3155 etde

429 3192 636 3247 omnia.
685 3193 840 3260 Quod
883 3213 948 3253 ex
980 3199 1087 3255 hoc
1124 3166 1555 3272 demonstratur,
1596 3208 1854 3275 quoniam
1902 3210 2007 3265 nisi
2036 3166 2078 3222 ς’
2114 3202 2342 3272 singulis
2389 3201 2538 3256 solus
2584 3200 2688 3255 scit
2729 3197 2892 3253 Pater
2929 3213 2944 3250 :
2982 3197 3247 3268 quoniam
3287 3194 3462 3250 Filius
3505 3192 3681 3248 comi—

426 3285 708 3356 subjectus
759 3287 954 3345 luisset
998 3289 1172 3347 Filius
1223 3292 1415 3359 Patri,
1467 3297 1562 3366 qui
1616 3297 1718 3352 sibi
1767 3300 2010 3354 subdidit
2114 3301 2257 3356 laus.
2297 3301 2352 3346 ει
2399 3290 2709 3360 Ρτεεεθάουδ
2751 3297 2876 3344 ante
2927 3296 3238 3359 εθιιιιθηιθε,
3294 3295 3349 3340 ει
3389 3286 3598 3350 “licus.
3631 3291 3690 3338 ιη

425 3378 632 3446 omnia,
663 3395 944 3450 nunquam
979 3383 1029 3437 ei
1057 3381 1218 3438 Pater
1248 3386 1432 3440 omnia
1462 3387 1802 3456 subiecisset.
1836 3390 1904 3444 Et
1931 3391 2010 3445 vi-

2113 3381 2189 3434 ita
2231 3380 2432 3447 dicam,
2486 3388 2750 3433 venturus
2782 3385 2886 3441 est,
2918 3389 2972 3431 ct
3001 3377 3181 3431 tardat
3228 3383 3289 3428 ut
3329 3373 3688 3443 possinteum

425 3471 586 3527 detur
624 3486 721 3540 per
763 3472 880 3528 haec
921 3473 1104 3531 dicere
1151 3475 1542 3546 subiectionem
1590 3476 2006 3550 [subjectionem
2111 3472 2266 3542 sequi
2302 3473 2395 3541 qui
2426 3479 2640 3526 certant
2675 3469 2829 3540 sequi
2862 3485 3011 3537 cum,
3045 3477 3100 3524 et
3128 3476 3420 3538 sequentes
3449 3479 3576 3521 eum
3608 3464 3692 3519 iii-

427 3560 548 3618 Filii
575 3562 691 3618 ﬁeri
732 3563 1154 3639 subiectionem}
1201 3569 1446 3624 omnium
1494 3571 1590 3640 qui
1633 3582 1790 3628 erant
1831 3573 2007 3646 subji-
2109 3562 2399 3619 νθηίθιὶιυν
2427 3575 2552 3616 cum
2589 3574 2655 3614 εο
2687 3559 2741 3614 in
2775 3559 2862 3614 die
2891 3559 2980 3613 illa
3011 3568 3065 3615 θι
3097 3559 3256 3614 hora-

423 3649 625 3715 Cieudi,
673 3659 728 3706 ei
759 3652 1053 3708 advenlum
1095 3670 1287 3711 eorum
1339 3673 1436 3727 per
1468 3658 1665 3715 Filium
1716 3663 1782 3718 ad
1809 3663 2004 3730 Deum,
2179 3656 2268 3712 56.
2307 3656 2457 3712 Sicut
2490 3655 2629 3709 enim
2659 3654 2763 3724 fuit
2793 3655 2849 3707 in
2879 3653 3065 3707 diebus
3111 3651 3248 3717 Noe,
3284 3652 3361 3706 sic
3389 3650 3488 3706 erit
3511 3658 3560 3703 et
3593 3647 3690 3702 ad-

422 3749 479 3796 ct
520 3740 936 3811 perfectionem.
973 3743 1032 3799 Si
1058 3735 1198 3818 ergo
1232 3749 1370 3806 bene
1409 3750 1608 3808 dicitur
1641 3753 1747 3810 hoc
1787 3755 1854 3810 de
1883 3755 2004 3812 Filii
2107 3759 2286 3803 ventus
2320 3747 2454 3802 Filii
2480 3749 2730 3803 hominis.
2783 3745 2935 3801 Sicut
2979 3746 3119 3801 enim
3160 3745 3373 3814 [uerunt
3410 3742 3464 3795 in
3504 3738 3688 3793 diebus

422 3832 758 3901 subiectione
784 3834 849 3889 ad
873 3832 1091 3891 Patrem
1128 3837 1331 3907 futura,
1363 3851 1423 3897 ut
1454 3851 1584 3900 tunc
1618 3844 1673 3901 hi
1709 3845 1802 3916 qui
1835 3845 2004 3904 futuri
2107 3853 2230 3896 ante
2263 3841 2524 3895 diluvium
2568 3839 2948 3894 manducanies
2985 3846 3036 3893 et
3073 3836 3325 3901 bibentes,
3350 3835 3597 3888 nubentes
3635 3841 3687 3886 et

420 3933 552 3979 sunt
588 3924 816 3990 Christi.
859 3935 914 3982 et
944 3929 1293 3988 adhaeserunt
1329 3934 1415 4002 ei,
1464 3952 1591 3992 cum
1633 3937 1754 4007 ipso
1783 3937 2005 3996 Christo
2108 3942 2333 4002 nuptum
2375 3934 2665 4001 tradentes,
2695 3947 2964 4005 quousque
3001 3929 3221 3984 intrauit
3253 3926 3448 3981 Noein
3479 3939 3684 3989 arcam,

419 4012 569 4070 Patri
600 4016 1200 4092 sulijieianturzquare
1232 4039 1343 4080 non
1376 4035 1430 4082 et
1456 4029 1522 4084 de
1547 4029 1636 4084 die
1661 4029 1753 4084 illa
1783 4039 1838 4085 et
1868 4031 2003 4087 hora
2104 4037 2154 4082 et
2197 4043 2302 4080 non
2351 4035 2723 4097 cognouerunt,
2767 4027 2937 4078 donec
2984 4023 3121 4077 venit
3165 4021 3423 4073 diluvium
3469 4029 3519 4072 et
3563 4016 3688 4070 tulit

393 4107 696 4170 ,neminem
721 4109 880 4175 scire,
907 4127 1084 4182 neque
1104 4113 1324 4182 Filium,
1349 4118 1604 4175 similiter
1629 4124 2004 4191 exponemus?

2105 4135 2281 4173 omnes
2307 4134 2325 4172 :
2355 4120 2432 4174 sic
2460 4119 2574 4172 erit
2587 4126 2637 4170 et
2668 4117 2922 4172 aduentus
2949 4113 3082 4168 Filii
3110 4111 3334 4166 hominis
3359 4110 3426 4164 ³⁵.
3459 4107 3554 4163 Eis
3588 4106 3685 4176 qui

418 4196 602 4254 Donec
653 4201 798 4255 enim
828 4201 1098 4268 Ecclesia,
1131 4222 1252 4277 quae
1283 4217 1368 4264 est
1393 4225 1616 4281 corpus,
1649 4213 1824 4268 nescit
1854 4214 2000 4270 diem
2103 4219 2444 4281 cognoscunt
2465 4210 2754 4265 verborum
2777 4206 3127 4280 praesentium
3166 4212 3395 4268 textum,
3425 4201 3542 4256 sive
3567 4199 3684 4270 spi-

419 4287 570 4344 illum
606 4299 662 4346 et
694 4293 904 4360 horam,
940 4297 1130 4352 tandiu
1161 4313 1260 4355 nec
1288 4299 1404 4370 ipse
1428 4300 1602 4357 Filius
1630 4303 1832 4359 dicitur
1859 4305 2002 4360 scire
2103 4302 2333 4357 ritaliter
2358 4317 2424 4356 ea
2455 4301 2766 4357 volentibus
2807 4299 3130 4370 intelligere,
3165 4295 3282 4352 sive
3332 4292 3678 4363 simpliciter,

415 4380 558 4435 diem
583 4383 1762 4463 illamethoram,uttuncintelligaturscire,
1781 4397 2001 4466 quando
2103 4407 2447 4462 consequens
2495 4402 2577 4448 est
2622 4392 2690 4447 de
2737 4387 3215 4446 consummatione
3263 4385 3447 4440 dicere
3492 4382 3686 4438 mundi

415 4469 642 4555 scierint
668 4481 723 4525 et
749 4475 930 4528 omnia
969 4477 1212 4532 membra
1243 4480 1384 4550 ejus.
1412 4480 1558 4538 Bene
1591 4493 1774 4540 autem
1800 4486 2002 4540 dicitur
2033 4495 2078 4554 ι)
2106 4484 2286 4552 istius,
2305 4483 2566 4555 quoniam
2583 4483 2766 4539 subito
2779 4482 2902 4548 erit,
2921 4480 3078 4551 quasi
3097 4477 3318 4549 quijam
3335 4475 3686 4546 aegrotaverit

415 4553 556 4609 scire
573 4557 872 4611 secundum
895 4561 1168 4628 propriam
1191 4565 1665 4638 signiﬁcationem,
1681 4572 1923 4629 sicutest
1939 4575 1994 4630 in
2037 4553 2044 4554 ί
2101 4576 2254 4646 prius
2277 4553 2629 4646 aegrotatione
2655 4574 2850 4629 idonea
2881 4581 2936 4628 ct
2963 4568 3353 4625 manifestante
3373 4565 3686 4635 corruptio-

413 4651 810 4707 consuetudine
827 4649 1254 4723 Scripturarum.
1279 4656 1418 4722 Quid
1435 4670 1519 4716 est
1533 4662 1713 4718 scire?
1735 4667 1992 4734 quoniam
2101 4683 2224 4723 nem
2249 4683 2405 4724 suam
2443 4667 2706 4722 futuram.
2747 4664 2867 4721 Hoc
2903 4662 3050 4719 enim
3083 4676 3150 4716 ex
3185 4674 3250 4715 eo
3283 4657 3557 4728 praecipue
3597 4656 3687 4711 de-

412 4751 708 4812 cognoscet
731 4744 872 4800 diem
900 4745 1050 4800 illum
1081 4755 1136 4802 et
1160 4748 1349 4804 horam
1371 4751 1464 4820 qui
1496 4755 1800 4810 occurrerit
1825 4757 1892 4812 ad
1925 4757 1992 4813 li-
2100 4770 2438 4817 monstratur
2468 4759 2612 4830 quod
2645 4757 2800 4824 dicit,
2827 4754 3089 4826 quoniam
3132 4749 3330 4808 similis
3357 4749 3463 4804 erit
3487 4748 3678 4803 diebus

413 4844 629 4903 nem,et
655 4836 1116 4895 abbreviationem
1146 4839 1251 4895 diei
1281 4841 1498 4898 illiuset
1526 4845 1691 4900 horae.
1723 4848 1990 4914 Quoniam
2097 4853 2212 4910 Noe
2249 4855 2516 4910 adventus
2586 4849 2707 4905 Filii
2751 4845 2994 4904 hominis
3040 4862 3054 4898 :
3127 4841 3310 4897 subito
3359 4839 3508 4894 enim
3548 4846 3675 4890 tunc

411 4934 596 4980 autem
628 4927 753 4983 talis
773 4928 954 4999 aliqua
972 4930 1298 5001 significatio
1318 4936 1560 4991 estscire
1584 4946 1638 4992 et
1661 4953 1991 5010 cognoscere
2099 4945 2378 5016 perierunt
2424 4942 2610 4999 omnia
2655 4956 2778 5011 qua:
2825 4937 3046 4993 fuerant
3089 4949 3252 5004 super
3298 4941 3520 4988 terram.
3568 4925 3670 4994 Qui

415 5017 468 5070 in
503 5016 824 5088 Scripturis,
851 5022 1203 5080 manifestum
1231 5034 1316 5082 est
1349 5041 1416 5082 ex
1449 5043 1516 5083 eo
1543 5031 1687 5099 quod
1708 5031 1987 5104 dicitur-in
2101 5045 2282 5092 autem
2329 5033 2443 5088 vult
2482 5033 2665 5087 dicere
2695 5030 2958 5101 quoniam
2991 5027 3253 5099 paulatim
3282 5026 3390 5081 erit
3417 5037 3672 5079 consum-

414 5107 742 5166 Ecclesiaste
781 5112 822 5145 ¹⁹
856 5112 960 5169 hoc
991 5117 1196 5172 modo:
1236 5117 1342 5182 Qui
1377 5120 1610 5174 custodit
1652 5124 1988 5193 mandatum,
2100 5127 2270 5183 matio
2318 5122 2531 5188 mundi,
2581 5122 2724 5178 dicet
2768 5122 3024 5178 similiter
3053 5118 3255 5175 factum
3289 5126 3344 5172 et
3393 5117 3450 5170 in
3486 5113 3678 5171 diebus

414 5219 518 5258 non
561 5204 692 5258 sciet
738 5211 951 5260 verbum
996 5209 1236 5276 malum,
1291 5211 1343 5266 id
1386 5221 1471 5268 est
1522 5229 1633 5270 non
1681 5219 1992 5286 experietur
2099 5218 2234 5274 Noe.
2301 5215 2671 5286 Quadraginta
2731 5213 2883 5270 enim
2943 5212 3158 5278 diebus,
3212 5217 3268 5264 et
3313 5206 3679 5278 quadraginta

407 5295 633 5351 verbum
680 5297 906 5354 malum.
952 5299 1019 5356 Et
1067 5303 1122 5357 in
1153 5303 1415 5374 Apostolo
1444 5304 1512 5361 de
1548 5307 1672 5378 ipso
1704 5307 1986 5366 Salvatore
2095 5309 2350 5366 noctibus
2420 5307 2604 5376 pluvia
2679 5305 3063 5368 descendente,
3142 5315 3488 5370 consequens
3577 5296 3682 5351 fuit

405 5399 491 5446 est
519 5392 726 5447 dictum
753 5393 821 5460 '°,
852 5410 970 5448 eum
995 5397 1086 5466 qui
1113 5398 1334 5452 nescivit
1365 5409 1664 5468 peccatum,
1712 5417 1807 5471 pro
1837 5405 1986 5458 nobis
2094 5401 2304 5474 primos
2335 5399 2564 5470 periisse
2617 5400 2714 5469 qui
2747 5398 2805 5452 in
2858 5393 3297 5466 depressioribus
3350 5403 3509 5450 terra:
3547 5407 3678 5462 par-

404 5493 675 5551 peccatum
705 5485 850 5553 fecit.
884 5484 952 5539 Et
978 5487 1308 5543 nescientem
1337 5497 1619 5558 peccatum
1647 5490 1985 5549 Salvatorem
2096 5495 2242 5549 tibus
2305 5491 2644 5556 habitabant,
2700 5497 2826 5560 post
2895 5502 2992 5544 eos
3057 5494 3241 5544 autem
3308 5486 3400 5556 qui
3463 5483 3678 5554 modice

407 5574 560 5640 dicit,
614 5585 879 5647 tanquam
909 5578 956 5633 si
995 5578 1202 5635 diceret
1249 5595 1377 5636 eum
1425 5584 1521 5652 qui
1568 5599 1678 5639 non
1722 5587 1986 5655 peccavit,
2099 5587 2153 5640 in
2217 5584 2539 5651 altioribus,
2597 5591 2652 5638 et
2704 5582 2787 5637 sic
2835 5579 3169 5640 novissimos
3217 5577 3310 5648 qui
3357 5577 3414 5632 in
3470 5576 3676 5631 altissi-

478 5682 705 5737 "lCor.
734 5703 825 5748 xv,
850 5685 938 5740 28.
973 5687 1015 5720 ¹⁹
1035 5689 1223 5754 vm,5.
1301 5691 1346 5722 ²⁰
1374 5690 1414 5744 ΙΙ
1443 5690 1570 5749 Cor.
1603 5710 1634 5750 ν
1679 5695 1767 5752 9|.
1789 5700 1830 5732 ¹¹
1866 5701 1996 5759 Gen.

398 5736 463 5795 ΙΙ.
495 5741 548 5795 9.
612 5752 658 5784 ’⁸
715 5753 880 5795 Μειιιιι
948 5773 1074 5795 πη.
1146 5761 1214 5795 τι
1245 5770 1296 5795 de
1335 5776 1469 5795 ωηι.
1640 5737 1655 5763 ’

2054 5721 2104 5773 v,
2137 5705 2182 5758 Ι.
2210 5705 2255 5736 ²²
2279 5702 2439 5760 Hebr.
2469 5718 2545 5771 XI,
2577 5701 2666 5768 59,
2694 5699 2782 5754 40.
2853 5699 2899 5738 ³³
2927 5695 3158 5767 Pltilipp.
3191 5709 3253 5762 tt,
3282 5692 3334 5762 7,
3410 5693 3456 5726 ”
3490 5693 3508 5751 l
3543 5689 3671 5751 Cor.

451 5781 463 5802 ,
495 5753 548 5796 ‘J.
612 5753 658 5784 "
713 5753 921 5831 Mattlt._
948 5773 1074 5813 xxxv
1098 5799 1112 5826 ,
1143 5753 1214 5814 37
1245 5770 1298 5816 et
1332 5776 1492 5834 θείω-
