4112 6458
425 343 560 404 1889

1560 339 2214 398 COMMENTARIORUM
2256 340 2518 398 SEﬂii-ZS‘.

3543 345 3680 398 1690

423 463 532 518 mis
595 459 876 515 montibus
931 458 1310 514 morabantur.
1366 458 1477 527 Sic,
1518 460 1719 532 inquit,
1777 463 1831 518 in
1870 479 2001 517 con-
2032 469 2077 523 Α
2108 465 2348 518 matione
2380 462 2564 518 saeculi
2600 463 2861 533 generali,
2894 472 3078 520 utrum
3123 465 3303 522 subito
3331 475 3386 523 ct
3413 469 3680 535 generalis

423 551 790 609 summatione
831 550 1020 604 mundi
1049 566 1174 604 cum
1201 550 1541 607 descenderit
1581 553 1744 623 ignis,
1780 554 2004 623 incipiet

427 644 644 714 quidem
691 643 757 696 de
794 641 1210 697 sublimioribus
1242 642 1397 705 locis,
1435 652 1489 698 et
1520 645 1778 714 paulatim
1813 646 1880 700 ad
1919 647 2004 699 in-

427 733 623 789 feriora
640 732 944 788 descendet.
974 733 1148 786 Lucas
1175 742 1356 788 autem
1380 736 1447 801 ⁸⁸,
1467 735 1807 806 subjungens
1833 737 2001 792 etiam

427 829 835 883 similitudinem
862 826 1002 896 ignis
1033 825 1418 894 Sodomorum,
1453 830 1546 884 dat
1570 830 1730 886 nobis
1758 830 2005 885 occasio-

427 934 548 973 nem
599 915 934 988 intelligendi
973 919 1233 988 quoniam
1266 921 1450 976 subito
1486 921 1891 977 consummatio
1920 927 2006 977 est

425 1012 629 1067 futura.
657 1012 810 1065 Dicet
833 1020 1016 1067 autem
1050 1013 1248 1082 aliquis
1275 1014 1538 1083 quoniam
1574 1030 1667 1084 per
1690 1016 1794 1070 hoc
1820 1015 2002 1070 decla-

425 1114 574 1160 ratur
623 1105 883 1174 quoniam
926 1121 1035 1159 non
1078 1107 1361 1161 moraliter
1407 1108 1592 1178 pluvia
1630 1107 1721 1162 illa
1761 1107 1865 1163 fuit
1909 1117 2004 1164 aut

423 1195 582 1265 ignis,
628 1197 721 1252 sed
768 1205 986 1268 propter
1041 1208 1266 1268 peccata
1317 1199 1601 1254 hominum
1645 1201 2000 1256 abundantia.

425 1284 648 1344 Duobus
693 1305 824 1360 ergo
865 1290 1042 1346 modis
1085 1291 1281 1346 mundi
1322 1294 1604 1363 corruptio
1659 1294 2004 1348 existimatur

424 1376 606 1432 futura
641 1397 654 1432 :
694 1396 804 1434 uno
835 1381 1056 1450 quidem
1107 1383 1410 1438 secundum
1443 1385 1710 1440 moralem
1738 1384 1877 1454 ignis
1904 1385 2002 1440 de-

423 1470 753 1536 tentionem;
793 1473 966 1528 altero
1010 1484 1192 1528 autem
1237 1476 1540 1531 secundum
1569 1476 1837 1547 judicium
1883 1476 2000 1532 Dei.

423 1560 662 1618 Gentiles
711 1573 893 1619 autem
935 1565 1419 1621 inflammationem
1467 1569 1612 1624 illam
1665 1570 1750 1624 vel
1777 1585 2002 1626 causam

423 1651 871 1710 tnilantmationis
899 1654 1046 1709 illius
1085 1670 1191 1710 non
1225 1657 1413 1712 dicunt
1439 1657 1610 1715 fuisse
1634 1670 1879 1729 peccata,
1907 1659 2003 1714 sed

423 1745 564 1814 ignis
588 1743 758 1800 fuisse
778 1746 1054 1801 virtutem.
1079 1743 1258 1802 Divini
1283 1756 1468 1804 autem
1503 1765 1786 1805 sermones
1813 1749 2001 1805 omnia

424 1837 594 1892 teneri
624 1845 679 1892 et
709 1839 1002 1909 gubernari
1045 1843 1244 1898 docent
1284 1858 1314 1898 a
1338 1841 1471 1908 Deo,
1521 1850 1576 1897 et
1621 1857 1732 1896 non
1779 1842 2005 1912 culpant

425 1928 562 1997 ignis
593 1930 934 1999 violentiam,
978 1934 1072 1989 sed
1113 1933 1206 1989 Dei
1238 1935 1600 2004 pronuntiant
1638 1935 2000 2002 voluntatem,

427 2021 686 2077 salvantis
714 2024 937 2093 quidem
988 2041 1156 2096 super
1195 2034 1397 2082 terram
1435 2027 1529 2097 qui
1559 2027 1736 2082 salute
1767 2038 1896 2082 sunt
1920 2027 2004 2083 di—

426 2111 511 2182 gni
554 2113 608 2167 in
641 2128 726 2180 ea,
764 2116 1045 2185 perdentis
1087 2127 1270 2174 autem
1304 2133 1401 2174 eos
1436 2119 1492 2173 in
1541 2120 1742 2190 quibus
1781 2129 2004 2190 propter

427 2201 815 2260 abundantiam
853 2207 1163 2278 iniquitatis
1191 2210 1433 2266 charitas
1475 2210 1806 2281 refrigescit.
1837 2212 2005 2268 Com-

425 2295 630 2363 paratio
659 2297 805 2352 enim
837 2297 1164 2356 Sodomitici
1204 2302 1348 2373 ignis
1371 2302 1815 2360 manifestissime
1846 2305 2005 2360 docet

425 2387 764 2468 subitaneam
808 2389 924 2446 fore
965 2392 1156 2447 mundi
1187 2391 1626 2463 corruptionem,
1661 2407 1728 2448 ex
1757 2407 1824 2449 eo
1853 2393 2003 2463 quod

421 2480 646 2551 angelus
675 2482 813 2537 dixit
837 2483 906 2538 ad
935 2482 1038 2540 Lot
1071 2485 1150 2540 ’τε
1185 2485 1324 2540 Ecce
1346 2486 1648 2541 admiratus
1668 2501 1787 2539 sum
1811 2486 2003 2555 [aciem

425 2576 567 2622 tuam
605 2571 660 2624 in
682 2573 836 2626 uerbo
858 2574 976 2642 hoc,
1005 2583 1062 2628 ut
1088 2591 1192 2628 non
1212 2576 1484 2630 destruam
1514 2577 1782 2631 civitatem
1806 2577 1870 2632 de
1895 2593 2002 2648 qua

424 2659 632 2715 dixisti.
677 2657 899 2717 Festina
945 2681 1070 2735 ergo
1101 2666 1303 2720 salvari
1347 2667 1482 2733 illic,
1527 2683 1619 2722 nec
1647 2669 1786 2722 enim
1821 2677 2002 2738 potero

423 2751 594 2818 facere
637 2755 947 2825 quidquam,
1005 2757 1169 2816 donec
1218 2767 1276 2812 tu
1321 2775 1409 2813 eas
1449 2757 1600 2812 illuc.
1653 2758 1815 2827 Vides
1863 2775 2003 2831 quo-

420 2845 567 2900 niam
614 2845 757 2917 ignis
804 2848 895 2903 ille
945 2848 1040 2918 qui
1093 2863 1259 2919 super
1307 2849 1604 2905 Sodomam
1657 2850 1997 2918 mittebatur,

422 2938 700 2994 voluntate
744 2941 1129 2997 continebatur
1162 2942 1369 3010 divina,
1417 2943 1594 2997 donec
1639 2941 1740 2998 Lot
1769 2944 2000 3000 intraret

417 3031 476 3085 in
507 3031 698 3102 chor.
745 3031 837 3088 Sic
881 3043 1014 3104 puto
1045 3043 1099 3090 et
1131 3035 1185 3090 in
1226 3035 1705 3091 consummatione
1732 3036 1998 3103 {futurum

2108 557 2178 611 sit
2207 557 2411 622 futura,
2438 572 2505 609 an
2535 570 2632 626 per
2660 566 2873 625 partes;
2911 557 3002 610 sed
3046 557 3149 612 hoc
3175 566 3387 613 tantum
3429 560 3682 614 conside-

2106 656 2251 713 rant,
2276 649 2535 717 quoniam
2568 647 3002 717 uniuscujusque
3023 651 3426 705 consummatio
3455 649 3532 715 fit,
3562 651 3681 718 ipso

2105 757 2214 796 non
2251 749 2612 811 cognoscente
2642 753 2818 809 neque
2845 740 3011 804 diem,
3055 757 3232 810 neque
3271 742 3460 796 horam
3499 741 3682 795 exitus

2105 832 2223 898 sui;
2271 839 2324 886 et
2366 831 2496 900 quia
2547 845 2712 900 super
2759 846 3206 901 unumquemque
3264 841 3512 887 nostrum
3562 831 3682 886 dies

2106 924 2321 979 Domini
2352 924 2424 978 ita
2455 923 2636 978 veniet
2673 922 2815 978 sicut
2851 921 2958 977 fur.
2989 923 3215 993 Propter
3245 925 3390 994 quod
3426 940 3564 994 Opus
3595 932 3681 982 εει

2103 1019 2350 1090 vigilare,
2377 1018 2493 1073 sive
2518 1017 2751 1086 vesperi,
2782 1016 2835 1071 id
2860 1025 2944 1072 est
2983 1017 3036 1070 in
3066 1003 3384 1087 juventute;
3425 1020 3539 1073 sive
3569 1036 3684 1073 me-

2103 1109 2191 1164 dia
2217 1117 2396 1174 nocte,
2426 1108 2478 1162 id
2503 1114 2585 1162 est
2617 1108 2673 1161 in
2702 1107 2880 1162 medio
2904 1107 3027 1161 vitae
3054 1107 3308 1162 humanae
3338 1108 3676 1172 tenebrosze;

2105 1201 2218 1256 sive
2246 1199 2370 1270 galli
2401 1207 2586 1261 cantu,
2614 1199 2834 1269 quando
2853 1198 2966 1268 jam
2997 1198 3184 1254 senior
3207 1207 3319 1264 est;
3351 1198 3466 1253 sive
3493 1213 3675 1264 mane,

2104 1291 2323 1360 quando
2345 1291 2458 1360 jam
2482 1298 2762 1346 senectute
2797 1298 3051 1358 provecta
3078 1299 3194 1355 est;
3228 1296 3289 1342 ut
3312 1303 3436 1342 cum
3472 1288 3685 1344 venerit

2104 1381 2248 1438 Deus
2289 1381 2523 1438 Verbum
2563 1381 2796 1436 aﬂ‘erens
2829 1381 3356 1436 consummationem
3389 1379 3688 1449 profectio-

2105 1476 2192 1531 nis
2211 1475 2335 1529 vita:
2373 1475 2556 1536 istius,
2583 1473 3079 1542 comprehendatur
3101 1473 3194 1542 qui
3225 1486 3330 1526 non
3356 1471 3504 1525 dedit
3536 1485 3686 1524 som-

2105 1582 2236 1621 num
2279 1566 2455 1620 oculis
2497 1565 2636 1631 suis,
2685 1579 2863 1633 neque
2919 1563 3364 1618 dormitationem
3415 1559 3688 1631 palpebris

2106 1658 2244 1725 suis,
2270 1665 2326 1713 et
2358 1655 2660 1712 custodivit
2697 1655 3018 1709 mandatum
3066 1653 3300 1708 dicentis
3331 1655 3375 1685 ²⁹
3403 1671 3416 1707 :
3461 1651 3688 1723 Vigilate

2107 1752 2163 1805 in
2192 1749 2335 1804 omni
2367 1758 2614 1817 tempore.
2650 1745 2855 1800 Tamen
2892 1745 3017 1798 vani
3047 1752 3176 1798 sunt
3208 1757 3422 1809 omnes,
3454 1742 3568 1796 sive
3592 1740 3686 1810 qui

2107 1842 2635 1901 consummationem
2657 1839 2849 1894 mundi
2875 1839 3016 1894 scire
3039 1854 3098 1893 se
3119 1837 3446 1907 profitentur
3466 1834 3689 1903 quando

2104 1938 2227 2003 erit,
2258 1936 2372 1991 sive
2398 1935 2492 2005 qui
2514 1933 2638 1988 vitae
2663 1931 2899 2002 propriae
2923 1930 3084 1984 finem
3113 1929 3254 1984 scire
3276 1943 3336 1981 se
3358 1926 3686 1997 gloriantur,

2105 2035 2199 2084 aut
2223 2041 2320 2098 per
2348 2025 2502 2094 signa
2537 2023 2743 2088 avium,
2789 2028 2884 2075 aut
2914 2036 3010 2091 per
3036 2019 3433 2088 ventriloquos,
3472 2025 3566 2071 aut
3593 2031 3688 2085 per

2104 2133 2295 2189 magos
2352 2115 2582 2180 seducti,
2632 2122 2687 2169 et
2738 2123 2992 2184 putantes
3047 2125 3377 2183 cognoscere
3433 2109 3576 2165 diem
3635 2116 3690 2162 et

2105 2211 2298 2266 horam
2353 2208 2532 2264 exitus
2571 2206 2678 2262 sui.
2722 2204 2874 2260 Sicut
2932 2204 3078 2258 enim
3123 2211 3228 2270 est,
3275 2215 3439 2256 nemo
3486 2213 3689 2269 cogno-

2105 2318 2257 2360 scere
2313 2308 2512 2373 potest,
2574 2299 2681 2356 nisi
2734 2296 2874 2353 forte
2928 2297 3194 2368 propheta
3261 2295 3461 2363 aliquis
3527 2290 3692 2346 fuerit

2105 2403 2297 2452 sancto
2322 2391 2527 2463 Spiritu
2556 2390 2923 2454 illuminatus,
2949 2389 3093 2443 sicut
3116 2388 3206 2441 ille
3235 2386 3329 2456 qui
3363 2385 3520 2439 uxori
3547 2383 3690 2453 regis

2103 2486 2450 2560 prophetavit
2476 2483 2677 2538 volenti
2718 2495 3052 2552 cognoscere
3081 2480 3127 2535 si
3155 2485 3403 2547 surgeret
3431 2492 3496 2530 ex
3531 2475 3688 2528 inﬁr-

2105 2578 2296 2632 mitate
2332 2575 2478 2644 filius
2509 2573 2652 2642 ejus,
2699 2580 2752 2626 et
2783 2571 2927 2626 sicut
2955 2569 3103 2623 Elias
3138 2566 3481 2638 prophetavit
3509 2563 3692 2618 Ocho-

2105 2669 2202 2723 zize
2224 2667 2413 2722 dicens
2451 2680 2574 2735 qua:
2603 2679 2632 2717 a
2671 2662 2905 2717 Domino
2937 2660 3153 2715 fuerant
3178 2659 3473 2714 constituta
3500 2675 3514 2710 :
3560 2654 3693 2709 Haec

2103 2759 2236 2813 dicit
2279 2757 2537 2812 Dominus
2575 2772 2593 2809 :
2631 2753 2922 2824 Propterea
2973 2752 3110 2823 quod
3154 2767 3256 2804 non
3297 2757 3412 2803 erat
3450 2747 3590 2801 Deus
3635 2747 3692 2800 in

2102 2849 2296 2915 Israel,
2338 2857 2394 2902 tu
2434 2848 2585 2902 vadis
2621 2862 2856 2917 quaerere
2892 2845 2961 2898 ad
2989 2844 3128 2898 Baal
3162 2851 3255 2896 aut
3297 2841 3583 2896 Beelzebub
3614 2840 3694 2893 vi-

2103 2965 2220 3002 rum
2244 2960 2568 3015 muscarum,
2595 2942 2763 2996 Deum
2793 2943 3032 2995 Accaron
3056 2955 3076 2993 :
3098 2939 3215 2992 ideo
3245 2937 3373 2990 dicit
3396 2935 3650 2988 Dominus
3669 2948 3690 2987 .'

2102 3041 2180 3095 De
2234 3038 2426 3094 lectulo
2479 3053 2638 3108 super
2682 3052 2837 3107 quem
2888 3033 3178 3088 ascendisti
3232 3047 3333 3084 non
3384 3027 3690 3090 descendes,

419 3123 721 3178 secundum
755 3125 906 3194 quod
948 3126 1188 3183 salvatus
1214 3135 1299 3182 est
1334 3134 1390 3182 et
1427 3125 1549 3194 Lot,
1588 3136 1650 3182 ut
1687 3136 1818 3183 tunc
1856 3128 1998 3199 ignis
2025 3143 2066 3202 ο
2100 3134 2349 3204 quoniam
2398 3139 2565 3184 morte
2614 3129 2858 3182 morieris
2885 3127 2952 3181 ³ο.
3011 3124 3138 3180 Haec
3186 3121 3290 3178 etsi
3347 3121 3400 3174 in
3460 3133 3691 3173 excessu

420 3216 513 3271 ille
557 3220 1052 3275 consummationis
1082 3221 1329 3276 obtineat
1376 3223 1644 3278 mundum
1697 3221 1998 3279 secundum

419 3307 684 3374 iudicium
733 3308 850 3375 Dei,
880 3325 1004 3365 cum
1046 3312 1240 3367 salvati
1267 3312 1402 3383 justi
1448 3312 1701 3369 fulserint
1739 3313 1883 3368 sicut
1917 3311 2001 3368 sol

422 3398 475 3452 in
507 3413 676 3467 regno
702 3397 882 3455 Patris
913 3399 997 3455 sui
1025 3418 1039 3454 :
1086 3408 1216 3456 tunc
1261 3403 1483 3473 iniquos
1526 3403 1786 3473 colligent
1820 3402 1889 3458 de
1915 3417 2002 3456 re-

417 3503 524 3558 gno
556 3489 782 3555 Christi,
807 3498 862 3546 et
888 3491 1105 3546 mittent
1133 3507 1230 3548 eos
1256 3494 1310 3548 in
1340 3494 1616 3549 caminum
1655 3494 1816 3564 ignis.
1848 3491 2002 3559 Quo-

417 3579 584 3634 modo
628 3588 774 3636 em'm
823 3597 932 3636 non
975 3591 1061 3638 est
1109 3584 1461 3640 manifestum
1505 3585 1634 3655 quia
1683 3583 1866 3638 subito
1895 3583 2003 3637 erit

415 3672 696 3741 corruptio
728 3674 939 3737 mundi,
989 3689 1054 3727 ex
1081 3689 1149 3729 eo
1182 3676 1328 3743 quod
1368 3675 1534 3741 dicit,
1566 3683 1721 3729 erunt
1767 3673 2002 3726 mandu-

417 3771 596 3814 eantes
622 3772 669 3814 et
693 3761 942 3827 bibentes,
969 3762 1218 3817 nubentes
1245 3773 1294 3817 et
1318 3773 1538 3832 nuptum
1562 3763 1849 3829 tradentes,
1879 3778 2003 3832 quae

415 3851 570 3918 pacis
595 3858 649 3904 et
670 3851 981 3907 securitatis
1015 3861 1144 3906 sunt
1172 3852 1425 3923 signa?F
1429 3869 1582 3910 ames
1612 3854 1760 3909 enim
1792 3862 1845 3909 et
1875 3869 2002 3924 pes-

417 3940 643 3995 tilentiae
682 3939 911 3996 forsitan
959 3953 1086 3999 ante
1128 3945 1351 4014 aliquod
1392 3954 1607 4016 tempus
1644 3960 2004 4002 consumma-

417 4032 585 4087 tionis
610 4043 806 4100 erunt;
845 4035 991 4090 circa
1036 4035 1211 4106 ipsam
1242 4044 1422 4091 autem
1467 4038 2000 4093 consummationem

418 4138 596 4192 neque
638 4122 832 4192 fames,
865 4141 1042 4194 neque
1083 4125 1284 4182 bellum
1327 4127 1450 4182 erit.
1495 4127 1784 4194 Quomodo
1818 4135 2001 4184 autem

420 4219 814 4274 manducantes
844 4227 898 4273 et
925 4219 1193 4284 bibentes,
1226 4221 1498 4278 nubentes
1537 4233 1592 4276 et
1630 4228 1859 4292 nuptum
1890 4231 2004 4276 tra-

418 4309 631 4377 dentes,
673 4311 980 4380 plantantes
1008 4320 1064 4367 et
1103 4312 1456 4381 aedificantes,
1498 4323 1742 4369 ementes
1775 4323 1831 4368 et
1864 4329 2003 4369 ven-

416 4403 606 4474 dentes
636 4413 764 4460 sunt
794 4407 1310 4476 comprehendendi,
1335 4409 1440 4464 nisi
1466 4409 1540 4464 ita
1563 4409 1636 4465 sit
1654 4409 2000 4464 ordinatum?

2101 3224 2368 3291 diximus,
2431 3230 2614 3276 tamen
2660 3218 2821 3290 quasi
2870 3215 3028 3272 utilia
3073 3212 3504 3274 introduximus,
3556 3223 3695 3278 quo—

2102 3316 2252 3369 niam
2289 3322 2344 3370 et
2381 3314 2448 3368 de
2492 3310 2968 3368 consummatione
3008 3305 3472 3375 uniuscujusque,
3513 3302 3568 3355 id
3607 3307 3695 3356 est

2101 3407 2170 3462 de
2210 3407 2299 3462 die
2334 3405 2515 3462 exitus
2549 3404 2635 3460 sui
2666 3419 2829 3458 nemo
2872 3414 3208 3472 cognoscere
3249 3404 3448 3469 potest,
3487 3410 3686 3464 quam-

2105 3497 2190 3552 vis
2235 3497 2394 3552 multi
2437 3495 2800 3565 profiteantur
2845 3492 2978 3546 talia
3035 3490 3202 3556 scire,
3253 3489 3360 3542 nisi
3406 3487 3543 3540 forte
3595 3484 3691 3554 qui

2105 3587 2380 3641 audierint
2411 3599 2479 3639 ex
2524 3584 2830 3654 pr0phetis.
2874 3580 3000 3636 Scio
3043 3588 3098 3635 et
3131 3579 3294 3634 aliam
3335 3591 3692 3633 consumma-

2103 3678 2310 3732 tionem
2360 3676 2466 3729 viri
2513 3676 2672 3744 justi,
2719 3673 2814 3743 qui
2864 3671 3168 3742 apostolico
3213 3667 3458 3740 profectu
3506 3667 3692 3722 dicere

2101 3777 2284 3839 potest
2333 3785 2346 3822 :
2393 3765 2530 3820 Mihi
2575 3775 2753 3820 autem
2804 3765 2944 3818 absit
3003 3762 3247 3833 gloriari,
3295 3761 3399 3815 nisi
3443 3761 3498 3813 in
3536 3773 3692 3812 cruce

2101 3860 2321 3914 Domini
2359 3860 2530 3913 nostri
2558 3856 2689 3912 Jesu
2718 3855 2942 3920 Christi,
2981 3870 3072 3924 per
3109 3867 3262 3923 quem
3305 3851 3435 3904 mihi
3461 3850 3688 3904 mundus

2102 3953 2394 4022 cruciﬁxus
2427 3959 2526 4016 est,
2568 3961 2617 4005 et
2656 3965 2748 4020 ego
2792 3947 2990 4002 mundo
3023 3947 3090 4000 “.
3133 3944 3238 4000 Cui
3273 3943 3418 3998 enim
3451 3943 3689 3997 mundus

2102 4054 2187 4103 est
2221 4043 2544 4111 crucifixus,
2593 4043 2643 4098 ei
2686 4039 3093 4113 quodammodo
3143 4037 3550 4092 consummatio
3572 4035 3686 4104 jam

2103 4137 2250 4194 facta
2291 4145 2374 4193 est
2415 4135 2630 4202 mundi,
2659 4142 2712 4190 et
2754 4133 2848 4204 qui
2887 4139 3141 4186 mortuus
3186 4137 3271 4184 est
3309 4127 3686 4182 mundialibus

2102 4233 2291 4296 rebus,
2323 4229 2413 4286 cui
2447 4238 2794 4299 transgresso
2822 4225 2940 4281 dies
2971 4240 3078 4280 non
3123 4222 3337 4279 Domini
3373 4222 3537 4286 venit,
3575 4219 3686 4275 Do—

2102 4324 2237 4379 mini
2274 4321 2392 4378 dies
2435 4321 2489 4374 in
2523 4334 2630 4390 qua
2673 4318 2734 4372 fit
2773 4317 3037 4371 adventus
3078 4314 3200 4369 Filii
3244 4311 3483 4368 hominis
3524 4325 3689 4380 super

2104 4413 2342 4468 animam
2369 4409 2509 4480 ejus,
2535 4407 2664 4479 quia
2687 4406 2801 4476 jam
2827 4421 2936 4459 non
2960 4404 3094 4459 vivit
3121 4412 3344 4474 peccato
3371 4410 3426 4457 et
3457 4401 3684 4455 mundo.

419 4493 525 4549 Sed
559 4505 614 4550 et
653 4496 782 4550 illud
821 4497 926 4552 hoc
951 4498 1267 4554 manifestat
1304 4500 1451 4570 quod
1483 4501 1560 4555 ait
1590 4500 1884 4571 Apostolus
1907 4500 1993 4555 ἐς
2033 4478 2078 4535 Ῑ)
2174 4503 2264 4559 57.
2305 4478 2451 4556 Tunc
2486 4478 2591 4554 duo
2633 4507 2788 4554 erunt
2834 4497 2888 4551 in
2919 4513 3071 4567 agro,
3121 4511 3258 4548 unus
3306 4500 3608 4548 assumatur
3635 4497 3688 4544 et

419 4588 686 4654 Quoniam
715 4590 826 4644 dies
860 4590 1074 4646 Domini
1103 4593 1240 4647 sicut
1276 4595 1385 4664 fur,-
1417 4595 1496 4648 itu
1531 4596 1589 4649 in
1620 4606 1769 4649 nocte
1805 4597 1994 4650 ueniet.

418 4679 553 4735 Cum
592 4682 824 4734 dixerint
853 4699 962 4751 pax
997 4692 1047 4736 et
1069 4684 1352 4751 securitas,
1390 4692 1515 4739 tunc
1552 4686 1858 4755 repentinus
1886 4685 1997 4739 illis

417 4776 740 4845 superveniet
782 4777 1052 4841 interitus,
1083 4777 1221 4830 sicut
1253 4777 1490 4832 dolorem
1531 4786 1716 4847 partus
1756 4779 1814 4833 in
1846 4785 1997 4832 utero

416 4870 652 4938 habenti,
687 4879 736 4925 et
767 4887 873 4924 non
895 4871 1164 4941 effugient.
1198 4869 1364 4926 Docet
1389 4886 1492 4928 nos
1525 4871 1784 4942 quoniam
1815 4872 1998 4928 subito

413 4967 468 5014 ct
507 4962 786 5032 insperato
813 4963 1028 5017 eveniet
1067 4962 1183 5017 dies
1220 4963 1714 5019 consummationis
1752 4963 1988 5018 homini-

415 5051 538 5116 bus,
570 5071 695 5110 cum
725 5071 908 5111 rerum
930 5064 1108 5112 status
1137 5057 1296 5125 quasi
1320 5057 1387 5110 ad
1418 5056 1616 5112 melius
1643 5057 1797 5112 visus
1830 5055 1997 5111 fuerit

413 5158 535 5200 esse
574 5164 892 5218 conversus,
935 5150 1004 5206 de
1047 5150 1192 5206 fame
1231 5150 1414 5222 priore
1460 5149 1529 5204 ad
1570 5150 1897 5215 ubertatem,
1927 5149 1997 5205 de

415 5238 722 5305 pestilentia
764 5253 818 5298 et
847 5245 1049 5314 praeliis
1084 5244 1151 5298 ad
1191 5258 1378 5313 pacem
1417 5251 1580 5312 atque
1619 5243 1992 5298 securitatem.

417 5327 523 5394 Qui
570 5340 751 5387 autem
799 5337 964 5392 altius
1013 5337 1184 5408 876
1235 5335 1586 5405 Evangelium
1636 5334 1886 5400 audiunt,
1941 5342 1995 5388 et

414 5420 599 5475 omnia
627 5432 796 5492 agunt
823 5435 886 5481 ut
914 5424 1143 5483 omnino
1171 5427 1227 5482 in
1270 5427 1418 5482 nulla
1451 5411 1604 5497 parte
1640 5425 1993 5496 Evangelium

412 5511 480 5567 sit
519 5512 601 5568 eis
644 5513 900 5586 velatum,
948 5535 1058 5576 non
1105 5521 1337 5576 multum
1385 5528 1583 5574 curant
1615 5518 1684 5574 de
1729 5503 1991 5574 consum-

507 5726 553 5757 "
592 5741 836 5797 capxxt.

932 5729 977 5760 ’⁷
997 5726 1128 5784 Gen.
1163 5747 1276 5794 XIX,
1320 5730 1412 5794 2|,
1443 5727 1534 5783 2‘2.
1577 5728 1622 5760 ’⁸
1648 5725 1668 5781 1
1693 5726 1882 5784 Thess.
1910 5743 1964 5788 v,
1989 5728 2043 5791 2,
2066 5727 2119 5782 3.
2187 5728 2230 5759 ἐ’
2258 5723 2390 5783 Luc.
2426 5743 2538 5796 ut,
2568 5725 2655 5783 56.

2105 4595 2244 4652 alter
2269 4592 2596 4663 relinquetur
2632 4590 2698 4643 ³³.
2729 4588 2884 4644 Sicut
2913 4587 2970 4641 in
3006 4602 3074 4642 eo
3101 4587 3247 4656 quod
3282 4583 3416 4639 dicit
3448 4583 3494 4614 ⁸³
3527 4599 3542 4636 :
3577 4579 3686 4635 Aut

2105 4690 2267 4760 facite
2307 4687 2548 4742 arborem
2587 4685 2808 4747 malam,
2849 4691 2900 4737 et
2931 4675 3139 4752 fructus
3179 4679 3293 4749 ejus
3338 4677 3542 4740 malos;
3591 4684 3687 4730 aut

2065 4800 2073 4802 -
2107 4780 2349 4836 arborem
2387 4779 2599 4843 bonam,
2647 4785 2698 4832 et
2731 4775 2966 4846 fructum
2993 4773 3108 4842 ejus
3144 4775 3359 4836 bonum,
3407 4769 3530 4825 dum
3559 4777 3688 4823 sunt

2104 4871 2330 4927 arbores
2359 4868 2640 4942 generales
2672 4868 2729 4923 in
2773 4866 3029 4922 cordibus
3058 4863 3364 4925 hominum,
3400 4865 3496 4914 aut
3543 4858 3686 4912 bona

2103 4965 2346 5032 virtutis,
2376 4971 2473 5018 aut
2509 4962 2656 5017 mala
2689 4959 2935 5016 malitiae.
2974 4957 3129 5011 Sicut
3177 4953 3415 5017 mundus
3441 4957 3527 5006 est
3556 4965 3687 5021 ager

2101 5057 2406 5116 secundum
2454 5052 2771 5124 parabolam
2821 5047 3139 5119 quamdam,
3187 5043 3298 5100 duo
3357 5041 3686 5114 generaliter

2101 5159 2228 5205 sunt
2262 5148 2318 5202 in
2346 5161 2434 5213 eo,
2466 5159 2612 5199 unus
2632 5140 2854 5213 quidem
2880 5139 3024 5194 sicut
3049 5135 3164 5191 Noe
3190 5134 3474 5206 operarius
3500 5140 3685 5198 terrai,

2103 5243 2240 5298 alter
2266 5248 2448 5296 autem
2477 5237 2620 5292 sicut
2644 5233 2781 5289 Cain
2821 5244 3054 5301 operans
3087 5237 3287 5284 terram
3321 5226 3389 5280 “.
3425 5223 3520 5279 His
3557 5221 3685 5277 tali-

2102 5333 2206 5389 bus
2237 5332 2290 5386 in
2322 5344 2454 5401 agro
2477 5324 2792 5396 huiusmodi
2817 5321 3152 5386 constitutis,
3177 5332 3318 5374 unus
3345 5321 3682 5381 assumetur,

2101 5421 2158 5478 id
2189 5429 2274 5476 est
2303 5419 2397 5489 qui
2429 5418 2626 5474 similis
2657 5422 2744 5471 est
2773 5411 2889 5468 Noe
2915 5412 3201 5482 operarius
3235 5418 3435 5475 terrae;
3459 5416 3514 5461 et
3545 5403 3686 5459 alter

2098 5512 2460 5583 relinquetur,
2489 5507 2584 5580 qui
2613 5506 2757 5564 sicut
2784 5504 2918 5561 Cain
2945 5512 3146 5560 terram
3177 5515 3412 5573 operans
3436 5507 3544 5555 est.
3573 5494 3683 5554 Ta-

2757 5721 2890 5779 utv
2925 5721 3056 5796 Reg.
3098 5736 3133 5786 ι,
3163 5717 3215 5776 6.
3263 5717 3304 5750 ει
3331 5715 3449 5774 Gul.
3471 5728 3550 5786 τι,
3585 5715 3676 5775 tt.

398 5795 459 5876 δ”
497 5795 688 5855 Matth.
720 5815 868 5867 xxiv,
900 5797 989 5856 40.
1033 5801 1077 5832 ³³
1108 5800 1298 5856 Matth.
1349 5815 1448 5871 xu,
1480 5800 1567 5856 55.
1615 5800 1660 5833 ³³
1698 5799 1832 5855 Gen.
1865 5815 1942 5868 ως,
1978 5798 2000 5852 ﬁ

2104 5807 2157 5854 et
2200 5814 2274 5870 tv.
2306 5799 2360 5855 2.
