4112 6482
427 350 554 403 lG‘JI

1592 347 1919 406 ORIGENIS
1955 347 2023 402 ΙΝ
2062 346 2480 404 ΜΑΤἸἩᾹΞΗΜ

3549 342 3684 400 1692

423 463 494 519 lis
524 463 669 519 enitr.
703 473 788 518 est
825 463 1008 519 omnis
1044 463 1138 534 qui
1170 462 1284 519 odit
1315 462 1539 519 fratrem
1575 478 1760 528 suum,
1791 469 1845 518 et
1876 477 2000 531 pro-
2029 462 2075 520 Α
2106 468 2211 512 tem
2242 459 2410 513 etiam
2440 469 2688 528 tempora
2712 457 2818 512 diei
2852 465 3109 527 tanquam
3135 456 3271 514 furis
3300 457 3568 514 venientis
3592 459 3685 515 de-

423 567 544 626 pter
580 556 766 610 odium
814 556 1000 611 fratris
1047 555 1318 610 homicida
1371 571 1400 609 a
1445 554 1659 610 Joanne
1701 554 2003 625 appellatur

422 648 673 718 apostolo
699 649 764 702 ³⁵.
802 647 894 702 Sic
923 656 1104 702 autem
1136 655 1190 701 et
1221 646 1288 702 de
1336 647 1628 701 animabus
1669 646 2004 702 molenlibus

423 740 479 794 ln
529 740 680 810 gravi
732 740 876 792 mola
924 739 1112 794 mundi
1159 740 1244 794 vel
1277 738 1548 809 corporis,
1595 739 1736 794 bona
1782 739 2002 810 quidem

423 832 605 886 anima
638 830 961 895 assumitur,
1015 830 1159 884 mala
1201 839 1385 886 autem
1432 830 1781 900 relinquitur,
1830 831 2006 888 donec

423 925 584 994 digna
633 922 897 977 efﬁciatur
952 921 1181 977 assumi.
1219 921 1330 976 Aut
1378 922 1453 976 ita
1503 940 1517 976 :
1574 922 1686 978 duo
1733 923 1790 977 in
1849 937 2004 993 agro,

423 1029 620 1070 sensus
686 1014 927 1070 hominis
982 1014 1149 1080 boni,
1203 1022 1258 1070 et
1308 1029 1506 1070 sensus
1555 1014 1798 1070 hominis
1850 1015 2001 1071 mali.

427 1105 638 1164 Sensus
724 1107 904 1164 bonus
985 1108 1310 1175 assumitur,
1383 1107 1564 1165 malus
1648 1109 2002 1179 relinquitur.

421 1199 534 1255 Nec
597 1200 750 1257 enim.
814 1215 1112 1272 possumus
1167 1201 1352 1256 dicere
1406 1201 1662 1270 spiritum
1716 1202 1846 1256 mali
1903 1204 2006 1258 ho-

421 1293 586 1350 minis
633 1309 742 1350 non
810 1295 1043 1362 assumi,
1100 1294 1230 1364 quia
1294 1293 1464 1349 didici
1511 1293 1655 1364 apud
1709 1292 2006 1350 Ecclesias-

422 1383 586 1438 ten“
637 1385 705 1440 de
769 1385 921 1440 omni
968 1386 1190 1455 spiritu,
1243 1384 1502 1455 quoniam
1549 1385 1884 1440 convertitur
1935 1385 2004 1439 ad

423 1477 594 1534 Deum
627 1479 720 1548 qui
746 1478 894 1534 dedit
918 1492 1044 1534 eum
1073 1497 1087 1534 :
1119 1479 1262 1534 sicut
1286 1489 1340 1534 et
1367 1480 1434 1535 de
1465 1479 1616 1532 omni
1648 1493 1838 1544 carne,
1865 1491 2004 1546 quo-

423 1568 572 1622 niam
610 1569 901 1624 revertitur
929 1569 998 1624 ad
1044 1577 1244 1624 terram
1284 1570 1425 1624 unde
1463 1579 1680 1638 sumpta
1723 1577 1808 1624 est
1837 1564 1913 1634 ³⁷;
1949 1577 2004 1624 et

421 1660 566 1714 sicut
613 1662 728 1730 ipse
771 1659 1035 1716 Dominus
1071 1661 1257 1716 docuit
1304 1677 1404 1717 nos
1445 1671 1502 1716 ut
1549 1662 1841 1716 timeamus
1883 1677 2003 1716 eum

420 1755 514 1826 qui
549 1770 736 1822 corpus
765 1764 814 1808 et
843 1757 1078 1808 animam
1102 1764 1273 1824 potest
1297 1754 1510 1823 perdere
1537 1756 1593 1807 in
1614 1754 1907 1825 gehennam
1925 1754 1999 1821 “I;

418 1856 475 1902 et
517 1861 583 1900 ex
640 1861 707 1901 eo
752 1846 897 1916 quod
951 1847 1086 1900 nihil
1135 1846 1202 1901 de
1261 1847 1454 1916 spiritu
1505 1846 1663 1911 dixit,
1717 1847 2000 1902 evidenter

419 1935 660 1990 ostendit
698 1935 960 2006 quoniam
1005 1937 1233 2006 spiritus
1271 1953 1394 1991 cum
1431 1952 1666 2006 corpore
1697 1938 1784 1992 vel
1815 1937 2001 1993 anima

419 2027 722 2096 peccatrice
766 2045 873 2084 non
908 2028 1072 2084 simul
1111 2029 1356 2098 punitur.
1395 2027 1500 2094 Qui
1545 2028 1689 2082 enim
1733 2030 1998 2099 peccavit,

414 2118 697 2186 dividitur,
755 2128 813 2175 et
868 2134 996 2191 pars
1055 2118 1278 2188 quidem
1332 2117 1454 2187 ejus
1507 2133 1633 2171 cunt
1685 2117 2000 2176 inﬁdelibus

417 2214 667 2282 ponitur;
699 2213 845 2282 quod
867 2220 1049 2268 autem
1082 2227 1193 2268 non
1231 2211 1371 2282 ejus,
1407 2211 1698 2266 revertitur
1730 2211 1796 2266 ad
1823 2210 1999 2268 Deum

417 2304 513 2373 qui
545 2304 695 2359 dedit
723 2320 870 2360 eum.

487 2395 576 2450 58.
615 2395 730 2449 Duo
769 2396 824 2448 in
866 2395 1000 2450 lecto
1041 2413 1168 2462 uno,
1225 2412 1360 2450 unus
1411 2405 1731 2464 assumetur,
1768 2407 1819 2450 et
1859 2395 1999 2452 alter

416 2487 740 2557 relinquetur
761 2487 826 2542 ³⁹.
854 2486 1018 2543 Extra
1041 2503 1135 2544 eos
1155 2489 1249 2557 qui
1276 2495 1404 2542 sunt
1422 2487 1616 2542 duo.in
1649 2503 1801 2558 agro,
1842 2496 1997 2543 extra

413 2594 508 2632 eas
531 2594 653 2648 qua:
685 2586 816 2635 sunt
843 2580 964 2635 dua:
997 2578 1065 2633 ad
1099 2580 1321 2644 molam,
1369 2588 1498 2634 sunt
1525 2579 1636 2634 duo
1667 2593 1898 2648 corpora
1941 2578 1998 2633 in

420 2685 528 2724 una
563 2671 811 2736 materia,
853 2686 920 2726 ex
950 2671 1151 2741 quibus
1194 2672 1520 2742 corporibus
1563 2687 1732 2725 unum
1775 2670 1996 2741 quidem

412 2777 615 2831 corpus
661 2769 746 2818 est
778 2762 914 2832 justi
963 2763 1109 2832 quod
1158 2762 1482 2828 assumitur,
1532 2762 1763 2816 alterum
1810 2769 1996 2816 autem

413 2869 615 2924 corpus
642 2854 886 2924 ejusdem
919 2855 1163 2909 materiae
1187 2855 1334 2925 quod
1369 2853 1720 2923 relinquitur.
1756 2850 1824 2907 Et
1867 2868 1996 2908 cor-

415 2961 514 3014 pus
546 2946 767 3015 quidem
801 2945 960 3016 quasi
997 2945 1275 3001 inﬁrmum
1307 2945 1364 3000 in
1392 2945 1534 3000 lecto
1567 2952 1652 3000 est
1690 2944 1995 2999 carnalium

415 3039 731 3107 passionum
798 3039 1052 3109 quamvis
1116 3048 1474 3106 assumatur;
1550 3038 1737 3093 anima
1810 3045 1994 3091 autem

2105 550 2223 605 linit
2248 550 2436 606 dicens
2463 549 2509 582 ⁸³
2551 569 2565 604 :
2606 550 2832 621 Vigilate
2872 566 3016 620 ergo,
3047 551 3172 617 quia
3213 550 3425 604 nescitis
3470 549 3684 620 quando

2104 641 2346 696 dominus
2391 642 2577 696 domus
2622 642 2810 708 ueniet,
2855 657 2993 704 sero,
3038 657 3108 694 an
3169 641 3344 694 media
3398 650 3570 705 nocte,
3614 659 3683 694 an

2105 733 2236 804 galli
2279 742 2462 798 cantu,
2513 751 2794 788 an.mane.
2840 733 3241 790 Paterfamilias
3273 741 3456 788 autem
3488 734 3683 789 domn!

2105 835 2188 881 est
2217 840 2416 882 sensus
2448 826 2724 893 hominis;
2751 826 2949 882 domus
2984 835 3166 884 autem
3196 826 3318 896 ejus
3339 825 3543 880 anima.
3577 823 3685 879 Fur

2105 934 2234 974 vero
2266 921 2360 989 qui
2395 918 2790 989 patrefamilias
2843 919 3154 975 dormiente
3209 919 3393 975 subito
3438 918 3591 973 venit
3634 926 3688 972 et

2105 1010 2345 1082 perfodit
2364 1011 2613 1076 domum,
2644 1020 2778 1081 puto
2802 1011 2948 1081 quod
2978 1010 3227 1067 diabolus
3249 1019 3350 1077 est,
3383 1019 3479 1064 aut
3505 1009 3688 1064 omnis

2107 1119 2286 1160 sermo
2311 1105 2644 1172 contrarius,
2671 1105 2973 1160 secundum
2998 1104 3145 1175 quod
3168 1103 3503 1174 evangelista
3531 1099 3696 1156 Joan-

2105 1212 2204 1252 nes
2244 1211 2348 1252 nos
2390 1199 2549 1254 docet
2579 1199 2684 1255 hoc
2730 1199 2893 1255 modo
2931 1200 3120 1256 dicens
3153 1197 3201 1231 δ”
3247 1216 3262 1252 :
3307 1197 3494 1260 Amen,
3535 1210 3694 1250 amen

2105 1287 2224 1340 dico
2269 1288 2432 1356 vobis,
2477 1289 2568 1359 qui
2615 1306 2719 1344 non
2763 1291 2931 1345 intrat
2957 1307 3048 1360 per
3073 1291 3301 1359 januam
3331 1289 3387 1344 in
3419 1286 3690 1342 cohortem

2105 1379 2302 1446 ovium,
2345 1380 2436 1434 sed
2483 1381 2722 1436 ascendit
2771 1382 3010 1448 aliunde,
3046 1382 3140 1438 ille
3181 1393 3258 1437 est
3298 1382 3388 1453 fur
3436 1390 3486 1436 et
3527 1380 3683 1434 latro.

2108 1468 2260 1526 Sicut
2280 1487 2410 1542 ergo
2429 1473 2521 1542 qui
2542 1488 2637 1542 per
2657 1474 2883 1544 januam
2907 1475 3079 1529 intrat
3101 1475 3156 1529 in
3175 1475 3456 1530 cohortem
3479 1474 3688 1542 ovium,

2106 1572 2291 1631 pastor
2329 1573 2413 1619 est
2451 1565 2638 1620 ovium
2679 1567 2771 1621 cui
2820 1566 3086 1622 ostiarius
3123 1567 3326 1636 aperit;
3363 1567 3458 1637 qui
3506 1576 3688 1622 autem

2106 1669 2215 1708 non
2249 1655 2418 1710 intret
2451 1672 2548 1726 per
2572 1657 2835 1728 januam,
2887 1657 2984 1714 sed
3039 1659 3289 1716 ascendit
3323 1657 3562 1724 aliunde,
3601 1655 3692 1711 fur

2104 1755 2190 1802 est
2214 1757 2269 1802 et
2291 1748 2469 1816 latro;
2501 1751 2583 1806 sic
2612 1751 2870 1808 dominus
2905 1753 3104 1809 domus
3137 1751 3462 1808 ﬁducialiter
3487 1765 3585 1820 per
3605 1750 3692 1819 ja-

2105 1856 2270 1895 nuam
2299 1843 2522 1912 quando
2561 1845 2681 1901 vult
2731 1847 3038 1918 ingreditur
3070 1848 3126 1903 in
3167 1861 3288 1902 eam
3333 1859 3692 1900 remunerans

2103 1935 2440 2004 vigilantem.
2463 1937 2575 1993 Fur
2601 1950 2784 1995 autem
2813 1940 2972 2011 quasi
3000 1939 3090 1994 fur
3123 1954 3232 1994 non
3264 1954 3361 2008 per
3381 1939 3689 1994 naturalem

2102 2027 2392 2084 introitum
2425 2031 2591 2085 intrat
2619 2032 2673 2085 in
2706 2033 2931 2087 domum
2965 2031 3034 2086 ad
3066 2031 3306 2085 animam
3343 2031 3689 2102 negligentis,

2102 2122 2197 2176 sed
2223 2122 2385 2192 quasi
2427 2125 2522 2193 qui
2545 2124 2660 2193 jam
2697 2123 2896 2180 foderit
2939 2139 3084 2189 eam,
3115 2123 3357 2192 primum
3401 2123 3691 2177 destruens

2101 2214 2348 2282 quaedam
2378 2216 2647 2270 naturalia
2669 2217 2899 2270 aedilicia
2931 2217 3130 2270 animae
3154 2215 3300 2283 ejus,
3331 2222 3387 2268 et
3412 2214 3691 2269 naturales

2099 2304 2408 2360 intellectus
2439 2305 2494 2359 in
2525 2321 2592 2360 eo
2614 2307 2705 2375 qui
2732 2322 2841 2360 non
2866 2306 3131 2375 vigilavit,
3159 2320 3301 2374 quos
3328 2305 3688 2358 aediﬁcarent

2103 2396 2244 2453 Deus
2279 2399 2541 2453 Verbum.
2574 2397 2640 2453 Et
2679 2415 2776 2468 per
2811 2400 2988 2468 ipsam
3031 2398 3363 2452 dirutionem
3404 2398 3687 2467 ingressus

2099 2488 2188 2544 fur
2214 2490 2401 2559 diripit
2429 2506 2550 2546 eam
2583 2506 2874 2546 exarmans
2907 2506 3154 2554 sensum,
3193 2489 3417 2558 quando
3441 2497 3496 2543 et
3532 2501 3688 2556 sepe-

2099 2582 2236 2638 liens
2293 2599 2403 2638 non
2455 2583 2770 2653 vigilantem
2831 2582 3288 2652 patremfamilias
3333 2581 3511 2650 spolia
3565 2579 3687 2648 ejus

2099 2675 2409 2730 distribuet.
2465 2675 2690 2744 Alioqui
2743 2683 2926 2729 autem
2980 2674 3189 2728 invenit
3231 2673 3357 2742 quis
3403 2671 3578 2726 furem
3630 2670 3688 2726 in

2101 2765 2218 2835 ipsa
2239 2766 2605 2838 perfossione,
2627 2775 2684 2822 et
2704 2767 3178 2837 comprehenderis
3199 2782 3324 2822 eum
3348 2766 3504 2837 quasi
3532 2777 3686 2820 arma

2101 2871 2198 2910 sua
2232 2857 2440 2914 habens
2469 2859 2706 2928 percutit
2739 2859 2938 2924 furem,
2969 2867 3023 2913 et
3056 2872 3439 2929 percussorem
3473 2869 3688 2912 sermo-

2100 2961 2222 3001 nem
2257 2947 2556 3004 immutans
2584 2963 2733 3014 eum,
2780 2948 3040 3004 interﬁcit
3067 2963 3216 3012 eum,
3253 2948 3475 3019 quando
3503 2957 3558 3003 et
3596 2947 3683 3000 in-

2101 3038 2372 3096 tet-ﬁciens
2405 3041 2677 3096 homicida
2711 3055 2820 3095 non
2871 3041 3242 3108 existimatur,
3288 3040 3498 3110 absque
3535 3039 3689 3094 omni

416 3141 636 3201 pr0pter
668 3130 842 3185 multa
887 3146 1010 3200 quae
1050 3129 1284 3187 sustinet
1323 3131 1380 3185 in
1412 3129 1517 3185 hoc
1567 3128 1795 3192 mundo,
1839 3127 1998 3182 molit
2025 3140 2068 3197 ε
2101 3129 2362 3186 dilatione
2400 3131 2738 3188 interﬁciens
2765 3148 2915 3187 eum.
2948 3132 3005 3188 Si
3041 3141 3224 3188 autem
3274 3147 3384 3187 non
3426 3132 3568 3203 apud
3605 3147 3686 3199 se,

415 3223 471 3277 in
515 3223 656 3276 mola
695 3223 882 3278 mundi
912 3240 928 3280 :
961 3238 1158 3279 sensus
1182 3233 1366 3278 autem
1401 3222 1458 3276 in
1493 3237 1649 3292 agro,
1692 3221 1998 3276 secundum

415 3330 476 3369 ea
506 3330 626 3384 quae
654 3314 915 3379 diximus,
947 3323 1206 3386 operatur
1227 3330 1352 3383 quae
1375 3325 1656 3382 operatur.

486 3406 575 3462 59.
629 3405 876 3476 i'igilate,
911 3407 1038 3477 quia
1067 3405 1282 3459 nescitis
1321 3420 1427 3474 qua
1457 3402 1588 3455 hora
1621 3400 1884 3456 Dominus
1921 3417 2004 3456 ve-

415 3510 520 3553 ster
539 3499 723 3564 veniet,
750 3507 805 3553 et
830 3499 1038 3568 reliqua
1066 3497 1111 3529 ⁸ο
1140 3511 1286 3551 :non
1315 3496 1508 3550 dantes
1538 3509 1794 3550 somnum
1823 3494 2000 3550 oculis

415 3590 610 3643 animae
649 3598 874 3656 nostrae,
911 3603 1089 3659 neque
1128 3584 1577 3643 dormitationem
1604 3586 1901 3657 palpebris,
1938 3595 2012 3642 ut.

415 3691 792 3750 exspectemus
821 3681 908 3734 vel
937 3687 1211 3745 nostrum,
1240 3680 1328 3734 vel
1353 3679 1540 3734 saeculi
1570 3679 1758 3745 tinem,
1794 3680 1909 3736 sive
1941 3689 2002 3737 ut

415 3774 479 3828 de
503 3773 607 3829 hac
646 3774 756 3828 \ita
782 3770 1151 3840 egrediantur,
1198 3771 1314 3826 sive
1351 3779 1412 3826 ut
1437 3772 1598 3828 nobis
1645 3786 2000 3827 consumme-

416 3875 503 3920 tur
555 3866 644 3921 hic
679 3864 938 3919 mundus.
979 3861 1196 3929 Quaeret
1237 3871 1422 3919 autem
1469 3864 1669 3934 aliquis
1718 3863 1999 3934 quomodo

415 3971 654 4028 praesens
677 3956 835 4025 juxta
866 3953 1166 4032 discipulos
1207 3954 1475 4012 Dominus
1513 3957 1872 4020 constitutus,
1924 3958 2002 4012 ita

416 4051 659 4117 loquitur
683 4048 844 4119 quasi
889 4064 998 4104 non
1030 4063 1294 4119 praesens,
1338 4049 1434 4104 sed
1465 4057 1733 4105 venturus
1775 4048 1842 4102 ad
1885 4063 1998 4116 eos,

415 4143 603 4198 dicens
648 4158 662 4196 :
715 4141 941 4212 Vigilate
979 4142 1106 4212 quia
1149 4141 1363 4196 nescitis
1406 4156 1512 4211 qua
1553 4141 1687 4194 liora
1740 4139 2002 4194 Dominus

415 4244 584 4288 uester
624 4234 815 4289 veniet.
859 4233 926 4290 Et
967 4234 1112 4288 dicet
1145 4233 1367 4303 quidem
1406 4233 1502 4302 qui
1547 4230 1851 4302 simplicior
1892 4239 1999 4294 est,

417 4330 675 4394 quoniam
740 4326 807 4381 de
853 4325 1098 4384 secundo
1148 4325 1387 4380 adventu
1440 4325 1497 4378 in
1556 4339 1670 4394 quo
1735 4333 2003 4380 venturus

417 4416 612 4483 fuerat,
657 4417 804 4474 hunc
843 4418 1062 4473 dicebat
1106 4431 1440 4473 sermonem.
1488 4415 1646 4471 Alius
1683 4423 1866 4470 autem
1915 4417 2001 4470 in-

417 4508 749 4577 telligihilem
799 4517 852 4563 et
891 4507 1147 4562 futurum-
1195 4507 1254 4563 in
1313 4522 1540 4563 sensum
1597 4506 1998 4578 discipulorum

421 4596 583 4652 Verbi
637 4599 856 4654 dicebat
902 4600 1230 4661 adventum:
1294 4601 1424 4670 quia
1476 4600 1720 4655 nondum
1776 4609 1897 4657 erat
1941 4601 2031 4660 in.

418 4707 581 4747 sensu
633 4706 823 4746 eorum
871 4691 1333 4761 quemadmodum
1377 4702 1495 4748 erat
1539 4692 1803 4750 futurus:
1860 4711 2001 4766 quo-

420 4787 588 4852 niam,
627 4787 770 4842 sicut
820 4801 918 4856 per
959 4785 1106 4841 hunc
1145 4785 1328 4842 locum
1366 4786 1731 4855 demonstrat,
1764 4787 1820 4841 in
1853 4787 1996 4857 vigi-

420 4879 661 4934 Iantibus
714 4886 975 4948 operatur
1035 4878 1180 4933 diem
1241 4877 1509 4934 adventus
1567 4879 1654 4934 sui
1731 4879 1788 4935 in
1875 4880 1999 4935 ani-

421 4986 564 5024 mam
607 4985 799 5026 eorum
829 4970 923 5040 qui
963 4970 1343 5026 illominantur
1394 4986 1426 5025 a
1477 4970 1684 5027 lumine
1723 4986 1857 5027 vero
1904 4984 2000 5026 ve-

421 5062 622 5117 nientis
649 5061 717 5116 ad
742 5063 954 5117 animas
978 5062 1244 5131 ipsorum.
1269 5060 1416 5115 Illud
1440 5073 1616 5116 autem
1634 5063 1838 5128 scitote,
1867 5076 2000 5132 quo-

423 5149 569 5203 niam
598 5147 763 5218 877
797 5149 844 5201 si
871 5150 1026 5203 sciret
1064 5150 1454 5219 paterfamilias
1485 5167 1592 5220 qua
1621 5151 1869 5205 custodia
1911 5150 2001 5220 {ur

423 5240 581 5305 venit,
612 5239 857 5311 vigilaret
892 5242 1095 5311 utique,
1117 5251 1167 5298 et
1200 5258 1305 5297 non
1333 5244 1529 5298 sineret
1553 5243 1760 5312 perfodi
1786 5243 2001 5298 domum

423 5349 575 5385 suam
621 5333 689 5388 ⁸³.
747 5332 1034 5400 Quomodo
1089 5351 1197 5390 non
1236 5335 1482 5392 sineret?
1525 5335 1657 5391 Sine
1701 5335 1873 5392 dubio
1906 5352 2003 5407 per

424 5426 763 5496 vigilantiam
803 5443 982 5484 suam.
1026 5427 1156 5485 Ideo
1201 5437 1253 5484 et
1287 5446 1376 5484 vos
1422 5439 1590 5486 estote
1635 5431 1834 5499 parati,
1875 5433 2004 5502 quia

421 5534 530 5588 qua
571 5521 811 5576 custodia
851 5537 953 5574 non
994 5522 1242 5591 speratis,
1278 5520 1456 5576 Filius
1488 5522 1716 5577 hominis
1753 5534 2002 5579 uenturus
2043 5570 2058 5584 .

423 5619 499 5662 est
525 5611 590 5662 ⁸³.
625 5609 731 5664 Sed
761 5609 1050 5667 Mattheeus
1076 5612 1296 5681 quidem
1331 5612 1630 5679 indeﬁnite,
1664 5612 1881 5670 Marcus
1906 5629 2007 5668 au-

527 5723 614 5794 θη
647 5723 804 5794 Ιίιτιῃ,
835 5727 1030 5788 "5,15.
1121 5727 1165 5759 ³⁸
1195 5743 1292 5791 xu,
1323 5729 1375 5781 7.
1451 5730 1493 5760 ³⁷
1514 5729 1646 5785 Gell-
1678 5746 1759 5794 111,
1787 5731 1873 5785 19-

427 5792 466 5823 δι
499 5791 626 5848 ibid.
664 5795 752 5848 45.
785 5789 798 5802 ”
855 5796 898 5828 ⁸³
951 5796 1138 5852 Matth.
1194 5789 1340 5865 xxiv,
1398 5800 1486 5854 i4.
1589 5801 1633 5832 "
1671 5789 1789 5866 xui,
1828 5801 1916 5858 55.

2103 3223 2196 3277 sed
2230 3223 2373 3293 apud
2403 3239 2530 3278 eum
2573 3225 2668 3294 qui
2714 3225 2930 3280 occulta
2973 3225 3158 3279 omnia
3203 3223 3494 3280 manifesta
3535 3224 3686 3290 facit,

2103 3315 2584 3384 comprehenderit
2618 3317 2745 3385 quis
2775 3321 2903 3370 eum
2948 3316 3045 3386 qui
3082 3314 3299 3372 furatus
3336 3315 3516 3370 fuerat
3543 3316 3690 3372 bona

2101 3408 2243 3477 ejus,
2295 3418 2350 3461 et
2401 3406 2730 3460 intellexerit
2772 3421 2922 3474 eum,
2968 3414 3026 3462 et
3064 3407 3404 3477 redarguerit
3443 3422 3592 3474 eum,
3636 3408 3690 3462 id

2103 3508 2206 3566 est,
2239 3496 2577 3554 interfecerit
2602 3513 2752 3564 eum,
2788 3498 2994 3552 nullam
3026 3497 3244 3552 veniam
3278 3497 3444 3554 habet
3471 3507 3694 3554 mortuo

2103 3599 2267 3660 atque
2293 3586 2645 3643 manifestato
2688 3585 2798 3641 furi
2833 3604 2847 3640 :
2879 3595 2933 3642 et
2964 3587 3079 3656 ipse
3111 3587 3258 3642 enim
3309 3589 3596 3643 morietur.
3626 3587 3694 3644 Et

2107 3681 2226 3736 vide
2275 3695 2346 3734 ne
2384 3677 2524 3734 forte
2575 3679 2681 3734 tale
2721 3677 2929 3747 aliquid
2960 3678 3232 3748 signiﬁcet
3274 3679 3361 3734 lex
3406 3678 3579 3750 Moysi
3605 3680 3694 3734 di-

2104 3787 2238 3828 cens
2262 3771 2308 3803 ⁴⁵
2339 3789 2352 3825 :
2385 3769 2447 3824 Si
2474 3778 2654 3824 autem
2680 3769 2735 3822 in
2758 3769 2878 3838 ipsa
2905 3769 3231 3838 perfossione
3255 3772 3496 3825 inventus
3528 3771 3694 3840 luerit

2104 3865 2214 3935 fur,
2246 3872 2296 3918 et
2330 3878 2606 3933 percussus
2642 3869 2884 3916 mortuus
2916 3862 3099 3930 fuerit,
3133 3879 3238 3916 non
3277 3875 3354 3917 est
3384 3864 3433 3917 ei
3470 3863 3696 3918 homici-

2106 3958 2274 4012 dium.
2303 3956 2456 4021 Quod
2490 3955 2538 4009 si
2565 3963 2726 4008 ortus:
2748 3954 2911 4023 fuerit
2942 3955 3021 4008 sol
3049 3969 3206 4022 super
3241 3971 3380 4022 eum,
3416 3972 3536 4010 reus
3563 3969 3640 4010 est
3673 3971 3693 4010 :

2107 4051 2362 4104 morietur
2386 4063 2481 4119 pro
2512 4062 2594 4102 eo.
2618 4046 2723 4114 Qui
2745 4047 2891 4101 enim
2920 4047 3243 4117 priusquam
3269 4046 3433 4102 faciat
3461 4049 3690 4113 malum,

2105 4144 2386 4214 cognoscit
2425 4142 2628 4197 malum
2667 4148 2724 4196 et
2755 4137 3055 4210 confringit
3093 4140 3151 4194 in
3198 4141 3400 4211 seipso,
3444 4142 3562 4212 ipse
3607 4154 3694 4198 est

2102 4238 2197 4307 qui
2228 4235 2674 4306 comprehendit,
2705 4246 2760 4290 et
2800 4235 3059 4290 interﬁcit
3095 4237 3151 4290 in
3188 4251 3274 4302 eo,
3319 4237 3449 4292 dum
3503 4240 3694 4308 perfo-

2103 4331 2324 4384 deretur
2357 4329 2425 4384 ab
2469 4343 2556 4385 eo.
2605 4328 2710 4396 Qui
2757 4339 2938 4385 autem
2987 4339 3281 4401 postquam
3337 4329 3527 4386 fecerit
3575 4347 3696 4387 ma-

2105 4423 2242 4487 lum,
2297 4421 2552 4492 quamvis
2605 4421 2948 4492 redarguerit
3005 4437 3131 4477 eum
3183 4431 3338 4478 extra
3381 4437 3441 4477 se
3483 4424 3690 4478 malum

2107 4511 2615 4582 comprehendisse,
2671 4520 2726 4566 et
2785 4522 2939 4568 extra
2986 4513 3208 4568 domum
3255 4527 3412 4568 suam
3470 4514 3696 4568 interfe-

2108 4605 2251 4660 cisse
2295 4603 2534 4670 videtur,
2579 4605 2718 4661 nihil
2759 4606 2810 4662 ei
2859 4606 3106 4676 prodest,
3149 4621 3277 4661 reus
3307 4605 3454 4660 enim
3513 4605 3693 4663 factus

2105 4703 2191 4750 est
2267 4695 2481 4752 mortis.
2556 4694 2693 4752 Nam
2773 4712 2991 4752 omnem
3053 4697 3332 4752 hominem
3395 4707 3691 4768 postquam

2104 4785 2415 4855 peccaverit
2453 4800 2734 4842 reversum
2765 4787 2821 4842 in
2852 4802 2933 4850 se,
2975 4802 3171 4844 sensus
3205 4787 3428 4842 divinus
3470 4788 3565 4858 qui
3608 4797 3690 4841 est

2107 4874 2162 4928 in
2193 4875 2375 4939 nobis,
2404 4875 2685 4930 illuminat
2713 4876 2874 4944 quasi
2905 4877 3020 4942 lux,
3053 4887 3113 4932 ut
3141 4877 3517 4948 intelligamus
3543 4875 3699 4948 quod

2105 4968 2378 5038 gessimus
2412 4967 2616 5024 malum
2649 4967 2717 5022 ad
2763 4967 3136 5038 praajudicium
3169 4979 3444 5032 nostrum,
3478 4983 3584 5022 non
3614 4967 3682 5022 ad

2105 5058 2338 5114 salutem
2367 5076 2381 5113 :
2411 5065 2593 5112 tamen
2631 5058 2688 5111 in
2729 5066 2879 5113 textu
2909 5058 3011 5114 hoc
3051 5056 3422 5136 Evangeliiin
3454 5071 3564 5127 quo
3600 5056 3684 5111 lo-

2108 5151 2351 5222 quimur,
2387 5163 2497 5205 non
2542 5149 2596 5203 in
2643 5146 2734 5203 die
2777 5147 2868 5203 fur
2906 5151 3074 5215 venit,
3123 5150 3345 5219 quando
3377 5149 3690 5204 illuminata

2109 5251 2194 5296 est
2221 5257 2253 5295 a
2298 5240 2416 5296 sole
2445 5237 2672 5310 justitiae
2711 5240 2895 5294 anima
2927 5240 3166 5295 hominis
3211 5239 3464 5304 studiosi,
3505 5241 3600 5296 sed
3635 5241 3688 5294 in

2111 5341 2289 5397 nocte,
2318 5341 2372 5386 et
2399 5331 2452 5384 in
2477 5340 2721 5401 tempore
2749 5331 2928 5386 adhuc
2956 5331 3176 5385 malitiae
3205 5331 3597 5399 permanentis.
3629 5329 3688 5384 ln

2111 5442 2220 5498 qua
2242 5441 2373 5481 cum
2420 5424 2586 5482 merit
2623 5424 2842 5495 aliquis,
2875 5424 3139 5494 possibile
3171 5432 3274 5487 est,
3309 5425 3412 5478 etsi
3450 5441 3559 5478 non
3592 5425 3689 5478 ha-

2109 5519 2286 5575 buerit
2310 5519 2564 5574 virtutem
2601 5518 2754 5584 solis,
2784 5527 2964 5572 tamen
2989 5527 3048 5572 ut
3076 5516 3376 5571 illustretur
3406 5532 3474 5571 ex
3504 5517 3690 5586 aliquo

2112 5611 2402 5681 splendore
2443 5611 2661 5666 modico
2701 5607 2864 5664 Verbi
2911 5609 3055 5678 quod
3109 5616 3192 5662 est
3237 5607 3462 5662 lucerna
3508 5607 3685 5662 adhuc

1987 5730 2031 5761 ³⁸
2055 5727 2248 5783 Matth.
2280 5744 2334 5792 x,
2366 5727 2458 5782 28.
2534 5727 2578 5760 ³³
2611 5725 2742 5780 Luc.
2775 5739 2909 5793 xvu,
2934 5725 3020 5782 54.
3101 5727 3145 5764 W
3187 5723 3376 5780 Matth.
3405 5741 3554 5789 xstv,
3592 5722 3683 5780 42.

1993 5800 2037 5832 ’⁵³
2062 5817 2113 5856 x.
2143 5801 2192 5854 l.
2271 5799 2315 5830 "
2343 5797 2514 5855 Exod.
2546 5813 2680 5856 χιιι.
2703 5797 2759 5856 ‘2.
2786 5796 2836 5850 5.

2271 5799 2315 5830 "
2343 5797 2514 5855 Exod.
2546 5813 2680 5863 χιιι,
2703 5797 2759 5865 2,
2786 5796 2836 5850 5.
