4112 6478
461 333 598 392 i653

1598 330 2253 391 COMMENTARIORL‘M
2292 330 2555 389 SLRIES.

3585 344 3721 399 16M

456 451 681 524 quidem
704 465 933 505 manens
958 450 1015 505 in
1044 449 1224 514 malis,
1244 447 1354 518 jam
1385 456 1564 503 tamen
1598 450 1812 506 habens
1834 465 2031 520 propo-
2064 456 2111 513 Α
2139 466 2292 521 spem
2316 451 2518 506 bonam
2545 449 2764 505 habebit
2783 454 2830 507 si
2857 455 3225 522 permanserit
3249 469 3422 525 usque
3448 456 3516 511 ad
3542 473 3721 525 mane,

460 546 627 598 situm
662 542 973 609 meliorum,
1014 552 1069 596 et
1103 541 1469 612 vigilantiam,
1506 550 1567 596 ut
1597 557 1666 597 ne
1698 541 2037 612 pet-fodiatur

462 636 802 708 propositum
833 636 954 706 ejus
982 634 1048 690 ad
1089 634 1319 690 meliora
1359 634 1682 704 respiciens.
1728 634 1864 690 Nam
1897 636 2041 692 sicut

458 731 692 800 legimus
721 730 865 799 apud
905 728 1206 794 Pastorem,
1241 742 1374 783 vasa
1407 727 1567 797 plena
1622 744 1730 784 non
1762 729 1873 783 cito
1909 729 2037 799 quis

455 830 663 892 gustat,
696 837 797 877 nec
819 821 962 876 enim
991 829 1273 878 mutantur
1302 824 1491 891 facile;
1522 824 1820 894 semiplena
1851 831 2036 879 autem

456 915 586 985 quia
615 913 771 969 facile
796 912 1099 968 creduntur
1130 916 1354 981 mutari,
1384 914 1696 987 frequenter
1721 925 2034 987 gustantur.

455 1004 525 1061 Et
554 1006 675 1060 vide
708 1005 755 1062 si
787 1014 944 1076 potes
977 1005 1047 1061 ad
1085 1007 1245 1061 talem
1284 1008 1501 1064 trahere
1538 1009 1871 1065 intellectum
1905 1010 2037 1065 illud

452 1095 598 1165 quod
627 1094 756 1150 alibi
785 1096 1046 1153 scribitur
1071 1096 1117 1130 ⁸⁸
1151 1116 1166 1152 :
1197 1096 1319 1154 Sint
1343 1108 1519 1155 autem
1544 1100 1711 1156 lumbi
1735 1102 1894 1157 uestri
1918 1119 2038 1157 suc-

451 1185 634 1252 cincti,
667 1195 721 1241 et
746 1186 977 1244 lucerm'e
1005 1190 1273 1256 ardentes,
1301 1202 1352 1247 et
1384 1208 1472 1246 uos
1502 1193 1703 1249 similes
1735 1194 2037 1250 hominibus

447 1277 874 1345 exspectantibus
916 1279 1193 1336 dominum
1239 1299 1397 1338 suum
1441 1285 1654 1354 quando
1705 1293 2038 1354 reuertatur;

450 1368 712 1437 quoniam
732 1371 824 1440 qui
845 1373 1084 1429 nondum
1101 1382 1187 1433 est
1208 1376 1262 1430 in
1278 1376 1487 1433 lumine
1504 1387 1559 1433 et
1576 1378 1630 1432 in
1649 1378 1738 1434 die
1750 1379 2035 1447 virtutum,

450 1460 656 1529 praebet
676 1472 859 1517 autem
892 1480 951 1520 se
975 1465 1089 1536 jam
1122 1468 1389 1525 doctrina:
1419 1470 1752 1526 illuminanti
1794 1472 2035 1527 animam

451 1566 632 1620 suam,
661 1555 963 1612 secundum
995 1560 1141 1627 quod
1171 1561 1430 1629 possibile
1453 1570 1559 1628 est,
1590 1563 1648 1618 in
1676 1564 1870 1634 primis
1905 1580 2035 1621 suc-

452 1641 665 1700 cinctus
696 1656 812 1711 est,
843 1657 899 1702 et
946 1659 1198 1706 avertens
1239 1653 1480 1723 seipsum
1516 1654 1586 1709 ab
1616 1654 1887 1711 effusione
1923 1672 2041 1713 ma-

452 1732 583 1790 litiae
616 1736 788 1792 utitur
812 1739 1057 1796 nondum
1085 1743 1304 1812 quidem
1333 1745 1492 1815 quasi
1519 1745 1629 1801 diei
1654 1746 1867 1802 lumine
1887 1747 2038 1803 claro

2143 545 2410 614 incipiens
2441 560 2471 598 a
2503 544 2681 599 media
2720 554 2879 601 nocte
2906 546 3154 616 vigilare,
3186 547 3242 602 id
3273 559 3357 603 est
3382 564 3417 603 a
3440 551 3722 608 virilitate-

2145 635 2201 690 Si
2228 646 2417 690 autem.
2444 634 2722 706 perfectus
2753 637 2808 690 in
2843 645 3090 707 tempore
3116 639 3323 694 aestatis
3353 643 3597 710 corporis
3635 643 3722 700 sui

2139 729 2371 785 audiens
2407 728 2650 783 divinam
2685 727 3015 794 doctrinam,
3051 731 3351 800 susceperit
3385 733 3510 789 inde
3542 735 3723 790 lucer-

2141 836 2290 884 nam,
2313 820 2470 890 quasi
2496 819 2686 874 volens
2708 820 2895 875 vivere
2916 820 3219 876 secundum
3249 821 3340 876 Dei
3368 836 3718 895 praeceptum,

2138 921 2195 970 et
2227 915 2331 968 iste
2358 913 2570 969 habens
2604 912 2884 968 lucernam
2934 928 2965 967 a
3001 913 3128 984 galli
3172 924 3363 978 cantu,
3388 923 3443 970 et
3470 917 3720 988 vigilans,

2138 1017 2194 1064 et
2221 1022 2549 1077 permanens
2574 1021 2750 1078 usque
2775 1004 2844 1059 ad
2877 1020 3058 1071 mane,
3086 1021 3197 1060 non
3224 1006 3403 1075 perdit
3430 1007 3586 1062 bona
3607 1025 3724 1065 ser-

2140 1100 2328 1156 vitutis
2356 1099 2664 1155 mercedem
2697 1098 2753 1153 in
2793 1106 3035 1166 tempore
3075 1096 3317 1152 modico.
3355 1096 3412 1153 Si
3458 1099 3724 1168 possibile

2139 1199 2322 1246 autem
2355 1196 2440 1245 est
2477 1198 2533 1244 et
2559 1189 2744 1245 statim
2777 1188 2924 1243 circa
2970 1188 3148 1260 ipsam
3189 1188 3723 1245 consummationem

2142 1282 2340 1349 noctis,
2385 1281 2439 1336 id
2472 1291 2556 1338 est
2604 1290 2894 1352 postquam
2940 1295 3077 1351 pene
3121 1288 3295 1335 totum
3348 1288 3564 1351 tempus
3600 1284 3728 1341 vita:

2140 1387 2255 1428 sua:
2277 1372 2682 1442 consumpserit
2712 1372 2944 1437 malitia,
2981 1381 3038 1426 ut
3069 1372 3301 1428 credens
3333 1373 3596 1429 accendat
3619 1375 3727 1431 sibi

2141 1464 2442 1531 lucernam,
2479 1471 2535 1520 et
2562 1463 2746 1535 vigilet
2775 1466 2859 1519 vel
2894 1464 3118 1519 residuo
3153 1472 3422 1534 tempore,
3453 1474 3509 1520 et
3541 1466 3590 1521 si
3629 1482 3726 1522 ve-

2141 1554 2286 1610 nerit
2325 1553 2595 1610 Dominus
2622 1554 2820 1611 domus
2853 1571 2978 1610 cum
3022 1556 3199 1626 gratia
3234 1572 3359 1621 sua,
3395 1557 3725 1627 quihusdam

2139 1649 2361 1720 quidem
2407 1664 2438 1703 a
2472 1663 2696 1719 vespere
2736 1649 3171 1705 commorabitur
3216 1667 3391 1721 usque
3429 1652 3497 1708 ad
3539 1666 3723 1720 mane,

2141 1741 2267 1797 aliis
2298 1748 2480 1796 autem
2515 1756 2546 1795 a
2579 1740 2759 1794 media
2794 1750 2976 1805 nocte,
3013 1741 3332 1797 illuminans
3368 1758 3465 1798 eos
3503 1744 3559 1798 in
3594 1745 3724 1799 reli-

450 1827 692 1894 virtutis,
742 1831 837 1887 sed
884 1833 1109 1889 lucerna
1157 1850 1264 1905 qua
1317 1836 1578 1907 possibile
1612 1846 1699 1893 est
1738 1838 2036 1897 illuminari
2070 1829 2110 1888 Β
2139 1848 2333 1902 (ιυιιιη.
2368 1830 2490 1885 aliis
2528 1844 2659 1885 νθτο
2701 1845 2732 1884 ³
2780 1830 2909 1900 83m
2947 1838 3113 1886 eam“
3152 1833 3340 1886 minus
3388 1846 3725 1889 αοονθτεληε

450 1921 616 1977 etiam
648 1925 744 1994 qui
774 1927 828 1980 in
861 1927 1066 1983 malitia
1091 1938 1195 1986 est.
1227 1929 1327 1987 Hic
1352 1946 1484 2003 ergo
1508 1933 1668 2003 cujus
1696 1933 1924 1991 lucerna
1954 1936 2036 1993 sic

450 2025 683 2075 accensa
708 2025 812 2083 est,
847 2029 1175 2089 exspectans
1215 2031 1301 2079 est
1342 2022 1636 2080 Dominum
1668 2041 1829 2082 suum
1861 2026 2033 2084 Deum

452 2104 715 2173 Verbum,
750 2117 809 2162 ut
850 2120 1132 2167 revertens
1164 2114 1355 2169 veniat
1379 2115 1449 2169 ad
1497 2130 1626 2171 eum
1666 2117 1759 2187 qui
1814 2117 2032 2174 interim

453 2193 647 2255 habuit
677 2197 734 2255 in
762 2201 1060 2271 semetipso
1090 2203 1393 2272 lucernam,
1422 2215 1477 2262 et
1503 2206 1835 2263 illuminavit
1865 2216 2032 2266 totam

450 2294 688 2341 mentem
716 2287 911 2358 ipsius,
940 2292 1191 2351 videlicet
1219 2297 1380 2365 quasi
1419 2298 1521 2353 sol.
1554 2295 1623 2353 Et
1653 2302 2034 2373 unusquisque

449 2378 752 2435 secundum
784 2396 947 2438 suum
982 2384 1287 2454 profectum
1329 2388 1574 2446 incendit
1615 2391 1900 2449 lucernam
1941 2405 2034 2451 aut

450 2466 659 2537 minus,
690 2481 785 2527 aut
806 2474 1044 2544 amplius
1069 2492 1099 2543 a
1130 2478 1337 2536 lumine
1363 2482 1627 2550 scicntia,
1650 2493 1704 2540 et
1725 2486 1906 2541 oleum
1933 2503 2033 2558 per

449 2560 862 2621 meditationem
893 2566 1153 2635 infundit,
1180 2580 1236 2627 et
1268 2572 1323 2626 in
1358 2573 1475 2644 ipsa
1504 2575 1735 2647 vigilans
1764 2578 2031 2637 adversus

448 2656 775 2721 peccatricia
805 2672 993 2727 opera,
1022 2677 1252 2731 sperans
1284 2681 1379 2735 per
1413 2668 1802 2727 abstinentiam
1837 2674 2031 2746 hujus-

449 2746 620 2814 modi,
638 2755 705 2838 et
731 2751 1137 2809 meditationem
1165 2755 1461 2814 Dominum
1484 2762 1769 2832 suscipere
1796 2766 1853 2821 in
1883 2768 2031 2838 seipo

446 2849 593 2891 sum.
632 2835 702 2892 Et
738 2847 916 2895 tamen
941 2842 1034 2912 qui
1076 2845 1450 2905 abundantius
1491 2853 1725 2922 proficit,
1763 2865 1819 2911 et
1844 2835 2030 2927 poste-

446 2939 595 2982 rtora
629 2930 849 2999 quidem
882 2933 1249 3001 obliviscitur,
1298 2940 1354 2994 id
1394 2951 1498 3009 est,
1534 2945 1824 3014 malitiam,
1852 2951 2030 3005 modi-

442 3031 571 3074 cum
597 3029 779 3078 autem
805 3024 927 3093 ejus
948 3026 1131 3083 adhuc
1162 3029 1326 3087 habet
1350 3032 1406 3087 in
1429 3049 1506 3101 se,
1533 3035 1647 3105 jam
1671 3038 1739 3092 ad
1769 3039 2025 3095 virtutem

444 3110 801 3183 propinquat,
844 3119 1235 3177 convenienter
1275 3123 1474 3179 dicitur
1521 3145 1534 3180 :
1576 3125 1698 3181 Nox
1742 3133 2023 3199 promouit,

2142 1940 2269 1981 cum
2300 1924 2401 1981 eis.
2447 1922 2553 1977 Sed
2588 1936 2768 1992 neque
2815 1937 2976 1976 mane
3007 1920 3370 1978 accendentes
3419 1923 3722 1987 lucernam,

2140 2025 2196 2074 et
2230 2019 2519 2089 vigilantes
2548 2027 2771 2089 propter
2794 2020 3260 2088 exspectationem
3296 2018 3536 2086 Domini,
3568 2020 3724 2075 dere-

2141 2111 2371 2181 linquet,
2404 2111 2498 2166 sed
2525 2112 2691 2166 etiam
2720 2110 2859 2166 istos
2889 2110 3176 2166 inveniens
3199 2111 3428 2165 minime
3448 2110 3725 2167 dormien-

2143 2212 2245 2272 tes,
2290 2220 2467 2275 neque
2513 2205 2789 2261 cubilibus
2836 2213 2891 2260 et
2939 2204 3301 2275 impudicitiis
3351 2205 3719 2273 attendentes,

2141 2298 2433 2355 honorabit
2463 2312 2561 2354 eos
2597 2298 2806 2353 honore
2835 2312 2946 2367 quo
2990 2298 3187 2368 dignos
3216 2312 3341 2353 esse
3380 2301 3718 2370 cognoverit.

2139 2390 2205 2446 Et
2243 2374 2332 2445 fur
2359 2406 2488 2461 ergo
2528 2390 2776 2445 custodia
2807 2389 3066 2460 quadam,
3105 2398 3161 2445 et
3203 2390 3339 2445 hora
3387 2391 3571 2447 noctis
3617 2391 3720 2447 ad-

2141 2489 2345 2547 ventat,
2371 2490 2426 2536 et
2458 2480 2695 2551 perfodit
2726 2482 2949 2536 domum
2980 2480 3100 2550 ejus
3133 2496 3295 2550 quem
3325 2497 3431 2536 non
3455 2481 3724 2537 invenerit

2137 2575 2452 2646 vigilantem
2497 2590 2676 2645 neque
2728 2575 3021 2631 habentem
3079 2574 3359 2629 lucernam
3405 2590 3718 2631 accensam.

2136 2666 2205 2721 Et
2233 2666 2563 2736 quibusdam
2597 2666 2818 2737 quidem
2857 2667 3174 2738 supervenit
3199 2681 3443 2736 vespere,
3471 2665 3592 2721 aliis
3618 2680 3720 2719 au-

2141 2766 2248 2813 tem
2284 2757 2460 2812 media
2495 2765 2676 2822 nocte,
2709 2757 3037 2827 quihusdam
3073 2767 3256 2811 autem
3289 2765 3345 2810 et
3371 2756 3498 2826 galli
3530 2763 3718 2817 cantu,

2135 2863 2266 2908 sunt
2301 2862 2484 2905 autem
2514 2857 2570 2904 et
2598 2850 2799 2920 quibus
2830 2863 3011 2904 mane.
3045 2846 3113 2902 Et
3159 2848 3429 2902 Dominus
3467 2846 3718 2902 custodia

2135 2943 2373 3015 quadam
2411 2953 2467 2997 et
2494 2942 2633 2997 hora
2677 2941 2853 2996 noctis
2880 2924 3052 3002 venit,
3086 2947 3142 2995 et
3178 2938 3406 2995 forsitan
3454 2937 3720 2993 Dominus

2136 3035 2214 3090 illi
2243 3035 2395 3090 venit
2424 3035 2512 3089 cui
2546 3033 2634 3088 fur
2673 3033 2897 3093 veniens
2932 3032 3071 3086 nihil
3092 3031 3274 3087 facere
3299 3031 3495 3101 potuit,
3524 3029 3720 3085 videli-

2133 3134 2224 3183 cet
2267 3143 2375 3181 non
2407 3127 2708 3196 permissus
2739 3123 3026 3195 perfodere
3073 3121 3298 3178 domum
3341 3122 3619 3193 vigilantis
3660 3130 3718 3178 et

444 3206 557 3257 dies
579 3214 756 3260 autem
780 3211 1220 3282 appropinquavit
1245 3215 1311 3270 ⁸⁷.
1347 3214 1685 3287 Signandum
1710 3192 1795 3285 est
1820 3192 2025 3294 autem,
2056 3192 2099 3251 Ο
2132 3192 2420 3275 lucernam
2445 3192 2758 3274 accensam
2778 3215 3052 3272 habentis.
3101 3215 3184 3271 Ad
3224 3229 3351 3271 eum
3388 3192 3573 3270 autem
3617 3212 3715 3284 qui

445 3295 708 3388 quoniam
733 3299 871 3354 dixit
896 3318 912 3357 :
943 3301 1072 3359 Dies
1100 3314 1285 3362 autem
1312 3308 1500 3365 instat.
1530 3309 1703 3368 instat
1729 3315 1876 3370 enim
1902 3331 2014 3388 per-

449 3379 612 3442 fectis
642 3397 697 3443 et
724 3391 934 3447 nullum
960 3394 1291 3454 habentibus
1319 3399 1375 3454 in
1406 3416 1467 3457 se
1496 3403 1784 3475 vestigium
1808 3379 2023 3477 noctis;

441 3480 1065 3573 appropinquatautem
1113 3490 1420 3558 proficienti
1468 3494 1537 3549 ad
1570 3497 1789 3564 melius,
1820 3507 1874 3553 et
1903 3514 2028 3570 qua;

439 3559 549 3656 di'ei
575 3576 705 3656 sunt
737 3570 1043 3641 meditanti,
1067 3584 1126 3631 et
1153 3577 1295 3634 sicut
1324 3579 1380 3635 in
1412 3581 1502 3637 die
1530 3559 1872 3641 honestatem
1898 3559 2026 3656 sus-

441 3650 663 3739 cipienti
685 3674 701 3720 ;
727 3667 783 3712 et
811 3675 981 3731 prope
1009 3672 1094 3720 est
1109 3666 1225 3735 jam
1248 3668 1355 3724 iste
1372 3671 1469 3739 qui
1494 3673 1621 3728 talis
1643 3682 1729 3732 est
1754 3683 1815 3730 ut
1835 3650 1982 3734 dicat
2006 3696 2022 3735 :

441 3735 566 3795 Non
593 3759 775 3799 sumus
804 3751 995 3815 noctis,
1027 3769 1190 3824 neque
1221 3735 1553 3815 tenebrarum
1580 3761 1646 3816 ⁸⁸.

509 3833 599 3888 60.
635 3835 906 3903 Quoniam
941 3853 1123 3901 autem
1162 3851 1328 3905 semel
1363 3853 1615 3912 venimus
1662 3856 1719 3911 in
1752 3857 1899 3915 hunc
1941 3859 2026 3915 ln-

437 3936 588 4024 eum,
618 3926 877 4024 debemus
914 3945 969 3989 et
991 3936 1059 3992 de
1096 3941 1365 3997 custodiis
1395 3943 1630 4003 diversis
1674 3949 1901 4006 reddere
1930 3967 2026 4007 ra-

439 4017 665 4114 tionem.
696 4017 855 4114 Alius
884 4025 1106 4093 quidem
1132 4032 1554 4099 reprehenditur
1575 4037 1809 4109 vigilans
1834 4042 2022 4099 statim

436 4112 492 4201 in
527 4121 754 4178 vespere
784 4112 923 4183 ipso,
954 4123 1010 4172 et
1040 4122 1328 4179 continuat
1349 4125 1565 4197 vigilias
1597 4146 1771 4201 usque
1809 4133 1876 4188 ad
1907 4150 2024 4190 me-

436 4195 586 4254 diam
618 4213 856 4273 noctem,
887 4208 1069 4267 adhuc
1096 4224 1280 4269 autem
1316 4195 1490 4287 usq—ue
1517 4219 1591 4275 ad
1615 4195 1745 4292 galli
1774 4232 2018 4294 cantum,

434 4301 492 4348 et
522 4294 702 4388 adhuc
731 4314 903 4369 usque
930 4303 1000 4357 ad
1030 4320 1214 4365 mane.
1240 4307 1349 4375 Qui
1373 4311 1519 4367 enim
1551 4328 1677 4370 mox
1705 4325 1764 4372 ut
1793 4319 2021 4388 cmperit

436 4385 664 4481 malitia,
697 4388 747 4443 id
778 4400 882 4458 est,
918 4409 1047 4451 mox
1082 4405 1142 4452 ut
1168 4403 1395 4470 cmperit
1425 4403 1609 4463 infans
1640 4408 1860 4477 plenum
1880 4385 2021 4481 pro-

2129 3310 2355 3365 domum
2413 3306 2576 3362 habet
2644 3305 2950 3377 perfossam
3013 3320 3125 3361 non
3199 3304 3350 3361 venit
3410 3303 3714 3374 Dominus,

2130 3403 2369 3458 maxime
2413 3403 2459 3459 si
2508 3402 2765 3459 didicerit
2806 3401 3006 3473 aliquis
3051 3398 3198 3470 quod
3243 3397 3451 3455 dictum
3484 3404 3570 3452 est
3605 3398 3652 3430 "
3693 3411 3714 3453 :

2129 3493 2251 3551 Sint
2287 3494 2457 3550 lumbi
2488 3495 2647 3550 uestri
2688 3494 2960 3563 prwcincti
3005 3500 3056 3547 et
3095 3490 3323 3545 lacerna:
3365 3488 3632 3551 ardentes,
3661 3493 3716 3542 et

2128 3603 2216 3640 eos
2240 3586 2442 3640 similes
2466 3586 2766 3639 hominibus
2793 3583 3218 3655 exspectantibus
3238 3581 3512 3636 dominum
3532 3597 3713 3647 suum,

2126 3686 2181 3731 et
2209 3683 2570 3730 contemnens
2594 3690 2657 3729 ea
2702 3690 2825 3745 quae
2854 3675 2999 3729 dicta
3037 3684 3167 3729 sunt
3207 3670 3419 3726 dederit
3452 3685 3709 3726 somnum

2125 3766 2303 3822 oculis
2326 3766 2444 3821 suis
2465 3774 2521 3821 et
2543 3766 2817 3836 palpebris
2848 3766 2965 3821 suis
2987 3762 3460 3820 dormitationem.
3492 3762 3572 3817 Ad
3602 3778 3716 3817 ma-

2124 3857 2496 3913 nifestandum
2537 3867 2719 3912 autem
2769 3872 2997 3913 sensum
3048 3856 3156 3911 loci
3199 3855 3360 3910 istius
3403 3853 3499 3924 qui
3551 3854 3711 3909 nobis

2125 3952 2376 4017 incurrit,
2406 3950 2501 4005 tali
2526 3957 2747 4005 utamur
2772 3949 3043 4019 exemplo.
3077 3947 3136 4003 in
3179 3956 3424 4017 tempore
3454 3946 3712 4001 tentatio-

2123 4061 2278 4110 num,
2307 4044 2396 4099 vel
2437 4043 2905 4114 qualiumcunque
2941 4041 3317 4096 calamitatum
3349 4039 3589 4094 maxime
3618 4036 3710 4091 fur

2122 4135 2261 4193 solet
2283 4133 2492 4200 venire,
2515 4131 2705 4188 volens
2749 4128 3039 4201 perfodere
3083 4129 3283 4183 animae
3317 4127 3580 4191 domum;
3609 4123 3708 4180 sed

2121 4227 2372 4283 veniente
2411 4224 2553 4290 fure,
2598 4222 2694 4295 qui
2736 4220 3040 4277 accidentia
3086 4218 3344 4283 sustinet,
3389 4225 3443 4271 et
3488 4225 3709 4286 prepter

2121 4319 2218 4375 Dei
2264 4317 2617 4373 dilectionem
2657 4312 2844 4369 omnia
2887 4311 3101 4378 suffert,
3134 4307 3270 4362 nihil
3309 4321 3505 4377 passus
3529 4305 3600 4360 ab
3637 4318 3707 4360 eo

2120 4409 2414 4467 confestim
2453 4406 2523 4464 ad
2558 4422 2618 4463 se
2662 4405 2969 4461 venientem
3009 4400 3211 4457 videbit
3254 4397 3570 4453 Dominum.
3596 4395 3706 4463 Qui

353 4547 358 4552 ε
434 4474 581 4586 ferre
614 4497 945 4553 sermonem,
982 4504 1051 4546 ex
1088 4507 1156 4547 eo
1196 4495 1343 4550 enim
1390 4497 1581 4569 incipit
1620 4474 1745 4558 esse
1783 4474 2013 4571 malitia,
2048 4530 2091 4586 υ
2120 4511 2304 4558 autem
2342 4516 2374 4556 a
2404 4499 2524 4555 fure
2561 4498 2617 4553 in
2645 4506 2894 4567 tempore
2922 4490 3255 4549 calamitatis
3281 4504 3392 4546 suae
3422 4486 3704 4559 perfossus

434 4572 581 4638 quod
613 4583 700 4630 est
735 4576 790 4632 in
824 4589 1005 4648 nocte,
1040 4583 1088 4640 si
1121 4586 1304 4641 statim
1340 4588 1629 4647 tradiderit
1654 4608 1714 4649 se
1745 4603 1805 4649 ut
1839 4595 1935 4652 ﬁat
1961 4605 2019 4653 et
2048 4572 2087 4586 ”
2116 4594 2283 4651 fuerit
2316 4593 2567 4658 domum,
2610 4589 2772 4661 quasi
2818 4586 3079 4656 indignus
3112 4583 3349 4639 adventu
3390 4581 3459 4636 ad
3504 4596 3565 4637 se
3604 4579 3707 4636 d0-

430 4664 651 4720 auditor
696 4670 830 4740 legis
864 4683 920 4728 et
956 4673 1169 4743 factor;
1199 4678 1246 4736 si
1276 4680 1449 4753 878
1496 4684 1718 4754 quidem
1762 4702 2017 4757 perman-

429 4758 567 4813 serit
602 4775 776 4832 usque
804 4764 871 4820 ad
915 4765 1082 4823 ﬁnem
1112 4769 1169 4825 in
1211 4771 1331 4842 ipso
1358 4778 1665 4848 proposito,
1695 4780 1938 4851 vigilavit
1980 4800 2013 4841 a

434 4866 693 4925 vespere,
749 4866 805 4913 et
858 4864 1204 4922 continuavit
1252 4883 1430 4938 usque
1493 4872 1562 4929 ad
1620 4874 1856 4931 mediam
1913 4893 2011 4934 no-

425 4958 597 5014 .ctem,
657 4958 712 5006 et
767 4967 880 5009 non
934 4956 1083 5012 dedit
1125 4974 1381 5017 somnum
1437 4964 1615 5021 oculis
1658 4967 1775 5023 suis
1829 4984 2008 5041 neque

433 5053 608 5129 usque
661 5042 729 5097 ad
775 5044 903 5114 galli
952 5057 1196 5118 cantum,
1248 5067 1426 5123 neque
1477 5071 1655 5127 usque
1702 5059 1773 5114 ad
1821 5076 2006 5129 mane,

427 5125 573 5220 inter
628 5131 818 5191 beatos
876 5152 1064 5195 servos
1114 5139 1430 5211 hujusmodi
1484 5125 1581 5203 vir—
1633 5125 2004 5220 computatur;

427 5214 561 5314 Qui
583 5231 764 5314 autem
813 5226 980 5286 fuerit
1032 5232 1283 5291 inventus
1314 5245 1442 5306 post
1485 5249 1701 5314 tempus
1732 5214 2009 5302 sermonis

428 5307 640 5413 impleti
679 5329 897 5413 partem
937 5322 1177 5394 aliquam
1212 5328 1391 5385 noctis
1427 5307 1728 5403 transigere
1769 5336 1826 5391 in
1855 5351 2011 5393 com-

429 5405 820 5477 essationibus,
855 5422 910 5468 et
960 5416 1335 5488 ebrietatibus,
1376 5431 1432 5480 et
1470 5426 1763 5492 cubilibus,
1804 5439 1861 5485 et
1898 5429 2006 5485 imo

431 5494 731 5565 Ρυάίοίιίίε,
766 5506 992 5574 casperit
1032 5520 1216 5566 autem
1271 5523 1461 5583 postea
1514 5517 1762 5591 vigilare,
1794 5531 1851 5575 et
1898 5521 2004 5578 iste

505 5705 549 5736 ⁸⁸
572 5705 701 5794 an.
728 5713 1065 5794 “5135,56.
1172 5719 1215 5794 ‘_"
1252 5721 1413 5794 rion).
1447 5740 1566 5794 ιιιι,
1598 5727 1683 5782 i3.

437 5778 475 5809 ⁵¹
500 5794 595 5843 λιι,
632 5782 715 5836 il.
793 5785 837 5815 ⁸³
882 5784 896 5836 l
930 5784 1056 5844 Cor.
1080 5804 1155 5855 tv,
1188 5790 1232 5857 l,
1262 5791 1316 5845 2.

1796 5726 1841 5760 ’⁸³
1873 5726 1888 5781 Ι
1921 5726 2115 5784 Thess.
2149 5744 2202 5791 v,
2239 5727 2288 5782 5.

2117 4689 2254 4745 mini
2282 4688 2392 4755 sui,
2429 4699 2541 4740 non
2576 4684 2682 4740 erit
2703 4683 2903 4752 dignus
2927 4679 3172 4750 aspicere
3197 4691 3339 4732 eum.

2183 4781 2276 4838 6i.
2319 4779 2452 4846 Quis
2500 4778 2642 4833 enim
2683 4774 2861 4847 ﬁdelis
2912 4789 3092 4829 servus
3140 4781 3190 4825 et
3232 4783 3493 4839 prudens,
3546 4780 3701 4836 quem

2115 4871 2394 4929 constituit
2420 4869 2667 4925 dominus
2699 4866 2813 4936 ejus
2848 4879 3006 4934 super
3040 4861 3253 4915 domum
3288 4871 3463 4921 suam,
3508 4864 3564 4907 ut
3612 4854 3702 4908 det

2116 4965 2261 5021 cibos
2288 4966 2344 5020 iu
2376 4974 2608 5032 tempore
2637 4959 2723 5013 “‘i
2761 4956 2919 5024 Quod
2944 4954 3012 5009 ad
3043 4949 3322 5022 aposwlos
3358 4954 3703 5013 caeterosque

2112 5057 2401 5127 episcopos
2438 5063 2492 5109 et
2530 5052 2785 5108 doctores
2829 5044 3089 5117 parabola
3126 5043 3231 5097 ista
3263 5039 3536 5110 pertineat
3573 5051 3696 5127 mai

2114 5124 2376 5205 bifestum
2412 5154 2520 5210 est,
2552 5143 2790 5199 maxime
2825 5154 2894 5195 ex
2940 5152 3008 5192 eo
3041 5134 3188 5206 quod
3230 5132 3373 5203 apud
3414 5130 3616 5184 Lucam
3648 5124 3698 5160 “

2117 5242 2314 5299 Petrus
2344 5243 2641 5309 interrogat
2679 5235 2868 5291 dicens
2910 5251 2925 5288 :
2956 5231 3038 5285 Ad
3070 5246 3164 5285 nos
3192 5227 3503 5299 parabolam
3532 5224 3696 5284 istam

2115 5336 2271 5401 dicis,
2301 5350 2371 5388 an
2398 5334 2467 5387 ad
2498 5345 2673 5385 omnes
2695 5330 2720 5382 .9
2747 5327 2852 5383 Sed
2882 5336 3063 5383 tamen
3095 5338 3219 5380 cum
3250 5320 3362 5378 sint
3395 5315 3550 5372 multi
3581 5313 3697 5371 dis-

2114 5436 2465 5499 pensatores,
2490 5422 2713 5481 difticile
2755 5430 2837 5477 est
2877 5418 3125 5475 invenire
3165 5427 3220 5471 et
3247 5413 3460 5469 ﬁdelem
3485 5416 3541 5464 et
3562 5422 3697 5480 pru-

2112 5498 2352 5577 dentem.
2393 5514 2625 5587 Propter
2671 5512 2818 5585 quod
2866 5511 2943 5567 ait
2987 5506 3284 5580 Apostolus
3304 5505 3351 5537 "
3408 5498 3547 5558 :Ita
3595 5514 3692 5553 nos

2404 5726 2449 5758 ”
2476 5723 2610 5781 Luc.
2650 5739 2747 5788 xu,
2790 5722 2881 5789 55,
2907 5721 2996 5776 36.
3101 5721 3145 5751 ⁵ο
3179 5716 3373 5772 Matth.
3413 5727 3566 5779 utr,
