4112 6422
416 315 550 367 1695

1579 307 1902 363 ORIGENIS
1941 307 2008 362 IN
2044 307 2464 391 MATTHIEUM

3545 317 3682 374 1696

409 431 670 485 existimet
705 432 859 485 homo
883 435 938 482 ut
977 426 1244 480 ministros
1279 423 1498 492 Christi,
1527 434 1576 478 et
1599 425 1986 495 dispensatores
2016 429 2064 488 Α
2095 429 2272 482 salvat
2296 428 2442 498 quod
2461 428 2744 484 constituti
2779 438 2908 485 sunt
2930 445 2960 486 a
2987 431 3219 486 Domino
3235 446 3399 503 super
3419 431 3684 491 familiam

410 522 783 591 mysteriorum
824 520 942 573 Dei.
993 518 1096 571 llic
1118 518 1234 585 jam
1263 515 1523 585 quwritur
1551 516 1688 569 inter
1715 516 1989 584 dispensa-

411 629 573 679 tores,
616 624 671 667 ut
718 614 891 683 ﬁdelis
929 613 1044 682 quis
1089 611 1406 663 inveniatur.
1460 608 1657 663 Peccat
1702 618 1885 663 autem
1935 608 1991 662 in

412 686 584 762 Deum
609 707 922 776 quicunque
943 703 1232 772 cpisc0pus
1265 702 1357 772 qui
1386 717 1494 756 non
1517 700 1678 770 quasi
1707 699 1992 755 conservis

411 815 602 855 servus
651 798 950 858 ministrat,
990 795 1083 849 sed
1132 793 1290 863 quasi
1337 792 1614 847 dominus.
1657 790 1994 862 Frequenter

411 901 594 947 autem
617 899 670 945 et
701 888 856 959 quasi
885 904 1106 942 amarus
1132 887 1391 942 dominus
1417 886 1710 940 dominans
1735 901 1832 955 per
1857 885 1991 950 vim,

411 983 608 1039 similis
647 982 980 1036 constitutus
1013 978 1288 1050 Egyptiis
1331 977 1425 1048 qui
1472 976 1792 1049 afﬁigebant
1827 977 1994 1032 vitam

360 1113 364 1119 ι
412 1075 649 1130 ﬁliorum
683 1073 850 1129 lsrael
887 1089 1010 1128 cum
1052 1072 1126 1127 vi.
1158 1071 1299 1138 Ergo
1344 1085 1618 1125 memores
1645 1085 1766 1126 esse
1798 1069 1998 1124 debent

413 1169 702 1222 verborum
734 1166 937 1222 Christi
973 1164 1204 1220 dicentis
1225 1165 1272 1196 ⁸³
1304 1182 1317 1218 :
1353 1163 1453 1217 Vos
1477 1164 1674 1218 vocatis
1708 1179 1787 1216 me
1826 1162 1997 1231 magi—

414 1272 606 1326 strum,
639 1268 689 1312 et
727 1258 1032 1323 Dominum,
1062 1266 1111 1310 et
1141 1258 1264 1311 bene
1299 1256 1476 1309 dicitis
1501 1271 1520 1310 :
1550 1271 1666 1309 sum
1686 1253 1899 1308 etenim.
1935 1251 1996 1307 Si

411 1367 532 1420 ergo
558 1366 650 1420 ego
679 1349 786 1403 lavi
815 1349 968 1418 pedes
1006 1356 1224 1411 vestros,
1253 1357 1302 1400 et
1333 1363 1420 1400 vos
1450 1344 1644 1399 debetis
1677 1344 1997 1398 alterutrum

411 1442 592 1496 lavare
618 1442 791 1511 pedes.
825 1440 1139 1510 Exemplum
1159 1442 1297 1493 enim
1324 1439 1445 1492 dedi
1473 1437 1634 1502 vobis,
1662 1437 1877 1490 utsicut
1904 1451 1996 1504 ego

413 1533 538 1604 feci,
573 1536 652 1587 sic
699 1533 934 1602 faciatis.
987 1531 1054 1585 Et
1101 1531 1232 1586 illud
1276 1531 1322 1561 ³⁵⁵
1376 1548 1389 1584 :
1442 1529 1718 1597 Principes
1765 1513 1994 1596 gentium

413 1625 759 1678 dominantur
816 1639 1020 1685 earum,
1075 1631 1124 1676 et
1176 1621 1403 1692 majores
1451 1637 1632 1675 eorum
1685 1629 1999 1688 potestatem

413 1725 654 1770 exercent
683 1716 736 1768 in
765 1717 861 1769 eis.
891 1713 1042 1768 Inter
1065 1730 1153 1768 vos
1183 1723 1356 1766 autem
1384 1729 1487 1766 non
1517 1714 1595 1767 sic
1625 1713 1760 1777 erit;
1797 1713 1888 1766 sed
1907 1713 1998 1783 qui

413 1810 522 1863 vult
561 1812 698 1863 inter
745 1825 833 1862 vos
873 1824 983 1861 esse
1023 1807 1250 1876 primus,
1290 1807 1392 1859 erit
1434 1805 1750 1858 novissimus
1796 1821 1815 1858 :
1860 1805 1996 1858 sicut

414 1883 593 1954 Filius
631 1900 858 1952 hominis
884 1915 988 1952 non
1031 1897 1166 1951 venit
1200 1896 1524 1962 ministrari,
1549 1896 1640 1950 sed
1667 1895 1994 1963 ministrare,

412 2001 463 2046 et
519 1993 649 2046 dare
700 1991 939 2045 animum
990 2006 1146 2044 suant
1193 1989 1604 2060 redemptionem
1648 2005 1744 2059 pro
1788 1988 1994 2042 multis.

415 2084 619 2138 Audire
644 2092 829 2138 autem
858 2091 1072 2152 oportet
1099 2090 1154 2137 et
1183 2081 1412 2137 Paulum
1447 2080 1722 2137 dicentem
1745 2080 1791 2113 "
1817 2098 1832 2136 :
1861 2079 1996 2137 Cum

417 2176 675 2246 possimus
698 2175 845 2229 oneri
874 2190 984 2229 esse
1024 2185 1080 2227 ut
1109 2173 1312 2228 Christi
1349 2173 1597 2244 apostoli,
1641 2172 1772 2242 facti
1812 2189 1996 2227 sumus

411 2267 620 2332 parvuli
662 2267 715 2320 in
756 2267 928 2320 medio
959 2275 1208 2336 vestrum,
1240 2266 1682 2336 quemadmodum
1726 2265 1773 2319 si
1813 2266 1998 2320 nutrix

413 2362 586 2430 foveat
622 2367 775 2412 natos
806 2373 950 2412 suos.
989 2355 1080 2412 Sic
1117 2357 1472 2410 desiderantes
1511 2358 1752 2426 cupimus
1779 2357 1998 2427 partici-

411 2451 533 2521 pari
563 2450 828 2504 vobiscum
858 2465 962 2502 non
991 2449 1160 2502 solum
1187 2447 1554 2519 Evangelium,
1580 2449 1670 2502 sed
1690 2449 1851 2502 etiam
1880 2447 1999 2502 ani-

412 2557 528 2595 mos
565 2552 797 2594 nostras.
842 2539 907 2594 Et
949 2553 1056 2594 non
1100 2548 1316 2610 oportet
1355 2549 1639 2610 percutere
1678 2552 1995 2604 conservos,

411 2632 507 2690 sed
544 2631 803 2699 corripere
835 2631 1114 2701 inquietos,
1143 2629 1408 2685 consolari
1445 2631 1837 2700 pusillanimes,
1879 2647 1999 2684 sus-

412 2725 577 2778 tinere
605 2725 869 2793 inﬁrmos,
910 2733 959 2777 et
1002 2723 1258 2792 patientes
1288 2739 1399 2778 esse
1442 2723 1512 2776 ad
1551 2739 1727 2776 omnes
1751 2722 1818 2789 ⁸⁸,
1863 2737 2000 2792 quo-

412 2815 560 2870 niam
584 2832 786 2869 servnm
814 2815 908 2868 Dei
936 2831 1036 2868 non
1061 2823 1261 2883 oportet
1290 2814 1524 2885 litigare,
1550 2813 1640 2868 sed
1667 2821 1999 2866 mansuetum

416 2923 526 2960 esse
565 2907 634 2959 ad
665 2922 864 2972 omnes,
909 2923 1027 2959 cum
1061 2905 1317 2958 modestia
1355 2905 1623 2958 docentem
1663 2919 1749 2958 eos
1789 2903 1881 2972 qui
1917 2919 2000 2957 re-

417 2999 611 3053 sistunt
645 2998 710 3050 ⁸⁷.
740 2996 906 3063 Quasi
937 2997 1197 3051 recedens
1236 3005 1417 3050 autem
1443 2995 1560 3064 ipse
1586 3011 1618 3048 a
1640 2994 1782 3048 mala
1806 2993 1998 3048 induc-

2093 520 2235 590 cjus,
2272 522 2368 575 sed
2399 522 2529 576 illud
2556 531 2612 577 ut
2646 523 2776 578 dent
2815 525 2869 578 in
2902 533 3146 595 tempore
3179 527 3352 592 cibos,
3380 536 3434 582 et
3470 536 3529 581 ut
3557 529 3687 584 abs-

2097 612 2306 666 tineant
2351 627 2409 667 se
2461 629 2489 667 a
2525 615 2996 683 percussionihus,
3031 626 3083 672 et
3112 633 3143 672 a
3169 619 3687 686 comessationibus,

2095 713 2151 758 et
2177 705 2550 774 potationibus
2593 722 2718 760 cum
2743 707 2998 764 ebriosis.
3029 707 3085 762 Si
3117 718 3299 764 autem
3333 725 3442 764 non
3476 726 3534 766 se
3564 712 3690 768 abs—

2095 799 2358 854 tinuerint
2423 800 2492 854 ab
2550 800 2902 870 hujusmodi,
2969 809 3020 856 et
3094 816 3354 872 magnum
3407 803 3692 872 sapuerint

2095 898 2380 958 propterea
2414 890 2564 958 quod
2595 890 2881 944 constituit
2911 906 3009 946 eos
3035 890 3297 946 Dominus
3327 905 3492 961 super
3528 889 3690 944 lami-

2096 982 2224 1035 liam
2255 997 2432 1046 suam,
2465 983 2644 1038 sciant
2670 983 2931 1052 quoniam
2959 985 3141 1039 veniet
3174 985 3442 1040 Dominus
3491 998 3686 1038 eorum

2098 1075 2153 1128 in
2203 1073 2293 1128 die
2341 1087 2446 1144 qua
2495 1089 2603 1128 non
2645 1083 2859 1144 putant,
2885 1085 2940 1130 et
2965 1078 3099 1130 hora
3130 1091 3239 1146 qua
3272 1075 3602 1142 nesciunt“,
3635 1084 3691 1130 et

2097 1165 2300 1219 dividet
2332 1179 2451 1227 eos,
2477 1174 2531 1220 et
2561 1177 2769 1236 partem
2801 1181 2992 1221 eorum
3032 1181 3157 1221 cum
3190 1165 3488 1238 hypocritis
3513 1174 3569 1220 et
3603 1165 3691 1219 in-

2097 1255 2350 1310 lidelibus
2383 1265 2589 1327 ponet;
2623 1265 2677 1312 et
2709 1272 2834 1313 cum
2867 1256 3071 1312 fuerint
3102 1257 3246 1312 inter
3277 1257 3591 1328 hypocritas
3633 1264 3691 1311 et

2099 1347 2345 1403 inﬁdeles
2384 1349 2570 1418 positi,
2599 1348 2736 1403 nihil
2768 1349 2849 1404 eis
2883 1348 3128 1419 proderit
3156 1349 3305 1419 quod
3337 1349 3623 1405 constituti
3655 1364 3686 1404 a

2099 1438 2334 1494 Domino
2365 1449 2495 1496 sunt
2519 1457 2682 1510 super
2711 1441 2974 1496 familiam
2997 1441 3137 1511 ejus.
3171 1441 3244 1496 Ut
3271 1451 3450 1496 autem
3499 1443 3692 1497 timea-

2100 1545 2224 1586 mus
2258 1531 2389 1585 illud
2419 1531 2566 1602 quod
2600 1533 2698 1598 ait,
2729 1532 2928 1586 dividet
2957 1548 3097 1598 cuin,
3126 1532 3382 1588 convenit
3411 1531 3693 1588 recordari

2099 1638 2163 1678 ea
2190 1639 2314 1701 quas
2344 1639 2376 1679 a
2399 1623 2622 1680 Daniele
2655 1633 2787 1679 sunt
2815 1625 2959 1680 dicta
2987 1633 3178 1680 contra
3206 1626 3551 1697 presbyteros
3573 1639 3692 1680 ma-

2102 1714 2207 1782 los,
2239 1716 2504 1786 quoniam
2543 1716 2761 1787 angelus
2801 1716 3015 1770 Domini
3044 1718 3237 1772 habens
3273 1717 3513 1788 gladium
3547 1718 3692 1772 scin-

2099 1807 2186 1860 det
2209 1815 2258 1860 te
2298 1808 2620 1862 medium“.
2655 1806 2924 1864 Scindens
2958 1809 3376 1865 auterudividet.
3418 1809 3552 1864 Ausi
3594 1825 3692 1866 su-

2099 1914 2224 1955 mus
2256 1899 2335 1954 uti
2363 1899 2417 1954 in
2443 1899 2548 1956 hoc
2568 1900 2690 1956 loco
2719 1898 2958 1957 Danielis
2982 1902 3256 1973 exemplo,
3287 1917 3398 1957 non
3427 1903 3690 1974 ignoran-

2100 1998 2183 2046 tes
2213 1990 2472 2061 quoniam
2501 1991 2554 2046 in
2584 1991 2812 2048 Hebraeo
2842 1993 3081 2062 positum
3115 2009 3224 2048 non
3257 2001 3361 2059 est,
3405 1993 3502 2050 sed
3546 2006 3688 2063 quo-

2099 2082 2248 2138 niam
2297 2083 2353 2138 in
2386 2082 2646 2140 Ecclesiis
2673 2093 2904 2140 tenetur.
2934 2085 3176 2141 Alterius
3206 2095 3388 2140 autem
3417 2083 3683 2155 temporis

2099 2185 2183 2231 est
2232 2176 2513 2246 requirere
2563 2175 2631 2230 de
2675 2174 3011 2244 hujusmodi.
3051 2176 3286 2230 Attende
3309 2185 3492 2231 autem
3521 2175 3688 2230 etiam

2100 2269 2231 2324 illud
2259 2268 2404 2338 quod
2432 2267 2509 2321 ait
2531 2266 2599 2333 “,
2637 2265 2810 2334 fidelis
2846 2282 3027 2320 servus
3075 2275 3125 2320 et
3171 2268 3425 2335 prudens,
3453 2267 3691 2322 benevo-

2100 2361 2273 2414 lcnter
2315 2357 2543 2412 audiens
2597 2356 2822 2411 verbum
2849 2395 2866 2422 ,
2913 2363 2970 2410 et
3012 2355 3368 2425 acquiescens
3419 2354 3689 2409 voluntati

2101 2447 2305 2505 Christi
2355 2461 2418 2501 ea
2471 2445 2724 2512 dicentis,
2748 2454 2804 2501 et
2828 2445 3229 2502 conscribentis
3260 2444 3518 2500 Matthati.
3553 2444 3690 2500 Dili-

2099 2547 2288 2610 genter
2334 2553 2463 2609 ergo
2509 2545 2594 2595 est
2642 2537 2976 2593 audiendum
3023 2537 3092 2592 de
3138 2536 3285 2592 ﬁdeli
3335 2552 3495 2592 servo
3523 2544 3687 2608 atque

2101 2631 2376 2701 prudenti,
2407 2631 2501 2702 qui
2535 2630 2590 2685 in
2630 2630 2733 2685 ﬁde
2779 2629 3016 2700 prolicit.
3049 2628 3158 2684 Aut
3183 2628 3228 2684 si
3258 2628 3502 2683 nondum
3537 2629 3592 2682 in
3625 2641 3691 2683 ea

2103 2723 2374 2794 perfectus
2407 2731 2493 2779 est
2524 2723 2619 2794 qui
2650 2721 3016 2777 communiter
3053 2730 3107 2776 et
3141 2721 3258 2791 ipse
3309 2719 3485 2775 ﬁdelis
3527 2733 3694 2774 voca-

2102 2825 2214 2879 tur,
2243 2823 2297 2870 et
2329 2815 2422 2885 qui
2457 2813 2760 2869 naturalem
2799 2813 2963 2868 habet
3009 2813 3210 2868 mentis
3243 2812 3610 2876 velocitatem,
3636 2821 3693 2868 et

2102 2907 2302 2962 dicitur
2334 2906 2595 2976 prudens.
2626 2903 2694 2958 Et
2720 2903 2937 2959 villicus
2959 2919 3088 2974 ergo
3123 2903 3428 2972 iniquitatis
3457 2902 3695 2971 prudeno

2103 3009 2185 3054 ter
2207 2999 2356 3067 facit,
2385 3014 2494 3054 non
2524 2998 2745 3069 quidem
2779 2995 2987 3054 faciens
3015 2997 3316 3052 secundum
3349 2995 3692 3066 prudentiam

416 3095 567 3147 tione
591 3105 1002 3154 conservorum,
1036 3090 1239 3145 Paulus
1261 3089 1444 3158 culpat
1469 3101 1564 3142 eos
1589 3087 1681 3157 qui
1708 3102 1815 3142 non
1841 3097 1998 3142 erant
2025 3111 2066 3168 ο
2103 3108 2170 3148 ex
2212 3091 2527 3157 virtutibus,
2574 3091 2670 3147 sed
2701 3091 2828 3160 quia
2866 3091 3022 3146 velox
3062 3097 3180 3143 erat
3215 3088 3453 3158 ingenio.
3488 3086 3553 3141 Et
3597 3085 3695 3140 lilii

419 3183 576 3250 tales,
606 3181 698 3252 qui
730 3181 979 3251 superbis
1015 3179 1235 3250 quidem
1266 3187 1426 3234 erant
1451 3178 1707 3248 subjecti,
1747 3186 1996 3234 contem-

418 3277 620 3332 nebant
659 3283 842 3330 autem
876 3284 1212 3342 mansuetos,
1241 3273 1348 3328 hoc
1385 3273 1550 3326 modo
1583 3271 1773 3327 dicens
1813 3289 1827 3327 :
1865 3270 1998 3327 Sus-

417 3372 600 3425 tinetis
631 3371 676 3423 si
699 3369 814 3440 quis
845 3385 932 3424 vos
958 3369 1012 3422 in
1039 3368 1342 3422 servitutem
1379 3365 1590 3435 redigit,
1616 3367 1662 3418 si
1689 3365 1810 3435 quis
1844 3366 1999 3420 devo-

421 3473 527 3524 rat,
545 3463 590 3516 si
610 3463 724 3532 quis
747 3463 964 3532 accipit,
984 3460 1030 3513 si
1053 3459 1170 3530 quis
1193 3457 1492 3524 extollitur,
1517 3459 1563 3513 si
1586 3461 1703 3528 quis
1727 3459 1782 3511 in
1807 3458 1997 3526 faciem

418 3571 507 3610 vos
526 3545 700 3618 credit,
717 3553 871 3623 quasi
886 3568 980 3606 nos
998 3552 1198 3620 inﬁrmi
1215 3550 1473 3618 fuerimus
1495 3549 1562 3603 ⁵⁸.
1583 3549 1882 3606 Considera
1901 3567 2000 3605 au-

421 3655 530 3703 tem
548 3647 601 3701 in
625 3646 745 3701 istis
765 3642 1043 3716 quomodo
1069 3656 1164 3697 eos
1186 3641 1279 3711 qui
1303 3641 1355 3694 in
1383 3641 1700 3696 servitutem
1725 3642 1997 3713 redigunt,

422 3750 479 3795 ct
519 3741 572 3794 in
602 3739 794 3794 faciem
839 3735 1052 3791 caedunt
1079 3744 1298 3804 propter
1335 3733 1482 3804 quod
1523 3734 1767 3790 amarius
1794 3735 2000 3804 princi-

423 3844 656 3903 pcntur,
694 3825 1105 3899 reprehenderit
1135 3826 1252 3896 ipse
1283 3826 1470 3882 dicens
1505 3841 1564 3882 se
1611 3827 1888 3882 absﬁnere
1931 3827 2002 3882 ab

424 3926 532 3991 eis;
565 3937 674 3978 non
705 3919 836 3990 quia
879 3918 1129 3973 inﬁrmus
1159 3926 1298 3984 erat,
1339 3919 1638 3989 quominus
1672 3917 1878 3973 faceret
1904 3933 1999 3986 ca,

422 4015 518 4073 sed
547 4021 609 4069 ut
638 4011 804 4066 faciat
833 4011 948 4081 ipsa
979 4025 1100 4080 quae
1125 4008 1302 4066 docet.
1337 4010 1505 4066 Docet
1525 4020 1706 4065 autem
1733 4025 1858 4065 cum
1886 4025 2003 4064 mo-

423 4105 597 4162 destia
624 4103 818 4158 docere
847 4117 942 4158 eos
965 4103 1059 4173 qui
1088 4103 1373 4158 resistunt.
1405 4101 1636 4172 Propter
1667 4102 1812 4171 quod
1837 4110 1892 4156 et
1916 4101 2006 4156 de—

425 4198 621 4252 ﬁniens
668 4197 858 4266 quales
895 4196 1129 4252 debeant
1165 4211 1287 4251 esse
1315 4196 1578 4266 episcopi,
1617 4195 1698 4250 sic
1739 4195 1872 4250 dicit
1901 4194 1947 4226 ⁸⁹
1986 4212 2000 4249 :

427 4287 550 4342 Non
598 4288 856 4358 litigiosi,
909 4305 1012 4342 non
1051 4303 1404 4358 percussores,
1441 4287 1530 4340 sed
1573 4287 1867 4350 mansueti,
1915 4301 2004 4340 er-

427 4381 560 4443 nati,
591 4389 646 4435 et
670 4395 1012 4450 quaecunque
1039 4380 1181 4434 inter
1213 4377 1493 4445 ﬁtleles,ct
1515 4378 1788 4448 sapientes
1818 4393 2004 4435 servos

2101 3183 2287 3241 saeculi
2319 3183 2480 3253 hujus
2505 3183 2882 3254 prudentiores
2935 3189 3065 3237 sunt
3110 3194 3277 3251 quam
3321 3178 3417 3233 lilii
3459 3177 3599 3232 lucis
3628 3176 3685 3231 in

2099 3275 2450 3348 generatione
2499 3290 2620 3341 sua,
2666 3289 2774 3329 non
2822 3271 2950 3344 quin
2996 3270 3298 3326 secundum
3348 3268 3690 3340 prudentiam

2100 3385 2265 3424 uuam
2313 3383 2381 3424 ex
2430 3367 2727 3422 virtutibus
2779 3377 2910 3422 sunt
2961 3365 3278 3434 prudentes,
3309 3370 3405 3416 aut
3432 3361 3561 3430 quia
3591 3359 3689 3414 lilii

2101 3461 2240 3515 lucis
2283 3459 2583 3515 secundum
2628 3457 2777 3512 aliud
2829 3453 3036 3524 aliquid
3086 3463 3214 3508 sunt
3242 3452 3322 3506 eis
3354 3452 3595 3504 minores
3636 3448 3693 3502 in

2102 3552 2390 3622 sapientia,
2420 3558 2516 3605 aut
2558 3549 2614 3603 in
2659 3546 2913 3602 acumine
2942 3543 3179 3598 naturali
3217 3543 3413 3597 mentis
3447 3550 3576 3597 sunt
3604 3541 3694 3594 in-

2103 3644 2332 3700 feriores
2353 3660 2368 3709 ;
2393 3643 2496 3698 scit
2522 3639 2670 3696 enim
2695 3647 2749 3694 et
2776 3638 3123 3709 prudentiam
3157 3651 3322 3691 unam
3351 3650 3474 3692 esse
3503 3651 3569 3691 ex
3591 3635 3697 3689 vir-

2105 3737 2311 3792 tutibus
2360 3749 2540 3791 sermo
2584 3731 2824 3796 divinus,
2853 3732 2997 3786 sicut
3037 3731 3091 3784 in
3128 3729 3440 3784 Proverbiis
3459 3729 3504 3760 ⁶⁸
3533 3729 3694 3784 docet

2105 3828 2336 3883 dicens:
2374 3825 2474 3880 Dic
2519 3826 2837 3896 sapientiam
2885 3837 3119 3876 sororem
3167 3831 3312 3874 tuam
3350 3836 3478 3886 esse,
3515 3829 3692 3874 notant

2105 3929 2284 3973 autem
2317 3917 2403 3988 fac
2434 3919 2526 3972 tibi
2559 3917 2918 3987 prudentiam,
2951 3926 3009 3970 ut
3047 3917 3316 3970 custodiat
3347 3929 3396 3972 te
3419 3935 3450 3971 a
3475 3917 3693 3972 muliere

2107 4013 2300 4067 aliena.
2349 4010 2508 4067 Nunc
2548 4020 2729 4065 autem
2773 4010 3141 4066 communiter
3189 4009 3379 4066 audire
3428 4011 3692 4066 debemus

2106 4102 2252 4173 quod
2277 4101 2413 4156 ait“
2439 4120 2453 4156 :
2483 4099 2612 4167 Quis
2633 4110 2710 4155 est
2747 4117 2924 4155 servus
2956 4100 3130 4170 ﬁdelis
3153 4111 3201 4155 et
3231 4101 3457 4170 prudens
3476 4102 3501 4154 .9
3535 4103 3692 4171 quasi

2106 4195 2325 4264 quidam
2353 4193 2594 4264 quidem,
2638 4192 2938 4248 secundum
2968 4193 3332 4247 communiter
3360 4193 3691 4248 intellectam

2107 4288 2291 4353 ﬁdem,
2316 4287 2427 4342 sint
2455 4285 2663 4353 ﬁdeles,
2700 4300 2810 4339 non
2839 4293 3019 4339 autem
3053 4285 3161 4340 sint
3193 4285 3488 4354 prudentes
3518 4300 3695 4355 neque

2109 4381 2320 4435 veloces
2351 4378 2570 4449 ingenio
2596 4393 2611 4443 ;
2637 4384 2692 4431 et
2723 4376 2920 4430 iterum
2950 4375 3041 4430 alii
3065 4376 3285 4445 quidem
3312 4377 3421 4431 sint
3455 4376 3689 4442 veloces,

421 4471 590 4541 879
627 4471 996 4535 inveniuntur,
1031 4479 1085 4524 et
1135 4470 1562 4540 dispensatores,
1606 4484 1746 4538 quos
1797 4470 2002 4526 consti-
2033 4461 2076 4516 D
2105 4481 2160 4527 et
2209 4470 2510 4527 secundum
2550 4467 2698 4539 quod
2726 4465 2817 4522 hic
2843 4466 3200 4536 signiﬁcatur,
3224 4466 3538 4538 prudentes,
3577 4481 3690 4520 non

426 4566 530 4619 tuit
562 4563 828 4618 Dominus
856 4579 1019 4633 super
1049 4563 1312 4618 familiam
1347 4579 1526 4630 suam,
1563 4563 1704 4619 sicut
1735 4564 1867 4620 dicit
1891 4563 2004 4620 Lu-

421 4672 516 4713 cas
535 4657 598 4710 δ’).
634 4657 710 4710 Ex
747 4658 830 4712 his
866 4667 1045 4712 autem
1082 4672 1414 4728 cognoscere
1454 4668 1558 4724 est,
1588 4659 1848 4728 quoniam
1892 4675 2000 4714 non

421 4749 601 4805 solum
636 4749 729 4820 qui
756 4749 939 4804 ﬁdeles
971 4757 1099 4805 sunt
1139 4758 1194 4804 et
1225 4750 1519 4820 sapientes,
1553 4751 1676 4806 illos
1719 4751 2002 4807 constituit

425 4840 691 4897 Dominus
724 4857 888 4912 super
915 4841 1137 4897 domum
1167 4858 1346 4909 suam,
1382 4843 1476 4898 sed
1503 4843 1668 4899 etiam
1699 4845 1872 4899 malos
1894 4859 2004 4900 ser-

421 4948 519 4988 vos
545 4933 788 4989 dicentes
822 4933 876 4987 in
906 4933 1162 4988 cordibus
1194 4933 1312 4988 suis
1343 4951 1356 4988 :
1389 4931 1602 5004 Semper
1634 4949 1837 4988 moram
1869 4931 2000 5002 facit

421 5028 669 5082 dominus
704 5044 848 5081 meus
882 5028 1054 5082 venire
1071 5029 1148 5096 ⁶¹;
1177 5037 1461 5098 propterea
1510 5027 1822 5098 percutiunt
1870 5040 2002 5081 con-

421 5135 632 5186 servos,
666 5121 1002 5175 manducant
1029 5129 1084 5176 et
1128 5122 1317 5176 bibunt
1348 5137 1472 5177 cum
1511 5120 1677 5178 ebriis
1710 5120 1794 5174 vel
1824 5119 2004 5174 ebrio-

423 5211 500 5267 sis
544 5221 599 5266 et
643 5213 997 5269 iuebriantur.
1028 5211 1085 5267 Si
1128 5215 1346 5284 quando
1387 5231 1516 5285 ergo
1561 5213 1896 5268 arbitrantur
1945 5227 2004 5268 se

421 5317 546 5359 esse
597 5304 650 5358 in
685 5320 883 5374 magno
913 5305 1128 5377 fastigio
1161 5307 1256 5376 qui
1283 5315 1527 5376 priesunt
1559 5304 1817 5360 Ecclesiis
1843 5304 2004 5359 Chri-

423 5397 514 5461 sti,
579 5407 862 5468 propterea
909 5400 1053 5470 quod
1094 5400 1377 5455 constituit
1424 5414 1520 5454 eos
1549 5397 1812 5453 Dominus
1841 5413 2006 5468 super

423 5487 689 5545 fatniliam
736 5505 914 5560 suam,
945 5500 1278 5562 cognoscant
1303 5491 1565 5562 quoniam
1615 5505 1724 5546 non
1757 5491 1861 5546 hoc
1907 5505 2006 5548 eos

497 5657 544 5688 ⁸³
582 5656 896 5734 Joan_._xut,
953 5662 1131 5734 15—15.
1210 5663 1257 5696 ”
1299 5663 1488 5718 Matth.
1526 5681 1618 5732 xx,
1651 5664 1722 5719 25
1753 5673 1806 5719 et
1850 5680 2004 5734 seqq.

429 5723 658 5802 Tim._u,
699 5732 789 5793 et,
819 5733 908 5787 es.
984 5735 1030 5772 ιε
1059 5733 1099 5787 ll
1126 5735 1252 5790 Cor.
1287 5751 1358 5802 xl,
1386 5734 1478 5800 eo,
1509 5723 1617 5791 et.’
1675 5723 2112 5798 °9I1'im.'ii,5.

1808 5808 1851 5839 ⁸⁸
1876 5805 2064 5863 Matth.
2099 5817 2246 5877 xxw,
2278 5806 2363 5861 45.

439 5809 562 5861 χιιι,
585 5798 673 5852 5'5.
749 5803 790 5832 ⁸⁵
823 5802 1010 5859 Matth.
1045 5810 1193 5872 xxw,‘
1222 5805 1308 5861 45.
1347 5798 1355 5802 ⁷
1390 5808 1432 5838 ⁶³
1463 5798 1556 5876 vn,
1591 5808 1642 5875 4,
1677 5807 1730 5862 5o

2108 4572 2290 4619 autem
2322 4563 2548 4620 omnino
2590 4573 2645 4619 et
2682 4562 2891 4618 ﬁdeles.
2925 4563 2982 4618 Si
3012 4564 3138 4634 quis
3171 4572 3351 4618 autem
3381 4563 3695 4619 considerat

2109 4657 2511 4713 multitudinem
2558 4657 2858 4713 volentium
2905 4672 3028 4713 esse
3056 4672 3115 4713 se
3147 4658 3512 4724 Christianos,
3541 4657 3693 4713 inve-

2105 4749 2218 4805 niet
2245 4749 2464 4820 quidem
2495 4749 2681 4805 ﬁdeles
2707 4749 2908 4804 multos
2934 4757 2989 4803 et
3015 4749 3253 4803 studium
3284 4749 3405 4804 lidei
3429 4763 3690 4804 exercen-

2105 4852 2208 4906 tes,
2243 4858 2352 4898 non
2381 4851 2562 4898 autem
2591 4851 2644 4898 et
2677 4843 2996 4914 prudentes,
3025 4852 3085 4897 ut
3117 4842 3227 4897 siut
3252 4842 3348 4896 ﬁlii
3385 4842 3550 4912 hujus
3582 4856 3686 4896 sae-

2107 4937 2215 4993 culi
2248 4936 2641 5006 prudentiores'
2679 4937 2762 4992 eis
2811 4936 2866 4992 in
2904 4936 3253 5008 generatione
3299 4950 3422 4999 sua,
3453 4935 3689 4990 scientes

2107 5031 2366 5100 quoniam
2388 5045 2506 5100 qua:
2538 5037 2661 5083 sunt
2691 5029 2858 5083 stulta
2900 5029 3085 5082 mundi
3111 5028 3266 5099 elegit
3297 5029 3455 5095 Deus,
3481 5035 3536 5083 ut
3559 5042 3688 5081 con—

2109 5122 2302 5192 fundat
2345 5123 2603 5189 sapientes
2621 5122 2685 5176 ⁵⁷.
2718 5119 2786 5176 Et
2813 5121 3018 5176 videbit
3043 5119 3242 5176 iterum
3273 5122 3410 5176 alios
3444 5123 3538 5192 qui
3569 5136 3692 5176 cre-

2108 5217 2312 5272 didisse
2344 5222 2625 5284 putantur,
2662 5215 2877 5269 veloces
2907 5213 3124 5284 quidem
3153 5228 3274 5268 esse
3299 5224 3352 5267 et
3395 5215 3692 5283 sapientes,

2111 5307 2339 5363 modicae
2364 5315 2543 5361 autem
2575 5306 2696 5362 ﬁdei
2724 5324 2739 5373 ;
2771 5315 2825 5361 ct
2857 5307 2902 5361 si
2934 5321 3042 5362 non
3073 5305 3338 5369 inﬁdeles,
3372 5315 3552 5360 tamen
3589 5305 3693 5360 mi-

2111 5415 2218 5456 nus
2249 5399 2457 5466 ﬁdeles,
2485 5399 2746 5468 quoniam
2779 5399 2944 5452 stulta
2969 5397 3159 5452 mundi
3187 5412 3309 5466 quae
3337 5395 3481 5452 Deus
3507 5397 3691 5466 elegit,

2113 5497 2493 5547 contemnunt.
2525 5487 2834 5544 Convenire
2863 5494 3045 5542 autem
3076 5485 3130 5540 iu
3168 5501 3338 5540 unum
3367 5485 3582 5541 ﬁdelem
3618 5493 3699 5540 at.

2081 5661 2387 5720 l"lThess.
2429 5676 2491 5727 tt,
2535 5663 2643 5716 Ἶρι
2686 5676 2838 5731 seqq.
2937 5661 2984 5694 ⁸⁵
3014 5659 3031 5716 Ι
3065 5658 3259 5716 Thess.
3299 5660 3468 5726 ν,14.
3555 5659 3622 5731 7"
3647 5658 3693 5713 ll

2201 5735 2508 5802 «omnis.
2605 5730 2922 5802 °‘ibid._{lt‘i.
3054 5733 3096 5765 θ’
3129 5733 3260 5788 ibid.
3297 5732 3384 5788 to.
3478 5731 3523 5764 οι
3549 5730 3687 5786 Dan.

2441 5804 2482 5837 θ’
2513 5803 2535 5857 ι
2562 5802 2686 5857 Cor.
2717 5818 2755 5871 t,
2783 5800 2871 5857 27.
