4112 6466
432 367 566 422 1697

1562 381 2215 442 COMMENTARIORUM
2265 380 2526 438 SERIES.

3560 393 3697 448 1693

438 518 543 572 que
573 507 915 576 prudentem,
953 512 1011 558 ut
1061 499 1360 558 secundum
1408 511 1702 574 utrumque
1747 505 1838 559 det
1885 521 2017 561 con-
2048 508 2096 565 Α
2123 500 2266 572 quod
2304 516 2486 555 mores
2515 514 2707 555 eorum
2758 499 3018 565 aediﬁcet,
3060 510 3114 556 et
3161 503 3329 560 vitam
3373 519 3699 578 componat,

439 597 612 654 servis
645 597 760 652 suis
787 597 967 651 cibum
995 596 1046 648 in
1072 603 1330 663 tempore,
1348 594 1504 649 valde
1521 596 1872 650 rarissimum
1911 606 2013 652 est.

443 688 509 744 Ut
538 690 682 744 enim
725 689 778 742 in
811 697 1054 756 tempore
1097 685 1187 739 det
1221 685 1425 750 cibum,
1459 687 1822 742 necessariam
1858 689 2020 744 habet

440 780 565 849 quis
610 778 986 848 prudentiam;
1042 784 1104 830 ut
1156 785 1336 832 autem
1371 793 1480 831 non
1511 778 1717 833 adimat
1761 779 1914 834 cibos
1963 780 2015 834 in

444 881 684 938 tempore
716 867 1092 938 indigentium,
1131 879 1269 937 opus
1305 879 1386 923 est
1418 868 1538 922 ﬁde.
1565 867 1682 923 Non
1714 878 1895 939 autem
1933 881 2018 926 est

445 965 814 1031 importunum
857 974 1078 1014 monere
1105 971 1324 1030 prepter
1356 969 1577 1031 peccata
1606 978 1726 1031 qua:
1757 963 1810 1016 in
1844 963 2020 1018 homi-

444 1051 602 1106 nibus
628 1050 720 1120 qui
750 1049 1000 1104 videntur
1034 1051 1256 1106 credere
1290 1053 1530 1116 Christo,
1565 1065 1618 1108 et
1651 1055 1704 1107 in
1738 1055 2022 1125 dispensa-

442 1141 652 1195 toribus
699 1139 1065 1196 Ecclesiarum
1113 1143 1432 1213 plerumque
1479 1143 1596 1198 ﬁeri
1646 1146 1840 1212 solent,
1883 1161 2022 1216 quo-

441 1229 588 1285 niam
638 1240 692 1286 et
749 1234 1048 1288 secundum
1115 1234 1414 1304 simplicem
1482 1237 1810 1292 intellectum
1866 1238 2021 1292 multi

441 1337 576 1392 opus
607 1324 871 1379 habemus
906 1335 964 1380 ut
995 1326 1178 1382 fideles
1209 1328 1381 1385 simus
1413 1331 1615 1399 pariter
1641 1339 1694 1385 et
1727 1331 2022 1401 prudentes

443 1413 509 1468 ad
562 1415 959 1484 dispensandos
1007 1417 1264 1475 Ecclesia:
1298 1421 1506 1476 reditus
1540 1440 1553 1475 :
1582 1421 1766 1477 ﬁdeles
1793 1422 2015 1493 quidem

442 1512 502 1559 ut
527 1519 635 1558 non
671 1505 995 1562 devoremus
1028 1523 1149 1577 qua:
1176 1520 1302 1565 sunt
1331 1512 1614 1566 viduarum
1647 1521 1700 1567 et
1726 1523 1784 1566 ut
1812 1529 2020 1567 memo-

441 1611 531 1652 res
567 1597 738 1651 simus
771 1613 1092 1668 pauperum,
1123 1609 1176 1655 et
1208 1604 1550 1658 occasionem
1596 1606 1924 1676 accipientes
1955 1623 2023 1661 ex

441 1702 510 1742 eo
534 1688 677 1757 quod
713 1689 973 1758 scriptum
1008 1699 1091 1745 est
1106 1691 1151 1723 ⁸⁸
1178 1710 1191 1745 :
1230 1693 1488 1748 Dominus
1520 1698 1794 1750 constituit
1820 1699 1902 1752 his
1931 1700 2021 1768 qui

444 1778 788 1850 Evangelium
822 1783 1134 1850 praedicant,
1167 1785 1230 1838 de
1257 1784 1540 1857 Evangelia
1570 1789 1755 1851 vivere,
1787 1790 2022 1858 amplius

2121 609 2284 664 quam
2321 594 2463 668 quod
2507 591 2758 663 producit
2808 607 2874 647 aa
2924 595 3290 663 sapientiam,
3338 607 3390 653 et
3433 599 3706 656 illuminat

2123 687 2364 741 scientia:
2396 686 2517 740 luce
2541 701 2636 740 eos
2661 701 2894 755 quorum
2927 702 3085 741 mens
3113 695 3292 756 potest
3341 689 3569 745 suﬁ‘erre
3593 691 3703 746 hu-

2120 776 2361 845 jusmodi
2416 775 2555 830 lueis
2601 775 2978 844 splendorem;
3030 785 3124 830 aut
3152 786 3211 830 ut
3239 793 3307 832 ne
3337 780 3418 834 eis
3452 781 3546 850 qui
3576 797 3706 851 pos-
3746 772 3750 776 ’

2126 875 2255 921 sunt
2281 867 2497 921 acutius
2530 866 2717 920 audire
2742 906 2756 930 ,
2790 867 2970 936 pigeat
2997 882 3269 936 exponere
3299 869 3489 924 altiora
3514 909 3531 935 ,
3556 881 3613 926 ut
3639 888 3706 926 ne

2124 967 2459 1029 exponentes
2489 960 2616 1013 vilia
2665 960 2734 1014 ab
2783 960 3238 1029 ingeniosioribus
3286 974 3707 1018 contemnantur

2123 1053 2216 1121 qui
2253 1051 2578 1105 naturaliter
2604 1059 2733 1105 sunt
2771 1051 3069 1120 ingeniosi,
3099 1060 3191 1105 aut
3224 1067 3320 1121 per
3353 1054 3704 1109 exercitatio-

2126 1157 2248 1196 nem
2303 1141 2530 1197 forsitan
2565 1141 2842 1196 saecularis
2889 1140 3170 1209 sapientiae
3219 1143 3490 1198 habentur
3531 1145 3702 1200 acuti.

2125 1232 2350 1286 Difﬁcile
2392 1243 2474 1287 est
2508 1247 2638 1302 ergo
2669 1241 2962 1302 utrumque
2994 1234 3047 1286 in
3084 1249 3228 1296 uno,
3267 1243 3326 1287 ut
3363 1244 3418 1288 et
3467 1236 3708 1304 prudens

2125 1319 2233 1383 sit,
2266 1330 2320 1374 et
2351 1319 2523 1375 ﬁdelis
2544 1359 2560 1384 ,
2589 1336 2694 1376 non
2727 1331 2908 1375 autem
2943 1330 2998 1375 et
3027 1323 3394 1391 impossibile;
3431 1340 3529 1378 nec
3557 1325 3704 1378 enim

2128 1409 2400 1464 beatiﬁeat
2453 1425 2577 1463 eum
2633 1409 2726 1478 qui
2794 1425 2902 1465 non
2955 1421 3134 1480 potest
3184 1427 3336 1478 esse,
3397 1415 3643 1469 dicens“
3688 1433 3702 1468 :

2125 1499 2323 1553 Beatus
2354 1516 2532 1553 servus
2561 1499 2651 1553 ille
2676 1542 2690 1560 ,
2723 1517 2872 1570 quem
2924 1501 3170 1556 dominus
3205 1505 3410 1556 ueniens
3454 1506 3704 1558 invenerit

2127 1590 2405 1659 facientem
2438 1591 2535 1642 sic.
2590 1590 2756 1643 Amen
2793 1591 2912 1643 dico
2953 1592 3098 1647 vobis
3119 1631 3135 1654 .
3180 1595 3318 1662 quod
3345 1611 3502 1664 super
3526 1597 3707 1649 omnia

2125 1681 2259 1734 bona
2293 1697 2392 1733 sua
2427 1681 2713 1734 constituet
2744 1697 2885 1735 cum.

2194 1769 2285 1825 62.
2327 1769 2523 1824 Beatus
2552 1770 2642 1823 ille
2675 1787 2852 1825 seruus
2874 1811 2888 1835 ,
2913 1771 3064 1841 quem
3109 1774 3313 1828 veniens
3355 1776 3600 1831 dominus
3627 1779 3707 1832 in-

443 1887 756 1940 qumamus
791 1873 914 1928 cibo
961 1874 1192 1945 simpuci
1220 1886 1273 1931 ει
1307 1879 1634 1934 necessariis
1662 1881 2018 1946 vestimentis,
2054 1860 2093 1913 Β
2124 1860 2316 1913 venerit
2365 1859 2642 1928 facientem
2685 1860 2779 1914 sic.
2814 1860 3006 1930 Magna
3038 1864 3335 1931 promissio
3363 1865 3614 1922 lidelibus
3648 1878 3705 1923 et

443 1969 505 2015 ut
557 1977 625 2016 ne
670 1962 903 2031 amplius
956 1970 1238 2019 teneamus
1289 1967 1449 2021 nobis
1479 1982 1642 2038 quam
1673 1968 1865 2024 demus
1897 1984 2024 2024 esu-

441 2050 710 2106 rientibus
764 2050 1044 2118 fratribus,
1075 2063 1128 2109 et
1161 2055 1495 2123 sitientibus,
1546 2066 1714 2128 atque
1759 2059 1942 2125 nudis,
1970 2069 2024 2115 et

441 2141 524 2196 eis
549 2142 641 2212 qui
677 2145 1055 2199 necessitatem
1082 2147 1359 2215 patiuntur
1391 2147 1444 2202 in
1469 2149 1824 2206 saecularibus
1853 2152 2019 2206 curis.

441 2231 743 2290 Prudentes
797 2246 1001 2300 autem,
1039 2246 1100 2293 ut
1128 2239 1422 2310 unicuique
1455 2241 1754 2296 secundum
1778 2243 2014 2313 dignita-

443 2333 554 2380 tem
623 2326 1058 2397 uniuscujusque
1113 2331 1614 2396 subministremus,
1675 2335 2024 2390 recordantes

444 2415 591 2485 qu‘od
625 2417 828 2471 dictum
859 2427 944 2473 est
965 2418 1008 2453 ⁸⁸
1036 2437 1048 2473 :
1087 2419 1285 2476 Beatus
1309 2423 1400 2492 qui
1441 2423 1691 2494 intelligit
1722 2442 1878 2494 super
1905 2443 2023 2497 ege-

443 2522 570 2561 num
607 2515 658 2560 et
703 2525 1002 2578 pauperem.
1050 2510 1168 2566 Non
1215 2514 1361 2568 enim
1406 2515 1723 2584 simpliciter
1761 2518 1826 2573 de
1862 2519 2024 2574 rebus

442 2597 831 2655 ecclesiasticis
881 2599 1010 2654 dare
1059 2610 1293 2670 oportet,
1328 2611 1389 2658 ut
1422 2620 1590 2659 unum
1621 2608 1724 2663 hoc
1765 2609 2019 2666 observe-

444 2701 588 2750 mus,
618 2695 674 2742 ut
732 2702 800 2742 ne
843 2704 963 2758 quae
1019 2706 1317 2761 pauperum
1370 2703 1500 2750 sunt
1545 2697 1890 2767 devoremus,
1929 2715 2024 2758 aut

444 2773 651 2830 furtum
683 2777 950 2834 faciamus
978 2780 1046 2836 de
1069 2782 1183 2850 eis;
1211 2785 1306 2839 sed
1335 2793 1395 2840 ut
1428 2788 1725 2856 prudenter
1757 2791 2024 2863 intelliga-

445 2881 570 2922 mus
594 2867 950 2937 indigentiunt
983 2887 1182 2930 causas
1202 2886 1422 2945 propter
1449 2894 1588 2948 quas
1612 2890 1741 2936 sunt
1769 2883 2018 2954 indigen-

445 2969 558 3024 tes;
593 2967 646 3014 et
675 2961 1104 3033 uniuscujusque
1130 2968 1450 3038 dignitatem
1481 2977 1758 3042 quomodo
1790 2977 2024 3033 advoca-

443 3056 533 3104 tus
577 3061 662 3106 est
711 3050 1044 3126 [educatus],-
1089 3068 1355 3126 quantum
1401 3065 1773 3120 necessarium
1829 3067 2016 3133 habet,

441 3137 528 3192 vel
566 3151 786 3208 propter
811 3156 974 3210 quam
1003 3159 1223 3202 causam
1259 3149 1481 3220 indiget.
1509 3151 1627 3207 Non
1660 3169 1789 3226 ergo
1825 3157 2020 3214 simili-

442 3237 526 3282 ter
551 3238 635 3283 est
660 3232 926 3301 agendum
973 3234 1027 3289 in
1061 3237 1142 3292 eis
1175 3239 1269 3309 qui
1295 3241 1364 3296 ab
1392 3241 1619 3300 infantia
1651 3246 1864 3303 duriter
1893 3261 2021 3306 sunt

441 3317 654 3373 educati
686 3328 739 3374 et
767 3322 976 3390 stricte,
1007 3333 1062 3379 et
1083 3326 1138 3380 in
1163 3328 1241 3383 eis
1267 3330 1359 3399 qui
1385 3331 1534 3403 large
1561 3342 1616 3388 et
1636 3335 1894 3393 deliciose
1919 3355 2024 3394 nu-

443 3408 554 3462 triti
603 3418 750 3474 sunt,
781 3419 836 3465 et
880 3421 1070 3482 pestea
1114 3419 1452 3475 ceciderunt.
1499 3420 1607 3478 Nec
1653 3425 1844 3482 eadem
1895 3440 2024 3486 sunt

442 3497 804 3554 ministranda
825 3502 954 3558 viris
971 3508 1384 3575 etmulieribus,
1417 3520 1513 3567 aut
1542 3515 1772 3570 multum
1798 3519 2022 3575 senibus

438 3593 495 3640 et
526 3588 841 3657 juvenibus,
899 3602 995 3649 aut
1035 3595 1329 3664 juvenibus
1364 3601 1582 3669 quidem
1626 3613 1682 3659 et
1727 3606 2019 3676 debilibus,

440 3684 662 3743 propter
696 3679 840 3745 quod
871 3695 980 3735 non
1010 3694 1242 3749 possunt
1283 3687 1389 3740 sibi
1431 3689 1717 3757 acquirere
1760 3708 1935 3759 escas,
1967 3705 2022 3751 et

439 3765 521 3821 eis
547 3767 639 3858 qui
661 3769 741 3858 vel
763 3780 1001 3858 exparte
1025 3785 1254 3840 possunt
1272 3776 1373 3830 sibi
1398 3779 1857 3847 acquirere-escas
1882 3787 2018 3858 (84),

442 3862 500 3908 ει
537 3855 618 3910 eis
641 3855 733 3924 qui
767 3856 848 3910 vel
877 3872 944 3912 ex
977 3868 1129 3926 parte
1158 3871 1389 3929 possunt
1416 3864 1520 3918 sibi
1545 3855 2024 3928 succurrere.rﬁe-

439 3943 768 4012 quirendum
796 3955 880 4002 est
909 3956 1092 4003 autem
1137 3959 1193 4005 et
1237 3951 1283 4006 si
1328 3955 1533 4012 multos
1580 3958 1816 4015 habeant
1863 3971 2020 4019 natos

441 4047 550 4086 non
580 4037 932 4106 negligentes,
967 4039 1061 4094 sed
1107 4042 1291 4097 omnia
1345 4042 1627 4114 facientes,
1652 4057 1708 4105 et
1754 4065 1864 4107 non
1913 4055 2020 4108 sibi

442 4123 770 4180 sullleienter
797 4139 1163 4186 occurrentes.
1191 4130 1257 4186 Et
1286 4150 1354 4190 ne
1377 4135 1534 4206 plura
1555 4139 1820 4209 dicamus,
1853 4145 2022 4216 880

441 4218 614 4272 multa
663 4220 928 4289 sapientia
977 4237 1115 4292 opus
1146 4233 1230 4280 est
1275 4229 1370 4295 qui
1399 4230 1516 4285 vult
1543 4230 1680 4287 bene
1701 4233 2022 4304 dispensare

439 4309 844 4366 ecclesiasticos
892 4309 1129 4380 reditus,
1168 4324 1228 4370 ut
1277 4318 1442 4374 etiam
1497 4321 1552 4375 in
1603 4323 1724 4382 istis
1766 4326 1940 4382 ﬁdelis
1967 4338 2022 4384 et

440 4399 680 4467 prudens
735 4401 1083 4470 dispensator
1148 4405 1440 4476 inventus,
1495 4411 1689 4471 beatus
1733 4415 2016 4475 efﬁciatur.

443 4487 690 4543 Forsitan
737 4501 916 4546 autem
966 4503 1020 4548 et
1049 4507 1270 4566 propter
1305 4500 1710 4560 multitudinem
1745 4506 2016 4566 Christia-

441 4588 638 4628 norum
678 4576 772 4645 qui
819 4593 926 4632 non
957 4582 1090 4636 satis
1124 4583 1268 4638 circa
1297 4588 1710 4656 requisitionem
1738 4596 1887 4650 verbi
1919 4599 2016 4654 ha-

442 4663 658 4730 bentur,
687 4674 740 4722 et
764 4669 898 4724 tales
929 4681 1056 4726 sunt
1083 4673 1152 4728 ad
1182 4675 1545 4746 principatum
1580 4684 1865 4753 sublevati,
1901 4704 2020 4744 ma-

442 4757 523 4825 gis
557 4761 927 4814 necessarium
960 4762 1223 4822 habemus
1253 4768 1445 4825 audire
1478 4791 1490 4826 :
1536 4771 1667 4838 Quis
1713 4785 1790 4831 est
1842 4779 2017 4848 ﬁdelis

439 4865 614 4902 servus
638 4859 685 4903 et
701 4851 956 4920 prudens,
990 4870 1139 4923 quem
1164 4861 1434 4916 constituit
1467 4863 1710 4920 dominus
1739 4885 1894 4938 super
1927 4873 2016 4941 fa-

441 4941 644 4993 miliam
662 4956 842 5007 suam,
868 4953 924 4996 ut
947 4945 1029 4999 det
1055 4945 1160 5000 illis
1184 4947 1358 5002 cibum
1386 4952 1440 5006 in
1465 4963 1691 5024 tempore
1708 4958 1792 5011 7°?
1818 4957 1886 5014 Ut
1910 4977 2015 5016 non

441 5032 719 5088 eﬁ‘undant
752 5037 1126 5094 rationabilem
1160 5049 1214 5094 et
1241 5042 1537 5110 Spiritalem
1575 5047 1757 5103 cibum
1788 5065 2014 5107 conser-

444 5119 525 5172 vis
550 5122 966 5196 quibuscunque
995 5125 1014 5198 [
1038 5129 1557 5206 qualibuscunquc]
1593 5136 1930 5207 simpliciter,
1963 5151 2017 5197 et

445 5209 641 5276 quibus
658 5227 774 5268 non
807 5224 1036 5284 oportet,
1062 5219 1305 5274 volentes
1336 5235 1396 5275 se
1435 5225 1722 5281 ostendere
1744 5244 1864 5284 esse
1887 5247 2017 5299 pru-

444 5301 632 5356 dentes
654 5344 670 5370 ,
714 5316 767 5361 et
811 5310 984 5380 magis
1016 5311 1386 5366 necessarium
1435 5312 1763 5375 habentibus
1790 5322 2016 5378 verbum

516 5533 562 5616 ξξ
592 5532 756 5616 lgor.
784 5552 859 5600 Ix,
894 5538 1037 5616 l4.__
1059 5542 1104 5574 “
1138 5541 1282 5616 [sal
1310 5559 1380 5600 xi.
1402 5587 1418 5612 ,
1444 5545 1498 5600 2.
1576 5545 1624 5580 "°
1653 5545 1842 5603 Matth.
1874 5564 2023 5616 xxxv,
2052 5551 2140 5605 45.

442 5603 490 5635 τι
515 5602 704 5660 Matth.
738 5623 941 5678 xxvut,
976 5611 1062 5666 is.
1139 5614 1184 5644 τ·
1212 5602 1416 5670 Matth:
1438 5631 1586 5684 xm,
1613 5602 1735 5672 t7."
1755 5602 1825 5651 θέτο
1853 5602 1990 5676 mn;
2010 5602 2106 5676 iis.

2128 1951 2488 2021 prudentibus
2511 1951 2985 2019 dispensatoribus
3019 1953 3365 2021 praedicatur,
3391 1963 3445 2010 et
3471 1971 3595 2011 cum
3624 1959 3706 2013 eis

2126 2043 2328 2112 quibus
2372 2043 2484 2098 ait:
2515 2041 2646 2095 Esto
2692 2050 3002 2110 potestatem
3046 2045 3238 2096 habens
3281 2061 3438 2114 super
3483 2047 3709 2116 quinque

2127 2135 2365 2188 civitates
2391 2134 2458 2198 τ’,
2491 2141 2606 2199 aut,
2631 2143 2742 2187 esto
2766 2143 3082 2203 potestatem
3115 2133 3308 2188 habens
3342 2151 3500 2204 super
3532 2137 3708 2192 decem

2125 2225 2455 2278 civitates".
2491 2222 2628 2276 Nam
2666 2239 2830 2292 super
2865 2226 3048 2279 omnia
3093 2226 3237 2280 bona
3296 2226 3708 2295 patrisfamilias

2128 2317 2242 2370 fieri
2262 2355 2280 2382 ,
2310 2315 2442 2385 quid
2469 2315 2617 2369 aliud
2648 2315 2962 2371 manifestat
2994 2317 3104 2372 nisi
3138 2317 3381 2373 hmredes
3405 2316 3499 2371 Dei
3531 2327 3585 2372 et
3613 2333 3712 2372 co-

2127 2406 2370 2462 haeredes
2399 2405 2627 2466 Christi,
2663 2415 2715 2460 et
2743 2415 3142 2475 conregnantes
3167 2423 3290 2461 cum
3315 2406 3576 2462 Christo?
3602 2408 3705 2461 Cui

2126 2498 2311 2553 omnia
2363 2511 2457 2552 sua
2505 2496 2730 2550 tradidit
2763 2495 2944 2564 Pater,
2976 2497 3117 2553 sicut
3152 2498 3266 2567 ipse
3297 2499 3533 2552 dicit“:
3567 2499 3707 2553 Data

2125 2597 2202 2643 est
2247 2588 2373 2641 mihi
2423 2596 2653 2656 potestas
2679 2587 2732 2640 in
2758 2588 2884 2641 cmlo
2907 2597 2954 2641 et
2979 2588 3035 2640 in
3062 2579 3238 2651 terra;
3267 2597 3322 2643 ει
3348 2588 3710 2659 quemadmo-

2125 2680 2254 2734 dum
2308 2679 2438 2734 boni
2489 2679 2661 2747 patris
2695 2678 2873 2742 ﬁlius,
2924 2694 3084 2748 super
3112 2693 3330 2733 omnem
3366 2680 3537 2749 patris
3575 2680 3707 2734 sub-

2127 2770 2387 2826 stantiam
2417 2769 2778 2836 eonslitutus,
2811 2771 3096 2840 participat
3129 2770 3440 2839 hujusmodi
3465 2770 3707 2841 dignita-

2125 2873 2232 2918 tem
2255 2873 2310 2918 et
2337 2863 2563 2933 gloriam
2616 2862 2863 2918 ﬁdelibus
2892 2871 2946 2916 et
2966 2863 3326 2932 prudentibus
3356 2863 3703 2933 dispensato-

2124 2955 2278 3010 ribus
2307 2955 2443 3020 suis,
2480 2962 2541 3007 ut
2571 2954 2682 3008 sint
2714 2961 2767 3008 et
2797 2953 2897 3022 ipsi
2936 2969 3098 3023 super
3150 2969 3367 3009 omnem
3393 2963 3702 3008 creaturam

2125 3057 2180 3102 et
2208 3057 2528 3117 potestatem
2557 3087 2571 3113 ,
2608 3054 2671 3100 ut
2695 3046 2806 3100 sint
2837 3060 2962 3101 cum
2987 3043 3230 3100 Christo.
3278 3044 3346 3098 Et
3379 3045 3502 3100 vide
3534 3047 3704 3100 inter-

2126 3136 2483 3207 pretationem
2515 3137 2634 3207 ejus
2664 3136 2811 3206 quod
2836 3136 3007 3191 dicit:
3031 3137 3215 3203 Amen,
3246 3136 3366 3190 dico
3395 3136 3538 3190 robis
3567 3137 3705 3207 quod

2123 3244 2279 3298 super
2319 3228 2499 3282 omnia
2549 3226 2683 3281 bona
2735 3243 2834 3281 sua
2873 3228 3154 3280 constituet
3203 3228 3411 3282 eum".
3463 3226 3707 3298 lntellige

2125 3320 2260 3374 mihi
2302 3319 2460 3390 quasi
2507 3319 2562 3373 in
2598 3318 2905 3387 exemplum
2941 3318 3215 3388 accipiens
3250 3318 3486 3388 aliquem
3521 3335 3705 3389 regem
3795 3327 3812 3338 ‘

2124 3426 2287 3467 omne
2331 3427 2559 3482 regnum
2606 3410 2708 3465 sub
2757 3425 2816 3464 se
2865 3409 3192 3476 habentem,
3247 3427 3373 3466 cum
3420 3427 3530 3481 quo
3579 3415 3711 3466 sunt

2124 3509 2314 3572 gentes
2351 3502 2569 3566 multae,
2607 3508 2660 3554 et
2693 3499 2942 3554 civitates
2979 3508 3034 3555 et
3083 3501 3204 3556 loca
3239 3501 3476 3556 diversa.
3515 3500 3707 3572 Itaque

2121 3591 2328 3646 dividat
2365 3591 2482 3660 ipse
2509 3593 2743 3660 satrapis
2772 3599 2826 3645 et
2851 3591 3064 3645 caeteris
3108 3591 3448 3661 principibus
3475 3593 3566 3660 qui
3602 3593 3713 3646 ali-

2121 3679 2254 3748 quid
2299 3681 2555 3749 przcclare
2590 3689 2914 3749 gesserunt,
2948 3681 3340 3751 plenitudinem
3377 3682 3529 3752 regni
3576 3683 3662 3736 s'ui
3696 3687 3707 3722 ί

2121 3784 2313 3825 omnes
2365 3770 2585 3839 quidem
2662 3772 2960 3826 constituet
3025 3787 3189 3842 super
3250 3787 3411 3827 omne
3472 3788 3702 3844 regnum

2121 3875 2323 3927 suum,
2391 3875 2501 3914 non
2549 3869 2731 3915 autem
2802 3861 3049 3931 singulos
3102 3877 3264 3932 super
3313 3862 3542 3929 omnia,
3602 3865 3699 3919 sed

2121 3965 2566 4021 unumquemque
2595 3967 2785 4007 eorum
2821 3968 2985 4022 super
3013 3954 3253 4023 aliquam
3298 3964 3506 4023 partem
3545 3955 3700 4025 regni

2120 4042 2244 4107 sui;
2293 4051 2517 4112 utputa,
2561 4043 2707 4098 hunc
2739 4043 2958 4113 quidem
2992 4059 3156 4114 super
3200 4045 3386 4100 decem
3420 4045 3698 4111 civitates,

2121 4133 2294 4188 alium
2338 4149 2503 4204 super
2542 4135 2804 4205 quinque.
2856 4133 2923 4189 Et
2969 4135 3050 4190 sic
3095 4151 3288 4191 omnes
3333 4146 3494 4190 erunt
3539 4152 3703 4206 super

2119 4228 2306 4283 omnia
2348 4228 2523 4293 bona,
2583 4228 2697 4298 ipse
2727 4237 2909 4282 autem
2942 4226 3090 4282 solus
3120 4235 3302 4282 teneat
3329 4227 3511 4281 omnia
3542 4227 3700 4297 quasi

2121 4318 2272 4374 solus
2319 4318 2564 4372 omnium
2611 4332 2729 4372 rex.
2788 4315 2853 4371 Et
2897 4317 3002 4371 tale
3029 4326 3114 4372 est
3146 4317 3291 4386 quod
3324 4318 3494 4372 dicit:
3530 4316 3702 4387 Super

2122 4408 2304 4462 omnia
2341 4409 2477 4461 bona
2513 4423 2612 4461 sua
2645 4407 2930 4460 constituet
2961 4419 3099 4460 eunt.
3134 4405 3290 4460 Sicut
3324 4415 3504 4460 autem
3541 4407 3700 4462 audi-

2122 4499 2303 4554 vimus
2353 4499 2421 4554 de
2471 4497 2808 4553 beatitudine
2873 4497 3052 4552 danda
3104 4498 3278 4552 servis
3348 4497 3596 4552 ﬁdelibus
3649 4507 3704 4554 rt

2119 4590 2514 4663 prudentibus,
2544 4590 2624 4646 sic
2655 4590 2946 4646 audiamus
2993 4599 3047 4644 et
3090 4589 3157 4643 de
3204 4590 3491 4645 tormentis
3535 4590 3707 4646 malo-

2119 4697 2244 4737 rum
2289 4696 2594 4736 servorum.
2639 4679 2784 4735 Dicit
2823 4683 2972 4734 eltim
3024 4679 3203 4733 malus
3231 4694 3420 4734 servus
3450 4679 3504 4733 in
3539 4681 3704 4736 corde

2119 4789 2220 4830 suo
2242 4814 2258 4840 ,
2290 4782 2612 4844 praesentem
2636 4773 2971 4842 voluptatem
3013 4784 3334 4840 praeponens
3366 4770 3524 4824 bouis
3552 4770 3703 4826 futu-

2117 4866 2230 4932 ris,
2259 4875 2314 4920 et
2344 4875 2702 4921 contemnens
2733 4865 3018 4920 dominum
3052 4877 3211 4917 suum
3238 4900 3252 4924 ,
3286 4859 3419 4914 dicit
3445 4875 3458 4911 :
3488 4860 3700 4914 Moram

2123 4957 2253 5027 facit
2290 4957 2537 5012 dominus
2588 4973 2732 5011 meus
2765 4957 2938 5011 venire
2954 4954 3022 5006 ⁷⁸.
3061 4952 3328 5007 Mentiens
3362 4959 3543 5006 autem
3595 4952 3702 5009 hoc

2120 5047 2277 5114 dicit,
2308 5047 2498 5104 volens
2530 5047 2863 5102 manducare
2891 5053 2946 5098 et
2970 5043 3156 5098 bibere
3188 5057 3312 5096 eum
3347 5042 3616 5110 ebriosis;
3646 5051 3704 5100 et

2122 5155 2337 5209 semper
2364 5139 2635 5203 somniat,
2672 5139 2801 5207 quia
2851 5143 2974 5206 post
3003 5135 3234 5188 multum
3281 5135 3540 5204 temporis
3568 5149 3702 5189 ven-

2123 5241 2278 5286 turus
2308 5243 2390 5289 est
2413 5233 2669 5288 dominus
2690 5229 2846 5298 ejus;
2877 5237 2931 5282 et
2956 5227 3114 5297 quasi
3142 5225 3364 5280 domino
3399 5238 3586 5279 moras
3611 5223 3698 5278 fa-

2123 5325 2324 5391 ciente,
2360 5322 2596 5394 percutit
2623 5334 2924 5378 conservos
2953 5315 3294 5385 sufferentes,
3336 5325 3390 5372 et
3434 5315 3490 5370 in
3521 5315 3696 5370 servi-

2241 5553 2284 5585 ⁷¹
2319 5551 2450 5608 ibid.
2479 5550 2580 5617 46,
2604 5552 2693 5609 47.
2792 5553 2837 5584 ⁷³
2865 5551 2998 5610 Luc.
3029 5569 3143 5623 xtx,
3170 5551 3254 5609 l9.
3354 5551 3401 5589 ⁷³
3434 5549 3569 5607 ibid.
3605 5547 3698 5611 17.

517 5783 628 5858 (84)
669 5785 843 5846 Verba
867 5798 917 5844 et
944 5791 1019 5847 eis
1050 5794 1138 5864 qui
1163 5795 1306 5852 vel...
1349 5799 1618 5868 acquirere
1645 5815 1790 5858 escas
1831 5801 2023 5884 desunt
2063 5801 2117 5884 in
2148 5817 2282 5861 mss.
2317 5813 2370 5860 et
2394 5801 2622 5862 delenda
2648 5803 2922 5863 videntur.
