4112 6464
453 375 586 431 1699

1613 370 1772 426 ORIG
1782 369 1935 424 ENIS
1966 367 2032 422 LV'
2067 369 2481 430 MATTILEUM

3565 377 3699 432 1700

451 500 620 545 tutem
669 490 864 561 redigit
894 505 986 545 eos
1013 500 1066 545 ct
1097 490 1149 543 in
1179 489 1370 542 faciem
1399 501 1494 542 eos
1520 487 1694 541 caedit.
1730 486 1797 540 Et
1825 503 2021 556 percu-
2051 493 2099 550 Α
2126 491 2220 556 qui
2269 503 2363 557 per
2409 503 2564 542 suam
2614 486 2921 542 doctrinam
2971 497 3314 544 recesserunt
3366 490 3586 558 quidem
3631 493 3698 547 ab

446 582 589 636 tiens
637 583 928 636 manducat
970 592 1024 634 et
1069 579 1202 633 bibit
1246 592 1369 632 cum
1424 575 1686 642 ehriosis,
1734 576 2022 644 occasione

446 675 694 744 obsequii
729 672 1108 737 ecclesiastici;
1153 678 1207 724 ct
1253 685 1362 725 non
1404 668 1708 724 esurientes
1755 668 2018 736 suscipit,

447 765 546 820 sed
596 766 845 833 epulatur
895 779 1018 817 cum
1070 761 1304 817 ebriosis
1367 767 1422 814 et
1471 759 1658 814 multis
1703 759 2021 828 huiusmodi

445 857 648 927 quibus
695 855 1064 909 ecclesiastica
1116 869 1248 908 cura
1293 852 1588 906 commissa
1640 860 1756 917 est;
1819 852 2020 922 quibus

448 949 625 1002 veniet
671 946 934 1001 Dominus
987 945 1194 1002 faciens
1253 944 1780 1002 consummationem
1828 959 2018 998 eorum

447 1040 500 1092 in
532 1039 618 1092 die
650 1053 757 1107 qua
794 1037 1062 1102 nesciunt,
1097 1047 1150 1091 et
1172 1038 1304 1091 hora
1332 1052 1439 1106 qua
1475 1051 1580 1090 non
1610 1044 1824 1105 putant,
1855 1045 1910 1089 ct
1937 1036 2014 1088 di-

445 1131 588 1185 videt
615 1145 708 1184 cos
736 1130 829 1200 qui
878 1146 989 1184 non
1039 1131 1340 1185 timuerunt
1385 1144 1509 1183 eum
1555 1129 1649 1199 qui
1699 1137 1892 1198 potens
1937 1135 2021 1184 est

443 1222 680 1275 animam
719 1232 771 1275 et
819 1236 1021 1290 corpus
1065 1222 1290 1290 perdere
1339 1219 1392 1274 in
1445 1219 1770 1291 gehennam.
1823 1219 2020 1274 Dividit

442 1326 622 1369 autem
657 1331 781 1370 eum
805 1355 819 1380 ,
851 1315 1071 1384 quando
1103 1315 1324 1383 spiritus
1365 1313 1582 1383 quidem
1628 1313 1748 1382 ejus
1790 1313 2017 1368 reverti-

443 1416 531 1460 tur
576 1407 640 1460 ad
693 1406 860 1460 Deum
915 1406 1008 1475 qui
1057 1405 1202 1459 dedit
1229 1420 1351 1458 eum
1380 1446 1394 1470 ,
1451 1404 1629 1457 anima
1665 1415 1844 1458 autem
1891 1419 2016 1458 cum

441 1513 671 1566 corpore
700 1513 800 1551 suo
830 1498 977 1550 vadit
1005 1497 1057 1549 in
1098 1497 1420 1566 gehennam.
1461 1494 1652 1549 Justus
1687 1503 1867 1548 autem
1908 1511 2014 1550 non

442 1589 718 1653 dividitur,
739 1587 831 1640 sed
858 1587 1036 1639 anima
1066 1585 1185 1653 ejus
1209 1585 1354 1637 vadit
1379 1599 1504 1637 cum
1531 1583 1726 1653 spiritu
1753 1584 2018 1654 ad-regna

443 1679 704 1731 coelestia.
737 1676 962 1745 Pr0ptcr
1002 1677 1144 1746 quod
1179 1675 1442 1744 scriptum
1473 1676 1615 1730 est"
1647 1693 1662 1729 :
1693 1675 2014 1742 Benedicite,

440 1770 660 1837 spiritus
681 1778 731 1821 et
755 1769 949 1821 anima:
968 1767 1239 1836 justorum
1260 1808 1276 1834 ,
1319 1767 1565 1820 Domino.
1603 1766 1802 1821 Eorum
1833 1777 2013 1823 autem

438 1859 532 1929 qui
585 1860 898 1912 dividuntur
940 1867 994 1912 et
1044 1858 1322 1926 deponunt
1355 1859 1606 1928 spiritum
1659 1868 2014 1916 revertentem

439 1953 504 2005 ad
554 1967 678 2005 eum
707 1952 799 2021 qui
831 1951 1056 2005 dederat
1084 1967 1207 2006 eum
1231 1989 1247 2016 ,
1296 1958 1351 2007 et
1387 1968 1494 2006 non
1527 1954 1730 2008 habent
1775 1963 2017 2023 postmo—

437 2044 565 2098 dum
607 2045 660 2096 in
692 2059 751 2098 se
774 2053 981 2114 partem
1017 2043 1255 2112 aliquam
1291 2059 1413 2114 quae
1445 2055 1561 2100 erat
1589 2061 1655 2100 ex
1687 2045 1818 2110 Deo,
1852 2046 2016 2102 relin-

436 2137 620 2202 quitur
668 2137 748 2190 eis
794 2150 920 2204 pars
949 2150 1139 2189 eorum
1173 2151 1297 2206 qua:
1332 2145 1451 2191 erat
1500 2139 1748 2208 ipsorum
1773 2179 1788 2205 ,
1838 2140 1891 2194 id
1930 2150 2015 2195 est

436 2226 640 2289 anima,
695 2241 816 2295 quae
846 2241 968 2280 cum
1005 2241 1233 2296 corpore
1274 2243 1374 2282 suo
1403 2230 1656 2300 punietur
1703 2246 1734 2286 a
1785 2232 2015 2288 Domino

437 2317 707 2381 veniente,
733 2333 856 2370 cum
885 2317 1197 2373 inﬁdelibus
1220 2325 1275 2372 et
1305 2317 1601 2390 hypocritis
1626 2321 1679 2375 in
1708 2323 2010 2378 tormentis.

437 2406 571 2462 Vide
621 2422 750 2478 ergo
802 2407 1160 2462 differentiam
1217 2425 1500 2466 servorum
1557 2427 1700 2482 quos
1748 2411 2015 2470 Dominus

433 2503 720 2557 constituit
762 2517 926 2571 super
969 2503 1190 2557 domutn
1238 2519 1432 2570 suam,
1482 2505 1746 2575 quoniam
1789 2507 2010 2578 quidam

433 2595 651 2664 quidem
677 2593 834 2663 quasi
869 2593 1054 2649 fideles
1081 2602 1136 2649 et
1166 2596 1462 2664 prudentes
1484 2596 1896 2666 dispensatores
1918 2600 2012 2670 qui

433 2687 700 2740 dederunt
736 2687 1020 2741 conservis
1049 2687 1230 2741 cibum
1269 2689 1321 2741 in
1355 2697 1614 2758 tempore,
1644 2705 1807 2761 super
1829 2693 2012 2747 omnia

432 2775 574 2828 bona
613 2774 1028 2843 patrisfamilias
1066 2777 1512 2845 constituuntur;
1543 2779 1637 2849 qui
1669 2787 1850 2836 autem
1878 2797 2014 2836 cuna

431 2867 598 2920 traria
625 2867 706 2920 eis
736 2876 985 2937 egerunt,
1015 2880 1170 2922 extra
1205 2870 1351 2939 quod
1378 2871 1696 2926 ceciderunt
1743 2872 1810 2927 de
1835 2873 2011 2943 gloria

429 2966 580 3013 tanta
607 3001 622 3026 ,
653 2960 832 3016 adhuc
857 2961 1186 3028 dividentur,
1219 2969 1273 3016 et
1304 2979 1429 3034 pars
1461 2979 1652 3020 eorum
1687 2980 1811 3021 cum
1839 2967 2012 3038 hypo-

430 3052 583 3107 critis
621 3061 675 3106 ct
709 3051 1022 3108 infidelibus
1065 3062 1319 3123 ponetur.
1369 3053 1446 3110 lbi
1475 3056 1580 3112 erit
1611 3055 1770 3113 ﬂetus
1801 3057 1880 3113 eis
1915 3058 2009 3128 qui

2125 579 2392 633 idolorum
2422 579 2656 645 cultura,
2685 578 2767 632 vel
2799 578 3007 632 cultura
3037 578 3428 634 elementorum
3463 583 3698 636 creatio—

2124 671 2209 724 nis
2236 669 2368 724 Dei:
2393 677 2745 724 accesserunt
2767 677 2947 722 autem
2976 684 3072 738 per
3097 667 3282 724 Jesum
3305 670 3586 724 Christum
3631 671 3697 725 ad

2124 760 2217 816 Dei
2243 761 2511 816 culturam
2545 761 2796 831 quamvis
2825 777 2932 816 non
2961 760 3162 816 fuerint
3207 761 3498 816 subsecuta
3535 777 3698 830 opera

2121 853 2372 924 pietatis,
2406 869 2582 922 neque
2611 854 2679 908 ad
2730 851 3118 907 beatitudinem
3153 851 3575 922 prazparaverint
3609 867 3698 906 se-

2123 946 2406 1015 metipsos.
2455 943 2610 1000 Sicut
2636 956 2817 1001 autem
2864 944 3164 999 secundum
3199 944 3422 997 verbum
3454 943 3700 998 veritatis

2122 1049 2426 1108 sequuntur
2485 1038 2696 1107 seipsas
2749 1039 3071 1092 alterutrum
3123 1037 3351 1090 virtutes
3402 1051 3524 1105 quae.
3571 1045 3699 1090 sunt

2123 1131 2426 1184 substantia
2474 1130 2750 1194 Christus,
2809 1131 2884 1184 ita
2934 1140 2993 1184 ut
3043 1129 3134 1198 qui
3194 1143 3356 1182 unam
3413 1128 3694 1193 habuerit,

2121 1235 2312 1275 omnes
2356 1221 2587 1286 habeat;
2619 1230 2674 1276 et
2709 1220 2801 1290 qui
2835 1234 3001 1274 unam
3046 1219 3230 1272 minus
3276 1217 3563 1282 habuerit,
3597 1233 3698 1271 nec

2122 1330 2285 1369 unam
2317 1314 2547 1380 habeat;
2580 1313 2834 1368 Christus
2863 1312 3008 1366 enim
3041 1327 3070 1365 a
3109 1312 3289 1381 seipse
3321 1311 3696 1366 irrecessibilis

2119 1416 2233 1470 est;
2269 1406 2350 1461 sic
2374 1416 2426 1460 et
2451 1421 2648 1460 sensus
2677 1419 2868 1459 omnes
2904 1404 3218 1458 alterutrum
3267 1416 3326 1456 se
3348 1403 3692 1470 subsequun-

2120 1508 2247 1555 tur:
2277 1509 2330 1554 et
2363 1499 2674 1568 ubicunque
2715 1501 2900 1554 minus
2947 1497 3110 1552 fuerit
3150 1512 3292 1552 unus
3336 1497 3403 1550 de
3442 1496 3695 1550 sensibus

2122 1591 2425 1645 secundum
2469 1601 2670 1644 rectam
2707 1589 2871 1644 Verbi
2906 1589 3212 1643 doctrinam
3239 1629 3254 1653 ,
3295 1588 3365 1642 ibi
3392 1587 3615 1642 omnino
3641 1597 3695 1641 et

2121 1695 2311 1737 omnes
2343 1696 2538 1736 sensus
2567 1681 2724 1751 quasi
2771 1681 3002 1753 fraudati
3033 1695 3064 1736 a
3090 1681 3258 1734 verbo
3298 1680 3578 1749 sapientiae
3607 1679 3692 1732 in-

2123 1768 2423 1824 fatuantur.
2483 1769 2692 1826 Sensus
2732 1781 2911 1825 autem
2948 1771 3071 1825 dico
3103 1779 3157 1824 et
3186 1785 3280 1825 eos
3324 1771 3417 1839 qui
3449 1785 3689 1824 commn-

2120 1861 2265 1914 uiter
2291 1860 2688 1932 intelliguntur,
2719 1862 2857 1916 visio
2876 1901 2891 1926 ,
2929 1861 3136 1917 auditio
3161 1901 3174 1926 ,
3201 1861 3450 1916 odoratio
3470 1899 3484 1924 ,
3511 1871 3696 1928 gusta-

2120 1951 2220 2016 tio,
2254 1952 2515 2020 palpatio,
2559 1961 2614 2006 et
2657 1967 2750 2007 eos
2780 1951 2874 2021 qui
2917 1952 2970 2006 in
3002 1950 3312 2006 Proverbiis
3353 1951 3694 2020 appellantur

2118 2043 2313 2112 divini,
2347 2044 2453 2100 hoc
2477 2045 2640 2100 modo
2664 2045 2968 2099 dicentibus
2995 2059 3009 2094 :
3043 2041 3265 2096 Sensum
3288 2043 3526 2096 diuinum
3551 2043 3692 2095 inve-

2118 2136 2312 2190 nies”.
2357 2135 2557 2190 lterum
2587 2144 2766 2190 autem
2809 2135 3070 2205 quoniam
3123 2137 3344 2191 verbum
3388 2133 3481 2188 Dei
3525 2149 3693 2189 causa

2115 2237 2202 2284 est
2230 2237 2290 2282 ut
2333 2237 2514 2283 rectus
2557 2227 2650 2280 fiat
2679 2242 2940 2282 sensuum
2975 2243 3128 2292 usus,
3173 2237 3228 2281 et
3258 2242 3366 2281 non
3399 2233 3484 2280 est
3516 2224 3693 2294 possi-

2114 2321 2224 2377 bile
2249 2335 2411 2387 eum,
2444 2335 2568 2374 cum
2614 2320 2685 2374 sit
2735 2320 2789 2374 in
2832 2321 3085 2374 sensibus
3111 2357 3126 2382 ,
3175 2329 3236 2372 ut
3280 2320 3334 2373 in
3365 2319 3689 2388 quihusdam

2111 2412 2332 2484 quidem
2361 2412 2616 2467 sensibus
2641 2421 2917 2482 aperetur,
2942 2421 2997 2466 et
3018 2411 3302 2481 diligenter
3334 2410 3538 2463 tribuat
3569 2422 3689 2477 qua:

2114 2506 2417 2576 prudentia
2447 2522 2562 2562 sua:
2586 2515 2748 2569 sunt,
2791 2504 2845 2558 in
2877 2505 3001 2559 aliis
3047 2513 3229 2558 autem
3263 2503 3531 2572 negligat;
3567 2500 3688 2554 ideo

2113 2601 2158 2654 si
2211 2616 2382 2656 unum
2416 2601 2484 2656 de
2529 2599 2782 2656 sensibus
2831 2596 3024 2653 fecerit
3073 2597 3370 2668 sapientem
3395 2636 3409 2662 ,
3448 2604 3508 2648 ut
3540 2595 3690 2663 virgo

2112 2693 2509 2756 constituatur,
2561 2705 2786 2747 necesse
2826 2698 2910 2745 est
2946 2698 3006 2743 ut
3045 2690 3099 2744 in
3141 2689 3264 2744 aliis
3300 2688 3552 2743 sensibus
3597 2701 3689 2739 sa—

2111 2784 2375 2854 pientiam
2409 2799 2566 2840 suam
2608 2783 2871 2839 effundat.
2915 2782 3210 2852 Propterea
3253 2797 3362 2837 non
3391 2788 3476 2836 est
3505 2781 3689 2834 videre

2111 2876 2179 2930 de
2222 2877 2467 2947 quinque
2511 2876 2768 2931 sensibus
2810 2875 2863 2930 in
2904 2875 3124 2944 aliquo,
3157 2874 3424 2945 quosdam
3471 2872 3686 2942 quidem

2113 2968 2317 3034 fatuos,
2343 2970 2612 3039 quosdam
2641 2977 2822 3023 autem
2851 2969 3178 3038 prudentes;
3225 2966 3319 3022 sed
3356 2979 3581 3021 necesse
3605 2974 3688 3018 est

2115 3070 2172 3114 ut
2217 3069 2312 3114 aut
2353 3077 2544 3117 omnes
2587 3059 2832 3130 quinque
2881 3061 2992 3114 sint
3025 3060 3339 3130 prudentes,
3375 3067 3468 3112 aut
3499 3071 3688 3110 omnes

432 3142 572 3196 male
599 3142 653 3195 in
691 3143 794 3197 hoc
825 3144 1030 3199 mundo
1069 3145 1311 3201 ridentes
1343 3145 1584 3214 fuerunt,
1619 3148 1831 3204 dicente
1863 3147 2010 3204 Scri-
2037 3165 2079 3224 (ε
2113 3150 2272 3206 fatui.
2303 3151 2506 3208 Omnes
2543 3153 2631 3207 isti
2685 3167 2878 3208 sensus
2912 3151 3190 3220 lampades
3229 3166 3358 3204 suas
3393 3149 3686 3217 accipiunt,

429 3233 647 3300 ptnra"
687 3252 701 3287 :
760 3233 851 3288 Vte
890 3237 980 3305 qui
1027 3253 1164 3290 nunc
1197 3237 1421 3304 ridetis,
1455 3241 1706 3312 quoniam
1736 3243 1932 3311 ﬂebitis
1960 3252 2010 3296 et

426 3326 707 3398 plangetis.
749 3328 1155 3398 Conscquenter
1190 3340 1371 3385 autem
1407 3341 1624 3402 pr0pter
1674 3336 1918 3405 requiem
1956 3346 2010 3390 et

429 3418 816 3474 resolutionem
841 3433 948 3489 qua
977 3421 1367 3491 requieverunt
1397 3431 1451 3477 et
1479 3423 1708 3478 resoluti
1739 3435 1891 3490 sunt,
1923 3442 2010 3481 ra-

429 3509 762 3565 tionabiliter
792 3511 896 3565 erit
927 3511 1007 3566 eis
1035 3514 1278 3567 dentium
1311 3513 1539 3568 stridor.
1571 3514 1729 3580 Quod
1759 3516 1862 3571 hoc
1893 3516 2008 3571 for-

427 3604 569 3658 sitan
626 3604 918 3674 significat,
961 3606 1222 3674 quoniam
1251 3606 1342 3675 qui
1378 3606 1679 3675 puniuntur
1707 3609 2011 3676 cogitantes

428 3695 544 3750 fore
573 3697 731 3750 linem
760 3695 997 3762 doloris,
1031 3707 1085 3751 et
1133 3706 1356 3766 propter
1383 3696 1488 3752 hoc
1507 3697 1752 3754 volentes
1779 3699 2010 3754 viriliter

426 3804 523 3844 eos
573 3789 836 3854 sufferre,
891 3789 1161 3860 compulsi
1209 3789 1494 3844 tormentis
1534 3788 2007 3856 insufferibilibus,

426 3879 680 3933 dentibus
727 3878 965 3932 stridunt
1010 3895 1024 3933 :
1073 3877 1182 3932 illis
1211 3877 1463 3932 videlicet
1505 3879 1760 3937 dentibus
1807 3881 2010 3952 quibus

429 3969 898 4022 manducaverunt
934 3966 1284 4022 acerbitatem
1320 3967 1577 4037 malitiae,
1623 3977 1681 4026 et
1722 3983 2010 4043 propterea

425 4060 708 4130 patiuntur
739 4059 982 4114 dentium
1020 4059 1243 4129 dignum
1277 4060 1590 4118 stridorem.

489 4153 577 4205 65.
599 4152 784 4206 Simile
799 4161 874 4206 est
891 4167 1103 4222 regnum
1120 4151 1369 4205 caelorum
1383 4154 1557 4209 decem
1575 4155 2007 4228 virginibus,qua:

427 4246 739 4311 accipientes
765 4243 1036 4310 lampades
1069 4259 1194 4296 suas
1214 4281 1230 4309 ,
1255 4245 1495 4298 exierunt
1518 4248 1723 4302 obviam
1744 4264 1933 4318 sponso
1955 4258 2005 4303 et

423 4353 646 4406 sponsae.
671 4336 914 4404 Quinque
946 4345 1124 4388 autem
1161 4349 1226 4388 ea:
1246 4336 1323 4390 eis
1350 4348 1500 4391 erant
1524 4339 1689 4408 future
1709 4351 1758 4396 et
1779 4341 2006 4413 quinque

422 4432 724 4500 prudentes,
762 4438 816 4482 et
850 4429 1062 4499 reliqua
1079 4429 1148 4483 ⁷⁸.
1175 4430 1235 4483 1η
1275 4428 1533 4486 omnibus
1564 4432 1658 4500 qui
1695 4433 2004 4492 didicerunt

2115 3244 2167 3298 id
2195 3256 2281 3299 est
2309 3259 2515 3314 organa
2548 3259 2646 3299 sua
2673 3243 2962 3309 naturalia,
2993 3241 3106 3297 sive
3139 3241 3439 3296 secundum
3464 3239 3687 3293 verbum

2112 3337 2208 3394 Dei
2261 3341 2341 3393 ttti
2387 3338 2630 3394 volentes
2651 3376 2666 3402 ,
2703 3337 2818 3392 sive
2851 3344 3041 3391 contra
3075 3335 3403 3389 voluntatem
3436 3331 3562 3397 Dei,
3603 3340 3687 3384 ta-

2112 3445 2234 3486 men
2267 3430 2541 3499 accipiunt
2569 3443 2684 3491 eas,
2718 3429 2939 3498 quando
2965 3427 3233 3494 recipiunt
3269 3440 3531 3494 sponsum
3567 3439 3686 3477 esse

2111 3518 2370 3574 Ecclesia:
2395 3515 2633 3572 Verbum
2663 3516 2793 3583 Dei,
2820 3524 2873 3570 et
2900 3515 3100 3568 Filium
3153 3513 3282 3579 Dei;
3315 3524 3368 3567 et
3399 3513 3684 3583 egrediun-

2113 3619 2201 3664 tur
2232 3609 2300 3663 de
2336 3612 2542 3663 mundo
2573 3617 2628 3663 et
2663 3609 2733 3664 de
2766 3608 3049 3664 erroribus
3083 3607 3310 3661 deorum
3349 3607 3686 3670 multorum,

2109 3710 2164 3757 et
2186 3701 2414 3756 veniunt
2441 3700 2493 3753 in
2521 3701 2735 3755 obviam
2771 3699 3064 3762 Salvatori,
3098 3699 3188 3768 qui
3221 3713 3436 3766 semper
3463 3706 3685 3766 paratus

2109 3799 2194 3847 est
2227 3793 2411 3846 venire
2455 3793 2521 3846 ad
2562 3794 2800 3864 virgines
2827 3806 2951 3855 eas,
3011 3799 3070 3844 nt
3120 3790 3284 3843 simul
3317 3789 3685 3858 ingrediantur

2110 3898 2236 3937 cum
2271 3882 2450 3953 dignis
2481 3896 2671 3937 eorum
2708 3882 2776 3937 ad
2809 3881 3021 3936 beatam
3072 3895 3329 3949 sponsam
3361 3877 3684 3933 Ecclesiam.

2111 3973 2216 4030 Sed
2261 3975 2498 4044 quandiu
2535 3975 2754 4044 quidem
2803 3981 2926 4043 post
2951 3973 3177 4029 verbum
3220 3977 3497 4040 receptum
3543 3972 3682 4026 lucet

2109 4064 2292 4119 lumen
2325 4064 2560 4118 fidelium
2585 4078 2767 4118 coram
2799 4063 3134 4128 hominibus,
3161 4069 3219 4114 ut
3248 4062 3492 4116 videntes
3520 4076 3683 4130 opera

2113 4172 2306 4214 eorum
2335 4157 2499 4224 bona,
2548 4155 2852 4227 glorificent
2875 4155 3090 4208 Patrem
3113 4169 3302 4208 eorum
3336 4154 3428 4224 qui
3453 4154 3504 4208 in
3534 4153 3686 4208 caelis

2111 4250 2279 4316 est“,
2308 4249 2392 4304 hae
2423 4258 2478 4304 et
2525 4247 2821 4318 prudentes
2851 4255 3014 4310 sunt,
3051 4255 3104 4300 et
3146 4246 3474 4315 accipientes
3507 4247 3686 4301 oleum

2107 4343 2504 4399 nutrimentum
2535 4338 2775 4394 hominis
2817 4337 2901 4391 sui
2936 4336 3082 4406 quod
3129 4352 3345 4406 semper
3379 4334 3685 4392 infunditur

2108 4435 2320 4490 actibus
2355 4433 2536 4496 bonis,
2569 4431 2621 4486 id
2652 4439 2736 4486 est
2757 4429 2982 4483 verbum
3016 4428 3299 4494 doctrinae,
3327 4438 3380 4484 et
3408 4443 3537 4484 vasa
3563 4430 3684 4483 ani-

419 4523 648 4577 verhum
669 4519 954 4590 Dei,881
981 4537 1206 4590 regnum
1227 4523 2006 4599 caelorumassimilaturvirgi-
2037 4509 2080 4565 Β
2111 4542 2324 4583 marum
2375 4539 2598 4580 suarum
2633 4523 2700 4577 ab
2728 4522 2830 4576 hoc
2862 4521 3031 4576 verbo
3081 4520 3368 4591 implentes
3394 4539 3422 4575 a
3451 4523 3684 4577 doctori-

424 4613 586 4666 nihus
615 4612 820 4666 decem.
867 4613 931 4666 Et
962 4613 1006 4667 si
1034 4614 1254 4682 quidem
1289 4615 1343 4669 in
1373 4615 1455 4670 eis
1484 4625 1613 4671 sunt
1639 4617 1732 4686 qui
1770 4627 1916 4675 recte
1949 4630 2004 4676 ct

420 4700 653 4756 eredunt
673 4709 726 4754 et
753 4703 960 4766 vivunt,
979 4712 1028 4757 et
1053 4703 1174 4758 ideo
1191 4703 1340 4772 juste
1361 4705 1740 4761 assimilantur
1762 4711 2004 4780 quinque

425 4790 816 4860 prudentibus;
857 4793 948 4862 qui
969 4803 1148 4847 autem
1167 4794 1491 4862 profitentur
1506 4797 1723 4866 quidem
1749 4797 1909 4854 fidem
1944 4799 2001 4854 in

421 4881 550 4938 Jesu
573 4925 588 4950 ,
641 4900 747 4938 non
791 4894 972 4939 autem
1015 4895 1326 4955 praeparant
1357 4903 1418 4942 se
1457 4889 1617 4946 bonis
1647 4892 1904 4960 operibus
1937 4893 2006 4947 ad

424 4977 652 5030 salutem
675 5018 693 5045 ,
754 4979 982 5047 reliquis
1011 4980 1254 5050 quinque
1287 4982 1662 5037 assimilantur
1705 4985 2006 5055 virginibus

426 5066 626 5132 fatuis;
655 5085 760 5122 non
795 5071 1241 5126 irrationabiliter
1273 5073 1510 5129 dicimus
1539 5090 1735 5130 sensus
1757 5077 2003 5130 omnium

421 5161 512 5229 qui
546 5160 851 5217 didicerunt
878 5163 1080 5230 divina,
1108 5167 1602 5236 quomodocunque
1640 5168 1866 5222 verbum
1897 5167 2006 5221 Do-

424 5251 556 5304 mini
589 5263 928 5323 receperunt,
954 5257 1068 5310 sive
1097 5259 1409 5320 occasione,
1440 5259 1555 5312 sive
1579 5261 1830 5324 veritate,
1855 5259 2000 5329 quod

421 5344 661 5411 virgines
713 5355 841 5400 sunt
897 5347 1270 5417 virginificatze
1325 5363 1420 5418 per
1465 5351 1690 5404 verbum
1743 5351 1840 5406 Dei
1912 5352 1998 5405 cui

419 5433 769 5488 crediderunt
796 5448 887 5492 aut
913 5438 1136 5492 credere
1166 5437 1377 5494 volunt.
1410 5437 1541 5492 Tale
1576 5448 1660 5494 est
1703 5441 1847 5493 enim
1875 5455 2000 5494 ver-

419 5523 546 5576 bum
579 5523 696 5589 Dei,
728 5538 787 5580 ut
814 5527 880 5581 de
910 5543 1011 5582 sua
1044 5529 1315 5584 munditia
1340 5531 1715 5586 accommodet
1741 5531 1999 5586 omnibus

486 5789 530 5820 ⁷⁷
562 5788 696 5843 Dan.
726 5807 809 5857 tn,
845 5793 934 5848 86.
1012 5796 1056 5828 ⁷⁸
1093 5795 1225 5853 Luc.
1257 5815 1332 5864 vt,
1363 5798 1452 5853 25.

1531 5800 1577 5830 ⁷³
1608 5798 1800 5854 Matth.
1833 5813 1960 5868 xxv,
1991 5797 2042 5866 l,
2072 5796 2126 5850 2.
2195 5796 2242 5827 ⁸ο
2258 5794 2419 5852 Prov.
2457 5813 2518 5862 tt,
2554 5797 2604 5852 5.

2110 4620 2214 4676 bus
2237 4627 2291 4674 et
2321 4615 2678 4672 traditorihus
2710 4613 2803 4684 qui
2836 4612 2968 4668 illud
2999 4615 3336 4680 venundant,
3374 4614 3519 4684 quod
3551 4615 3685 4669 satis

2111 4712 2183 4766 sit
2217 4710 2298 4764 eis
2324 4750 2338 4776 ,
2387 4707 2550 4761 ctiam
2599 4705 2848 4760 tardante
2879 4705 3029 4758 exitu
3070 4712 3125 4759 et
3160 4714 3469 4758 remorante
3510 4702 3684 4759 Verbo

2109 4801 2362 4856 venie’nte
2389 4801 2454 4853 ad
2486 4797 3009 4853 consummationem
3042 4811 3230 4850 eorum
3253 4836 3267 4860 ,
3315 4803 3375 4848 ut
3427 4811 3669 4849 consum-

2105 4903 2265 4948 mata:
2298 4900 2352 4946 et
2380 4900 2533 4946 extra
2559 4891 2822 4944 mundum
2857 4889 3013 4943 facta:
3049 4888 3306 4943 festinent
3329 4887 3476 4942 illuc.
3501 4887 3676 4953 Quan-

2105 4986 2175 5040 tis
2198 4994 2378 5039 autem
2410 4999 2517 5038 non
2550 4983 2652 5037 fuit
2673 4999 2806 5037 cura
2839 4990 2963 5052 post
2991 4980 3398 5036 inchoationem
3417 4979 3678 5036 Christia-

2103 5075 2291 5130 nitatis
2338 5084 2543 5128 tantam
2595 5073 2842 5141 accipere
2883 5073 3030 5127 verbi
3081 5073 3429 5137 doctrinam,
3478 5080 3681 5142 quanta

2103 5167 2372 5221 sufﬁceret
2405 5168 2484 5220 eis
2518 5165 2717 5219 durare
2763 5179 2936 5234 usque
2987 5163 3051 5218 ad
3095 5163 3290 5229 ﬁnem,
3343 5165 3683 5236 negligentes

2104 5259 2250 5311 circa
2309 5256 2710 5326 susceptionem
2742 5256 3002 5311 doctrina:
3039 5271 3160 5324 quae
3203 5255 3478 5310 confortat
3525 5258 3682 5310 [idem

2104 5358 2159 5403 et
2188 5349 2455 5402 honorum
2483 5356 2703 5401 actuum
2736 5348 2916 5400 lumen
2967 5347 3239 5399 illuminat
3286 5345 3451 5415 (quid
3499 5357 3681 5400 autem

2105 5437 2184 5492 sic
2209 5436 2481 5491 confortat
2512 5437 2654 5490 sicut
2682 5437 2907 5491 moralis
2942 5450 3123 5488 sermo
3147 5475 3162 5499 ,
3208 5438 3350 5505 quod
3391 5437 3571 5490 oleum
3601 5437 3680 5489 lu-

2103 5530 2268 5585 minis
2299 5528 2682 5600 appellatur)?
2733 5530 2815 5583 haz
2867 5526 3032 5582 fatua:
3074 5539 3235 5596 sunt,
3269 5539 3323 5584 et
3356 5537 3679 5599 acceperunt

2686 5799 2728 5829 ⁸⁸
2763 5797 2952 5852 Matth.
2982 5816 3033 5862 v,
3062 5799 3145 5853 16.
