4112 6450
391 371 525 430 {701

1525 353 2182 413 COMIIENTARIORUM
2227 353 2490 411 SElilES.

3511 369 3528 421 i
3546 369 3648 427 702

389 487 665 559 lampades
708 487 762 540 in
817 483 1007 555 primis
1041 481 1258 552 quidem
1293 495 1580 544 accensas,
1615 480 1707 536 sed
1739 480 1805 534 ad
1843 487 1961 532 tan-
1993 484 2036 537 Λ
2067 477 2254 530 dentes
2279 475 2538 546 quoniam
2567 489 2674 530 non
2707 483 2917 530 tantum
2959 479 3137 533 oleum
3159 521 3174 544 ,
3221 480 3274 536 id
3307 491 3391 537 est
3415 487 3640 545 verbum

387 591 502 636 tum
545 583 647 634 iter
695 577 910 633 obviam
955 573 1188 629 exeundi
1224 586 1430 642 sponso
1455 571 1633 625 oleum
1668 585 1776 624 non
1815 585 1964 624 acce-

387 681 603 744 perunt.
629 670 834 724 Moram
862 676 1036 720 autem
1065 680 1254 734 sponso
1279 663 1523 732 faciente,
1543 663 1962 716 dormitaverunt

392 780 566 820 omnes
613 762 873 832 uirgines,
917 766 965 811 et
1013 757 1344 810 dormiebant
1377 756 1444 808 ".
1475 754 1551 809 lta
1595 770 1798 824 sponso
1846 763 1963 809 tar-

389 859 550 913 dante
573 899 587 922 ,
636 866 690 908 et
737 867 842 906 non
879 850 988 906 cito
1031 849 1280 902 veniente
1314 846 1492 900 Verbo
1525 845 1592 899 ad
1620 859 1966 900 consumma-

393 953 593 1007 tionem
623 947 746 1000 vitae
793 949 1022 1006 eorum,
1071 942 1198 995 hinc
1243 937 1526 1010 patiuntur
1555 939 1759 1008 aliquid
1805 938 1963 1008 quasi

392 1056 618 1102 sensus,
653 1046 706 1091 et
739 1034 898 1104 quasi
933 1035 984 1087 in
1020 1041 1176 1086 nocte
1205 1031 1393 1086 mundi
1423 1041 1642 1101 agentes
1679 1038 1732 1084 et
1758 1029 1965 1085 dormi-

393 1138 587 1183 tantes.
621 1126 968 1181 Dormierunt
993 1122 1210 1192 quidem
1230 1163 1244 1184 ,
1277 1129 1466 1190 ut-puta
1487 1160 1502 1186 ,
1530 1120 1814 1175 remissius
1841 1134 1964 1189 ege-

391 1227 518 1273 runt
551 1232 581 1270 a
615 1231 778 1272 sensu
812 1213 961 1268 vitali
998 1229 1012 1265 :
1049 1227 1158 1266 non
1191 1219 1371 1265 tamen
1417 1219 1472 1266 et
1515 1209 1792 1278 lampades
1837 1224 1963 1277 per-

391 1308 679 1370 diderunt,
736 1317 912 1372 neque
955 1302 1381 1371 desperaverunt
1428 1299 1496 1354 de
1550 1297 1966 1354 conservatione

391 1400 492 1456 olei
531 1399 633 1453 illa:
663 1398 974 1467 prudentes.

459 1490 548 1543 6i.
593 1490 770 1543 Media
817 1498 993 1542 autem
1038 1496 1188 1541 nocte
1225 1486 1427 1541 clamor
1465 1486 1639 1555 factus
1688 1493 1800 1551 est,
1851 1501 1966 1539 ecce

390 1598 608 1650 sponsus
635 1582 773 1635 venit
792 1622 806 1645 ,
830 1581 1095 1650 exsurgite
1118 1581 1321 1634 obviam
1349 1579 1418 1632 ei.
1450 1578 1594 1632 Tunc
1625 1585 1966 1632 surrexerunt

389 1675 614 1744 rirgines
643 1673 752 1726 illa:
779 1689 986 1738 omnes,
1009 1683 1058 1725 et
1088 1680 1488 1740 composuerunt
1515 1669 1785 1739 lampades
1815 1685 1961 1723 suas.

394 1766 589 1824 Fatum
621 1775 795 1820 autem
842 1765 1185 1834 prudentibus
1233 1764 1478 1816 dixerunt
1505 1778 1523 1815 :
1548 1761 1684 1815 Date
1715 1761 1862 1814 nobis
1901 1762 1966 1814 de

390 1859 500 1912 oleo
545 1867 745 1924 vestro,
792 1860 918 1926 quia
966 1855 1236 1925 lampades
1282 1864 1476 1908 nostra:
1535 1855 1961 1923 exstinguuntur.

390 1948 784 2016 Responderunt
823 1955 998 2000 autem
1043 1946 1352 2016 prudentes,
1381 1945 1616 1998 dicentes
1647 1960 1666 1997 :
1701 1943 1784 1997 Ne
1833 1944 1967 2012 forte

388 2057 488 2094 non
513 2041 734 2109 suﬁiciat
763 2039 910 2093 nobis
931 2079 945 2105 ,
975 2047 1024 2092 et
1052 2038 1194 2092 vobis
1216 2079 1230 2102 ,
1264 2039 1334 2091 ite
1364 2038 1536 2107 potius
1565 2037 1634 2090 ad
1668 2037 1961 2100 uendentes,

387 2140 434 2182 et
476 2131 632 2184 emite
674 2128 837 2183 vobis.
883 2128 1210 2184 Abeuntibus
1239 2138 1412 2182 autem
1447 2127 1556 2180 illis
1593 2144 1796 2193 emere,
1827 2129 1965 2180 uenit

395 2234 632 2286 sponsus,
657 2227 706 2272 et
738 2233 855 2288 grue
876 2230 1082 2287 parata:
1107 2226 1278 2282 erant,
1308 2218 1635 2271 intraverunt
1660 2233 1779 2270 cum
1801 2234 1860 2271 eo
1895 2217 1965 2270 ad

388 2311 632 2380 nuptias,
675 2320 724 2363 et
746 2310 930 2362 clausa
959 2320 1035 2363 est
1057 2308 1251 2378 janua.
1282 2308 1580 2362 Novissime
1611 2317 1788 2363 autem
1816 2325 1964 2362 uene-

385 2415 507 2456 runt
533 2412 582 2456 et
608 2404 822 2473 reliquie
847 2403 1072 2473 virgines
1102 2403 1329 2455 dicentes
1359 2418 1378 2455 :
1407 2401 1631 2456 Domine
1652 2441 1667 2466 ,
1715 2401 1964 2468 Domine,

383 2495 531 2564 aperi
573 2495 742 2548 nobis.
791 2498 857 2548 At
901 2495 990 2548 ille
1023 2495 1337 2563 respondens
1369 2495 1490 2547 ait:
1524 2495 1688 2547 Amen
1727 2493 1845 2547 dico
1877 2511 1966 2548 vo-

384 2585 485 2652 bis,
521 2588 694 2639 nescio
722 2602 808 2640 vos
825 2586 891 2637 ⁸³.
923 2584 1096 2640 Media
1127 2593 1308 2640 autem
1341 2595 1519 2650 nocte,
1553 2585 1606 2640 id
1633 2597 1717 2640 est
1745 2586 1801 2640 in
1837 2586 1963 2641 alti-

385 2679 571 2732 tudine
597 2678 958 2741 remissionis,
993 2685 1047 2730 et
1075 2679 1128 2731 in
1162 2678 1344 2731 medio
1372 2686 1618 2747 tempore
1643 2677 1757 2746 jam
1786 2688 1964 2734 trans-

383 2771 490 2823 aCti
534 2769 759 2824 luminis
789 2769 1116 2837 vespertini,
1161 2777 1217 2824 et
1268 2770 1452 2824 adhuc
1496 2771 1700 2839 sperati
1741 2771 1960 2837 diurni,

384 2859 560 2914 factus
589 2871 670 2915 est
699 2860 905 2916 clamor
935 2876 1128 2916 omnes
1165 2861 1430 2916 suscitare
1453 2863 1748 2916 volentium
1770 2901 1786 2927 ,
1819 2864 1964 2919 sicut

381 2951 669 3015 existimo,
696 2952 1048 3020 angelorum,
1085 2951 1180 3021 qui
1215 2968 1393 3006 omnes
1427 2961 1551 3007 sunt
1587 2953 1963 3010 ministratorii

379 3043 601 3110 spiritus
621 3082 638 3110 ,
667 3044 756 3112 qui
780 3045 1063 3096 mittuntur
1091 3043 1159 3095 ad
1196 3043 1551 3096 ministerium
1589 3055 1802 3114 propter
1832 3063 1958 3115 pos-

2065 567 2358 633 doctrinae,
2389 577 2886 639 congregaverant,
2923 579 2982 623 ut
3016 572 3286 628 suliiceret
3314 584 3366 629 et
3405 577 3537 646 ipsis
3575 583 3642 636 ad

2067 660 2234 714 vitam
2262 668 2316 715 et
2344 660 2463 716 illas
2487 661 2746 715 docerent
2777 676 2976 717 ornare
3016 662 3294 733 lampades
3320 682 3468 722 suas.
3507 669 3572 724 Et
3602 675 3646 726 si

2067 752 2503 806 consideraveris
2524 751 2760 820 aliquem
2789 753 3107 822 aliquando,
3127 758 3272 824 quod
3297 763 3650 831 congregavit

2065 842 2283 912 quidem
2315 842 2618 896 doctrinam
2649 845 2797 898 verbi
2830 845 2975 914 quod
3009 846 3111 899 sibi
3148 849 3379 902 suﬂiciat
3408 853 3474 904 ad
3511 853 3648 908 bene

2066 933 2358 988 vivendum
2383 971 2398 996 ,
2430 949 2536 988 non
2571 942 2752 987 tamen
2786 944 2845 988 ut
2871 936 3032 989 etiam
3063 935 3254 992 doctor
3295 941 3408 993 ﬁeri
3436 944 3644 1010 possit,

2065 1023 2274 1079 videbis
2307 1025 2454 1079 hunc
2492 1025 2652 1079 talem
2695 1027 3110 1096 respondentem
3145 1029 3454 1087 volentibus
3481 1034 3552 1087 ab
3581 1050 3648 1088 eo

2065 1114 2278 1170 discere
2309 1132 2430 1185 qua:
2472 1125 2603 1171 sunt
2640 1116 2770 1182 Dei,
2819 1127 2871 1172 et
2915 1118 3222 1176 dicentem:
3258 1121 3339 1176 Ne
3369 1125 3504 1193 forte
3543 1143 3645 1182 non

2066 1209 2288 1278 sufﬁciat
2335 1209 2486 1263 nobis
2520 1219 2570 1264 et
2602 1210 2769 1269 vobis.
2821 1210 3160 1268 Suﬂicienter
3203 1217 3347 1270 enim
3389 1220 3522 1273 mihi
3577 1223 3645 1276 ad

2067 1303 2204 1359 bene
2233 1303 2522 1358 vivendum
2552 1305 2726 1359 habeo
2750 1305 3055 1359 doctrinam
3079 1347 3094 1371 ,
3143 1323 3250 1361 non
3283 1322 3462 1364 tamen
3503 1321 3562 1366 ut
3593 1323 3648 1367 et

2065 1395 2221 1449 vobis
2257 1395 2461 1464 possim
2508 1396 2924 1450 accommodare
2959 1397 3289 1453 doctrinam.
3324 1400 3388 1454 Et
3421 1418 3649 1472 respon-

2066 1485 2272 1540 debunt
2299 1485 2606 1539 volentibus
2629 1501 2658 1538 a
2697 1501 2758 1540 se
2791 1487 3002 1542 discere
3029 1507 3042 1542 :
3074 1487 3155 1543 Ite
3178 1493 3343 1561 magis
3375 1492 3443 1544 ad
3465 1494 3648 1547 vendi-

2069 1586 2203 1629 tores
2224 1615 2240 1638 ,
2282 1586 2330 1628 et
2375 1575 2530 1629 emite
2562 1576 2705 1628 vobis
2725 1616 2739 1640 ,
2771 1576 2823 1630 id
2855 1587 2939 1632 est
2969 1579 3033 1632 ad
3060 1581 3316 1637 doctores
3338 1623 3353 1648 ,
3385 1585 3532 1638 etab
3564 1587 3644 1640 eis

2067 1666 2318 1736 accipite.
2349 1665 2416 1720 Et
2442 1665 2607 1722 fatuae
2645 1683 2754 1721 non
2795 1671 3014 1738 quando
3039 1675 3322 1740 oportebat
3349 1685 3542 1730 euntes
3575 1678 3642 1730 ad

2067 1759 2368 1813 doctrinam
2427 1759 2530 1813 sibi
2580 1760 2902 1825 emendata,
2950 1764 3185 1830 perdunt
3227 1773 3442 1835 tempus
3473 1767 3647 1823 intro-

2066 1849 2230 1903 eundi
2265 1864 2390 1904 cum
2416 1864 2620 1919 sponso
2648 1851 2715 1904 ad
2744 1852 2983 1920 nuptias.
3015 1851 3078 1907 Et
3109 1866 3190 1907 est
3213 1855 3397 1909 videre
3425 1872 3520 1911 eos
3550 1860 3646 1927 qui

2067 1940 2192 1994 talia
2241 1943 2556 2010 patiuntur,
2617 1943 2709 2007 qui
2776 1944 2996 2011 quando
3057 1944 3364 1999 debuerunt
3423 1949 3644 2017 quidem

2066 2032 2276 2086 discere
2297 2072 2312 2097 ,
2346 2032 2697 2101 neglexerunt
2737 2033 2951 2088 discere
3000 2034 3205 2103 aliquid
3244 2037 3372 2092 utile
3401 2053 3466 2092 es
3499 2039 3579 2094 eis
3614 2057 3646 2095 a

2065 2124 2266 2195 quibus
2295 2125 2506 2179 discere
2535 2124 2865 2179 debuerunt.
2899 2124 2955 2179 ln
2985 2127 3104 2195 ipso
3133 2135 3313 2180 autem
3340 2130 3488 2184 exitu
3523 2133 3647 2185 vitae

2066 2230 2181 2270 sua:
2223 2216 2351 2270 dum
2398 2216 2698 2286 disponunt
2736 2219 2980 2282 discere,
3037 2223 3576 2291 comprehenduntur
3614 2241 3645 2279 a

2067 2315 2242 2361 morte
2267 2344 2282 2370 ,
2317 2315 2372 2361 et
2402 2315 2690 2377 propterea
2739 2325 2848 2364 non
2891 2309 3272 2381 ingrediuntur
3299 2328 3422 2367 cum
3469 2313 3650 2369 Verbo

2066 2399 2131 2452 ad
2165 2413 2423 2468 sponsam
2454 2397 2779 2466 Eeclesiam,
2809 2415 2910 2455 nec
2932 2417 3054 2456 cum
3078 2401 3299 2458 Christo
3330 2402 3395 2457 ad
3423 2419 3516 2458 eos
3550 2407 3648 2474 qui

2065 2489 2230 2545 simul
2279 2493 2333 2544 in
2380 2493 2570 2560 requie
2603 2502 2731 2547 sunt
2769 2490 2934 2545 futuri
2981 2502 3036 2547 et
3081 2493 3135 2546 in
3186 2494 3520 2550 beatitudine
3558 2513 3647 2552 rc-

2071 2581 2308 2650 gnaturi.
2339 2579 2630 2634 Clauditur
2657 2589 2838 2635 autem
2883 2592 3071 2651 postea
3111 2583 3316 2637 ostium
3355 2586 3536 2641 adhuc
3567 2585 3648 2640 fa-

2065 2669 2174 2724 tuis
2211 2669 2516 2738 virginibus
2541 2670 2720 2724 oleum
2753 2671 3061 2739 accepturis
3095 2687 3216 2740 quae
3247 2681 3300 2726 et
3328 2675 3447 2731 sine
3476 2691 3647 2730 causa

2063 2769 2253 2830 postea
2303 2759 2522 2813 venient
2565 2758 2854 2815 dicentes:
2889 2760 3140 2827 Domine,
3194 2763 3448 2832 Domine,
3497 2768 3648 2834 aperi

2064 2851 2234 2904 nobis.
2293 2851 2483 2918 itaque
2531 2851 2871 2919 respondens
2921 2867 3158 2921 sponsus
3203 2856 3335 2910 dicit
3374 2873 3387 2907 :
3449 2855 3646 2912 Nescio

2061 2958 2174 2996 vos.
2205 2940 2393 3011 Itaque
2418 2941 2679 3011 quoniam
2723 2943 2981 3011 parabola
3011 2944 3269 3000 omnibus
3297 2947 3649 3004 audientibus

2062 3033 2379 3100 dicebatur,
2423 3035 2707 3104 subiungit
2757 3035 2824 3089 ad
2872 3037 3171 3106 discipulos
3201 3054 3368 3105 suos,
3402 3041 3592 3097 dicens
3623 3058 3640 3097 :

380 3151 616 3190 sessuros
659 3136 970 3201 salutem",
1017 3137 1110 3206 qui
1141 3146 1194 3190 et
1228 3135 1448 3191 solliciti
1480 3137 1706 3193 fuerunt
1733 3154 1830 3195 eos
1865 3141 1957 3211 qui

2073 3122 2301 3194 Vigilate
2325 3141 2467 3192 ergo,
2500 3124 2624 3192 quia
2651 3125 2862 3178 nescitis
2883 3125 3022 3178 diem
3055 3137 3102 3180 et
3133 3127 3401 3184 horam".
3433 3129 3650 3185 Ornan-

380 3234 508 3281 sunt
537 3227 854 3292 sensibiles,
901 3228 1143 3282 excitare
1191 3228 1247 3280 in
1284 3227 1498 3284 obviam
1531 3245 1768 3299 sponso,
1798 3242 1851 3286 et
1881 3233 1965 3287 di-

379 3325 510 3370 cunt
560 3316 710 3371 intus
759 3317 1059 3372 clamantes
1116 3317 1170 3371 in
1230 3320 1486 3374 sensibus
1537 3323 1786 3375 omnium
1836 3321 1967 3376 dor-

378 3407 663 3460 ntientium
691 3427 703 3462 :
733 3407 867 3462 Ecce
908 3425 1128 3472 sponsus
1162 3411 1336 3476 venit,
1392 3412 1593 3480 surgite
1637 3411 1846 3465 obviam
1892 3413 1960 3466 ei.

377 3497 447 3550 Et
489 3498 891 3567 suggestionem
947 3500 1168 3568 quidem
1209 3510 1465 3569 oportere
1512 3501 1566 3555 in
1617 3501 1832 3557 obviam
1884 3503 1965 3559 ire

377 3604 582 3658 sponso
641 3589 852 3657 Verbo,
902 3599 957 3645 et
1019 3589 1277 3647 Ecclesiae
1326 3593 1722 3659 immaculata,
1770 3609 1964 3649 omnes

373 3680 596 3754 quidem
664 3680 956 3734 audierunt
1021 3689 1076 3735 et
1147 3691 1564 3736 surrexerunt:
1618 3699 1726 3737 non
1778 3693 1959 3739 autem

375 3782 567 3822 omnes
596 3767 876 3821 decentem
912 3769 1294 3837 imposuerunt
1335 3769 1680 3840 lampadibus
1719 3772 1836 3826 suis
1872 3788 1962 3826 or-

376 3866 564 3911 natum
585 3896 600 3920 ,
633 3859 726 3911 sed
761 3873 884 3927 quae
931 3858 1222 3912 audierunt
1252 3861 1595 3929 prudentiam
1628 3876 1724 3917 eas
1756 3878 1961 3918 ornan—

376 3958 506 4002 tem.
551 3948 626 4002 lta
671 3965 781 4004 non
813 3950 868 4004 in
896 3957 1142 4020 tempore
1176 3962 1483 4020 Opportune
1512 3951 1674 4007 fatuae
1705 3952 1961 4008 dixerunt

374 4038 733 4107 prudentibus
768 4054 783 4092 :
822 4039 959 4093 Date
999 4039 1146 4094 nobis
1193 4040 1258 4094 de
1291 4041 1405 4095 oleo
1449 4050 1640 4106 vestro,
1674 4044 1834 4114 quasi
1865 4044 1959 4114 qui

375 4141 484 4181 non
521 4128 624 4183 sibi
676 4139 1145 4200 congregaverant
1189 4142 1316 4186 ante
1357 4131 1701 4202 prudentiam
1723 4173 1740 4200 ,
1777 4142 1838 4190 ut
1875 4136 1960 4191 in-

375 4217 616 4285 telligant
663 4218 924 4288 quoniam
974 4234 1084 4274 non
1132 4219 1379 4273 omnium
1416 4220 1732 4274 habentium
1777 4221 1956 4278 oleum

372 4318 458 4365 est
488 4311 652 4365 etiam
683 4312 816 4366 dare
848 4326 916 4367 ex
968 4325 1034 4366 eo
1069 4311 1378 4368 volentibus
1422 4313 1576 4380 aliis,
1631 4313 1726 4369 sed
1765 4329 1956 4368 eorum

374 4407 752 4461 tantummodo
799 4406 892 4476 qui
939 4407 1008 4460 ad
1047 4407 1150 4463 hoc
1186 4407 1363 4478 ipsum
1416 4408 1576 4478 positi
1616 4419 1746 4465 sunt
1778 4417 1838 4464 ut
1867 4424 1958 4465 ve—

371 4497 652 4561 nundent,
704 4505 758 4552 et
801 4497 1083 4563 tribuant,
1133 4507 1190 4554 et
1238 4499 1508 4570 accipiant
1559 4501 1798 4570 pretium
1848 4501 1949 4555 olei

369 4593 536 4664 882
574 4594 902 4660 venundati,
942 4595 1102 4665 cujus
1143 4595 1379 4665 pretium
1413 4603 1497 4651 est
1526 4597 1949 4665 perseverantia,

370 4695 424 4739 et.
455 4685 746 4752 instantia,
776 4695 830 4741 et
857 4702 1013 4742 amor
1040 4687 1286 4743 discendi
1306 4727 1322 4754 ,
1354 4696 1408 4742 et
1439 4687 1716 4757 diligentia
1736 4729 1752 4756 ,
1781 4696 1836 4744 et
1866 4689 1950 4744 la-

373 4777 470 4833 bor
509 4780 843 4848 cupientium
881 4779 1112 4835 discere.
1151 4779 1287 4834 Date
1336 4779 1483 4834 nobis
1519 4779 1582 4834 de
1609 4784 1724 4834 oleo
1758 4790 1948 4846 vestro,

371 4870 620 4938 quoniam
663 4869 937 4939 lampades
984 4879 1179 4925 nostra:
1203 4871 1633 4942 exstinguuntur.
1676 4869 1812 4926 Nam
1847 4872 1949 4929 etsi

373 4958 534 5016 fatuae
577 4973 769 5027 erant,
817 4971 998 5017 tamen
1065 4963 1169 5018 hoc
1219 4963 1626 5034 intelligebant,
1687 4965 1946 5034 quoniam

373 5061 494 5100 cum
544 5049 751 5105 lumine
793 5050 1058 5105 debebant
1097 5051 1313 5106 obviam
1357 5053 1437 5108 ire
1477 5068 1712 5122 sponso,
1755 5069 1950 5110 omnes

376 5136 649 5206 lampades
692 5156 955 5198 sensuum
987 5141 1320 5198 illuminatas
1361 5144 1644 5201 habentes.
1681 5143 1952 5201 Videbunt

373 5235 551 5282 autem
582 5239 636 5284 et
665 5232 794 5288 illud
819 5274 834 5300 ,
879 5233 1134 5303 quoniam
1167 5249 1234 5288 ex
1269 5250 1334 5289 eo
1362 5235 1506 5304 quod
1558 5237 1741 5293 minus
1784 5235 1949 5293 habe-

374 5320 502 5374 bant
549 5322 730 5378 oleum
777 5326 1044 5382 rationale
1084 5327 1199 5396 jam
1249 5327 1745 5398 propinquantibus
1791 5340 1945 5384 tene-

370 5411 503 5479 bris,
533 5415 812 5486 lampades
841 5435 1030 5475 earum
1060 5419 1277 5475 fuerant
1301 5421 1684 5476 obscuranda.
1719 5419 1825 5475 Sed
1853 5437 1945 5476 sa-

368 5507 577 5575 pientes
618 5511 994 5580 transmittunt
1029 5513 1209 5571 fatuas
1239 5514 1306 5570 ad
1337 5514 1442 5570 olei
1476 5513 1785 5570 venditores
1807 5552 1823 5580 ,
1857 5513 1943 5568 vi-

437 5783 484 5815 "
514 5781 704 5838 Matth.
740 5796 868 5847 δεῖν,
908 5779 962 5835 5.
1040 5780 1086 5815 ⁸³
1107 5781 1235 5838 ibid.
1268 5783 1302 5836 6
1331 5791 1384 5840 et
1417 5796 1568 5852 seqq.

2065 3225 2146 3271 tes
2194 3227 2375 3270 autem
2419 3217 2699 3285 lampades
2753 3232 3014 3271 sensuum
3073 3221 3402 3288 evangelicis
3452 3223 3646 3281 usibus

2063 3315 2227 3375 atque
2262 3306 2461 3372 rectis,
2493 3315 2553 3360 ut
2582 3306 2627 3361 si
2661 3306 2881 3375 quidem
2925 3307 3213 3363 oculorum
3263 3321 3646 3367 ornamentum

2063 3405 2244 3450 rectus
2275 3411 2410 3450 usus
2444 3396 2661 3452 videndi
2691 3436 2707 3461 ,
2744 3405 2803 3450 ut
2839 3397 2982 3451 oculi
3019 3399 3240 3456 videant
3283 3404 3503 3473 quidem
3546 3405 3652 3459 ad-

2065 3488 2376 3542 mirandum
2425 3486 2725 3553 factorem,
2778 3488 3103 3546 claudantur
3143 3502 3322 3546 autem
3361 3502 3421 3548 ut
3452 3511 3522 3549 ne
3563 3498 3646 3548 vi-

2062 3581 2226 3635 deant
2251 3581 2618 3649 iniquitatem.
2645 3579 2877 3634 Auditus
2914 3590 3094 3635 autem
3124 3593 3206 3637 est
3235 3593 3642 3649 ornamentum,

2061 3673 2282 3741 quando
2323 3671 2448 3741 quis
2495 3674 2830 3729 auditionem
2874 3691 2983 3729 non
3018 3675 3247 3743 suscipit
3279 3691 3472 3730 vanam
3495 3715 3509 3738 ,
3547 3678 3644 3732 sed

2061 3761 2296 3816 obdurat
2327 3777 2491 3816 aures
2533 3778 2665 3817 suas
2702 3772 2761 3817 ut
2803 3779 2912 3818 non
2955 3765 3182 3819 audiant
3221 3765 3488 3835 judicium
3518 3782 3648 3821 san-

2066 3852 2281 3921 guinis;
2331 3854 2484 3907 andit
2527 3864 2707 3910 autem
2770 3853 2957 3910 Jesum
2988 3855 3254 3910 dicentem
3295 3857 3363 3910 ad
3395 3872 3454 3912 se
3486 3873 3499 3908 :
3535 3859 3648 3913 Ad-

2060 3943 2265 4010 aperire
2283 3942 2350 4008 “,
2377 3955 2437 3998 ut
2466 3953 2676 4000 tantum
2705 3946 2771 4000 ad
2792 3947 2956 4001 verba
2987 3947 3245 4002 salutaria
3263 3958 3314 4003 et
3337 3950 3644 4005 necessaria

2059 4037 2423 4103 praebeantur.
2478 4033 2570 4090 Sic
2609 4047 2666 4092 et.
2698 4037 2766 4091 de
2798 4047 3124 4094 ornamento
3173 4049 3366 4110 gustus
3400 4043 3524 4111 quis
3561 4043 3645 4096 di-

2059 4140 2182 4180 cere
2223 4134 2434 4195 potest,
2483 4136 2537 4183 et
2580 4126 2648 4182 de
2683 4129 3018 4187 odorationis
3049 4139 3104 4184 et
3154 4131 3483 4200 palpationis
3506 4174 3522 4199 ,
3555 4148 3644 4186 se-

2059 4218 2298 4273 cundum
2350 4235 2413 4274 ea
2461 4237 2586 4290 qua:
2633 4221 2778 4276 dicta
2826 4231 2974 4276 sunt.
3024 4223 3294 4288 Quoniam
3355 4224 3448 4293 qui
3501 4225 3644 4278 male

2058 4321 2292 4366 utuntur
2321 4313 2575 4368 sensibus
2602 4313 2739 4380 suis,
2771 4327 2962 4368 eorum
2995 4315 3205 4368 nullum
3237 4325 3323 4368 est
3349 4330 3644 4370 ornamen-

2059 4411 2174 4459 tum
2211 4413 2306 4461 aut
2338 4406 2393 4460 in
2419 4406 2594 4462 oculis
2617 4445 2633 4472 ,
2683 4414 2778 4461 aut
2807 4405 2861 4459 in
2893 4408 3121 4463 auribus
3141 4445 3156 4471 ,
3199 4417 3292 4462 aut
3323 4407 3377 4461 in
3413 4409 3641 4479 reliquis

1986 4491 2029 4546 ἰ)
2059 4498 2331 4555 sensibus.
2381 4500 2793 4557 Observandum
2825 4510 2909 4556 est
2952 4511 3167 4566 autem,
3205 4502 3467 4571 quoniam
3505 4503 3642 4557 scri~

2058 4602 2210 4662 ptum
2237 4602 2321 4649 est
2348 4594 2569 4664 quidem
2595 4593 2775 4650 fatuas
2799 4594 3152 4651 transmissus
3179 4595 3244 4649 ad
3277 4595 3459 4651 oleum
3487 4610 3639 4650 com-

2058 4685 2384 4754 parandum,
2431 4700 2540 4742 non
2571 4694 2752 4740 tamen
2781 4685 3095 4741 referuntur
3123 4687 3322 4742 emisse
3356 4698 3449 4742 aut
3481 4702 3640 4742 acce-

2057 4774 2204 4844 pisse
2248 4793 2262 4828 :

2056 4865 2284 4932 dictum,
2304 4867 2561 4936 quoniam
2590 4876 2716 4937 post
2737 4867 2842 4923 hoc
2860 4868 3066 4921 veniunt
3095 4875 3146 4920 et
3171 4866 3384 4936 reliquie
3409 4867 3636 4936 virgines

2055 4957 2286 5012 dicentes
2313 4973 2332 5011 :
2361 4957 2583 5012 Domine
2604 4999 2621 5023 ,
2665 4958 2886 5013 Domine
2906 4999 2921 5024 ,
2956 4958 3103 5026 aperi
3151 4957 3319 5011 nobis.
3364 4958 3498 5013 Cum
3530 4974 3633 5028 po-

2055 5051 2248 5106 tuisset
2291 5048 2475 5104 dicere
2515 5065 2530 5102 :
2573 5049 2768 5105 Postea
2808 5056 3070 5103 venerunt
3117 5057 3341 5117 accepto
3384 5049 3503 5102 oleo
3550 5049 3635 5103 vel

2049 5150 2372 5211 comparato
2395 5183 2411 5208 ,
2455 5141 2843 5196 convenienter
2869 5140 3054 5204 siluit,
3090 5148 3150 5194 ut
3188 5156 3256 5194 ne
3307 5141 3636 5197 habenti-bus

2054 5232 2268 5300 oleum,
2305 5233 2387 5287 vel
2426 5232 2480 5287 in
2516 5241 2762 5288 extremo
2802 5230 3129 5287 ornantibus
3173 5233 3452 5302 lampades
3503 5247 3635 5288 suas

2053 5325 2257 5381 diceret
2290 5340 2304 5377 :
2349 5323 2542 5378 Nescio
2573 5325 2664 5394 qui
2695 5324 2845 5380 estis.
2884 5321 2994 5378 Nec
3021 5323 3165 5378 enim
3199 5325 3457 5378 scribitur
3500 5325 3630 5394 quia

2053 5431 2312 5476 ornantes
2373 5419 2650 5488 lampades
2699 5433 2831 5473 suas
2889 5425 3174 5472 venerunt.
3243 5413 3451 5470 Tamen
3506 5415 3632 5472 linis

2052 5512 2202 5567 verbi
2241 5519 2324 5566 est
2376 5510 2514 5577 iste,
2565 5516 2625 5563 ut
2674 5509 2730 5564 in
2771 5508 2919 5562 omni
2966 5516 3209 5578 tempore
3261 5523 3633 5578 praeparemus

2315 4775 2408 4831 sed
2463 4776 2567 4832 hoc
2619 4776 2674 4830 in
2728 4777 2947 4834 silentio
3000 4777 3402 4847 praetermisso,
3446 4786 3636 4846 postea

1644 5780 1689 5813 ⁸⁸
1727 5779 1888 5835 Hebr.
1926 5798 1974 5847 ι,
2009 5781 2095 5837 li.
2172 5782 2218 5816 "
2247 5779 2433 5837 Matth.
2467 5795 2609 5845 xxv,
2642 5779 2731 5834 15.
2806 5778 2851 5810 ⁸⁵
2891 5776 3057 5836 Marc.
3088 5793 3184 5842 vn,
3217 5777 3304 5832 δι.
