4112 6424
474 341 497 396 Ι
509 339 614 396 705

1637 334 1797 391 ORlC
1807 333 1962 391 ENIS
1995 333 2061 390 IN
2102 334 2517 395 HATTHIEUM

3600 336 3618 390 Ι
3629 336 3731 391 Ἰυᾶ

470 466 573 507 nos
603 451 680 508 ad
705 451 913 506 exitum
935 492 951 517 ,
992 461 1053 508 ut
1095 467 1204 508 non
1232 450 1425 505 demus
1455 462 1708 505 somnum
1747 449 1924 506 oculis
1955 467 2052 506 no-
2080 458 2125 513 Α
2155 452 2418 524 scriptum
2453 451 2595 523 apud
2627 449 2893 507 Joannem
2939 466 2952 504 :
2992 448 3177 508 Omnis
3205 450 3425 521 spiritus
3459 451 3550 521 qui
3579 451 3734 506 sottit

472 555 624 604 διηδο
658 556 833 610 "eque
849 540 1122 611 Palpebris
1144 537 1349 594 ηοείτίε
1377 537 2049 606 ἀοηηὶιθιίοιιριιι⁸⁷.‹1ιιίε
2151 544 2356 612 Iesum,
2385 561 2488 599 non
2520 553 2595 598 est
2621 559 2686 598 ex
2717 542 2822 597 Deo
2852 543 2932 611 '7;
2965 542 3057 598 sed
3082 543 3377 613 unicuique
3415 543 3738 599 substantia:

473 636 752 689 nescimus
787 633 931 688 diem
964 642 1017 687 et
1046 632 1238 686 horam
1263 630 1444 685 exitus
1474 629 1671 684 nostri.

545 727 636 780 65.
701 723 872 777 Homo
928 724 1146 795 quidam
1193 737 1402 791 peregre
1456 722 1793 791 proﬁciscens
1854 719 2054 776 vocavit

473 835 650 876 servas
688 833 833 882 suos,
874 826 924 870 et
961 817 1187 870 tradidit
1223 817 1300 871 eis
1337 816 1473 870 bona
1504 831 1636 878 sua,
1668 823 1722 868 et
1756 815 1962 884 reliqua
1986 812 2052 864 ⁸⁸.

477 913 544 967 Et
587 911 826 981 primum
877 911 1100 979 quidem
1146 909 1430 965 videamus
1481 925 1651 979 quare
1688 908 2054 980 peregrinanti

480 1002 684 1058 homini
739 1000 1080 1056 assimilatur
1127 998 1394 1056 Dominus
1423 1009 1637 1068 noster,
1673 999 1768 1069 qui
1805 1014 1950 1053 unus
1975 1005 2060 1052 cst

479 1093 742 1148 Dominus
769 1101 978 1156 noster,
1009 1091 1077 1146 de
1099 1107 1210 1161 quo
1235 1091 1310 1146 ait
1335 1091 1632 1161 Apostolus
1653 1090 1699 1122 ⁸⁸
1725 1107 1738 1144 :
1772 1087 1940 1142 Nobis
1967 1104 2062 1140 au-

480 1196 581 1240 tem
617 1201 753 1238 unus
795 1183 1051 1237 Dominus
1074 1183 1228 1237 Jesus
1261 1183 1527 1247 Christus,
1559 1198 1652 1252 per
1673 1198 1825 1252 quem
1857 1181 2057 1245 omnia,

478 1286 527 1328 et
561 1291 655 1328 nos
685 1291 776 1344 per
806 1275 980 1344 ipsum
1005 1314 1020 1340 ,
1063 1273 1110 1329 si
1137 1282 1320 1329 tamen
1351 1273 1420 1328 ab
1460 1288 1525 1328 eo
1552 1271 1928 1326 tantummodo
1961 1269 2060 1324 do-

480 1367 788 1431 minemur,
837 1375 891 1421 et
942 1381 1120 1436 neque
1171 1379 1486 1420 mammona
1529 1365 1811 1420 dominum
1859 1363 2062 1417 habea-

483 1473 645 1524 mus,
698 1473 875 1528 neque
949 1458 1185 1526 aliquem
1237 1456 1585 1511 dominorum
1633 1469 1822 1510 eorum
1853 1493 1867 1518 ,
1920 1468 2061 1522 quos

482 1552 684 1606 multos
716 1565 837 1606 esse
868 1550 1185 1620 significans
1216 1548 1331 1619 ipse
1353 1547 1672 1618 Apostolus,
1699 1546 1921 1602 dicit”:
1945 1543 2063 1599 Sic-

482 1653 538 1696 ut
586 1644 724 1697 enim
759 1651 882 1696 sunt
908 1643 986 1696 dii
1017 1642 1206 1708 multi,
1247 1649 1298 1694 et
1339 1641 1539 1694 domini
1572 1638 1750 1693 multi.
1783 1636 1924 1708 Ergo
1952 1637 2065 1706 pri-

485 1751 632 1789 mum
679 1750 986 1803 quaeramus
1015 1735 1082 1789 de
1107 1733 1544 1804 peregrinatione
1593 1732 1788 1802 ipsius,
1826 1730 2064 1784 maxime

481 1827 608 1896 quia
660 1825 1085 1897 peregrinationi
1133 1825 1254 1895 ejus
1297 1824 1513 1879 videtur
1556 1837 1680 1878 esse
1723 1819 2062 1876 contrarium
2095 1813 2136 1868 Β

481 1917 628 1988 quod
661 1919 775 1988 ipse
801 1919 869 1973 de
899 1933 959 1974 se
993 1917 1282 1989 discipulis
1313 1916 1431 1972 suis
1462 1913 1749 1985 promittit,
1775 1913 1964 1968 dicens
1985 1911 2061 1965 ἰε

489 2011 590 2065 Ubi
631 2013 832 2080 fuerint
871 2011 976 2064 duo
1007 2009 1085 2064 vel
1115 2018 1218 2064 tres
1262 2007 1566 2078 congregati
1593 2008 1648 2060 in
1684 2005 1895 2059 nomine
1927 2019 2063 2067 meo,

488 2106 560 2160 ibi
603 2118 719 2155 sum
766 2101 821 2154 in
867 2099 1036 2154 medio
1091 2115 1296 2153 eorum.
1339 2096 1469 2152 Item
1518 2095 1651 2151 illud
1677 2097 1760 2146 ":
1795 2093 1930 2149 Ecce
1970 2109 2064 2164 ego

485 2195 751 2250 vobiscum
779 2209 894 2246 sum
923 2190 1164 2246 omnibus
1195 2190 1403 2254 diebus,
1433 2204 1598 2259 usque
1629 2186 1698 2240 ad
1727 2201 2065 2240 consumma-

487 2289 680 2342 tionem
725 2284 931 2340 ssecuti.
969 2283 1036 2338 Et
1065 2283 1210 2353 quod
1250 2282 1493 2352 Baptista
1541 2280 1672 2336 dicit
1700 2279 1768 2334 de
1799 2293 1900 2345 eo,
1944 2276 2066 2332 ubi-

486 2394 598 2450 que
628 2393 755 2433 eum
791 2391 915 2432 esse
963 2375 1380 2439 demonstrans,
1426 2373 1500 2428 ita
1527 2391 1542 2427 :
1571 2371 1639 2426 In
1674 2371 1845 2426 medio
1885 2379 2063 2424 autem

485 2479 715 2523 oestrum
745 2477 852 2522 stat
885 2483 1037 2538 quem
1069 2482 1154 2520 vos
1188 2465 1423 2531 nescitis,
1455 2465 1565 2534 ipse
1597 2472 1674 2518 est
1707 2463 1798 2534 qui
1826 2470 1943 2532 post
1985 2477 2066 2517 me

487 2560 706 2615 venit”.
755 2558 1050 2629 Propterea
1078 2558 1222 2613 dicet
1245 2556 1444 2626 aliquis
1475 2574 1489 2610 :
1518 2553 1577 2610 Si
1605 2557 1658 2610 in
1691 2555 1871 2610 medio
1898 2554 2064 2610 etiam

487 2651 846 2710 nescientium
875 2665 935 2706 se
957 2658 1100 2716 stat,
1123 2649 1167 2704 si
1197 2649 1511 2719 ubicunque
1540 2647 1651 2703 duo
1677 2647 1761 2702 vel
1787 2658 1898 2702 tres
1931 2663 2064 2703 con-

487 2744 692 2816 gregati
729 2743 932 2799 fuerint
970 2743 1026 2796 in
1061 2742 1285 2796 nomine
1311 2742 1474 2811 'ejus,
1507 2741 1649 2795 inter
1687 2755 1783 2796 eos
1811 2739 2064 2807 habetur,

485 2837 532 2893 si
583 2852 680 2907 per
713 2851 905 2891 omnes
952 2835 1070 2890 dies
1099 2835 1220 2889 vitae
1262 2833 1660 2904 discipulorum
1705 2848 1831 2889 cum
1871 2833 1952 2889 eis
1983 2842 2068 2889 est

483 2944 658 2999 usque
690 2928 757 2983 ad
783 2928 1314 2983 consummationem
1345 2926 1552 2992 saeculi,
1578 2925 1853 2996 quomodo
1876 2925 1930 2981 in
1961 2926 2066 2981 ista

485 3020 742 3091 parabola
765 3020 1090 3090 proponitur
1121 3018 1512 3089 peregrinaris?
1537 3017 1856 3073 Tractantes
1882 3025 2065 3074 autem

2154 636 2540 706 proprietatem
2581 649 2886 690 servamus.
2921 633 2979 688 Si
3018 634 3164 688 enim
3190 634 3370 688 omnis
3402 633 3568 687 homo
3605 633 3739 688 tide-

2157 729 2223 784 iis
2270 728 2361 797 qui
2407 727 2746 796 conjungitur
2792 725 3055 792 Domino,
3106 740 3243 778 unus
3290 723 3511 793 spiritus
3552 731 3630 777 est
3657 725 3734 790 ἐς

2157 829 2363 890 quanto
2393 819 2568 889 magis
2601 819 2764 872 homo
2792 817 2883 872 ille
2918 831 3079 886 quem
3117 817 3418 872 secundum
3455 816 3742 884 dispensa-

2161 912 2360 965 tionem
2386 909 2570 964 earnis
2598 908 2854 965 Christus
2888 907 3158 977 suscepit,
3195 923 3303 962 non
3333 916 3417 962 est
3446 907 3743 964 solvendus

2160 1003 2228 1056 ab
2255 1017 2342 1068 eo,
2376 1017 2477 1056 nec
2505 1001 2642 1056 alter
2686 1009 2768 1054 est
2812 999 3076 1054 dicendus
3106 999 3176 1053 ab
3205 999 3304 1054 eo?
3335 997 3400 1053 Et
3431 999 3555 1053 vid'e
3597 1013 3741 1069 quo-

2161 1093 2327 1150 modo
2373 1094 2479 1162 ait,
2534 1094 2670 1146 sicut
2721 1092 2874 1144 homo
2928 1107 3140 1162 peregre
3180 1091 3428 1160 futurus;
3477 1091 3741 1161 quoniam

2161 1199 2272 1240 non
2323 1194 2442 1240 erat
2489 1185 2672 1250 homo,
2719 1184 2811 1239 sed
2852 1183 2996 1238 sicut
3042 1183 3238 1249 homo;
3283 1193 3335 1238 et
3371 1183 3530 1253 quasi
3577 1184 3744 1237 homo

2163 1277 2617 1349 peregrinahitur,
2667 1277 2762 1347 qui
2811 1284 2929 1332 erat
2975 1276 3179 1346 ubique
3219 1276 3522 1331 secundum
3545 1275 3744 1331 divini-

2118 1444 2126 1454 .
2164 1372 2290 1426 tatis
2324 1383 2595 1425 naturam.
2630 1368 2805 1424 Simul
2843 1369 3128 1425 considera
3157 1368 3418 1438 quoniam
3450 1384 3558 1423 non
3591 1368 3746 1423 vide-

2162 1469 2255 1517 tur
2302 1463 2532 1518 redditio
2573 1461 2846 1516 sermonis
2876 1461 2949 1515 ita
2992 1461 3302 1530 conscripta
3341 1457 3541 1514 :Sicut
3577 1459 3744 1514 homo

2163 1554 2537 1625 peregrinaris,
2570 1554 2652 1609 sic
2684 1562 2738 1608 et
2761 1551 2940 1619 Jesus,
2973 1560 3069 1607 aut
3109 1552 3223 1606 ita:
3255 1553 3336 1606 sic
3357 1559 3411 1606 et
3445 1549 3616 1605 Filius
3645 1551 3744 1603 ho-

2165 1647 2329 1701 minis
2363 1664 2376 1700 :
2408 1645 2665 1716 quoniam
2707 1645 2822 1714 ipse
2856 1653 2941 1700 est
2992 1645 3087 1715 qui
3134 1644 3187 1697 in
3240 1637 3501 1713 parabola
3543 1655 3746 1711 propo-

2165 1735 2313 1790 nitur
2343 1735 2696 1805 peregrinans
2721 1734 2878 1804 quasi
2918 1735 3103 1789 homo.
3130 1731 3240 1788 Nec
3263 1733 3409 1787 enim
3439 1740 3524 1786 est
3555 1732 3741 1795 homo,

2165 1826 2260 1896 qui
2307 1833 2390 1881 est
2441 1826 2756 1895 ubicunque
2802 1825 2913 1880 duo
2960 1826 3045 1882 vel
3089 1834 3200 1880 tres
3255 1825 3308 1879 in
3365 1824 3587 1878 nomine
3623 1823 3746 1892 ejus

2166 1919 2362 1975 fuerint
2390 1919 2729 1990 congregati.
2763 1915 2949 1989 Neque
2990 1919 3155 1974 homo
3179 1917 3467 1973 nobiscum
3507 1925 3591 1971 est
3627 1930 3749 1969 om-

2166 2013 2329 2068 nibus
2357 2011 2548 2068 diebus
2586 2027 2760 2082 usque
2801 2013 2867 2068 ad
2908 2012 3438 2068 consummationem
3469 2009 3653 2066 saeculi
3677 2009 3747 2064 ”.

2165 2105 2277 2163 Nec
2323 2106 2670 2177 congregatis
2721 2106 2925 2175 ubique
2975 2104 3227 2160 fidelibus
3272 2104 3438 2158 homo
3477 2111 3562 2158 est
3609 2116 3748 2170 prae-

2166 2212 2316 2262 sens,
2344 2197 2438 2252 sed
2467 2197 2640 2251 virtus
2666 2197 2846 2251 divina
2873 2210 2996 2264 qua:
3027 2203 3145 2249 erat
3179 2194 3234 2248 in
3258 2191 3408 2248 Jesu.
3443 2191 3753 2247 Possumus

2165 2293 2332 2347 etiam
2378 2290 2508 2346 talia
2543 2290 2726 2345 dicere
2773 2288 2840 2343 de
2888 2287 2994 2341 hoc
3036 2287 3207 2341 loco:
3249 2285 3382 2339 nihil
3410 2283 3748 2339 contrarium

2166 2400 2292 2440 eum
2338 2385 2519 2454 ipsum
2586 2381 2770 2436 Jesum
2831 2379 3132 2434 secundum
3187 2377 3482 2448 quemdam
3525 2374 3748 2445 quidem

2167 2476 2502 2532 intellectum
2543 2488 2665 2529 esse
2709 2472 2943 2542 ubique,
2998 2470 3301 2526 secundum
3352 2470 3520 2523 alium
3566 2476 3749 2521 autem

2167 2563 2520 2637 peregrinari.
2559 2562 2617 2617 Si
2640 2561 2785 2617 enim
2811 2575 2913 2616 nos
2938 2559 3067 2613 dum
3097 2575 3279 2612 sumus
3313 2559 3623 2626 incorpore.
3657 2571 3751 2624 pe-

2168 2659 2502 2730 regrinantur
2530 2673 2564 2710 a
2603 2654 2831 2709 Domino
2863 2655 2918 2720 ¹;
2970 2668 3066 2722 per
3106 2651 3268 2706 fidem
3311 2650 3460 2704 enim
3500 2647 3752 2703 ambula-

2168 2767 2316 2820 mus,
2354 2765 2463 2806 non
2501 2764 2598 2821 per
2644 2746 2886 2817 speciem
2932 2762 2946 2798 :
2995 2745 3051 2801 in
3086 2744 3345 2799 omnibus
3380 2741 3475 2812 qui
3523 2751 3652 2796 sunt
3696 2739 3754 2794 in

2167 2859 2397 2916 corpore
2429 2852 2484 2899 et
2527 2839 2948 2914 peregrinantur
2993 2853 3024 2892 a
3073 2836 3328 2902 Domino,
3377 2833 3754 2904 peregrinatur

2167 2939 2238 2994 ab
2259 2937 2339 2993 eis
2367 2945 2424 2991 et
2454 2935 2718 2991 Dominus
2742 2947 2838 3003 per
2879 2930 3038 2985 tidem
3065 2927 3495 2992 ambulantibus,
3527 2939 3635 2979 non
3659 2939 3756 2994 per

2169 3031 2428 3101 speciem.
2478 3026 2536 3083 Si
2569 3035 2752 3083 autem
2797 3023 3213 3095 peregrinantes
3260 3035 3290 3075 a
3349 3033 3579 3088 corpore
3625 3031 3751 3072 eum

485 3129 769 3209 assumere
788 3114 1049 3209 debemus
1079 3121 1134 3166 ει
1158 3111 1291 3166 ίηυά
1313 3110 1461 3183 (111οά
1491 3109 1696 3166 Ρδυιυε
1729 3111 1806 3165 ait
1826 3109 1898 3165 de
1923 3125 1982 3166 86
1997 3109 2063 3164 “=
2093 3149 2137 3209 ο
2170 3121 2404 3176 1)οωίηο
2438 3120 2726 3186 fuerimus,
2754 3125 2808 3172 et
2834 3117 2951 3186 ipse
2980 3125 3111 3170 tunc
3132 3113 3236 3168 erit
3261 3111 3548 3167 nobiscum
3576 3118 3631 3162 et
3657 3123 3756 3178 pro

479 3187 602 3273 Ego
627 3214 804 3258 autem
848 3204 1034 3258 absens
1074 3219 1314 3273 corpore,
1355 3219 1585 3272 prtesens
1625 3210 1805 3256 autem
1847 3202 2064 3271 spiritu,

479 3297 599 3366 jam
629 3297 874 3366 judicaoi
901 3305 958 3349 ut
1002 3310 1231 3364 praesens
1255 3335 1272 3359 ,
1311 3295 1640 3364 congregatis
1675 3293 1818 3347 vobis
1859 3303 1909 3347 et
1953 3308 2067 3347 meo

487 3388 704 3457 spiritu,
732 3403 852 3440 cum
878 3387 1070 3439 virtute
1099 3385 1315 3438 Domini
1348 3383 1499 3450 Jesu,
1544 3400 1660 3438 eum
1685 3385 1774 3454 qui
1810 3383 1934 3436 tatis
1965 3393 2065 3446 est,

487 3478 695 3532 tradere
721 3475 940 3532 Satante
967 3477 1024 3530 in
1052 3476 1326 3530 interitum
1369 3476 1579 3541 carnis,
1610 3483 1667 3528 ut
1703 3475 1923 3544 spiritus
1953 3474 2068 3543 ejus

484 3571 661 3625 salvus
682 3571 752 3624 sit
785 3569 842 3622 in
868 3569 956 3622 die
987 3568 1200 3622 Domini
1225 3569 1396 3624 nostri
1421 3565 1554 3623 Iesu
1593 3567 1814 3623 Christi.
1840 3565 1900 3622 Si
1921 3565 2067 3620 enim

485 3662 663 3718 virtus
692 3661 823 3716 Jesu
871 3671 1233 3735 congregatur
1263 3676 1392 3717 cum
1426 3661 1514 3716 his
1543 3660 1636 3732 qui
1667 3667 2070 3732 congregantur

487 3754 542 3807 in
571 3754 791 3808 nomine
815 3754 965 3824 ejus,
995 3770 1104 3811 non
1165 3755 1543 3826 peregrinatur
1564 3769 1597 3810 a
1624 3755 1761 3823 suis,
1803 3753 1896 3809 sed
1924 3767 2071 3808 sem-

489 3859 583 3916 per
614 3855 813 3916 praesto
857 3855 940 3900 est
969 3847 1070 3902 eis.
1120 3846 1278 3913 Quod
1326 3847 1374 3902 si
1419 3861 1634 3916 semper
1662 3845 1918 3900 omnibus
1953 3843 2070 3898 suis

486 3947 575 3992 est
617 3953 856 4008 prmsens
877 3977 890 4004 ,
922 3939 1202 4008 quomodo
1233 3939 1588 3996 introducunt
1620 3953 1746 3994 eum
1798 3937 2069 4008 parabola:

487 4027 612 4095 ejus
671 4028 1151 4098 peregrinantem?
1198 4027 1334 4084 Vide
1398 4031 1446 4085 si
1498 4044 1791 4101 possumus
1859 4028 2071 4083 solvere

491 4121 595 4175 hoc
646 4121 811 4176 1110110
857 4121 1003 4191 quod
1050 4123 1336 4193 qumritur.
1385 4121 1490 4188 Qui
1533 4123 1681 4177 enim
1725 4121 1859 4177 dicit
1907 4121 2072 4176 disci-

489 4215 632 4284 pulis
699 4216 876 4270 suis:
936 4214 1069 4270 Ecce
1129 4231 1224 4286 ego
1266 4215 1533 4269 vobiscum
1605 4231 1724 4269 sum
1781 4230 1945 4286 usque
2000 4214 2070 4267 ad

487 4309 990 4362 consummationem
1054 4307 1276 4372 steculi;
1335 4317 1391 4362 et
1457 4308 1585 4362 item
1642 4324 1656 4360 :
1712 4304 1813 4360 Ubi
1873 4306 2070 4376 fuerint

489 4402 596 4453 duo
644 4401 721 4455 vel
772 4411 878 4454 tres
929 4401 1230 4472 congregati
1292 4401 1349 4454 in
1400 4399 1607 4453 nomine
1666 4414 1818 4463 meo,
1878 4406 1928 4452 et
1976 4413 2068 4467 ego

2169 3227 2237 3268 eo
2263 3213 2408 3282 quod
2432 3227 2528 3280 per
2557 3211 2717 3266 [idem
2750 3207 3179 3271 ambulavimus,
3212 3213 3272 3260 ut
3301 3211 3354 3258 et
3381 3218 3477 3273 per
3515 3200 3752 3270 speciem

2169 3312 2358 3374 postea
2386 3300 2750 3356 ambulemus.
2796 3297 3043 3368 Speciem
3085 3303 3266 3350 autem
3307 3294 3543 3350 dicimus
3564 3291 3754 3357 Verbi,

2169 3403 2224 3449 et
2268 3391 2568 3462 sapientiae,
2617 3397 2672 3443 et
2713 3388 2982 3450 veritatis,
3028 3394 3082 3440 et
3113 3385 3366 3454 justitiae,
3408 3393 3464 3438 et
3501 3384 3674 3452 pacis,
3702 3391 3757 3437 et

2170 3485 2416 3539 omnium
2463 3477 2728 3550 quidquid
2780 3485 2866 3531 est
2915 3475 3241 3546 Unigenitus
3291 3473 3456 3528 Deus.
3505 3472 3752 3542 Speciem

2171 3581 2352 3628 autem
2379 3568 2569 3632 Verbi,
2608 3575 2663 3622 et
2703 3564 2940 3634 speciem
2985 3563 3267 3633 sapientiae
3308 3561 3600 3632 intelliges.
3628 3575 3754 3616 cum

2169 3660 2506 3719 intellexeris
2547 3658 2694 3730 quod
2741 3657 2819 3712 ait
2863 3655 3161 3726 Apostolus
3193 3657 3212 3687 ²
3250 3670 3264 3706 :
3302 3653 3433 3707 Filii
3467 3653 3597 3717 mei,
3625 3669 3756 3721 quos

2171 3757 2366 3810 iterum
2399 3752 2669 3824 parturio,
2702 3749 2867 3804 donec
2914 3749 3173 3818 formetur
3208 3745 3451 3800 Christus
3496 3743 3549 3796 in
3589 3741 3751 3796 vobis.

2171 3849 2491 3906 Formatum
2519 3844 2664 3900 enim
2700 3841 2982 3898 Christum
3024 3837 3332 3908 intelligens
3357 3836 3411 3890 in
3437 3835 3642 3905 aliquo,
3677 3833 3758 3888 vi-

2171 3943 2327 4001 debis
2367 3945 2768 4009 consequenter
2805 3933 3104 3990 secundum
3140 3928 3522 3986 formationem
3561 3926 3758 3995 hujus-

2172 4035 2321 4091 modi
2366 4033 2530 4088 etiam
2582 4027 2820 4099 speciem
2863 4022 3090 4079 Christi.
3132 4023 3244 4076 Iste
3285 4034 3414 4090 ergo
3451 4017 3543 4089 qui
3598 4015 3758 4088 quasi

2175 4127 2341 4182 homo
2370 4135 2595 4194 peregre
2635 4125 2723 4173 est
2763 4113 3062 4194 profectus,
3105 4109 3322 4166 vocavit
3364 4123 3554 4164 servos
3601 4121 3754 4172 suos,

2172 4228 2226 4275 et
2257 4213 2480 4271 tradidit
2506 4213 2585 4267 eis
2611 4209 2894 4280 probatam
2929 4203 3220 4275 pecuniam
3248 4217 3405 4257 suam
3431 4201 3486 4254 in
3522 4198 3758 4270 eloquiis

2173 4308 2361 4364 castis.
2405 4302 2679 4371 Quoniam
2715 4298 2926 4368 eloquia
2973 4295 3124 4366 ejus,
3153 4295 3361 4365 eloquia
3409 4301 3534 4348 sunt
3583 4301 3759 4360 casta,

2176 4409 2454 4472 argentum
2485 4395 2732 4465 ignitum,
2757 4388 3048 4458 probabile,
3079 4395 3365 4459 purgatum
3391 4385 3578 4455 septies
3605 4385 3646 4439 ³.

487 4507 608 4546 sum
636 4494 693 4546 in
736 4494 908 4546 medio
947 4509 1165 4560 eorum,
1202 4501 1258 4548 et
1300 4501 1526 4559 caetera;
1577 4500 1634 4547 et
1668 4491 1762 4561 qui
1803 4492 1856 4545 in
1903 4491 2070 4562 883
2105 4501 2148 4556 D
2246 4494 2336 4549 66.
2369 4491 2437 4545 Et
2464 4490 2557 4543 uni
2586 4487 2729 4541 dedit
2773 4485 2998 4554 quinque
3040 4481 3262 4543 talenta,
3293 4477 3392 4532 alii
3421 4487 3599 4530 autem
3629 4477 3756 4542 duo,

492 4583 674 4637 medio
737 4584 901 4637 etiam
960 4586 1320 4640 nescientium
1377 4599 1439 4640 se
1503 4584 1792 4650 consistit,
1858 4581 2066 4654 Unige-

492 4675 639 4729 nitus
675 4673 768 4728 Dei
802 4683 904 4741 est,
935 4674 1079 4730 Deus
1109 4675 1365 4740 Verbum,
1405 4684 1458 4730 et
1500 4675 1790 4745 sapientia,
1814 4683 1868 4729 et
1905 4674 2071 4743 justi-

491 4770 597 4834 tia,
633 4780 689 4826 et
726 4771 935 4825 veritas
957 4809 972 4831 .
1024 4770 1118 4840 qui
1165 4785 1272 4826 non
1305 4779 1390 4826 est
1422 4785 1685 4840 corporeo
1725 4769 1932 4824 ambitu
1961 4767 2071 4822 cir-

489 4863 828 4917 cumelusus.
854 4862 1164 4917 Secundum
1190 4863 1332 4917 hanc
1353 4862 1652 4918 divinitatis
1677 4877 1791 4918 suae
1816 4871 2068 4916 naturam

491 4969 601 5010 non
627 4955 1027 5025 peregrinatur,
1067 4955 1160 5010 sed
1208 4956 1585 5026 peregrinatur
1616 4953 1916 5009 secundum
1951 4951 2066 5006 dis-

491 5045 867 5116 pensationem
913 5047 1158 5115 corporis
1220 5045 1366 5114 quod
1429 5045 1689 5115 suscepit.
1750 5043 2066 5100 Secundum

491 5137 638 5207 quod
668 5146 722 5192 et
749 5137 1000 5192 turbatus
1044 5146 1146 5204 est,
1189 5147 1244 5192 et
1278 5137 1450 5193 tristis
1486 5137 1662 5193 factus
1687 5146 1790 5199 est,
1825 5137 2015 5192 dicens
2049 5150 2065 5187 :

493 5231 653 5286 Nunc
688 5231 868 5284 anima
895 5247 1010 5284 mea
1043 5230 1290 5283 turbatur
1316 5230 1385 5283 ".
1414 5229 1480 5283 Et
1505 5230 1701 5284 iterum
1730 5248 1743 5282 :
1773 5227 1965 5282 Tristis
1991 5235 2070 5280 est

491 5325 670 5378 anima
704 5339 818 5376 mea
843 5339 1004 5390 usque
1030 5323 1100 5375 ad
1127 5332 1345 5376 mortem
1367 5323 1434 5375 π.
1470 5320 1594 5376 Ηωο
1617 5330 1796 5376 autem
1825 5320 2070 5375 dicentes

489 5430 600 5468 non
631 5414 894 5468 solvimus
937 5413 1174 5482 suscepti
1220 5413 1465 5484 corporis
1509 5414 1809 5481 hominem,
1840 5427 1962 5468 cum
1999 5413 2071 5468 sit

559 5579 604 5611 ⁸⁷
630 5574 792 5631 Prov.
821 5591 897 5640 γι,
931 5577 1000 5640 4;
1029 5573 1173 5628 Psal.
1200 5588 1385 5639 cxxxt,
1418 5573 1472 5627 4.
1548 5573 1594 5606 ⁸⁸
1634 5572 1823 5627 Matth.
1853 5586 1980 5633 xxv,
2015 5569 2102 5640 i4.

489 5651 535 5680 "
575 5648 764 5702 Matth.
797 5661 1004 5708 xxvnt,
1055 5646 1146 5696 20.
1237 5643 1283 5674 ⁹³
1321 5644 1480 5699 Joan.
1519 5661 1572 5709 ι,
1602 5645 1694 5707 26,
1748 5644 1838 5696 27.

490 5720 534 5749 ’⁷
561 5719 579 5768 1
603 5716 760 5768 Joan.
819 5731 894 5778 IV,
919 5717 972 5768 5.
1047 5715 1093 5747 ⁸⁸
1123 5713 1140 5765 Ι
1169 5712 1298 5770 Cor.
1349 5732 1425 5783 γι,
1461 5716 1541 5770 l6.

492 5788 514 5818 ⁸
544 5785 736 5839 Matth.
765 5799 896 5852 xw,
936 5784 1001 5837 15
1034 5791 1088 5838 et
1120 5798 1272 5854 seqq.

1951 5641 1999 5674 ⁸⁵
2039 5637 2058 5690 1
2090 5639 2218 5693 Cor.
2253 5653 2307 5700 ν,
2359 5635 2475 5689 5-5.

1637 5717 1680 5748 ’⁵
1710 5712 1900 5772 Matth.
1955 5726 2149 5779 xxvm,
2187 5708 2277 5762 ΞΟ.

2171 4589 2265 4644 alii
2291 4602 2409 4642 vero
2441 4597 2626 4638 unum.
2659 4579 2950 4648 Unicuique
2971 4582 3148 4629 autem
3170 4571 3458 4627 secundum
3487 4569 3760 4639 propriam

2170 4680 2437 4734 virtutem.
2472 4672 2540 4726 Et
2584 4669 2854 4742 profectus
2901 4676 2978 4720 est
3015 4664 3222 4718 statim.
3265 4661 3412 4714 Abiit
3448 4668 3626 4714 autem
3667 4658 3757 4728 qui

2173 4770 2399 4841 quinque
2435 4764 2636 4819 talenta
2667 4766 2958 4829 acceperat,
2989 4765 3040 4811 et
3073 4763 3318 4824 operatus
3351 4763 3430 4807 est
3481 4752 3540 4804 in
3583 4752 3678 4813 eis,
3706 4758 3755 4802 et

2175 4840 2413 4916 fucratus
2443 4866 2519 4911 est
2551 4855 2664 4909 alia
2706 4854 2936 4924 quinque
2968 4847 3191 4903 talenta.
3223 4843 3485 4900 Similiter
3523 4843 3614 4912 qui
3648 4840 3751 4893 duo

2175 4952 2396 5021 accepit,
2423 4949 2661 5003 lucratus
2685 4953 2762 4999 est
2787 4944 2841 4998 in
2864 4943 2939 4997 eis
2969 4941 3076 4994 duo
3101 4938 3232 4994 alia.
3264 4937 3368 5002 Qui
3389 4945 3565 4989 autem
3590 4947 3754 4986 unum

2174 5045 2396 5115 accepit,
2425 5041 2605 5095 abiens
2654 5037 2789 5107 fodit
2837 5037 2889 5088 in
2943 5043 3162 5097 terram,
3195 5042 3242 5085 et
3283 5027 3557 5083 abscondit
3594 5040 3724 5096 pecu

2175 5138 2321 5192 niam
2349 5131 2549 5187 domini
2588 5129 2671 5184 sui
2711 5128 2754 5180 ⁸.
2780 5124 2924 5195 Ergo
2967 5123 3012 5178 si
3055 5121 3277 5192 quando
3321 5119 3524 5174 videris
3566 5131 3757 5172 eorum

2178 5227 2273 5299 qui
2314 5231 2642 5294 acceperunt
2679 5234 2708 5274 a
2751 5217 2974 5274 Christo
3012 5211 3472 5282 dispensationem
3509 5211 3763 5279 eloquio-

2179 5336 2299 5376 rum
2348 5317 2464 5381 Dei,
2512 5315 2650 5369 alios
2699 5311 2919 5382 quidem
2973 5307 3176 5361 habere
3226 5303 3480 5372 amplius,
3515 5311 3569 5358 et
3616 5301 3760 5357 divi-

2179 5411 2324 5474 nius,
2363 5415 2418 5463 et
2444 5401 2831 5465 abundantius,
2868 5397 3004 5453 alios
3037 5404 3216 5450 autem
3250 5394 3454 5463 minus,
3477 5405 3550 5460 et,
3589 5402 3651 5450 ut
3681 5393 3760 5449 ita

3160 5553 3203 5584 θί
3238 5551 3426 5607 Matth.
3460 5569 3627 5615 xvm.
3661 5553 3754 5608 ‘20.

3199 5624 3246 5654 ’°
3270 5624 3458 5677 Matth.
3490 5641 3634 5686 XXVI,
3662 5625 3752 5678 58.

3367 5696 3386 5726 ⁸
3417 5693 3561 5749 Psal.
3589 5711 3668 5763 XI,
3699 5694 3752 5749 7.

2179 5567 2223 5599 ⁸⁸
2261 5563 2434 5619 lCor.
2463 5578 2559 5616 vui
2584 5599 2599 5623 ,
2631 5559 2684 5613 6.
2761 5555 2809 5587 ⁹⁰
2841 5553 2972 5608 ibid.
3007 5551 3058 5623 5.

2583 5622 2628 5663 π
2659 5631 2818 5685 Joan.
2847 5639 2945 5682 xu.
3000 5622 3087 5675 17.

2394 5706 2409 5736 ¹
2437 5707 2453 5759 l
2479 5704 2607 5759 Cor.
2651 5718 2705 5771 v,
2742 5701 2794 5753 6.
2874 5697 2894 5725 ³
2923 5692 3040 5749 Gal.
3071 5708 3142 5762 Iv,
3172 5693 3256 5750 l9.
