4112 6420
337 404 476 459 I705

1485 391 2153 450 (ZONIMENTARIORUM
2199 394 2460 450 SERIES.

3466 403 3601 459 ιτοσ

333 529 534 592 dicam,
580 538 754 593 neque
810 522 865 576 in
914 517 1142 576 dimidio
1194 517 1558 597 intelligentes
1595 532 1778 570 rerum
1823 531 1915 568 ne-
1946 519 1993 575 Α
2021 513 2071 567 ei
2099 514 2493 570 sublimiorem.
2533 515 2658 570 Erat
2703 526 2882 572 autem
2933 517 3129 588 aliquis
3173 535 3454 575 servorum
3498 525 3600 574 mi-

335 621 480 690 gotia
505 615 910 687 comparatione
941 628 1130 668 eorum
1163 611 1255 681 qui
1290 611 1457 664 multo
1485 619 1611 664 sunt
1635 610 1912 674 meliores,

334 715 471 768 alios
499 722 676 765 autem
706 709 884 762 adhuc
922 706 1106 759 minus
1151 704 1380 769 habere;
1434 703 1641 759 videbis
1671 704 1918 758 differen-

335 807 439 860 tias
475 820 662 858 eorum
699 801 788 870 qui
823 798 1039 867 eloquia
1081 796 1174 850 Dei
1213 807 1572 865 susceperunt
1602 811 1631 849 a
1665 795 1907 860 Christo,

334 895 590 965 quoniam
613 893 725 947 alia
777 890 876 943 fuit
912 889 1084 941 virtus
1114 902 1302 940 eorum
1355 887 1558 954 quibus
1609 886 1734 941 data
1785 897 1911 942 sunt

335 988 575 1057 quinque
596 986 815 1047 talenta,
848 982 950 1035 alia
982 980 1180 1050 quibus
1209 979 1338 1040 duo,
1362 978 1467 1031 alia
1491 979 1687 1047 quibus
1718 995 1906 1043 unum,

334 1087 387 1132 et
419 1077 552 1129 alter
599 1074 821 1126 alterius
877 1087 983 1125 non
1030 1068 1276 1138 capiebat
1329 1083 1660 1121 mensuram.
1711 1067 1776 1122 Et
1816 1068 1908 1138 qui

333 1167 539 1234 accepit
573 1165 834 1218 talentum
867 1178 1056 1225 unum,
1089 1160 1295 1229 accepit
1329 1160 1546 1229 quidem
1580 1161 1764 1214 datum
1802 1177 1909 1217 non

330 1255 738 1324 contemptibile
773 1272 786 1307 :
815 1253 1046 1306 multum
1071 1261 1153 1306 est
1182 1253 1326 1305 enim
1363 1260 1415 1304 et
1446 1267 1612 1304 unum
1649 1253 1908 1306 talentum

329 1349 454 1404 talis
485 1348 710 1402 domini.
749 1346 952 1399 Tamen
1001 1353 1111 1398 tres
1164 1353 1289 1398 sunt
1340 1344 1543 1412 proprii
1598 1345 1739 1398 servi
1791 1345 1910 1414 ejus

329 1441 423 1512 qui
454 1454 675 1508 peregre
710 1435 984 1506 profectus
1009 1447 1092 1489 est
1122 1435 1278 1502 quasi
1314 1436 1498 1498 homo,
1541 1435 1683 1490 sicut
1729 1444 1782 1488 et
1807 1435 1907 1489 tria

330 1544 527 1599 genera
574 1537 698 1582 sunt
731 1541 918 1579 eorum
969 1525 1060 1594 qui
1112 1524 1346 1578 fructum
1401 1524 1626 1579 faciunt.
1661 1524 1905 1590 Quorum

328 1621 550 1690 quidam
602 1618 820 1688 quidem
869 1615 1078 1671 faciunt
1133 1627 1392 1682 centum,
1444 1617 1664 1685 quidam
1723 1627 1904 1672 autem

329 1712 632 1782 sexaginta,
663 1711 882 1780 quidam
929 1723 1060 1763 vero
1092 1709 1331 1779 triginta.
1368 1706 1473 1763 Sed
1515 1708 1587 1762 ibi
1621 1709 1782 1762 etiam
1819 1709 1907 1762 ille

327 1805 420 1874 qui
452 1805 667 1874 triginta
702 1804 848 1870 fecit,
877 1803 1150 1858 salvator:
1183 1802 1270 1856 hic
1300 1810 1479 1856 autem
1516 1817 1699 1857 sermo
1728 1803 1906 1872 arguit

2023 621 2211 660 norem
2245 607 2502 676 colligens
2544 608 2644 662 sibi
2694 609 2970 676 virtutem,
3003 621 3223 680 propter
3248 628 3413 682 quam
3445 614 3603 682 quasi

2023 696 2207 751 niinus
2239 699 2443 767 potenti
2477 715 2646 752 unutn
2689 701 2949 754 talentum
2979 702 3369 771 paterfamilias
3399 704 3550 760 dedit
3585 723 3600 760 :

2021 789 2166 856 quod
2197 789 2468 858 accipiens
2493 807 2682 844 servus
2706 792 2912 847 habens
2939 793 3176 863 aliquam
3214 803 3411 849 terram
3442 794 3600 864 fodit,

2019 890 2074 935 et
2104 881 2157 934 in
2193 881 2504 936 altitudines
2539 882 2720 952 posuit
2745 883 2884 952 ejus,
2921 899 3042 937 cum
3077 885 3353 940 debuisset
3379 902 3598 942 sursum

2019 972 2161 1026 etin
2209 987 2428 1026 mensas
2473 973 2522 1026 id
2573 974 2805 1028 mittere.
2851 973 3119 1040 Quoniam
3174 984 3355 1030 autem
3395 980 3598 1048 proprii

2019 1064 2161 1118 servi
2187 1073 2296 1118 tres
2319 1063 2624 1119 referuntur
2651 1066 2794 1120 illius
2820 1067 3224 1136 patrisfamilias
3249 1085 3389 1134 esse,
3414 1085 3600 1139 quacro

2019 1155 2063 1209 si
2093 1165 2328 1225 possunt
2361 1165 2650 1226 postquam
2678 1158 3024 1213 crediderunt
3061 1169 3113 1214 et
3142 1161 3280 1215 servi
3316 1161 3443 1216 facti
3470 1171 3598 1216 sunt
3669 1151 3674 1155 ’

2020 1249 2162 1316 ejus,
2196 1247 2352 1316 quasi
2383 1257 2630 1318 potentes
2660 1249 2946 1319 negotiari.
2987 1247 3181 1304 Postea
3215 1263 3538 1320 acceperunt
3564 1268 3596 1307 a

2018 1338 2411 1408 patrefamilias
2460 1341 2746 1409 pecuniam
2795 1341 2936 1411 ejus,
2992 1350 3049 1397 nt
3105 1343 3325 1412 quidam
3375 1344 3595 1414 quidem

2015 1439 2272 1499 operatus
2303 1431 2373 1485 sit
2402 1439 2455 1486 et
2484 1431 2753 1498 lucratus,
2779 1433 2919 1488 alius
2953 1443 3133 1488 autem
3168 1433 3428 1499 lucratus,
3455 1436 3596 1490 alius

2013 1538 2141 1576 vero
2175 1523 2501 1592 praetimere
2531 1540 2636 1578 non
2670 1526 2802 1580 satis
2829 1526 3021 1591 ﬁdelis,
3056 1527 3261 1581 domini
3297 1527 3381 1581 sui
3407 1527 3597 1583 infodit

2013 1626 2065 1669 et
2099 1615 2386 1670 abscondit
2433 1617 2740 1684 pecuniam.
2781 1616 2848 1671 Et
2890 1628 3113 1687 apparet
3156 1619 3211 1673 in
3261 1619 3377 1689 ipsa
3405 1618 3596 1673 defen~

2013 1707 2166 1761 sione
2197 1722 2291 1776 per
2336 1723 2501 1776 quam
2552 1707 2812 1777 loquitur,
2854 1709 3112 1778 quoniam
3161 1709 3342 1762 timuit
3373 1710 3592 1780 quidem

2011 1798 2292 1852 dominum
2338 1799 2542 1854 habens
2585 1798 2678 1854 Dei
2727 1799 2975 1854 timorem
3002 1841 3016 1866 ,
3050 1800 3192 1854 sicut
3229 1799 3367 1853 alter
3416 1801 3591 1853 zelum

328 1873 454 1949 eum
497 1873 591 1964 qui
646 1911 812 1948 unum
859 1890 1148 1962 acceperat
1187 1892 1482 1960 talentum,
1526 1902 1581 1948 et
1622 1895 1903 1950 abscondit
1943 1873 1980 1926 [⁵
2012 1889 2141 1956 Dei,
2177 1907 2282 1945 non
2319 1900 2500 1945 autem
2546 1891 2844 1946 secundum
2879 1890 3161 1946 scientiam
3210 1893 3432 1957 timens,
3463 1891 3590 1944 abs-

329 1987 384 2039 in
435 1998 653 2040 terram.
699 1985 765 2040 Et
812 2001 997 2057 quacro
1046 1984 1138 2054 qui
1169 1985 1410 2053 quinque
1455 1996 1779 2055 acceperant
1821 1996 1902 2042 ta-

327 2077 493 2140 lenta,
529 2079 573 2132 si
605 2091 833 2146 possunt
873 2077 1097 2146 intelligi
1127 2077 1497 2146 perfectiores,
1529 2079 1620 2147 qui
1665 2079 1901 2134 divinio-

327 2186 439 2224 rem
475 2180 528 2224 et
560 2170 932 2224 sublimiorem
965 2179 1290 2237 acceperunt
1319 2186 1540 2224 sensum
1575 2171 1897 2240 Scripturaa;

327 2261 419 2329 qui
454 2261 562 2314 duo
595 2270 773 2315 autem
817 2271 1162 2330 acceperunt,
1203 2277 1364 2332 super
1393 2262 1627 2316 litteram
1657 2263 1898 2332 quidem,

327 2351 489 2419 paulo
524 2361 702 2405 autem
736 2353 986 2421 superius
1016 2353 1398 2419 ascenderunt,
1438 2361 1492 2408 et
1540 2369 1648 2407 non
1688 2355 1753 2408 ad
1787 2372 1900 2410 ma-

327 2440 662 2506 gnitudinem
692 2443 835 2498 illam
865 2443 1154 2499 ascendere
1175 2454 1496 2514 potuerunt;
1529 2445 1671 2499 tertii
1695 2456 1897 2512 autem,

325 2531 419 2598 qui
451 2531 587 2586 nihil
618 2548 779 2601 super
816 2533 1045 2588 litteram
1069 2549 1230 2602 quam
1261 2545 1585 2604 acceperunt
1611 2538 1663 2589 in
1688 2537 1897 2605 primis.

327 2619 423 2673 Est
450 2636 580 2689 ergo
609 2629 663 2675 et
706 2623 773 2676 tle
818 2623 1060 2678 numeris
1104 2624 1325 2677 omnino
1367 2625 1419 2677 in
1461 2623 1545 2679 bis
1578 2625 1900 2696 quaaloqui-

326 2726 452 2764 mur
479 2711 676 2780 dignus
723 2729 903 2767 sermo
949 2715 1040 2768 tali
1085 2724 1273 2768 nostro
1323 2713 1552 2770 Domino
1597 2715 1897 2773 Salvatore.

326 2800 458 2856 Dico
493 2813 672 2858 autem
715 2804 781 2859 de
830 2807 1090 2876 quinque,
1136 2815 1190 2860 et
1235 2807 1479 2872 duobus,
1526 2818 1581 2864 et
1628 2825 1758 2866 uno.
1791 2809 1901 2866 Nos

324 2901 506 2947 autem
559 2896 757 2950 modici
813 2906 867 2949 et
933 2898 1057 2952 talia
1102 2897 1285 2953 minus
1337 2900 1609 2968 evplieare
1653 2911 1902 2970 potentes

325 2985 728 3050 existimamus,
777 3004 844 3042 ne
887 2989 1026 3043 forte
1066 2990 1193 3058 quia
1245 2991 1427 3044 omnia
1468 2992 1686 3061 quidem
1727 2996 1904 3049 sensi-

324 3078 451 3132 bilia
481 3080 884 3149 Scripturarum
917 3091 1148 3150 possunt
1196 3082 1463 3137 deducere
1494 3085 1560 3138 ad
1592 3101 1785 3140 sensus
1816 3087 1902 3140 di-

323 3169 564 3225 viniores
601 3187 738 3241 quos
780 3171 1037 3226 Salomon
1071 3175 1090 3204 "
1124 3172 1338 3228 divinos
1383 3175 1635 3244 appellat,
1672 3186 1726 3231 et
1763 3195 1902 3248 quos

323 3261 454 3315 dicit
485 3261 750 3316 Jeremias
777 3264 797 3294 °
829 3279 1024 3318 sensus
1053 3265 1262 3330 cordis,
1297 3274 1350 3319 et
1381 3267 1472 3335 qui
1505 3269 1571 3321 ad
1603 3266 1858 3324 Hebraeos
1881 3272 1901 3302 ⁷

322 3353 582 3409 dicuntur
605 3371 634 3409 a
665 3355 832 3410 Paulo
866 3371 1060 3410 sensus
1089 3358 1369 3411 exercitati
1400 3359 1465 3411 ad
1497 3359 1901 3418 discretionem.

319 3440 456 3498 Boni
505 3461 724 3516 quoque
767 3456 820 3500 et
851 3447 903 3500 hi
933 3455 1059 3501 sunt
1093 3447 1186 3516 qui
1229 3458 1384 3503 extra
1421 3450 1662 3520 quinque
1704 3453 1901 3508 talenta

319 3538 426 3592 alia
456 3539 697 3608 quinque
725 3548 854 3593 sunt
893 3541 1089 3597 lucrati
1112 3583 1126 3606 ,
1157 3552 1445 3609 operantes
1482 3544 1538 3596 in
1565 3544 1678 3609 eis,
1718 3553 1772 3598 ct
1810 3561 1904 3613 per

319 3630 624 3687 doctrinam
674 3634 1038 3688 exercitantes
1088 3636 1336 3704 seipsos,
1397 3643 1445 3687 et
1504 3634 1570 3688 ad
1634 3635 1898 3703 majorem

321 3723 604 3777 scientiam
649 3726 938 3793 erigentes.
965 3725 1285 3778 Conversati
1321 3725 1464 3777 enim
1507 3724 1820 3780 salutariter
1850 3734 1903 3779 et

321 3813 564 3868 studiose
588 3813 865 3878 docentes,
897 3815 1100 3882 operati
1130 3823 1258 3867 sunt
1301 3823 1354 3867 et
1393 3815 1590 3868 literati
1635 3825 1762 3869 sunt
1795 3816 1900 3870 alia

321 3905 605 3972 quinque;
637 3903 765 3971 quia
817 3918 976 3957 nemo
1029 3903 1186 3958 facile
1231 3904 1660 3958 additamentum
1695 3908 1902 3974 accepit

318 3993 538 4048 virtutis
569 3994 813 4059 alterius,
847 3995 950 4049 nisi
984 3994 1103 4063 ejus
1129 4011 1292 4064 quam
1327 3996 1488 4049 habet
1522 4012 1534 4047 :
1563 4005 1773 4066 ulputa,
1809 4013 1892 4051 sa-

319 4083 476 4150 piens
521 4083 574 4137 in
608 4085 874 4154 sapientia
915 4085 1130 4148 crescit,
1165 4086 1337 4141 fidelis
1379 4086 1432 4139 in
1471 4085 1596 4140 fide.
1643 4088 1752 4142 Aut
1781 4087 1897 4142 ita:

323 4175 442 4228 Alia
509 4176 795 4245 acquisivit
859 4177 1134 4246 quinque,
1204 4177 1461 4246 quoniam
1523 4178 1903 4248 unusquisque

320 4266 465 4336 quod
500 4266 614 4336 ipse
646 4269 768 4331 scit,
802 4267 905 4322 hoc
954 4269 1112 4323 docet
1153 4269 1419 4334 alterum,
1465 4279 1518 4324 et
1551 4283 1753 4340 quanta
1788 4270 1902 4339 ipse

322 4358 446 4424 scit,
477 4365 627 4412 tanta
674 4359 904 4413 alterum
943 4359 1121 4427 docet,
1162 4375 1269 4414 non
1306 4361 1562 4430 amplius.
1605 4360 1900 4431 Propterea

321 4449 584 4520 quidquid
614 4449 784 4521 884
837 4450 1089 4504 habuerit
1140 4451 1264 4520 quis
1313 4452 1368 4505 in
1406 4467 1498 4520 se,
1531 4453 1635 4507 hoc
1668 4454 1899 4508 alterum

2003 1984 2187 2038 condit
2234 1983 2493 2038 talentum
2545 1998 2705 2038 suum
2750 1983 2806 2037 in
2852 1992 3017 2038 terra.
3054 1983 3210 2038 Tales
3250 1994 3380 2038 sunt
3409 1991 3590 2037 autem

2003 2075 2101 2146 qui
2137 2090 2314 2145 neque
2348 2084 2586 2141 movent,
2617 2091 2794 2145 neque
2822 2075 3125 2130 discutiunt
3158 2091 3280 2146 qua:
3307 2075 3588 2138 dicuntur,

2003 2181 2182 2235 neque
2211 2166 2422 2236 seipsos
2455 2167 2520 2220 ad
2546 2166 2945 2236 proditicandas
2972 2167 3184 2222 animas
3217 2167 3458 2234 tradunt,
3494 2171 3586 2223 sed

2002 2257 2174 2314 latere
2218 2259 2409 2314 volunt
2456 2273 2578 2327 quae
2627 2267 2956 2328 acceperunt
3001 2269 3053 2314 et
3103 2257 3294 2313 crediti
3344 2272 3490 2313 sunt.
3531 2258 3588 2312 Si

2001 2351 2222 2422 quando
2257 2366 2388 2422 ergo
2419 2350 2622 2406 videris
2666 2351 2901 2420 aliquem
2940 2351 3035 2420 qui
3080 2351 3336 2405 virtutem
3365 2351 3586 2420 quidem

2003 2443 2244 2513 aliquam
2293 2441 2585 2512 acquisivit
2633 2450 2688 2496 et
2739 2441 2905 2496 habet
2955 2442 3209 2508 dicendi,
3265 2451 3321 2497 et
3377 2443 3590 2496 animas

2003 2545 2488 2606 quantumcunque
2542 2533 2976 2603 prodificantcm,
3027 2542 3082 2588 et
3137 2535 3279 2589 hanc
3333 2534 3586 2589 virtutem

2003 2627 2282 2688 occultat,
2328 2635 2386 2680 ut
2440 2626 2816 2680 tantummodo
2869 2625 3044 2680 tradat
3099 2627 3322 2680 verbum
3376 2627 3586 2682 nudum

2003 2722 2150 2792 quod
2175 2721 2413 2776 creditus
2445 2728 2530 2774 est
2555 2728 2608 2774 et
2641 2720 2869 2789 accepit,
2895 2729 2950 2775 et
2980 2721 3290 2790 depositum
3327 2721 3448 2791 ejus
3481 2721 3585 2775 do-

2003 2813 2155 2866 mino
2185 2827 2308 2878 suo,
2337 2821 2391 2866 et
2420 2813 2552 2865 vivit
2577 2810 2630 2864 in
2665 2812 2902 2866 obscuro
2936 2812 3122 2866 multis
3158 2812 3379 2881 ignotus
3415 2812 3581 2866 etiam

2003 2916 2200 2971 magna
2256 2910 2474 2970 peccata
2526 2902 2881 2968 habentibus,
2936 2910 2990 2956 et
3040 2919 3145 2956 non
3192 2917 3251 2957 se
3290 2902 3497 2972 profert
3533 2904 3588 2957 in.

2003 2992 2149 3046 bono
2178 2991 2321 3060 quod
2347 3006 2378 3044 a
2405 2989 2515 3044 Deo
2544 2992 2770 3060 accepit,
2799 2991 3049 3061 quamvis
3077 2992 3274 3046 habeat
3293 2993 3586 3062 quamdam

2003 3083 2318 3153 religionem
2353 3083 2787 3138 conversationis
2810 3100 2916 3137 non
2942 3084 3348 3152 vituperabilem
3378 3086 3583 3148 multis,

1931 3205 1975 3264 ο
2006 3190 2116 3228 non
2158 3173 2374 3228 dubites
2415 3174 2594 3228 dicere
2642 3189 2768 3228 eum
2798 3175 2956 3228 talem
2993 3190 3114 3230 esse
3157 3176 3250 3246 qui
3295 3192 3467 3231 unum
3500 3188 3584 3232 ta-

2008 3265 2214 3318 lentum
2259 3265 2486 3334 accepit,
2531 3272 2586 3318 et
2619 3264 2906 3319 abscondit
2940 3265 2992 3318 id
3026 3266 3077 3318 in
3115 3276 3280 3320 terra.
3319 3266 3374 3321 Si
3402 3277 3584 3323 autem

2004 3364 2225 3424 propter
2254 3353 2386 3409 illud
2415 3354 2558 3424 quod
2585 3356 2847 3423 scriptum
2874 3365 2979 3418 est,
3006 3371 3130 3409 eum
3166 3358 3324 3412 talem
3361 3360 3501 3413 mitti
3531 3360 3587 3414 in

2006 3445 2262 3500 tenebras
2311 3446 2630 3513 exteriores,
2665 3447 2917 3516 displicet
2961 3448 3054 3502 tibi
3104 3450 3248 3517 quod
3283 3450 3503 3514 dicitur,
3542 3455 3586 3505 si

2006 3545 2288 3605 propterea
2321 3538 2466 3604 quod
2518 3551 2626 3589 non
2678 3536 2864 3590 docuit
2912 3537 3072 3605 quis.
3111 3539 3386 3607 judicatur
3429 3557 3584 3611 quasi.

2005 3626 2098 3694 qui
2126 3625 2250 3678 data
2282 3625 2386 3680 sibi
2429 3627 2627 3680 virtute
2660 3627 2727 3680 ad
2769 3629 3234 3697 prodificationcm
3274 3632 3582 3687 animarum

2007 3731 2116 3769 non
2149 3724 2234 3770 est
2277 3730 2432 3782 usus,
2471 3717 2759 3772 recordare
2801 3720 3158 3787 apostolicum
3200 3721 3404 3777 dictum
3437 3728 3582 3793 quod

2004 3807 2080 3860 ait
2111 3822 2124 3856 :
2172 3805 2260 3860 Va:
2291 3806 2430 3860 enim
2455 3807 2585 3860 mihi
2613 3817 2712 3875 est,
2745 3809 2918 3862 sinon
2945 3811 3364 3880 evangelizarero
3398 3816 3438 3868 ⁸.
3464 3814 3582 3869 Non

2003 3897 2146 3951 enim
2196 3908 2415 3968 propter
2466 3899 2627 3954 aliam
2677 3917 3062 3971 quamcunque
3109 3909 3583 3964 conversationem

2004 4003 2159 4043 suam
2191 3989 2626 4058 vituperabilem,
2663 3994 2755 4047 sed
2781 4002 2999 4064 propter
3026 3994 3132 4050 hoc
3161 3998 3362 4065 solum,
3396 4000 3442 4054 si
3473 4016 3581 4054 non

2001 4079 2378 4147 praedicaverit
2408 4081 2784 4153 Evangelium,
2827 4100 2908 4139 va:
2952 4085 3054 4140 sibi
3105 4089 3392 4144 confitetur
3435 4089 3584 4144 futu-

2003 4187 2146 4225 rum.
2180 4171 2466 4228 Manifeste
2493 4175 2637 4228 enim
2669 4184 2891 4246 apparet
2920 4179 3177 4246 quoniam
3221 4179 3308 4234 ille
3345 4184 3582 4250 speravit

2003 4262 2192 4317 audire
2219 4281 2236 4320 ;
2264 4263 2418 4318 Serve
2451 4266 2590 4319 male
2621 4276 2671 4320 et
2713 4269 2858 4338 piger
2885 4269 2929 4334 ’,
2953 4279 3006 4324 et
3037 4278 3251 4336 caetera,
3274 4271 3377 4326 nisi
3411 4287 3580 4326 evan-

2003 4355 2312 4426 gelizasset,
2347 4359 2599 4426 quamvis
2648 4359 2752 4412 alia
2802 4360 2924 4414 vita:
2969 4361 3090 4430 ejus
3133 4373 3279 4417 recta
3325 4362 3578 4419 fuissent.

2007 4444 2133 4501 Haec
2161 4447 2306 4501 enim
2359 4456 2414 4502 et
2463 4448 2549 4502 his
2598 4449 2798 4504 similia
2843 4441 3042 4507 debent
3074 4452 3126 4506 in
3170 4462 3350 4506 mente
3380 4453 3580 4509 habere

322 4541 566 4596 docendo
622 4543 858 4610 acquirit
911 4542 963 4596 in
1020 4543 1213 4609 altero,
1265 4541 1472 4597 faciens
1518 4558 1644 4598 eum
1697 4543 1899 4600 habere
1930 4549 1975 4608 D
2006 4538 2241 4592 maXime
2289 4537 2383 4607 qui
2430 4539 2648 4593 ηιὶῑίυῐιι
2686 4555 2907 4594 manum
2954 4557 3144 4609 suam.
3174 4543 3226 4597 id
3259 4552 3344 4598 εει
3373 4554 3578 4607 aeluln.

320 4633 466 4703 quod
504 4633 665 4688 habet
698 4635 832 4704 ipse.
863 4632 1158 4702 Propterea
1191 4635 1432 4705 quinque
1460 4635 1666 4699 habuit,
1699 4646 1754 4689 et
1784 4651 1891 4690 non

321 4727 558 4798 amplius
590 4726 1149 4798 acquisiissedicitur,
1193 4728 1298 4782 nisi
1343 4727 1582 4797 quinque
1627 4743 1750 4798 quae
1793 4727 1894 4781 ha-

323 4819 457 4874 buit.
495 4817 561 4872 Et
588 4818 681 4889 qui
714 4819 843 4881 duo,
875 4833 982 4871 non
1005 4817 1240 4888 amplius
1267 4817 1373 4873 nisi
1401 4818 1510 4872 duo
1537 4832 1658 4885 qua:
1688 4817 1895 4870 habuit.

324 4909 382 4964 Si
433 4919 615 4965 autem
648 4911 909 4965 debemus
950 4917 1005 4964 et
1051 4910 1118 4965 de
1167 4909 1381 4964 duobus
1432 4908 1650 4964 talentis
1692 4909 1894 4974 dicere,

324 5009 379 5054 et
409 5001 476 5056 de
509 5003 614 5056 illis
646 5002 900 5067 dicimus,
924 5000 1179 5069 quoniam
1210 5000 1302 5069 qui
1340 5015 1448 5056 non
1480 5009 1897 5070 permanserunt

327 5089 382 5144 in
411 5091 610 5157 littera,
637 5094 728 5148 sed
758 5101 1062 5164 quaerentes
1088 5093 1379 5148 ascendere
1404 5106 1567 5146 sensu
1599 5106 1701 5145 suo
1732 5105 1897 5159 super

323 5198 467 5250 eam,
501 5199 606 5237 non
639 5195 817 5240 autem
854 5195 1098 5256 potentes
1126 5183 1410 5254 pervenire
1451 5197 1614 5252 super
1647 5181 1894 5236 ordinem

323 5274 702 5344 praedictorum
730 5276 983 5340 duorum,
1020 5275 1073 5329 hi
1101 5283 1228 5330 sunt
1262 5273 1355 5343 qui
1379 5273 1448 5327 ab
1478 5287 1543 5328 eo
1577 5272 1670 5340 qui
1703 5286 1900 5341 cogno-

321 5364 506 5418 swbat
561 5363 813 5416 virtutem
862 5380 1087 5429 eorum,
1133 5371 1461 5432 acceperunt
1510 5360 1706 5414 talenta
1753 5361 1896 5425 duo,

318 5454 658 5524 corporalem
717 5455 1021 5510 doctrinam
1077 5455 1274 5510 edocti.
1327 5452 1444 5506 Duo
1489 5452 1632 5506 enim
1687 5450 1900 5505 videtur

319 5547 558 5601 carnalis
599 5561 861 5601 numerus
892 5563 1013 5602 esse
1045 5565 1058 5600 :
1100 5555 1154 5600 et
1195 5561 1358 5616 super
1397 5545 1511 5599 hare
1550 5543 1744 5598 lucrati
1769 5551 1898 5597 sunt

323 5638 452 5708 duo,
483 5640 534 5694 iil
577 5648 660 5694 est
696 5639 1028 5710 corporalem
1056 5639 1435 5703 eruditionem,
1466 5647 1519 5692 et
1545 5635 1706 5690 aliam
1737 5635 1900 5706 paulo

2001 4629 2067 4683 ad
2118 4638 2360 4684 aratrum
2396 4630 2624 4685 docendi
2664 4631 2968 4687 doctrinam
3011 4633 3251 4700 Christi,
3287 4644 3346 4690 ut
3379 4651 3581 4706 cogno-

2004 4729 2218 4775 scentes
2254 4721 2456 4790 quibus
2483 4732 2568 4777 est
2594 4737 2704 4788 vat,
2738 4740 2842 4777 non
2873 4733 3096 4793 propter
3135 4725 3279 4780 aliud
3318 4725 3422 4780 nisi
3453 4728 3580 4796 quia

2005 4827 2113 4866 non
2164 4811 2397 4876 docent,
2451 4813 2782 4882 repositum,
2831 4831 2937 4869 non
2999 4824 3388 4870 convertantur
3435 4827 3582 4871 retro

2004 4912 2294 4972 postquam
2325 4905 2493 4958 semel
2523 4905 2774 4960 miserint
2803 4921 3024 4960 manum
3056 4922 3212 4962 suam
3237 4907 3304 4961 ad
3333 4918 3578 4963 aratrum

2004 5000 2250 5046 arantem
2286 4993 2499 5046 animas
2549 4995 2853 5059 hominum,
2880 5004 2938 5050 ut
2969 5009 3091 5066 post
3137 4998 3244 5052 hoc
3275 5008 3330 5053 et
3369 5001 3579 5054 semina

2004 5085 2305 5153 suscipiant
2331 5087 2504 5140 verbi.
2533 5085 2637 5141 lste
2663 5095 2841 5142 autem
2865 5089 2959 5158 qui
2987 5089 3128 5144 sicut
3155 5091 3320 5146 homo
3352 5106 3578 5162 peregre

2002 5174 2280 5244 profectus
2313 5177 2526 5232 vocavit
2560 5192 2747 5232 servos
2796 5193 2951 5241 suos.
2982 5190 3035 5235 et
3075 5183 3296 5238 tradidit
3319 5185 3399 5237 eis
3433 5183 3575 5238 bona

2001 5280 2135 5333 sua,
2166 5278 2291 5336 post
2334 5267 2564 5321 multum
2615 5268 2874 5337 temporis
2923 5271 3109 5338 venit,
3151 5284 3440 5343 postquam
3492 5275 3576 5326 di-

2003 5355 2153 5410 misit
2180 5367 2334 5424 aptos
2361 5357 2428 5410 ad
2460 5357 2843 5426 negotiandum
2873 5359 3177 5416 animarum
3213 5363 3442 5416 salutem
3476 5378 3490 5414 :
3523 5373 3576 5414 et

2003 5445 2130 5500 ideo
2176 5444 2403 5500 forsitan
2439 5462 2547 5500 non
2597 5445 2755 5501 facile
2799 5450 3072 5504 invenitur
3103 5451 3226 5520 quis
3260 5466 3328 5504 ex
3368 5451 3448 5504 eis
3479 5451 3574 5519 qui

2003 5538 2114 5608 apti
2149 5527 2352 5592 fuerint
2379 5537 2446 5592 ad
2475 5537 2787 5608 bujosmodi
2821 5554 2978 5608 Opus,
3010 5550 3070 5596 ut
3092 5543 3202 5596 cito
3240 5550 3481 5599 transeat
3507 5543 3575 5594 de

2008 5631 2109 5686 hac
2140 5631 2248 5685 vita
2276 5630 2458 5686 :sicut
2481 5638 2566 5684 est
2598 5631 2947 5688 manifestum
2977 5649 3043 5690 ex
3077 5649 3143 5692 eo
3170 5637 3316 5706 quod
3347 5642 3401 5692 et
3439 5650 3604 5706 apo»-

387 5813 410 5846 ‘
437 5811 600 5870 Prov.
635 5832 694 5880 n,
721 5816 774 5881 5,
812 5814 895 5869 l9.
973 5816 993 5846 ⁸
1025 5813 1220 5868 Jerem.
1251 5831 1323 5880 IV,
1357 5813 1442 5870 l9.
1517 5815 1536 5846 ⁷
1569 5829 1620 5882 v,
1651 5812 1734 5868 14.
1812 5811 1833 5844 ⁸
1869 5809 2037 5868 lCor.
2072 5827 2148 5882 ιι,
2186 5810 2267 5866 l6.
2343 5810 2364 5843 '
2396 5809 2587 5866 Matth.
2620 5827 2748 5878 xxv,
2776 5814 2866 5871 26.

691 5909 963 5968 ΡΑτιιοι.
1019 5903 1136 5965 (in.
1185 5907 1350 5974 Xlll.

2819 5931 2826 5935 ·
3133 5909 3210 5969 5's
