4112 6412
558 408 715 485 ῚἝἿδἹ

1765 410 2089 470 ORIGEXIS
2133 411 2196 465 ΙΝ
2240 411 2655 469 ΜᾹΤΤΙΙᾹΞΗΜ

3689 422 3829 476 1708

555 494 700 577 ⁸εκ)Ιί
736 529 1053 589 senuerunt,
1099 538 1165 577 ex
1211 523 1409 591 quibus
1454 523 1585 577 dicit
1618 523 1685 577 ad
1716 523 1935 579 Petrum
1967 541 1980 577 :
2015 525 2148 578 Cum
2184 539 2220 587 Α
2255 522 2448 578 Omnia
2474 527 2617 581 enim
2646 526 2717 581 ibi
2742 526 3076 582 delcctabilia
3102 537 3153 583 et
3175 528 3357 584 omnia
3377 528 3831 601 gaudia,quando

573 614 828 677 senueris,
878 615 1120 668 extendes
1170 630 1385 667 manum
1431 626 1575 668 tuam
1617 617 1682 682 “,
1726 624 1781 671 et
1824 626 2036 671 caetera.
2077 615 2149 671 De

576 702 746 755 Paulo
775 713 952 756 autem
986 703 1188 756 dictum
1221 712 1304 757 est
1330 704 1393 758 ad
1424 702 1794 758 Philemonem
1823 720 1836 756 :
1870 702 2025 757 Nunc
2052 721 2150 757 au-

576 805 675 847 tent
715 804 773 847 ut
807 792 1015 848 Paulus
1060 811 1215 849 senem
1260 795 1321 861 “,
1352 812 1477 850 cum
1525 805 1669 851 esset
1712 797 2149 851 adolescentulus

572 886 791 956 quando
815 885 1127 956 Stephanus
1157 903 1255 957 pro
1288 888 1491 943 Christi
1522 888 1833 943 testimonio
1867 886 2147 958 lapidaba-

567 987 693 1043 tur,
746 986 800 1032 et
852 978 968 1046 ipse
1016 979 1339 1034 vestimenta
1398 979 1651 1034 servabat
1702 979 2142 1035 interficiendum

567 1085 693 1125 eum
723 1072 787 1125 ¹².
819 1068 937 1123 Hoc
963 1080 1143 1125 autem
1176 1070 1415 1125 diximus
1434 1082 1719 1143 propterea
1744 1071 1887 1142 quod
1914 1071 2045 1126 dicit
2065 1071 2140 1123 ":

570 1162 697 1215 Post
738 1162 963 1216 mullum
997 1164 1243 1233 temporis
1278 1166 1416 1217 venit
1454 1162 1698 1218 dominus
1729 1179 1994 1218 servorum
2016 1162 2143 1217 illo-

563 1268 703 1306 rum.
740 1252 804 1306 Et
833 1254 1061 1308 observa
1098 1255 1150 1308 in
1201 1254 1304 1310 hoc
1346 1254 1467 1309 loco
1506 1254 1763 1325 quoniam
1802 1270 1910 1309 non
1939 1253 2005 1309 ad
2038 1253 2141 1309 do-

563 1346 770 1398 minum
800 1345 1008 1400 vadunt
1039 1356 1096 1400 nt
1120 1346 1434 1415 judicenlur
1464 1355 1518 1401 et
1559 1346 1722 1417 digna
1766 1345 1977 1401 actibus
2024 1344 2142 1401 suis

560 1436 852 1506 recipiant,
886 1437 977 1491 sed
1010 1434 1265 1491 dominus
1292 1438 1433 1492 venit
1465 1438 1529 1491 ad
1564 1453 1658 1492 eos
1688 1452 1810 1492 cum
1845 1436 2010 1491 fuerit
2033 1437 2138 1490 int-

561 1528 764 1596 plctum
809 1529 953 1598 quod
1004 1530 1209 1583 dictum
1256 1538 1359 1593 est,
1407 1530 1665 1600 quoniam
1712 1530 1858 1584 venit
1899 1538 2135 1599 tempus.

2251 617 2344 685 qui
2379 617 2467 671 hic
2494 617 2643 677 ﬂent.
2694 618 2767 673 ibi
2814 620 3105 686 ridebunt,
3153 630 3209 675 et
3247 624 3341 691 qui
3375 622 3714 679 laudabiliter
3741 627 3827 680 lu-

2249 714 2397 775 gent,
2422 708 2846 764 consolationem
2882 712 3153 780 accipient
3184 712 3425 783 dignam.
3457 713 3613 780 Quod
3642 724 3825 773 autem

2249 799 2379 852 dicit
2410 798 2490 852 vel
2519 799 2572 852 in
2602 814 2669 854 eo
2697 800 2789 870 qui
2823 801 3065 871 quinque
3096 803 3296 857 talenta
3325 813 3634 875 acceperat,
3656 807 3741 863 vel
3768 808 3825 863 in

2250 889 2355 944 isto
2383 890 2477 959 qui
2507 891 2615 946 duo
2634 931 2649 955 ,
2679 892 2928 946 accedens
2950 934 2965 959 ,
3002 894 3239 965 intellige
3271 896 3401 950 mibi
3455 912 3737 955 accessum
3770 910 3827 957 et

2247 983 2535 1037 transitum
2567 983 2635 1039 de
2659 984 2763 1039 hoc
2792 986 2997 1039 mundo
3028 986 3096 1040 ad
3129 987 3304 1053 illum,
3326 997 3382 1043 et
3406 990 3533 1045 vide
3560 992 3822 1061 quoniam

2247 1087 2353 1126 non
2397 1074 2558 1129 aliam
2609 1089 2795 1129 vocem
2839 1075 3096 1131 dominus
3128 1080 3353 1147 protulit
3397 1080 3465 1135 ad
3495 1082 3820 1146 secundum,

2248 1164 2349 1219 nisi
2377 1180 2541 1234 quam
2576 1167 2803 1235 protulit
2832 1168 2900 1222 ad
2940 1173 3175 1238 priorem
3208 1171 3396 1226 dicens
3431 1189 3444 1226 :
3486 1171 3651 1243 Euge,
3679 1190 3822 1231 serue

2244 1255 2372 1308 bone
2395 1265 2444 1310 et
2476 1257 2670 1325 ﬁdelis,
2711 1274 2867 1326 super
2892 1262 3102 1314 ntodica
3123 1262 3296 1331 ﬁdelis
3319 1263 3491 1332 fuisti,
3516 1279 3672 1333 super
3706 1282 3822 1320 ma-

2241 1363 2345 1415 gna
2393 1356 2441 1401 te
2491 1350 2829 1405 constituam.
2895 1351 3094 1417 Quatro
3146 1353 3405 1423 quoniam
3439 1354 3628 1409 eadem
3674 1356 3819 1412 dicta

2241 1447 2367 1492 sunt
2394 1440 2684 1505 ambobus,
2722 1458 2789 1496 ne
2813 1442 2952 1499 forte
2976 1453 3031 1498 ct
3057 1444 3151 1514 qui
3189 1446 3454 1501 minorem
3488 1446 3679 1503 habuit
3706 1448 3819 1502 vir-

2241 1540 2433 1592 tutem,
2459 1542 2512 1586 et
2542 1543 2708 1587 lotam
2747 1534 2894 1588 illam
2929 1551 3093 1605 quam
3127 1536 3318 1592 habuit
3342 1539 3640 1593 secundum
3670 1541 3816 1608 quod

562 1614 799 1671 Veniens
828 1627 1006 1672 autem
1042 1628 1203 1688 portet
1226 1616 1492 1672 rationem
1525 1634 1648 1672 cum
1685 1618 1765 1672 eis
1792 1619 1857 1673 de
1883 1618 2138 1673 omnibus
2238 1625 2524 1691 oportebat
2550 1627 2815 1690 exercuit,
2858 1628 2990 1682 nihil
3040 1630 3223 1685 minus
3256 1632 3541 1689 habiturus
3572 1634 3643 1689 sit
3670 1635 3815 1703 apud

561 1720 899 1774 quaecunque
941 1714 1199 1773 egerunt,
1250 1720 1611 1776 compensans
1663 1708 1815 1762 lucra
1868 1708 2134 1762 bonorum
2240 1712 2432 1779 Deum,
2473 1730 2636 1785 quam
2668 1717 2757 1772 ille
2783 1719 2876 1788 qui
2911 1719 3089 1775 fuitin
3133 1722 3341 1791 majore
3373 1725 3589 1788 virtute,
3620 1735 3680 1781 ut
3709 1729 3813 1780 im-

560 1813 782 1865 opernm
822 1806 874 1851 et
921 1799 1203 1868 dispendia
1235 1808 1605 1869 peccatorum,
1638 1809 1699 1855 ιιι
1735 1816 1943 1870 ponens
1965 1801 2136 1855 ratio-
2170 1878 2195 1881 κ
2236 1805 2448 1875 pleatur
2478 1806 2530 1859 in
2558 1807 2639 1862 eis
2665 1810 2811 1877 quod
2843 1809 3046 1865 dictum
3077 1812 3255 1867 est":
3285 1813 3390 1877 Qui
3426 1813 3672 1881 multum,
3708 1831 3812 1871 non

558 1906 703 1955 nem,
735 1899 788 1944 et
820 1892 1108 1962 diligenter
1146 1892 1401 1947 universa
1446 1892 1767 1959 discutiens,
1801 1909 2133 1965 unoquoque
2169 1878 2206 1931 Β
2234 1897 2551 1961 abundavit,
2606 1909 2653 1953 et
2685 1900 2776 1970 qui
2813 1902 3115 1967 modicum,
3173 1919 3275 1957 non
3319 1905 3624 1962 minoravit.
3660 1878 3811 1964 v'l‘ale

556 1983 701 2037 sicut
730 1992 942 2052 oportet
972 1992 1175 2037 utatur.
1210 1982 1476 2038 Debemus
1518 1998 1649 2053 ergo
1693 1984 1852 2054 quasi
1883 1984 1974 2054 qui
2004 2000 2131 2054 pec-

555 2075 731 2130 cando
762 2074 1022 2129 damnum
1059 2074 1320 2137 l‘eeimus,
1354 2074 1492 2129 bona
1522 2083 1702 2129 autem
1731 2086 2019 2143 Operantes
2046 2078 2126 2131 lu-

551 2181 793 2232 cremor,
825 2168 905 2223 sic
932 2167 1079 2221 omni
1112 2167 1358 2221 custodia
1387 2165 1553 2221 corda
1583 2177 1772 2222 nostra
1798 2183 2039 2236 servare,
2072 2178 2134 2224 ut

553 2273 680 2315 cum
710 2259 918 2313 venerit
962 2256 1225 2314 Dominus
1268 2267 1454 2313 noster
1480 2266 1535 2312 et
1573 2259 1821 2329 posuerit
1862 2260 2129 2315 rationem

555 2349 866 2415 nobiscum,
908 2365 1014 2403 non
1046 2348 1388 2404 inveniamur
1415 2363 1514 2404 nec
1543 2363 1644 2420 pro
1671 2349 1849 2406 otioso
1879 2365 2131 2406 sermone

552 2440 811 2494 damnum
846 2441 1058 2495 iecisse.

622 2532 711 2587 67.
763 2531 831 2586 Et
865 2534 1115 2587 accedens
1170 2532 1259 2603 qui
1307 2534 1533 2604 quinque
1585 2530 1785 2586 talenta
1833 2544 2125 2602 acceperat,

550 2623 739 2677 obtulit
785 2625 897 2677 alia
939 2625 1197 2694 quinque,
1227 2625 1406 2679 dicens
1437 2638 1455 2677 :
1489 2622 1733 2689 Domine,
1764 2624 1991 2694 quinque
2040 2633 2128 2677 ta-

547 2714 695 2769 lenta
728 2716 859 2768 mihi
887 2714 1105 2779 dedisti,
1151 2731 1266 2768 ecce
1309 2714 1420 2767 alia
1463 2714 1692 2783 quinque
1733 2713 2126 2781 superlucratus

549 2821 689 2861 sum.
719 2805 811 2859 Ait
843 2807 890 2860 ei
911 2806 1157 2860 dominus
1194 2806 1307 2875 ejus
1336 2820 1356 2858 :
1385 2804 1550 2875 Euge,
1593 2820 1737 2859 serve
1764 2806 1894 2860 bone
1920 2815 1969 2860 et
1996 2807 2128 2873 ﬁde—

546 2898 615 2951 lis
648 2900 816 2968 :quiu
844 2912 999 2967 super
1041 2915 1213 2968 pauca
1254 2898 1406 2965 luisti
1452 2896 1646 2967 ﬁdelis,
1677 2913 1841 2967 supra
1872 2898 2043 2951 multa
2078 2908 2127 2953 te

547 2994 890 3053 constituam,
938 2990 1081 3043 intra
1119 2991 1173 3043 in
1205 2990 1459 3060 gaudium
1490 2989 1692 3043 domini
1728 2991 1823 3043 tui.
1862 2990 2123 3045 Accedens

547 3092 724 3134 autent
762 3093 810 3134 et
851 3082 939 3151 qui
988 3081 1092 3134 duo
1136 3081 1335 3134 talenta
1385 3090 1685 3148 acceperat,
1716 3079 1792 3133 ait
1826 3096 1844 3133 :
1878 3080 2120 3148 Domine,

547 3173 651 3225 duo
707 3172 906 3227 talenta
956 3174 1086 3226 mihi
1135 3172 1363 3237 dedisti,
1398 3189 1514 3226 ecce
1557 3172 1667 3226 alia
1724 3172 1828 3226 duo
1884 3172 2119 3228 lucratus

545 3279 686 3317 sunt.
724 3264 811 3316 Ait
851 3262 934 3315 illi
974 3263 1218 3316 dominus
1248 3263 1362 3332 ejus
1394 3278 1412 3316 :
1443 3261 1614 3332 Euge.
1646 3277 1788 3316 serve
1820 3264 1948 3317 bone
1978 3271 2026 3317 et
2055 3263 2121 3333 ﬁ-

545 3354 679 3407 delis
714 3370 733 3407 :
759 3355 884 3424 quia
912 3369 1067 3422 super
1090 3369 1259 3423 pauca
1289 3353 1440 3422 fuisti
1470 3352 1663 3421 ﬁdelis,
1688 3369 1851 3422 supra
1880 3352 2046 3407 multa
2071 3362 2121 3407 te

545 3448 886 3512 constituant,
916 3448 1058 3501 intra
1081 3447 1135 3500 in
1153 3445 1407 3516 gaudium
1432 3446 1633 3498 domini
1665 3445 1894 3499 tui’m‘.
1926 3444 2000 3499 Ita
2027 3459 2119 3499 ac—

544 3538 709 3593 cessit
738 3537 945 3607 primus
972 3537 1127 3605 quasi
1176 3535 1271 3605 qni
1317 3532 1505 3589 habuit
1555 3535 1809 3589 ﬁduciam
1860 3547 1928 3589 eo
1970 3531 2116 3602 quod

542 3637 798 3698 operatus
824 3627 1001 3682 fuerat
1040 3635 1094 3682 et
1132 3627 1393 3682 lucratus.
1432 3624 1565 3679 Nam
1611 3625 1805 3681 ﬁducia
1844 3625 1961 3694 ipsa
1993 3621 2119 3677 fecit

541 3735 666 3773 eum
718 3719 949 3783 audere,
991 3727 1051 3773 nt
1089 3717 1156 3774 ad
1192 3718 1474 3773 dominum
1498 3719 1711 3789 primus
1732 3718 2031 3781 accederet,
2064 3724 2116 3769 et

543 3814 803 3867 audacter
830 3811 1034 3867 iaceret
1071 3826 1378 3867 sermonem
1411 3813 1640 3868 dicens:
1679 3812 1929 3877 Domine,
1956 3810 2114 3879 quin-

542 3921 639 3975 que
672 3904 871 3958 talenta
914 3905 1043 3958 mihi
1087 3904 1302 3969 dedisti,
1344 3921 1459 3960 ecce
1501 3905 1612 3958 alia
1659 3904 1884 3973 quinque
1914 3900 2116 3955 talenta

540 3996 708 4066 885
738 3998 973 4050 lucratus
1001 4013 1118 4050 sum
1138 4012 1294 4066 super
1329 4012 1410 4051 ea.
1435 3996 1515 4051 Ad
1549 4010 1709 4066 quem
1742 3994 1997 4049 dominus
2026 3994 2113 4049 di»

544 4089 623 4142 xit
651 4102 838 4142 vocem
869 4088 1125 4143 oumibus
1150 4088 1309 4143 nobis
1339 4088 1631 4157 optabilem
1653 4128 1666 4152 ,
1711 4101 1834 4140 cum
1870 4089 2115 4156 posuerit

545 4180 809 4234 rationem
843 4179 1007 4233 etiam
1035 4179 1320 4234 nobiscum
1357 4178 1621 4233 Dominus
1656 4186 1841 4233 noster
1871 4177 2060 4234 dicens
2096 4198 2109 4234 :

482 4336 487 4341 ι
542 4271 710 4342 Euge,
746 4286 889 4325 serre
910 4270 1039 4323 bone
1061 4280 1107 4324 et
1138 4270 1347 4338 ﬁdelis;
1370 4270 1697 4325 contrariam
1724 4269 1771 4325 ei
1798 4270 1918 4325 voci
1946 4286 2110 4341 quam

539 4362 680 4416 dixit
717 4361 785 4416 ad
835 4360 1052 4415 tertium
1088 4379 1102 4415 :
1135 4358 1291 4415 Serve
1339 4358 1478 4413 male
1509 4367 1561 4414 et
1604 4360 1766 4429 piger.
1833 4358 1967 4427 Quis
2002 4376 2109 4415 non

539 4462 692 4523 optet
715 4452 1145 4508 exhortationem
1177 4451 1451 4520 accipiens
1475 4465 1541 4505 ex
1573 4451 1676 4506 ista
1711 4451 2016 4521 scriptura,
2050 4459 2112 4506 ut

2234 1989 2436 2058 aliquid
2472 1991 2778 2045 ostenditur
2802 2000 2857 2047 et
2882 1993 3024 2048 circa
3061 1996 3376 2051 mandatum
3407 1998 3716 2055 dilectionis
3740 2001 3810 2056 ad

2236 2077 2425 2144 Deum,
2457 2082 2542 2135 vel
2570 2080 2635 2134 ad
2665 2083 2996 2149 proximum,
3016 2084 3202 2140 dicens
3231 2082 3303 2140 ita
3334 2088 3378 2119 "
3414 2102 3430 2142 :
3467 2086 3666 2159 Diliges
3696 2089 3810 2143 De-

2232 2171 2433 2225 mittunt
2487 2168 2655 2227 Deum
2690 2183 2839 2228 tuum
2871 2189 2936 2229 ea:
2969 2184 3078 2229 toto
3122 2178 3279 2233 corde
3322 2187 3451 2247 tuo,
3486 2189 3537 2234 et
3580 2195 3647 2234 ex
3695 2190 3809 2238 tota

2230 2260 2410 2314 anima
2457 2271 2584 2329 tua,
2616 2273 2666 2317 et
2690 2279 2757 2318 ea:
2793 2273 2907 2319 tota
2939 2275 3108 2320 mente
3137 2274 3250 2321 tua.
3307 2263 3438 2323 Sine
3463 2268 3633 2325 dubio
3657 2271 3806 2326 enim

2230 2370 2353 2410 cum
2382 2372 2445 2411 ex
2485 2365 2599 2413 toto
2633 2359 2797 2415 corde
2829 2373 2929 2414 suo
2970 2360 3095 2430 quis
3128 2359 3380 2415 dilexerit
3413 2359 3580 2416 Deum
3600 2398 3617 2425 ,
3649 2369 3704 2415 et
3736 2377 3807 2416 ex

2231 2456 2342 2503 tota
2376 2450 2556 2503 anima
2599 2465 2698 2505 sua
2718 2491 2734 2516 ,
2767 2459 2823 2505 et
2847 2466 2911 2505 ex
2940 2458 3050 2504 tota
3081 2449 3281 2506 virtute
3307 2465 3429 2517 sua,
3479 2451 3640 2506 talem
3668 2452 3807 2506 dile-

2228 2540 2426 2596 ctionis
2459 2541 2623 2596 habet
2649 2542 2973 2607 mercedem,
3003 2543 3220 2612 qualem
3252 2543 3341 2598 ille
3371 2545 3463 2613 qui
3494 2542 3675 2611 majus
3701 2544 3804 2598 ha-

2229 2630 2485 2699 buitcor,
2534 2633 2619 2687 vel
2644 2633 2738 2704 qui
2765 2632 3178 2688 eminentiorem
3213 2634 3377 2689 habet
3405 2634 3671 2695 animam,
3719 2633 3804 2688 vel

2228 2721 2318 2791 qui
2376 2721 2635 2792 majorem
2669 2721 2878 2793 accepit
2920 2723 3199 2779 virtutem.
3261 2721 3378 2781 Hoc
3425 2724 3568 2778 enim
3623 2724 3801 2780 solum

2226 2811 2489 2880 quaeritur
2507 2851 2521 2875 ,
2553 2820 2614 2866 ut
2656 2811 2919 2883 quidquid
2941 2811 3195 2869 habuerit
3219 2810 3386 2870 homo
3413 2829 3480 2870 ex
3506 2812 3639 2880 Deo,
3687 2824 3801 2870 toto

2224 2915 2291 2955 eo
2327 2909 2510 2955 utatur
2537 2901 2602 2955 ad
2629 2901 2858 2971 gloriam
2887 2902 3003 2959 Dei.

2295 2988 2385 3044 68.
2425 2990 2691 3045 Accedens
2722 3001 2897 3046 autem
2935 3001 2985 3047 et
3014 2994 3103 3064 qui
3132 3009 3297 3048 unum
3347 2994 3600 3049 talentum
3648 3009 3801 3048 acce-

2223 3092 2393 3152 perat,
2428 3083 2506 3136 ait
2533 3099 2551 3136 :
2579 3082 2820 3147 Domine,
2855 3084 2966 3139 scio
2991 3086 3116 3155 quia
3138 3085 3289 3139 homo
3315 3086 3482 3139 durus
3509 3102 3584 3152 es,
3620 3097 3667 3140 et
3691 3102 3797 3140 me-

2227 3173 2295 3225 tis
2330 3173 2422 3226 ubi
2449 3189 2553 3227 non
2585 3175 2880 3239 seminasti,
2908 3184 2957 3229 et
3003 3190 3285 3246 congregas
3320 3177 3408 3231 ubi
3453 3192 3560 3231 non
3596 3179 3802 3246 sparsi-

2224 3264 2338 3328 sti;
2388 3273 2437 3318 et
2484 3265 2673 3319 timens
2717 3267 2861 3331 abii,
2894 3276 2945 3321 et
2989 3267 3239 3321 abscondi
3280 3268 3536 3322 talentum
3561 3278 3710 3322 tuum
3740 3267 3796 3321 in

2224 3367 2386 3410 terra.
2422 3353 2558 3408 Ecce
2587 3355 2744 3409 habes
2771 3364 2942 3411 tuum.
2992 3355 3324 3426 Respondens
3348 3368 3525 3412 autem
3552 3360 3796 3417 dominus

2219 3448 2368 3517 ejus,
2415 3446 2552 3500 dixit
2599 3446 2649 3499 ei
2693 3460 2712 3499 :
2761 3444 2904 3500 Male
2941 3462 3084 3501 serve
3124 3456 3175 3501 et
3219 3449 3395 3518 piger,
3427 3449 3629 3503 sciebas
3666 3453 3798 3520 quia

2222 3544 2355 3589 meto
2385 3534 2475 3588 ubi
2519 3550 2623 3588 non
2654 3534 2940 3599 seminavi,
2972 3542 3021 3589 et
3053 3552 3305 3606 congrege
3343 3536 3433 3590 ubi
3457 3554 3562 3592 non
3596 3541 3794 3609 sparsi.

2222 3626 2471 3696 Oportuit
2520 3641 2642 3697 ergo
2673 3634 2721 3678 te
2754 3625 3079 3680 committere
3107 3627 3380 3696 pecuniam
3419 3644 3591 3683 meam
3642 3645 3803 3684 num-

2216 3717 2493 3785 mulariis,
2537 3726 2595 3771 ut
2619 3718 2826 3772 ueniens
2858 3718 3166 3787 recepissem
3189 3734 3308 3772 eam
3353 3735 3473 3772 cum
3509 3721 3687 3775 usuris
3724 3721 3791 3777 ⁷⁸.

2219 3807 2445 3864 Videtur
2468 3810 2602 3864 mihi
2627 3809 2730 3865 iste
2756 3810 2849 3880 qui
2880 3825 3046 3864 unum
3068 3809 3327 3864 talentum
3359 3811 3589 3880 accepit,
3624 3810 3798 3872 fuisse

2218 3900 2360 3955 inter
2406 3901 2691 3957 credentes
2739 3901 2980 3971 quidem,
3032 3916 3141 3955 non
3190 3909 3371 3955 autem
3421 3910 3476 3957 et
3527 3903 3798 3959 ﬁduciali-

2217 4000 2298 4046 ter
2326 4001 2549 4064 agentes
2572 3992 2629 4047 in
2659 3993 2781 4060 ﬁde,
2806 3994 2900 4049 sed
2929 3993 3100 4049 latere
3129 3993 3391 4058 volentes,
3423 4002 3475 4048 et
3498 3994 3685 4048 omnia
3709 3995 3793 4048 1³η-

2214 4084 2418 4140 cientes
2441 4093 2502 4139 ut
2527 4098 2636 4138 non
2663 4093 3066 4151 cognoscantur
3086 4084 3247 4153 quasi
3275 4083 3594 4139 Christiani.
3655 4083 3796 4140 For-

2215 4176 2356 4231 sitan
2377 4184 2558 4231 autem
2582 4183 2637 4231 et
2664 4174 2755 4229 alii
2782 4189 2959 4230 mores
2982 4190 3171 4231 eorum
3198 4190 3308 4229 non
3335 4176 3470 4231 satis
3494 4184 3653 4232 erant
3679 4176 3796 4232 culo

2214 4265 2441 4335 pabiles,
2465 4273 2521 4320 et
2547 4263 2692 4334 quod
2720 4272 3046 4334 acceperunt
3068 4265 3382 4320 euswdiunt
3407 4264 3650 4335 quidem,
3679 4281 3789 4323 non

2214 4364 2396 4411 autem
2430 4362 2485 4410 et
2517 4354 2758 4422 addunt,
2806 4370 2982 4425 neque
3013 4356 3392 4427 negotiantur,
3439 4372 3617 4427 neque
3645 4357 3791 4414 [idu-

2213 4443 2423 4499 cialiter
2467 4452 2637 4514 agunt
2668 4443 2721 4498 in
2747 4459 2813 4500 eo
2842 4463 2857 4500 :
2895 4454 3177 4516 propterea
3210 4448 3432 4503 verbum
3474 4448 3531 4503 in
3567 4449 3651 4505 eis
3678 4465 3791 4506 non

540 4545 726 4598 audiat
755 4560 783 4597 a
827 4543 1057 4599 Domino
1091 4560 1192 4599 suo
1228 4562 1242 4598 :
1280 4542 1530 4598 Fidelis?
1574 4542 1731 4610 Quod
1781 4545 1959 4599 simile
1988 4558 2110 4600 esse

2225 4533 2449 4604 profecit
2477 4534 2544 4589 ad
2579 4535 2794 4603 majus,
2825 4550 3004 4605 neque
3045 4537 3181 4593 alios
3227 4539 3537 4609 acquisivit.
3593 4538 3787 4596 Adhuc

538 4632 791 4687 existimo
819 4632 867 4686 ei
895 4633 1037 4702 quod
1064 4633 1267 4687 dictum
1302 4642 1384 4688 est
1415 4634 1482 4688 de
1518 4633 1817 4698 Abraham,
1850 4634 2107 4704 quoniam

537 4723 762 4776 credidit
800 4722 1072 4777 Abraham
1102 4722 1211 4777 Deo
1236 4763 1251 4787 ,
1291 4732 1340 4776 et
1384 4732 1686 4794 reputatum
1735 4732 1812 4777 est
1850 4724 1896 4776 ei
1923 4722 1993 4775 ad
2016 4722 2111 4791 juw

534 4813 744 4868 stitiam
768 4814 813 4847 "
837 4853 853 4877 ,
883 4815 1026 4870 sicut
1067 4825 1119 4870 et
1159 4815 1210 4868 ei
1252 4813 1346 4883 qui
1388 4814 1598 4868 audivit
1635 4830 1663 4868 a
1710 4813 1931 4868 domino
1958 4828 2060 4869 suo
2094 4831 2108 4868 :

538 4904 693 4959 Serve
719 4904 911 4975 fidelis.
964 4906 1094 4961 Sine
1125 4905 1292 4961 dubio
1318 4904 1452 4960 lldes
1484 4905 1604 4975 ejus
1626 4904 1692 4959 ad
1715 4905 1983 4974 justitiam
2018 4919 2108 4960 re—

535 5005 723 5065 putata
769 5007 855 5052 est
898 4998 983 5062 ei,
1031 5007 1091 5052 ut
1131 5001 1379 5065 repntata
1420 5003 1505 5051 est
1549 4996 1617 5050 ad
1654 4996 1923 5065 justitiam
1975 4995 2110 5052 ﬁdes

537 5088 711 5157 ipsius
746 5091 838 5158 qui
871 5090 924 5142 in
959 5089 1174 5143 modico
1197 5087 1298 5141 fuit
1322 5087 1516 5143 ﬁdelis.
1547 5086 1757 5143 Modica
1780 5096 1960 5143 autem
1984 5095 2113 5144 sunt

535 5180 719 5233 omnia
767 5180 890 5234 vitae
923 5177 1083 5233 istius
1104 5217 1119 5243 ,
1165 5186 1227 5232 ut
1255 5192 1419 5232 omne
1452 5178 1869 5233 resurrectionis
1911 5188 2113 5250 myste-

535 5273 677 5326 rium
711 5272 761 5327 ei
790 5271 1047 5326 credatur
1079 5279 1134 5325 et
1170 5271 1572 5326 administratio
1621 5286 1982 5342 supernorum
2015 5272 2113 5326 bo-

532 5379 752 5419 norum.
810 5361 1104 5417 Videamus
1154 5372 1333 5419 autem
1363 5372 1551 5435 etquo
1577 5363 1879 5435 ingreditur
1918 5379 2111 5420 servus

534 5455 636 5508 iste
668 5453 845 5508 bonus
873 5461 927 5507 et
952 5452 1125 5509 lidelis
1149 5493 1164 5514 .
1200 5453 1293 5524 qui
1327 5454 1379 5507 in
1414 5454 1628 5509 modico
1656 5454 1782 5508 vitae
1826 5454 1984 5508 istius
2008 5452 2110 5508 fuit

534 5545 728 5599 lidclis.
812 5538 1010 5610 Intra,
1063 5544 1278 5614 inquit,
1330 5546 1386 5598 in
1432 5545 1691 5626 gaudinpt
1749 5543 1952 5598 dontini
2006 5544 2105 5598 tui.

604 5762 645 5794 ¹⁶
674 5763 828 5818 Joan.
864 5785 972 5831 χχι,
1010 5770 1094 5823 18.
1191 5771 1229 5801 ¹¹
1263 5770 1492 5824 Philem.
1531 5770 1584 5823 9.

534 5846 620 5891 sv.
657 5833 708 5886 6.

1682 5770 1723 5800 ’³
1756 5771 1875 5822 Act.
1904 5786 2007 5832 vlt,
2043 5767 2129 5821 57.

788 5837 830 5864 ⁷⁸
861 5838 1025 5893 Exod.
1062 5856 1169 5905 xvi,
1204 5842 1287 5897 18.
1366 5841 1410 5872 ⁷⁷
1442 5840 1627 5895 Matth.
1665 5854 1795 5903 χχιι,
1830 5840 1916 5894 57.
1995 5841 2040 5872 ’⁷⁸
2070 5838 2119 5892 Μ

2225 5853 2260 5889 ι.
2292 5853 2415 5899 xxv,
2442 5836 2513 5890 24
2542 5844 2596 5890 ct
2623 5850 2771 5905 seqq.

2214 4626 2470 4679 videntur
2517 4624 2650 4678 mihi
2683 4625 2778 4695 qui
2813 4625 3129 4696 hujusmodi
3183 4638 3341 4694 sum,
3392 4628 3643 4684 timorem
3692 4628 3788 4685 Dei

2215 4713 2414 4769 habere
2453 4723 2508 4769 et
2551 4728 2743 4784 sapere
2789 4715 2857 4770 de
2904 4731 2972 4771 eo
3017 4717 3175 4787 quasi
3222 4718 3406 4788 aliquo
3452 4728 3697 4783 austero,
3732 4727 3788 4773 et

2211 4806 2370 4872 duro,
2406 4817 2458 4863 et
2490 4808 2840 4878 implacabili.
2915 4806 3006 4864 Sic
3034 4811 3180 4864 enim
3218 4811 3379 4866 verba
3415 4810 3533 4882 ipsa
3572 4810 3780 4882 signiti-

2210 4908 2337 4953 cant
2380 4899 2759 4969 respondentis
2778 4938 2794 4964 ,
2825 4910 2879 4955 et
2906 4899 3171 4966 dicentis,
3207 4902 3435 4957 sciebam
3465 4904 3590 4973 quia
3612 4907 3776 4955 durus

2207 5006 2283 5054 es,
2317 5001 2372 5045 et
2401 4990 2558 5061 quasi
2590 4989 2684 5061 qui
2714 4991 2920 5046 sciebat
2944 5006 3069 5047 eum
3097 5000 3301 5047 metere
3350 4993 3442 5050 ubi
3481 5009 3592 5049 non
3619 4994 3785 5050 semi-

2207 5083 2360 5136 navit
2396 5093 2451 5137 et
2482 5097 2814 5155 congregare
2838 5084 2930 5139 ubi
2965 5099 3073 5139 non
3104 5084 3323 5154 sparsit.
3381 5083 3609 5156 Propter
3637 5086 3788 5157 quod

2207 5175 2544 5244 respondens
2570 5175 2620 5229 ei
2642 5175 2897 5232 dominus
2922 5176 3043 5247 ejus
3060 5215 3076 5244 ,
3121 5187 3175 5233 et
3202 5191 3437 5247 arguens
3469 5192 3596 5234 eum
3625 5178 3787 5249 quasi

2208 5269 2414 5323 malum
2449 5282 2669 5324 servum
2715 5276 2772 5324 et
2802 5270 3014 5339 pigrum
3037 5307 3054 5332 ,
3089 5283 3197 5322 non
3234 5268 3453 5337 quidem
3496 5268 3789 5325 confessus

2207 5370 2293 5417 est
2317 5376 2377 5416 se
2402 5373 2524 5416 esse
2551 5360 2829 5416 hominem
2854 5362 3075 5425 durum,
3100 5359 3242 5415 sicut
3271 5360 3363 5416 ille
3388 5362 3785 5426 arbitrabatur,

2212 5451 2423 5507 caeteris
2471 5460 2650 5505 autem
2699 5448 3047 5505 sermonibus
3087 5448 3207 5519 ejus
3237 5452 3520 5507 consensit
3544 5451 3734 5508 dicens
3769 5468 3785 5506 :

2213 5542 2285 5597 Et
2319 5543 2519 5597 sciebas
2551 5542 2677 5613 quia
2708 5551 2844 5596 meto
2870 5540 2961 5595 ubi
2990 5556 3092 5596 non
3117 5542 3368 5598 seminari
3385 5585 3402 5612 ,
3440 5555 3491 5600 es
3531 5561 3789 5617 congrege

3573 5762 3621 5795 "
3650 5759 3797 5820 Gen.

2225 5765 2267 5798 ¹³
2292 5765 2481 5820 Matth.
2514 5780 2638 5829 xxv,
2672 5764 2754 5820 l9.
2852 5764 2963 5803 ’³-³
2991 5762 3120 5820 ibid.
3148 5762 3220 5821 20
3245 5771 3300 5820 et
3330 5778 3481 5835 seqq.
