4112 6454
395 407 528 462 i709

1553 399 2209 458 COMMENTARIORUM
2253 402 2515 459 SERIES.

3510 414 3648 463 Πῐυ

386 522 476 574 ubi
504 537 607 573 non
636 519 830 589 sparsi.
874 516 1161 586 Quomodo
1203 527 1383 572 autem
1426 518 1791 590 intelligamus
1819 521 1962 588 quod
1993 528 2038 583 Α
2069 530 2394 588 acceperunt
2442 536 2472 573 a
2530 519 2707 574 nobis.
2769 517 2960 575 Omnis
2993 522 3136 576 cnim
3176 523 3404 590 pecunia
3427 565 3440 588 ,
3480 526 3530 579 id
3565 541 3649 580 est

386 625 511 664 vere
561 607 829 666 Dominus
878 618 1064 664 noster
1117 610 1268 664 metit
1301 611 1388 663 ubi
1418 626 1526 663 non
1556 611 1877 672 seminavit,
1914 619 1968 665 et

387 711 686 772 congregat
715 703 804 756 ubi
835 717 944 756 non
977 702 1214 771 sparsit?
1249 701 1377 755 Mihi
1403 702 1505 756 hoc
1533 703 1744 756 videtur
1769 703 1820 755 in
1847 703 1966 755 loco

392 795 495 850 isto
527 796 786 864 quoniam
831 793 1014 862 justus
1059 793 1293 848 seminat
1323 796 1376 848 in
1406 796 1600 864 spiritu
1626 835 1640 856 ,
1676 811 1742 849 ex
1773 811 1882 865 quo
1915 806 1968 849 et

391 894 557 940 metet
585 886 749 939 vitam
785 894 1040 938 aeternam
1074 886 1142 937 ’9.
1204 881 1396 939 Omnia
1423 894 1604 940 autem
1637 902 1756 955 quae
1789 888 1855 940 ab
1886 888 1967 941 al-

394 991 532 1046 tero,
565 981 615 1034 id
646 992 724 1035 est
751 997 780 1034 a
805 981 956 1049 justo
984 979 1122 1044 viro,
1158 981 1496 1034 seminantur
1520 991 1573 1034 et
1600 992 1874 1036 metuntur
1897 982 1962 1036 ad

389 1071 552 1124 vitam
584 1079 864 1134 aeternam,
895 1072 1046 1124 metit
1078 1069 1254 1137 Deus;
1285 1069 1377 1125 Dei
1409 1073 1553 1124 enim
1579 1081 1661 1127 est
1688 1073 1964 1142 possessio

381 1164 566 1232 justus
590 1204 603 1227 ,
635 1165 726 1234 qui
765 1165 918 1218 metit
944 1163 1034 1216 ubi
1067 1176 1174 1215 non
1209 1163 1324 1231 ipse
1358 1163 1686 1230 seminavit,
1736 1167 1828 1218 sed
1877 1164 1965 1217 ille

381 1255 584 1324 justus.
644 1256 1056 1323 Consequenter
1099 1264 1154 1309 et
1203 1255 1332 1309 illud
1382 1256 1657 1319 dicemus,
1705 1256 1962 1325 quoniam

379 1344 565 1414 justus
601 1345 879 1413 dispersit,
919 1345 1065 1400 dedit
1097 1347 1444 1415 pauperibus.
1487 1346 1753 1401 Dominus
1781 1355 1960 1400 autem

387 1436 442 1488 in
490 1450 592 1490 suo
631 1437 848 1506 colliget
879 1439 1133 1493 universa
1179 1447 1602 1508 quantacunque
1641 1438 1821 1507 justus
1853 1438 1964 1492 dis-

385 1527 557 1594 persit
585 1536 638 1581 et
665 1528 814 1583 dedit
847 1530 1197 1598 pauperibus.
1241 1528 1448 1585 Metens
1483 1539 1664 1584 autem
1694 1546 1814 1598 quae
1853 1545 1962 1583 non

383 1619 692 1686 seminavit,
713 1628 763 1674 et
790 1635 1128 1691 congregans
1156 1636 1278 1690 quae
1303 1636 1410 1675 non
1437 1621 1658 1690 sparsit,
1677 1621 1780 1675 sibi
1813 1636 1963 1676 coms

383 1720 537 1780 putat
584 1723 638 1766 et
678 1713 780 1767 sibi
835 1713 1134 1767 arbitratur
1169 1727 1290 1768 esse
1334 1714 1567 1778 collata,
1621 1727 1963 1784 quaecunque

383 1804 714 1873 pauperibus
736 1805 983 1859 fidelibus
1012 1803 1212 1860 fuerint
1233 1805 1500 1860 seminata
1529 1806 1612 1860 vel
1636 1820 1847 1875 sparsa,
1878 1804 1962 1858 di-

2067 626 2228 665 omne
2253 611 2474 666 verbum
2507 612 2650 680 quod
2685 611 2846 666 habet
2889 612 2942 666 in
2991 627 3050 667 se
3093 613 3324 668 formam
3369 615 3460 669 Dei
3495 633 3648 688 rega-

2068 701 2196 764 lem,
2229 710 2284 756 ct
2316 702 2607 771 imaginem
2646 700 2802 754 Verbi
2826 703 2966 770 ejus,
3004 703 3304 772 legitimum
3333 715 3436 760 est.
3478 706 3648 762 Numz

2069 795 2316 849 mulariis
2341 810 2470 864 ergo
2498 794 2632 849 viris
2652 795 2806 864 jubet
2836 796 3058 850 credere
3099 799 3324 852 verbum
3351 839 3364 860 ,
3393 801 3488 868 qui
3519 816 3645 870 pos-

2068 897 2198 942 sunt
2243 887 2364 956 ejus
2409 887 2634 941 reddere
2685 903 2900 942 usuras.
2967 887 3162 941 Reddit
3207 899 3390 943 autem
3442 907 3642 947 usuras

2067 977 2214 1030 verbi
2241 977 2331 1045 qui
2361 977 2556 1031 iterum
2585 977 2803 1032 festinat
2834 979 3046 1032 salvare
3077 995 3200 1033 cum
3229 994 3316 1043 eo,
3353 981 3498 1034 sicut
3525 982 3640 1050 ipse

2067 1067 2310 1121 salvatus
2357 1077 2440 1122 est
2489 1083 2504 1122 :
2553 1068 2693 1122 sicut
2741 1068 3009 1132 Andreas,
3070 1068 3285 1133 Petrus,
3332 1069 3637 1139 Philippus,

2065 1151 2386 1219 Nat'uanael,
2419 1153 2706 1210 Matthaius
2743 1157 3087 1225 publicanus.
3153 1157 3218 1211 Et
3254 1159 3356 1213 hoc
3385 1173 3467 1213 est
3497 1163 3639 1230 quod

2065 1243 2198 1298 dicit
2223 1245 2516 1312 Apostolus
2541 1246 2586 1277 ⁸⁵
2620 1263 2632 1299 :
2673 1246 2804 1309 Qum
2829 1248 3028 1301 audisti
3054 1265 3085 1300 a
3112 1265 3193 1300 me
3222 1266 3313 1317 per
3341 1250 3533 1303 mullos
3563 1261 3642 1303 te-

2065 1342 2168 1387 stes
2189 1375 2203 1397 ,
2251 1334 2362 1388 ha’c
2391 1336 2699 1389 commenda
2741 1337 2984 1403 ﬁdelibus
3012 1340 3312 1392 hominibus
3341 1341 3432 1409 qui
3463 1340 3641 1394 idonei

2065 1433 2218 1477 erunt
2244 1435 2292 1476 et
2323 1425 2456 1479 alios
2486 1426 2689 1481 docere.
2734 1426 2996 1483 Similiter
3029 1439 3080 1484 et
3115 1431 3378 1486 Dominus
3405 1431 3639 1486 dicit“:

2067 1513 2236 1568 Nemo
2282 1517 2518 1570 accendit
2563 1519 2871 1586 lucernam,
2920 1529 2970 1573 et
3027 1521 3174 1588 ponit
3220 1537 3334 1574 eam
3385 1521 3479 1574 sub
3531 1538 3644 1574 mo—

2063 1603 2185 1668 dio,
2219 1605 2310 1657 sed
2339 1620 2492 1672 super
2538 1607 2915 1663 candelabrum
2935 1649 2949 1676 ,
2986 1619 3044 1662 ut
3084 1611 3404 1665 introeuntes
3434 1612 3642 1666 videant

2063 1694 2114 1747 lu
2124 1712 2261 1749 men.

2134 1786 2222 1843 69.
2267 1787 2459 1845 Tollite
2491 1790 2555 1844 ab
2582 1807 2642 1844 eo
2672 1793 2850 1862 itaque
2881 1794 3137 1848 talentum
3161 1837 3176 1860 ,
3216 1803 3264 1848 et
3294 1795 3449 1848 detur
3475 1796 3524 1848 ei
3549 1795 3639 1866 qui

384 1909 516 1950 cens
551 1894 617 1949 ad
651 1910 744 1950 eos
771 1899 864 1966 qui
903 1897 1042 1952 bene
1075 1897 1338 1967 proximis
1369 1897 1485 1952 suis
1533 1891 1776 1952 feceram
1805 1915 1818 1951 ε
1868 1896 1960 1952 γε,
1991 1881 2031 1936 Β
2059 1876 2211 1932 habet
2238 1879 2411 1932 decem
2446 1879 2644 1935 talenta
2669 1881 2733 1935 ⁸⁷.
2797 1883 2958 1938 Vides
2984 1885 3111 1954 quia
3149 1885 3353 1938 tollitur
3377 1886 3637 1940 talentum

381 1987 520 2052 nite,
573 1987 831 2042 benedicti
859 1988 1040 2042 Patris
1065 1989 1166 2042 mei
1192 2029 1207 2055 ,
1239 1988 1545 2044 Inereditate
1573 2005 1787 2059 regnum
1818 1990 1957 2056 quod

381 2076 526 2130 vobis
569 2089 818 2146 paratum
868 2089 968 2133 est.
1031 2078 1243 2133 Esurivi
1285 2082 1456 2146 enim,
1489 2089 1538 2134 et
1577 2081 1802 2135 dedistis
1829 2082 1958 2135 mihi

383 2169 705 2224 manducare
727 2209 742 2234 ,
777 2179 831 2226 et
872 2181 1070 2226 caetera
1099 2172 1167 2226 ³ο.
1210 2171 1275 2225 Et
1307 2173 1433 2242 quia
1467 2173 1582 2227 vult
1626 2182 1828 2228 metere
1865 2174 1956 2228 ubi

381 2272 490 2312 non
524 2260 846 2326 seminavit,
875 2270 929 2317 et
955 2277 1286 2333 congregare
1328 2263 1418 2317 ubi
1449 2279 1556 2318 non
1585 2263 1808 2334 sparsit,
1832 2279 1955 2319 cum

381 2365 490 2403 non
522 2350 824 2417 invenerit,
857 2353 1001 2408 dicet
1045 2355 1110 2409 ad
1143 2369 1238 2409 eos
1270 2355 1362 2424 qui
1395 2370 1501 2409 non
1533 2356 1882 2424 praebuerunt
1908 2357 1956 2411 ei

380 2453 584 2496 metere
610 2452 663 2497 et
687 2459 1017 2516 congregare
1051 2464 1064 2501 :
1099 2445 1364 2500 Discedite
1387 2464 1416 2500 a
1449 2463 1550 2512 me,
1582 2446 1870 2512 maledicti,
1902 2447 1957 2500 in

377 2530 550 2600 ignem
585 2543 840 2586 retentum
865 2574 880 2599 ,
931 2551 1081 2604 quem
1105 2536 1424 2604 prwparavit
1457 2535 1623 2589 Pater
1665 2553 1807 2590 meus
1836 2537 1955 2590 dia~

380 2620 501 2674 bolo
533 2631 582 2675 et
611 2624 809 2690 angelis
837 2625 972 2692 ejus.
1038 2625 1249 2679 Esurivi
1288 2627 1425 2680 enim
1446 2668 1460 2690 ,
1515 2636 1564 2681 et
1604 2644 1704 2682 non
1738 2627 1955 2681 dedistis

379 2712 512 2764 mihi
545 2713 902 2781 manducare,
936 2725 991 2770 et
1023 2731 1215 2770 caetera
1243 2717 1308 2771 ⁸³.
1369 2716 1504 2772 Nam
1545 2728 1598 2772 et
1636 2733 1762 2773 vere
1788 2719 1953 2772 durus

378 2811 482 2866 est,
509 2805 808 2859 secundum
835 2807 977 2875 quod
1002 2808 1078 2861 ait
1105 2806 1462 2875 Mattheus”,
1487 2817 1543 2864 et
1575 2818 1840 2870 austerus.
1862 2826 1951 2865 se-

376 2896 616 2951 cundum
645 2899 788 2966 quod
822 2899 899 2952 ait
929 2898 1104 2955 Lucas
1134 2901 1201 2954 8’.
1263 2899 1367 2956 Sed
1397 2902 1482 2956 his
1510 2902 1603 2971 qui
1639 2903 1952 2958 misericor-

378 2987 468 3043 dia
499 2987 590 3044 Dei
618 2990 917 3046 abutuntur
967 2993 1033 3047 ad
1084 2993 1465 3064 negligentiam
1512 3010 1707 3060 suam,
1747 2993 1952 3049 nonad

376 3079 846 3135 conversationem
875 3097 1056 3146 suam,
1083 3083 1228 3137 sicut
1259 3083 1334 3136 ait
1366 3082 1660 3152 Apostolus
1693 3084 1739 3115 ⁸⁸
1767 3101 1780 3138 :
1826 3081 1954 3136 Vide

377 3168 664 3224 bonitatem
692 3171 786 3225 Dei
817 3183 866 3227 et
895 3175 1246 3238 severitatem,
1283 3174 1335 3228 in
1361 3188 1456 3229 eos
1485 3175 1703 3245 quidem
1738 3176 1831 3246 qui
1863 3190 1947 3230 ce-

373 3263 622 3318 ciderunt
656 3265 1021 3329 severitatem,
1057 3267 1111 3319 in
1147 3275 1198 3318 te
1225 3275 1402 3320 autem
1431 3266 1727 3321 bonitatem
1757 3267 1801 3323 si
1825 3282 1951 3336 per-

373 3356 644 3410 manseris
695 3355 748 3409 in
805 3356 1068 3410 bonitate.
1141 3355 1246 3421 Qui
1299 3356 1445 3411 enim
1497 3357 1697 3410 bonum
1743 3358 1953 3426 judicat

373 3444 564 3513 Deum,
601 3447 827 3502 credens
851 3447 1240 3518 indulgentiam
1272 3448 1521 3516 accipere
1554 3449 1599 3504 si
1632 3449 1795 3505 fuerit
1818 3467 1952 3506 con-

370 3546 564 3589 versus
587 3534 652 3588 ad
677 3549 825 3599 eum,
857 3535 931 3588 illi
963 3535 1140 3591 bonus
1169 3544 1252 3591 est
1284 3536 1444 3592 Deus.
1504 3535 1608 3602 Qui
1631 3550 1810 3594 autem
1838 3541 1952 3594 cxi-

371 3625 558 3680 stimat
586 3641 711 3680 eum
741 3627 822 3680 sic
847 3626 1074 3692 bonum,
1123 3636 1184 3681 ut
1211 3628 1380 3699 886
1407 3645 1514 3682 non
1542 3644 1696 3683 curet
1726 3631 1793 3684 de
1820 3646 1949 3699 pec-

372 3717 513 3772 catis
542 3724 882 3785 peccantlum
905 3755 920 3781 ,
954 3719 1030 3770 illi
1062 3734 1170 3771 non
1203 3729 1287 3771 est
1312 3719 1488 3773 bonus
1515 3718 1688 3782 Deus,
1731 3721 1824 3774 sed
1850 3737 1948 3774 au-

372 3818 571 3863 steros.
638 3807 834 3862 Zelans
882 3815 966 3861 est
1017 3809 1160 3862 enim
1198 3824 1364 3878 super
1402 3820 1624 3879 peccata
1662 3811 1946 3866 hominum

371 3900 839 3955 contemnentium
888 3915 966 3955 se.
1028 3899 1233 3954 Tamen
1283 3902 1438 3970 quasi
1465 3901 1686 3958 Christo
1713 3914 1946 3960 metente

371 4005 494 4058 quae
536 4003 643 4043 non
693 3991 1120 4055 seminavimus,
1168 3999 1225 4046 et
1257 4002 1618 4062 congregante
1665 4010 1786 4064 qua:
1835 4011 1945 4050 non

372 4081 709 4149 sparsimus,
758 4081 1092 4163 seminemns
1141 4082 1194 4136 in
1239 4082 1468 4152 spiritu,
1519 4093 1574 4138 et
1624 4100 1945 4156 spargamus

373 4171 736 4240 janperibus,
777 4183 830 4226 et
862 4172 1123 4226 talentum
1180 4172 1267 4226 Dei
1301 4189 1408 4228 non
1455 4175 1855 4233 abscondamus
1889 4179 1943 4232 in

370 4272 536 4317 terra.
595 4261 706 4317 Nec
727 4263 872 4316 enim
902 4263 1078 4317 bonus
1114 4263 1424 4333 hujusmodi
1456 4265 1618 4320 timor
1639 4307 1655 4332 ,
1686 4283 1786 4322 nec
1811 4268 1946 4322 libe-

368 4364 454 4409 rat
503 4370 605 4409 nos
654 4355 776 4411 talis
825 4354 988 4409 timor
1038 4355 1108 4410 ab
1151 4356 1516 4412 exterioribus
1562 4358 1800 4414 tenebris
1837 4359 1943 4415 illis

367 4462 493 4502 cum
543 4445 808 4502 fuerimus
849 4446 1094 4501 damnati
1145 4448 1302 4516 quasi
1340 4448 1464 4502 mali
1495 4449 1636 4503 servi
1683 4459 1738 4504 et
1780 4450 1938 4520 pigri.

2062 1982 2092 2022 a
2127 1970 2272 2023 malo
2300 1985 2461 2025 servo
2486 1979 2541 2026 et
2571 1973 2725 2044 pigro
2745 2015 2762 2041 ,
2801 1983 2856 2028 et
2878 1975 3040 2030 datur
3067 1976 3116 2030 ei
3143 1977 3235 2046 qui
3264 1976 3423 2030 habet
3447 1977 3635 2032 decem

2062 2059 2286 2114 talenta.
2355 2059 2643 2126 Quomodo
2689 2073 2871 2117 autem
2919 2065 3127 2119 tollitur
3173 2066 3242 2120 ab
3279 2065 3462 2134 aliquo
3489 2066 3634 2135 quod

2059 2149 2247 2205 datum
2279 2151 2456 2207 fuerat
2483 2153 2556 2222 ei,
2589 2163 2642 2208 et
2669 2156 2828 2210 alteri
2863 2157 3023 2211 datur
3053 2157 3190 2212 bene
3217 2157 3418 2227 agenti,
3452 2167 3512 2212 ut
3541 2157 3636 2212 ha-

2058 2244 2184 2300 beat
2214 2246 2376 2300 etiam
2411 2246 2528 2302 haec
2552 2263 2716 2317 super
2753 2248 2842 2303 illa
2869 2264 2992 2318 qua:
3021 2249 3334 2320 acquisivit,
3363 2265 3470 2303 non
3498 2250 3637 2304 satis

2059 2334 2217 2391 facile
2242 2345 2326 2392 est
2352 2338 2626 2407 explicare
2659 2356 2673 2392 :
2709 2348 2886 2395 tamen
2919 2341 3180 2409 possibile
3202 2349 3305 2397 est.
3362 2339 3634 2404 Quoniam

2059 2429 2148 2497 qui
2177 2429 2434 2484 idoneum
2481 2431 2612 2484 facit
2639 2430 2694 2484 in
2729 2430 2915 2500 aliquo
2945 2447 3168 2487 sensum
3211 2434 3264 2486 in
3293 2432 3635 2502 dogmatibus

2059 2521 2306 2577 veritatis
2328 2562 2344 2588 ,
2378 2532 2556 2591 potest
2589 2539 2688 2578 sua
2713 2523 2996 2579 divinitate
3029 2523 3175 2578 Deus
3199 2523 3454 2580 auferens
3485 2525 3635 2580 suai-

2057 2613 2310 2668 cientiam
2340 2614 2407 2668 ab
2436 2628 2501 2668 eo
2530 2614 2624 2684 qui
2657 2615 2864 2685 pigrius
2887 2631 2952 2670 ea
2974 2627 3060 2672 est
3085 2631 3218 2672 usus
3238 2657 3253 2683 ,
3286 2617 3414 2671 dare
3457 2617 3507 2672 ei
3539 2618 3634 2687 qui

2056 2718 2176 2757 eam
2207 2704 2608 2774 multiplicavit.
2679 2704 2836 2760 Omni
2867 2707 3009 2761 enim
3052 2706 3265 2760 habenti
3299 2707 3550 2772 dabitur,
3584 2719 3634 2762 et

2057 2794 2382 2860 abundabit;
2417 2797 2482 2850 ab
2511 2813 2570 2851 eo
2598 2807 2772 2852 autem
2807 2800 2897 2867 qui
2923 2815 3024 2852 non
3050 2799 3240 2866 habet,
3285 2809 3335 2852 et
3364 2799 3502 2868 quod
3534 2799 3634 2852 ha-

2057 2884 2137 2942 bet
2167 2888 2440 2956 auferetur
2467 2895 2532 2942 ab
2572 2905 2630 2942 eo
2654 2895 2722 2942 ⁸ο.
2786 2887 3025 2960 Utputa,
3075 2891 3236 2946 ﬁdem
3267 2890 3486 2945 babenti
3513 2906 3636 2960 quae

2055 2986 2139 3032 est
2170 2994 2235 3032 ex
2263 2979 2452 3046 nobis,
2485 2981 2704 3037 dabitur
2735 2983 2910 3053 gratia
2938 2981 3059 3037 ﬁdei
3089 2997 3210 3052 quae
3238 2989 3323 3036 est
3351 2995 3447 3051 per
3473 2981 3635 3051 spiri-

2057 3078 2171 3125 tum
2202 3071 2324 3126 lidei
2346 3114 2360 3139 ,
2391 3083 2445 3127 et
2475 3074 2806 3143 abundabit;
2851 3087 2904 3130 et
2932 3073 3194 3145 quidquid
3229 3073 3482 3129 habuerit
3509 3074 3635 3142 quis

2053 3178 2120 3218 ex
2149 3165 2383 3220 naturali
2415 3167 2723 3232 creatione,
2767 3183 2890 3221 cum
2919 3167 3226 3223 exercuerit
3267 3181 3392 3221 eum
3425 3163 3631 3238 [illud],

2055 3257 2252 3327 accipit
2279 3258 2345 3311 ad
2381 3256 2482 3330 [id]
2519 3261 2696 3328 ipsum
2725 3267 2779 3314 et
2803 3273 2869 3313 ex
2915 3259 3088 3329 gratia
3123 3257 3252 3323 Dei,
3303 3267 3363 3312 ut
3393 3259 3635 3313 abundet

2053 3358 2106 3404 et
2132 3350 2340 3405 firmior
2368 3352 2441 3406 sit
2467 3352 2519 3404 in
2549 3365 2616 3406 eo
2641 3351 2763 3420 ipso
2810 3352 2955 3421 quod
2989 3351 3170 3406 habet.
3236 3349 3358 3406 Non
3389 3352 3531 3404 enim
3565 3353 3634 3405 de

2052 3444 2320 3515 sapientia
2370 3444 2485 3500 sola
2510 3485 2526 3510 ,
2561 3444 2654 3499 sed
2688 3445 2754 3498 de
2786 3444 2938 3500 omni
2984 3445 3184 3498 virtute
3219 3444 3631 3513 intelligendum

2052 3545 2137 3591 est
2165 3537 2328 3592 nobis
2374 3536 2518 3604 quod
2569 3535 2646 3590 ait
2692 3535 2948 3591 Salomon
2980 3535 3069 3588 3':
3129 3534 3194 3586 Et
3226 3536 3272 3589 si
3302 3536 3464 3604 fuerit
3509 3541 3630 3608 quis

2050 3628 2313 3697 perfectus
2343 3629 2482 3681 inter
2508 3627 2649 3693 ﬁlios
2679 3626 2971 3690 hominum,
2995 3627 3042 3679 si
3068 3626 3298 3694 abfuerit
3328 3626 3393 3679 ab
3426 3627 3519 3680 illo
3541 3646 3631 3682 sa-

2049 3719 2246 3787 pientia
2275 3727 2392 3782 tua,
2420 3717 2474 3769 in
2507 3717 2731 3768 nihilum
2762 3714 3114 3784 reputabitur.
3175 3713 3266 3770 Sic
3293 3723 3347 3770 et
3382 3719 3475 3786 qui
3505 3731 3628 3786 per-

2048 3810 2224 3865 fectus
2247 3808 2412 3863 fuerit
2447 3808 2501 3862 in
2535 3807 2802 3869 castitate,
2832 3814 2928 3860 aut
2957 3805 3010 3858 in
3038 3805 3252 3874 justitia
3273 3847 3289 3871 ,
3325 3817 3418 3862 aut
3452 3807 3506 3860 in
3534 3823 3626 3860 ve-

2050 3901 2230 3966 ritate,
2287 3908 2382 3954 aut
2437 3899 2654 3967 pietate,
2691 3911 2799 3950 non
2829 3895 2996 3951 fuerit
3040 3904 3220 3950 autem
3247 3897 3297 3951 ei
3329 3905 3425 3952 aut
3451 3899 3623 3953 casti-

2047 4001 2164 4055 tas,
2203 3999 2297 4045 aut
2334 3989 2581 4059 justitia,
2633 3997 2726 4043 aut
2751 3989 2946 4054 virtus,
2993 3996 3088 4042 aut
3121 3987 3297 4057 pietas
3324 4005 3447 4060 quae
3477 3991 3626 4047 venit

2045 4098 2112 4138 ex
2162 4083 2332 4152 gratia
2383 4081 2518 4148 Dei,
2573 4081 2629 4136 in
2677 4079 2908 4134 nihilum
2966 4089 3249 4149 reputatur
3307 4081 3623 4152 hujusmodi

2048 4175 2232 4228 homo.
2284 4171 2579 4242 Propterea
2612 4169 2657 4224 si
2688 4169 2941 4224 volumus
2973 4178 3031 4225 ιιι
3065 4171 3224 4225 detur
3254 4172 3414 4228 nobis
3444 4174 3624 4230 virtus

2045 4267 2356 4338 perfectior,
2390 4275 2445 4320 et
2473 4265 2711 4320 abundet
2739 4266 2791 4318 in
2818 4264 2997 4328 nobis,
3033 4264 3174 4333 quod
3208 4265 3506 4334 perfectum
3537 4274 3624 4321 est

2045 4359 2188 4412 inter
2233 4357 2479 4413 homines
2527 4372 2622 4426 per
2654 4355 2986 4426 diligentiam
3019 4342 3336 4411 omnimodo
3361 4357 3619 4427 acquira-

2044 4465 2196 4515 mus;
2227 4459 2281 4502 et
2322 4457 2610 4518 postquam
2639 4447 3079 4517 acquisierimus,
3110 4447 3267 4516 quasi
3311 4448 3618 4519 intelligen-

369 4538 494 4593 Mali
521 4539 761 4609 quidem,
813 4537 941 4606 quia
971 4553 1078 4592 non
1113 4554 1304 4594 sumus
1342 4541 1424 4594 usi
1473 4541 1694 4610 probata
1725 4542 1813 4596 illa
1849 4557 1942 4611 pe-
1972 4561 2016 4616 ι)
2046 4550 2126 4597 tes
2159 4540 2415 4610 quoniam
2453 4541 2508 4593 in
2534 4539 2762 4593 nihilum
2790 4539 2907 4593 haec
2939 4549 3260 4608 reputantur
3289 4541 3408 4595 sine
3439 4541 3616 4609 gratia

367 4631 530 4686 cunia
571 4629 977 4685 Dominicorum
1009 4631 1296 4684 verborum
1343 4647 1466 4686 cum
1507 4632 1708 4700 quibus
1735 4642 1945 4700 potera-

368 4742 491 4780 mus
537 4726 803 4796 negotiari
829 4735 882 4780 et
915 4725 1186 4780 discutere
1223 4723 1652 4779 Christianitatis
1699 4724 1937 4794 eloquia,

368 4827 423 4872 et
468 4818 754 4887 acquirere
803 4817 1062 4872 bonitatis
1099 4817 1187 4872 Dei
1230 4817 1422 4870 altiora
1455 4817 1732 4886 mysteria.
1792 4815 1936 4886 Pigri

367 4920 580 4975 autem,
627 4907 754 4977 quia
799 4923 906 4961 non
940 4907 1141 4963 fuimus
1189 4909 1392 4977 operati
1427 4924 1549 4962 eum
1583 4908 1812 4978 eloquiis
1841 4909 1935 4962 Dei

367 5005 622 5068 salutem,
655 5007 736 5059 vel
767 5014 1032 5066 nostram,
1068 5004 1152 5058 vel
1177 5002 1431 5067 aliorum,
1467 5016 1590 5054 cum
1617 5000 1939 5054 deberemus

367 5094 582 5148 mittere
615 5096 900 5164 pecuniam
953 5093 1169 5147 Domini
1215 5091 1420 5156 nostri,
1476 5090 1528 5144 id
1574 5099 1658 5146 est
1697 5091 1936 5159 eloquia,

368 5185 709 5241 auditoribus
733 5185 1114 5241 nummulariis
1142 5183 1234 5253 qui
1263 5181 1446 5235 omnia
1480 5188 1709 5245 tentant,
1732 5190 1787 5235 et
1812 5197 1939 5251 pro-

368 5273 531 5339 bant,
580 5284 640 5328 ut
680 5277 881 5333 bonum
914 5277 1132 5347 quidem
1167 5275 1360 5344 dogma
1397 5283 1450 5327 et
1479 5288 1664 5326 verum
1698 5282 1934 5340 teneant,

365 5365 656 5432 reprobum
686 5377 862 5422 autem
890 5378 944 5423 et
970 5367 1166 5422 falsum
1198 5364 1479 5435 repellant,
1530 5373 1592 5418 ut
1615 5379 1739 5419 cum
1771 5380 1936 5420 vene-

369 5453 438 5508 rit
488 5453 789 5522 Dominus,
823 5459 1038 5527 eloquia
1090 5459 1179 5512 illa
1224 5471 1346 5526 quas
1382 5455 1760 5510 commisimus
1809 5471 1931 5520 nos,

365 5561 489 5600 cum
523 5548 701 5603 usuris
732 5550 978 5621 recipiat,
1003 5559 1055 5605 et
1083 5565 1206 5604 cum
1233 5548 1620 5603 additamentis
1645 5548 1714 5602 ab
1734 5549 1814 5603 eis
1837 5548 1931 5618 qui

434 5682 478 5713 7’
510 5679 685 5735 Galat.
712 5698 786 5747 γι,
822 5683 877 5738 8.

360 5751 430 5804 ea

361 5822 398 5854 91

435 5825 450 5874 l
481 5820 618 5876 Tim.
645 5839 680 5876 ιι
738 5822 790 5877 8.

971 5683 1016 5715 ⁸ο
1045 5679 1235 5739 Matth.
1278 5697 1416 5744 xxv,
1447 5680 1536 5746 54,
1567 5679 1655 5734 '55.
1732 5680 1774 5712 ⁸⁸
1812 5680 1942 5734 ibid.
1974 5679 2034 5732 41
2064 5721 2078 5744 ,
2116 5678 2204 5733 42.

437 5793 449 5804 .
529 5753 573 5783 ⁸⁵
600 5753 640 5804 ll
677 5751 818 5807 Tim.
843 5769 904 5820 ιι,
937 5753 992 5806 2.
1065 5752 1116 5788 ⁸⁸
1139 5751 1272 5810 Luc.
1300 5767 1417 5819 vm,
1447 5752 1532 5806 to.
1610 5751 1652 5782 ⁸⁷
1680 5749 1867 5806 Matth.
1896 5767 2021 5816 xxv,
2051 5749 2139 5803 ‘28.

2048 4627 2177 4694 Dei,
2235 4627 2586 4682 bumiliemus
2644 4628 3011 4697 nosmetipsos
3072 4630 3178 4684 sub
3230 4643 3394 4684 manu
3436 4631 3616 4686 valida

2044 4716 2138 4772 Dei
2168 4718 2212 4749 9°
2233 4755 2248 4782 ,
2281 4725 2336 4771 et
2363 4731 2584 4773 oremus
2612 4716 2724 4770 sine
2769 4717 2853 4768 ira
2903 4725 2952 4770 et
2986 4717 3362 4787 disceptatione
3385 4718 3613 4774 levantes

2039 4827 2201 4880 puras
2240 4825 2427 4863 manus
2454 4808 2498 4842 ⁹¹
2523 4849 2539 4874 ,
2567 4787 2897 4862 tit-omnium
2934 4809 3199 4864 bonorum
3232 4825 3355 4879 quae
3397 4820 3526 4864 sunt
3558 4811 3612 4864 itt

2041 4901 2200 4954 nobis
2223 4899 2485 4970 perfectio
2507 4898 2664 4953 detur
2691 4915 2758 4953 ex
2788 4897 2920 4962 Deo,
2949 4908 3002 4953 et
3029 4899 3188 4954 faciat
3213 4915 3314 4954 nos
3341 4900 3607 4968 perfectos

2041 5001 2096 5047 et
2127 4991 2486 5061 acceptabiles
2512 4987 2620 5044 Deo
2648 4989 2804 5058 quasi
2832 4989 2975 5042 ﬁlios
3009 4988 3124 5042 Dei.
3169 4987 3272 5044 Iste
3301 4999 3482 5042 autem
3512 4990 3605 5058 qui

2041 5100 2210 5140 unum
2248 5092 2532 5153 acceperat
2569 5081 2828 5136 talentum
2875 5089 2930 5135 et
2956 5081 3315 5136 absconderat
3342 5082 3520 5150 ipsum
3560 5085 3615 5139 in

2041 5187 2204 5243 terra,
2231 5193 2338 5230 non
2370 5175 2544 5230 solum
2569 5173 2725 5243 quasi
2756 5171 2932 5228 malus
2961 5181 3015 5226 et
3043 5173 3192 5242 piger
3216 5173 3483 5242 arguitur,
3511 5171 3608 5228 sed

2039 5269 2198 5340 quasi
2245 5267 2454 5323 inutilis
2497 5266 2730 5320 mittitur
2764 5263 2816 5318 in
2849 5263 3101 5318 tenebras
3133 5265 3465 5330 exteriores,
3513 5261 3607 5316 ubi

2040 5362 2188 5416 nulla
2228 5356 2552 5414 illuminatio
2583 5366 2696 5424 est,
2742 5355 2968 5410 forsitan
2995 5371 3096 5410 ncc
3129 5354 3432 5425 corporalis
3455 5395 3470 5419 ,
3504 5370 3607 5408 nec

2035 5461 2120 5506 est
2148 5449 2415 5519 respectio
2454 5447 2547 5501 Dei
2577 5447 2722 5513 illic,
2771 5446 2863 5501 sed
2914 5446 3071 5516 quasi
3121 5446 3328 5515 indigni
3359 5446 3607 5512 specula-

2037 5545 2185 5598 tione
2225 5540 2318 5595 Dei
2364 5540 2456 5610 qui
2499 5539 2626 5593 talia
2657 5548 3052 5609 peccaverunt,
3086 5537 3522 5593 condemnantur
3550 5535 3604 5588 in

2290 5679 2334 5710 ⁸³
2361 5677 2491 5732 ihid.
2517 5678 2609 5732 24.
2697 5674 2742 5706 ⁸³
2777 5672 2908 5728 Luc.
2939 5690 3052 5740 xix,
3085 5672 3172 5727 2t.
3249 5672 3294 5704 ⁸⁸
3332 5671 3487 5727 Rom.
3523 5687 3602 5735 xv,

2229 5748 2274 5781 ⁸⁸
2303 5749 2432 5803 ibid.
2470 5749 2560 5803 “29.
2633 5745 2678 5780 ⁸9
2707 5745 2836 5814 Sap.
2874 5760 2947 5811 ts,
2980 5744 3035 5800 6.
3112 5744 3157 5776 '°
3191 5741 3210 5796 Ι
3239 5741 3387 5798 Petr.
3431 5757 3499 5810 v,
3548 5744 3603 5800 6.
