4112 6430
528 380 658 435 ΠΗ

1732 380 2058 438 οῐιιςεκιε
2099 379 2162 433 ΙΝ
2204 378 2622 435 MATTIIJEUM

3672 380 3799 436 iii!

529 499 613 552 his
665 515 786 569 quae
832 500 1131 556 exteriores
1177 499 1411 555 tenebrae
1453 500 1793 569 appellantur
1828 519 1843 553 :
1880 498 2109 554 forsitan
2143 502 2184 557 A
2215 497 2611 552 rationabiliter
2642 495 2972 566 intelligere,
3019 499 3248 556 multam
3285 500 3799 573 sapientiam-inve-

531 593 709 647 donec
746 593 1160 659 intellexerunt,
1195 603 1253 647 ut
1299 600 1684 648 convertantur
1725 600 1778 646 et
1820 592 1967 660 digni
1997 591 2112 645 eiii-

528 683 744 737 ciantur
768 685 916 738 exire
950 684 1018 737 ab
1041 683 1122 738 eis
1152 701 1165 737 :
1194 682 1421 738 forsitan
1453 693 1505 737 et
1542 692 1762 753 propter
1786 683 1948 739 aliam
1980 698 2114 739 cau-

530 787 646 827 sam
691 789 853 842 quam
900 789 1001 829 nos
1049 773 1411 843 ignoramus:
1454 773 1714 844 quoniam
1748 773 1982 846 legimus
2008 774 2110 829 ali-

529 881 690 933 quem
746 866 838 935 qui
888 864 990 921 fuit
1041 877 1165 921 ante
1212 883 1315 923 nos
1362 876 1718 936 exponentem
1767 868 1835 924 de
1873 868 2111 925 tenebris

529 957 731 1027 abyssi,
751 966 803 1010 et
829 958 1098 1013 dicentem
1127 960 1385 1030 quoniam
1410 960 1641 1030 abyssus
1665 970 1751 1016 est
1771 969 1921 1015 extra
1952 977 2111 1015 mun-

527 1048 656 1102 dum
694 1047 825 1105 foris
854 1065 910 1106 et
936 1051 1190 1106 tenebrae.
1256 1051 1681 1107 Consideremus
1709 1066 1840 1123 ergo
1871 1053 1916 1107 si
1934 1061 2113 1123 potest

527 1154 655 1196 vera
691 1155 811 1197 esse
839 1143 1111 1211 expositio
1134 1143 1275 1212 ejus,
1295 1151 1356 1197 ut
1383 1142 1678 1198 exteriores
1711 1143 1962 1198 tenebras
1989 1143 2111 1198 illas

527 1230 918 1302 intelligamus,
968 1241 1029 1287 ut
1072 1234 1295 1303 quidam
1344 1234 1502 1303 quasi
1530 1233 1735 1303 indigni
1760 1242 1876 1289 toto
1905 1234 2110 1288 mundo

529 1321 585 1375 in
621 1321 882 1392 abyssum
925 1323 1072 1378 illam
1103 1340 1266 1394 quam
1297 1326 1388 1381 ille
1419 1328 1672 1397 exposuit
1700 1324 1847 1380 foras
1880 1327 2108 1395 eiician-

512 1423 619 1468 ‘tur
642 1456 656 1480 ,
688 1414 742 1468 in
774 1429 883 1485 qua
911 1424 1040 1470 sunt
1072 1418 1309 1471 tenebrae
1331 1459 1346 1481 ,
1382 1419 1599 1473 nemine
1628 1433 1722 1473 eas
1749 1418 2107 1485 illuminante,

529 1520 652 1560 cum
683 1506 793 1561 sint
815 1514 968 1561 extra
1002 1514 1172 1561 totum
1204 1507 1488 1561 mundum.

604 1595 693 1650 70.
737 1595 872 1650 Cum
906 1597 1102 1651 venerit
1140 1594 1189 1649 F
1193 1596 1317 1649 ilius
1341 1597 1568 1651 hominis
1614 1598 1668 1649 in
1707 1597 1877 1667 gloria
1907 1613 2026 1662 sua,
2059 1607 2109 1652 et

529 1702 703 1739 ontnes
731 1688 904 1756 angeli
952 1703 1068 1740 cum
1108 1704 1188 1755 eo,
1236 1697 1358 1742 tunc
1389 1687 1585 1743 sedebit
1608 1704 1766 1757 super
1797 1689 1969 1744 sedem
1996 1687 2110 1759 glo-

527 1780 623 1836 riw
648 1796 782 1846 autc,
814 1789 863 1833 et
894 1782 1353 1851 congregabantur
1388 1791 1521 1835 ante
1544 1796 1666 1836 eum
1692 1797 1869 1837 omnes
1912 1790 2133 1853 gentes,.

2216 589 2327 643 niet
2356 597 2410 643 et
2435 589 2492 641 in
2524 588 2664 643 istis.
2685 586 2752 640 Et
2780 589 3147 658 periculosum
3178 594 3399 664 quidem
3416 595 3584 651 estde
3602 592 3796 663 hujus-

2215 678 2364 734 modi
2400 680 2564 734 rebus
2605 692 2917 748 exponere,
2968 683 3060 736 sed
3114 698 3182 738 ne
3225 694 3446 755 propter
3488 683 3798 739 intellectus

2213 771 2584 827 dillicultatem
2611 772 2826 842 plenius
2849 781 3090 829 tacentes
3112 775 3561 846 derelinquamus
3582 792 3678 833 eos
3700 778 3796 847 qtti

2213 871 2506 919 moventur
2532 863 2588 917 in
2619 862 2740 918 istis
2764 863 2831 917 ad
2862 862 3262 933 ﬂuctuandum,
3292 882 3463 936 pauca
3487 867 3556 922 de
3582 866 3794 931 multis,

2212 953 2517 1010 secundum
2540 954 2688 1023 quod
2719 954 2980 1023 possibile
2999 963 3104 1022 est,
3130 972 3490 1027 exponamus.
3527 956 3795 1014 Existimo

2210 1062 2341 1117 ergo
2376 1046 2635 1115 quoniam
2666 1048 2771 1100 erit
2792 1054 3006 1115 tempus
3030 1048 3296 1105 adventus
3319 1048 3546 1114 Christi,
3572 1050 3793 1119 quando

2214 1146 2364 1192 tanta
2400 1136 2774 1193 manifestatio
2816 1136 3002 1194 futura
3033 1149 3119 1196 est
3145 1139 3348 1195 Christi
3396 1149 3451 1196 et
3489 1140 3792 1197 divinitatis

2210 1230 2352 1300 ejus,
2388 1238 2446 1284 ut
2474 1244 2582 1284 non
2611 1230 2788 1285 solum
2814 1230 3000 1286 nullus
3024 1231 3324 1301 justorum,
3348 1233 3441 1289 sed
3467 1248 3566 1288 nec
3591 1234 3790 1304 aliquis

2211 1333 2566 1392 peccatorum
2600 1320 2812 1393 ignoret
2841 1323 3121 1379 Christum
3150 1327 3450 1382 secundum
3489 1326 3633 1397 quod
3664 1335 3749 1382 est
3774 1367 3790 1392 ,

2213 1413 2431 1483 quando
2461 1421 2516 1466 et
2560 1420 2882 1482 peccatores
2906 1427 3242 1484 cognoscent
3279 1416 3333 1470 in
3364 1426 3660 1487 conspectu
3689 1432 3792 1472 suo

2211 1518 2311 1558 sua
2359 1502 2591 1569 delicta,
2650 1512 2705 1558 et
2751 1503 2887 1573 justi
2945 1504 3234 1561 manifeste
3277 1507 3539 1562 videbunt
3579 1508 3789 1563 semina

2207 1596 2432 1666 iustitia:
2456 1612 2570 1652 suae
2589 1637 2604 1662 ,
2636 1595 2702 1650 ad
2731 1594 2948 1663 qualem
2976 1612 3072 1652 eos
3099 1599 3450 1667 perduxerint
3491 1598 3678 1653 finem.
3718 1597 3789 1654 Et

2194 1689 2316 1743 'hoc
2336 1695 2422 1742 est
2446 1688 2592 1757 quod
2617 1686 2754 1743 dixit
2779 1707 2794 1742 :
2824 1689 3295 1759 Congregabuntttr
3319 1699 3440 1744 ante
3461 1706 3581 1743 eum
3603 1706 3784 1744 omnes

2212 1791 2406 1852 gentes.
2432 1778 2490 1835 Si
2513 1779 2657 1835 enim
2684 1782 2847 1837 modo
2865 1780 3086 1852 quando
3114 1796 3215 1838 nec
3234 1796 3430 1837 omnes
3450 1789 3789 1852 cognoscunt

525 1879 579 1924 et
609 1841 805 1924 caetera
832 1873 897 1923 θ’.
926 1841 1272 1928 Indiseussus
1293 1873 1514 1943 quidem
1540 1888 1722 1930 sermo
1745 1841 1962 1930 videtur
1988 1841 2108 1930 esse
2142 1841 2182 1897 Β
2210 1841 2490 1927 Christum
2518 1873 2821 1929 secundum
2851 1841 2999 1944 q-uod
3019 1880 3124 1939 est,
3159 1886 3263 1927 nec
3290 1871 3390 1942 ipsi
3416 1841 3789 1942 quivvidentur

527 1956 870 2023 manifestus,
899 1960 1055 2029 quasi
1087 1961 1384 2016 exhortans
1411 1961 1665 2019 homines
1689 1963 1757 2018 ad
1786 1964 2025 2020 dandum
2056 1973 2110 2019 et

523 2048 864 2119 largiendum
886 2091 901 2113 ,
954 2060 1009 2106 et
1037 2061 1293 2107 avertens
1340 2053 1410 2108 ab
1438 2052 1585 2108 omni
1629 2053 2029 2111 inhumanitate
2054 2065 2111 2111 et

531 2141 809 2209 parcitate.
852 2139 1146 2196 Videamus
1173 2149 1353 2198 tamen
1383 2143 1514 2213 quid
1544 2157 1789 2213 quaerere
1805 2151 2019 2214 oportet
2054 2143 2107 2198 in

526 2245 594 2286 eo
619 2241 842 2302 propter
869 2246 965 2287 eos
998 2233 1093 2304 qui
1123 2233 1256 2290 nihil
1284 2233 1616 2290 arbitrantur
1644 2235 1790 2290 aliud
1826 2237 1879 2292 in
1910 2250 1976 2291 eo
2003 2236 2108 2292 nisi

525 2322 958 2379 exhortationem
995 2324 1371 2381 humanitatis.
1411 2325 1571 2382 Certe
1599 2327 1897 2383 secundum
1922 2338 1977 2383 et
2003 2329 2113 2398 glo-

524 2413 735 2469 rlosum
780 2414 982 2472 Christi
1019 2416 1310 2472 adventum
1357 2415 1474 2474 fore
1515 2419 1686 2474 credit
1718 2419 1899 2474 omnis
1927 2418 2112 2474 Eccleo

527 2503 644 2566 sia,
693 2506 915 2574 quando
956 2516 1012 2561 et
1056 2506 1228 2564 Filius
1282 2507 1371 2564 Dei
1422 2510 1517 2580 qui
1568 2519 1885 2580 assumptus
1932 2519 2015 2566 est
2054 2513 2106 2565 in

526 2595 722 2666 gloria,
741 2596 821 2652 sic
846 2612 969 2652 cum
997 2598 1168 2668 gloria
1196 2598 1303 2655 huc
1330 2611 1631 2656 revertetur
1659 2601 1713 2656 in
1735 2601 1915 2673 specie
1937 2617 2035 2657 sua
2058 2614 2110 2656 et

525 2687 931 2761 pulchritudine
966 2705 1085 2755 sua,
1116 2698 1176 2744 ut
1199 2693 1546 2762 corpusejus
1571 2692 1642 2748 sit
1665 2693 1826 2762 quale
1854 2691 1954 2747 fuit
1983 2709 2106 2749 cum

527 2781 951 2841 transformatus
988 2780 1182 2837 fuisset
1219 2783 1271 2836 in
1305 2793 1488 2839 monte
1522 2798 1708 2839 coram
1738 2785 1914 2840 tribus
1942 2784 2109 2841 disci-

522 2876 668 2947 pulis
693 2877 1182 2933 conscendentibus
1198 2875 1244 2933 ei
1267 2896 1280 2932 :
1310 2884 1367 2932 ut
1383 2875 1496 2949 jam
1521 2891 1626 2933 non
1654 2867 1849 2942 tribus,
1867 2890 1967 2933 nec
1987 2874 2108 2953 aliis

506 2969 738 3036 paucis,
764 2969 857 3024 sed
892 2969 1161 3025 universis
1184 2971 1434 3041 gentibus
1458 2971 1800 3041 congregatis
1828 2978 1954 3024 ante
1981 2984 2107 3024 eum

528 3071 819 3131 appareat,
875 3071 930 3117 et
970 3063 1155 3118 sedeat
1199 3078 1362 3132 super
1415 3064 1596 3119 sedem
1648 3063 1839 3134 gloriae
1871 3076 2019 3127 suae,
2056 3071 2109 3116 et

2211 1962 2564 2034 cognoscere,
2588 1962 2768 2033 palam
2799 1979 2923 2020 eum
2949 1972 3306 2034 cognoscunt,
3337 1962 3432 2019 sed
3455 1963 3510 2018 in
3534 1961 3638 2018 ﬁde
3666 1971 3788 2018 tan-

2212 2063 2326 2110 tum
2369 2054 2577 2111 intrant
2617 2056 2868 2112 homines
2910 2057 2962 2110 in
2997 2067 3348 2125 conspectum
3392 2055 3787 2126 ejus,quando

2211 2145 2545 2215 agnitionem
2577 2145 2698 2216 ejus
2725 2145 3002 2217 accipiunt
3024 2162 3120 2217 per
3143 2146 3323 2211 fidem,
3352 2145 3498 2200 sicut
3520 2147 3789 2215 scriptum

2210 2245 2295 2293 est
2314 2256 2328 2292 :
2350 2236 2555 2293 Intrate
2572 2238 2628 2292 in
2645 2247 2921 2308 conspectu
2937 2238 3051 2307 ejus
3069 2239 3125 2291 in
3145 2236 3788 2307 exsultatione",quanto

2213 2331 2389 2400 magis
2434 2337 2580 2384 recte
2608 2328 2869 2385 dicuntur
2901 2342 3091 2383 omnes
3122 2335 3308 2397 gentes
3345 2336 3472 2381 ante
3494 2342 3620 2382 eum
3651 2342 3787 2381 con-

2211 2421 2501 2493 greganda:
2524 2429 2579 2475 et
2607 2419 3024 2484 constituendae,
3051 2421 3271 2489 quando
3292 2418 3471 2489 palam
3505 2417 3779 2478 omnibus.

2213 2530 2321 2573 tam
2354 2518 2515 2574 bonis
2540 2533 2704 2589 quam
2741 2517 2922 2583 malis,
2953 2526 3063 2572 tam
3088 2515 3336 2571 fidelibus
3364 2530 3528 2585 quam
3555 2511 3786 2568 infideli-

2210 2610 2314 2665 bus
2361 2609 2525 2666 fuerit
2567 2608 2743 2664 factus
2790 2607 3143 2674 manifestus,
3177 2617 3303 2663 ante
3353 2606 3540 2662 oculos
3585 2606 3786 2660 mentis

2210 2715 2401 2755 eorum
2425 2698 2539 2768 jam
2571 2712 2679 2752 non
2721 2697 2843 2753 fidei
2875 2706 2970 2752 aut
3003 2698 3298 2766 diligentiae
3332 2696 3564 2766 alicujus
3597 2695 3784 2764 inqui-

2212 2790 2412 2846 sitione
2456 2800 2704 2860 repertus
2728 2830 2743 2852 ,
2779 2790 2872 2845 sed
2910 2790 3083 2858 ipsius
3129 2788 3431 2843 divinitatis
3460 2803 3573 2843 suae
3602 2785 3782 2843 niani-

2210 2881 2501 2940 festatione
2531 2880 2820 2952 prolatus?
2843 2878 2963 2936 Non
2993 2881 3047 2936 in
3082 2880 3266 2950 aliquo
3293 2880 3511 2950 quidem
3540 2879 3659 2933 loco
3683 2893 3752 2948 ap
3776 2906 3785 2917 -

2210 2972 2422 3042 parebit
2446 2970 2619 3026 Filius
2652 2970 2745 3026 Dei
2769 2985 2896 3026 cum
2932 2968 3144 3026 venerit
3169 2970 3221 3023 in
3255 2969 3426 3040 gloria
3459 2984 3581 3034 sua,
3613 2968 3666 3022 in
3696 2970 3782 3022 al-

2213 3074 2328 3119 tero
2355 3074 2537 3119 autem
2572 3078 2679 3118 non
2716 3061 3020 3132 apparebit,
3044 3061 3137 3117 sed
3169 3061 3309 3116 sicut
3336 3061 3451 3130 ipse
3481 3058 3782 3115 secundum

529 3163 660 3207 tunc
726 3154 1028 3223 scgregabit
1095 3154 1268 3209 malos
1333 3169 1364 3208 a
1422 3156 1598 3210 Louis.
1680 3153 1871 3210 Utrum
1925 3163 2105 3209 autem
2135 3179 2178 3236 ο
2211 3154 2675 3225 comparationem
2712 3153 2944 3224 fulguris
2984 3153 3234 3209 exeuntis
3280 3153 3571 3206 adventum
3621 3164 3784 3205 suum

523 3259 719 3301 omnes
757 3248 825 3300 ab
856 3247 1110 3301 omnibus
1143 3248 1236 3316 qui
1272 3248 1325 3303 in
1365 3249 1621 3305 omnibus
1666 3246 2108 3317 generationibus

524 3338 693 3410 887
726 3337 963 3405 fuerint,
998 3347 1093 3393 aut
1117 3339 1222 3394 illae
1262 3348 1476 3394 tantum
1519 3353 1641 3408 quae
1671 3339 1726 3392 in
1756 3352 2108 3394 consumma-

522 3431 672 3486 tione
702 3429 909 3484 fuerint
940 3431 1210 3487 derelictae
1234 3471 1248 3496 ,
1282 3441 1376 3486 aut
1406 3432 1512 3487 illa;
1541 3440 1750 3487 tantum
1780 3445 1903 3501 qua:
1933 3429 2108 3484 credi-

515 3524 723 3577 derunt
748 3523 800 3576 in
826 3521 992 3576 Deum
1017 3538 1112 3593 per
1136 3523 1436 3591 Christum,
1456 3533 1510 3579 et
1534 3525 1666 3594 ipsae
1686 3532 1868 3577 utrum
1890 3533 2106 3584 omnes,

514 3629 596 3667 an
635 3629 742 3667 non
778 3628 1004 3680 omnes,
1050 3629 1157 3668 non
1194 3616 1330 3669 satis
1368 3623 1454 3670 est
1491 3612 1866 3669 manifestum.
1900 3612 2105 3667 Tamen

514 3704 858 3775 quibusdam
894 3704 1104 3759 videtur
1136 3706 1202 3760 de
1227 3703 1532 3760 differentia
1565 3719 1753 3759 earum
1783 3719 1906 3774 qua:
1931 3701 2107 3757 credi—

512 3796 751 3859 derunt,
778 3795 893 3849 haec
917 3808 1041 3849 esse
1065 3795 1229 3850 dicta.
1253 3793 1530 3861 Quantum
1553 3809 1683 3865 ergo
1708 3793 1776 3848 ad
1804 3793 2105 3863 simplicem

512 3894 764 3951 textum,
788 3901 893 3941 nec
916 3885 1011 3955 qui
1040 3900 1071 3941 a
1102 3887 1309 3943 dextris
1331 3887 1638 3942 consistunt
1663 3885 1767 3940 alia
1794 3900 1960 3940 causa
1989 3884 2107 3937 lan-

504 3977 766 4043 rdantur,
795 3986 852 4032 et
894 3978 949 4031 in
984 3989 1344 4048 pra-paratum
1382 3993 1608 4048 regnum
1642 3984 1947 4041 vocantur,
1999 3973 2104 4030 nisi

508 4080 754 4140 propter
783 4069 957 4125 solam
1000 4069 1434 4135 humanitatem;
1470 4083 1569 4123 nec
1592 4067 1688 4138 qui
1722 4074 1850 4122 sunt
1896 4082 1928 4120 a
1974 4064 2106 4121 sini-

510 4160 663 4214 stris
713 4159 818 4214 alia
862 4174 1034 4215 causa
1089 4157 1502 4214 confunduntur
1553 4168 1609 4214 et
1664 4156 1996 4228 deputantur
2050 4155 2103 4209 in

514 4253 712 4322 -ignem
737 4292 751 4317 ,
793 4251 897 4305 nisi
931 4263 1151 4321 propter
1176 4251 1647 4305 inhumanitatem.
1676 4248 1817 4314 Quid
1840 4247 2014 4319 ergo?
2048 4245 2104 4302 Si

532 4345 619 4397 isti
650 4343 742 4412 qui
777 4343 1002 4397 humani
1038 4342 1264 4397 fuerunt
1314 4342 1459 4396 circa
1489 4341 1719 4396 virtutes
1747 4347 1974 4395 caeteras
2006 4352 2105 4392 ne-

530 4433 796 4501 gligentes
822 4430 1064 4499 fuerunt,
1084 4440 1490 4501 consequentur
1512 4431 1639 4484 talia
1660 4429 1776 4484 haec
1799 4427 2107 4498 promissa?

2211 3244 2384 3300 voluit
2434 3246 2842 3311 demonstrare,
2878 3243 3067 3300 dicens
3088 3244 3133 3277 “
3168 3261 3182 3298 :
3223 3242 3284 3297 Si
3324 3243 3555 3296 dixerint
3601 3243 3783 3296 vobis:

2210 3334 2347 3389 Ecce
2376 3335 2432 3388 in
2462 3336 2667 3388 deserto
2687 3373 2705 3397 ,
2751 3334 2916 3389 nolite
2942 3336 3127 3398 exire;
3165 3350 3279 3387 ecce
3311 3335 3365 3388 in
3397 3333 3553 3387 domo
3574 3375 3592 3400 ,
3625 3334 3788 3389 nolite

2208 3426 2418 3481 credere
2450 3443 2468 3480 :
2502 3427 2640 3480 sicut
2664 3427 2802 3479 enim
2836 3425 3019 3494 fulgur
3062 3425 3329 3493 egreditur
3361 3425 3426 3476 ab
3461 3424 3692 3488 oriente,
3734 3434 3786 3478 et

2208 3528 2428 3587 apparet
2458 3532 2623 3587 usque
2651 3517 2721 3570 ad
2746 3516 3096 3580 occidentem,
3137 3513 3213 3566 sic
3243 3514 3345 3566 erit
3372 3512 3624 3566 adventus
3655 3509 3788 3566 Filii

2206 3609 2455 3663 hominis.
2490 3606 2647 3663 Sicut
2673 3607 2817 3663 enim
2840 3605 3024 3676 fulgur
3053 3603 3337 3674 egrediens
3364 3603 3433 3658 ab
3463 3601 3708 3669 oriente,
3731 3613 3788 3657 et

2206 3706 2488 3771 propterea
2516 3696 2665 3768 quod
2694 3695 2881 3752 omnia
2906 3695 3114 3764 implet,
3139 3704 3363 3762 apparet
3392 3707 3566 3762 usque
3594 3691 3663 3746 ad
3692 3706 3787 3747 oc-

2211 3792 2504 3853 cidentem,
2543 3791 2625 3846 sic
2653 3805 2780 3846 cum
2809 3788 3023 3844 venerit
3059 3785 3316 3840 Christus
3350 3784 3405 3839 in
3435 3783 3607 3855 gloria
3646 3800 3743 3841 sua
3767 3825 3784 3850 ,

2206 3892 2599 3954 proptereaque
2642 3882 2844 3950 ubique
2888 3877 3109 3932 futurus
3151 3885 3266 3940 est,
3301 3887 3356 3931 et
3383 3875 3502 3945 ipse
3551 3875 3604 3929 in
3648 3891 3784 3930 cou-

2207 3984 2392 4045 spectu
2425 3972 2672 4029 omnium
2699 3972 2803 4026 erit
2836 3970 3060 4040 ubique,
3090 3975 3145 4024 et
3168 3981 3360 4022 omnes
3389 3967 3595 4037 ubique
3621 3976 3785 4022 erunt

2207 4066 2261 4120 in
2288 4074 2583 4135 conspectu
2608 4063 2803 4133 ipsius,
2825 4070 2880 4116 et
2903 4061 2983 4115 sic
3007 4058 3411 4115 constituentur
3441 4067 3567 4112 ante
3599 4056 3783 4112 sedem

2206 4158 2390 4227 gloriae
2416 4156 2571 4226 ejus,
2601 4155 2706 4209 hoc
2755 4160 2841 4207 est
2880 4159 3007 4205 ante
3044 4136 3272 4218 re'gnum
3306 4146 3429 4217 ejus
3463 4153 3519 4201 et
3548 4153 3788 4215 potestao

2209 4259 2313 4304 tem
2343 4243 2734 4303 dominationis
2760 4242 2955 4313 ipsius.
2982 4238 3152 4295 Sedes
3174 4246 3353 4293 autem
3376 4235 3497 4306 ejus
3519 4245 3615 4291 aut
3638 4245 3786 4292 certe

2207 4342 2432 4412 quidam
2458 4336 2813 4409 perfectiores
2840 4342 3154 4389 sanctorum
3189 4329 3469 4395 dicuntur,
3497 4327 3565 4383 de
3584 4327 3785 4398 quibus

2208 4433 2472 4504 scriptum
2498 4439 2583 4486 est
2607 4430 2652 4462 ”
2688 4446 2701 4483 :
2740 4427 3003 4492 Quoniam
3039 4424 3152 4478 illic
3173 4422 3419 4476 sederunt
3442 4419 3587 4474 sedes
3616 4421 3677 4474 in
3693 4420 3785 4488 ju-

518 4530 626 4574 zaut
648 4521 724 4574 illi
748 4522 843 4589 qui
871 4537 978 4576 non
1003 4522 1225 4578 fuerunt
1246 4522 1494 4588 humani,
1518 4521 1564 4575 si
1594 4522 1729 4575 alias
1748 4520 2107 4590 impleverunt
2140 4521 2181 4575 D
2209 4527 2352 4578 dicio
2378 4541 2396 4589 ;
2424 4531 2520 4579 aut
2543 4520 2792 4591 quaedam
2820 4518 3049 4573 virtutes
3072 4514 3347 4586 angelicae,
3378 4513 3445 4568 de
3470 4513 3675 4583 quibus
3698 4513 3785 4569 di-

524 4612 784 4675 virtutes,
817 4612 1088 4667 maledicti
1118 4623 1281 4668 erunt
1312 4613 1555 4679 omnino,
1587 4623 1642 4668 et
1667 4613 1720 4666 in
1750 4613 1931 4682 ignem
1979 4624 2107 4667 sunt

521 4703 954 4769 condemnandi,
981 4713 1038 4759 et
1065 4706 1169 4760 hoc
1187 4720 1321 4760 cum
1344 4707 1466 4776 ipso
1489 4706 1706 4761 diabolo
1733 4705 1757 4758 ?
1787 4701 1951 4760 Vides
1975 4720 2106 4775 ergo

522 4794 657 4863 quia
717 4795 1084 4851 necessariam
1137 4798 1298 4853 habet
1347 4800 1668 4868 sapientiam
1719 4814 1918 4856 sermo.
1972 4798 2104 4853 item

530 4887 876 4940 tractandum
903 4895 987 4942 est
1010 4897 1193 4942 utrum
1225 4889 1277 4942 in
1300 4890 1422 4944 loco
1448 4889 1666 4947 futurus
1695 4900 1780 4945 est
1808 4889 2106 4946 Salvatoris

532 4975 800 5030 adventus
829 4977 882 5030 in
926 4979 1156 5049 gloriam
1184 5022 1200 5047 ,
1234 4997 1305 5035 an
1333 4983 1561 5037 alteram
1592 4982 1984 5053 expositionem
2015 4982 2108 5037 de-

534 5069 726 5124 bemus
759 5074 1066 5141 exquirere.
1105 5071 1242 5139 Quis
1283 5075 1428 5129 enim
1460 5075 1566 5129 erit
1598 5074 1751 5130 locus
1779 5074 1887 5141 ille,
1920 5082 1982 5128 ut
2011 5087 2105 5128 ca-

529 5161 648 5232 piat
669 5161 724 5214 iu
749 5176 863 5216 uno
890 5173 1116 5232 aspectu
1140 5173 1409 5220 etomnes
1434 5165 1654 5235 angelos
1678 5166 1959 5220 venientes
1981 5174 2106 5219 cum

529 5255 754 5312 Christo
798 5266 852 5312 et
896 5272 1088 5315 omnes
1133 5269 1319 5329 gentes
1352 5260 1463 5314 illic
1491 5258 1892 5330 congregatas?
1919 5255 1987 5310 Et
2041 5256 2109 5310 de

531 5349 660 5404 sede
677 5349 862 5420 gloriae
877 5351 998 5419 ejus
1019 5351 1147 5421 quid
1174 5360 1259 5407 est
1282 5351 1571 5407 dicendum
1592 5352 1616 5406 Ἰ
1637 5349 1803 5407 Putas
1826 5348 2110 5419 corporale

2210 4617 2352 4672 citur
2383 4616 2430 4648 ⁹⁶
2464 4632 2478 4668 :
2514 4611 2634 4668 Sive
2671 4612 2851 4673 sedes,
2900 4608 3007 4663 sire
3044 4606 3453 4661 dominationes.
3503 4603 3646 4675 Ergo
3684 4619 3782 4660 rex

2212 4708 2536 4766 saeculorum
2576 4703 2722 4758 Deus
2762 4699 3000 4756 Verbum
3022 4738 3038 4763 ,
3074 4697 3167 4768 qui
3196 4698 3250 4752 in
3285 4695 3462 4751 forma
3492 4693 3668 4750 factus
3701 4701 3784 4749 est

2211 4800 2471 4866 hominis,
2487 4795 2700 4852 sedebit
2720 4808 2883 4861 super
2903 4789 3216 4860 hujusmodi
3235 4787 3416 4844 sedem
3442 4788 3625 4858 gloria:
3638 4800 3779 4847 suae;

2211 4902 2266 4947 et
2293 4887 2769 4960 congregabantur
2805 4883 2871 4939 ad
2906 4895 3031 4936 eum
3070 4893 3263 4933 omnes
3297 4886 3482 4947 gentes
3514 4875 3626 4948 jam
3670 4887 3777 4928 non

2208 4984 2470 5052 dispersae
2514 4980 2567 5032 in
2600 4973 2943 5046 dogmatibus
2986 4970 3140 5027 falsis
3174 4977 3229 5024 et
3269 4968 3456 5022 multis
3496 4968 3564 5022 de
3590 4978 3698 5027 eo;
3730 4970 3784 5016 et

2210 5073 2293 5129 sic
2332 5077 2496 5125 erunt
2545 5073 2672 5121 ante
2717 5079 2880 5128 eum,
2941 5070 3001 5117 ut
3049 5076 3157 5116 non
3210 5058 3454 5112 localiter
3500 5054 3787 5110 audiamus

2211 5174 2403 5217 omnes
2432 5166 2620 5228 gentes
2647 5154 2761 5210 ﬁeri
2790 5160 2917 5207 ante
2937 5166 3085 5218 eum,
3113 5152 3254 5205 sicut
3286 5163 3385 5202 nec
3419 5146 3664 5200 localiter
3693 5158 3790 5197 ai.-

2192 5253 2395 5311 ,dimus
2415 5249 2595 5320 justos
2620 5260 2683 5300 ea
2712 5244 2957 5300 dicturos
2977 5256 3100 5312 quae
3127 5248 3259 5297 sunt
3285 5237 3507 5293 dicturi.
3532 5232 3787 5303 Quandiu

2213 5357 2344 5413 ergo
2377 5338 2592 5397 confusi
2624 5347 2753 5394 sunt
2786 5333 2983 5405 iniqui,
3020 5348 3120 5397 nec
3147 5347 3209 5387 se
3240 5336 3654 5401 cognoscentes,
3691 5340 3792 5380 nec

534 5417 756 5511 aliquod
791 5417 1111 5498 subsellium
1150 5444 1256 5498 erit
1280 5444 1303 5497 ἲ
1330 5444 1413 5498 An
1447 5444 1614 5499 etiam
1642 5441 1748 5497 hoc
1783 5417 2115 5511 opus—habet
2215 5432 2518 5496 Christum,
2549 5428 2646 5486 sed
2682 5429 2737 5482 in
2766 5424 3048 5482 erroribus
3078 5417 3458 5478 intenebricati
3483 5426 3790 5511 tenentur}

537 5533 987 5602 interpretatione
1013 5535 1338 5591 subtiliore?
1357 5533 1647 5606 PrOpterea
1670 5534 1763 5605 qui
1788 5532 1902 5588 vult
1930 5531 2112 5588 omnia

542 5816 625 5870 16.

2216 5535 2271 5582 et
2300 5522 2437 5597 justi
2481 5517 2724 5593 quandiu
2768 5530 2864 5586 per
2894 5513 3175 5584 speculum
3220 5522 3276 5569 et
3307 5512 3361 5566 in
3393 5509 3685 5580 aenigmate
3714 5506 3791 5559 vi-

604 5748 650 5778 ”
681 5747 871 5801 Matth.
907 5763 1034 5809 xxv,
1068 5746 1155 5816 ⁸51,
1188 5749 1274 5805 3‘2.
1353 5752 1399 5785 ’3
1429 5750 1572 5806 Psal.
1606 5765 1751 5813 xstx,
1779 5750 1833 5803 ‘2.
1933 5744 2196 5802 "Matth.
2230 5756 2379 5807 xxiv,
2413 5736 2484 5791 26
2550 5740 2606 5790 et
2631 5740 2783 5797 seqq.
2860 5725 2905 5758 ⁹¹
2933 5721 3077 5779 Psai.
3108 5737 3257 5789 cxxr,
3286 5720 3339 5775 5.
3417 5720 3464 5752 ’°
3497 5717 3712 5775 Coloss.
3751 5732 3791 5785 ι,
