4112 6422
327 401 465 460 1713

1480 394 1766 452 COMMEN
1778 394 1855 449 ῘΑ
1867 390 2134 447 RIORUM
2180 392 2445 449 SERIES.

3453 401 3589 459 ιω

330 529 461 584 de."
483 527 551 592 οτ³
585 534 641 580 ει
668 538 733 580 εχ
764 533 915 594 ραι-ιε
944 521 1155 592 δείρεοι
1186 531 1542 591 cognoscunt,
1571 536 1678 575 non
1708 534 1897 576 secun-
1932 518 1979 575 Δ
2006 514 2136 569 teris
2161 531 2283 585 qua:
2315 524 2544 585 possunt
2574 524 2627 572 et
2659 515 2713 571 in
2753 531 2948 575 manus
2977 517 3264 575 hominum
3293 522 3433 579 male
3466 540 3587 579 mo—

333 621 462 675 dum
507 616 653 688 quod
699 631 823 671 vere
860 624 1029 681 sunt;
1084 612 1269 667 tandiu
1316 629 1424 667 non
1467 620 1595 666 situt
1640 610 1905 681 segregati

340 710 465 765 boni
499 724 528 762 a
558 708 761 773 malis;
799 720 921 760 cum
956 711 1137 758 autem
1168 711 1387 773 pr0pter
1414 700 1904 756 manifestationem

337 803 431 857 lilii
462 800 553 854 Dei
581 812 774 853 omnes
813 796 879 850 ad
912 794 1245 849 intellectum
1286 793 1535 873 venerint
1564 808 1746 855 suum,
1777 802 1909 846 tunc

340 894 588 948 Salvator
615 888 919 962 segregabit
941 887 1115 941 bonos
1141 902 1171 940 a
1199 886 1375 940 malis.
1411 884 1551 941 Oves
1572 892 1752 939 autem
1778 884 1905 939 dicti

339 996 465 1041 sunt
509 984 601 1053 qui
651 983 933 1037 salvantur
982 988 1199 1048 propter
1237 978 1709 1032 mansuetudinem
1743 992 1905 1046 quam

340 1076 648 1130 didicerunt
677 1072 746 1126 ab
764 1086 832 1126 eo
853 1071 944 1140 qui
974 1069 1106 1124 dicit
1129 1069 1209 1119 ἐς
1240 1067 1438 1121 Discite
1459 1084 1491 1120 α
1516 1083 1594 1121 me
1613 1067 1741 1137 quia
1764 1066 1907 1120 mitis

339 1181 454 1218 sum
479 1172 528 1218 et
558 1163 775 1217 humilis
808 1162 984 1223 corde,
1008 1170 1062 1215 et
1088 1167 1305 1229 propter
1332 1158 1476 1227 quod
1504 1172 1682 1227 usque
1711 1157 1777 1211 ad
1808 1172 1906 1212 oe-

338 1253 597 1308 cisionem
628 1251 803 1321 parati
839 1250 1059 1304 fuerunt
1090 1247 1274 1304 venire
1305 1246 1579 1302 imitantes
1604 1246 1906 1312 Christum,

336 1346 431 1415 qui
476 1345 620 1400 sicut
647 1344 765 1399 ovis
810 1343 876 1397 ad
917 1343 1247 1398 occisionem
1291 1341 1487 1395 ductus
1518 1349 1634 1405 est,
1670 1350 1722 1396 et
1768 1341 1911 1396 sicut

336 1454 511 1508 agnus
539 1451 726 1492 coram
763 1436 1018 1491 tondente
1051 1452 1110 1491 se
1141 1436 1260 1491 sine
1286 1450 1449 1501 voce;
1477 1444 1531 1490 et
1561 1450 1668 1489 non
1700 1432 1910 1502 simpli-

337 1530 473 1584 citer
507 1528 625 1583 sine
662 1544 825 1595 voce,
854 1527 950 1582 sed
983 1543 1165 1582 coram
1200 1527 1454 1582 tondente
1485 1541 1545 1581 se
1576 1525 1695 1581 sine
1741 1539 1905 1590 voce,

338 1623 390 1677 id
413 1630 493 1675 est
523 1635 707 1675 coram
733 1619 1011 1674 auferente
1033 1635 1156 1688 quae
1178 1629 1306 1673 sunt
1328 1618 1500 1688 ipsius
1520 1626 1575 1672 et
1598 1616 1905 1685 diripiente.

337 1712 484 1768 Haedi
509 1722 690 1767 autem
713 1710 970 1766 dicuntur
994 1711 1144 1773 mali,
1165 1711 1291 1780 quia
1316 1724 1508 1780 aspera
1532 1718 1587 1763 et
1606 1708 1746 1763 dura
1774 1724 1907 1762 saxa

338 1806 481 1861 male
513 1802 836 1868 ascendunt,
867 1811 922 1856 et
952 1819 1048 1872 per
1078 1801 1373 1872 praecipitia
1400 1816 1593 1856 eorum
1626 1800 1904 1855 incedunt.
1943 1836 1988 1891 Β

338 1897 431 1953 Sic
458 1897 698 1966 iutellige
727 1896 859 1950 mihi
894 1905 950 1950 et
980 1904 1201 1950 sanctos
1240 1911 1271 1949 a
1313 1894 1522 1950 dextris
1542 1934 1557 1959 ,
1594 1892 1687 1963 qui
1716 1891 1907 1947 dextra

336 2000 503 2057 opera
530 1986 742 2056 operati
767 1994 928 2051 sunt,
961 1994 1016 2041 et
1052 1985 1265 2055 plenius
1296 1995 1425 2041 sunt
1452 1985 1701 2041 conversi
1730 1985 1796 2039 ad
1820 1984 1910 2054 ju-

337 2077 574 2142 stitiam,
621 2092 743 2145 quae
784 2091 999 2146 semper
1026 2092 1056 2131 a
1094 2076 1300 2133 dextris
1340 2084 1425 2132 est
1453 2074 1570 2131 Dei.
1617 2074 1909 2145 Propterea

342 2169 643 2221 secundum
680 2167 994 2237 dignitatem
1024 2174 1243 2222 actuum
1274 2182 1496 2222 suorum
1528 2166 1843 2221 dextrorum
1880 2182 1909 2221 a

337 2257 546 2311 dextris
572 2258 902 2324 consistunt,
931 2266 985 2312 et
1012 2267 1337 2327 acceperunt
1364 2258 1664 2313 mercedem
1691 2271 1908 2314 suorum

339 2349 681 2414 dextrorom,
711 2350 955 2403 dextram
990 2350 1155 2421 regis,
1187 2351 1240 2405 in
1270 2365 1374 2420 qua
1411 2349 1628 2419 requies
1661 2359 1715 2403 et
1742 2351 1909 2421 gloria

338 2448 442 2493 est.
481 2438 582 2503 Qui
612 2448 790 2493 autem
827 2438 890 2492 ad
925 2439 1332 2509 perversitatem
1362 2439 1484 2495 vitae
1517 2440 1728 2509 seipsos
1756 2456 1913 2511 sepa-

343 2538 603 2584 raverunt
629 2546 660 2584 a
686 2529 890 2585 dextris
917 2540 1136 2601 propter
1167 2546 1326 2599 opera
1367 2547 1464 2586 sua
1496 2532 1729 2600 pessima
1760 2544 1812 2586 et
1839 2532 1913 2587 si-

339 2622 534 2685 nistra,
565 2621 882 2676 ceciderunt
914 2622 966 2675 in
1003 2621 1311 2686 sinistram,
1346 2621 1395 2676 id
1426 2631 1509 2677 est
1548 2623 1601 2677 in
1633 2623 1909 2678 tristitiam

337 2722 736 2767 tormentorum
760 2714 1025 2780 damnati,
1054 2724 1272 2784 propter
1292 2717 1436 2785 quod
1460 2733 1490 2771 a
1518 2717 1757 2774 sinistris
1781 2734 1912 2773 con-

337 2802 561 2857 sistunt.
597 2801 751 2858 Tune
782 2802 925 2857 dicet
958 2804 1025 2857 ad
1051 2817 1147 2857 eos
1171 2804 1265 2873 qui
1289 2813 1417 2860 sunt
1439 2821 1468 2858 a
1490 2806 1659 2877 888
1682 2808 1908 2873 dextris,

346 2894 587 2948 iuvitans
618 2908 714 2948 eos
747 2894 812 2947 ad
842 2908 900 2948 se
932 2912 944 2948 :
986 2892 1185 2959 Venite,
1218 2903 1276 2949 ut
1302 2896 1565 2965 quidquid
1595 2898 1776 2952 minus
1795 2897 1909 2953 fue-

338 2992 426 3039 rat
451 2984 567 3045 eis,
618 2998 742 3039 cum
778 2982 1070 3054 perfectius
1101 2986 1236 3040 uniti
1268 2985 1471 3042 fuerint
1497 2986 1737 3052 Christo,
1775 3005 1911 3045 con-

338 3086 643 3146 sequantur
670 3077 950 3132 audientes
977 3096 989 3132 :
1037 3072 1238 3148 Venite,
1267 3088 1322 3134 et
1351 3079 1631 3136 facientes.
1669 3080 1799 3137 'l'ale
1831 3094 1916 3138 est

337 3168 484 3239 quod
520 3169 653 3224 dicit
689 3171 830 3240 apud
857 3169 1063 3226 Lucam
1085 3172 1129 3204 ”
1156 3190 1169 3227 :
1206 3172 1423 3241 Auferte
1447 3173 1701 3228 talentum
1733 3176 1797 3228 ab
1829 3192 1909 3241 eo,
1940 3204 1981 3258 ρ

336 3272 384 3315 et
411 3261 534 3315 date
558 3262 607 3315 ei
633 3264 723 3332 qui
764 3262 917 3316 habet
956 3262 1152 3317 decem.
1195 3262 1381 3319 Omnis
1415 3266 1553 3319 enim
1594 3266 1685 3336 qui
1721 3266 1910 3335 habet,

337 3352 563 3405 addatur
589 3354 682 3406 ei:
720 3355 809 3424 qui
854 3363 1028 3408 autem
1061 3371 1164 3407 non
1211 3355 1387 3421 habet,
1430 3368 1479 3410 et
1522 3358 1663 3428 quod
1711 3359 1915 3413 videtur

338 3442 549 3511 habere,
584 3444 854 3515 auferetur
891 3444 956 3503 ab
998 3463 1077 3501 eo.
1128 3444 1296 3503 Vocat
1327 3458 1505 3504 autem
1535 3450 1659 3506 illos
1690 3453 1909 3506 benedi-

339 3543 460 3590 ctos
491 3535 688 3604 Patris,
720 3536 903 3591 addito
933 3535 1192 3592 benedicti
1226 3538 1409 3596 Patris
1441 3543 1562 3607 mei,
1588 3552 1648 3598 ut
1671 3545 1917 3600 eminen-

341 3626 417 3681 tia
448 3628 841 3684 benedictionis
866 3645 1056 3687 eorum
1088 3634 1490 3699 manifestetur,
1520 3635 1613 3703 qui
1648 3635 1916 3691 benedicti

340 3727 470 3773 sunt
514 3735 543 3770 a
598 3717 828 3773 Domino
884 3721 979 3788 qui
1034 3720 1161 3775 fecit
1208 3722 1408 3776 cadum
1470 3732 1524 3776 et
1572 3730 1812 3789 terram;
1862 3736 1917 3779 et

341 3807 571 3863 forsitan
618 3811 745 3878 quia
789 3819 918 3864 sunt
965 3812 1132 3881 aliqui
1176 3811 1462 3868 inferiores
1510 3814 1603 3882 qui
1649 3815 1916 3872 benedicti

341 3900 561 3970 quidem
592 3910 741 3966 sunt,
770 3917 878 3957 non
914 3912 1094 3957 autem
1124 3901 1320 3959 Patris.

416 3990 502 4044 7L
540 3990 777 4061 Accipite
810 4009 1024 4063 regnum
1059 3995 1197 4058 quod
1227 3994 1371 4050 vobis
1400 4007 1760 4067 preparatum
1783 4009 1860 4054 est
1884 4018 1917 4055 α

344 4084 717 4138 constitutione
734 4086 915 4138 mundi
947 4087 985 4138 '.
1011 4084 1163 4159 Quod
1201 4086 1255 4141 in
1290 4088 1484 4145 Latino
1514 4089 1696 4154 habet,
1727 4109 1760 4159 ιι
1788 4108 1916 4146 cono

343 4176 620 4230 stitutione
654 4177 859 4243 mundi,
890 4178 943 4233 in
974 4176 1163 4233 Graeco
1195 4178 1276 4235 sic
1306 4180 1468 4236 habet
1493 4199 1506 4236 :
1535 4198 1567 4235 α
1595 4182 1919 4250 depositione

345 4267 566 4334 mundi,
613 4270 985 4325 etsecundum
1033 4269 1282 4326 Graecum
1336 4286 1642 4328 sermonem
1697 4273 1921 4344 exponit

343 4373 467 4427 quae
495 4360 796 4416 secundum
820 4361 1075 4418 Latinum
1104 4377 1213 4417 non
1242 4365 1599 4421 conveniebat
1622 4379 1915 4438 exponere.

344 4449 527 4515 Quare
569 4460 750 4508 autem
783 4456 1018 4521 .nomine
1065 4456 1424 4526 depositionis
1465 4458 1534 4512 de
1578 4459 1783 4513 mundo
1813 4456 1920 4513 fre-

2009 618 2250 662 ratorum
2282 609 2486 673 venire,
2505 618 2558 664 et
2586 610 3135 678 calumniatorum,et
3163 614 3416 671 novitatis
3436 630 3589 670 ama-

2011 707 2210 765 torum,
2247 715 2353 754 non
2394 708 2477 756 est
2506 702 2839 771 religiosum,
2885 712 2945 755 ut
2985 718 3052 756 ne
3096 705 3400 774 inargaritze
3421 707 3586 762 nimis

2009 797 2315 859 excperatae
2331 797 2459 845 ante
2488 804 2681 860 porcos
2709 790 3014 855 mittantur,
3033 806 3207 859 neque
3227 801 3417 848 sancta
3442 795 3587 849 calin

2010 882 2113 937 bus
2141 883 2337 937 dentur
2358 884 2403 935 '.

2082 973 2170 1028 72.
2198 972 2444 1039 Esuriui,
2479 983 2529 1028 et
2558 975 2780 1029 dedistis
2821 976 2949 1028 mihi
2995 976 3347 1039 manducare,
3384 986 3439 1031 et
3479 992 3585 1031 cato

2007 1074 2125 1119 tera
2154 1064 2196 1121 ³.
2233 1062 2458 1119 Videtur
2491 1064 2624 1119 mihi
2657 1080 2750 1133 per
2776 1064 2889 1120 haec
2912 1104 2925 1129 ,
2949 1064 3209 1134 quianon
3239 1064 3402 1121 unius
3430 1065 3585 1135 justi-

2013 1156 2099 1210 tite
2129 1154 2340 1223 species
2388 1164 2802 1217 remuneratur,
2854 1155 2997 1209 sicut
3042 1155 3359 1210 existimant
3403 1156 3580 1210 multi.

2013 1247 2325 1302 Absurdum
2374 1253 2460 1300 est
2483 1245 2626 1302 enim
2678 1246 2813 1299 nihil
2848 1245 2993 1300 aliud
3027 1245 3325 1316 intelligere
3371 1246 3582 1302 virtutis

2014 1340 2066 1393 in
2094 1354 2159 1394 eo
2184 1339 2275 1408 qui
2308 1338 2382 1392 ita
2414 1349 2814 1404 remuneratur,
2831 1338 2933 1391 nisi
2972 1345 3178 1391 tantum
3215 1338 3583 1393 communica-

2013 1431 2215 1485 tionem
2242 1428 2617 1484 humanitatis.
2643 1427 2759 1483 Non
2779 1429 2924 1483 enim
2955 1429 3057 1483 hoc
3080 1429 3312 1484 dicimus
3336 1438 3393 1485 ut
3417 1430 3584 1499 negli-

1979 1521 2230 1592 ‘gentius
2258 1521 2576 1576 Studeamus
2609 1520 3026 1585 humanitatem,
3065 1535 3188 1575 cum
3218 1521 3289 1575 sit
3331 1521 3585 1575 omnibus

2011 1612 2262 1667 ﬁdelibus
2288 1611 2559 1682 praecipue
2587 1610 2950 1680 observanda,
2980 1611 3073 1667 sed
3105 1622 3164 1667 ut
3192 1613 3374 1667 omnia
3405 1629 3585 1683 aequa-

2013 1703 2137 1760 liter
2163 1713 2260 1769 aut
2288 1712 2347 1758 ut
2372 1718 2508 1774 pene
2536 1704 2816 1774 aequaliter
2845 1702 3184 1771 studeamus,
3214 1715 3274 1758 ut
3302 1712 3584 1774 propterea

2012 1809 2081 1849 ex
2128 1794 2386 1850 omnibus
2417 1810 2634 1850 omnem
2671 1796 3100 1851 benedictionem
3133 1795 3497 1865 percipiamus
3531 1797 3582 1848 in

2014 1884 2331 1941 caelestibus
2364 1887 2417 1940 in
2461 1885 2682 1940 Christo
2710 1885 2860 1942 Jesu.
2908 1885 3150 1942 Primum
3181 1897 3358 1940 autem
3405 1887 3584 1941 scicn-

2014 1976 2144 2030 dum
2174 1984 2258 2031 est
2291 1977 2572 2047 quoniam,
2605 1978 2767 2044 sicut,
2800 1987 3063 2049 quantum
3095 1980 3162 2034 ad
3199 1987 3441 2044 textum,
3476 1992 3582 2032 non

2015 2067 2212 2124 sufﬁcit
2226 2068 2292 2122 ad
2309 2073 2744 2138 consequendam
2768 2068 2917 2140 regni
2937 2070 3172 2124 ccelestis
3196 2069 3582 2131 luereditatem.

2015 2159 2146 2214 dare
2171 2159 2542 2215 esurientibus
2578 2160 2929 2225 manducare,
2964 2160 3068 2215 nisi
3098 2170 3151 2215 et
3182 2172 3373 2215 caetera
3398 2159 3586 2215 feceri-

2016 2263 2140 2303 mus
2165 2263 2286 2318 quaa
2307 2248 2737 2320 subsequuntur,
2763 2250 2842 2306 sic
2873 2265 2979 2304 non
3008 2250 3266 2319 possibile
3290 2250 3472 2306 omnia
3499 2251 3585 2304 illa

2016 2342 2317 2397 secundum
2351 2349 2556 2396 textum
2586 2342 2840 2413 implere,
2870 2344 3010 2399 sicut
3041 2345 3356 2402 existimant
3394 2344 3545 2399 multi
3570 2385 3585 2409 ,

2017 2430 2120 2485 nisi
2152 2445 2220 2484 ex
2248 2437 2402 2499 parte
2446 2430 2718 2501 egerimus
2756 2441 2946 2487 contra
2976 2433 3071 2490 Dei
3110 2434 3446 2489 mamlatnm.
3483 2434 3588 2489 Ne-

2014 2537 2168 2577 cesse
2196 2533 2280 2577 est
2321 2536 2446 2576 eum
2476 2531 2528 2575 et
2565 2533 2932 2591 quaestuosum
2963 2540 3116 2590 esse,
3162 2535 3220 2579 ut
3260 2525 3350 2579 det
3382 2527 3584 2589 cibum,

2016 2623 2070 2669 et
2104 2623 2288 2683 potum
2312 2655 2327 2680 ,
2357 2622 2412 2669 et
2433 2616 2816 2669 vestimentum
2848 2615 3068 2670 Christo
3099 2618 3385 2683 esurienti,
3420 2630 3473 2673 et
3511 2621 3587 2673 si-

2017 2708 2198 2775 tienti,
2233 2716 2289 2763 et
2317 2707 2517 2780 algenti
2551 2708 2605 2762 in
2637 2709 2874 2774 sanctis,
2911 2720 2973 2765 ut
3012 2711 3114 2765 hoc
3150 2713 3313 2767 modo
3345 2722 3398 2766 et
3434 2729 3588 2780 pero.-

2016 2800 2227 2870 grinum
2258 2815 2382 2855 eum
2423 2800 2660 2870 colligat,
2691 2812 2745 2856 et
2774 2801 3047 2857 intirmum
3082 2804 3281 2868 visitet,
3319 2815 3370 2859 et
3400 2815 3485 2859 eat
3523 2806 3587 2859 ad

2017 2907 2144 2948 eum
2182 2892 2235 2946 in
2263 2907 2562 2949 carcerem.
2598 2890 2731 2948 Vere
2764 2901 2944 2949 autem
2981 2894 3095 2949 sive
3128 2897 3425 2950 secundum
3454 2898 3588 2950 sim-

2018 2983 2243 3051 pliciora
2282 2990 2338 3038 et
2370 2982 2674 3052 corporalia
2708 2983 2845 3037 bene
2878 2980 3019 3038 facta
3052 2984 3444 3053 intelligamus,
3479 2986 3591 3040 sive

2017 3073 2320 3129 secundum
2354 3074 2620 3143 spiritalia
2646 3113 2661 3139 ,
2688 3085 2893 3130 certum
2922 3085 3005 3130 est
3034 3079 3290 3146 quoniam
3326 3079 3440 3132 sive
3469 3080 3591 3144 hoc,

2019 3164 2135 3220 sive
2178 3165 2270 3220 illo
2315 3170 2478 3221 modo
2524 3167 2650 3238 quis
2695 3165 2859 3221 faciat
2886 3182 3024 3236 opus
3056 3167 3259 3222 bonum
3292 3177 3346 3223 et
3390 3171 3596 3224 nutriat.

2017 3257 2230 3315 animas
2244 3259 2580 3330 spiritalibus
2601 3261 2757 3326 cibis,
2774 3261 2887 3317 sive
2905 3262 3337 3333 qualemcunque
3360 3263 3592 3332 speciem

2018 3351 2147 3405 boui
2192 3351 2374 3422 operis
2418 3352 2542 3421 quis
2591 3350 2753 3407 fuerit
2802 3364 3057 3422 operatus
3107 3365 3325 3425 propter
3378 3354 3545 3431 Deum
3575 3398 3591 3421 ,

2016 3440 2241 3497 Christo
2282 3440 2544 3497 esurienti
2593 3450 2649 3497 et
2675 3442 2879 3497 sitienti
2925 3444 3018 3498 dat
3068 3443 3248 3497 cibum
3293 3451 3347 3495 ct
3381 3454 3605 3511 potum...

2019 3533 2146 3587 Sive
2176 3548 2299 3604 qua:
2332 3532 2562 3589 facimus
2593 3534 2796 3589 sanctis
2828 3534 2921 3605 qui
2956 3543 3082 3589 sunt
3125 3533 3319 3588 divites
3350 3534 3588 3600 meritis,

2017 3639 2284 3693 pauperes
2310 3624 2495 3689 rebus,
2521 3624 2636 3680 sive
2659 3627 2711 3679 in
2741 3625 3075 3695 quibuslibet
3104 3626 3195 3693 qui
3222 3624 3434 3679 meritis
3458 3640 3592 3695 pau-

2019 3729 2178 3783 peres
2212 3722 2375 3780 sunt,
2407 3713 2511 3770 etsi
2542 3712 2745 3769 fuerint
2772 3714 2965 3771 divites
2998 3716 3180 3782 rebus,
3217 3716 3329 3771 sive
3370 3718 3421 3769 in
3457 3730 3604 3785 quas

2020 3803 2387 3870 libuscunque
2414 3799 2598 3855 causis
2627 3801 2946 3856 mandatum
2983 3801 3183 3856 Christi
3219 3802 3342 3871 quis
3368 3804 3554 3858 fecerit
3575 3844 3591 3866 ,

2016 3891 2294 3947 Christum
2318 3891 2458 3946 cibat
2484 3900 2536 3946 et
2566 3901 2735 3962 potat,
2760 3893 2850 3962 qui
2878 3893 3115 3948 tidelium
3135 3894 3404 3963 justitiam
3426 3904 3478 3949 et
3501 3901 3595 3949 vei

2018 3984 2235 4038 ritatem
2265 3983 2560 4038 mandueat
2588 3992 2643 4037 et
2674 3983 2830 4038 bibit.
2862 3983 2993 4039 ltem
3019 3985 3297 4039 Christum
3325 3986 3591 4054 algentem

2018 4077 2254 4131 teximus
2284 4076 2628 4143 vestimento,
2660 4076 2989 4146 accipientes
3016 4078 3296 4147 sapientiae
3328 4088 3589 4134 tecturam

2019 4183 2049 4222 a
2089 4167 2220 4235 Deo,
2250 4178 2308 4223 ut
2338 4183 2431 4239 per
2469 4169 2777 4224 doctrinam
2824 4167 3038 4239 aliquos
3067 4171 3361 4225 doceamus
3382 4211 3396 4237 ,
3425 4180 3481 4225 et
3511 4172 3592 4225 in-

2018 4262 2252 4318 duamus
2281 4277 2376 4318 eos
2402 4261 2611 4318 viscera
2641 4262 3051 4327 misericordiae,
3078 4262 3408 4325 castitatem,
3438 4279 3596 4318 man-

2020 4350 2391 4419 suetudinem,
2415 4352 2799 4420 humilitatem,
2820 4363 3155 4423 craterasque
3177 4354 3401 4410 virtutes
3426 4372 3441 4408 :
3472 4372 3594 4424 quae

2021 4456 2214 4497 omnes
2240 4443 2468 4499 virtutes
2492 4443 2755 4513 spiritalia
2787 4454 2915 4500 sunt
2938 4447 3261 4501 vestimenta
3281 4461 3471 4500 eorum
3499 4447 3593 4516 qui

344 4552 575 4611 φιεηιει-
623 4552 850 4599 ηιυηιιηι
894 4544 1188 4616 scriptum
1212 4588 1227 4613 ν
1276 4548 1419 4603 sicut
1458 4557 1514 4602 ει
1556 4547 1647 4603 hic
1679 4549 1870 4604 dicens
1902 4568 1913 4603 ε
1953 4550 1997 4606 ῃ
2023 4534 2251 4587 audiunt
2276 4534 2579 4592 doctrinam
2609 4538 2920 4592 docentium
2961 4554 3087 4605 eas,
3134 4539 3433 4595 secundmn
3469 4556 3593 4595 eum

344 4650 378 4687 α
409 4635 731 4704 depositione
753 4636 959 4702 mundi,
987 4646 1199 4707 quaerat
1220 4637 1314 4708 qui
1343 4646 1538 4707 potest,
1570 4639 1750 4695 sciens
1785 4639 1914 4709 quia

345 4742 452 4780 non
476 4742 640 4781 omne
665 4729 808 4797 quod
837 4742 1079 4783 creatum
1107 4739 1211 4797 est,
1239 4730 1543 4799 depositum
1568 4730 1787 4797 dicitur,
1817 4748 1917 4787 nec

343 4820 606 4888 scriptum
641 4827 728 4875 est
750 4820 971 4884 alicubi,
1005 4837 1035 4875 a
1062 4821 1400 4891 depositione
1432 4821 1668 4888 sedium,
1698 4830 1793 4875 aut
1818 4824 1915 4877 do-

346 4909 701 4964 minationum
725 4952 740 4977 ,
774 4921 867 4967 aut
893 4912 1315 4983 principatuum.
1355 4911 1702 4982 Congregans
1733 4922 1912 4967 autem

344 5015 407 5054 ex
437 5003 694 5057 omnibus
737 5018 934 5057 nomen
967 5002 1342 5073 depositionis,
1377 5000 1424 5055 si
1468 5001 1608 5058 forte
1650 5002 1705 5057 in
1745 5004 1918 5059 altero

345 5091 527 5161 aliquo
568 5093 775 5149 dictum
806 5103 910 5158 est,
938 5102 994 5150 et
1035 5108 1362 5162 comparans
1397 5108 1461 5150 ea
1507 5110 1633 5150 cum
1682 5095 1767 5152 his
1794 5112 1916 5167 quae

345 5182 603 5237 dicuntur
633 5186 702 5242 de
731 5187 919 5242 mundi
948 5186 1307 5257 depositione,
1337 5188 1639 5243 ascendens
1670 5203 1765 5258 per
1796 5204 1916 5243 ver-

346 5274 571 5329 bum'ad
598 5285 793 5332 caetera
826 5288 1005 5335 creata
1032 5280 1274 5350 quidem,
1299 5292 1408 5333 non
1432 5287 1614 5335 autem
1649 5281 1916 5353 deposita,

344 5380 409 5418 ex
440 5378 508 5418 eo
539 5366 682 5434 quod
712 5382 819 5424 non
850 5378 932 5426 est
959 5385 1152 5425 eorum
1190 5370 1331 5427 facta
1363 5370 1663 5441 depositio,
1713 5372 1919 5429 videbis

345 5471 567 5510 causam
593 5457 885 5514 nominatae
906 5462 1284 5530 depositionis,
1302 5464 1448 5533 quod
1473 5477 1671 5518 nomen
1707 5474 1917 5520 tantum

346 5547 415 5603 de
447 5549 653 5604 mundo
683 5551 997 5621 suscipitur.
1035 5554 1270 5611 Credere
1300 5565 1479 5611 autem
1510 5556 1627 5610 haec
1663 5556 1791 5612 talia
1826 5558 1915 5611 lit-

452 5754 497 5783 “
525 5752 539 5806 Ι
569 5755 697 5810 Cor.
731 5769 863 5820 xm,
896 5753 979 5808 l2.
1091 5755 1135 5787 ⁸⁸
1169 5755 1356 5811 Matth.
1390 5771 1463 5821 xt,
1495 5755 1583 5809 29.

1695 5757 1740 5787 ”
1774 5754 1907 5809 Luc.
1942 5770 2054 5817 xrx,
2083 5754 2174 5815 Ἃ,
2209 5753 2310 5817 26;
2379 5751 2568 5808 Matth.
2597 5768 2724 5820 xxv,
2755 5751 2846 5819 28,
2876 5751 2967 5807 29.

2021 4633 2116 4703 qui
2147 4632 2278 4687 dicit
2306 4650 2322 4686 :
2356 4630 2568 4686 Induite
2590 4648 2678 4685 vos
2705 4634 2904 4688 viscera
2932 4635 3332 4697 misericordia,
3362 4636 3599 4706 benigni-

2024 4735 2223 4790 latent,
2279 4721 2631 4777 humilitatem
2659 4763 2674 4788 ,
2708 4725 3198 4789 mansuetudinem,
3245 4734 3299 4780 et
3334 4735 3528 4781 eaztera
3552 4728 3593 4780 ⁸.

2023 4815 2199 4887 Magis
2227 4824 2408 4870 autem
2441 4824 2494 4870 et
2520 4815 2701 4886 ipsum
2733 4816 3014 4873 Christum
3046 4817 3140 4887 qui
3179 4817 3294 4871 haec
3317 4817 3501 4871 omnia
3530 4817 3595 4869 ti-

2022 4910 2237 4966 delibus
2265 4919 2370 4974 est,
2399 4911 2698 4966 secundum
2722 4926 2846 4966 eum
2870 4911 2963 4979 qui
2991 4910 3129 4965 dixit
3150 4909 3171 4941 ³
3202 4927 3214 4961 :
3244 4906 3458 4963 Induitc
3490 4907 3597 4962 Do-

2022 5003 2226 5056 minum
2258 5002 2463 5057 Iesum.
2495 5003 2632 5058 Cum
2663 5018 2792 5073 ergo
2835 5001 3102 5072 ejusmodi
3131 5000 3472 5057 vestimentis
3507 5017 3598 5055 ve-

2024 5094 2305 5150 stierimus
2337 5109 2506 5151 unum
2537 5096 2605 5150 de
2630 5092 2873 5148 minimis
2894 5093 2947 5147 in
2976 5090 3196 5146 Christo
3227 5091 3595 5158 credentibus,

2022 5186 2202 5257 ipsum
2237 5185 2529 5259 Dominum
2561 5184 2806 5239 videmur
2835 5182 3172 5251 vestiisse,ut
3205 5199 3292 5247 ne,
3329 5192 3593 5255 quantum

2026 5278 2093 5333 ad
2132 5292 2255 5341 nos,
2291 5277 2499 5332 nudum
2536 5276 2609 5331 sit
2654 5274 2877 5330 verbum
2913 5271 3008 5328 Dei
3056 5273 3108 5328 in
3141 5273 3366 5329 mundo.
3405 5274 3507 5329 Sed
3544 5284 3601 5330 et

2024 5368 2372 5439 peregrinum
2409 5365 2503 5421 Dei
2535 5364 2732 5419 Filium
2765 5364 3152 5426 constitutum,
3189 5372 3244 5419 et
3270 5363 3598 5418 domesticos

2023 5460 2272 5530 corporis
2292 5460 2414 5530 ejus
2440 5459 2756 5528 peregrinos
2778 5459 2831 5511 in
2860 5457 3067 5512 mundo
3091 5457 3161 5512 ab
3183 5455 3439 5512 omnibus
3465 5455 3601 5508 aeti-

2025 5555 2129 5610 bus
2156 5552 2553 5623 corporalibus,
2586 5551 2730 5607 sicut
2750 5548 2866 5621 ipse
2889 5558 2941 5604 et
2967 5546 3036 5605 de
3063 5563 3124 5606 se
3142 5557 3198 5603 et
3225 5548 3292 5603 de
3318 5546 3599 5616 discipulis

3080 5751 3096 5781 ³
3129 5746 3321 5804 Matth.
3356 5765 3477 5816 xxv,
3506 5747 3589 5809 Eii.

351 5823 583 5879 'Matth.
621 5841 713 5892 vn,
752 5826 804 5880 6.
884 5825 904 5856 ⁸
934 5824 1125 5880 Matth.
1162 5842 1297 5895 xxv,
1330 5825 1418 5882 35.
1491 5825 1747 5881 ‘Coloss.
1786 5840 1882 5892 ιιι,

2075 5825 2093 5855 ⁵
2126 5824 2284 5880 Rom.
2320 5839 2452 5890 alii,
2491 5822 2576 5878 Η.
