4112 6426
536 400 678 457 HIS

1737 360 2061 442 OlllGENlS
2093 381 2159 437 IN
2196 376 2611 435 MATTllAiUM

3650 366 3794 422 i7l6

532 526 651 583 suis
683 523 818 580 dicit
844 522 899 577 ':
929 520 995 576 Et
1028 519 1120 574 isti
1155 531 1258 572 non
1283 522 1405 570 sunt
1433 515 1497 567 de
1523 512 1618 565 hoc
1643 509 1862 574 mundo,
1892 509 2030 561 sicut
2055 514 2104 559 et
2134 511 2181 567 Α
2209 504 2433 557 istorum
2479 502 2711 571 fratrum
2743 514 2999 564 meorum,
3048 496 3179 550 mihi
3222 493 3443 565 fecistis.
3495 489 3795 546 Videamus

533 635 627 689 ego
654 633 760 671 non
791 631 908 670 sum
930 614 994 667 de
1027 613 1124 666 hoc
1157 609 1373 665 mundo.
1404 606 1469 660 Et
1492 601 1955 675 quaeritChristus
1988 611 2112 652 eum

536 711 654 765 suis
683 709 922 766 animam
973 704 1067 759 ubi
1101 702 1378 759 succedat.
1413 696 1642 765 Quando
1667 708 1797 765 ergo
1838 704 2113 762 praepara-

532 813 657 853 mus
687 813 783 853 cor
817 803 1066 850 nostrum
1097 792 1327 848 diversis
1354 788 1648 843 virtutibus
1673 785 1742 839 ad
1786 792 2113 852 receptacu-

543 887 655 943 lum
687 888 807 957 ejus
836 885 920 939 vel
944 885 1160 939 illorum
1198 883 1290 952 qui
1336 888 1465 935 sunt
1499 878 1702 948 ipsius,
1733 876 1912 946 ipsum
1955 888 2113 943 pere-

530 980 833 1050 grinantem
872 975 1204 1044 suscipimus
1263 974 1319 1027 in
1351 970 1574 1025 domum
1627 967 1865 1039 pectoris
1916 965 2109 1032 nostri,

530 1070 793 1127 facientes
835 1066 1180 1124 cmnaeulum
1210 1077 1494 1134 magnum,
1524 1061 1843 1115 mundatum
1871 1065 1925 1112 et
1949 1071 2112 1111 oma-

532 1174 644 1219 tum
664 1162 729 1216 ad
749 1159 1149 1229 susceptionem
1167 1156 1368 1212 Christi
1386 1152 1782 1225 peregrinantis
1798 1151 1852 1204 in
1880 1148 2105 1213 mundo,

533 1262 969 1321 caeterorumque
1012 1248 1406 1318 discipulorum
1440 1247 1634 1317 ipsius.
1679 1244 1924 1310 Quorum
1964 1241 2106 1294 enim

531 1338 759 1395 verbum
791 1336 1145 1407 suscipimus,
1177 1344 1233 1390 et
1265 1335 1414 1405 ipsos
1440 1333 1746 1403 suscepisse
1778 1331 2022 1385 videmur
2053 1330 2110 1383 in

530 1429 711 1498 nobis,
729 1438 785 1484 et
804 1444 899 1500 per
923 1429 1074 1499 ipsos
1093 1428 1396 1494 Christum,
1413 1427 1569 1497 cujus
1588 1425 1835 1495 bajulant
1856 1423 2104 1478 verbum.

528 1523 666 1577 Item
699 1522 754 1575 in
786 1520 1076 1575 inﬁrmatis
1104 1518 1443 1584 hominibus,
1479 1520 1596 1573 sive
1631 1533 1661 1571 a
1696 1517 1833 1582 ﬁde,
1869 1517 1986 1571 sive
2038 1515 2108 1570 ab

527 1611 712 1682 aliquo
737 1627 902 1681 opere
925 1612 1090 1673 bono,
1124 1624 1217 1664 aut
1234 1611 1550 1665 scandalum
1570 1610 1923 1678 patientibus,
1948 1609 2107 1664 Chri-

526 1713 647 1758 stus
675 1702 981 1757 inﬁrmatur
1005 1710 1056 1756 et
1074 1700 1390 1757 scandalum
1425 1702 1647 1770 patitur,
1666 1700 1807 1757 sicut
1832 1702 1950 1771 ipse
1974 1700 2108 1756 dicit

525 1792 593 1846 ad
624 1790 845 1845 Petrum
879 1805 1002 1861 quae
1027 1792 1212 1847 carnis
1242 1799 1372 1846 sunt
1401 1792 1697 1861 sapientem
1726 1811 1739 1847 :
1779 1790 2104 1846 Scandalum

528 1882 659 1935 milii
693 1898 747 1935 es
768 1883 812 1948 ⁷,
843 1882 945 1936 hoc
975 1892 1078 1947 est,
1110 1882 1402 1937 inﬁrmitas
1442 1881 1573 1936 mihi
1595 1896 1675 1937 es.
1709 1881 1812 1936 Sed
1837 1889 1889 1935 et
1911 1895 2102 1936 onmes

523 1973 780 2044 discipuli
811 1974 933 2043 ejus
966 1974 1151 2029 dilecti
1182 1974 1345 2030 simul
1378 1989 1504 2029 cum
1533 1975 1730 2029 talibus
1753 1974 2105 2029 inﬁrmantur

523 2074 580 2120 ct
607 2065 927 2121 scandalum
968 2066 1250 2137 patiuntur
1273 2066 1550 2121 dicentes:
1590 2064 1726 2132 Quis
1762 2063 2099 2129 inﬁrmatur,

521 2164 579 2211 et
633 2172 742 2212 non
791 2157 1182 2212 inﬁrmamur?
1221 2157 1347 2227 quis
1400 2156 1835 2220 scandalizatur,
1889 2163 1945 2210 et
1993 2169 2102 2209 non

526 2247 741 2303 urimur
798 2249 1005 2305 nos‘?
1061 2247 1129 2302 Et
1187 2248 1230 2303 si
1291 2247 1544 2318 discipuli
1600 2248 1721 2315 ejus
1770 2245 2103 2301 continuan-

527 2349 617 2394 tur
652 2339 906 2405 inﬁrmis,
944 2348 1153 2410 quanto
1204 2339 1380 2410 magis
1428 2338 1545 2408 ipse
1582 2336 1833 2393 Salvator
1889 2345 2104 2392 creator

521 2428 693 2501 889
750 2430 1033 2500 ipsorum?
1086 2429 1221 2485 Nam
1273 2444 1437 2500 quem
1496 2429 1672 2499 major
1726 2426 2102 2484 misericordia

524 2527 670 2574 tenet
705 2518 988 2574 hominum
1018 2519 1387 2582 inﬁrmorum,
1424 2517 1640 2589 gravior
1668 2516 1995 2587 constringit
2019 2516 2105 2571 iu-

522 2609 753 2665 tirmitas
790 2610 936 2666 talis.
958 2609 1097 2665 Cum
1128 2625 1261 2682 ergo
1289 2625 1458 2664 unum
1492 2607 1724 2664 fratrum
1759 2606 2101 2663 inﬁrmorum

521 2701 949 2768 visitaverimus,
978 2711 1074 2758 aut
1118 2718 1214 2772 per
1251 2698 1580 2766 doctrinam,
1606 2708 1702 2756 aut
1733 2716 1827 2771 per
1846 2701 2100 2771 increpa-

524 2793 750 2861 tionem,
784 2802 882 2849 aut
922 2809 1019 2865 per
1066 2795 1520 2858 consolationem,
1558 2801 1653 2849 aut
1690 2792 1967 2864 precibus,
2006 2801 2103 2849 aut

524 2893 734 2939 terrore
755 2884 971 2955 judicii,
998 2893 1096 2940 aut
1141 2884 1326 2953 aliqua
1367 2884 1509 2939 bona
1552 2898 1716 2954 opera
1748 2882 2012 2940 facientes
2043 2884 2099 2939 in

518 2992 669 3043 eum,
710 2975 1002 3033 fecerimus
1034 2978 1323 3033 meliorare
1361 2976 1416 3031 iu
1447 2974 1688 3042 Christo,
1727 2976 1903 3046 ipsum
1935 2976 2099 3032 Chri-

521 3080 667 3126 stum
690 3070 1058 3133 visitavimus,
1090 3079 1147 3124 et
1188 3066 1622 3127 confortavimus
1652 3069 2013 3136 infirmatam,
2040 3080 2099 3124 et

522 3167 752 3213 caeteros
782 3157 1080 3227 discipulos
1109 3156 1317 3212 Christi
1357 3156 1560 3212 talibus
1582 3157 1933 3227 passionibus
1962 3173 2097 3213 con-
2124 3177 2166 3234 ο

524 3248 806 3304 firmantes
839 3247 1246 3318 refrigeramus,
1286 3249 1432 3305 sicut
1471 3248 1675 3305 Paulus
1707 3249 1773 3305 ad
1817 3249 2096 3305 Philemo-

521 3356 645 3395 nem
678 3340 812 3395 dicit
849 3341 910 3394 ’:
957 3337 1228 3393 Gaudium
1250 3342 1390 3395 enim
1422 3356 1672 3412 magnum
1714 3341 2017 3404 habuimus,
2046 3348 2099 3393 et

520 3431 930 3486 consolationem
949 3431 1008 3485 iu
1022 3431 1279 3486 charitate
1305 3441 1418 3499 tua,
1435 3434 1562 3503 quia
1582 3433 1778 3487 viscera
1793 3440 2097 3486 sanctorum

521 3524 883 3594 requieverunt
927 3538 1021 3591 per
1060 3532 1129 3590 te,
1172 3523 1359 3592 frater.
1397 3522 1464 3578 Et
1495 3540 1565 3578 ne
1592 3529 1751 3593 putes
1780 3537 1903 3577 esse
1945 3520 2095 3575 blas-

522 3619 802 3687 phemum,
830 3616 1107 3672 inﬁrmum
1150 3617 1332 3673 dicere
1372 3616 1678 3677 Christum.
1712 3617 1829 3687 Ipse
1859 3616 2004 3671 enim
2027 3629 2096 3669 ex

522 3711 838 3766 infirmitate
864 3719 949 3766 est
977 3710 1273 3766 cruciﬁxus
1296 3720 1517 3780 prepter
1557 3708 2012 3768 misericordiam,
2043 3713 2097 3761 ct

522 3804 640 3874 ipse
662 3804 1009 3860 inﬁrmitates
1028 3814 1245 3861 nostras
1265 3812 1467 3875 portat,
1484 3811 1539 3859 et
1554 3819 1743 3858 omnes
1768 3802 1880 3855 noti
1899 3799 2090 3869 ipsius.

523 3895 729 3950 Deinde
758 3910 919 3950 omne
944 3895 1092 3965 quod
1148 3894 1238 3950 hic
1269 3904 1375 3955 est,
1414 3908 1603 3950 carcer
1656 3900 1741 3947 est
1786 3891 1991 3946 Christi
2040 3899 2095 3945 et

521 3999 713 4040 eorum
740 3986 833 4054 qui
859 3995 987 4042 sunt
1013 3982 1206 4055 ipsius.
1233 3985 1526 4057 Propterea
1561 4000 1751 4040 eamus
1774 3983 1840 4038 ad
1868 3997 1964 4039 eos
2000 3983 2094 4052 qui

524 4078 581 4134 in
625 4079 790 4134 domo
830 4079 1171 4135 vinculorum
1235 4080 1466 4135 istorum
1525 4076 1794 4130 habentur
1836 4077 1992 4146 quasi
2038 4076 2093 4130 in

523 4183 763 4237 carcere,
799 4179 854 4224 et
879 4178 1009 4225 sunt
1038 4170 1092 4225 in
1119 4170 1225 4225 hoc
1257 4167 1462 4223 mundo
1484 4167 1764 4236 degentes,
1793 4166 1950 4236 quasi
1972 4182 2098 4221 car-.-

522 4277 647 4317 cere
693 4271 902 4316 nature
942 4260 1266 4316 necessitate
1308 4257 1611 4315 constricti.
1642 4258 1781 4312 Cum
1815 4273 1944 4328 ergo
1981 4258 2096 4313 abi-

524 4354 731 4409 erimus
756 4353 821 4408 ad
847 4354 1003 4417 tales,
1032 4361 1087 4408 et
1113 4366 1275 4406 omne
1304 4366 1444 4420 opus
1482 4351 1686 4404 bonum
1722 4349 2012 4405 fecerimus
2039 4351 2092 4403 in

530 4449 625 4511 eis,
654 4444 999 4501 visitavimus
1039 4459 1134 4500 cos
1163 4442 1216 4497 in
1244 4457 1481 4506 carcere,
1510 4452 1564 4496 et
1587 4441 1867 4497 Christum
1912 4441 1966 4494 in
1991 4442 2091 4497 eis.

2216 609 2363 648 nunc
2406 592 2551 662 quod
2601 590 2735 646 dicit
2772 590 2984 661 justis:
3043 586 3246 652 Venite,
3301 584 3559 639 benedicti
3606 582 3792 636 Patris

2213 684 2315 737 mei
2363 683 2436 750 ﬂ;
2477 680 2699 752 injustis
2737 689 2917 735 autem
2966 698 2980 734 :
3030 675 3294 732 Discedite
3337 692 3368 727 a
3412 689 3493 727 me
3539 673 3615 738 ²³;
3663 687 3790 726 cum

2212 776 2446 832 fuissent
2474 774 2662 845 utique
2689 772 2896 838 ﬁdeles,
2931 781 2987 826 et
3014 769 3370 840 intelligimus
3413 764 3696 835 impletum
3730 764 3789 818 in

2213 865 2296 921 eis
2318 864 2462 933 quod
2491 862 2754 934 scriptum
2783 868 2868 916 est
2891 860 2934 893 ⁸⁸
2968 879 2983 916 :
3025 859 3183 914 Omni
3216 857 3430 911 habenti
3461 855 3701 918 dabitur,
3736 865 3787 908 et

2212 954 2542 1018 abundabit;
2569 952 2634 1005 ab
2664 968 2725 1006 eo
2754 963 2932 1005 autem
2972 950 3059 1019 qui
3096 964 3198 1001 non
3237 946 3411 1009 habet,
3442 946 3606 999 etiam
3646 943 3787 1014 quod

2208 1046 2417 1102 videtur
2455 1044 2643 1098 habere
2675 1043 2946 1111 auferetur
2969 1040 3032 1093 ab
3059 1054 3140 1093 eo.
3164 1036 3298 1092 Nam
3341 1035 3631 1108 propinqui
3659 1041 3789 1088 sunt

2213 1137 2412 1205 Verbo,
2451 1137 2547 1207 qui
2574 1143 2794 1191 servant
2824 1133 2916 1188 Dei
2960 1132 3301 1196 mandatum,
3343 1140 3396 1185 et
3424 1137 3692 1184 vocantur
3728 1136 3789 1181 ut

2211 1230 2388 1286 adhuc
2429 1227 2603 1299 magis
2630 1225 3054 1298 propinquiores
3091 1221 3395 1278 efﬁciantur
3440 1220 3728 1274 audientes
3766 1235 3781 1271 :

2224 1318 2420 1383 Venite,
2463 1316 2718 1372 benedicti
2766 1314 2945 1370 Patris
2989 1313 3113 1367 mei.
3160 1310 3344 1380 Longe
3386 1318 3566 1364 autem
3612 1308 3682 1362 ab
3720 1323 3787 1361 eo

2208 1420 2358 1476 sunt,
2406 1410 2510 1465 etsi
2564 1408 2849 1463 videantur
2887 1405 3144 1460 assistere
3192 1403 3264 1468 ei,
3293 1401 3388 1472 qui
3434 1414 3543 1454 non
3575 1397 3787 1454 faciunt

2209 1502 2464 1558 mandata
2500 1500 2691 1570 ipsius.
2718 1497 2942 1572 Propter
2977 1498 3079 1550 hoc
3104 1494 3322 1549 tolletur
3349 1493 3420 1548 ab
3446 1493 3529 1547 eis
3553 1500 3610 1546 et
3637 1491 3784 1559 quod

2208 1595 2310 1650 sibi
2339 1593 2664 1649 videbantur
2700 1590 2959 1645 assistere
2986 1588 3057 1652 ei,
3085 1586 3368 1641 audientes
3400 1602 3415 1638 :
3453 1582 3719 1636 Discedite
3747 1596 3785 1633 a

2207 1702 2286 1740 me
2309 1702 2329 1751 ;
2361 1694 2419 1739 ut
2445 1685 2538 1754 qui
2562 1682 2725 1737 modo
2746 1680 2830 1736 vel
2854 1680 3105 1735 videntur
3126 1692 3248 1733 esse
3271 1685 3396 1731 ante
3419 1690 3567 1739 eum,
3592 1681 3783 1743 postea

2208 1791 2307 1832 nec
2348 1776 2655 1830 videantur.
2707 1774 2933 1843 Propter
2969 1770 3114 1840 quod
3155 1780 3209 1825 et
3250 1782 3353 1823 nos
3384 1767 3646 1822 debemus
3681 1779 3783 1819 nos

2136 1845 2177 1900 Β
2205 1876 2550 1925 conservare,
2579 1875 2644 1914 ne
2665 1859 2954 1914 audiamus
2974 1864 3028 1913 et
3053 1857 3178 1927 ipsi,
3203 1864 3257 1911 et
3280 1856 3436 1926 quasi
3462 1855 3782 1925 elongantes

2205 1969 2305 2009 nos
2343 1954 2489 2024 ipsos
2524 1969 2555 2008 a
2579 1952 2809 2008 Domino
2838 1970 2852 2006 :
2888 1950 3154 2005 Discedite
3182 1966 3215 2003 a
3245 1966 3325 2003 me
3350 1965 3369 2015 ;
3394 1957 3451 2004 et
3468 1948 3661 2013 omnia
3695 1948 3780 2003 fa-

2205 2047 2436 2111 ciamus,
2470 2054 2530 2100 ut
2562 2046 2708 2100 dicat
2741 2044 2809 2113 ad
2853 2058 2955 2098 nos
2988 2060 3003 2096 :
3061 2039 3264 2104 Venite,
3294 2040 3552 2094 benedicti
3599 2038 3779 2092 Patris

2203 2139 2327 2193 mei.
2374 2138 2848 2194 Considerandum
2888 2144 2973 2190 est
3012 2143 3194 2189 autem
3244 2134 3503 2201 quoniam
3553 2132 3609 2192 in
3650 2147 3782 2186 san-

2205 2230 2307 2285 ctis
2342 2246 2448 2284 non
2491 2230 2666 2285 solum
2714 2228 2920 2282 dictum
2950 2233 3054 2291 est,
3083 2223 3363 2289 benedicti,
3400 2223 3495 2278 sed
3526 2237 3651 2276 cum
3681 2221 3782 2275 ad-

2203 2322 2523 2388 ditamento,
2555 2335 2663 2374 non
2711 2318 3149 2388 qualemcunque
3189 2315 3451 2369 honorem
3501 2313 3774 2377 habentis,

2204 2413 2256 2469 id
2294 2423 2378 2468 est
2408 2412 2673 2468 benedicti
2708 2425 2818 2465 non
2870 2408 3104 2478 alicujus
3135 2407 3382 2471 alterius,
3411 2406 3514 2460 nisi
3546 2403 3641 2459 Dei
3669 2401 3777 2458 Pa-

2203 2505 2323 2560 tris.
2351 2503 2587 2561 Ecoutra
2620 2509 2802 2558 autem
2851 2500 3051 2571 quibus
3089 2497 3311 2563 dicitur,
3338 2494 3627 2559 maledicti,
3661 2505 3773 2549 non

2201 2597 2402 2652 dicitur
2454 2593 2726 2650 maledicti
2774 2591 2953 2647 Patris
3009 2589 3135 2646 mei.
3196 2580 3333 2645 Nam
3380 2586 3778 2644 benedictionis

2201 2687 2421 2757 quidem
2453 2685 2792 2740 ministratur
2815 2690 2901 2738 est
2931 2680 3115 2748 Pater,
3161 2678 3559 2734 maledictionis
3592 2687 3775 2731 autem

2201 2778 2585 2849 unusquisque
2609 2776 2718 2832 sibi
2738 2784 2822 2832 est
2852 2782 3064 2841 auctor,
3092 2773 3187 2844 qui
3212 2771 3591 2827 maledictione
3613 2767 3777 2838 digna

2199 2877 2285 2925 est
2322 2877 2597 2939 operatus.
2647 2867 2754 2934 Qui
2802 2874 2984 2922 autem
3033 2865 3299 2921 recedunt
3343 2863 3412 2919 ab
3443 2860 3596 2929 Jesu,
3628 2860 3778 2917 deci-

2200 2962 2338 3017 dunt
2358 2962 2414 3016 in
2445 2961 2622 3032 ignem
2666 2969 2952 3025 aeternum,
2979 2959 3073 3028 qui
3096 2956 3320 3013 alterius
3356 2955 3568 3027 generis
3593 2962 3678 3010 est
3706 2956 3778 3009 ah

2200 3054 2306 3110 hoc
2345 3055 2470 3125 igne
2501 3068 2663 3126 quem
2700 3053 2966 3109 habemus
3000 3051 3055 3107 in
3085 3067 3208 3107 usu.
3241 3050 3432 3104 Nullus
3457 3048 3604 3104 enim
3632 3046 3777 3117 ignis

2201 3148 2343 3202 inter
2367 3147 2617 3203 homines
2643 3155 2726 3202 est
2750 3155 3008 3211 aeternus,
3042 3144 3135 3199 sed
3173 3158 3272 3199 nec
3304 3141 3461 3196 multi
3492 3139 3774 3210 temporis,

2199 3239 2567 3305 exstinguitur
2607 3237 2753 3292 enim
2798 3237 2928 3292 cito.
2979 3233 3241 3292 Eternus
3286 3242 3468 3288 autem
3510 3230 3653 3303 ignis
3689 3238 3777 3285 est

2199 3328 2311 3391 ille,
2341 3329 2409 3383 de
2439 3342 2548 3397 quo
2584 3338 2639 3383 et
2669 3327 2841 3383 Isaias
2884 3326 3017 3381 dicit
3047 3326 3101 3379 in
3147 3327 3253 3381 ﬁne
3280 3324 3579 3395 prephetiae
3609 3337 3722 3378 sua:
3757 3338 3773 3376 :

2208 3418 2408 3473 Vermis
2453 3433 2634 3471 eorum
2676 3434 2779 3471 non
2833 3419 3127 3480 morietur,
3163 3425 3212 3469 et
3256 3417 3393 3485 ignis
3441 3430 3623 3468 eorum
3667 3430 3773 3467 non

2195 3511 2554 3581 exstinguetur
2583 3510 2645 3564 ¹⁸.
2672 3508 2924 3565 Forsitan
2943 3510 3066 3566 talis
3092 3508 3412 3565 substantia:
3432 3517 3534 3575 est,
3559 3516 3619 3562 ut
3642 3506 3752 3559 iuvi

2196 3603 2376 3659 sibilia
2407 3603 2694 3658 comburat
2736 3602 2852 3672 ipse
2880 3601 3170 3657 invisibilis
3198 3601 3549 3664 constitutus,
3578 3614 3777 3653 secun-

2195 3696 2325 3751 dum
2357 3695 2502 3766 quod
2529 3694 2605 3749 ait
2635 3694 2926 3765 Apostolus
2962 3693 3027 3758 ιδ,
3059 3692 3317 3764 quoniam
3356 3707 3475 3762 quae
3503 3691 3769 3755 uidentur,

2197 3786 2507 3857 temporalia
2545 3796 2702 3852 sunt;
2741 3802 2860 3857 qua:
2900 3795 3076 3840 autem
3113 3800 3214 3839 non
3247 3784 3511 3850 videntur,
3549 3793 3771 3838 azterna.

2198 3879 2254 3936 Si
2282 3896 2412 3951 ergo
2456 3895 2576 3950 quas
2612 3880 2866 3934 videntur
2904 3877 3225 3948 temporalia
3258 3884 3408 3937 sunt.
3438 3890 3559 3945 quae
3590 3886 3771 3929 autem

2195 3987 2304 4028 non
2339 3972 2589 4026 videntur
2618 3979 2820 4026 aeterna
2863 3977 3011 4033 sunt,
3057 3981 3281 4023 necesse
3321 3976 3404 4023 est
3448 3965 3496 4021 si
3543 3965 3774 4022 visibilis

2194 4073 2279 4119 est
2317 4064 2404 4119 ille
2448 4063 2611 4133 ignis,
2665 4069 2720 4116 et
2765 4059 3080 4130 temporalis
3118 4059 3209 4115 sit.
3267 4058 3326 4113 Si
3384 4067 3566 4113 autem
3616 4069 3775 4112 atter-

2196 4171 2301 4210 nus
2352 4163 2477 4218 est,
2535 4162 2591 4208 ct
2642 4151 2929 4208 invisibilis
2985 4162 3107 4215 est,
3155 4166 3265 4220 quo
3314 4150 3614 4219 puniuntur
3676 4149 3773 4217 qui

2198 4247 2458 4305 recedunt
2484 4262 2516 4300 a
2560 4245 2858 4300 Salvatore.
2902 4242 3032 4298 Tale
3057 4250 3141 4297 est
3162 4244 3307 4312 quod
3329 4242 3460 4298 dicit
3480 4250 3536 4296 et
3563 4240 3720 4296 Job"
3755 4260 3772 4298 :

2198 4339 2443 4394 Comedet
2484 4355 2605 4393 eum
2645 4338 2783 4407 ignis
2826 4337 2917 4407 qui
2957 4352 3059 4390 non
3092 4336 3417 4391 accenditur.
3463 4334 3543 4391 Ne
3588 4344 3774 4390 autent

2200 4435 2417 4490 mireris
2457 4434 2685 4489 audiens
2725 4447 2846 4486 esse
2885 4429 3215 4486 invisibilem
3246 4431 3423 4503 ignem
3456 4437 3511 4484 et
3545 4431 3776 4499 punien-

531 4536 822 4592 Videamus
862 4545 1042 4591 autem
1074 4535 1181 4591 nisi
1207 4535 1529 4606 generaliter
1570 4534 1684 4588 haec
1719 4534 2009 4595 intellecta,
2044 4544 2099 4588 et
2130 4522 2176 4581 υ
2204 4537 2331 4592 tem,
2358 4541 2482 4581 cum
2510 4526 2694 4579 videas
2726 4524 2864 4579 inter
2897 4522 3146 4580 homines
3171 4524 3408 4579 calorem
3447 4522 3774 4591 corporibus

523 4629 590 4684 ad
636 4630 936 4699 simplicem
982 4627 1377 4682 humanitatem
1406 4642 1505 4681 nos
1546 4627 1924 4691 exhortantur,
1949 4637 2003 4681 et
2028 4627 2095 4680 ad

524 4723 707 4777 omnia
757 4720 1051 4777 laudabilia
1102 4719 1285 4781 facta,
1330 4726 1390 4773 ut
1437 4719 1866 4774 benedictionem
1918 4718 2099 4789 dignis

523 4814 793 4869 dicentem
841 4828 855 4867 :
909 4811 1109 4871 Venite,
1157 4810 1413 4864 benedicti
1455 4809 1635 4864 Patris
1685 4812 1807 4877 mei,
1838 4809 2099 4878 consequi

523 4906 650 4978 quis
670 4906 848 4960 valeat
874 4904 1056 4973 digne.
1080 4901 1198 4956 Non
1224 4913 1405 4956 autem
1426 4903 1562 4973 justi
1591 4904 1743 4957 obliti
1766 4918 1954 4958 eorum
1976 4917 2100 4972 quae

522 5007 736 5070 gerunt,
785 5008 914 5050 tunc
954 4995 1362 5064 respondebunt
1400 4996 1450 5049 ei
1488 4995 1729 5050 dicentes
1781 5012 1795 5048 :
1850 4994 2093 5058 Domine,

523 5090 734 5160 quando
783 5096 831 5141 te
857 5087 1085 5141 vidimus
1130 5087 1485 5140 esurientem?
1529 5095 1583 5141 et
1627 5094 1819 5140 caetera
1855 5085 1898 5115 '°
1934 5105 1947 5140 :
2001 5085 2096 5139 sed

528 5179 853 5234 humilitatis
883 5192 1048 5233 causa
1081 5177 1238 5232 laude
1260 5177 1666 5233 benefactorum
1690 5190 1915 5230 suorqu
1954 5176 2097 5230 indi-

527 5286 665 5342 gnos
688 5287 748 5327 se
788 5271 1205 5341 proclamantes.
1234 5268 1355 5338 Ipse
1383 5275 1566 5322 autem
1596 5268 1786 5321 volens
1810 5267 1892 5321 eis
1913 5275 2099 5321 osten-

527 5366 657 5419 dere
686 5378 841 5417 suam
874 5361 1306 5430 compassionem
1340 5361 1395 5414 in
1423 5360 1562 5423 suis,
1593 5358 1756 5412 etiam
1779 5374 1840 5414 se
1862 5374 2100 5427 pronum

527 5459 623 5511 tiat
652 5472 774 5511 esse
807 5455 860 5509 in
891 5453 1096 5524 quibus
1126 5451 1331 5507 fuerint
1376 5452 1570 5506 fratres
1597 5448 1741 5519 ejus,
1768 5451 1958 5505 dicens
1999 5448 2041 5480 “
2081 5467 2094 5502 :

531 5554 688 5602 Amen
712 5549 831 5601 dico
860 5546 1029 5607 vobis,
1060 5560 1125 5599 ea:
1144 5561 1202 5598 eo
1231 5543 1369 5613 quod
1395 5544 1598 5612 fecistis
1632 5543 1724 5596 uni
1757 5542 2096 5596 minimarum

600 5748 617 5772 '
648 5744 802 5801 Joan.
849 5763 995 5806 X\’ll-.
1041 5748 1128 5802 Η.

539 5811 575 5840 ’³
607 5813 843 5869 ἰι›ἰιΙ.54.
923 5817 967 5848 ’⁸
1001 5817 1129 5871 ibid.
1169 5817 1257 5869 Η.

2201 4623 2554 4684 accidentem,
2577 4630 2757 4675 etnon
2788 4617 3133 4674 mediocriter
3149 4617 3514 4678 cruciantem,
3537 4614 3777 4669 maxime

2200 4729 2296 4769 eos
2320 4713 2413 4784 qui
2442 4714 2510 4783 ab
2531 4727 2598 4767 eo
2625 4711 2960 4766 validissime
2986 4709 3367 4765 molestantur.
3395 4707 3461 4762 Et
3486 4706 3773 4762 considera

2201 4809 2458 4876 quoniam
2518 4820 2742 4875 regnum
2795 4804 3015 4873 quidem
3076 4817 3184 4857 non
3232 4802 3360 4856 aliis
3413 4810 3769 4869 prwparatum

2202 4897 2334 4952 dicit
2371 4912 2401 4951 a
2430 4894 2819 4952 constitutione
2848 4894 3034 4949 mundi
3070 4894 3171 4948 nisi
3198 4892 3383 4961 justis,
3408 4903 3465 4946 et
3502 4891 3622 4945 ideo
3651 4888 3767 4941 red-

2202 4988 2294 5043 det
2346 4987 2428 5041 eis
2469 4987 2644 5057 ipsum
2687 5000 2781 5039 rex
2822 4999 3012 5039 eorum
3051 4981 3323 5037 Christus.
3370 4980 3549 5052 Ignem
3592 4987 3770 5033 autem

2202 5090 2463 5135 aeternum
2498 5096 2605 5133 non
2648 5079 2752 5132 illis
2783 5077 2985 5148 quibus
3020 5077 3219 5133 dicitur
3252 5095 3265 5130 :
3302 5075 3567 5130 Discedite
3597 5091 3628 5127 a
3672 5089 3774 5136 me,

2205 5171 2497 5236 maledicti,
2542 5178 2788 5241 paratum
2836 5168 3094 5231 ostendit,
3129 5169 3273 5224 sicut
3321 5182 3546 5237 regnum
3588 5166 3771 5234 justis,

2205 5267 2298 5321 sed
2345 5265 2563 5319 diabolo
2591 5273 2646 5318 ct
2690 5264 2894 5334 angelis
2937 5263 3078 5332 ejus,
3117 5260 3266 5332 quia,
3298 5271 3562 5330 quantum
3593 5259 3659 5313 ad
3694 5276 3775 5322 Se,

2205 5358 2454 5413 homines
2486 5373 2595 5412 non
2627 5358 2694 5411 ad
2728 5356 3083 5426 perditionem
3115 5354 3338 5419 creavit,
3374 5356 3466 5408 sed
3497 5356 3564 5410 ad
3607 5354 3775 5419 vitam

2204 5464 2259 5505 et
2283 5450 2561 5521 gaudium.
2585 5449 2877 5505 Peccantes
2898 5457 3077 5502 autem
3094 5446 3435 5515 conjungunt
3456 5461 3515 5501 se
3536 5444 3778 5512 diabolo,

2204 5551 2259 5598 et
2286 5543 2428 5597 sicut
2461 5543 2554 5609 qui
2602 5542 2882 5598 salvantur
2918 5538 3121 5593 sanctis
3165 5537 3371 5608 angelis
3396 5547 3777 5607 coaequantur,

1216 5746 1235 5827 ξ’
1263 5746 1476 5827 Matth.-
1501 5764 1637 5827 svi:
1684 5749 1779 5827 2?}:
1812 5748 1863 5827 _°
1891 5745 2075 5804 llCor.
2124 5762 2203 5827 xi,
2228 5747 2354 5827 29.”
2448 5745 2676 5827 Philem.
2699 5742 2789 5827 7‘,“
2829 5742 3261 5827 “Abluithahsxv,
3288 5742 3377 5797 57.
3453 5744 3494 5774 ”
3525 5741 3656 5798 ibid.
3683 5738 3777 5796 40.

1338 5817 1378 5848 ¹⁸
1406 5818 1534 5872 ibid.
1567 5818 1659 5875 ΞΘ.
1736 5819 1779 5852 ¹⁸
1810 5817 1911 5872 lsa.
1939 5833 2085 5885 um,
2142 5817 2229 5871 “li.

2314 5816 2354 5847 "
2379 5816 2417 5868 ll
2445 5817 2570 5870 Cor.
2610 5831 2682 5880 tv,
2727 5813 2810 5872 f8.
2889 5814 2929 5847 ¹⁷
2966 5828 3057 5877 xx,
3086 5813 3176 5868 ‘26.
3246 5890 3252 5899 ι
