4112 6480
434 347 576 404 Πιῖ

1598 343 2251 402 COMMENTARIORUM
2297 346 2569 402 SENES.

3570 357 3711 412 ΠΞἨ

431 473 485 518 et
511 465 647 520 tlunt
671 463 763 519 ﬁlii
791 462 1236 525 resurrectionis,
1274 471 1328 516 et
1355 461 1448 516 ﬁlii
1489 461 1606 527 Dei,
1632 472 1685 516 et
1708 462 1909 531 angeli,
1943 462 2021 517 sic
2054 465 2093 520 Α
2126 459 2353 527 fecistis,
2391 460 2467 514 illi
2522 468 2840 516 recusantes
2879 461 3086 531 dicant,
3134 480 3235 522 nec
3269 466 3394 534 hoc,
3440 482 3537 523 nec
3583 468 3706 532 her,

431 557 523 626 qui
579 566 837 627 pereunt,
884 555 1087 611 diaboli
1133 554 1342 624 angelis
1382 564 1737 625 coaequantur
1776 565 1830 612 et
1879 556 2016 610 ﬁunt

433 647 528 702 ﬁlii
562 647 703 718 ejus.

505 738 594 793 73.
628 737 843 795 Esurivi
881 737 1041 801 enim,
1066 745 1113 791 et
1143 753 1245 790 non
1270 736 1491 792 dedistis
1518 738 1647 792 milii
1672 739 2012 803 manducare,

432 837 487 884 et
512 838 705 884 caetera
740 830 804 883 ³⁸.
846 826 1124 898 Scriptum
1173 837 1259 882 est
1303 829 1368 882 ad
1401 828 1586 884 ﬁdeles
1618 831 1659 863 ⁸⁸
1696 848 1708 884 :
1756 829 1854 885 Vos
1887 834 2014 884 estis

432 937 619 990 corpus
643 918 864 980 Christi,
886 927 936 970 et
962 918 1194 972 membra
1215 932 1280 970 ea:
1302 926 1471 987 parte.
1498 918 1652 975 Sicut
1675 934 1805 990 ergo
1831 921 2012 975 anima

434 1010 685 1065 habitans
734 1008 787 1063 in
825 1024 1055 1079 corpore
1095 1024 1220 1065 cum
1255 1026 1361 1064 non
1393 1011 1601 1066 esuriat
1629 1021 1894 1082 quantum
1945 1012 2013 1067 ad

431 1115 585 1154 suam
625 1097 987 1153 substantiam
1022 1099 1345 1169 spiritalem,
1377 1101 1549 1155 esurit
1594 1111 1777 1156 tamen
1814 1119 2014 1156 unum-

428 1204 702 1259 quemque
730 1192 981 1260 corporis
1009 1192 1214 1257 cibum,
1242 1192 1370 1263 quia
1409 1194 1657 1263 capulata
1686 1203 1769 1249 est
1797 1195 2010 1264 corpori

428 1295 531 1334 suo
580 1298 593 1335 :
637 1281 717 1336 sic
759 1292 813 1336 et
859 1280 1111 1338 Salvator
1162 1285 1364 1354 patitur
1405 1300 1526 1355 quae
1571 1286 1773 1355 patitur
1813 1301 2013 1355 corpus

424 1369 544 1439 ejus
571 1369 834 1433 Ecclesia.
859 1388 984 1427 eum
1017 1374 1089 1429 sit
1119 1374 1236 1444 ipse
1263 1374 1621 1445 impassibilis
1651 1385 1917 1447 quantum
1945 1379 2012 1432 ad

426 1477 582 1516 suam
615 1461 979 1517 divinitatem.
1019 1464 1238 1520 Sanctis
1285 1467 1431 1520 enim
1471 1466 1836 1536 indigentibus
1868 1469 2009 1533 cibo,

422 1561 474 1605 et
493 1553 606 1623 ipse
637 1554 828 1609 esurit.
863 1555 999 1610 Aliis
1019 1567 1199 1611 autem
1224 1559 1486 1613 membris
1508 1560 1624 1614 suis
1646 1560 2012 1615 necessariam

423 1642 749 1699 habentibus
793 1645 1139 1713 medicinam,
1189 1654 1242 1700 et
1286 1649 1401 1718 ipse
1437 1649 1594 1718 quasi
1640 1649 1889 1704 inﬁrmus
1919 1666 2014 1705 ne-

421 1736 716 1790 cessariam
755 1736 940 1790 habet.
962 1735 1090 1792 Item
1132 1737 1253 1793 aliis
1272 1741 1619 1810 susceptione
1644 1757 1781 1811 opus
1804 1741 2007 1796 haben-

2120 566 2220 606 nec
2262 550 2365 605 hoc
2404 550 2636 606 fecimus
2676 551 2793 604 tibi.
2830 551 3021 622 lnjusti
3061 569 3170 609 non
3220 555 3292 611 ita
3339 572 3435 627 per
3468 557 3704 629 singula,

2119 642 2211 696 sed
2241 641 2448 697 cursim
2476 642 2667 697 dicunt
2700 641 2745 673 ’⁷⁵
2785 660 2799 697 :
2839 642 3064 708 Quando
3108 656 3156 700 te
3196 648 3424 702 vidimus
3469 652 3707 702 esurien-

2120 744 2243 800 tem,
2276 744 2369 788 aut
2398 736 2685 802 sitientem,
2719 745 2811 789 aut
2839 730 3194 808 peregrinum,
3222 750 3314 794 aut
3358 740 3580 806 nudum,
3610 751 3703 794 aut

2116 819 2409 889 inﬁrmum,
2445 832 2536 874 aut
2564 823 2619 874 in
2649 839 2877 890 carcere,
2907 836 2955 879 et
2986 841 3091 880 non
3124 829 3541 883 ministravimus
3570 830 3703 883 tibi."

2116 912 2336 966 verbum
2376 913 2798 971 ministravimus
2834 918 2929 970 tibi
2974 920 3039 973 ad
3070 920 3255 975 omnia
3299 919 3616 987 referentes,
3650 934 3698 977 et

2115 1005 2271 1075 quasi
2303 1005 2658 1074 praecidentes
2687 1016 2739 1061 et
2779 1018 3170 1079 prmtereuntes
3197 1011 3428 1067 crimina
3459 1014 3698 1084 singula,

2116 1109 2175 1152 ut
2204 1112 2313 1152 non
2363 1099 2614 1168 graviora
2652 1099 2936 1156 videantur
2972 1103 3258 1174 diligenter
3287 1113 3341 1160 et
3386 1106 3699 1176 singulatim

2114 1201 2433 1244 enumerata
2467 1208 2481 1244 :
2518 1190 2646 1261 quia
2679 1195 2960 1262 praprium
2994 1195 3263 1251 malorum
3297 1197 3579 1254 hominum
3616 1207 3701 1253 est

2114 1280 2306 1350 culpas
2349 1295 2502 1347 suas,
2547 1286 2920 1341 excusationis
2964 1302 3155 1352 causa,
3195 1295 3288 1343 aut
3334 1290 3512 1345 nullas
3562 1292 3701 1348 velle

2114 1373 2421 1440 ostendere,
2456 1384 2551 1429 aut
2597 1375 2744 1432 leves
2791 1387 2845 1432 et
2891 1393 3115 1449 paucas.
3164 1381 3267 1435 Sed
3317 1391 3373 1437 et
3417 1384 3700 1454 responsio

2114 1462 2451 1529 Christitam
2486 1466 2552 1520 ad
2577 1466 2759 1537 justos
2795 1466 2959 1534 facta,
2984 1487 3147 1540 (piam
3180 1472 3245 1527 ad
3272 1473 3525 1543 injustas,
3552 1475 3699 1531 hunc

2116 1554 2292 1624 ipsum
2326 1556 2598 1627 signiﬁcat
2626 1557 2980 1616 intellectum.
3016 1561 3218 1619 Valens
3245 1565 3389 1619 enim
3420 1564 3693 1636 justorum

2115 1644 2394 1701 benefacta
2443 1648 2730 1704 ostendere
2788 1653 3043 1721 grandia,
3105 1667 3451 1725 peccatorum
3515 1667 3694 1713 autem

2110 1735 2294 1804 culpas
2317 1752 2423 1790 non
2452 1738 2700 1809 grandes,
2724 1740 2789 1793 ad
2813 1739 2985 1808 justas
3014 1741 3230 1810 quidem
3258 1741 3390 1796 dicit
3412 1742 3459 1774 "
3490 1761 3501 1796 :
3528 1742 3611 1797 Ex
3630 1761 3689 1797 eo

420 1828 585 1896 tibus,
621 1828 736 1899 ipse
765 1830 919 1899 quasi
952 1830 1272 1901 peregrinus
1302 1833 1357 1886 in
1389 1833 1468 1889 eis
1497 1838 1691 1904 quierit
1721 1834 1813 1888 ubi
1842 1843 2007 1904 caput
2042 1814 2083 1869 Β
2110 1828 2246 1895 quod
2261 1828 2452 1898 fecistis
2482 1830 2574 1882 uni
2604 1846 2667 1883 ea:
2697 1830 2927 1885 minimis
2956 1832 3069 1904 istis
3100 1832 3351 1901 fratribus
3382 1834 3533 1901 meis,
3560 1836 3690 1889 milii

419 1933 579 1974 suum
633 1923 877 1978 reclinet.
919 1922 1011 1977 Sic
1041 1932 1095 1978 et
1128 1924 1181 1977 in
1218 1926 1381 1980 nudis
1415 1926 1577 1997 alget,
1609 1934 1664 1981 et
1707 1926 1760 1980 in
1794 1926 2004 1981 vestitis

420 2009 672 2067 vestitur.
720 2011 784 2067 Et
815 2013 860 2069 si
894 2028 960 2068 ex
1003 2012 1296 2069 dilectione
1328 2014 1531 2072 Paulus
1561 2014 1695 2070 dicit
1728 2017 1773 2048 ⁸ο
1818 2034 1831 2071 :
1869 2015 2001 2081 Quis

415 2102 583 2174 89o
612 2103 939 2173 inﬁrmatur,
966 2115 1017 2160 et
1065 2122 1169 2160 non
1198 2107 1485 2177 inﬁrmor?
1513 2116 1567 2162 et
1595 2107 1699 2163 hac
1724 2109 1899 2178 magis
1933 2109 2000 2163 ad

416 2194 631 2249 laudem
668 2197 891 2267 respicit
923 2198 1169 2268 Apostoli
1206 2199 1542 2254 ostendentis
1570 2200 1997 2271 magnitudinem

414 2287 698 2343 charitatis
742 2305 854 2343 suae
895 2289 1040 2345 circa
1088 2290 1274 2346 ﬁdeles
1310 2309 1325 2346 :
1373 2292 1650 2362 quomoda
1685 2308 1793 2346 non
1824 2295 2000 2361 magis

412 2392 577 2446 quam
628 2366 833 2435 Paulus
882 2389 940 2436 et
992 2382 1174 2439 omnis
1224 2383 1388 2437 homo
1441 2382 1728 2437 dilectione
1772 2394 1998 2440 ornatus

411 2465 585 2523 Filius
618 2468 903 2525 eharitatis
934 2468 1029 2526 Dei
1079 2470 1332 2526 Salvator
1365 2471 1546 2526 dicere
1582 2482 1760 2542 potest
1800 2489 1999 2529 conve-

411 2560 659 2614 nienter:
689 2560 821 2625 Quis
843 2561 1149 2632 inﬁrmatur
1175 2571 1226 2616 et
1252 2578 1355 2616 non
1382 2563 1663 2633 inﬁrmari
1684 2565 1800 2634 quis
1840 2581 1997 2620 scan-

409 2647 707 2713 dalizatur,
732 2661 781 2704 et
805 2667 906 2705 non
931 2668 1024 2722 ego
1048 2653 1220 2706 uror?
1245 2652 1474 2723 Propter
1506 2654 1651 2724 quod
1690 2654 1825 2709 dicit
1854 2674 1867 2709 :
1901 2654 1997 2709 1η-

409 2739 596 2809 firmus
620 2740 722 2809 fui,
745 2741 824 2795 sic
842 2750 891 2795 et
916 2744 971 2795 in
994 2759 1201 2797 carcere
1219 2743 1322 2814 fui,
1345 2756 1392 2798 et
1418 2760 1519 2797 non
1542 2747 1803 2800 visitastis
1823 2763 1904 2801 me
1925 2748 1991 2801 ".

409 2828 468 2884 In
521 2847 744 2887 carcere
786 2832 931 2888 enim
985 2834 1231 2889 membra
1281 2834 1485 2891 Christi
1528 2838 1846 2907 constituto,
1879 2840 1995 2909 ipse

408 2936 520 2976 non
573 2933 656 2977 est
708 2925 925 2979 solutus
971 2941 1001 2980 a
1050 2941 1271 2981 carcere
1314 2928 1408 2996 qui
1452 2926 1686 2990 dicitde
1714 2929 1865 2999 justo
1892 2932 1937 2963 “
1975 2951 1989 2986 :

409 3012 540 3067 Cum
571 3014 685 3084 ipso
719 3032 835 3069 sum
866 3017 922 3069 in
968 3017 1330 3083 tribulatione,
1387 3018 1491 3073 hoc
1534 3028 1620 3074 est
1650 3023 1993 3077 cuntribulor

406 3103 478 3158 ei.
505 3102 659 3159 Sicut
687 3106 831 3160 enim
863 3106 955 3179 qui
982 3124 1135 3164 meus
1173 3118 1274 3176 est,
1302 3110 1356 3163 in
1388 3110 1744 3167 tribulatione
1775 3128 1988 3170 mecum

405 3205 509 3262 est,
539 3195 618 3252 sic
645 3205 701 3251 et
739 3213 840 3268 ego
875 3199 927 3252 in
963 3199 1313 3254 tribulatione
1343 3217 1468 3257 cum
1502 3217 1569 3258 ea
1608 3218 1752 3259 sum.
1788 3203 1854 3260 Et
1884 3206 1991 3261 hac

404 3286 530 3340 dico
575 3302 682 3345 non
715 3287 974 3358 ignorans
1019 3290 1382 3361 vulgariorem
1428 3291 1575 3346 illam
1617 3293 1989 3349 traditionem.

402 3375 472 3431 Et
508 3379 611 3434 hoc
655 3381 964 3444 considera,
1010 3383 1138 3452 quia
1187 3382 1513 3439 immoratur
1557 3386 1611 3440 in
1663 3402 1993 3459 unoquoque

404 3470 572 3525 verbo
603 3464 835 3542 loquens
860 3471 926 3527 ad
950 3473 1154 3545 justas,
1182 3481 1236 3529 et
1267 3474 1500 3532 laudans
1524 3492 1642 3545 eos,
1674 3487 1727 3533 et
1758 3495 1853 3550 per
1880 3481 1993 3535 sin-

401 3562 557 3632 gulas
587 3563 796 3633 species
838 3578 1027 3619 eorum
1062 3563 1346 3620 benefacta
1378 3567 1704 3624 dinumerat.
1736 3567 1991 3642 Laqueus

400 3662 584 3707 autem
628 3654 695 3709 ad
734 3655 971 3724 injustas
1006 3656 1256 3725 pracidt
1302 3660 1717 3729 compendians,
1764 3671 1817 3716 et
1854 3680 1987 3716 eon-

399 3751 666 3820 Colligens
704 3750 992 3805 malefacta
1029 3765 1217 3804 eorum
1255 3751 1309 3803 in
1346 3751 1508 3806 breve
1555 3771 1568 3805 :
1605 3753 1657 3807 id
1694 3765 1777 3809 est
1825 3755 1990 3824 justis

398 3841 617 3913 quidem
645 3843 713 3894 de
746 3839 1061 3894 inﬁrmitate
1089 3840 1218 3895 dicit
1249 3857 1262 3894 :
1294 3837 1552 3912 Inﬁrmus
1576 3842 1677 3913 fui,
1711 3854 1758 3896 et
1799 3847 1986 3899 visita-

396 3935 495 3987 stis
540 3947 652 3997 me;
697 3931 987 4002 separatim
1032 3941 1213 3987 autem
1257 3934 1324 3989 de
1367 3950 1627 3989 carcere:
1681 3933 1746 3991 In
1779 3953 1987 3991 carcere

397 4023 508 4094 fni,
548 4032 598 4078 et
634 4024 850 4077 venistis
883 4022 953 4075 ad
985 4039 1083 4077 me.
1125 4023 1204 4076 Ad
1247 4023 1480 4094 injustas
1519 4035 1698 4080 autem
1735 4043 1858 4082 cum
1886 4045 1984 4098 po-

397 4117 598 4172 tuisset
628 4117 883 4173 similiter
921 4116 1099 4171 facere
1125 4135 1138 4171 :
1168 4116 1421 4173 Infirmus
1449 4116 1549 4186 fui,
1579 4129 1632 4173 et
1660 4134 1765 4173 non
1794 4122 1951 4175 visita
1976 4154 1979 4158 »

395 4209 497 4264 stis
529 4223 649 4274 me;
678 4209 731 4262 in
755 4223 976 4264 carcere
1003 4207 1103 4269 fui,
1129 4218 1183 4263 et
1209 4223 1316 4262 non
1350 4208 1580 4266 venistis
1608 4211 1672 4265 ad
1704 4227 1813 4275 me,
1842 4227 1974 4281 prae-

395 4298 583 4354 cidens
607 4298 999 4366 narrationem,
1014 4298 1307 4353 subunavit
1324 4307 1636 4370 utrumque,
1655 4302 1869 4358 dicens:
1890 4302 1984 4357 In-

399 4390 581 4444 firmus
605 4390 685 4460 fui
708 4402 756 4446 et
782 4392 834 4445 in
857 4408 1082 4458 carcere,
1107 4404 1155 4445 et
1181 4408 1283 4445 non
1307 4392 1564 4446 visitastis
1594 4411 1691 4448 me.
1710 4394 1978 4461 Quoniam

2110 1918 2321 1989 fecistis.
2354 1919 2435 1975 Ad
2478 1920 2708 1991 injustas
2749 1932 2929 1977 autem
2964 1924 3041 1977 sic
3083 1925 3128 1956 ³⁸
3162 1941 3172 1975 :
3204 1923 3287 1977 Eat
3319 1941 3378 1977 eo
3417 1927 3555 1994 quod
3584 1943 3688 1979 non

2110 2011 2302 2081 fecistis
2346 2012 2439 2065 imi
2475 2029 2539 2066 ea:
2579 2012 2811 2068 minimis
2851 2015 2983 2079 istis,
3026 2033 3118 2069 nec
3160 2017 3288 2069 milii
3331 2016 3542 2087 fecistis,
3577 2033 3683 2072 non

2108 2103 2369 2172 adjiciens
2399 2104 2651 2175 fratribus
2678 2107 2824 2170 meis,
2859 2108 3314 2177 quemadmodum
3343 2124 3466 2163 cum
3497 2110 3689 2180 loque-

2110 2204 2261 2250 retur
2277 2196 2342 2250 ad
2362 2196 2562 2266 justas.
2590 2197 2725 2252 Nam
2746 2199 2968 2254 abusive
2988 2200 3206 2269 quidem
3229 2216 3428 2255 nomen
3453 2200 3685 2273 [omnes]

2103 2280 2388 2337 credentes
2432 2282 2486 2337 in
2522 2281 2744 2338 Christo
2790 2283 2985 2339 fratres
3030 2294 3159 2340 sunt
3208 2285 3434 2343 Christi.
3481 2286 3689 2343 Revera

2101 2381 2281 2427 autem
2320 2371 2519 2430 fratres
2541 2375 2660 2445 ejus
2689 2386 2835 2441 sunt,
2866 2376 2960 2449 qui
2991 2377 3217 2447 perfecti
3246 2388 3395 2444 sunt,
3420 2385 3473 2433 et
3503 2379 3685 2433 imita-

2101 2474 2248 2521 tores
2278 2476 2407 2520 sunt
2433 2467 2573 2536 ejus,
2608 2470 2749 2523 sicut
2783 2468 2873 2521 ille
2903 2468 2995 2537 qui
3024 2470 3161 2523 dixit
3194 2488 3207 2524 :
3244 2469 3552 2525 lmitatores
3585 2471 3689 2525 mei

2097 2566 2281 2620 estate,
2307 2558 2446 2611 sicut
2487 2567 2536 2612 et
2569 2573 2662 2629 ego
2705 2557 2906 2613 Christi
2942 2559 3018 2628 '7;
3054 2561 3147 2631 qui
3182 2572 3415 2632 possunt
3440 2564 3622 2618 dicere
3672 2582 3685 2618 :

2100 2648 2264 2703 Pater
2308 2659 2486 2703 noster
2522 2651 2614 2721 qui
2648 2667 2701 2704 es
2736 2652 2792 2705 in
2820 2652 2965 2708 caelis
2999 2653 3063 2707 ³⁸.
3114 2652 3334 2709 Gratius
3374 2664 3459 2709 est
3505 2665 3687 2710 autem

2096 2738 2239 2808 apud
2287 2736 2457 2793 Deum
2510 2754 2653 2809 opus
2683 2739 2888 2796 bonum
2939 2741 3084 2812 quod
3121 2742 3182 2797 ﬁt
3227 2742 3281 2797 in
3320 2744 3688 2799 sam-tioribus

2096 2848 2267 2903 quam
2295 2833 2349 2887 in
2383 2832 2629 2888 minimis
2663 2834 2892 2901 sanctis,
2916 2843 2972 2888 et
2998 2833 3172 2888 levior
3197 2835 3353 2904 culpa
3387 2843 3473 2889 est
3517 2837 3692 2906 negli-

2095 2941 2222 2996 gere
2239 2924 2424 2980 minus
2449 2935 2666 2981 sanctos
2683 2940 2848 2996 quam
2874 2927 3196 2982 sanctiores.
3224 2924 3476 2982 Minimas
3503 2937 3683 2982 autem

2094 3015 2186 3071 hic
2211 3015 2368 3083 dicit,
2398 3025 2495 3070 aut
2517 3017 2675 3086 quasi
2710 3018 2762 3070 in
2791 3017 2996 3072 mundo
3032 3016 3289 3071 minimos
3321 3017 3683 3085 existimatos,

2093 3116 2189 3162 aut
2212 3108 2340 3178 quia
2368 3108 2512 3178 apud
2551 3108 2758 3178 seipsos
2791 3108 3004 3162 minimi
3034 3117 3210 3163 erant.
3256 3105 3513 3165 Volentes
3538 3110 3684 3164 enim

2096 3200 2240 3270 apud
2265 3198 2438 3256 Deum
2478 3201 2593 3256 ﬁeri
2628 3202 2833 3271 magni,
2863 3201 3076 3271 seipsos
3101 3201 3362 3256 minimos
3393 3200 3684 3257 faciebant.

2094 3292 2253 3362 quasi
2275 3291 2587 3349 charissimi
2615 3293 2867 3363 discipuli
2897 3293 3018 3364 ejus
3048 3294 3143 3363 qui
3171 3293 3309 3349 dixit
3338 3296 3384 3325 “
3419 3313 3431 3347 :
3479 3296 3681 3349 Discite

2096 3402 2127 3438 a
2182 3401 2284 3451 me,
2325 3387 2455 3457 quia
2512 3381 2662 3437 mitis
2701 3396 2818 3436 sum
2854 3391 2905 3436 et
2947 3380 3165 3436 humilis
3237 3386 3414 3441 corde.
3459 3386 3525 3441 Et
3582 3388 3685 3441 hoc

2094 3478 2314 3534 attende
2336 3478 2597 3549 quoniam
2633 3494 2755 3533 cum
2788 3479 2941 3548 prius
2969 3478 3201 3534 dixisset
3233 3495 3247 3533 :
3276 3476 3491 3546 ,Venite,
3534 3480 3683 3533 bene-

2091 3571 2244 3636 dicti,
2283 3571 2479 3626 deinde
2512 3590 2525 3625 :
2560 3569 2844 3632 Discedite,
2884 3569 3194 3634 maledicti;
3238 3569 3498 3639 quoniam
3549 3584 3679 3638 pro-

2094 3663 2270 3731 prium
2306 3661 2433 3715 boni
2465 3659 2558 3715 Dei
2586 3670 2669 3715 est
2696 3659 2848 3730 prius
2885 3659 3161 3713 recordari
3189 3658 3473 3714 benefacta
3508 3658 3680 3713 bona-

2093 3769 2211 3805 rum
2259 3766 2424 3821 quam
2469 3750 2758 3805 malefacta
2809 3748 3078 3802 malorum
3130 3767 3144 3802 :
3200 3758 3386 3818 postea
3435 3750 3490 3803 in
3524 3750 3674 3803 exitu

2091 3853 2446 3912 utrorumque
2470 3843 2622 3912 prius
2648 3841 2895 3895 nominat
2922 3854 3136 3908 pinnam
3162 3840 3455 3905 malorum,
3480 3840 3677 3896 deinde

2090 3935 2257 3988 vitam
2288 3936 2555 3988 honorum
2590 3933 2781 3988 dicens
2804 3930 2848 3963 ’°
2880 3950 2893 3985 :
2929 3930 2996 3983 Et
3035 3931 3250 3984 abibunt
3276 3929 3360 3985 illi
3385 3931 3441 3984 in
3468 3947 3675 4001 poenam

2087 4039 2359 4091 mternam,
2396 4027 2452 4080 lii
2491 4035 2668 4079 autem
2711 4024 2767 4079 in
2801 4025 2964 4077 vitam
3009 4033 3302 4089 cateruam;
3333 4033 3391 4079 ut
3434 4027 3671 4096 primunt

2086 4136 2208 4190 quae
2237 4120 2453 4175 timoris
2481 4129 2610 4175 sunt
2634 4118 2900 4173 evitemus
2929 4117 3091 4184 mala,
3122 4127 3310 4188 postea
3336 4134 3459 4189 qua:
3502 4120 3672 4175 hono-

2088 4211 2163 4266 ris
2194 4218 2343 4273 sunt,
2378 4218 2701 4282 appetamns
2733 4209 2894 4263 bona.

2158 4301 2245 4355 7.5.
2281 4299 2349 4353 Et
2399 4301 2600 4370 factum
2648 4307 2725 4352 est
2762 4308 3038 4368 postquam
3085 4300 3467 4351 consummavit
3511 4297 3669 4352 Iesus

2086 4409 2263 4451 omnes
2294 4407 2557 4446 sermones
2588 4391 2703 4456 hos,
2736 4390 2873 4444 dixit
2911 4390 3186 4460 discipulis
3230 4392 3340 4445 suis
3368 4392 3432 4442 ³¹.
3471 4391 3668 4446 Valens

395 4485 997 4554 misericordisjudicis
1016 4482 1435 4539 eratbenefacta
1456 4485 1674 4555 quidem
1696 4487 1977 4542 hominum
2016 4495 2056 4549 ι)
2084 4485 2371 4541 ostendere
2417 4484 2562 4553 quod
2598 4483 2781 4537 omnia
2827 4482 2881 4535 in
2932 4483 3190 4552 pondere,
3226 4492 3278 4537 et
3316 4499 3563 4550 llllll‘lel‘O,
3613 4494 3670 4540 et

393 4576 603 4647 largius
649 4577 951 4647 praedicare
1003 4585 1058 4631 et
1102 4575 1398 4646 ampliare,
1457 4575 1743 4631 malefacta
1795 4588 1973 4631 autem

392 4685 584 4725 eorum
634 4670 950 4725 transitoria
996 4687 1302 4729 memorare
1356 4684 1421 4722 ac
1466 4669 1731 4725 breviare.
1773 4670 1875 4727 Sed
1922 4682 1977 4727 et

389 4759 523 4832 justi
551 4760 916 4816 immorantur
946 4763 1000 4817 in
1033 4780 1362 4835 unoquoque
1394 4766 1580 4829 verba,
1623 4765 1865 4818 dit-entes
1888 4764 1970 4818 ”:

396 4855 623 4922 Quando
655 4866 703 4911 te
737 4857 961 4911 vidimus
1003 4859 1317 4912 esurientem
1343 4868 1391 4913 et
1427 4858 1737 4920 cibavinms,
1767 4868 1857 4911 aut
1894 4858 1971 4912 si-

394 4950 608 5004 tientem
647 4956 698 5005 et
723 4949 1043 5020 potavimus,
1083 4958 1176 5003 aut
1210 4951 1409 5003 nudum
1442 4959 1491 5003 et
1521 4951 1840 5017 restivimus,
1881 4960 1975 5003 aut

391 5040 722 5112 peregrinum
764 5048 814 5095 et
837 5039 1186 5110 collegimus?
1236 5040 1341 5093 Aut
1390 5040 1601 5109 quando
1655 5048 1701 5093 te
1749 5040 1973 5095 vidimus

390 5132 689 5200 inﬁrmum,
738 5141 832 5186 aut
873 5130 927 5185 in
972 5131 1221 5184 carcere?
1257 5128 1527 5197 Quoniam
1580 5132 1855 5200 praprium
1892 5139 1976 5185 est

388 5219 660 5288 justorum
693 5223 955 5279 benelieia
999 5238 1100 5281 sua
1140 5223 1305 5277 relata
1342 5223 1446 5277 sibi
1472 5223 1524 5276 in
1562 5222 1718 5288 facie,
1745 5222 1973 5294 diligen~

394 5320 474 5364 ter
490 5321 550 5366 et
562 5328 663 5383 per
676 5316 889 5385 singula
910 5315 1146 5371 refutare
1163 5330 1327 5371 causa
1344 5315 1693 5370 humilitatis:
1713 5326 1969 5383 tanquam

393 5403 437 5457 si
461 5404 680 5463 dicente
706 5405 959 5476 Domino,
997 5409 1122 5472 hac,
1154 5416 1209 5462 et
1233 5408 1418 5473 hoc,et
1449 5408 1550 5463 hoc
1579 5408 1781 5463 bonum
1803 5408 1855 5461 in
1885 5422 1971 5461 me

464 5626 506 5658 ’⁸
536 5626 725 5681 Matth.
756 5643 884 5689 xxv,
916 5629 1005 5684 Η.
1114 5631 1155 5662 ¹⁹
1187 5630 1205 5685 Ι
1235 5629 1359 5684 Car.
1390 5645 1486 5695 xit,
1511 5629 1603 5683 27.

389 5696 456 5749 57
476 5707 535 5768 rt
568 5713 721 5768 seqq.
798 5699 845 5729 ”
876 5698 1002 5768 ibid.
1053 5699 1142 5754 4i.
1221 5702 1265 5733 "
1295 5700 1426 5755 ibid.
1456 5702 1544 5756 40.

389 5768 432 5798 ³⁸
472 5765 661 5823 Matth:
688 5765 818 5833 ‘xxv,
846 5767 914 5823 46
988 5769 1029 5801 ⁸¹
1064 5769 1249 5827 Matth.
1278 5784 1427 5838 sxw,
1460 5773 1512 5826 l.

1621 5700 1666 5730 ²⁶
1702 5700 1829 5753 ibid.
1882 5700 1970 5752 45.

1713 5631 1757 5661 ³ο
1787 5627 1827 5681 ll
1858 5628 1985 5682 Cor.
2014 5645 2087 5688 XI,
2116 5628 2209 5682 ΞΩ.

1588 5768 1630 5801 ⁸¹
1657 5768 1814 5824 «Ιιιςιιι.
1859 5785 1918 5834 ιι,
1954 5773 2003 5824 4.

2088 4590 2344 4631 mensura
2377 4574 2662 4630 constituit
2704 4571 2870 4637 Deus,
2907 4572 3040 4626 dicit
3070 4572 3121 4626 in
3159 4573 3343 4643 aliqua
3379 4574 3499 4629 loco
3528 4577 3572 4610 ⁸³
3598 4578 3666 4630 ad

2084 4680 2310 4724 matrem
2354 4682 2508 4724 suam
2553 4687 2564 4721 :
2614 4665 2866 4719 Nondum
2898 4665 3035 4719 venit
3072 4666 3202 4720 liora
3237 4683 3371 4723 mea.
3406 4666 3536 4721 item
3567 4667 3613 4699 ⁸⁸
3650 4687 3662 4721 :

2085 4759 2241 4815 Nunc
2276 4762 2456 4814 anima
2492 4775 2609 4813 mea
2639 4761 2904 4824 turbatur,
2947 4767 2995 4812 et
3043 4761 3171 4830 quid
3214 4760 3430 4814 dicam?
3476 4760 3663 4827 Pater,

2080 4854 2228 4908 salva
2256 4870 2335 4907 me
2367 4868 2431 4907 ea:
2464 4854 2561 4905 hac
2595 4852 2745 4905 liora.
2781 4850 2884 4907 Sed
2918 4863 3131 4920 propter
3161 4852 3255 4904 hoc
3285 4854 3399 4906 veni
3443 4855 3497 4905 in
3526 4854 3663 4907 lianc

2080 4946 2287 4999 horam.
2320 4943 2450 4998 Item
2481 4942 2527 4975 ”
2556 4962 2569 4997 :
2602 4941 2788 5005 Pater,
2826 4944 2960 4996 venit
2997 4942 3149 5005 liora,
3178 4941 3419 5010 clariﬁca
3459 4942 3503 4995 F
3508 4946 3661 4997 ilium

2081 5046 2250 5102 tuum,
2284 5045 2340 5089 ut
2366 5045 2414 5089 et
2449 5033 2497 5087 F
2499 5032 2628 5088 ilius
2660 5043 2781 5087 tuus
2812 5033 3072 5101 clariﬁcet
3106 5043 3173 5085 te.
3222 5031 3315 5090 Sic
3363 5043 3418 5088 et
3464 5035 3658 5090 horam

2080 5127 2368 5184 constituit
2417 5126 2690 5197 passionis
2719 5125 2840 5180 Filii
2888 5125 2992 5180 sui.
3024 5125 3153 5180 Ideo
3200 5129 3301 5182 etsi
3345 5125 3660 5197 frequenter

2077 5219 2301 5277 insidias
2326 5233 2521 5288 passus
2550 5227 2632 5273 est
2656 5233 2687 5272 ιι
2716 5215 2940 5281 Judaeis,
2978 5216 3115 5271 nihil
3138 5219 3315 5286 potuit
3347 5220 3454 5288 pati
3481 5222 3658 5275 disce-

2074 5315 2235 5369 dente
2257 5314 2324 5367 ab
2352 5327 2418 5367 eo
2447 5311 2672 5366 diabolo
2706 5326 2879 5381 usque
2910 5311 2977 5365 ad
3009 5318 3223 5381 tempus
3258 5330 3270 5366 :
3300 5322 3354 5367 et
3380 5312 3513 5366 nihil
3543 5314 3652 5382 pati

2074 5412 2306 5477 poterat,
2337 5404 2510 5460 donec
2536 5414 2943 5460 consummaret
2972 5421 3163 5461 omnes
3196 5421 3475 5461 sermones
3500 5422 3655 5471 suos,

2316 5629 2357 5658 ¹¹
2398 5629 2592 5683 Matth.
2626 5644 2752 5689 xxv,
2788 5629 2874 5682 45.
2910 5632 2952 5660 ’³
2989 5628 3131 5683 Psal.
3168 5645 3250 5693 vc,
3278 5629 3362 5683 l5.
3442 5630 3486 5661 ²³
3517 5632 3650 5688 ibid.

2087 5699 2130 5729 ³⁷
2163 5696 2178 5749 l
2213 5698 2342 5752 Cor.
2382 5714 2456 5762 χι,
2501 5699 2548 5752 l.
2665 5700 2707 5730 ’⁸
2732 5697 2918 5752 Matth.
2955 5714 3026 5761 vr,
3058 5702 3108 5753 9.
3140 5700 3184 5730 ’³
3216 5698 3407 5755 Matth.
3443 5718 3520 5765 ιι,
3555 5702 3644 5758 29.

2084 5767 2303 5825 "Joan.
2338 5782 2435 5832 XII,
2471 5768 2562 5835 27,
2588 5768 2675 5821 28.
2754 5769 2796 5800 ³⁵
2824 5767 2979 5823 Joan.
3017 5785 3144 5837 xvu,
3175 5770 3224 5824 1.
