4112 6416
478 320 613 375 1719

1657 330 1982 390 ORIGENIS
2018 335 2089 390 1N
2129 338 2545 399 MATTHASUM

3586 354 3730 413 1720

473 454 615 510 quos
655 452 1016 513 proposuerat
1043 444 1226 501 dicere
1263 446 1547 520 discipulis
1577 453 1713 509 suis.
1753 453 2047 527 Propterea
2076 464 2124 521 Α
2151 458 2370 527 Judam,
2406 460 2629 520 tradidit
2662 480 2811 521 eum.
2847 466 2951 523 Sed
2988 477 3042 524 et
3070 470 3345 543 principes
3383 473 3728 531 sacerdotum

473 540 756 602 postquam
791 537 1170 590 consummavit
1211 553 1387 594 omnes
1423 557 1688 598 sermones
1741 545 1857 609 hos,
1919 560 2049 605 tunc
2150 562 2203 608 et
2229 556 2471 612 seniores
2503 558 2841 614 tradiderunt
2872 576 3021 617 eum.
3066 562 3356 633 Propterea
3389 566 3479 621 hic
3522 568 3729 639 imper-

472 623 610 677 dixit
635 624 911 695 discipulis
939 628 1073 680 suis.
1117 625 1183 682 Et
1223 628 1344 685 vide
1374 632 1502 701 quia
1531 649 1641 688 non
1671 636 1808 691 dixit
1839 638 2050 710 simpli-

470 714 628 779 citer,
674 727 949 788 postquam
979 724 1364 777 consummauit
1395 740 1572 781 omnes
1620 744 1915 799 sermones,
1953 732 2046 788 sed

471 807 679 862 addidit
701 809 796 863 hos
842 826 1042 873 omnes,
1079 811 1133 866 id
1168 822 1253 869 est
1282 830 1422 884 quos
1443 816 1556 888 jam
1591 818 1806 875 locutus
1848 819 2044 889 fuerat,

469 914 580 953 non
604 915 743 969 quos
770 899 950 957 adhuc
977 902 1153 958 fuerat
1172 904 1477 963 locuturus.
1503 907 1697 967 Adhuc
1719 913 1862 968 enim
1886 929 2047 985 opor-

2150 648 2411 703 sonaliter
2439 651 2622 718 posuit
2665 653 2924 719 tradetur,
2967 671 3076 710 non
3113 657 3348 712 dieensa
3389 674 3536 728 quo:
3581 660 3726 730 quod

2147 738 2373 792 ‘erbum
2408 750 2583 809 potest
2618 744 2685 797 ad
2716 759 2910 799 omnes
2950 747 3219 816 respicere
3250 749 3344 819 qui
3386 751 3730 806 tradiderunt

2147 844 2295 886 eum.
2334 831 2440 887 Sed
2468 848 2576 887 non
2609 849 2802 891 omnes
2827 837 3018 891 eodem
3050 839 3332 908 preposito
3361 842 3723 897 tradiderunt.

2146 920 2292 978 Deus
2313 924 2456 979 enim
2482 926 2704 982 tradidit
2730 942 2853 982 eum
2876 938 3099 999 propter
3126 931 3553 988 misericordiam
3576 935 3726 993 circa

467 990 616 1046 tebat
663 1006 789 1046 eum
838 994 1002 1049 etiam
1047 997 1187 1052 alios
1233 998 1386 1067 loqui
1419 1016 1723 1069 sermones,
1754 1014 2045 1076 postquam
2144 1030 2316 1086 genus
2352 1017 2686 1085 humanum,
2724 990 3068 1091 quod-unico
3115 1022 3263 1078 Filio
3307 1042 3407 1080 non
3450 1029 3722 1097 pepercit,

466 1085 790 1154 traderetur,
824 1098 877 1144 et
920 1089 975 1145 in
1029 1092 1291 1149 Bethania
1344 1095 1399 1150 in
1447 1097 1610 1151 domo
1658 1097 1898 1155 Simonis
1942 1100 2045 1156 Le-

462 1178 611 1247 prosi
641 1178 709 1234 de
740 1181 969 1237 muliere
998 1185 1289 1242 accedente
1331 1188 1398 1242 ad
1435 1203 1493 1243 se
1527 1208 1541 1242 :
1579 1190 1705 1244 item
1736 1198 1790 1246 et
1832 1190 2042 1249 Pascha

460 1266 640 1329 facere
661 1285 786 1325 cum
811 1271 1097 1344 discipulis
1120 1277 1256 1341 suis,
1283 1285 1338 1333 et
1359 1280 1682 1336 convincere
1704 1283 2038 1351 proditorem

456 1358 737 1437 latentem,
768 1375 822 1422 et
864 1368 1066 1438 gratias
1093 1384 1273 1439 agere,
1306 1380 1362 1425 et
1393 1373 1669 1444 porrigere
1712 1374 1794 1429 eis
1844 1390 2037 1444 panem

454 1461 511 1506 et
550 1454 800 1515 calicem.
838 1454 1138 1528 Oportebat
1174 1478 1299 1517 eum
1336 1472 1391 1518 et
1436 1465 1727 1534 praedicere
1754 1467 2038 1538 discipulis

454 1544 573 1607 suis
606 1546 754 1617 quod
780 1559 966 1604 essent
1000 1553 1442 1623 scandalizandi;
1477 1565 1532 1611 et
1558 1554 1741 1625 Petro,
1776 1560 2039 1630 quoniam

453 1643 582 1690 ante
609 1636 735 1706 galli
781 1650 1001 1695 cantum
1034 1652 1118 1698 ter
1158 1643 1336 1701 fuerat
1362 1657 1681 1719 negaturus.
1712 1650 1905 1709 Adhuc
1938 1668 2038 1709 au-

2142 1105 2235 1159 sed
2259 1122 2354 1175 pro
2396 1108 2545 1162 nobis
2592 1111 2834 1165 omnibus
2877 1113 3100 1167 tradidit
3142 1130 3280 1169 eum.
3320 1115 3508 1172 Caeteri
3535 1126 3721 1174 autem

2144 1196 2487 1255 tradiderunt
2536 1216 2661 1256 eum
2720 1202 2907 1273 iniquo
2963 1207 3274 1276 proposito,
3338 1210 3720 1281 unusquisque

2143 1291 2443 1347 secundum
2495 1295 2756 1349 malitiam
2810 1305 3009 1352 Suam:
3065 1297 3233 1355 Judas
3275 1311 3498 1370 promer
3539 1302 3723 1356 avari-

2139 1381 2306 1446 tiam;
2325 1384 2636 1440 sacerdotes
2657 1395 2878 1457 propter
2903 1387 3194 1456 invidiam;
3219 1390 3465 1448 diabolus
3493 1405 3721 1464 propter

2140 1471 2417 1540 timorem,
2464 1491 2532 1530 ne
2567 1476 2890 1533 avelleretur
2920 1478 2987 1534 de
3033 1495 3194 1536 manu
3230 1482 3349 1553 ejus
3397 1499 3569 1553 genus
3613 1486 3720 1542 hu-

2139 1577 2363 1619 manum
2395 1580 2492 1634 per
2522 1565 2825 1622 doctrinam
2864 1569 3058 1639 ipsius,
3105 1587 3211 1626 non
3254 1574 3540 1632 advertens
3569 1593 3715 1647 quo-

2137 1653 2285 1709 niam
2331 1656 2507 1726 magis
2562 1657 2901 1728 eripiendum
2950 1660 3148 1735 fuerat
3197 1680 3370 1735 genus
3425 1668 3711 1723 hominum

452 1733 560 1781 tem
618 1732 904 1817 Oportebat
956 1750 1082 1791 eum
1141 1737 1278 1794 hora
1336 1742 1812 1814 appropinquante
1859 1746 2035 1817 magis
2069 1816 2106 1827 _
2138 1760 2233 1814 per
2269 1756 2498 1801 mortem
2546 1747 2737 1818 ipsius,
2770 1732 2953 1821 quam'
2980 1750 3158 1809 fuerat
3192 1732 3434 1826 ereptum
3467 1773 3566 1827 per
3611 1760 3715 1814 do-

449 1831 631 1887 orare,
681 1814 791 1887 non
844 1826 1033 1890 semel,
1079 1843 1180 1885 nec
1219 1830 1383 1903 891
1432 1833 1538 1898 bis,
1575 1836 1669 1891 sed
1714 1844 1817 1904 ter,
1861 1814 2037 1895 donec
2069 1816 2109 1870 Β
2137 1836 2366 1890 ctrinam
2411 1846 2466 1893 et
2506 1814 2803 1895 mirabilia:
2834 1840 3095 1899 Traditus
3120 1853 3203 1901 est
3236 1814 3382 1901 enim
3424 1814 3491 1904 ad
3533 1853 3715 1907 cruci-

448 1908 586 1965 hora
615 1911 834 1982 plenius
856 1917 1158 1977 adveniret.

519 2001 609 2059 75.
652 2002 815 2060 Scitis
849 2010 974 2079 quia
999 2021 1118 2080 post
1148 2013 1369 2069 biduum
1393 2017 1602 2075 Pascha
1633 2022 1747 2092 ﬁet,
1770 2031 1825 2100 et.
1857 2022 2032 2079 Filius

446 2091 676 2148 hominis
721 2097 966 2153 tradetur
1018 2102 1091 2155 ad
1141 2107 1580 2177 cruciﬁgendum,
1630 2091 1685 2167 et
1727 2096 1936 2185 reliqua
1963 2117 2028 2169 ³⁵.

449 2185 507 2238 Si
541 2201 673 2258 ergo
704 2190 870 2245 etiam
904 2195 1042 2248 hora
1068 2195 1249 2253 fuerat
1271 2201 1519 2266 delinita,
1561 2205 1859 2261 secundum
1884 2208 2030 2277 quod

445 2273 710 2343 diximus,
740 2289 802 2334 ut
832 2296 942 2336 non
977 2285 1282 2342 traderetur
1309 2298 1435 2345 ante
1464 2307 1681 2348 omnem
1703 2295 2027 2364 doctrinam,

444 2368 725 2432 quomodo
777 2389 886 2429 non
936 2378 1109 2448 magis
1141 2389 1196 2433 et
1229 2381 1346 2437 dies
1399 2382 1580 2440 fuerat
1635 2386 1927 2456 definitus,
1974 2400 2032 2446 ut

444 2460 646 2525 pascha
679 2472 930 2520 nostrum
976 2466 1229 2527 Christus
1272 2473 1682 2546 immolaretur,
1726 2479 2029 2538 dissolvens

442 2549 729 2608 Judaicum
774 2559 1014 2624 pascha,
1072 2571 1126 2616 et
1194 2565 1414 2621 tradens
1461 2570 1760 2626 secundum
1815 2571 2026 2629 Novum

401 2682 407 2686 .
445 2638 858 2700 Testamentum
877 2647 1164 2719 discipulis
1193 2653 1344 2710 suis?
1368 2655 1664 2726 Oportebat
1685 2661 1849 2717 etiam
1875 2679 2029 2720 men-

443 2748 559 2789 sem
588 2751 712 2793 esse
744 2738 1029 2796 definitum
1073 2742 1319 2802 Pascha.
1353 2747 1467 2819 Ego
1495 2762 1674 2807 autem
1705 2764 1838 2824 puto
1860 2756 2024 2821 etiam

441 2842 691 2897 annnam,
724 2829 791 2884 de
839 2847 954 2901 quo
1006 2845 1062 2888 et
1094 2837 1355 2906 propheta
1412 2841 1665 2900 dicebat:
1720 2830 2026 2904 Praedicare

441 2935 642 2973 annum
698 2921 914 2977 Domini
956 2936 1247 2996 acceptum,
1277 2940 1327 2983 et
1364 2931 1503 2985 diem
1547 2936 1741 2989 salutis
1766 2936 1832 2991 ³⁸.
1874 2936 2023 2994 Prte-

440 3012 581 3067 dicit
608 3029 738 3083 ergo
777 3014 1061 3085 discipulis
1107 3018 1254 3085 suis,
1285 3023 1652 3089 praamuniens
1681 3041 1796 3090 eos,
1839 3035 1898 3082 ut
1934 3043 2023 3097 ne,

442 3104 765 3175 priusquam
802 3107 1029 3166 audiant
1073 3125 1194 3181 quae
1237 3110 1454 3169 fuerant
1494 3126 1789 3186 eventura,
1838 3119 2021 3174 subito

440 3194 686 3252 videntes
718 3198 854 3252 tradi
890 3199 958 3255 ad
1004 3216 1220 3256 crucem
1262 3202 1605 3275 Magistrum,
1634 3208 2021 3279 obstupescant

442 3304 645 3358 pavore
670 3303 893 3360 propter
922 3292 1230 3361 passionem
1256 3294 1488 3353 Domino
1515 3299 1870 3355 accidentem.
1896 3299 2020 3355 ideo

440 3381 583 3436 dixit
609 3382 688 3436 eis
717 3399 730 3436 :
786 3381 949 3438 Scitis
994 3385 1119 3455 quia
1152 3397 1270 3456 post
1305 3387 1519 3442 biduum
1555 3387 1765 3442 Pascha
1811 3390 1924 3456 fiet,
1968 3399 2018 3444 et

441 3472 619 3529 Filius
671 3475 898 3530 hominis
945 3478 1185 3531 tradetur
1238 3478 1307 3532 ad
1351 3478 1766 3548 cruciﬁgendum
1792 3477 1856 3534 ³⁷.
1899 3477 2016 3533 Non

439 3578 621 3625 autem
651 3608 667 3634 ,
726 3568 868 3625 sicut
914 3570 1323 3624 arbitrabantur
1372 3568 1593 3639 quidam
1620 3608 1635 3632 ,
1688 3569 1792 3625 hoc
1837 3569 2020 3626 dicere

439 3663 560 3718 vult
589 3661 712 3733 quia
762 3669 887 3732 post
937 3662 1163 3716 biduum
1194 3660 1420 3716 Paschae
1462 3659 1581 3715 dies
1610 3659 1880 3728 adveniet,
1922 3663 2019 3718 sed

437 3755 566 3823 quia
611 3762 735 3824 post
785 3754 1015 3809 biduum
1073 3768 1274 3809 novum
1305 3750 1516 3807 Pascha
1563 3751 1673 3806 fiet.
1716 3750 1828 3808 Nec
1871 3755 2015 3810 enim

435 3845 594 3909 dixit,
632 3855 757 3916 post
788 3846 1014 3902 biduum
1065 3844 1279 3901 Pascha
1312 3843 1438 3909 erit,
1483 3851 1579 3898 aut
1615 3845 1817 3911 veniet,
1849 3855 1908 3900 ut
1951 3862 2019 3902 ne

435 3939 752 3994 ostenderet
779 3939 910 3995 illud
944 3938 1160 3994 Pascha
1191 3935 1437 3991 futurum
1469 3936 1615 4006 quod
1655 3936 1771 3992 fieri
1810 3938 2019 3993 solebat

360 4040 367 4043 ’
437 4030 737 4088 secundum
770 4032 977 4103 legem,
1025 4032 1120 4087 sed
1169 4029 1382 4085 Pascha
1429 4031 1541 4101 ﬁet,
1580 4030 1685 4087 hoc
1731 4039 1816 4087 est
1856 4034 2018 4101 quale

437 4139 715 4193 nunquam
749 4124 928 4180 fuerat
953 4124 1184 4188 factum,
1218 4132 1280 4179 ut
1309 4140 1404 4194 per
1437 4124 1541 4180 hoc
1574 4141 1773 4180 novum
1805 4125 2015 4183 Pascha

435 4216 565 4271 illud
629 4217 875 4273 suecidat
931 4219 1240 4290 antiquum.
1294 4216 1540 4288 Denique
1593 4218 1672 4275 sic
1723 4218 2017 4274 addit:Et

437 4306 615 4363 Filius
639 4309 868 4364 hominis
900 4311 1145 4365 tradetur
1162 4310 1233 4364 ad
1261 4310 1696 4380 cruciﬁgendum.
1722 4308 1853 4365 Post
1878 4310 2016 4366 duos

434 4407 616 4453 autem
664 4402 782 4456 dies
827 4400 1029 4456 factum
1086 4411 1171 4457 est
1217 4401 1468 4467 Pascha,
1515 4403 1814 4457 secundum
1868 4401 2014 4472 quod

2136 1926 2433 1996 ﬁgendum,
2467 1938 2524 1985 ut
2552 1946 2759 1988 exuens
2784 1934 3124 2005 principatus
3150 1945 3204 1991 et
3227 1946 3542 2010 potestates,
3572 1944 3713 1998 [idu-

2135 2021 2348 2077 cialiter
2376 2024 2676 2094 triumphet
2703 2040 2797 2081 eos
2825 2026 2879 2080 in
2904 2028 3073 2097 ligno.

2205 2111 2291 2166 76.
2338 2112 2482 2167 Tunc
2511 2116 2811 2187 congregati
2844 2126 2965 2171 sunt
2989 2119 3246 2191 principes
3270 2122 3625 2191 sacerdotum,
3658 2135 3711 2182 et

2134 2199 2355 2270 Scribaz,
2378 2214 2427 2257 et
2457 2207 2685 2260 seniores
2710 2208 2894 2278 papuli
2923 2208 2980 2261 in
3010 2211 3206 2264 atrium
3244 2214 3498 2281 principis
3530 2231 3711 2270 sacer-

2130 2293 2315 2347 dotum
2341 2297 2433 2364 qui
2461 2296 2735 2352 dicebatur
2773 2299 3024 2368 Caiphas,
3057 2310 3108 2355 et
3131 2304 3411 2357 consilium
3440 2304 3702 2372 fecerunt,

2129 2397 2188 2441 ut
2211 2385 2395 2441 Jesum
2418 2388 2539 2442 dolo
2562 2399 2789 2447 tenentes
2829 2396 3142 2451 occiderent.
3184 2394 3435 2450 Dicebant
3480 2406 3702 2452 autent:

2132 2476 2255 2531 Non
2296 2479 2350 2532 in
2389 2479 2474 2533 die
2514 2480 2668 2550 festo,
2704 2494 2761 2538 ut
2793 2501 2856 2539 ne
2897 2487 3151 2543 tumultus
3187 2489 3282 2557 ﬁat
3330 2490 3385 2542 in
3420 2491 3700 2560 populo“.

2128 2568 2286 2636 Quod
2320 2570 2460 2627 dixit
2478 2570 2749 2643 Propheta
2774 2574 2816 2607 “
2847 2595 2861 2631 :
2893 2575 2963 2631 Et
2987 2579 3245 2649 principes
3271 2594 3616 2637 convenerunt
3645 2586 3706 2642 in

2127 2675 2291 2715 unum
2313 2663 2562 2718 adversus
2585 2663 2894 2732 Dominum,
2917 2678 2965 2721 et
2993 2669 3240 2724 adversus
3272 2667 3541 2726 Christum
3562 2675 3702 2744 ejus,

2127 2761 2257 2809 tunc
2314 2754 2594 2825 impletum
2627 2757 2842 2814 videtur
2881 2774 3005 2815 cum
3046 2761 3321 2832 principes
3355 2764 3702 2822 sacerdotum

2126 2854 2180 2900 et
2207 2846 2454 2903 seniores
2489 2848 2675 2918 populi
2703 2852 3014 2921 congregati
3055 2862 3183 2907 sunt
3216 2852 3266 2906 in
3300 2853 3524 2910 domum
3553 2857 3705 2927 prin-

2125 2934 2264 3005 cipis
2310 2936 2659 2991 sacerdotum
2688 2938 2952 2995 adversus
3006 2940 3294 2997 Dominum
3341 2953 3397 2998 et
3438 2946 3703 3004 adversus

2123 3022 2406 3081 Christum
2436 3027 2579 3097 ejus.
2612 3026 2731 3083 Non
2759 3030 2876 3084 veri
2908 3032 3240 3099 sacerdotes,
3274 3034 3367 3089 sed
3413 3039 3620 3107 populi,
3648 3050 3704 3095 et

2050 3163 2093 3220 ο
2127 3120 2371 3177 seniores
2403 3137 2514 3177 non
2552 3123 2820 3191 aliorum,
2854 3126 2947 3180 sed
2988 3126 3137 3182 illius
3158 3128 3248 3198 qui
3277 3129 3562 3186 videbatur
3604 3148 3703 3201 po-

2121 3212 2284 3282 pulus
2330 3212 2457 3280 Dei,
2508 3230 2635 3270 vere
2676 3228 2859 3272 autem
2914 3220 3148 3288 populus
3199 3229 3314 3276 erat
3359 3221 3700 3292 Gomorrlue,

2120 3301 2378 3370 quoniam
2406 3304 2697 3360 dixerunt:
2732 3306 3016 3379 Crucifige,
3060 3311 3307 3381 cruciﬁge
3344 3330 3463 3368 cum
3484 3316 3551 3381 "',
3603 3326 3697 3373 et:

2122 3390 2271 3446 Tolle
2315 3393 2474 3446 talem
2511 3398 2575 3448 de
2616 3406 2756 3450 terra
2783 3397 2846 3452 ⁸³.
2878 3397 2943 3452 Et
2982 3401 3127 3468 quod
3162 3401 3375 3456 dixerat
3419 3406 3589 3460 Isaias
3613 3407 3696 3462 “t

2117 3483 2313 3537 Audite
2333 3484 2542 3539 verbum
2566 3485 2806 3553 Domini,
2831 3489 3093 3557 principes
3126 3489 3496 3558 Sodomorum,
3526 3503 3698 3549 alten-

2118 3574 2228 3629 dite
2250 3576 2411 3645 legem
2452 3575 2569 3638 Dei,
2612 3577 2757 3646 plebs
2791 3577 3122 3649 Gomorrhw,
3155 3584 3412 3639 convenit
3457 3585 3567 3642 illis
3615 3587 3700 3642 in-

2118 3666 2450 3722 sidiantibus
2481 3666 2683 3723 Judaris
2713 3669 2806 3740 qui
2842 3669 3068 3726 fuerunt
3095 3672 3151 3726 in
3191 3676 3539 3743 generatione
3561 3686 3699 3733 tem-

2118 3760 2270 3829 poris
2301 3758 2528 3815 Christi.
2565 3759 2632 3814 Et
2655 3762 2804 3832 quod
2847 3761 2980 3817 dicit
3012 3761 3264 3819 Ezechiel
3288 3765 3333 3799 ⁸⁵
3368 3768 3436 3821 ad
3477 3765 3699 3824 Jerusa-

2119 3851 2267 3906 lem:
2322 3850 2635 3923 Justiﬁcata
2679 3865 2757 3909 est
2793 3858 2962 3927 magis
3015 3856 3246 3913 Sodoma
3288 3875 3354 3913 ea:
3395 3869 3473 3925 te,
3522 3863 3699 3932 magis

2117 3946 2372 4001 convenit
2398 3946 2506 4001 dici
2553 3947 2621 4002 ad
2670 3946 2972 4004 Jerusalem
3021 3965 3184 4020 super
3213 3966 3379 4020 quam
3432 3951 3700 4010 Dominus

2117 4036 2290 4103 flevit,
2352 4053 2516 4107 quam
2579 4039 2647 4093 ad
2707 4049 2925 4110 tempus
2958 4042 3260 4111 prophetae.
3308 4041 3502 4113 Pejora
3549 4046 3696 4100 enim

2119 4127 2373 4183 Sodomis
2404 4141 2767 4198 peccaverunt
2812 4130 3085 4201 principes
3141 4134 3362 4203 populi,
3410 4136 3537 4204 quia
3585 4151 3697 4191 non

2118 4219 2478 4290 intelligentes
2532 4235 2808 4275 summum
2873 4219 3221 4278 Sacerdotem
3274 4223 3403 4291 Dei,
3454 4226 3700 4282 insidiati

2117 4320 2244 4366 sunt
2281 4311 2364 4377 ei;
2396 4319 2450 4365 et
2494 4311 2737 4366 seniores
2772 4312 2955 4382 populi
3007 4330 3113 4369 non
3159 4327 3553 4385 cognoscentes
3586 4321 3699 4388 pri-

2117 4401 2450 4472 mogenitum
2485 4400 2751 4456 universa:
2781 4410 3045 4458 creatura:
3069 4443 3085 4467 ,
3120 4413 3176 4458 et
3205 4406 3475 4460 seniorem
3517 4411 3699 4462 omni-

434 4491 614 4544 fcerat
658 4493 1041 4561 prophetatum
1075 4497 1145 4548 ab
1187 4510 1273 4563 eo,
1307 4496 1527 4565 quando
1561 4495 1792 4550 traditus
1830 4502 1915 4550 est
1953 4495 2008 4548 in
2043 4507 2087 4562 ι)
2115 4495 2218 4549 bus
2242 4492 2530 4558 creaturis,
2554 4492 2822 4547 consiliati
2855 4502 2985 4548 sunt
3006 4504 3195 4550 contra
3222 4496 3453 4552 eum.Et
3475 4508 3699 4569 propter

436 4589 617 4642 nocte,
659 4591 714 4633 et
752 4580 890 4634 dixit
913 4583 1181 4637 osculanti
1223 4599 1283 4638 se
1329 4582 1520 4639 Iudas:
1557 4587 1759 4649 Amice,
1794 4584 1862 4638 ad
1890 4583 2018 4665 quid

438 4671 626 4726 renisti
651 4673 730 4729 ’3?
757 4670 813 4727 Si
838 4679 1017 4727 autem
1040 4684 1167 4744 post
1188 4674 1413 4730 biduum
1440 4675 1650 4731 Pascha
1679 4668 1882 4732 factum
1911 4688 2016 4741 est,

437 4772 635 4832 quarta
675 4763 886 4819 decima
921 4763 1073 4829 luna,
1106 4762 1455 4818 manifestum
1496 4774 1578 4820 est
1622 4767 1749 4834 quia
1798 4766 2018 4835 quando

435 4857 540 4914 ista
565 4855 802 4918 diccbat,
834 4855 1134 4911 secundum
1160 4855 1378 4911 Judaeos
1403 4858 1689 4912 undecima
1721 4868 1837 4912 erat
1864 4859 2015 4927 luna,

441 4948 663 5017 quando
702 4958 756 5002 et
803 4948 1093 5016 parabolas
1137 4949 1478 5019 supradictas
1506 4952 1776 5019 exposuit.
1815 4952 1859 5005 A
1899 4967 2009 5023 quo

436 5046 620 5091 autem
657 5037 889 5092 traditus
930 5048 1032 5103 est,
1069 5039 1156 5093 hic
1195 5055 1304 5094 non
1335 5048 1417 5097 est
1451 5043 1734 5111 scriptum.
1768 5041 2009 5114 Congre-

434 5130 593 5198 gabis
621 5137 801 5184 autem
828 5129 896 5183 de
946 5125 1263 5198 Scripturis,
1317 5131 1576 5200 quoniam
1607 5140 1661 5186 et
1711 5131 1870 5189 Pater
1899 5144 2009 5189 tra-

434 5220 574 5274 didit
616 5234 764 5284 eum,
820 5218 1120 5274 secundum
1166 5220 1309 5290 quod
1359 5223 1620 5292 scriptum
1663 5234 1747 5280 est
1767 5225 1856 5279 '9:
1903 5225 2009 5293 Qui

435 5312 592 5365 unico
630 5309 771 5365 Filio
807 5328 902 5365 suo
935 5328 1033 5365 non
1066 5314 1315 5382 pepercit,
1346 5315 1435 5369 sed
1462 5332 1557 5385 pro
1593 5317 1740 5371 nobis
1768 5319 2008 5373 omnibus

438 5401 663 5454 tradidit
713 5401 889 5456 illum.
930 5399 1239 5456 Secundum
1285 5403 1420 5458 alias
1463 5415 1646 5461 autem
1696 5407 2009 5478 Scripturas

433 5490 605 5548 Judas
643 5493 862 5548 tradidit
885 5494 1060 5550 illum.
1097 5492 1200 5548 Sed
1233 5502 1287 5548 et
1321 5494 1553 5551 Satanas
1580 5499 1672 5567 qui
1698 5499 1919 5555 intravit
1954 5500 2006 5555 in

2115 4585 2315 4639 atrium
2374 4591 2504 4653 puto
2557 4582 2688 4637 illud
2738 4583 2792 4636 in
2843 4599 2954 4654 quo
3000 4586 3288 4642 consilium
3335 4586 3582 4643 fecerunt
3636 4600 3699 4644 ut

2112 4673 2297 4732 Jesum
2321 4676 2446 4731 dolo
2480 4682 2746 4741 tenerent,
2781 4675 3022 4731 desolata
3056 4687 3140 4732 est
3162 4677 3487 4735 Jerusalem.
3515 4680 3697 4750 Oper-

2112 4769 2261 4824 tebat
2291 4767 2436 4823 enim
2460 4767 2571 4835 jam
2607 4782 2715 4822 non
2758 4780 2879 4822 esse
2931 4768 3201 4824 civitatem
3223 4808 3239 4836 ,
3283 4785 3405 4840 qua:
3430 4771 3694 4826 adversus

2112 4861 2284 4915 totius
2316 4858 2504 4913 mundi
2560 4865 2750 4928 egerat
2782 4855 3167 4914 fundatorem;
3209 4876 3331 4931 qua:
3388 4864 3541 4932 prius
3570 4862 3689 4931 qui-

2115 4954 2237 5009 dem
2275 4950 2551 5006 occiderat
2597 4948 2920 5018 prophetas,
2975 4953 3322 5020 postmodum
3364 4963 3544 5007 autem
3587 4951 3691 5008 Do-

2115 5046 2326 5101 minum
2363 5041 2774 5112 prophetarum.
2837 5041 2905 5096 Ut
2956 5044 3079 5098 dolo
3105 5061 3223 5099 eum
3269 5054 3517 5100 tenerent.
3565 5046 3693 5100 Ideo

2115 5134 2507 5194 convenienter
2551 5132 2619 5187 de
2666 5131 2746 5189 eis
2794 5133 2935 5188 dixit
2968 5133 3245 5214 Propheta
3266 5135 3351 5189 “:
3407 5136 3694 5207 Disperdat

2113 5227 2374 5280 Dominus
2416 5224 2659 5278 universa
2705 5224 2852 5278 labia
2902 5226 3110 5282 dolosa.
3168 5225 3304 5280 Dolo
3334 5239 3515 5283 autem
3561 5244 3691 5284 eum

2109 5324 2296 5370 tenere
2328 5323 2381 5369 et
2409 5314 2659 5369 occidere
2690 5316 3000 5382 voluerunt,
3030 5325 3089 5370 ut
3125 5332 3191 5372 ne
3217 5318 3486 5375 tumultus
3514 5320 3606 5376 fiat
3632 5320 3691 5376 in

2112 5408 2313 5479 populo
2349 5407 2444 5462 illo
2476 5407 2568 5478 qui
2610 5407 2775 5461 multa
2809 5407 2963 5477 signa
3006 5416 3060 5462 et
3091 5409 3334 5482 prodigia
3375 5409 3564 5467 Jesum
3614 5414 3700 5468 vi-

2111 5500 2263 5555 derat
2297 5498 2610 5555 facientem.
2639 5497 2703 5553 Et
2736 5509 3020 5569 propterea
3052 5502 3203 5558 multi
3243 5505 3461 5576 quidem
3497 5521 3566 5562 ex
3609 5510 3696 5565 his

3703 5602 3710 5637 ἱ

509 5691 555 5773 :5
589 5690 776 5784 Digiti».
802 5693 1043 5784 una}.
1091 5695 1290 5784 salsa.
1321 5714 1433 5762 ut,
1462 5698 1636 5784 2.__"
1671 5699 2044 5784 Mdlilt._xx_ll‘t,
2082 5705 2150 5784 2...
2236 5705 2280 5784 ³⁸ξ
2297 5704 2561 5784 “ibid-3’50.
2637 5703 2912 5784 filiam;
2930 5721 3047 5784 vni,
3074 5707 3178 5784 32._
3241 5709 3283 5741 ”
3312 5710 3501 5770 Matth.
3542 5656 3715 5784 xxv-1,!

433 5758 552 5817 διδ.
627 5759 668 5792 ⁸³
697 5761 840 5816 Psal.
870 5758 1015 5831 11,2.
1091 5765 1137 5798 “
1165 5764 1295 5822 Luc.
1328 5758 1510 5850 xxut,‘
1535 5769 1624 5825 2|.
1702 5771 1749 5804 “
1778 5772 1909 5827 ibid.
1952 5774 2015 5828 18

2123 5774 2158 5807 ⁸⁸
2188 5791 2227 5840 ι,
2262 5758 2349 5831 l0.
2388 5758 2403 5760 ⁷
2426 5758 2603 5843 “xvi,
2635 5774 2723 5830 ελ
2774 5758 2846 5807 λθ
2872 5758 3204 5847 Psallam—'4.
