4112 6422
406 386 534 440 ιτρι

1541 331 2199 428 οωιδιεΝτΑῐιιοΒυΜ
2243 371 2510 428 sumes.

3527 374 3666 427 “2‘2

402 515 558 561 erant
588 518 685 578 pro
716 518 804 568 eo,
836 501 928 572 qui
963 500 1100 556 forte
1136 497 1410 562 dixerant,
1438 495 1565 564 quia
1604 510 1824 564 magnus
1854 510 1978 562 pro-
2013 498 2054 554 Α
2083 493 2452 563 evangelistae.
2483 508 2607 546 cum
2648 502 2832 547 essent
2863 491 3230 546 consummati
3272 492 3324 546 in
3356 491 3547 546 eodem
3583 493 3667 547 in-

401 598 556 666 pheta
581 593 813 647 surrexit
853 592 906 644 in
944 589 1114 642 Israel
1137 588 1202 640 ⁵⁷.
1237 585 1363 650 'Alii
1385 593 1566 638 autem
1606 592 1763 638 erant
1792 583 1982 636 adver-

404 702 499 742 sus
538 701 702 749 eum,
743 683 838 753 qui
883 681 1172 734 dixerant;
1211 676 1311 731 llic
1354 691 1456 729 non
1500 675 1647 743 ejicit
1695 674 1981 737 dwmonia,

407 780 511 833 nisi
541 779 592 830 in
629 773 916 830 Beelzebub
949 771 1189 840 principe
1239 769 1620 822 daemoniorum
1645 767 1712 822 ”.
1749 764 1984 820 Necesse

408 886 538 942 ergo
589 878 707 924 erat
755 865 1049 920 tumultum
1107 861 1221 916 fieri
1283 861 1513 914 Domino
1568 858 1985 928 comprehenso,

409 971 628 1032 propter
669 960 886 1013 diversa
934 955 1114 1009 studia
1163 954 1347 1024 populi
1399 951 1674 1021 diligentis
1707 949 1988 1003 Christum

410 1063 466 1106 et
497 1050 791 1111 audientis,
820 1048 1092 1102 credentis
1117 1054 1170 1100 et
1195 1061 1302 1098 non
1329 1043 1623 1097 credentis.
1652 1039 1813 1095 Stetit
1844 1038 1988 1093 enim

411 1140 699 1194 consilium
735 1154 924 1193 eorum
954 1136 1112 1206 quasi
1161 1135 1398 1200 firmum,
1425 1149 1548 1188 cum
1585 1132 1686 1202 ipsi
1732 1133 1824 1202 qui
1860 1146 1993 1185 con-

411 1233 737 1288 siliabantur
771 1230 964 1286 staturi
1004 1244 1112 1283 non
1143 1236 1357 1293 essent,
1389 1236 1449 1280 ut
1492 1241 1598 1279 non
1639 1227 1692 1278 in
1723 1225 1810 1278 die
1856 1223 1994 1278 festo

411 1325 771 1388 occideretur,
822 1322 915 1376 sed
960 1321 1012 1374 in
1061 1321 1167 1375 alio
1209 1321 1336 1374 die:
1389 1319 1641 1374 videlicet
1682 1328 1742 1372 ut
1788 1317 1991 1386 pascha

413 1423 663 1469 nostrum
725 1413 1104 1468 immolaretur
1157 1401 1454 1478 Christus,
1511 1421 1570 1464 ut
1627 1411 1994 1480 relinquentes

413 1521 602 1576 azyma
625 1505 934 1559 Judeeorum
973 1503 1293 1559 festinemus
1322 1504 1376 1557 in
1406 1503 1746 1572 spiritalibus
1784 1503 1993 1573 azymis

413 1606 467 1651 et
498 1597 661 1650 veris.
690 1595 990 1650 Considera
1029 1603 1231 1658 autem,
1273 1595 1317 1649 si
1347 1603 1537 1663 potes,
1573 1609 1734 1647 omne
1772 1593 1996 1647 verbum

412 1687 558 1757 quod
585 1687 868 1756 profitetur
897 1701 1229 1756 quocunque
1265 1685 1432 1755 892
1477 1686 1640 1739 modo
1686 1683 1995 1739 doctrinam

415 1779 537 1846 Dei,
578 1781 762 1834 dicere
805 1777 1104 1848 principem
1142 1792 1264 1832 esse
1311 1777 1656 1831 sacerdotum
1709 1775 1823 1831 Dei.
1857 1776 1992 1830 Cum

413 1871 526 1926 sint
557 1881 737 1925 autem
771 1847 938 1924 multa
977 1847 1241 1924 falsorum
1284 1869 1598 1940 dogmatum
1635 1870 1799 1923 verba
1834 1871 1994 1937 quasi
2029 1847 2069 1900 Β

415 1963 725 2017 sacerdotes
755 1961 872 2025 Dei,
897 1976 1004 2015 non
1033 1969 1214 2016 autem
1260 1960 1377 2026 Dei,
1417 1960 1512 2014 sed
1555 1959 1740 2029 populi
1770 1960 1863 2028 qui
1910 1974 1999 2014 se-

415 2055 613 2109 ductus
659 2054 727 2107 ab
758 2054 839 2107 eis
885 2062 989 2116 est,
1021 2053 1388 2108 consiliantur
1431 2052 1697 2106 adversus
1735 2067 1903 2104 unum
1945 2059 1999 2104 et

415 2161 605 2200 verum
665 2144 758 2199 Dei
812 2143 1068 2199 Verbum.
1133 2142 1371 2198 Verbum
1426 2151 1608 2196 autem
1661 2141 1755 2196 Dei
1797 2143 2002 2211 praebet

417 2237 634 2306 quidem
686 2251 745 2290 se
801 2235 1227 2299 insidiantibus,
1284 2234 1639 2288 nihilominus
1691 2242 1872 2286 tamen
1907 2247 1996 2288 re-

418 2336 624 2393 surget,
657 2342 766 2382 non
800 2327 1166 2390 immutatum,
1201 2340 1375 2394 neque
1410 2332 1728 2393 corruptum
1774 2325 1843 2377 ab
1874 2325 1996 2390 eis;

416 2427 470 2472 et
511 2418 564 2471 in
599 2418 800 2471 coelum
835 2417 1113 2482 ascendet,
1158 2426 1217 2471 ut
1247 2415 1509 2484 suscipiat
1539 2429 1635 2470 eos
1661 2415 1753 2482 qui
1803 2415 2002 2470 tollunt

416 2524 633 2564 crucem
667 2523 822 2563 suam
855 2516 909 2561 Cl
936 2516 1242 2576 sequuntur
1270 2523 1418 2561 eum.

487 2599 578 2652 77.
609 2597 741 2652 Cum
771 2607 946 2650 autent
982 2605 1111 2650 esset
1155 2595 1311 2650 Jesus
1348 2597 1401 2649 in
1436 2595 1718 2659 Bethania,
1755 2595 1811 2648 in
1846 2595 2000 2649 domo

419 2687 649 2746 Simonis
702 2687 943 2757 Leprosi,
995 2689 1212 2740 accessit
1268 2688 1337 2740 ad
1393 2703 1512 2741 eum
1565 2685 1755 2739 mulier
1806 2686 2000 2739 habens

420 2779 750 2832 alabastrum
778 2780 1030 2846 unguenti
1068 2779 1307 2848 pretiosi,
1349 2786 1399 2832 et
1425 2778 1611 2846 effudit
1640 2793 1796 2846 super
1845 2785 2002 2845 caput

419 2871 554 2937 ejus,
588 2871 916 2924 recumbente
947 2888 1026 2924 eo.
1071 2870 1312 2924 Videntes
1357 2879 1531 2923 autem
1569 2868 1818 2937 discipuli
1864 2867 1999 2934 ejus,

421 2961 689 3032 indignati
747 2971 869 3016 sunt
891 3003 908 3030 ,
968 2971 1020 3016 et
1053 2969 1247 3016 caetera
1274 2962 1340 3015 ⁸³.
1371 2960 1524 3015 Multi
1559 2960 1777 3030 quidem
1813 2959 2004 3014 existi-

424 3061 573 3106 mant
621 3053 688 3106 de
722 3069 828 3106 una
862 3053 1162 3122 eademque
1217 3053 1446 3106 muliere
1493 3064 1730 3121 quatuor
1764 3066 2001 3122 evange-

424 3144 577 3198 listas
607 3144 954 3213 exposuisse,
989 3144 1114 3212 quia
1152 3143 1594 3212 conscripserunt
1642 3145 1751 3198 tale
1796 3141 2003 3214 aliquid
2031 3173 2073 3231 ς

421 3235 489 3287 de
523 3233 772 3296 muliere,
799 3241 852 3287 et
880 3248 1072 3287 omnes
1102 3233 1358 3287 similiter
1383 3233 1714 3288 alabastrum
1743 3235 2002 3305 unguenti

425 3324 862 3376 nominaverunt.
895 3320 1131 3378 Joannes
1163 3335 1341 3378 autem
1365 3326 1410 3358 ⁵ο
1453 3340 1551 3394 pro
1589 3325 1866 3379 alabastro
1911 3341 2007 3394 po-

423 3413 534 3465 suit
562 3413 754 3465 libram
787 3414 1056 3482 unguenti.
1105 3413 1209 3468 Sed
1252 3423 1306 3468 et
1347 3414 1492 3484 quod
1539 3414 1782 3469 dicitur:
1823 3413 2003 3469 Potuit

423 3505 519 3557 hoc
547 3504 855 3566 uenundari,
891 3515 938 3558 et
969 3505 1289 3574 pauperibus
1325 3507 1446 3560 dari
1471 3507 1538 3573 ",
1577 3507 1831 3562 dixerunt
1872 3505 2008 3560 Mat-

425 3597 620 3662 thasus,
650 3606 704 3650 et
744 3595 981 3661 Marcus,
1012 3607 1066 3651 et
1108 3596 1388 3652 Joannes:
1433 3606 1488 3651 et
1525 3601 1786 3666 quoniam
1824 3597 1889 3650 ad
1923 3615 2010 3652 se-

424 3687 700 3753 pulturam
742 3701 897 3739 suam
925 3697 1264 3755 unguentum
1299 3686 1429 3738 illud
1468 3686 1722 3740 Christus
1762 3701 2008 3754 pronun-

426 3773 580 3828 tiavit
601 3773 854 3836 elfusum,
885 3773 985 3841 ipsi
1009 3782 1416 3842 exposuerunt;
1453 3782 1506 3827 et
1527 3774 1782 3844 quoniam
1812 3775 1864 3827 in
1901 3775 2004 3828 Be-

425 3864 612 3917 thania
639 3864 692 3916 in
729 3863 891 3916 domo
913 3862 1154 3917 Simonis
1173 3862 1394 3932 Leprosi
1418 3863 1620 3919 factum
1647 3875 1748 3930 est,
1770 3864 1872 3934 ipsi
1894 3873 2006 3919 tres

425 3955 904 4022 conscripserunt:
933 3952 1172 4010 Joannes
1214 3965 1395 4019 autem
1440 3955 1759 4009 Bethaniam
1788 3956 2003 4022 quidem

424 4044 596 4107 dixit,
632 4044 723 4097 ubi
767 4044 1000 4112 fecerunt
1034 4047 1082 4098 ei
1115 4063 1316 4099 caenam
1338 4087 1354 4111 ,
1386 4056 1440 4100 et
1475 4045 1687 4099 Martha
1726 4048 2006 4100 ministra-

426 4138 556 4201 bat,
606 4145 660 4189 et
692 4135 934 4190 Lazarus
963 4153 1097 4191 unus
1150 4147 1266 4192 erat
1323 4153 1388 4192 ea:
1429 4139 1900 4205 discumbentibus,
1953 4149 2008 4194 et

429 4225 606 4279 Maria
666 4227 867 4294 accepit
909 4227 1103 4280 libram
1145 4229 1401 4295 unguenti
1466 4229 1626 4281 nardi
1674 4230 1848 4296 pistici
1889 4246 2006 4298 pre-

427 4317 572 4381 tiosi,
601 4325 656 4369 et
699 4325 893 4370 caztera
915 4317 982 4370 ".
1036 4316 1112 4370 Ex
1151 4317 1354 4386 quibus
1394 4328 1619 4387 apparet
1660 4319 1786 4388 quia
1825 4320 1924 4388 ipsi
1955 4320 2005 4374 ei

426 4406 674 4461 iecerunt
719 4421 954 4460 coenam.
1012 4406 1188 4461 Lucas
1233 4416 1437 4474 autem,
1469 4410 1720 4478 quamvis
1768 4426 1876 4464 non
1927 4411 2004 4464 le-

2092 584 2340 650 tellectu,
2393 593 2446 638 et
2496 585 2548 637 in
2603 585 2792 638 eodem
2838 587 3071 655 spiritu,
3114 595 3166 642 et
3213 588 3267 641 in
3311 587 3499 642 eadem
3545 603 3669 640 sen-

2093 677 2280 742 tentia,
2309 676 2401 745 qui
2450 675 2663 730 fueraut
2709 678 3069 732 ministraturi
3122 680 3353 733 salutem
3400 678 3668 733 Ecclesia-

2091 783 2248 832 rum,
2301 768 2575 822 contraria
2636 768 2738 822 sibi
2797 769 3084 824 dixissent.
3132 771 3189 824 Si
3243 779 3424 824 autem
3471 770 3670 840 aliquis

2089 858 2389 912 arbitratur
2436 859 2608 926 ipsam
2660 857 2830 913 fuisse
2876 876 2997 928 qua:
3043 861 3200 913 unxit
3237 869 3514 929 unguento
3565 859 3672 914 Do-

2089 948 2224 1001 mini
2259 949 2422 1016 pedes
2451 949 2592 1017 apud
2630 947 2832 1001 Lucam
2863 958 2915 1002 et
2946 947 3235 1014 Joannem,
3261 950 3406 1004 dicat
3433 949 3588 1004 nobis
3624 951 3671 1004 si

2090 1035 2260 1091 Maria
2290 1037 2405 1108 ipsa
2433 1045 2550 1091 erat
2571 1053 2694 1107 qure
2729 1037 2870 1106 apud
2901 1035 3101 1092 Lucam
3137 1037 3303 1091 fuisse
3331 1037 3588 1091 scribitur
3615 1035 3671 1089 in

2091 1128 2312 1182 civitate
2333 1128 2627 1197 peccatrix,
2653 1143 2773 1196 qua:
2811 1127 3030 1183 discens
3055 1129 3315 1197 quoniam
3342 1127 3593 1181 recubuit
3615 1127 3668 1180 in

2091 1220 2256 1274 domo
2298 1219 2593 1283 Pharisaai,
2646 1219 2828 1272 attulit
2881 1219 3214 1274 alabaSIrum
3271 1220 3570 1289 unguenti,
3614 1228 3669 1274 et

2095 1320 2247 1366 stans
2299 1323 2445 1365 retro
2499 1327 2658 1366 secus
2714 1311 2878 1380 pedes
2935 1311 3054 1381 ejus
3102 1312 3363 1380 plorans,
3415 1310 3672 1381 lacrymis

2098 1404 2311 1458 lavabat
2340 1405 2502 1472 pedes
2529 1403 2669 1472 ejus.
2696 1401 2807 1459 Nec
2845 1404 2990 1458 enim
3025 1404 3284 1458 credibile
3312 1415 3396 1458 est
3419 1413 3478 1458 ut
3506 1403 3673 1457 Maria

2096 1511 2258 1566 quam
2289 1495 2548 1564 diligebat
2575 1493 2756 1555 Jesus,
2786 1511 2946 1550 soror
2980 1495 3204 1550 Martha:
3234 1511 3356 1565 qua:
3391 1497 3674 1550 meliorem

2095 1588 2332 1659 elegerat
2354 1599 2582 1657 partem,
2611 1588 2886 1656 peccatrix
2911 1587 2964 1639 in
2995 1585 3215 1641 civitate
3241 1586 3411 1641 fuisse
3441 1587 3675 1642 dicatur.

2097 1678 2164 1734 Et
2195 1688 2354 1748 putas
2381 1678 2507 1748 quia
2535 1678 2732 1731 mulier
2760 1693 2884 1746 quae
2929 1677 3231 1732 secundum
3283 1677 3594 1732 Matthaeum
3626 1687 3674 1730 et

2100 1769 2339 1824 Marcum
2385 1767 2571 1822 cliudit
2622 1784 2785 1838 super
2836 1777 2998 1838 caput
3046 1769 3174 1824 Jesu
3225 1770 3528 1838 pretiosum
3577 1785 3678 1823 un-

2099 1869 2396 1930 guentum,
2437 1869 2633 1914 eventu
2681 1876 2788 1913 non
2839 1859 3097 1914 scribitur
3139 1857 3311 1914 fuisse
3361 1860 3677 1928 peccatrix?

2101 1954 2232 2019 Quae
2285 1961 2470 2006 autem
2525 1953 2826 2007 secundum
2863 1950 3064 2005 Lucam
3102 1952 3377 2020 peccatrix
3421 1952 3680 2017 refertur,

2101 2060 2208 2098 non
2235 2041 2337 2098 fuit
2365 2058 2498 2096 ausa
2534 2044 2598 2097 ad
2635 2052 2801 2112 caput
2826 2043 3029 2098 Christi
3056 2044 3263 2108 venire,
3289 2043 3384 2098 sed
3421 2044 3679 2115 lacrymis

2101 2136 2266 2204 pedes
2292 2135 2412 2204 ejus
2440 2135 2590 2197 lavit,
2621 2136 2776 2204 quasi
2805 2135 2891 2187 vix
2933 2135 3096 2189 etiam
3126 2135 3259 2205 ipsis
3304 2137 3530 2205 pedibus
3561 2136 3680 2203 eius

2101 2229 2286 2297 digna,
2313 2241 2424 2296 pra:
2452 2225 2672 2279 tristitia
2703 2225 3080 2294 paenitentiam
3124 2225 3179 2278 in
3222 2227 3398 2280 salute
3431 2225 3680 2279 stabilem

2103 2325 2382 2387 operante.
2419 2315 2484 2369 Et
2518 2332 2640 2384 qua:
2685 2317 2990 2371 secundum
3036 2315 3240 2370 Lucam
3267 2327 3380 2382 est,
3424 2317 3602 2385 plorat
3631 2325 3682 2371 et

2103 2409 2332 2462 multum
2389 2407 2653 2478 lacrymat
2702 2416 2764 2461 ut
2805 2408 2969 2478 pedes
3008 2406 3134 2462 Jesu
3185 2408 3441 2478 lacrymis
3493 2408 3680 2461 lavet:

2103 2515 2225 2568 qua:
2264 2508 2443 2552 autem
2480 2499 2783 2553 secundum
2827 2496 3092 2552 Joannem
3132 2508 3215 2552 est
3248 2497 3416 2551 Maria
3445 2538 3459 2560 ,
3508 2513 3684 2567 neque

2103 2588 2397 2657 peccatrix,
2438 2602 2614 2656 neque
2642 2587 2953 2657 iacrymans
2993 2585 3379 2639 introducitur.
3430 2584 3678 2639 Forsitan

2103 2693 2231 2747 ergo
2253 2679 2377 2748 quis
2406 2679 2550 2732 dicet
2586 2688 2823 2748 quatuor
2854 2677 3024 2732 fuisse
3070 2678 3344 2738 mulieres,
3372 2678 3437 2730 de
3480 2677 3682 2746 quibus

2103 2771 2549 2839 conscripserunt
2579 2769 2962 2840 evangelistam
3001 2785 3102 2838 ego
3128 2778 3309 2824 autem
3349 2769 3522 2837 magis
3545 2781 3677 2822 ρους

2105 2859 2282 2912 sentio
2322 2869 2433 2914 tres
2464 2859 2654 2922 fuisse,
2678 2869 2732 2914 et
2763 2874 2928 2912 unam
2962 2860 3181 2928 quidem
3216 2859 3283 2913 de
3309 2873 3414 2927 qua
3443 2857 3674 2910 conseri»

2105 2962 2336 3022 pserunt
2380 2951 2668 3008 Maltbazus
2697 2962 2750 3007 et
2788 2952 3024 3018 Marcus,
3072 2953 3276 3006 nullam
3323 2949 3680 3006 dimerentiam

2105 3047 2465 3115 expositionis
2497 3063 2610 3102 sure
2634 3046 2894 3102 facientes
2926 3047 2980 3100 in
3011 3062 3121 3101 uno
3148 3044 3419 3114 capitulo;
3458 3043 3683 3097 alteram

2106 3148 2288 3193 autem
2323 3139 2495 3194 fuisse
2519 3139 2585 3193 de
2613 3155 2721 3207 qua
2759 3139 2982 3208 scripsit
3028 3137 3245 3202 Lucas;
3297 3137 3460 3190 aliam
3505 3145 3684 3189 autem

2109 3229 2175 3284 de
2201 3246 2307 3299 qua
2353 3231 2573 3300 scripsit
2601 3229 2883 3284 Joannes:
2927 3229 3188 3298 quoniam
3236 3227 3416 3282 diﬂert
3447 3227 3516 3280 ab
3565 3227 3689 3280 aliis

2108 3321 2454 3388 mulieribus,
2493 3338 2603 3376 non
2638 3322 2816 3376 solum
2857 3321 2911 3374 in
2959 3321 3043 3376 his
3067 3336 3188 3390 qua:
3227 3320 3427 3389 scripta
3465 3328 3594 3372 sunt
3620 3318 3689 3373 de

2109 3421 2426 3481 unguento;
2463 3413 2554 3468 sed
2595 3414 2856 3482 quoniam
2886 3422 2939 3466 et
2979 3413 3238 3482 diligebat
3273 3409 3431 3466 Jesus
3461 3409 3685 3464 Mariam

2107 3513 2162 3558 et
2190 3504 2457 3558 Martinam
2487 3523 2500 3558 :
2529 3506 2780 3573 quamvis
2805 3513 2859 3558 et
2888 3503 3003 3571 ipsa
3045 3505 3098 3556 in
3130 3503 3388 3556 Bethania
3421 3501 3688 3556 referatur

2108 3592 2300 3656 fuisse,
2341 3595 2485 3648 sicut
2530 3602 2586 3646 et
2619 3594 2815 3647 mulier
2840 3593 2906 3646 de
2937 3608 3043 3662 qua
3071 3600 3355 3661 exponunt
3398 3590 3686 3646 Matthatus

2107 3694 2162 3739 et
2190 3683 2423 3740 Marcus.
2450 3683 2632 3738 Tertia
2665 3684 2967 3738 diﬂ‘erentia
2991 3691 3094 3747 est,
3113 3683 3372 3752 quoniam
3397 3683 3686 3738 Mattlucus

2107 3776 2326 3845 quidem
2357 3784 2410 3829 ct
2459 3775 2674 3829 Marcus
2717 3775 2771 3828 in
2823 3774 2989 3828 domo
3033 3773 3284 3849 Simonis
3324 3773 3548 3844 Leprosi
3582 3775 3686 3830 hoc

2107 3865 2312 3921 factum
2345 3865 2513 3920 fuisse
2545 3875 2862 3935 exponunt;
2898 3863 3136 3919 Joannes
3177 3876 3381 3931 autem,
3421 3865 3681 3935 quoniam

2106 3954 2269 4010 Jesus
2300 3963 2426 4009 ante
2462 3970 2553 4010 sex
2588 3954 2704 4009 dies
2730 3952 2956 4008 Pascha:
2976 3954 3124 4008 venit
3156 3955 3210 4008 in
3240 3953 3558 4008 Bethaniam
3592 3955 3686 4010 ubi

2107 4055 2224 4099 erat
2257 4044 2498 4098 Lazarus
2525 4058 2687 4112 quem
2729 4043 3089 4098 suscitaverat
3118 4042 3298 4106 Jesus,
3334 4053 3390 4098 et
3441 4043 3688 4099 fecerunt

2107 4137 2156 4189 ei
2193 4151 2448 4190 omnem:
2497 4144 2551 4189 et
2599 4151 2707 4189 non
2743 4135 2938 4202 simul,
2984 4137 3077 4191 sed
3128 4135 3296 4189 Maria
3347 4147 3402 4192 et
3437 4138 3684 4202 Martha,

2108 4227 2248 4281 forte
2281 4237 2334 4281 et
2381 4225 2656 4293 Lazarus;
2692 4235 2747 4280 et
2792 4227 3000 4282 Martha
3047 4228 3414 4294 ministrabat,
3445 4228 3686 4285 Lazarus

2108 4327 2286 4372 autem
2319 4328 2436 4371 erat
2471 4332 2614 4370 unus
2647 4332 2714 4370 ex
2751 4317 3238 4371 discumbentibus.
3283 4317 3474 4371 Adhuc
3501 4326 3683 4371 autem

2110 4411 2406 4465 secundum
2444 4409 2709 4464 Joannem
2751 4421 2880 4464 ante
2912 4426 3006 4466 sex
3039 4411 3155 4465 dies
3196 4409 3418 4465 Pascha:
3451 4412 3597 4464 venit
3631 4412 3684 4465 iu

427 4513 648 4566 prosum
681 4499 863 4568 posuit
917 4498 1221 4564 Simonem,
1275 4507 1455 4554 tamen
1489 4499 1823 4555 Pharisaeum
1859 4501 1997 4556 dixit
2030 4509 2072 4561 D
2102 4502 2442 4570 Bethaniam,
2484 4504 2704 4572 quando
2764 4511 2820 4556 et
2866 4501 3114 4558 fecerunt
3160 4503 3208 4556 ei
3267 4517 3477 4557 etenam
3515 4501 3686 4556 Maria

427 4590 618 4655 fuisse,
643 4590 736 4660 qui
762 4599 1048 4658 rogaverat
1071 4588 1257 4644 Jesum
1289 4599 1348 4644 ut
1374 4592 1730 4647 mauducaret
1755 4608 1878 4648 cum
1913 4609 2000 4660 eo,

424 4683 568 4735 sicut
592 4681 660 4734 de
686 4680 908 4734 nomine
943 4681 1062 4750 ejus
1094 4680 1354 4738 Dominus
1389 4682 1505 4752 ipse
1531 4692 1783 4750 testatur,
1814 4683 2004 4739 dicens

424 4772 494 4826 ad
527 4787 652 4825 eum
689 4771 762 4824 ibi
787 4771 874 4824 “2
913 4771 1119 4839 Simon,
1171 4769 1384 4839 Simon,
1419 4774 1580 4828 habeo
1617 4775 1744 4844 quid
1789 4776 1882 4828 tibi
1920 4777 2007 4828 di-

425 4880 560 4917 cere.
599 4862 766 4917 Multa
805 4878 937 4934 ergo
964 4865 1265 4920 similitudo
1290 4876 1344 4920 et
1374 4868 1627 4937 cognatio
1659 4870 1906 4938 qmedam
1937 4870 2004 4924 de

427 4956 652 5010 mtiliere
688 4957 828 5025 apud
877 4967 1114 5026 quatuor
1165 4960 1548 5029 evangelistas.
1599 4959 1782 5014 Dicam
1821 4970 1999 5014 tamen

425 5049 490 5100 a.|
529 5062 624 5103 eos
664 5049 757 5117 qui
805 5050 1139 5104 arbitrantur
1171 5066 1333 5104 unam
1388 5052 1556 5107 fuisse
1606 5054 1888 5107 mulierem
1935 5054 2003 5107 de

425 5153 532 5206 qua
580 5152 770 5195 omnes
803 5141 1147 5210 evangelista;
1203 5141 1581 5210 scripserunt:
1639 5143 1807 5199 Putas
1855 5145 2000 5214 quod

427 5229 541 5281 haec
589 5230 785 5284 mulier
837 5247 960 5300 quae
1019 5231 1208 5286 eliudit
1257 5248 1421 5302 super
1479 5245 1644 5303 caput
1692 5233 1818 5290 Jesu
1880 5251 2003 5305 pre-

427 5318 627 5372 tiosum
681 5332 1059 5390 unguentum.
1134 5323 1276 5376 sicut
1325 5322 1610 5380 Matthams
1671 5335 1724 5380 et
1787 5325 2002 5379 Marcus

425 5419 836 5476 exposuerunt,
894 5413 1008 5480 ipsa
1051 5421 1106 5466 et
1161 5413 1380 5483 myrrha
1415 5415 1570 5467 unxit
1614 5416 1776 5482 pedes
1805 5416 2002 5484 ipsius,

425 5502 566 5554 sicut
604 5500 778 5555 Lucas
809 5511 863 5556 et
888 5503 1124 5559 Joannes
1167 5508 1577 5575 exposuerunt?
1628 5504 1746 5559 Non
1777 5515 1859 5561 est
1905 5524 2004 5561 au-

380 5601 532 5660 .tem
593 5594 851 5661 possibile
907 5608 963 5651 ut
1020 5600 1086 5653 de
1143 5600 1327 5654 eadem
1395 5600 1620 5654 muliere
1670 5612 2002 5669 exponentes

499 5707 540 5733 "
573 5705 703 5759 Luc.
727 5721 827 5776 vit.
861 5707 944 5761 16.
1025 5710 1068 5742 ³⁸
1103 5712 1292 5768 Matth.
1324 5730 1421 5776 xu,
1461 5713 1551 5768 Ἡ.

421 5777 477 5840 2.
514 5777 566 5831 5.
642 5776 688 5806 ³³
721 5775 852 5832 Luc.
882 5795 974 5842 ru,
1006 5780 1094 5838 l0.

1631 5714 1673 5745 δ’
1712 5712 1902 5768 Matth.
1932 5728 2078 5778 xxxi,
2111 5714 2226 5768 6-8.

2105 4603 2159 4648 et
2204 4593 2436 4648 Martha.
2489 4593 2587 4648 Hic
2629 4603 2810 4647 autem
2853 4595 3072 4662 quando
3130 4595 3480 4649 recumbente
3520 4609 3585 4648 co
3633 4595 3684 4648 in

2105 4683 2269 4737 domo
2311 4683 2553 4738 Simonis
2608 4683 2832 4753 Leprosi
2860 4723 2875 4747 ,
2912 4686 3143 4739 accessit
3194 4686 3260 4740 ad
3301 4700 3424 4739 eum
3467 4687 3681 4746 mulier,

2107 4783 2231 4844 post
2281 4775 2506 4829 biduum
2555 4775 2768 4831 Pascha
2800 4787 2917 4832 erat
2953 4777 3232 4839 futurum,
3277 4777 3422 4830 sicut
3473 4778 3680 4831 dictum

2105 4861 2191 4921 esi
2237 4883 2423 4936 supra.
2475 4867 2664 4922 Restat
2709 4877 2768 4922 ut
2815 4869 3012 4938 aliquis
3046 4870 3227 4922 dicat:
3285 4866 3343 4921 Si
3394 4868 3462 4922 de
3511 4869 3682 4922 altera

2107 4959 2332 5012 muliere
2371 4957 2655 5014 Matthaaus
2691 4969 2744 5014 et
2780 4959 2995 5013 Marcus
3025 4960 3384 5028 scripserunt,
3418 4961 3482 5012 de
3514 4959 3680 5012 altera

2106 5063 2286 5106 autem
2319 5050 2581 5115 Joannes,
2617 5053 2683 5106 de
2712 5053 2866 5106 tertia
2907 5068 3033 5108 vero
3068 5051 3278 5118 Lucas,
3317 5053 3593 5121 quomodo
3627 5053 3680 5105 in

2106 5158 2338 5212 persona
2380 5145 2542 5198 unius
2599 5142 2842 5196 mulieris
2887 5142 3053 5196 semel
3091 5159 3119 5196 a
3166 5141 3385 5196 Christo
3420 5141 3680 5210 iucrcpati

2105 5233 2356 5302 discipuli
2389 5233 2545 5303 quasi
2588 5234 2727 5287 male
2765 5233 3109 5303 indignantes
3137 5233 3202 5286 de
3245 5234 3388 5286 facto
3418 5233 3678 5298 mulieris1

2107 5340 2215 5376 non
2248 5340 2307 5379 se
2345 5326 2793 5388 emendaverunt,
2829 5335 2886 5378 ut
2923 5340 2988 5377 ne
3026 5340 3188 5392 super
3225 5326 3450 5377 alterum
3491 5324 3683 5377 mulie-

2107 5433 2220 5471 rem
2269 5417 2521 5471 similiter
2561 5417 2847 5470 facientem
2901 5417 3346 5483 iudiguarcntur?
3392 5414 3680 5483 Propterea

2105 5507 2244 5562 sciat
2277 5507 2405 5577 quia
2433 5509 2572 5576 apud
2600 5507 2911 5560 Matthaeum
2948 5516 3000 5560 et
3038 5505 3276 5560 Marcum
3309 5506 3557 5573 discipuli
3599 5506 3683 5558 in-

2105 5599 2401 5668 dignantur
2431 5614 2495 5652 ex
2532 5599 2674 5653 bono
2709 5599 3015 5668 proposito;
3052 5599 3189 5666 apud
3211 5596 3471 5652 Joannem
3501 5609 3679 5652 autem

2333 5714 2378 5746 '°
2405 5731 2501 5780 xtl,
2537 5714 2589 5768 5.
2698 5715 2739 5744 ’ί
2778 5712 2964 5769 Matth.
2996 5730 3140 5779 xxvi,
3174 5714 3224 5766 9.
3322 5715 3364 5744 δ’
3395 5711 3550 5768 Joan.
3588 5730 3683 5779 xu,
