4112 6436
479 335 616 391 ΠΞὸ

1676 332 2002 389 ORIGENIS
2044 331 2113 388 IN
2147 331 2562 391 ΜΑΤΤΙΙΑΞυΜ

3598 342 3735 398 1714

473 459 626 519 solus
666 454 842 517 ludas
893 454 1115 515 furandi
1156 455 1382 523 aﬂ‘eetu;
1431 457 1573 529 apud
1616 456 1821 514 Lucam
1871 465 2054 513 autem
2083 464 2128 517 Α
2158 456 2351 513 Adhuc
2379 459 2526 515 enim
2557 458 2741 515 minus
2775 458 3027 524 habebat,
3055 467 3116 514 ut
3140 460 3487 531 postmodum
3523 462 3736 518 iuveni-

472 555 788 605 murmurat
811 562 995 603 nemo.
1032 546 1109 601 Ex
1140 545 1226 602 his
1265 560 1395 616 ergo
1433 555 1489 601 et
1531 547 1653 605 aliis
1686 562 1809 617 quae
1831 554 1887 603 et
1939 547 2053 616 ipse

471 639 680 710 poteris
719 639 1045 703 observare,
1096 646 1303 693 certum
1354 649 1439 694 est
1486 637 1748 708 quoniam
1798 645 1894 692 aut.
1945 637 2049 692 sibi

472 732 748 789 contraria
770 731 960 788 dicunt
981 728 1330 799 evangelistte
1353 737 1413 783 ut
1433 729 1655 799 quidam
1677 745 1868 785 eorum
1892 744 2050 787 men-

472 825 707 890 tiantur;
738 828 834 878 aut
862 822 908 879 si
940 821 1044 876 hoc
1068 820 1294 889 impium
1320 828 1403 875 est
1424 819 1670 886 credere,
1704 836 1930 876 necesse
1967 828 2053 878 est

472 917 654 972 dicere
680 930 787 969 non
819 913 889 968 de
929 913 1119 969 eadem
1156 913 1386 969 muliere
1412 928 1605 968 omnes
1651 914 2051 984 conscripsisse

471 1004 857 1076 evangelistas,
873 1004 967 1060 sed
996 1013 1096 1059 aut
1116 1004 1182 1060 de
1205 1003 1401 1070 tribus,
1426 1013 1518 1058 aut
1536 1004 1603 1058 de
1619 1013 1877 1070 quatuor.
1898 1004 2052 1062 Dicet

469 1105 653 1151 autem
689 1096 890 1167 aliquis
919 1096 1084 1166 paulo
1111 1095 1412 1150 audacior:
1459 1090 1711 1153 Forsitan
1748 1098 2048 1157 secundum

465 1188 752 1244 historiam
786 1203 892 1243 una
926 1186 1176 1259 quaedam
1215 1188 1410 1242 mulier
1435 1186 1682 1260 luitquae
1710 1189 1815 1244 tale
1844 1189 2050 1259 aliquid

463 1279 631 1351 893
656 1278 803 1338 fecit.
831 1279 977 1337 Pone
996 1288 1177 1335 autem
1199 1288 1253 1333 et
1271 1280 1519 1342 alteram,
1536 1280 1579 1336 si
1604 1280 1708 1347 vis,
1724 1288 1778 1336 et
1809 1282 2047 1347 tertiam,

466 1383 649 1429 tamen
687 1377 742 1427 et
787 1370 1164 1445 principaliter
1205 1372 1666 1444 evangelistarum
1708 1374 2049 1443 propositum

465 1461 570 1519 fuit
602 1463 906 1532 respiciens
936 1463 1001 1518 ad
1028 1463 1306 1535 mysteria,
1339 1471 1395 1521 et
1422 1479 1529 1518 non
1560 1464 1694 1520 satis
1716 1475 2051 1525 curaverunt

465 1564 527 1609 ut
549 1554 853 1609 secundum
895 1554 1172 1609 veritatem
1203 1562 1525 1609 enarrarent
1555 1554 1829 1625 historiae,
1863 1556 1957 1612 sed
1991 1564 2049 1617 ut

464 1660 650 1703 rerum
683 1645 942 1715 mysteria
970 1661 1092 1715 quae
1116 1659 1181 1699 ex
1208 1644 1437 1700 historia
1463 1648 1849 1712 nascebantur,
1876 1661 2048 1717 expo—

464 1744 677 1797 uerent.
711 1736 941 1808 Propter
974 1737 1121 1808 quod
1158 1746 1213 1797 et
1242 1746 1592 1793 attexuerunt
1624 1738 1893 1809 quosdam
1933 1754 2049 1795 ser-

2155 559 2310 604 retur
2346 551 2401 604 in
2436 551 2603 607 domo
2650 551 2972 607 obcdientiae
3015 551 3193 618 facta,
3231 554 3426 624 utjam
3470 571 3735 612 consum-

2153 651 2325 707 mata,
2358 658 2534 712 neque
2575 644 2845 714 peccatrix
2872 643 3180 712 diceretur,
3209 660 3309 699 nec
3336 646 3647 716 lacrymans
3680 658 3736 704 et

2153 735 2343 792 lavans
2368 735 2578 791 Domini
2605 737 2790 806 pedes,
2816 738 2911 793 sed
2937 748 2993 793 et
3026 738 3143 808 ipsa
3177 738 3462 795 eﬂ‘undens
3487 756 3736 811 unguen-

2156 838 2270 883 tum
2309 844 2475 898 supcr
2524 838 2687 899 caput
2734 830 2927 901 ipsius.
2964 831 3068 887 Sed
3092 840 3144 885 et
3180 830 3366 886 Simon
3412 832 3736 888 obedientiae

2152 919 2472 989 mysterium
2503 926 2610 985 est,
2639 921 2899 989 quoniam
2929 921 3011 976 sic
3037 921 3450 991 interpretatur,
3479 922 3574 976 sed
3602 923 3736 979 obe—

2151 1009 2480 1067 dientialiter
2505 1010 2641 1083 (85),
2669 1027 2776 1067 non
2804 1012 3031 1084 spiritus
3060 1031 3072 1067 :
3106 1022 3325 1083 propter
3346 1015 3492 1084 quod
3519 1013 3732 1083 Simon,

2151 1101 2396 1159 elevatus
2418 1117 2449 1157 a
2476 1103 2657 1158 littera
2688 1103 2823 1175 legis
2846 1119 2947 1173 per
2969 1102 3156 1159 Jesum
3183 1104 3249 1158 ad
3280 1105 3451 1177 legem
3475 1107 3735 1176 spiritua-

2150 1191 2294 1259 lem,
2342 1193 2458 1264 jam
2493 1208 2603 1250 non
2643 1203 2762 1250 erat
2790 1193 2978 1251 Simon
3016 1206 3259 1261 tantum,
3300 1198 3391 1252 sed
3437 1195 3615 1253 iactus
3647 1207 3734 1258 est

2151 1285 2315 1341 etiam
2340 1284 2555 1353 Petrus,
2585 1296 2639 1343 et
2660 1303 2759 1358 pro
2781 1288 3139 1347 aediﬁcatione
3157 1287 3386 1345 Iudaica
3407 1290 3604 1360 dignus
3630 1293 3733 1346 ha-

2151 1377 2299 1433 bitus
2338 1386 2423 1432 est
2464 1378 2825 1435 aediﬁcatione
2852 1378 3105 1435 Ecclesiae
3148 1395 3315 1450 super
3345 1390 3552 1451 petram
3601 1383 3733 1438 fun-

2150 1465 2363 1520 dandae.
2392 1464 2592 1524 Factus
2628 1478 2712 1523 est
2734 1483 2863 1538 ergo
2887 1466 3046 1525 Jesus
3070 1468 3125 1523 in
3155 1468 3323 1524 domo
3348 1466 3587 1527 Simonis
3613 1472 3730 1543 qui.

2151 1554 2274 1611 dem
2315 1557 2550 1629 alicujus
2592 1557 2930 1624 obedientis,
2978 1568 3157 1614 tamen
3187 1560 3418 1630 leprosi,
3460 1571 3516 1618 et
3543 1563 3727 1623 adhuc

2150 1661 2293 1716 Opus
2324 1647 2578 1704 habentis
2603 1650 2955 1705 mundatione
2985 1651 3053 1706 ab
3079 1649 3231 1707 Jcsu.
3260 1651 3376 1707 Non
3407 1664 3587 1709 autem
3621 1671 3732 1712 meo
3828 1650 3839 1669 '

2150 1750 2423 1801 moratum
2453 1747 2538 1796 est
2577 1742 2722 1811 apud
2768 1738 2971 1797 Lucam
3001 1741 3070 1798 de
3114 1742 3336 1799 Simone
3363 1747 3624 1815 quoniam
3673 1757 3728 1803 et

461 1844 654 1885 mones
702 1803 1087 1901 mysteriorum
1138 1829 1505 1884 intellectibus
1560 1803 1949 1886 convenientes
1994 1840 2050 1887 et
2079 1803 2123 1859 Β
2152 1831 2402 1901 leprosus
2431 1839 2568 1889 erat.
2613 1803 2881 1889 Existimo
2920 1833 3179 1904 quoniam
3224 1834 3340 1904 ipse
3371 1803 3584 1893 debitor
3610 1847 3727 1894 erat

460 1934 756 1976 consonos.
800 1917 877 1975 De
918 1919 1006 1977 his
1035 1927 1219 1975 autem
1266 1935 1392 1989 qua:
1428 1919 1574 1990 apud
1604 1929 1842 1990 quatuor
1884 1935 2051 1993 expc,

459 2020 670 2071 nuntur
704 2012 1071 2082 evangelistas
1099 2026 1265 2067 causa
1302 2011 1594 2066 mulierum
1626 2011 1713 2066 vel
1737 2012 1900 2069 unius
1928 2029 2050 2070 mu-

458 2103 633 2168 lieris,
654 2104 798 2161 sicut
814 2105 1133 2161 existimant
1160 2103 1340 2170 multi,
1360 2102 1675 2173 diligentius
1689 2105 2048 2163 tractavimus

456 2204 789 2266 exponentes
817 2193 1167 2265 Evangelium
1193 2193 1492 2250 secundum
1514 2191 1780 2249 Joannem
1796 2234 1811 2258 .
1829 2210 1952 2266 qua:
1968 2194 2048 2249 vi-

453 2288 727 2346 debantur
748 2286 929 2354 nobis,
954 2301 1079 2342 cum
1105 2285 1305 2343 similia
1328 2294 1511 2342 essent
1533 2293 1589 2341 et
1609 2295 1862 2358 cognata,
1885 2286 2045 2359 quasi

458 2379 740 2435 contraria
771 2387 827 2434 et
848 2378 1126 2434 distantia.
1159 2375 1316 2433 Nune
1339 2386 1521 2431 autem
1549 2392 1613 2433 ea
1643 2376 1880 2433 breviter
1921 2394 2048 2449 per-

455 2472 816 2540 stringamus.
851 2468 1274 2525 Rationabiliter
1304 2482 1435 2538 ergo
1457 2466 1636 2523 Lucas
1660 2483 1785 2523 cum
1813 2468 1881 2524 de
1915 2484 2044 2540 pec-

454 2564 659 2621 iatrice
692 2562 927 2622 nudiere
960 2561 1299 2631 loqueretur,
1334 2557 1641 2617 introduxit
1667 2574 1789 2616 eam
1825 2558 2042 2617 ﬂentem

452 2653 858 2721 abundantius,
891 2661 953 2708 ut
984 2652 1152 2707 etiam
1195 2650 1324 2713 Iesu
1364 2651 1528 2720 pedes
1571 2650 1816 2719 lavaret,
1845 2660 1900 2706 et
1931 2666 2042 2711 non

453 2746 832 2804 infundentem
854 2745 1078 2816 quidem
1103 2751 1465 2812 unguentum,
1480 2741 1576 2797 sed
1596 2751 1808 2797 tantum
1835 2758 2044 2813 ungen-

452 2851 566 2894 tem
598 2848 931 2909 noneaput,
971 2837 1065 2895 sed
1096 2835 1283 2907 pedes.
1318 2833 1417 2890 illa
1439 2843 1622 2889 autem
1654 2849 1776 2905 qua:
1804 2850 1916 2890 non
1943 2849 2040 2891 ae-

451 2930 754 2989 cusahatur
779 2928 1081 3000 peccatrix,
1118 2942 1225 2982 non
1254 2926 1433 2992 unxit,
1471 2926 1563 2987 sed
1599 2924 1808 2990 eﬂudit,
1846 2934 1902 2982 et
1929 2941 2041 2982 non

450 3036 615 3091 super
634 3020 823 3092 pedes,
850 3019 944 3079 sed
976 3033 1144 3088 super
1170 3026 1357 3088 caput.
1383 3014 1441 3072 Si
1473 3026 1654 3072 autem
1678 3018 1805 3087 quis
1833 3024 1890 3072 et
1917 3031 2041 3087 quae

2149 1923 2549 1997 quinquaginta
2574 1924 2965 1989 denariorum,
3008 1936 3063 1981 et
3080 1927 3192 1997 jam
3221 1939 3504 1997 acceperat
3529 1929 3729 1988 remis-

2146 2012 2357 2069 sionem
2386 2028 2598 2078 eorum,
2621 2013 2881 2083 quoniam
2905 2014 3168 2070 dilexerat
3195 2017 3491 2075 modicum.
3521 2016 3726 2076 Tamen

2147 2103 2380 2176 diligens
2406 2105 2803 2175 aliquantulum
2828 2145 2844 2172 ,
2880 2108 3093 2177 rogavit
3124 2121 3248 2163 eum
3283 2118 3342 2164 ut
3368 2110 3730 2171 mandumret

2146 2212 2272 2255 cum
2304 2213 2389 2253 eo.
2435 2198 2684 2254 Accessit
2716 2207 2898 2253 autem
2945 2198 3176 2263 mulier,
3203 2215 3310 2255 non
3341 2202 3610 2270 peccatrix
3638 2218 3727 2259 se-

2145 2285 2386 2343 cundum
2414 2287 2729 2343 Matthazum
2762 2296 2817 2343 et
2850 2287 3119 2356 Marcum,
3146 2289 3479 2346 alabastrum
3516 2292 3724 2350 habens

2144 2379 2412 2449 unguenti
2456 2379 2705 2449 pretiosi.
2754 2377 2826 2434 Et
2866 2380 3153 2437 considera
3186 2397 3351 2452 quam
3390 2392 3546 2439 caute
3572 2386 3719 2455 apud

2146 2470 2247 2525 hos
2266 2469 2360 2540 qui
2383 2470 2740 2539 peccatricem
2763 2486 2869 2529 non
2895 2471 3218 2539 retulerunt,
3240 2484 3573 2545 unguentum
3597 2476 3720 2545 ejus

2140 2563 2303 2632 quasi
2333 2563 2637 2633 pretiosum
2668 2564 2945 2621 laudatur.
2970 2563 3124 2634 Apud
3157 2563 3360 2621 Lucam
3391 2576 3592 2632 autem,
3625 2569 3720 2638 qui

2139 2655 2398 2724 exposuit
2431 2657 2830 2725 peccatricem,
2878 2666 3213 2729 unguentum
3257 2660 3575 2730 simpliciter
3621 2677 3722 2721 no-

2140 2742 2418 2810 minatur,
2450 2759 2551 2799 nec
2579 2745 2912 2819 pretiosum,
2949 2763 3048 2803 nec
3076 2748 3233 2803 nardi
3275 2749 3514 2819 pistiete,
3550 2759 3610 2804 ut
3652 2766 3719 2806 ex

2142 2836 2313 2891 odore
2352 2836 2473 2907 ejus
2513 2837 2832 2906 impleretur
2860 2841 3075 2897 domus.
3107 2841 3302 2896 Adhuc
3337 2843 3482 2897 enim
3520 2843 3720 2901 habere

2141 2939 2252 2981 non
2275 2935 2492 2997 poterat
2519 2938 2794 2999 unguenta
2818 2930 3133 3001 hujusmodi
3165 2951 3182 3000 ;
3212 2933 3310 2990 sed
3335 2933 3441 2990 hoc
3459 2946 3576 2990 erat
3603 2951 3721 2990 nia-

2138 3032 2341 3089 gnum,
2373 3019 2503 3089 quia
2544 3021 2627 3077 vel
2662 3030 2940 3092 unguento
2987 3032 3201 3092 poterat
3249 3041 3450 3097 ungere
3501 3027 3715 3082 Domini

449 3114 523 3168 de‘
550 3111 724 3169 Maria
754 3108 952 3171 Lazari
980 3126 1169 3169 sorore
1198 3110 1402 3181 scripta
1454 3117 1617 3176 sunt,
1656 3118 1883 3174 tractet,
1917 3125 2039 3179 qua:
2064 3135 2108 3195 ο
2138 3111 2326 3181 pedes.
2359 3109 2536 3184 Hujus
2567 3122 2749 3169 autem
2787 3115 3035 3173 mulieris
3067 3117 3366 3186 pretiosum
3406 3117 3577 3174 fertur
3612 3137 3708 3175 un-

441 3229 496 3278 οι
529 3211 645 3278 ipsa
678 3208 839 3267 unxit
871 3209 1085 3266 Domini
1114 3208 1316 3279 pedes,
1346 3215 1499 3263 notet
1526 3206 1633 3266 sibi
1671 3221 1794 3276 quae
1831 3206 2032 3276 scripta

446 3309 571 3357 sum
604 3300 701 3366 ibi,
725 3300 990 3368 quoniam
1014 3299 1197 3356 omnis
1222 3298 1421 3355 domus
1446 3298 1653 3368 repleta
1672 3306 1844 3353 estex
1865 3296 2033 3354 odore

447 3390 707 3459 unguenti
743 3407 761 3457 ;
791 3388 936 3462 quod
968 3405 1076 3445 non
1102 3398 1184 3445 est
1206 3387 1473 3458 scriptum
1494 3386 1562 3442 de
1583 3402 1648 3442 ea
1672 3400 1795 3456 quae
1819 3384 2035 3442 diceba-

447 3489 537 3533 tur
558 3493 683 3534 esse
718 3480 1015 3552 peccatrix.
1048 3476 1155 3535 Sed
1182 3495 1285 3534 nec
1309 3479 1379 3537 de
1404 3477 1635 3534 muliere
1673 3480 1740 3534 de
1761 3492 1866 3548 qua
1894 3475 2031 3532 scri-

444 3584 674 3642 pserunt
719 3573 1009 3631 Mattheus
1039 3580 1095 3629 et
1134 3570 1389 3638 Marcus,
1435 3585 1558 3642 quae
1594 3585 1705 3625 non
1746 3568 2031 3625 dicebatur

445 3667 617 3724 fuisse
655 3665 975 3736 peccatrix,
1004 3663 1111 3719 tale
1160 3663 1367 3734 aliquid
1417 3664 1680 3733 scripturn
1730 3671 1850 3728 est,
1898 3663 2027 3733 quia

444 3759 626 3815 omnis
649 3758 846 3821 domas
865 3757 1068 3826 repleta
1088 3763 1172 3815 est
1190 3771 1259 3811 ex
1282 3755 1451 3813 odore
1474 3755 1758 3826 unguenti.
1776 3753 2025 3811 Forsitan

442 3868 539 3923 per
569 3849 904 3909 dilIerentias
940 3849 1169 3903 istarum
1210 3847 1535 3913 mulierum,
1583 3845 1903 3903 diﬂerentite
1963 3846 2027 3903 li-

442 3945 647 4000 delium
674 3942 1121 3997 demonstrantur
1147 3959 1161 3993 :
1184 3954 1421 4009 quorum
1448 3939 1674 4009 quidam
1703 3937 1921 4008 quidem
1944 3936 2025 3992 ef-

445 4035 688 4093 fundunt
733 4048 897 4103 super
936 4040 1103 4102 caput
1133 4029 1261 4087 Jesu
1300 4030 1599 4100 pretiosum
1640 4038 2022 4100 unguentum;

448 4126 535 4181 alii
561 4132 741 4181 autem
766 4138 875 4178 non
909 4131 1073 4192 caput
1094 4130 1327 4191 ungunt,
1350 4119 1442 4176 sed
1470 4120 1671 4189 pedes;
1705 4118 1798 4173 alii
1838 4129 2021 4174 autem

442 4233 551 4274 non
587 4216 886 4273 infundunt
910 4215 1158 4284 largiter,
1183 4214 1275 4271 sed
1301 4221 1513 4282 ungunt
1537 4221 1767 4267 tantum.
1798 4209 2021 4281 Ungen-

329 4343 337 4349 .
442 4305 579 4360 tium
607 4319 738 4360 vero
771 4304 993 4374 quidam
1032 4302 1125 4359 tali
1169 4311 1381 4372 ungunt
1403 4309 1717 4370 unguento,
1756 4310 1815 4355 ut
1841 4299 2020 4356 olnnis

439 4397 638 4454 domus
677 4395 970 4465 impleatur
1010 4410 1076 4448 ex
1113 4394 1280 4448 odore
1318 4392 1622 4455 divinitatis
1666 4391 1841 4461 ipsius
1872 4409 1888 4458 ;
1924 4391 2018 4445 alii

2140 3212 2430 3274 guentum.
2467 3202 2579 3261 Nec
2619 3208 2765 3261 enim
2816 3206 3045 3263 decebat
3087 3223 3211 3265 esse
3256 3225 3365 3265 non
3414 3212 3714 3281 pretiosum

2139 3295 2286 3364 quod
2316 3309 2479 3364 super
2515 3305 2681 3367 caput
2709 3295 3010 3353 Salvatoris
3041 3298 3438 3357 effundebatur.
3464 3301 3531 3357 Et
3550 3319 3716 3375 super

2138 3396 2476 3456 unguentum
2533 3387 2754 3455 quidem
2813 3390 3135 3458 peccatricis
3191 3392 3445 3461 ungentis
3494 3392 3713 3450 Domini

2136 3476 2323 3544 pedes,
2353 3487 2407 3533 et
2433 3491 2541 3531 non
2578 3475 2943 3547 eﬂundentis,
2974 3494 3153 3549 neque
3180 3480 3443 3550 indignati
3468 3491 3598 3537 sunt
3622 3484 3710 3537 di-

2135 3566 2329 3638 scipuli
2351 3608 2366 3635 ,
2409 3583 2588 3638 neque
2605 3567 2899 3623 doluerunt
2922 3609 2939 3636 ,
2979 3584 3080 3625 nec
3119 3568 3258 3624 dixit
3283 3568 3454 3627 Judas
3483 3589 3498 3626 :
3533 3568 3714 3635 Quare

2135 3674 2457 3731 unguentum
2482 3662 2579 3714 hoc
2601 3677 2703 3716 non
2718 3671 2795 3715 est
2814 3661 3168 3717 venundatum
3190 3663 3432 3717 trecentis
3449 3663 3708 3724 denariis,

2133 3762 2182 3808 et
2220 3754 2405 3808 datum
2426 3763 2501 3808 est
2533 3752 2849 3822 pauperibus
2874 3752 2966 3807 5"?
2998 3752 3173 3823 Super
3201 3752 3486 3808 mulierem
3525 3764 3709 3807 autem

2132 3845 2277 3915 apud
2300 3844 2616 3903 Matthzeum
2638 3856 2691 3903 et
2710 3844 2955 3905 Marcum
2982 3844 3245 3917 indignati
3269 3853 3400 3901 sunt
3429 3845 3721 3914 discipuli,

2134 3947 2189 3994 et
2209 3937 2507 3993 doluerunt
2528 3936 2888 4007 perditionem
2920 3937 3182 4007 unguenti
3212 3937 3357 4006 quod
3384 3936 3709 3992 decurrebat

2131 4043 2162 4083 a
2193 4028 2372 4098 capite
2391 4028 2511 4098 ejus
2539 4026 2609 4082 ad
2643 4037 2901 4082 caeterum
2932 4042 3152 4096 corpus.
3181 4024 3321 4081 Nam
3349 4028 3454 4082 etsi
3499 4038 3709 4097 poterat

2133 4122 2435 4179 venundari
2485 4128 2824 4191 unguentum
2872 4116 3007 4175 illud
3052 4120 3224 4174 multo
3266 4120 3439 4189 pretio
3484 4129 3541 4175 et
3586 4120 3705 4175 dari

2129 4212 2483 4285 pauperibus,
2513 4218 2694 4269 tainen
2726 4225 2835 4265 non
2862 4209 3093 4267 debebat
3121 4209 3236 4267 fieri
3263 4211 3385 4277 hoc,
3411 4208 3540 4279 quia
3570 4225 3707 4264 eon-

2128 4303 2351 4359 veniens
2372 4311 2489 4358 erat
2517 4318 2682 4371 super
2703 4312 2867 4371 caput
2890 4301 3094 4357 Christi
3117 4299 3496 4358 infunderetur
3516 4311 3705 4357 sancta

2126 4407 2181 4450 et
2208 4394 2420 4450 decenti
2459 4391 2755 4447 inl‘usione.
2788 4391 2892 4458 Qui
2916 4404 3097 4448 autem
3134 4391 3471 4448 centendunt
3504 4392 3708 4446 intelli-

440 4496 623 4543 Wlem
658 4500 772 4541 non
814 4486 909 4540 la“
946 4484 1166 4554 (ιυῑάθηι
1189 4502 1221 4550 ι’
1252 4493 1438 4541 tamen
1468 4491 1522 4537 οι
1549 4482 1654 4552 ίΡεί
1699 4482 2020 4551 acceptam“
2053 4489 2096 4544 D
2125 4505 2250 4562 gere
2283 4491 2386 4545 ista
2416 4488 2718 4545 secundum
2748 4486 3050 4555 simplicem
3084 4496 3322 4551 textum,
3348 4484 3536 4540 dicant
3564 4483 3705 4540 etfu-

439 4578 584 4648 apud
613 4576 920 4640 Christum,
952 4575 1214 4644 quoniam
1234 4583 1293 4630 et
1328 4574 1434 4645 ipsi
1464 4582 1676 4644 ungunt
1701 4575 1865 4643 pedes
1896 4572 2016 4642 ejus

439 4676 741 4739 unguento,
768 4683 907 4737 quos
926 4665 1238 4722 Pharismus
1260 4681 1362 4721 nec
1381 4666 1501 4720 oleo
1522 4666 1700 4720 unxit.
1723 4664 2020 4735 Oportebat

437 4765 621 4813 autem
650 4757 767 4812 hate
793 4757 846 4811 in
878 4755 1141 4811 Bethania
1179 4755 1318 4821 ﬁeri,
1347 4771 1470 4824 qua:
1508 4754 1897 4826 interpretatur
1918 4755 2017 4808 do-

437 4866 555 4904 ntus
585 4848 916 4915 obedientiw,
943 4856 1000 4904 et
1030 4847 1099 4902 ab
1131 4847 1235 4902 hac
1266 4861 1388 4916 quae
1415 4860 1578 4915 super
1605 4854 1769 4915 caput
1792 4845 2011 4900 Domini

434 4941 628 4997 eﬂ‘udit
657 4950 1017 5011 unguentum,
1044 4955 1153 4995 non
1186 4948 1441 4996 accusata
1464 4940 1620 5009 quasi
1651 4940 1924 5010 peccatrix
1953 4941 2010 4996 in

435 5035 675 5097 civitate,
707 5042 764 5089 et
795 5050 826 5089 a
856 5033 1057 5101 Maria,
1093 5034 1235 5104 apud
1280 5048 1445 5103 quam
1480 5049 1604 5088 cum
1642 5036 1795 5090 ﬁeret
1827 5036 2013 5091 convi-

432 5126 581 5181 vium
604 5123 756 5189 Jesu,
780 5125 1014 5180 accessit
1034 5124 1101 5180 ad
1128 5139 1253 5179 eum
1276 5133 1331 5179 et
1360 5125 1535 5179 unxit.
1569 5123 1800 5178 Domum
1830 5135 2011 5180 autem

431 5216 785 5283 obedientim,
843 5215 1145 5271 Ecclesiam
1211 5215 1438 5285 intelligi
1494 5224 1743 5285 oportere
1801 5216 2015 5273 dubitat

431 5324 614 5365 nemo.
648 5309 744 5364 llla
781 5319 963 5363 autem
989 5323 1112 5377 qua:
1150 5308 1293 5376 apud
1325 5306 1530 5365 Lucam
1564 5308 1850 5365 dicebatur
1881 5324 2008 5378 pec-

429 5400 603 5455 catrix
628 5441 645 5466 ,
686 5398 871 5455 adhuc
908 5415 1015 5453 non
1058 5406 1179 5453 erat
1220 5399 1383 5468 digna
1434 5399 1487 5453 in
1536 5397 1801 5458 Bethania
1846 5416 2007 5469 esse,

429 5490 684 5562 quamvis
722 5490 1098 5562 paenitentiam
1137 5498 1481 5560 peccatorum
1521 5506 1748 5550 suorum
1788 5495 2006 5565 agebat.

501 5632 547 5663 ”
573 5630 729 5685 Joan.
761 5647 861 5694 xu,
895 5630 951 5684 5.
1023 5631 1069 5661 ⁸⁸
1098 5629 1262 5685 Marc.
1300 5646 1415 5695 XIV,
1446 5630 1495 5686 6.

505 5742 617 5811 (83)
655 5741 793 5811 Lege
820 5743 1113 5800 obedientia
1139 5746 1347 5801 linem.

2123 4598 2243 4639 sum
2266 4590 2603 4653 unguentum
2640 4595 2805 4649 super
2829 4588 2992 4649 caput
3014 4577 3143 4633 Iesu
3172 4576 3537 4644 laudabiliter,
3565 4592 3703 4647 qua-

2121 4673 2227 4729 lem
2256 4673 2490 4728 habebat
2510 4670 2815 4728 secundum
2841 4678 3043 4727 textum
3069 4669 3340 4735 decorem,
3374 4676 3436 4723 ut
3459 4667 3701 4724 eﬂ‘unde-

2121 4777 2272 4822 retur
2313 4782 2477 4837 super
2514 4775 2680 4835 caput
2704 4765 2830 4820 talis
2861 4772 2919 4820 et
2943 4763 3082 4819 tanti
3113 4761 3384 4832 magistri.
3426 4759 3547 4817 Non
3580 4768 3700 4816 erat

2120 4873 2251 4930 ergo
2279 4867 2617 4930 unguentum
2642 4856 2775 4912 illud
2803 4857 3137 4926 pauperibus
3164 4855 3412 4926 dignum,
3435 4868 3538 4910 nec
3565 4869 3696 4908 con-

2119 4951 2368 5013 veniens,
2392 4956 2657 5018 quantum
2681 4947 2750 5002 ad
2775 4961 2937 5001 suum
2962 4946 3253 5021 honorem,
3281 4951 3342 4997 ut
3360 4941 3692 4997 divideretur

2120 5043 2175 5097 in
2224 5040 2464 5106 multos,
2506 5039 2602 5095 sed
2645 5046 2703 5092 ut
2748 5037 3016 5107 integrum
3064 5051 3292 5090 manens
3328 5033 3697 5089 effunderetur

2117 5146 2284 5201 super
2311 5140 2472 5199 caput
2495 5127 2871 5185 tantummodo
2891 5125 3041 5183 Jesu.
3064 5123 3292 5195 Propter
3320 5123 3466 5194 quod
3494 5132 3550 5179 et
3575 5137 3701 5177 mu-

2120 5222 2307 5276 lierem
2328 5234 2450 5289 quae
2476 5217 2680 5275 fecerat
2706 5218 2830 5281 hoc,
2858 5217 3091 5286 suscipit
3115 5213 3297 5280 Jesus,
3322 5223 3377 5269 et
3406 5214 3698 5286 indignan-

2119 5311 2265 5367 tibus
2289 5310 2574 5380 discipulis
2595 5310 2727 5365 dicit
2753 5310 2802 5342 "
2826 5326 2842 5364 :
2870 5306 3045 5364 Sinite
3074 5321 3212 5370 eam,
3242 5315 3295 5360 et
3324 5304 3488 5360 nolite
3510 5305 3562 5360 ei
3583 5320 3699 5359 mo-

2115 5402 2238 5457 lesti
2268 5419 2413 5469 esse,
2452 5403 2703 5472 quoniam
2737 5400 2931 5457 bonum
2968 5413 3100 5465 opus
3130 5404 3350 5464 operata
3381 5405 3459 5451 est
3497 5396 3554 5451 in
3588 5411 3692 5448 me.

2119 5494 2301 5568 Usque
2330 5496 2467 5553 adeo
2493 5504 2674 5551 autem
2697 5491 2891 5549 efﬁcax
2914 5499 2998 5548 est
3026 5487 3339 5560 hujusmodi
3362 5487 3483 5545 laus
3506 5486 3695 5557 cperis
