4112 6422
450 398 590 456 ιτῖὕ
777 397 807 433 ³

1580 378 2237 442 COMMENTARIORUM
2276 376 2542 434 SERIES.

3570 378 3710 430 {720

450 514 612 579 boni,
641 518 703 567 ut
728 506 1048 565 exhortetur
1078 516 1271 559 omnes
1309 515 1411 557 nos
1438 499 1732 585 odori-feris
1759 507 1812 555 et
1844 498 2029 553 diviti—
2060 501 2102 555 Α
2131 492 2267 548 dicit
2305 500 2361 548 et
2402 490 2595 585 Petrus
2624 489 2781 585 apud
2807 487 3147 585 Clementem
3170 528 3187 555 ,
3237 488 3495 560 quoniam
3541 504 3707 585 opera

449 613 549 664 bus
576 603 836 675 operibus
865 598 1094 669 implere
1130 592 1343 649 Domini
1373 602 1559 664 caput,
1596 602 1657 648 ut
1681 600 1737 649 et
1763 591 1831 648 de
1862 591 2032 665 894

450 700 610 756 nobis
632 697 848 753 dicatur
873 689 1001 761 quia
1028 689 1232 744 bonum
1254 701 1394 756 opus
1420 684 1650 742 iecimus
1672 699 1838 755 super
1867 694 2031 754 caput

449 793 653 863 ipsius,
684 790 812 860 quia
845 797 1061 853 semper
1089 779 1309 851 quidem
1346 778 1648 841 habemus,
1682 777 1926 847 quandiu
1973 776 2028 831 in

452 887 558 941 hac
585 884 698 937 vita
728 875 1088 937 consistimus
1109 914 1124 940 ,
1169 884 1439 942 pauperes
1460 869 1779 933 nobiscum,
1810 877 1867 922 et
1889 883 2029 937 opus

451 977 711 1032 habentes
742 986 877 1027 cura
919 982 1112 1023 eorum
1163 964 1256 1034 qui
1298 961 1652 1033 profecerunt
1693 961 1748 1016 in
1782 960 1950 1016 verbo
1975 968 2031 1014 et

447 1067 644 1123 divites
673 1064 802 1119 facti
834 1069 967 1119 sunt
1002 1061 1058 1114 in
1095 1057 1358 1128 sapientia
1388 1055 1506 1122 Dei,
1542 1070 1650 1110 non
1686 1064 1870 1110 autem
1898 1068 2028 1123 pos-

449 1166 579 1212 sunt
607 1155 875 1220 suﬁicere,
902 1161 962 1207 ut
990 1166 1204 1220 semper
1226 1151 1422 1205 diebus
1441 1157 1496 1203 et
1520 1147 1772 1203 noctibus
1796 1145 2032 1200 habeant

448 1266 636 1307 secum
670 1249 868 1303 Filium
902 1245 1019 1310 Dei,
1065 1242 1304 1299 Verbum
1336 1241 1461 1306 Dei,
1491 1249 1544 1296 et
1572 1240 1942 1309 Sapientiam,
1974 1246 2032 1293 et

448 1344 635 1398 omnia
669 1340 932 1411 quidquid
967 1346 1053 1395 est
1080 1337 1345 1392 Dominus
1376 1342 1564 1390 noster
1593 1332 1861 1388 Salvator.
1896 1330 2031 1387 Vide

448 1447 501 1491 et
535 1435 681 1506 quod
710 1435 788 1489 ait
810 1436 894 1485 ":
929 1433 1135 1488 Bonum
1176 1448 1307 1501 opus
1335 1438 1552 1499 operata
1574 1437 1650 1481 est
1680 1428 1736 1480 in
1766 1443 1866 1492 me,
1899 1425 2030 1495 quia

449 1543 558 1583 non
595 1527 734 1582 dixit
763 1526 830 1581 de
860 1525 1165 1595 peccatrice
1197 1530 1433 1593 ungente
1461 1521 1623 1591 pedes
1654 1520 1827 1589 ipsius
1848 1561 1863 1583 ,
1898 1519 2029 1589 quia

448 1620 654 1676 bonum
681 1633 821 1687 cpns
846 1616 979 1673 fecit
1006 1617 1059 1670 in
1091 1630 1200 1669 me.
1235 1614 1293 1669 Si
1318 1622 1500 1668 autem
1525 1611 2032 1681 oportetdiscutere

2130 586 2277 641 bona
2328 599 2451 655 qua:
2483 584 2620 638 ﬁunt
2656 582 2726 637 ab
2769 581 3120 645 inﬁdelibus,
3156 581 3212 636 in
3246 582 3353 637 hoc
3392 580 3595 637 saeculo
3629 580 3711 638 eis

2132 683 2394 746 prosunt,
2422 690 2532 730 non
2565 683 2621 730 et
2647 675 2700 729 in
2733 673 2825 728 illo
2855 674 2923 729 ad
2954 674 3395 744 consequendam
3432 674 3601 728 vitam
3638 688 3712 728 ae-

2133 775 2377 821 ternam:
2400 774 2457 822 et
2474 765 2885 831 convenienter,
2903 765 3034 836 quia
3064 780 3164 821 nec
3188 765 3266 819 illi
3294 775 3515 835 propter
3543 763 3708 820 Deum

2130 859 2361 925 faciunt,
2393 861 2488 915 sed
2515 870 2738 929 propter
2763 859 2938 929 ipsam
2965 869 3218 915 naturam
3251 860 3572 914 humanam.
3603 857 3708 924 Qui

2131 963 2313 1010 autem
2349 961 2570 1023 propter
2599 951 2770 1008 Deum
2800 951 3045 1019 iaciunt,
3095 951 3149 1006 id
3196 960 3282 1006 est
3326 950 3544 1015 ﬁdeles,
3597 965 3710 1004 non

2130 1046 2308 1102 solum
2339 1046 2393 1101 in
2421 1046 2526 1103 hoc
2565 1046 2767 1101 saeculo
2789 1046 3003 1115 proﬁcit
3029 1046 3132 1109 eis,
3172 1045 3268 1101 sed
3300 1044 3354 1098 in
3391 1044 3505 1107 illo,
3536 1043 3712 1113 magis

2130 1150 2313 1195 autem
2355 1140 2409 1195 in
2443 1139 2556 1195 illo.
2592 1138 2749 1205 Quod
2779 1147 2959 1193 autem
3010 1138 3195 1193 ﬁdeles
3238 1137 3449 1192 faciunt
3489 1144 3713 1207 propter

2130 1230 2325 1298 Deum,
2370 1231 2476 1288 hoc
2513 1239 2598 1287 est
2636 1240 2972 1301 unguentum
3002 1230 3131 1285 boni
3163 1229 3367 1284 odoris.
3392 1232 3506 1284 Hoc
3532 1228 3710 1298 ipsum

2131 1332 2312 1379 autem
2344 1338 2484 1393 opus
2531 1322 2773 1378 ﬁdelium
2820 1331 3043 1393 propter
3072 1323 3261 1388 Deum,
3307 1321 3453 1393 quod
3484 1330 3570 1376 est
3610 1335 3712 1375 un-

2130 1423 2416 1484 guentum,
2455 1414 2602 1471 aliud
2637 1413 2698 1469 ﬁt
2725 1413 2793 1469 ad
2832 1413 3119 1468 utilitatem
3151 1413 3466 1479 hominum,
3496 1420 3709 1482 utputa,

2128 1506 2508 1577 eleemosyme,
2535 1504 2877 1560 inﬁrmorum
2907 1504 3270 1571 visitationes,
3299 1503 3711 1575 peregrinorum

2129 1598 2545 1667 susceptiones,
2581 1597 2885 1663 humilitas,
2910 1597 3304 1662 mansuetudo,
3335 1597 3668 1667 indulgentia
3695 1634 3711 1661 ,

449 1720 505 1768 et
533 1712 679 1782 quod
707 1686 783 1765 ait
813 1711 882 1778 ⁸⁷,
913 1709 981 1763 ad
1020 1707 1377 1778 sepeliendum
1409 1722 1489 1760 me
1518 1706 1672 1775 fecit,
1705 1719 2033 1774 comparans
2131 1698 2188 1747 ει
2211 1698 2406 1782 Si”???
2442 1688 2756 1782 huiusmodi
2791 1704 2916 1757 (ιιιω
2949 1688 3266 1782 mnium!“
3301 1697 3553 1782 9'08"an
3589 1686 3715 1744 “19¢

450 1806 500 1856 ei
529 1778 673 1873 quod
701 1801 901 1857 dicitur
921 1801 969 1834 ⁵⁸
996 1818 1010 1855 :
1044 1798 1353 1868 Consepulti
1379 1814 1564 1853 sumus
1593 1795 1805 1851 Christo
1822 1812 1915 1864 per
1937 1795 2034 1849 ba-
2065 1854 2104 1873 ἢ
2133 1781 2229 1851 qui
2278 1780 2412 1836 facit
2456 1781 2515 1873 in
2548 1780 2936 1873 Christianos:
2974 1779 3138 1850 pedes
3170 1778 3388 1834 Domini
3423 1780 3576 1850 ungit
3608 1795 3715 1834 un-

450 1895 725 1964 plismum,
750 1901 799 1948 et
823 1892 1252 1948 consurreximus
1277 1891 1347 1957 ei,
1371 1891 1551 1945 adhuc
1570 1898 1752 1943 autem
1776 1888 1879 1943 hoc
1901 1902 2034 1943 con-

2136 1877 2338 1938 guento
2363 1908 2379 1932 ,
2423 1869 2553 1939 quia
2588 1868 2691 1938 ipsi
2740 1876 2872 1923 sunt
2905 1868 3120 1923 Domini
3153 1869 3321 1939 pedes
3350 1884 3474 1924 cum
3514 1869 3713 1937 quibus

452 1985 634 2041 sidera
666 1985 929 2055 quoniam
959 1984 1028 2040 de
1071 1984 1302 2039 muliere
1342 1983 1645 2039 secundum
1686 1981 1892 2037 Lucam
1922 1998 2034 2037 non

2136 1958 2381 2015 ambulat
2413 1974 2628 2028 semper
2654 1976 2668 2012 :
2704 1956 2849 2028 quod
2880 1958 3151 2026 praecipue
3182 1957 3358 2013 solent
3389 1956 3567 2011 facere
3598 1971 3717 2027 pce-

451 2086 537 2133 est
559 2079 764 2134 dictum
793 2096 806 2132 :
834 2078 996 2133 Amen
1017 2078 1137 2132 dico
1159 2077 1339 2131 vobis:
1367 2076 1672 2147 Ubicunque
1686 2076 2037 2146 prtrdicatum

453 2169 614 2239 fuerit
638 2167 984 2240 Evangelium
1008 2169 1104 2222 hoc
1130 2169 1187 2222 in
1217 2177 1327 2222 toto
1351 2168 1567 2230 mundo,
1594 2167 1799 2221 dicetur
1821 2176 1869 2222 et
1897 2167 2036 2238 quod

454 2262 577 2331 fecit
601 2262 713 2316 hac
738 2263 795 2315 in
825 2262 1132 2315 memoriam
1153 2262 1266 2330 ejus
1290 2263 1357 2314 δ’.
1385 2260 1457 2316 De
1483 2261 1710 2315 muliere
1744 2269 1923 2315 autem
1951 2276 2038 2316 se-

453 2353 696 2407 cundum
727 2351 1044 2409 Matthaaum
1092 2363 1145 2408 et
1174 2352 1414 2408 Marcum
1460 2354 1567 2409 hoc
1620 2354 1883 2422 scriptum
1929 2360 2032 2408 est.

452 2441 671 2499 Justum
704 2443 851 2498 enim
898 2451 1018 2497 erat
1043 2458 1152 2499 non
1194 2444 1261 2497 de
1297 2444 1383 2496 illa
1412 2459 1536 2512 quae
1568 2450 1801 2499 unxerat
1827 2443 1993 2513 pedes
2016 2483 2032 2509 ,

453 2537 548 2592 sed
577 2536 646 2592 de
686 2536 789 2591 hac
828 2553 952 2607 qua:
979 2542 1318 2606 unguentum
1367 2535 1635 2590 effuderat
1679 2550 1846 2605 super
1871 2543 2037 2603 caput

453 2627 596 2696 ejus,
615 2626 723 2682 dici
755 2645 769 2683 :
802 2626 1110 2697 Ubicunque
1134 2627 1480 2696 praedicatum
1506 2627 1666 2695 fuerit
1693 2625 2035 2696 Evangelium

454 2719 552 2772 hoc
578 2719 632 2773 in
662 2729 771 2773 toto
814 2718 1030 2782 mundo,
1073 2719 1280 2773 dicetur
1300 2727 1350 2771 et
1387 2719 1526 2787 quod
1558 2718 1682 2788 fecit
1708 2718 1819 2773 hwc
1848 2718 1902 2771 in
1929 2734 2036 2772 me-

455 2810 684 2863 moriam
709 2809 845 2878 ejus.
880 2808 935 2864 Si
959 2823 1093 2879 ergo
1115 2808 1371 2863 volumus
1399 2817 1460 2863 ut
1479 2816 1533 2862 et
1552 2809 1620 2863 de
1645 2808 1803 2863 nobis
1823 2808 2037 2864 dicatur

455 2903 600 2974 quod
641 2902 879 2958 facimus
921 2903 975 2956 in
1020 2899 1184 2966 Jesu,
1217 2900 1558 2957 eﬁ‘undentes
1601 2901 1898 2969 pretiosum
1933 2917 2036 2955 uu-

456 3001 719 3065 gnentum
762 3010 929 3065 super
973 3002 1138 3064 caput
1171 2992 1346 3062 ipsius
1371 3034 1387 3060 ,
1430 2992 1779 3063 proﬁciamus
1821 2993 1891 3047 ab
1928 3008 2037 3047 un-

454 3085 639 3140 ctione
669 3085 867 3154 pedum
909 3084 1030 3155 ejus
1060 3083 1128 3138 ad
1169 3082 1557 3139 effundendum
1592 3083 1893 3153 pretiosum
1929 3098 2033 3138 un-

455 3185 718 3248 guentum
748 3192 912 3247 super
942 3185 1101 3249 caput
1120 3177 1275 3248 ejus.
1310 3174 1452 3243 Quid
1494 3184 1675 3230 autem
1703 3186 1787 3231 est
1814 3176 1994 3231 oleum
2016 3218 2033 3243 ,
2062 3190 2105 3248 α

454 3277 511 3323 et
542 3270 671 3338 quid
704 3270 1089 3340 unguentum?
1119 3267 1465 3339 Unguentum
1495 3277 1676 3323 autem
1704 3268 1848 3339 quod
1874 3269 2039 3339 proﬁ-

455 3361 530 3418 cit
555 3361 621 3417 ad
656 3377 858 3432 corpus
887 3361 1092 3418 Christi
1126 3363 1462 3433 ungendum,
1488 3370 1545 3417 et
1575 3361 1722 3432 quod
1752 3362 1819 3417 ad
1852 3370 2036 3432 caput,

453 3451 672 3508 difﬁcile
692 3461 779 3508 est
798 3453 1096 3524 explicare.
1122 3451 1328 3508 Tamen
1363 3452 1416 3507 id
1438 3452 1584 3523 quod
1614 3454 1774 3510 nobis
1802 3454 2038 3523 videtur,

454 3542 837 3601 demonstrare
866 3545 1199 3602 tentabimus
1219 3585 1235 3608 ,
1262 3545 1569 3601 certissime
1602 3555 1995 3616 cognoscentes
2020 3586 2037 3612 ,

453 3637 584 3706 quia
616 3638 797 3691 oleum
839 3638 1041 3707 ubique
1068 3637 1123 3692 in
1157 3636 1495 3708 Seripturis,
1532 3647 1625 3691 aut
1652 3652 1791 3705 opus
1821 3638 2039 3692 miseri-

454 3728 655 3782 cordia:
686 3728 1006 3797 intelligitur
1027 3766 1043 3791 ,
1073 3743 1185 3798 quo
1215 3729 1437 3784 lucerna
1479 3730 1627 3785 verbi
1656 3729 1892 3784 enutrita
1928 3730 2041 3785 cla-

455 3816 625 3871 rescit
658 3836 671 3870 :
709 3825 804 3869 aut
826 3816 1074 3870 doctrina
1098 3856 1113 3879 ,
1151 3816 1308 3885 cujus
1336 3818 1524 3872 auditu
1557 3819 1780 3873 assiduo
1810 3818 2036 3872 verbum

458 3906 580 3961 ﬁdei
603 3907 748 3977 quod
772 3915 856 3962 est
881 3922 1173 3961 accensum
1199 3907 1253 3961 in
1281 3908 1461 3975 nobis,
1492 3910 1733 3964 nutritur
1751 3918 1805 3963 et
1834 3909 2039 3966 clarius

457 3998 619 4053 lucet.
652 3999 807 4053 Sicut
831 4012 962 4069 ergo
985 3998 1308 4068 generaliter
1333 4013 1497 4054 omne
1516 4015 1626 4068 quo
1645 4000 1768 4069 quis
1795 4001 2035 4067 ungitur,

458 4092 638 4146 oleum
677 4091 1014 4162 appellatur,
1038 4089 1142 4144 olei
1171 4098 1352 4143 autem
1392 4091 1537 4145 aliud
1568 4101 1651 4147 est
1676 4103 2036 4163 unguentum,

459 4182 644 4255 [aliud
681 4199 787 4236 non
816 4181 836 4254 ]
868 4200 880 4235 :
906 4181 1033 4236 item
1066 4183 1326 4253 unguenti
1353 4182 1498 4237 aliud
1518 4192 1608 4238 est
1639 4184 1914 4239 mediocre
1939 4201 2040 4238 un-

457 4285 717 4347 guentum
738 4316 754 4341 ,
782 4276 928 4332 aliud
960 4275 1257 4346 pretiosum
1289 4294 1304 4330 :
1339 4277 1418 4332 sic
1448 4277 1633 4332 omnis
1677 4285 1831 4333 actus
1856 4278 2039 4347 justus

458 4384 598 4438 opus
629 4369 832 4424 dicitur
860 4369 1085 4423 bonum.
1126 4367 1321 4438 Operis
1353 4377 1538 4422 autem
1573 4368 1698 4422 boni
1720 4411 1734 4434 ,
1772 4369 1918 4423 aliud
1956 4379 2040 4425 est

458 4461 603 4528 quod
640 4459 873 4514 facimus
906 4468 1128 4529 propter
1166 4459 1449 4524 homines,
1493 4459 1577 4513 vel
1605 4458 1906 4514 secundum
1940 4460 2041 4515 ho-

2136 2052 2371 2107 nitentes
2423 2066 2524 2122 pro
2575 2050 2899 2106 remissione
2945 2055 3290 2119 peccatorum
3345 2064 3593 2104 suorum.
3648 2046 3717 2103 Et

2132 2142 2268 2198 illud
2296 2149 2382 2196 est
2405 2157 2546 2211 opus
2572 2140 2716 2209 quod
2755 2138 2958 2194 dicitur
2988 2149 3325 2208 unguentum
3372 2137 3709 2195 odoriferum

2138 2235 2390 2304 quidem,
2434 2250 2543 2289 non
2578 2242 2760 2288 autem
2790 2246 3093 2287 summum.
3125 2230 3230 2297 Qui
3258 2242 3442 2287 autem
3477 2229 3716 2286 castitati

2136 2327 2358 2394 studet,
2391 2328 2444 2381 in
2471 2326 2701 2397 jejuniis
2731 2333 2787 2379 et
2816 2323 3161 2399 orationibus
3196 2329 3507 2393 permanet,
3533 2323 3590 2376 in
3620 2322 3718 2376 ad-

2135 2420 2313 2475 versis
2346 2418 2663 2489 patientiam
2691 2416 2853 2473 habet
2895 2417 3038 2470 sicut
3066 2413 3200 2481 Job,
3234 2415 3290 2469 in
3324 2415 3717 2471 mutationibus

2137 2512 2421 2567 veritatem
2454 2508 2546 2563 Dei
2573 2523 2680 2562 non
2721 2506 2876 2561 timet
2906 2506 3196 2573 conﬁteri;
3231 2521 3355 2576 qua:
3380 2506 3566 2560 omnia
3609 2521 3718 2562 ca:-

2140 2602 2272 2657 teris
2317 2600 2636 2655 hominibus
2663 2597 2805 2653 nihil
2828 2607 3061 2667 prosunt
3080 2636 3096 2663 ,
3122 2596 3219 2651 sed
3250 2606 3461 2653 tantum
3490 2598 3557 2651 ad
3599 2598 3718 2667 glo-

2137 2694 2277 2749 riam
2305 2691 2398 2746 Dei
2426 2690 2720 2761 proﬁciunt
2745 2706 2761 2755 ;
2789 2689 2893 2744 hoc
2917 2696 3001 2744 est
3029 2697 3362 2760 unguentum
3392 2687 3537 2758 quod
3564 2688 3718 2759 ungit

2137 2794 2303 2857 caput
2333 2784 2551 2840 Domini
2583 2781 2820 2846 Christi,
2864 2788 2920 2835 et
2945 2779 3141 2835 exinde
3181 2795 3277 2849 per
3310 2787 3485 2835 totum
3515 2794 3717 2850 corpus

2136 2878 2377 2945 Christi,
2413 2877 2464 2933 id
2496 2887 2581 2932 est
2618 2891 2713 2946 per
2747 2883 2921 2930 totam
2984 2874 3228 2930 decurrit
3266 2873 3564 2930 Ecclesiam
3596 2888 3611 2927 :
3661 2878 3719 2925 et

2138 2972 2244 3027 hoc
2266 2979 2352 3026 est
2380 2977 2718 3037 unguentum
2742 2969 2901 3024 valde
2927 2967 3254 3039 pretiosum,
3278 2981 3343 3020 ex
3367 2965 3526 3034 cujus
3544 2963 3718 3018 odore

2138 3073 2252 3120 tota
2282 3064 2523 3134 repletur
2561 3063 2791 3127 domus,
2820 3062 2928 3117 hoc
2966 3069 3053 3117 est
3096 3059 3339 3115 Ecclesia
3370 3054 3603 3112 Christi.
3650 3052 3720 3109 Et

2142 3155 2249 3211 hoc
2293 3170 2434 3225 opus
2462 3165 2543 3210 est
2571 3156 2854 3225 preprium
2886 3169 2996 3209 non
3026 3151 3404 3223 paenitendum
3426 3189 3442 3215 ,
3468 3147 3563 3204 sed
3593 3160 3718 3217 per-

2140 3246 2408 3302 fectorum
2438 3256 2776 3302 sanctorum.
2805 3248 2915 3302 Aut
2941 3253 3087 3301 certe
3107 3244 3356 3301 doctrina
3381 3256 3505 3314 qua
3529 3252 3721 3295 necesJ

2140 3336 2287 3393 saria
2313 3345 2399 3392 est
2431 3336 2748 3393 hominibus
2771 3377 2787 3402 ,
2833 3352 2929 3407 per
2956 3350 3121 3406 quam
3157 3335 3475 3389 nutriuntur
3520 3332 3721 3387 anima:

2139 3444 2407 3501 pauperes
2437 3428 2491 3484 in
2518 3429 2862 3501 spiritalibus
2897 3430 3089 3495 bonis,
3124 3437 3220 3483 aut
3248 3426 3390 3482 forte
3416 3435 3474 3481 et
3513 3424 3719 3480 debiles

2139 3522 2194 3576 in
2219 3521 2476 3591 peccatis,
2503 3520 2609 3576 hoc
2628 3529 2714 3575 est
2737 3528 3076 3590 unguentum
3100 3518 3395 3581 mediocre,
3417 3530 3528 3586 quo
3553 3515 3718 3584 pedes

2141 3611 2356 3666 Domini
2393 3620 2693 3681 unguntur.
2728 3610 2951 3681 Agnitio
2972 3617 3156 3665 autem
3194 3608 3317 3663 ﬁdei
3343 3623 3485 3662 vera:
3503 3620 3629 3676 qua
3648 3605 3717 3661 ad

2137 3704 2316 3758 solum
2341 3704 2575 3773 pertinet
2596 3703 2791 3765 Deum,
2822 3712 3160 3772 unguentum
3184 3710 3267 3757 est
3288 3699 3585 3771 pretiosum
3607 3715 3718 3770 quo

2139 3796 2361 3865 ungitur
2392 3802 2555 3863 caput
2583 3791 2788 3849 Christi
2819 3791 2983 3848 Deus.

2207 3913 2297 3968 '78.
2327 3911 2472 3967 Tunc
2497 3912 2628 3966 abiit
2655 3927 2789 3966 unus
2812 3911 2875 3966 de
2890 3909 3186 3977 duodecim,
3208 3911 3298 3982 qui
3321 3910 3521 3965 dicitur
3541 3907 3719 3963 ludas

2138 4008 2374 4070 Scariot,
2406 4005 2475 4060 ad
2499 4006 2761 4076 principes
2787 4005 3145 4071 sacerdotum,
3178 4013 3228 4060 et
3260 4005 3399 4058 dixit
3420 4004 3495 4058 eis
3521 4019 3541 4057 :
3573 4000 3721 4069 Quid

2136 4101 2297 4155 vultis
2326 4100 2456 4154 mihi
2495 4099 2658 4164 dare,
2689 4109 2739 4154 et
2784 4115 2876 4169 ego
2906 4098 3049 4153 vobis
3079 4115 3199 4154 eum
3231 4097 3441 4151 tradam
3469 4099 3496 4152 ?
3531 4099 3599 4149 At
3632 4095 3719 4148 illi

2137 4193 2529 4247 constituerunt
2553 4192 2600 4246 ei
2625 4191 2848 4260 triginta
2875 4200 3096 4246 stateres
3124 4206 3143 4245 :
3169 4200 3217 4246 et
3238 4190 3425 4245 exinde
3449 4189 3717 4260 qucerebat

2137 4284 2584 4354 opportunitatem
2624 4292 2681 4336 ut
2712 4298 2831 4335 eum
2879 4283 3106 4337 traderet
3137 4281 3211 4336 eis
3241 4281 3305 4337 “.
3337 4278 3506 4335 ludas
3546 4281 3719 4334 inter-

2142 4382 2391 4445 pretatur
2414 4371 2701 4442 confessor.
2733 4373 2868 4427 Cum
2902 4372 3013 4427 sint
3042 4386 3172 4442 ergo
3199 4371 3307 4425 duo
3332 4369 3583 4439 discipuli
3614 4369 3718 4424 hoc

2140 4465 2364 4519 nomine
2387 4463 2678 4526 nominati,
2694 4464 2996 4519 secundum
3022 4463 3167 4533 quod
3191 4461 3367 4517 Lucas
3385 4462 3719 4531 evangelista

459 4551 670 4615 mines,
703 4551 852 4606 aliud
877 4560 1058 4605 autem
1095 4550 1239 4621 quod
1270 4559 1493 4621 propter
1536 4549 1706 4605 Deum
1734 4559 1789 4606 et
1833 4566 2034 4606 secun-
2069 4536 2112 4591 θ
2139 4556 2450 4610 dinumerat
2482 4555 2627 4609 inter
2657 4555 2943 4610 duodecim
2976 4553 3147 4609 fuisse
3181 4553 3489 4623 apostolos,
3519 4550 3722 4607 Judam

457 4643 585 4697 dum
615 4643 802 4697 Deum.
844 4642 977 4696 Item
1010 4641 1112 4696 hoc
1155 4641 1333 4711 ipsum
1380 4640 1525 4712 quod
1555 4640 1786 4697 facimus
1814 4649 2034 4711 propter

462 4734 653 4799 Deum,
685 4732 831 4788 aliud
862 4739 947 4787 est
975 4732 1120 4803 quod
1167 4732 1385 4802 proﬁcit
1409 4733 1478 4787 ad
1511 4748 1670 4788 usum
1707 4733 1992 4787 hominum
2015 4772 2030 4798 ,

457 4830 603 4885 aliud
629 4829 772 4899 quod
811 4844 917 4882 non
947 4827 1159 4896 proﬁcit
1184 4827 1252 4881 ad
1275 4842 1434 4882 usum
1460 4826 1767 4893 hominum,
1793 4826 1888 4881 sed
1915 4835 2034 4881 tan-

460 4929 573 4974 tum
604 4919 670 4971 ad
700 4917 927 4988 gloriam
959 4915 1015 4968 Οι
1034 4917 1071 4970 i.
1108 4912 1328 4985 Utputa,
1354 4916 1492 4971 bene
1516 4916 1640 4987 quis
1670 4916 1798 4972 facit
1826 4917 2032 4971 hom-ini

459 5010 693 5065 naturali
740 5008 954 5078 justitia
994 5014 1210 5068 motus,
1243 5023 1350 5061 non
1392 5019 1612 5078 propter
1648 5008 1822 5081 Deum
1846 5050 1862 5072 ,
1895 5023 2035 5078 quo-

460 5101 625 5155 modo
646 5100 919 5157 faciebant
944 5099 1218 5153 interdum
1246 5104 1298 5152 et
1321 5108 1528 5169 gentes,
1554 5111 1608 5155 et
1641 5101 1794 5154 multi
1822 5100 2036 5156 faciunt

462 5195 752 5251 homines:
789 5211 928 5265 opus
956 5193 1085 5249 illud
1116 5194 1294 5248 oleum
1316 5202 1408 5248 est
1441 5194 1682 5264 vulgare,
1714 5211 1822 5249 non
1849 5195 2032 5265 magni

459 5285 676 5351 odoris,
707 5296 765 5342 et
806 5288 984 5357 ipsum
1022 5299 1205 5344 tamen
1249 5287 1581 5356 acceptabile
1625 5287 1768 5355 apud
1814 5284 1983 5339 Deum
2016 5303 2031 5339 :

458 5378 602 5432 sicut
654 5377 842 5434 Daniel
890 5380 1160 5451 signiﬁcat
1207 5379 1394 5435 dieens
1444 5379 1511 5433 ad
1563 5377 1848 5432 Baltliasar
1895 5377 2032 5447 (86)

459 5469 628 5524 Deum
679 5486 786 5525 non
822 5483 1241 5542 cognoscentem
1273 5490 1285 5525 :
1321 5470 1464 5524 Audi
1505 5468 1785 5523 consilium
1818 5485 1988 5521 meum
2016 5507 2031 5532 ,

458 5577 573 5624 rex,
602 5569 819 5631 peccata
849 5573 943 5616 tua
973 5562 1314 5633 elecmosynis
1345 5562 1541 5616 redime
1571 5560 1636 5614 “.
1668 5558 1796 5614 Tale
1826 5559 2031 5630 aliquid

528 5674 575 5705 “
605 5673 795 5730 Matth.
832 5690 959 5728 xxvr
983 5673 1089 5736 ΛΟ.
1167 5676 1211 5707 ⁵⁷
1246 5674 1376 5728 ibid.
1414 5672 1497 5727 {2.

458 5745 500 5775 “
539 5743 728 5799 Matth.
759 5759 884 5799 xxvt
908 5784 922 5805 ,
952 5745 1016 5797 Η
1050 5752 1105 5798 et
1136 5759 1291 5813 seqq.

529 5840 642 5908 (86)
672 5836 985 5908 chcndum
1020 5835 1530 5893 Nabuchodonosor.

1592 5668 1825 5727 "Rom.
1861 5686 1937 5739 vi,
1967 5671 1999 5724 4
2029 5688 2043 5739 ;
2078 5671 2291 5730 Coloss.
2336 5691 2372 5730 ιι
2395 5718 2410 5745 ,
2450 5675 2533 5733 12.
2570 5677 2614 5710 ⁸⁵
2643 5674 2831 5730 Matth.
2879 5688 3003 5731 tum
3026 5713 3041 5739 ,
3080 5671 3163 5727 l5.

2138 4645 2352 4713 Jacobi,
2380 4656 2433 4701 et
2459 4645 2656 4701 Judaei
2686 4647 2988 4702 Scariotam
3024 4664 3037 4700 :
3068 4660 3190 4700 cum
3217 4645 3352 4700 nihil
3381 4659 3510 4718 ergo
3538 4659 3567 4698 a
3600 4660 3718 4715 my-

2137 4740 2307 4795 sterio
2354 4755 2590 4794 vacuum
2639 4741 2711 4796 sit
2742 4740 2884 4810 apud
2923 4738 3201 4794 Christum
3228 4776 3241 4801 ,
3277 4736 3534 4791 existimo
3579 4735 3718 4790 duos

2138 4830 2438 4900 discipulos
2471 4828 2641 4887 Judas
2679 4830 2735 4885 in
2772 4830 3035 4901 mysterio
3078 4828 3249 4883 fuisse
3277 4825 3716 4881 Christianorum

2139 4923 2517 4980 conﬁtentium
2571 4923 2732 4979 ﬁdem
2781 4921 3029 4979 Christi:
3081 4933 3316 4990 quorum
3351 4933 3458 4972 una
3492 4916 3719 4987 quidem

2140 5030 2267 5087 pars
2288 5016 2519 5072 ﬁdeliter
2541 5021 2822 5086 permanet
2843 5012 2983 5083 apud
3008 5011 3313 5073 Christum,
3340 5008 3499 5078 cujus
3523 5016 3718 5077 myste-

2141 5108 2285 5161 rium
2311 5108 2414 5163 fuit
2430 5106 2601 5163 Judas
2621 5104 2806 5160 Jacobi
2829 5121 2843 5169 ;
2865 5103 3033 5158 altera
3056 5111 3234 5155 autem
3261 5115 3408 5170 pars,
3430 5111 3716 5169 postquam

2141 5197 2391 5263 credidit,
2418 5206 2472 5253 et
2491 5196 2742 5253 confessa
2768 5203 2852 5251 est
2873 5194 3030 5249 ﬁdem
3054 5192 3277 5256 Christi,
3297 5199 3516 5262 propter
3541 5190 3718 5245 avari-

2140 5290 2270 5345 tiam
2304 5291 2526 5362 reliquit
2553 5287 2855 5355 Christum,
2891 5295 2947 5342 et
2980 5283 3120 5341 facta
3166 5285 3435 5357 proditrix
3474 5283 3718 5339 veritatis

2141 5381 2335 5451 ipsius,
2358 5381 2573 5436 transiit
2595 5381 2662 5435 ad
2690 5382 2925 5435 luereses
2945 5384 2999 5433 et
3020 5378 3085 5430 ad
3112 5375 3275 5431 falsos
3295 5375 3605 5431 sacerdotes
3622 5373 3718 5428 Ju—

2138 5468 2379 5523 daaorum
2397 5468 2741 5537 falsorum,id
2760 5477 2844 5524 est
2858 5467 3238 5524 simulatorum
3251 5465 3717 5531 Christianorum,

2138 5558 2304 5630 895
2344 5569 2398 5616 et
2425 5561 2644 5617 tradidit
2673 5561 2753 5617 eis
2781 5560 3057 5616 Christum
3081 5600 3096 5627 ,
3141 5565 3407 5630 quantum
3442 5557 3509 5612 ad
3538 5570 3636 5621 se,
3664 5556 3717 5611 id

3267 5670 3313 5702 “
3346 5669 3482 5724 Dan.
3515 5683 3587 5732 tv,
3622 5667 3694 5724 ⁸24
