4112 6478
399 403 533 462 1727

1595 410 1916 471 οιιιεεΝιε
1946 412 2015 468 ιΝ
2053 412 2473 476 MATTHIEUM

3516 420 3537 474 l
3552 418 3651 473 7‘28

392 534 476 580 est
521 524 745 580 verbum
792 526 1053 591 veritatis,
1100 536 1158 582 ut
1205 526 1553 600 crucillgatur
1592 540 1648 586 et
1689 532 1971 587 occidatur
1998 540 2046 594 Α
2076 535 2308 590 traderet
2333 553 2448 590 eum
2464 537 2530 590 “.
2557 536 2781 604 Qualem
2816 544 2994 591 autem
3020 537 3481 607 opportunitatem
3505 556 3654 610 qua:-

395 617 622 671 verbum
653 619 899 673 veritatis
926 619 996 672 ab
1023 619 1138 686 eis;
1187 620 1346 687 cujus
1374 623 1694 691 mysterium
1738 621 1842 679 fuit
1867 622 1967 679 Ju-

395 710 497 763 das
539 707 816 777 Scariota,
866 711 959 780 qui
986 710 1117 765 abiit
1140 711 1206 765 ad
1239 713 1553 768 sacerdotes
1574 754 1589 780 ,
1617 725 1673 768 et
1699 716 1766 770 de
1798 717 1969 772 tradi—

396 800 545 854 tione
572 800 773 856 Christi
818 810 1009 870 pactus
1032 811 1117 856 est
1143 804 1397 872 pretium.
1456 804 1649 861 Audivi
1677 810 1969 877 quemdam

392 903 754 963 exponentem
781 895 1008 963 patriam
1040 894 1339 963 proditoris
1366 895 1520 953 Juda:
1553 904 1853 957 secundum
1883 903 1970 957 in-

396 996 465 1039 te:
480 988 834 1053 pretationem
908 988 1232 1045 llcbraicam
1306 995 1691 1064 exsuﬂ'ocatum
1767 996 1966 1052 vocari.

395 1081 547 1147 Quod
583 1081 627 1135 si
662 1083 735 1136 ita
764 1093 868 1147 est,
916 1101 1111 1156 magna
1143 1089 1519 1145 convenientia
1568 1091 1841 1146 invenitur
1875 1107 1972 1146 no-

393 1172 558 1227 minis
587 1174 773 1243 patriae
800 1174 919 1244 ejus
945 1191 1069 1231 cum
1098 1180 1244 1233 exitu
1277 1181 1471 1236 mortis
1494 1181 1688 1250 ipsius,
1708 1183 1968 1252 quoniam

391 1272 448 1318 et
482 1263 596 1332 ipse
626 1263 821 1335 laqueo
865 1282 925 1323 se
968 1270 1312 1340 suspendens
1353 1274 1691 1343 prophetiam
1735 1275 1972 1330 nominis

392 1355 584 1423 patriae
620 1372 733 1411 sua)
762 1357 1062 1415 suffocatus
1095 1361 1353 1431 implevit.
1411 1362 1512 1419 Hic
1547 1379 1675 1434 ergo
1703 1363 1871 1419 Judas
1900 1363 1969 1418 ad

391 1462 554 1515 quem
607 1449 813 1504 dictum
859 1459 946 1506 est
995 1467 1093 1521 per
1134 1452 1460 1524 Prophetam
1501 1457 1546 1487 ⁶²
1594 1474 1608 1510 :
1673 1455 1751 1509 Tu
1793 1464 1968 1509 autem

391 1539 547 1592 homo
574 1541 841 1595 unanimis
873 1542 1002 1597 mihi
1030 1543 1141 1596 dua:
1173 1561 1314 1598 meus
1342 1557 1393 1600 et
1421 1557 1577 1600 notus
1608 1563 1776 1611 meus,
1826 1547 1970 1602 ceci-

393 1631 475 1685 dit
522 1646 646 1685 cum
682 1631 873 1688 fuisset
915 1650 1058 1689 unus
1083 1650 1274 1690 eorum
1316 1652 1456 1707 quos
1490 1638 1744 1693 Christus
1773 1639 1840 1693 ad
1868 1638 1971 1692 du-

391 1734 576 1776 catum
603 1723 842 1792 suscepit
872 1725 1051 1794 populi
1080 1725 1397 1783 CbriSIiani.
1451 1727 1519 1784 Et
1548 1729 1668 1785 vide
1694 1730 1970 1800 quomodo

393 1812 538 1881 quod
593 1812 858 1882 scriptum
906 1824 991 1869 est
1032 1815 1078 1847 “
1128 1833 1144 1871 :
1203 1815 1302 1871 Vos
1346 1826 1524 1872 autem
1563 1820 1702 1873 sicut
1734 1820 1969 1873 homines

395 1904 728 1968 moriemini,
769 1913 818 1958 et
845 1905 981 1958 sicut
1005 1923 1141 1960 unus
1179 1908 1245 1962 de
1266 1909 1592 1980 principibus
1621 1911 1819 1965 cadetis
1838 1953 1854 1978 ,
1886 1927 1972 1968 re-
2004 1889 2045 1948 Β

393 1992 570 2048 fertur
612 1994 778 2049 modo
809 1996 878 2051 ad
926 1996 1077 2051 illum
1135 2000 1431 2070 principem
1479 2003 1572 2072 qui
1621 2002 1818 2058 cecidit
1855 2011 1970 2059 tan-

390 2100 556 2154 quam
583 2084 766 2157 fulgur
791 2087 858 2142 de
883 2089 1056 2156 cmlo;
1090 2091 1252 2146 modo
1280 2091 1349 2146 ad
1376 2090 1594 2161 Judam,
1643 2095 1736 2164 qui
1767 2096 1973 2153 electus

391 2174 457 2229 ad
488 2174 852 2245 principatum
898 2182 1237 2249 apostolatus
1257 2222 1272 2246 ,
1315 2191 1371 2238 et
1397 2185 1556 2254 quasi
1584 2184 1637 2239 in
1671 2187 1810 2241 coelo
1841 2203 1974 2242 con-

397 2265 644 2333 stitutus,
681 2275 736 2321 et
764 2268 881 2337 ipse
903 2271 1059 2339 quasi
1109 2270 1292 2343 fulgur
1322 2283 1447 2328 ante
1475 2276 1806 2333 constitutus
1832 2280 1974 2335 ceci-

395 2356 474 2410 dit
522 2356 576 2410 in
630 2359 956 2426 proditionis
998 2363 1211 2418 ruinam
1260 2366 1462 2422 vadens
1498 2367 1760 2426 adversus
1802 2387 1968 2426 unum

392 2448 689 2518 principem
713 2451 1077 2522 sacerdotum,
1099 2455 1191 2525 qui
1216 2456 1271 2510 in
1299 2466 1561 2513 aeternum
1593 2459 1767 2516 factus
1798 2461 1974 2518 fuerat

392 2540 649 2595 sacerdos
702 2543 1001 2598 secundum
1074 2547 1324 2603 ordinem
1399 2548 1826 2617 Melchisedech,
1902 2555 1968 2608 ad

393 2629 597 2684 multos
648 2631 920 2702 principes
964 2637 1310 2692 sacerdotum
1342 2647 1394 2692 et
1421 2640 1764 2698 adversarios
1808 2643 1972 2699 unius

394 2724 695 2781 sacerdotis
726 2728 947 2795 summi,
999 2738 1061 2785 ut
1104 2731 1360 2788 venderet
1388 2735 1563 2804 pretio
1589 2736 1856 2791 volentem
1886 2754 1973 2793 rc-

391 2815 600 2871 dimere
647 2825 820 2872 totum
851 2822 1117 2878 mundum
1152 2838 1185 2877 a
1227 2824 1608 2881 maledictione
1651 2826 1786 2896 legis
1807 2837 1860 2882 et
1892 2837 1973 2882 to-

393 2907 503 2961 tius
543 2908 782 2977 peccati,
821 2918 876 2964 et
908 2912 1174 2967 redimere
1218 2930 1317 2971 nos
1365 2931 1472 2970 non
1524 2917 1973 2987 corruptibilihus

396 2998 676 3066 pecuniis,
729 3001 822 3055 sed
860 3003 1125 3071 sanguine
1162 3019 1264 3059 suo
1291 3006 1547 3075 pretioso.
1607 3006 1748 3074 Quid
1792 3018 1972 3062 autem

393 3091 531 3144 dixit
577 3089 748 3146 ludas
790 3093 855 3147 ad
899 3096 1213 3161 sacerdotes
1260 3099 1591 3154 audiamus:
1628 3099 1770 3164 Quid
1814 3100 1974 3154 vultis

2076 627 2231 683 rebat
2260 627 2454 697 ludas,
2496 629 2673 684 Lucas
2703 630 3047 686 manifestius
3077 631 3388 700 explanavit
3415 632 3604 686 dicens
3635 652 3649 687 :

2079 718 2149 773 Et
2181 723 2446 791 quaerebat
2474 725 2937 793 opportunitatem,
2954 732 3012 775 ut
3045 721 3269 777 traderet
3297 739 3415 777 eum
3437 725 3513 778 eis
3539 724 3652 778 sine

2079 813 2234 869 turba
2252 816 2329 883 '7;
2361 816 2413 870 id
2438 827 2521 871 est
2549 816 2770 886 quando
2788 819 3020 888 populus
3044 832 3150 871 non
3184 826 3302 871 erat
3327 816 3471 871 circa
3500 833 3649 881 eum,

2076 907 2171 963 sed
2201 916 2446 964 secretus
2473 916 2737 963 eratcum
2769 910 3052 979 discipulis
3081 909 3216 964 suis.
3257 905 3411 972 Quod
3439 916 3495 962 et
3527 907 3654 963 fecit

2076 1011 2203 1052 eum
2246 999 2466 1056 tradens
2510 1009 2634 1069 post
2675 1015 2888 1056 caenam
2936 1015 3060 1055 cum
3112 1010 3356 1055 secretus
3401 1006 3547 1053 esset
3596 999 3649 1052 in

2076 1090 2282 1159 praedio
2310 1089 2647 1146 Gessemani.
2688 1091 3071 1147 Arbitrabatur
3098 1092 3242 1146 enim
3262 1091 3434 1147 ludas
3461 1107 3654 1160 oppor-

2078 1181 2359 1235 tunitatem
2388 1181 2489 1236 sibi
2516 1197 2637 1237 esse
2664 1191 2785 1251 post
2813 1193 3028 1251 pactum
3065 1183 3211 1253 quod
3241 1183 3402 1245 fecit,
3428 1181 3651 1252 quando

2076 1287 2201 1325 cum
2226 1272 2574 1328 multitudine
2603 1290 2709 1327 non
2735 1282 2851 1327 erat
2879 1271 3058 1328 Jesus.
3091 1272 3151 1327 Et
3179 1273 3321 1340 vide,
3340 1273 3444 1327 nisi
3476 1287 3653 1341 usque

2078 1378 2225 1418 nunc
2267 1364 2645 1432 opportunitas
2691 1363 2794 1419 ista
2832 1364 3048 1418 videtur
3098 1364 3470 1433 proditoribus
3497 1364 3649 1417 verbi

2076 1454 2343 1520 veritatis,
2377 1453 2471 1523 qui
2518 1454 2705 1508 volunt
2746 1455 2975 1524 prodere
3004 1455 3281 1511 Christum
3311 1454 3481 1509 Deum
3518 1452 3652 1507 Ver-

2076 1547 2205 1601 bum
2271 1545 2325 1599 in
2390 1554 2633 1614 tempore
2710 1547 3103 1615 persecutionis
3185 1547 3648 1608 Christianorum,

2076 1638 2295 1710 quando
2325 1640 2617 1695 multitu:lo
2642 1642 2976 1696 credentium
3008 1657 3115 1696 non
3140 1650 3223 1697 est
3246 1642 3390 1697 circa
3424 1643 3648 1696 verbum

2076 1731 2325 1786 veritatis
2349 1772 2364 1799 ,
2399 1747 2500 1787 nec
2528 1741 2705 1801 potest
2734 1733 2999 1804 impedire
3026 1741 3117 1786 aut
3146 1732 3435 1803 prohibere
3465 1746 3650 1802 perse-

2076 1832 2327 1887 cutores,
2376 1821 2610 1875 maxime
2658 1822 2749 1876 ubi
2797 1822 2953 1891 pauci
3012 1821 3195 1876 tldeles
3243 1821 3531 1875 habentur.
3587 1820 3651 1875 Et

2072 1929 2198 1969 cum
2261 1914 2335 1969 sit
2390 1913 2635 1968 omnium
2681 1928 2861 1968 rerum
2922 1923 3174 1983 tempus,
3225 1912 3518 1967 Salomone
3568 1913 3652 1966 di-

2072 2015 2229 2062 cente
2252 2006 2298 2039 ⁸⁸
2332 2025 2345 2060 :
2383 2005 2606 2075 Tempus
2658 2007 2926 2075 patiendi,
2955 2014 3004 2059 et
3031 2017 3232 2076 tempus
3268 2005 3525 2059 moriendi
3551 2046 3566 2071 ,
3597 2017 3649 2060 et

2073 2107 2287 2161 caetera,
2334 2106 2549 2166 tempus
2582 2096 2919 2166 proditorum
2953 2098 3194 2152 veritatis
3226 2097 3506 2166 proprium
3547 2097 3651 2152 hoc

2072 2198 2190 2252 est,
2246 2188 2621 2259 quandO'non
2682 2197 2812 2242 sunt
2857 2189 3001 2244 circa
3047 2189 3325 2243 Christum
3377 2188 3533 2242 multi
3588 2189 3649 2241 ti-

2071 2280 2241 2334 deles.

2144 2369 2231 2424 79.
2276 2368 2465 2423 Prima
2487 2376 2662 2422 autem
2691 2366 3013 2438 Azymorum
3045 2374 3374 2422 accessurum
3399 2363 3648 2432 discipuli

2074 2461 2143 2515 ad
2172 2460 2354 2514 Iesum
2390 2459 2621 2513 dicentes
2659 2460 2707 2513 ei
2750 2475 2770 2513 :
2807 2457 2907 2512 Ubi
2942 2458 3016 2512 uis
3048 2473 3291 2525 paremus
3337 2455 3433 2509 tibi
3452 2456 3646 2525 pascha

2075 2553 2436 2607 manducare?
2483 2551 2642 2606 Jesus
2668 2561 2843 2606 autem
2874 2551 3013 2604 dixit
3040 2569 3058 2605 .'
3093 2549 3174 2604 Ite
3204 2550 3258 2602 in
3286 2550 3546 2602 civitatem
3578 2548 3645 2600 ad

2071 2646 2381 2716 quemdam,
2412 2654 2463 2696 et
2494 2643 2654 2697 dicite
2680 2643 2729 2695 ei
2747 2683 2763 2706 ,
2791 2650 2845 2695 et
2868 2649 3062 2696 caetera
3093 2642 3159 2696 °’.
3216 2641 3371 2710 Apud
3406 2639 3648 2693 Marcum

2074 2747 2256 2792 autem
2291 2738 2372 2792 sic
2401 2736 2602 2791 dicitur
2641 2753 2656 2789 :
2695 2732 2762 2787 Et
2788 2735 2959 2803 prima
2986 2734 3070 2787 die
3092 2736 3415 2803 Azymorum
3438 2733 3647 2801 quando

2071 2829 2269 2901 pascha
2315 2827 2714 2894 immolabatur,
2763 2827 2950 2880 dicunt
2993 2826 3043 2879 ei
3068 2824 3318 2894 discipuli
3344 2825 3457 2892 ejus
3485 2840 3501 2877 :
3531 2823 3649 2888 Quo

2072 2923 2148 2976 vis
2179 2937 2361 2975 camus
2412 2928 2461 2973 et
2499 2934 2856 2989 prtrparemus
2905 2917 3002 2971 tibi
3050 2927 3108 2970 ut
3152 2916 3526 2969 manducemus
3556 2931 3645 2982 pa-

2070 3012 2235 3067 scha?
2261 3010 2330 3065 Et
2365 3010 2508 3064 misit
2536 3009 2671 3064 duos
2698 3025 2763 3064 ex
2792 3008 3068 3079 discipulis
3098 3008 3207 3061 suis
3232 3006 3409 3059 dicens
3435 3021 3454 3058 :
3490 3003 3572 3057 Ite
3595 3005 3647 3056 in

2071 3100 2374 3163 civitatem,
2427 3110 2478 3152 et
2523 3098 2934 3168 ingredientibus
2985 3096 3164 3161 vobis,
3215 3104 3449 3149 occurret
3510 3094 3649 3147 vobis

394 3180 524 3235 mihi
576 3181 743 3246 dare,
789 3194 841 3237 et
883 3201 977 3254 ego
1022 3186 1167 3242 uobis
1196 3205 1315 3243 eum
1364 3191 1578 3244 tradant
1610 3191 1694 3244 ιιι
1747 3189 1973 3246 Volebat
1997 3228 2040 3286 ο
2073 3191 2226 3244 homo
2272 3189 2581 3259 amphoram
2632 3205 2782 3259 aqua:
2824 3200 3078 3258 portans;
3129 3197 3178 3241 et
3229 3188 3518 3256 ubicunque
3570 3187 3631 3237 in-

394 3273 541 3328 euim
592 3275 838 3345 accipere
886 3278 1194 3345 pecuniam,
1230 3293 1287 3335 et
1314 3282 1526 3335 tradere
1568 3282 1805 3337 Verbum
1852 3281 1967 3336 Dei.

400 3368 554 3435 Quod
584 3370 795 3426 faciunt
815 3387 1007 3427 omnes
1040 3373 1134 3441 qui
1162 3372 1438 3442 accipiunt
1483 3372 1684 3441 aliquid
1715 3389 1973 3443 corpora-

394 3461 529 3518 lium
565 3472 663 3518 aut
691 3464 1049 3519 mundialium
1080 3480 1285 3529 rerum,
1337 3472 1395 3518 ut
1431 3465 1647 3519 tradant
1678 3475 1725 3520 et
1752 3465 1975 3535 ejiciant

393 3554 466 3609 ab
492 3556 674 3610 anima
705 3571 804 3613 sua
841 3558 1179 3613 Salvatorem
1207 3565 1262 3612 et
1292 3557 1515 3611 verbum
1548 3559 1789 3613 veritatis
1826 3561 1969 3628 quod

393 3656 514 3703 erat
561 3648 616 3702 in
665 3649 765 3705 eis.
825 3648 893 3704 Et
930 3659 1235 3720 opportune
1265 3650 1370 3705 hoc
1418 3650 1589 3706 uteris
1631 3651 1879 3721 exemplo
1904 3653 1970 3706 ad

396 3752 587 3794 onmes
611 3738 705 3808 qui
749 3739 1117 3810 quodcunque
1146 3748 1428 3811 peccatum
1471 3740 1731 3796 facientes
1755 3748 1973 3811 propter

394 3832 704 3899 avaritiam,
736 3841 791 3888 et
832 3848 1054 3888 causam
1085 3834 1464 3903 pecuniarum,
1512 3840 1610 3888 aut
1631 3833 1860 3904 alicujus
1889 3835 1964 3887 lu-

392 3923 511 3991 cri,
557 3925 781 3980 verbum
815 3925 907 3980 Dei
943 3925 1163 3980 tradunt
1188 3935 1242 3981 et
1267 3934 1644 3981 contemnunt.
1699 3924 1834 3979 Nam
1871 3926 1973 3980 bu—

390 4012 634 4081 jusmodi
665 4013 912 4069 homines
940 4014 1099 4084 quasi
1130 4013 1417 4070 manifeste
1436 4014 1675 4070 clamare
1699 4015 1968 4080 videntur,

395 4113 448 4157 et
477 4101 659 4158 dicere
680 4103 974 4158 virtutibus
1000 4103 1329 4160 adversariis
1354 4104 1738 4174 praestantibus
1760 4102 1968 4160 lucrum

395 4193 616 4263 aliquod
663 4208 762 4263 pro
805 4202 1026 4264 peccato
1058 4193 1385 4265 transgressi
1410 4193 1556 4250 verbi
1587 4212 1601 4249 :
1639 4193 1781 4260 Quid
1812 4194 1971 4249 vultis

395 4286 526 4340 mihi
552 4285 700 4358 dare,
721 4295 770 4340 et
811 4302 903 4358 ego
931 4302 1049 4341 eum
1076 4285 1222 4341 vobis
1258 4287 1470 4341 tradam
1488 4287 1514 4340 ?
1548 4285 1702 4353 Quod
1731 4287 1834 4343 etsi
1861 4290 1973 4341 tia-

395 4384 542 4436 dltus
586 4379 783 4445 fuerit,
817 4380 876 4434 ﬁt
902 4379 1121 4451 quidem
1169 4388 1322 4435 extra
1361 4379 1661 4435 tradentem
1695 4397 1709 4434 :
1746 4381 1972 4435 vincens

395 4478 576 4524 autem
620 4485 718 4525 eos
760 4470 853 4541 qui
884 4485 1008 4525 eum
1049 4472 1358 4538 suscepisse
1388 4469 1669 4535 videntur,
1716 4479 1974 4540 operatur

2073 3298 2282 3351 gressus
2312 3281 2510 3350 fuerit,
2542 3281 2705 3335 dicite
2731 3280 3114 3350 patrifamilias
3140 3295 3159 3332 :
3197 3278 3449 3348 Magister
3473 3277 3601 3329 dici:
3631 3292 3649 3328 :

2078 3374 2179 3429 Ubi
2207 3383 2284 3428 est
2316 3373 2664 3427 diversorium
2711 3388 2880 3425 meum
2900 3413 2916 3437 ,
2944 3371 3034 3425 ubi
3069 3387 3187 3423 cum
3211 3368 3490 3438 discipulis
3521 3369 3648 3420 meis

2074 3464 2381 3517 manducent
2406 3463 2645 3534 pascha?
2697 3462 2766 3515 Et
2797 3463 2906 3531 ipse
2934 3460 3077 3514 vobis
3122 3459 3354 3512 ostendet
3391 3457 3564 3510 locum
3593 3457 3645 3507 in

2072 3555 2431 3623 superioribus
2473 3562 2700 3609 stratum
2750 3568 3021 3622 maguum,
3055 3558 3302 3620 paratum
3344 3563 3363 3601 :
3410 3547 3522 3600 illic
3551 3562 3645 3614 pa-

2038 3672 2045 3677 -
2073 3657 2185 3701 rate
2211 3647 2360 3700 nobis
2386 3647 2454 3701 ⁷ο.
2501 3644 2593 3701 Sic
2625 3660 2754 3714 ergo
2780 3650 3004 3714 apparet
3032 3641 3178 3712 quod
3208 3655 3316 3694 una
3345 3637 3649 3706 eademque

2071 3739 2189 3794 dies
2221 3746 2339 3793 erat
2363 3736 2608 3802 Pascbaa,
2654 3734 2877 3807 quando
2921 3732 3206 3804 oportebat
3238 3730 3525 3785 immolare
3554 3742 3650 3797 pa-

2072 3831 2201 3887 scha
2243 3830 2578 3901 Azymorum
2599 3871 2615 3896 ,
2649 3839 2704 3884 et
2729 3826 2950 3898 quando
2990 3824 3277 3896 oportebat
3320 3822 3511 3877 tollere
3542 3820 3653 3876 fer-

2073 3932 2314 3978 mentum
2339 3932 2495 3979 vetus
2514 3962 2530 3988 ,
2561 3930 2616 3977 et
2639 3934 2830 3993 azyma
2869 3917 3202 3974 manducare
3239 3932 3362 3972 cum
3393 3913 3650 3970 carnibus

2070 4016 2216 4088 agni.
2253 4015 2320 4071 Et
2342 4017 2459 4072 dies
2486 4015 2710 4086 quidem
2736 4012 2964 4068 Pascha:
2998 4027 3109 4067 una
3131 4019 3249 4065 erat
3269 4050 3284 4075 ,
3317 4008 3647 4078 Azymorum

2070 4119 2250 4164 autem
2295 4118 2502 4177 septem
2525 4147 2541 4172 ,
2588 4112 2982 4162 connumerata
3022 4103 3270 4159 videlicet
3308 4100 3397 4155 die
3424 4098 3651 4153 Pascha:

2070 4215 2194 4257 cum
2239 4200 2450 4255 caeteris
2491 4214 2607 4254 sex.
2668 4196 2981 4254 Secundum
3027 4196 3144 4251 hac
3193 4193 3419 4248 forsitan
3453 4190 3649 4259 aliquis

2071 4290 2445 4360 imperitorum
2474 4288 2747 4358 requiret,
2777 4287 2977 4342 cadens
3004 4286 3058 4338 in
3083 4283 3460 4339 Ebionismum
3491 4296 3555 4336 ex
3585 4294 3650 4334 eo

2070 4382 2215 4453 quod
2242 4381 2400 4437 Jesus
2428 4380 2722 4437 celebravit
2765 4394 2917 4433 more
2955 4376 3185 4433 Iudaico
3214 4376 3423 4431 Pascha
3452 4389 3651 4442 corpo-

2071 4472 2277 4535 raliter,
2295 4472 2437 4526 sicut
2463 4478 2516 4525 et
2542 4467 2772 4539 primam
2798 4466 2938 4521 diem
2966 4467 3319 4536 Azymorum,
3340 4473 3394 4519 et
3415 4461 3651 4527 Pascha,

392 4561 637 4633 decentia
667 4575 726 4616 se
748 4600 764 4626 ,
796 4569 857 4615 ut
880 4576 1148 4617 evacuare
1174 4560 1458 4630 cupientes
1484 4576 1610 4617 eum
1631 4602 1646 4628 ,
1680 4560 1817 4616 nihil
1842 4577 1971 4633 ope-
2000 4583 2045 4637 ι)
2073 4565 2260 4620 dicens
2292 4564 2420 4634 quia
2447 4560 2702 4618 convenit
2724 4567 2778 4615 et
2809 4572 2908 4613 nos
2938 4558 3242 4613 imitatores
3264 4555 3467 4611 Christi
3497 4556 3651 4609 simi-

396 4660 586 4709 rentur
617 4651 671 4705 in
703 4651 902 4721 ipsum.
975 4653 1045 4707 At
1075 4652 1158 4705 illi
1183 4661 1482 4707 statuerunt
1513 4654 1561 4706 ei
1598 4653 1822 4723 triginta
1857 4663 1971 4707 sta-

394 4754 526 4799 teres
557 4744 625 4811 ⁶⁵,
658 4751 861 4799 tantam
888 4743 936 4798 ei
966 4743 1314 4800 donationem
1349 4744 1762 4809 constituentes,
1791 4761 1971 4816 quan-

395 4846 480 4892 tos
537 4850 713 4890 annos
777 4832 1028 4890 Salvator
1087 4836 1461 4906 peregrinatus
1527 4834 1706 4891 fuerat
1752 4837 1807 4891 in
1869 4836 1974 4890 hoc

394 4927 619 4982 mundo.
679 4924 922 4999 Triginta
967 4929 1112 4982 enim
1149 4942 1417 4981 annorum
1459 4927 1764 4996 baptizatus
1807 4927 1974 4997 carpit

396 5019 742 5090 Evangelium
771 5020 1098 5089 prmdicare,
1128 5019 1282 5090 quasi
1308 5016 1506 5089 Joseph
1542 5017 1717 5073 factus
1748 5018 1968 5088 triginta

397 5123 669 5163 annorum
721 5119 970 5180 erogaret
1015 5108 1292 5164 frumenta
1316 5106 1601 5178 ;fratribus
1632 5107 1767 5163 suis.
1833 5105 1968 5162 Nam

397 5202 544 5254 sicut
570 5209 700 5254 tunc
742 5209 964 5269 propter
998 5199 1140 5255 ﬁlios
1163 5199 1381 5270 quidem
1406 5198 1574 5255 Israel
1598 5214 1630 5253 a
1660 5196 1770 5253 Deo
1799 5196 1975 5254 fuerat

395 5298 756 5356 praeparatum
806 5287 1139 5344 frumentum
1172 5289 1335 5356 illud,
1385 5300 1669 5361 erogatum
1697 5299 1780 5345 est
1808 5290 1971 5344 etiam

395 5375 698 5449 Egyptiis;
750 5378 830 5434 sic
869 5376 1219 5449 Evangeliuni
1268 5380 1473 5435 sanctis
1521 5380 1740 5451 quidem
1798 5379 1975 5434 fuerat

397 5476 757 5535 praeparatum
779 5509 795 5534 ,
831 5477 1011 5523 tamen
1043 5470 1394 5540 praedicatum
1427 5481 1507 5524 est
1539 5471 1703 5525 etiam
1738 5471 1970 5525 infideli-

396 5556 501 5613 lius
529 5568 584 5614 et
610 5559 832 5631 iniquis.
879 5560 960 5616 Ex
987 5572 1109 5617 tunc
1133 5563 1398 5634 quwrebat
1432 5563 1875 5632 opportunitatem
1911 5572 1965 5617 ut

472 5763 517 5793 θ’
553 5761 697 5833 Psal.
725 5780 843 5829 Liv,
875 5765 959 5819 Η,
1058 5768 1100 5798 ⁶³
1129 5766 1271 5820 Psal.
1303 5783 1463 5821 Lxxxr
1487 5808 1500 5833 ,
1548 5767 1600 5819 7.

404 5846 557 5900 xxii,
603 5832 659 5888 ὗ.
754 5836 797 5865 ⁵⁸
835 5834 1010 5890 Ecclc.
1046 5852 1141 5903 ιιι,
1174 5837 1227 5890 Ξ.

1700 5766 1743 5799 ⁸⁸
1781 5766 1970 5819 Matth.
2006 5780 2164 5818 xxvi.
2205 5762 2289 5815 15.

1326 5838 1368 5869 ‘9
1397 5836 1587 5892 Matth.
1642 5852 1766 5892 xxvi
1790 5875 1804 5902 ,
1842 5836 1906 5889 l'i
1934 5844 1986 5891 ct
2019 5849 2169 5904 seqq.

2073 4660 2197 4713 liter
2221 4655 2400 4712 facere
2431 4673 2444 4709 :
2476 4669 2586 4708 non
2618 4651 2976 4707 considerans
3015 4647 3273 4719 quoniam
3300 4644 3495 4709 Iesus,
3525 4660 3649 4699 cum

2071 4748 2312 4804 venisset
2334 4744 2592 4817 temporis
2615 4724 2899 4812 plenitudo
2924 4747 2979 4794 et
3002 4739 3206 4793 missus
3236 4736 3450 4800 fuisset,
3477 4735 3651 4800 factus

2072 4849 2157 4898 cst
2183 4840 2250 4894 de
2275 4839 2501 4894 muliere
2522 4878 2538 4903 ,
2573 4835 2747 4893 factus
2775 4841 2857 4887 cst
2886 4832 2989 4887 sub
3018 4832 3134 4901 lege
3162 4869 3178 4895 ,
3207 4844 3317 4884 non
3346 4840 3407 4885 ut
3436 4844 3531 4883 eos
3558 4828 3647 4897 qui

2073 4931 2177 4988 sub
2203 4931 2320 5001 lege
2343 4937 2498 4985 erant
2533 4927 2636 4982 sub
2663 4926 2777 4995 lege
2804 4924 3170 4994 relinqueret,
3196 4921 3288 4977 sed
3314 4930 3373 4975 ut
3399 4920 3649 4975 educeret

2072 5038 2169 5079 eos
2214 5038 2281 5078 ex
2325 5022 2442 5092 lege
2465 5022 2536 5075 τί.
2599 5018 2655 5074 Si
2687 5032 2818 5088 ergo
2853 5016 2974 5071 ideo
3000 5014 3147 5069 venit
3177 5023 3240 5068 ut
3279 5014 3532 5068 educeret
3557 5023 3649 5064 eos

2068 5113 2162 5183 qui
2193 5120 2351 5167 erant
2379 5110 2479 5165 sub
2509 5110 2645 5179 lege,
2678 5116 2885 5178 quanto
2914 5104 3090 5175 magis
3117 5118 3227 5158 non
3251 5100 3506 5157 convenit
3532 5100 3653 5154 illos

2071 5202 2298 5259 introire
2331 5201 2384 5254 in
2428 5201 2599 5271 legem
2624 5242 2640 5267 ,
2674 5199 2767 5269 qui
2803 5197 2953 5268 prius
3005 5196 3223 5252 fuerant
3249 5203 3402 5249 extra
3436 5191 3655 5260 legem?

2071 5296 2215 5366 Ergo
2243 5295 2310 5350 de
2358 5293 2534 5349 littera
2578 5292 2799 5363 quidem
2833 5289 3145 5361 egredimur
3172 5286 3304 5356 legis
3335 5304 3346 5338 :
3376 5286 3545 5357 896
3571 5285 3655 5338 in-

2078 5386 2159 5440 fra
2210 5383 2463 5439 virtutem
2510 5392 2732 5443 autem,
2781 5380 3079 5451 spiritalem
3128 5377 3298 5446 legem
3350 5374 3651 5437 constituti,

2080 5475 2393 5545 spiritaliter
2444 5474 2781 5530 celebrantes
2832 5471 3121 5540 implemus
3167 5468 3350 5522 omnia
3389 5484 3509 5538 quae
3542 5467 3653 5521 illic

2078 5561 2432 5632 corporaliter
2446 5560 2769 5615 celebranda
2792 5557 3136 5612 mandantur.
3156 5554 3486 5624 Expellimus
3506 5554 3650 5608 enim

2702 5758 2743 5790 "
2778 5756 2964 5809 Matth.
3029 5771 3153 5809 xxvi
3178 5795 3191 5817 ,
3252 5753 3339 5808 l6.
3445 5754 3486 5783 ’⁵⁷
3517 5753 3667 5806 an:

2702 5828 2755 5880 l2
2786 5839 2837 5881 et
2868 5842 3021 5881 sena.
3101 5825 3143 5858 ⁷¹
3177 5823 3295 5881 Gal.
3332 5838 3405 5881 iv.
3442 5823 3496 5881 4.
3524 5823 3577 5877 5.

3228 5838 3295 5879 at.
3332 5838 3405 5889 iv,
3442 5838 3496 5888 4,
3524 5838 3577 5877 o.

2399 5762 2441 5792 ⁸⁸
2473 5761 2601 5814 ibid.

2263 5832 2307 5863 τ’
2337 5830 2503 5885 Marc.
2539 5846 2650 5893 xw,
2689 5828 2755 5880 12
2786 5839 2837 5882 ct
2868 5842 3021 5897 seqq.
