4112 6422
433 392 565 446 I720

1554 379 2210 438 COMMENTARIORUM
2254 377 2520 433 SERIES.

3549 380 3691 431 17ῗο

428 529 580 567 vmns
616 511 938 564 l‘crmrntum
973 507 1192 561 malitiae
1220 515 1271 559 et
1303 504 1584 571 nequitiae,
1627 516 1681 558 et
1709 505 1761 558 in
1791 504 1998 574 azymis
2032 507 2073 562 Α
2101 499 2577 554 catechizaverunt
2623 495 3093 566 patremfamilias,
3133 495 3183 550 id
3211 504 3296 550 est
3325 494 3688 560 intellectum,

427 601 761 656 sinceritatis
789 609 840 651 ct
868 598 1112 652 veritatis
1147 599 1190 627 ’ί
1223 596 1560 650 celebramus
1589 594 1999 657 Pascha,Chri-

427 705 514 750 sto
563 693 847 747 nobiseum
924 689 1243 757 coepulante
1304 687 1602 742 secundum
1669 687 2000 739 voluntatem

430 784 562 852 Agni
593 780 883 836 dicentis"
909 799 922 834 :
957 779 1078 832 Nisi
1105 779 1549 832 manducaveritis
1573 793 1786 831 carnem
1825 791 1998 830 meam

429 885 475 928 et
523 875 755 928 biberitis
804 872 1109 941 sanguinem
1162 887 1353 933 meum,
1391 886 1491 922 non
1540 868 1794 922 habebitis
1843 869 2004 921 vitam

434 977 724 1021 manentem
753 968 806 1018 in
843 966 984 1019 vobis
1006 981 1025 1029 ;
1065 963 1157 1033 qui
1200 965 1324 1017 tulit
1358 971 1638 1032 peccatum
1669 959 1858 1015 tnundi
1882 999 1896 1022 ,
1952 969 2006 1014 et

434 1059 682 1130 prohibet
715 1073 902 1110 verum
937 1055 1416 1110 exterminatorem
1467 1067 1574 1106 non
1624 1051 1796 1106 solius
1833 1049 2003 1121 [Egy-

432 1152 529 1220 pli,
554 1150 647 1203 sed
681 1150 846 1203 totius
877 1148 1090 1219 generis
1123 1146 1343 1199 humani
1368 1145 1848 1198 exterminatorem
1886 1153 2006 1197 tan-

429 1260 554 1311 gere
608 1259 707 1297 nos
741 1243 1078 1295 celebrantes
1125 1238 1471 1294 festivitatem
1524 1237 1746 1292 Pascha:
1796 1251 2003 1292 secum.

430 1335 492 1388 Et
531 1335 877 1388 ascendimus
924 1333 1042 1401 ipso
1095 1331 1328 1385 Domino
1373 1332 1657 1385 nobiscum
1708 1332 2007 1385 constituto

430 1427 499 1478 ab
534 1423 888 1477 inferioribus
919 1423 985 1476 ad
1011 1423 1189 1477 locum
1221 1423 1582 1491 superiorem,
1613 1423 1664 1474 in
1695 1438 1805 1490 quo
1837 1421 2009 1474 diver-

431 1516 636 1569 sorium
671 1526 788 1576 est,
825 1513 970 1582 quod
1011 1513 1419 1566 demonstratur
1468 1512 1537 1563 ab
1563 1513 1841 1564 intellectu
1864 1551 1878 1574 ,
1914 1511 2006 1579 qui

429 1614 514 1660 est
555 1605 608 1658 in
662 1618 992 1673 unoquoque
1040 1603 1260 1656 homine
1296 1603 1689 1671 paterfamilias
1725 1601 2009 1670 discipulis

431 1699 656 1754 Christi.
719 1696 844 1751 Haec
876 1707 1055 1750 autem
1089 1696 1287 1749 domus
1328 1695 1578 1764 superior
1607 1697 1679 1750 sit
1707 1694 1864 1748 nobis
1891 1709 2008 1748 ma-

432 1806 535 1860 gna
558 1832 572 1856 ,
603 1799 663 1844 ut
693 1791 871 1860 capiat
907 1788 1093 1843 Jesum
1122 1786 1360 1842 Verbum
1401 1788 1528 1853 Dei,
1563 1797 1618 1842 et
1651 1787 2007 1856 Sapientiam,

431 1891 486 1936 et
513 1881 826 1947 Veritatem,
863 1890 915 1935 et
941 1894 1102 1936 omne
1130 1878 1276 1948 quod
1309 1889 1393 1933 est
1415 1877 1586 1933 Filius
1613 1878 1744 1941 Dei,
1769 1879 1862 1948 qui
1899 1894 2008 1932 non

431 1972 646 2040 capitur
687 1971 793 2025 nisi
840 1985 870 2025 a
905 1969 1118 2039 magnis
1164 1984 1350 2022 sensu.
1413 1965 1479 2021 Et
1527 1968 1598 2022 sit
1644 1969 1844 2022 domus
1895 1968 2010 2023 haec

434 2069 738 2132 przeparata
770 2077 800 2115 a
833 2059 1222 2130 patrefamilias
1258 2060 1532 2114 intellectu
1558 2059 1695 2114 Filio
1726 2059 1857 2125 Dei,
1900 2075 2009 2114 non

435 2154 610 2208 solum
642 2153 694 2206 in
740 2153 860 2207 loco
890 2151 1195 2221 superiori,
1233 2167 1332 2207 nec
1373 2152 1752 2206 tantummodo
1788 2165 2008 2221 magna,

435 2243 529 2296 sed
565 2243 726 2296 etiam
762 2241 1061 2306 mundata,
1115 2241 1267 2295 nullo
1316 2242 1478 2296 modo
1530 2241 1738 2296 habens
1789 2240 2012 2295 malitiae

435 2335 646 2396 sordes,
695 2335 852 2405 quasi
896 2350 926 2389 a
956 2335 1136 2405 scopis
1166 2335 1302 2406 legis
1332 2335 1666 2390 coadunatas
1693 2343 1856 2403 atque
1887 2349 2013 2404 pro-

436 2425 625 2480 lectas.
688 2423 772 2479 Sit
799 2429 996 2480 domus
1026 2426 1131 2480 ista
1164 2435 1218 2480 et
1262 2426 1316 2480 in
1342 2427 1560 2481 civitate
1591 2425 1720 2491 Dei,
1758 2425 1812 2479 id
1840 2432 1924 2479 est
1957 2425 2010 2478 in

437 2517 701 2575 Ecclesia.
771 2517 853 2572 Sit
897 2529 1080 2572 autem
1123 2519 1320 2574 domus
1361 2519 1506 2573 illins
1560 2519 1852 2587 princeps,
1901 2532 2010 2571 non

438 2610 912 2678 qualibuscunque
961 2608 1238 2678 cognitum
1269 2607 1474 2661 habens
1505 2621 1703 2660 nomen
1753 2623 1766 2657 :
1814 2604 1935 2658 ideo
1959 2613 2015 2658 et

437 2698 665 2766 mystice
695 2698 825 2750 dicit
853 2696 1012 2751 Jesus
1042 2715 1054 2750 :
1094 2695 1176 2750 Ite
1202 2698 1270 2751 ad
1298 2698 1579 2767 quemdam
1600 2698 1666 2749 ⁷⁵.
1736 2696 1803 2750 Ει
1828 2698 1901 2751 illi
1931 2697 2015 2751 di-

437 2797 566 2841 cant
587 2831 599 2852 ,
626 2789 717 2857 qui
749 2787 970 2842 Christo
1013 2798 1322 2858 praeparant
1369 2789 1566 2858 pascha
1596 2807 1608 2842 :
1646 2789 1903 2857 Magister
1929 2788 2014 2840 di-

435 2880 510 2932 cit
535 2896 551 2931 :
588 2878 740 2943 Apud
765 2888 812 2930 te
853 2879 1050 2947 faciam
1081 2879 1278 2948 pascha
1320 2896 1439 2932 cum
1469 2880 1746 2948 discipulis
1774 2880 1904 2933 meis
1929 2879 2012 2945 7';

437 2969 762 3021 annuntient
804 2969 968 3021 etiam
1017 2966 1398 3036 patrifamilias
1432 2968 1507 3021 illi
1559 2978 1615 3022 et
1655 2967 1800 3038 quod
1834 2967 2011 3022 dicit:

441 3057 697 3127 Magister
735 3057 867 3110 dicit
901 3073 918 3110 :
959 3055 1059 3111 Ubi
1096 3067 1171 3111 est
1200 3059 1546 3114 diversorium
1576 3057 1664 3111 ubi
1709 3075 1825 3111 cum
1848 3059 2016 3113 disci—

2105 591 2287 644 vcniat
2335 600 2389 644 et
2436 589 2694 644 divinitas
2737 586 3014 658 Unigeniti
3066 588 3363 656 coepulans
3411 587 3694 656 diseipulis

2105 681 2220 736 suis
2247 682 2300 734 in
2331 681 2496 736 domo
2525 679 2805 749 praedicta.
2869 677 3022 732 Scire
3051 685 3230 732 tamen
3262 678 3530 734 debemus
3557 695 3696 747 quo-

2106 775 2252 828 niam
2284 773 2377 842 qui
2411 773 2465 826 in
2503 772 2907 842 epulationibus
2940 781 2994 826 et
3025 771 3488 827 sollicitudinibus
3521 787 3698 826 saecu-

2106 864 2316 919 laribus
2347 873 2495 930 sunt,
2523 879 2631 917 non
2659 865 2961 919 ascendunt
2989 864 3042 916 in
3069 863 3292 917 domum
3337 864 3487 917 illam
3534 878 3697 933 supe-

2109 955 2332 1018 riorem,
2382 970 2483 1009 nec
2513 955 2699 1009 vident
2745 955 3178 1025 magnitudinem
3207 954 3347 1023 ejus,
3379 969 3478 1010 nec
3515 955 3696 1008 consi-

2107 1045 2301 1100 derant
2329 1055 2561 1099 stratum
2587 1045 2733 1099 illius
2755 1055 3030 1100 ornatum.
3097 1043 3388 1112 PrOpterea
3414 1059 3516 1100 nec
3548 1045 3693 1098 cele-

2110 1137 2276 1191 brant
2304 1153 2427 1192 cum
2454 1135 2583 1192 Jesu
2615 1135 2847 1201 Pascha,
2877 1151 2976 1192 nec
2998 1135 3274 1206 accipiunt
3305 1151 3500 1204 panem
3531 1135 3699 1190 benc-

2111 1229 2366 1283 dictionis
2395 1229 2464 1284 ab
2489 1244 2576 1295 eo,
2609 1245 2708 1283 nec
2735 1229 2959 1284 calicem
2986 1229 3110 1282 novi
3139 1229 3473 1282 testamenti.

2181 1328 2269 1383 80.
2325 1327 2542 1398 Vespere
2577 1339 2754 1383 autem
2790 1329 2932 1398 facta
2979 1327 3244 1384 discubuit
3292 1345 3409 1381 cum
3457 1326 3694 1392 discipu-

2109 1417 2174 1472 lis
2224 1421 2371 1482 suis,
2418 1429 2466 1473 et
2506 1419 2778 1472 edentibus
2803 1420 2880 1472 eis
2935 1419 3072 1472 dixit
3113 1433 3133 1473 :
3162 1419 3323 1470 Amen
3365 1416 3484 1469 dico
3526 1413 3692 1480 vob’s,

2109 1511 2358 1579 quoniam
2411 1525 2545 1562 unus
2588 1524 2652 1562 ea:
2698 1507 2839 1562 vobis
2903 1509 3075 1562 tradet
3126 1524 3206 1560 me
3251 1508 3318 1560 ⁷⁷.
3395 1503 3690 1574 Discipulis

2109 1601 2395 1656 edentibus
2439 1599 2643 1670 pascha
2683 1600 2984 1654 secundum
3021 1599 3155 1670 legis
3187 1598 3500 1654 mandatum
3549 1595 3686 1650 dixit

2109 1691 2272 1748 Jesus
2301 1693 2392 1760 qui
2422 1690 2617 1746 sciebat
2648 1692 2776 1761 quid
2801 1702 2935 1745 esset
2962 1693 3018 1745 in
3043 1692 3251 1745 homine
3271 1731 3286 1756 ,
3325 1699 3378 1746 et
3405 1697 3695 1760 propterea

2112 1799 2213 1838 non
2245 1782 2467 1836 habebat
2500 1798 2629 1851 opus
2656 1792 2713 1834 ut
2747 1781 2940 1852 aliquis
2979 1783 3335 1836 testimonium
3373 1783 3523 1835 daret
3551 1782 3601 1836 ei
3633 1780 3694 1833 de

2043 1843 2083 1898 Β
2111 1876 2322 1930 honiine
2355 1875 2422 1940 ",
2455 1883 2511 1930 et
2535 1874 2672 1930 dixit
2700 1872 2768 1928 de
2789 1872 2929 1928 Juda
2955 1891 3080 1929 cum
3115 1885 3380 1929 consueto
3410 1873 3512 1929 sibi
3536 1873 3693 1943 jure-

2108 1968 2390 2037 jurando:
2426 1968 2592 2021 Amen
2630 1968 2748 2022 dico
2790 1966 2956 2031 vobis,
3003 1967 3254 2036 quoniam
3299 1983 3435 2019 unus
3464 1983 3528 2018 ex
3552 1965 3694 2018 vobis

2114 2076 2197 2114 me
2226 2059 2399 2113 tradet
2429 2061 2496 2114 ⁷⁸.
2537 2057 2674 2114 Cum
2707 2059 2852 2115 enim
2878 2059 3141 2127 potuisset
3162 2073 3191 2111 a
3221 2056 3488 2127 principio
3514 2056 3697 2125 prodi-

2113 2158 2286 2206 torem
2319 2149 2628 2219 speeialiter
2655 2150 3062 2212 demonstrare,
3098 2149 3198 2202 hoc
3225 2147 3442 2218 quidem
3479 2162 3583 2199 non
3617 2145 3698 2200 fe-

2111 2242 2220 2306 cit;
2256 2241 2395 2295 dixit
2435 2248 2616 2294 autem
2652 2239 3012 2310 generaliter,
3063 2237 3208 2308 quod
3261 2252 3401 2291 unus
3447 2251 3513 2290 ex
3543 2235 3694 2290 vobis

2114 2347 2201 2386 me
2231 2331 2430 2396 tradet,
2461 2338 2521 2385 ut
2556 2346 2622 2384 ex
2651 2330 2965 2384 testimonio
2994 2327 3238 2396 percussi
3282 2328 3465 2381 cordis
3505 2327 3695 2396 singu-

2114 2422 2291 2477 lorum
2318 2423 2554 2492 qualitas
2578 2421 2934 2491 probaretur;
2961 2428 3020 2474 ut
3039 2428 3095 2473 et
3110 2419 3499 2490 discipulorum
3523 2429 3700 2472 osten-

2114 2514 2267 2569 deret
2294 2513 2620 2576 bonitatem,
2656 2511 2784 2581 quia
2817 2511 2938 2581 plus
2979 2510 3272 2565 credebant
3325 2509 3503 2563 verbis
3532 2507 3698 2562 Chri-

2115 2607 2186 2659 sti
2221 2621 2384 2674 qnam
2415 2603 2765 2659 conscientia:
2793 2618 2944 2668 suae;
2973 2611 3028 2657 et
3053 2601 3206 2656 Judae
3231 2601 3493 2655 malitiam
3517 2640 3532 2662 ,
3571 2601 3699 2669 quia

2116 2713 2218 2752 nec
2241 2697 2511 2768 cognituri
2543 2695 2902 2751 consiliorum
2928 2709 3153 2750 suorum
3181 2693 3456 2758 credebat,
3499 2701 3558 2746 ut
3582 2701 3702 2746 tur-

2115 2789 2336 2844 baretur
2369 2797 2464 2843 aut
2487 2789 2801 2843 tristaretur
2843 2805 2856 2842 :
2892 2788 3186 2852 existimo,
3232 2785 3361 2855 quia
3404 2786 3458 2839 in
3506 2785 3700 2854 primis

2117 2882 2324 2949 putavit
2351 2881 2517 2936 latere
2545 2879 2704 2949 quasi
2736 2879 3033 2934 hominem.
3099 2879 3201 2946 Qui
3235 2888 3532 2949 postquam
3566 2879 3700 2935 vidit

2118 2971 2508 3026 conscientiam
2561 2985 2718 3024 suam
2769 2978 2952 3024 notam
2997 2971 3250 3032 Christo,
3293 2972 3578 3039 amplexus
3621 2977 3706 3024 est

2118 3063 2540 3118 occultationem
2595 3061 2827 3130 positam
2882 3061 2938 3116 in
2991 3062 3170 3116 verbis
3223 3061 3428 3131 ipsius,
3470 3077 3703 3130 quorum

436 3151 578 3218 pulis
611 3149 915 3202 manducem
945 3150 1140 3218 pascha
1168 3149 1255 3201 "‘t
1288 3159 1345 3204 ut
1382 3147 1772 3218 paterfamilias
1807 3149 1895 3202 ille
1921 3149 2014 3218 qui
2045 3175 2090 3234 ο
2121 3156 2356 3226 primum
2403 3154 2738 3208 inﬁdelitatis
2771 3161 2888 3207 erat
2909 3194 2922 3218 ,
2973 3154 3273 3208 secundum
3307 3164 3486 3208 autem
3516 3154 3697 3223 impn-

440 3255 710 3314 pra-parat
737 3243 1100 3297 diversorium
1126 3240 1253 3296 Jesu
1284 3254 1338 3295 et
1362 3240 1647 3310 discipulis
1675 3241 1794 3303 eius
1824 3255 2017 3294 ascen-

444 3339 534 3390 t'at
566 3337 743 3389 locum
773 3335 1106 3404 superiorem
1129 3376 1142 3401 ,
1175 3344 1226 3389 et
1251 3342 1482 3388 stratum
1508 3373 1522 3396 ,
1553 3341 1607 3388 et
1635 3343 2019 3402 praeparatum,

440 3436 494 3479 tt
521 3441 798 3496 magnum,
843 3435 900 3478 ut
930 3425 1153 3479 veniens
1201 3424 1328 3479 illuc
1355 3422 1515 3478 Jesus
1544 3421 1756 3478 festivet
1780 3439 1904 3478 cum
1937 3423 2023 3477 di-

449 3517 668 3588 scipulis
700 3516 833 3572 suis.
897 3517 1006 3586 Ego
1051 3524 1229 3570 autem
1276 3525 1408 3584 puto
1443 3515 1590 3585 quod
1621 3515 1788 3568 homo
1813 3514 1907 3584 qui
1938 3513 2022 3567 in-

442 3609 815 3680 gredientibus
863 3607 1150 3677 discipulis
1182 3609 1235 3660 in
1277 3607 1499 3661 civitate
1531 3606 1769 3660 occurrit
1796 3605 1876 3660 eis
1907 3621 2024 3658 am-

441 3701 668 3768 phoram
704 3714 859 3767 aqua!
887 3709 1128 3765 portans,
1161 3713 1323 3766 quem
1353 3699 1523 3750 voluit
1544 3695 1705 3751 Jesus
1739 3705 1797 3750 ut
1827 3711 2021 3764 seque-

443 3802 634 3846 rentur
656 3790 908 3859 discipuli
950 3790 1070 3859 ejus
1099 3796 1316 3843 euntem
1354 3788 1406 3841 in
1435 3788 1656 3841 domum
1678 3825 1694 3852 ,
1731 3787 1826 3856 qui
1852 3787 2027 3841 subti-

465 3897 549 3934 em
597 3881 741 3934 illam
778 3893 974 3949 aquam
1011 3878 1195 3932 domui
1235 3879 1587 3947 apportabat,
1623 3887 1817 3932 utnon
1845 3878 2023 3933 solum

443 3979 590 4024 esset
617 3968 874 4023 mundata
895 4007 910 4032 ,
953 3966 1047 4022 sed
1074 3967 1236 4021 etiam
1272 3967 1428 4035 aquis
1456 3965 1668 4037 plenius
1695 3966 1838 4021 eluta
1860 4007 1875 4032 ,
1907 3977 2025 4021 erat

445 4061 664 4130 quidem
709 4061 1029 4116 ministrans
1073 4056 1475 4130 patrifamilias,
1513 4057 1565 4114 id
1592 4067 1676 4113 est
1704 4057 2022 4124 intellectui,

445 4164 673 4224 portans
692 4154 1089 4208 mundatoriam
1122 4166 1319 4222 aquam
1348 4151 1402 4204 in
1431 4150 1580 4205 fictili
1611 4165 1774 4214 vase,
1809 4157 1870 4204 ut
1896 4149 2027 4204 sub-

449 4246 652 4300 limitas
692 4247 908 4300 virtutis
935 4247 1005 4299 sit
1033 4243 1150 4299 Dei.
1190 4244 1297 4298 Aut
1319 4251 1465 4298 certe
1502 4242 1792 4312 potabilem
1825 4257 2023 4312 aquam

448 4335 898 4391 subministrabat
932 4335 986 4389 in
1014 4335 1106 4389 illo
1137 4334 1287 4389 ﬁctili
1321 4350 1470 4400 vase,
1507 4343 1564 4389 ut
1609 4333 1780 4388 Filius
1805 4334 2023 4404 quidem

448 4424 542 4480 Dei
570 4426 970 4497 generationem
1000 4425 1237 4494 praebeat
1265 4419 1416 4479 vitis.
1481 4423 1573 4478 Ille
1603 4433 1782 4478 autem
1817 4423 2028 4479 intelle-

2122 3247 2338 3302 dentiae.

2194 3336 2285 3390 8|.
2330 3334 2395 3389 Et
2423 3335 2726 3389 contristati
2758 3335 2917 3389 nimis
2950 3345 3216 3404 cecperunt
3257 3335 3454 3406 singuli
3480 3335 3652 3390 dicere
3684 3351 3704 3388 :

2129 3427 2384 3499 Nunquid
2433 3445 2526 3498 ego
2575 3444 2728 3490 sum,
2780 3427 3001 3482 Domine
3027 3428 3112 3481 ‘°?
3148 3427 3366 3493 Quaeret
3394 3438 3572 3482 autem
3599 3429 3702 3482 ali-

2124 3523 2249 3591 quis
2282 3521 2581 3590 quomodo,
2621 3521 2666 3576 si
2703 3520 2860 3574 bona:
2893 3519 3239 3574 conscientia:
3265 3527 3422 3574 erant
3450 3520 3701 3575 undecim

2124 3613 2380 3682 apostoli,
2411 3611 2541 3680 quia
2580 3609 2768 3665 mundi
2809 3619 2964 3663 erant
2989 3609 3058 3664 ab
3085 3611 3232 3664 omni
3265 3610 3569 3678 proditione
3592 3611 3706 3666 Ma-

2125 3703 2278 3772 gistri
2302 3743 2317 3768 ,
2356 3701 2547 3769 utquid
2578 3699 2887 3754 contristati
2924 3704 3053 3753 sunt
3073 3701 3138 3754 de
3159 3701 3345 3754 auditu
3367 3741 3382 3766 ,
3423 3701 3579 3770 quasi
3609 3718 3708 3771 po—

2127 3791 2318 3846 tuisset
2364 3789 2479 3843 fieri
2515 3798 2572 3842 ut
2601 3804 2746 3844 unus
2788 3797 2935 3843 esset
2979 3804 3047 3843 ex
3092 3789 3223 3858 ipsis
3251 3790 3318 3844 de
3346 3804 3457 3859 quo
3485 3791 3706 3848 diceba-

2126 3888 2215 3934 tur
2251 3877 2565 3932 ?Existimo
2593 3885 2774 3931 autem
2818 3877 3078 3947 quoniam
3115 3879 3493 3950 unusquisque
3543 3881 3711 3938 disci-

2125 3970 2378 4040 pulorum
2413 3969 2621 4024 sciebat
2647 3984 2714 4024 ex
2742 3969 2829 4024 bis
2878 3985 3000 4040 quae
3041 3971 3304 4025 docuerat
3333 3970 3526 4040 Jesus,
3566 3989 3707 4042 quo-

2126 4064 2273 4118 niam
2312 4061 2588 4117 mutabilis
2622 4069 2678 4116 et
2725 4062 2792 4116 ad
2842 4061 3044 4116 malum
3093 4063 3358 4119 vertibilis
3395 4073 3479 4119 est
3509 4074 3706 4120 natura

2125 4156 2386 4219 humana,
2408 4162 2461 4208 et
2479 4151 2741 4222 quoniam
2767 4152 2822 4207 in
2846 4153 3230 4210 colluctatione
3262 4156 3526 4212 adversus
3556 4158 3710 4226 prin-

2126 4245 2338 4314 cipatus
2363 4285 2378 4310 ,
2412 4253 2465 4299 et
2492 4252 2830 4314 potestates,
2864 4253 2918 4300 et
2945 4253 3184 4300 rectores
3212 4246 3376 4316 hujus
3409 4247 3594 4300 tnundi
3628 4257 3710 4302 te-

2129 4339 2445 4402 nebrarum,
2478 4347 2657 4408 potest
2679 4338 2793 4393 tieri
2825 4346 2884 4392 ut
2913 4338 3126 4392 decidat
3159 4338 3323 4393 homo
3347 4347 3442 4392 aut
3472 4339 3710 4394 circum-

2126 4437 2344 4494 ventus,
2382 4438 2478 4483 aut
2503 4429 2609 4484 vim
2637 4444 2835 4498 passus
2861 4428 2930 4483 ab
2963 4428 3290 4485 adversariis
3319 4430 3611 4486 virtutibus
3642 4435 3710 4486 ad

447 4528 568 4572 ctus
599 4518 849 4572 minister
868 4532 933 4571 ex
959 4517 1074 4586 lege
1102 4525 1157 4571 et
1177 4517 1452 4586 prophetis
1481 4530 1678 4585 aquam
1711 4525 1885 4584 portet
1904 4531 2025 4585 quae
2055 4514 2101 4570 D
2127 4519 2330 4575 malum
2363 4521 2776 4590 perﬁciendum.
2808 4518 2924 4576 Hoc
2953 4535 3083 4590 ergo
3109 4521 3712 4580 considerantcsunus-

448 4607 740 4660 misceatur
771 4622 894 4660 cum
931 4607 1056 4660 vino
1087 4606 1382 4676 evangelici
1413 4607 1583 4660 verbi.
1634 4605 1746 4661 Nos
1771 4621 1900 4674 ergo
1931 4607 2023 4676 qui

448 4707 703 4766 Optamus
733 4698 798 4751 de
823 4695 1059 4752 Ecclesia
1087 4712 1229 4760 esse,
1255 4696 1497 4751 volentes
1519 4697 1794 4752 celebrare
1816 4695 2024 4751 Pascha

448 4803 573 4842 cum
600 4787 752 4851 Jesu,
789 4804 1085 4857 sequamur
1115 4787 1390 4842 hominem
1428 4789 1578 4842 illum
1625 4789 1719 4856 qui
1748 4804 1844 4843 vas
1872 4787 2026 4857 baju-

449 4882 522 4936 lat
551 4881 864 4952 huiusmodi
900 4897 1056 4950 aqua:
1075 4921 1088 4946 ,
1136 4898 1296 4952 quem
1341 4891 1473 4952 pulo
1501 4896 1622 4937 esse
1648 4880 1867 4953 Moysen
1895 4881 2027 4950 legis

447 4974 715 5039 datorem,
763 4974 1060 5044 spiritalem
1087 4974 1388 5029 doctrinam
1417 4981 1720 5043 portantem
1752 4973 1805 5027 in
1831 4988 2025 5042 corpo-

449 5067 656 5121 ralibus
708 5065 970 5121 historiis.
1032 5065 1136 5130 Qui
1167 5074 1348 5119 autem
1384 5065 1650 5120 accedunt
1677 5065 1742 5119 ad
1772 5065 1942 5133 legem
1971 5073 2025 5119 et

450 5156 743 5224 prophetas
783 5155 940 5226 quasi
980 5156 1046 5209 ad
1085 5155 1300 5224 eloquia
1334 5156 1505 5224 ipsius
1545 5155 1675 5222 Dei,
1703 5171 1810 5209 non
1842 5164 2022 5209 autem

382 5248 396 5259 '
451 5256 752 5315 sequuntur
802 5263 924 5302 eum
981 5247 1294 5317 spiritaliter
1352 5249 1444 5317 qui
1499 5264 1592 5303 vas
1622 5248 1828 5318 baiulat
1872 5263 2027 5317 aquae

453 5337 614 5399 vivae,
651 5353 758 5389 non
786 5338 1061 5393 celebrant
1085 5336 1294 5392 Pascha
1321 5354 1445 5392 cum
1475 5337 1604 5392 Jesu
1625 5381 1640 5405 ,
1673 5353 1772 5394 nec
1802 5339 2023 5394 calicem

457 5427 646 5482 bibunt
681 5430 804 5482 novi
835 5430 1166 5485 testamenti.
1228 5428 1538 5498 Prmparent
1567 5439 1746 5484 autem
1776 5430 2026 5500 discipuli

454 5520 654 5589 pascha
683 5518 810 5576 Jesu
837 5540 852 5589 ;
881 5533 940 5594 et.
962 5534 1084 5593 post
1113 5540 1393 5578 sermones
1413 5523 1804 5593 discipulorum
1831 5525 2028 5594 quibus

435 5670 446 5738 l

525 5722 570 5752 ⁷⁸
604 5722 624 5774 1
654 5721 782 5776 Cor.
819 5738 872 5789 v,
909 5724 962 5778 8.
1037 5726 1254 5781 "Joan.
1291 5743 1365 5786 vt.
1403 5725 1490 5777 54.

455 5795 544 5849 ‘l-l.
625 5793 670 5822 ⁷⁸
701 5790 860 5848 Joan.
901 5811 958 5862 ιι,
987 5797 1076 5849 25.
1153 5798 1197 5828 "
1231 5797 1416 5850 Matth.
1455 5809 1598 5860 xxvi,
1627 5795 1714 5846 '21.

1571 5723 1614 5752 7"
1638 5720 1823 5776 Matth.
1861 5737 2006 5785 xxvi,
2042 5719 2125 5773 l8.
2202 5721 2248 5752 "
2282 5717 2408 5772 ibid.

1803 5793 1847 5823 ⁸⁸
1881 5793 2009 5846 ibid.
2043 5792 2132 5844 “2‘2.
2211 5791 2248 5822 "
2280 5789 2438 5843 Rom.
2481 5803 2596 5857 vut,
2631 5787 2721 5856 38,
2757 5790 2845 5843 59.

2126 4613 2361 4682 quisque
2383 4612 2806 4682 discipulorum,
2832 4627 2899 4666 ne
2925 4610 3066 4666 forte
3087 4612 3202 4680 ipse
3225 4622 3370 4668 esset
3391 4613 3483 4684 qui
3513 4629 3713 4684 praeco-

2127 4704 2309 4773 gnitus
2331 4712 2478 4758 esset
2495 4703 2758 4772 proditor,
2784 4701 3091 4757 contristati
3117 4711 3246 4758 sunt
3263 4705 3443 4768 valde,
3466 4715 3712 4775 propter-

2127 4810 2190 4850 ea
2209 4795 2355 4864 quod
2381 4794 2586 4848 dictum
2611 4794 2786 4848 fuerat
2821 4793 2903 4849 eis
2929 4812 2942 4848 :
2973 4792 3118 4848 Unus
3140 4809 3204 4849 ea:
3230 4795 3371 4849 vobis
3396 4811 3476 4848 ne
3500 4795 3670 4850 tradet
3683 4812 3710 4865 ί

2128 4895 2183 4941 et
2209 4894 2494 4954 cmpernnt
2517 4885 2699 4939 dicere
2721 4886 2877 4954 quasi
2904 4885 3206 4939 nescientes
3239 4883 3434 4953 singuli
3461 4883 3706 4940 futurum

2129 4975 2197 5030 de
2218 4990 2276 5031 se
2297 4993 2310 5029 :
2337 4973 2594 5045 Nunquid
2613 4991 2852 5044 egosum,
2873 4974 3130 5028 Domine?
3151 4972 3206 5026 Si
3233 4983 3412 5028 autem
3433 4973 3597 5028 habet
3615 4990 3706 5029 ra-

2129 5068 2358 5133 tionem,
2377 5069 2634 5137 quoniam
2665 5077 2882 5136 pr0pter
2904 5065 3043 5119 hanc
3072 5081 3296 5120 causam
3323 5067 3520 5121 timens
3543 5083 3708 5121 unus-

2129 5161 2364 5231 quisque
2393 5159 2557 5231 897
2585 5175 2774 5215 eorum
2799 5158 2935 5213 dixit
2969 5173 2984 5210 :
3014 5157 3269 5227 Nunquid
3292 5175 3384 5228 ego
3423 5175 3561 5222 sum,
3589 5159 3704 5213 Do-

2131 5253 2314 5307 mine?
2351 5250 2424 5306 De
2447 5251 2703 5305 omnibus
2739 5249 2937 5304 futuris
2988 5250 3288 5304 timendum
3331 5260 3414 5305 est
3438 5251 3596 5306 nobis
3625 5253 3711 5304 in-

2131 5345 2325 5409 hrmis,
2355 5343 2448 5413 qui
2476 5343 2718 5397 nondum
2760 5341 3080 5411 sapientiam
3116 5340 3462 5410 perfectionis
3487 5343 3706 5411 accepi-

2117 5447 2272 5497 mus,
2303 5431 2600 5487 secundum
2632 5447 2797 5501 quam
2845 5431 2985 5486 dixit
3023 5431 3318 5501 Apostolus
3343 5431 3386 5464 ⁸⁸
3421 5450 3434 5486 :
3479 5432 3704 5502 Conﬁdo

2124 5525 2263 5579 enim
2289 5525 2416 5596 quia
2454 5539 2614 5593 neque
2644 5540 2806 5591 mors,
2837 5540 2998 5594 neque
3025 5525 3154 5588 vita,
3186 5533 3236 5578 et
3279 5531 3496 5590 cetera,
3535 5535 3706 5592 potest

2507 5719 2552 5754 ⁷⁸
2595 5715 2761 5771 Marc.
2809 5734 2931 5784 XIV,
2984 5719 3065 5774 Η.
3141 5720 3183 5751 τ’
3215 5714 3681 5781 Μςιιιῒι.ιιγι.⁴ἑο
