4112 6424
472 381 603 435 1751

1677 358 1997 433 ORIGENIS
2035 372 2104 428 IN
2142 373 2562 433 narremus:

3596 376 3736 431 i723

468 517 561 555 nos
588 515 838 571 separare
864 517 895 554 a
921 500 1182 555 charitate
1204 496 1321 565 Dei,
1342 512 1460 569 qua:
1481 506 1558 552 est
1586 497 1640 551 in
1667 495 1879 550 Christo
1898 494 2047 551 Iesu.
2080 496 2128 555 Α
2158 496 2355 564 gebant
2410 511 2604 553 cantes
2658 497 2859 567 pascha
2910 496 3157 552 edentes.
3213 494 3483 553 Existimo
3548 506 3730 552 autem

466 592 572 659 Qui
609 601 790 649 autem
822 593 1061 647 nondum
1099 590 1369 662 perfectus
1393 600 1498 655 est,
1528 588 1743 644 dubitat
1774 588 1839 644 de
1864 589 2044 659 seipse
2146 587 2294 657 quod
2327 589 2587 643 malitiam
2617 589 2738 659 ejus
2772 588 2999 644 multam
3032 587 3378 644 manifestam
3408 586 3592 644 facere
3635 604 3732 643 vo-

465 686 621 754 quasi
666 686 840 755 possit
869 693 922 738 et
949 684 1160 738 cadere.
1197 679 1509 738 Secundum
1541 696 1706 751 quam
1756 679 2044 735 inﬁrmita-
2144 676 2282 742 lens,
2310 677 2416 733 hoc
2435 678 2575 732 dixit
2601 697 2616 733 :
2645 679 2902 749 quoniam
2934 692 3099 749 quem
3123 678 3361 747 suscepit
3385 677 3452 732 ad
3479 692 3727 732 mensam

465 784 569 827 tem
599 775 893 828 humanam
918 773 1164 827 scribens
1184 772 1484 828 Corinthiis
1507 770 1712 826 Paulus
1729 769 2038 827 dicebat“:

2142 782 2509 835 communem,
2565 778 2616 824 et
2672 771 3150 825 commanducavit
3201 770 3271 834 ci,
3322 769 3467 824 forte
3513 769 3642 839 quia
3694 784 3726 824 a

465 863 569 918 Sed
608 865 807 932 castigo
867 880 1054 932 corpus
1106 880 1300 926 meum,
1346 873 1398 918 et
1438 864 1682 917 servituti
1724 862 1926 933 redigo,
1976 878 2041 917 ne
2142 859 2410 929 principio
2450 860 2587 915 bene
2615 862 2826 932 agebat,
2858 861 2974 931 ipse
3020 859 3209 917 Jesum
3262 860 3503 931 prodidit
3551 860 3724 915 tantis

462 959 597 1027 forte
630 974 749 1011 cum
784 956 906 1010 aliis
944 955 1364 1026 prazdicaverim,
1393 956 1502 1025 ipse
1542 955 1791 1025 reprobus
1819 954 2035 1025 eﬂiciar.

458 1047 525 1102 Et
550 1048 670 1103 vide
704 1048 850 1118 quod
886 1047 1036 1113 dicit,
1061 1062 1124 1100 ne
1152 1046 1288 1115 forte
1314 1060 1432 1098 cum
1459 1045 1584 1098 aliis
1617 1043 2034 1113 prwdicaverim,

456 1140 567 1208 ipse
596 1140 847 1209 reprobus
868 1139 1082 1208 e/ﬁciar,
1115 1138 1194 1193 sic
1215 1137 1531 1208 pronuntiat
1554 1136 1711 1206 quasi
1741 1137 1938 1191 timens
1967 1151 2036 1191 ne

454 1230 594 1285 forte
621 1241 675 1284 et
699 1230 894 1285 cadere
928 1231 1101 1299 possit
1131 1240 1185 1284 et
1208 1228 1473 1298 reprobus
1501 1224 1636 1282 ﬁeri.
1669 1227 1825 1294 Quod
1850 1238 2033 1284 autem

452 1322 611 1386 dixit,
665 1322 897 1392 conﬁdo,
950 1331 1005 1376 et
1056 1330 1272 1386 cmtera,
1310 1320 1630 1375 conﬁdentis
1685 1319 1922 1374 hominis
1979 1328 2033 1374 et

456 1412 595 1466 liruii
622 1422 706 1467 est
732 1424 950 1484 propter
975 1426 1128 1466 suam
1157 1411 1569 1482 perfectionem,
1597 1412 1858 1480 quoniam
1883 1410 2031 1468 mille

451 1505 727 1560 Contraria
764 1521 1020 1575 separare
1052 1519 1173 1559 eum
1211 1517 1241 1557 a
1266 1503 1532 1559 charitate
1557 1501 1759 1557 Christi
1793 1517 1903 1556 non
1931 1517 2029 1557 va-

450 1595 617 1649 leant.
653 1595 806 1661 Quod
838 1604 1017 1650 autem
1066 1595 1296 1665 apostoli
1320 1594 1499 1648 adhuc
1529 1602 1685 1648 erant
1719 1592 1945 1661 inﬁrmi,
1973 1602 2027 1648 et

444 1685 592 1755 juste
619 1687 900 1748 timebant,
925 1687 1275 1741 manifestum
1300 1692 1383 1740 est
1411 1700 1479 1739 ex
1510 1698 1577 1738 eo
1608 1684 1754 1753 quod
1779 1684 1909 1738 dicit
1928 1682 2023 1753 qui

447 1777 655 1831 sciebat
679 1779 1012 1846 propositum
1048 1777 1412 1847 singulorum,
1440 1776 1699 1845 quoniam
1733 1789 1909 1828 omnes
1933 1789 2022 1827 vos

2140 951 2533 1008 honoribusse
2563 953 3012 1022 complectentem
3058 971 3071 1007 :
3101 962 3156 1007 et
3189 968 3368 1022 neque
3398 952 3530 1008 salis
3572 951 3727 1022 eius.

2137 1039 2285 1103 dem,
2315 1056 2491 1111 neque
2526 1057 2748 1104 mensae,
2783 1058 2957 1111 neque
2990 1043 3147 1112 panis
3177 1043 3570 1097 communicati
3606 1058 3725 1098 me-

2137 1146 2258 1185 mor
2280 1142 2365 1187 est
2394 1133 2592 1198 factus,
2623 1135 2715 1189 sed
2739 1133 2923 1188 omnia
2948 1135 3037 1188 illa
3063 1136 3471 1205 transgrediens
3494 1144 3719 1205 propter

2136 1223 2354 1292 triginta
2390 1233 2652 1280 staterum
2681 1227 3125 1295 promissionem,
3155 1226 3375 1281 tradidit
3401 1228 3714 1297 largitorem

2134 1324 2408 1369 tantorum
2454 1317 2742 1371 bonorum.
2777 1317 2843 1372 Et
2872 1321 2986 1374 haec
3029 1327 3112 1373 est
3149 1334 3275 1374 vere
3316 1320 3535 1389 propria
3582 1335 3718 1373 cen-

2130 1407 2363 1461 suetudo
2416 1407 2701 1462 hominum
2736 1409 2903 1465 nimis
2949 1410 3242 1475 malorum,
3276 1419 3335 1464 ut
3369 1419 3493 1481 post
3540 1411 3713 1466 salem

2127 1507 2182 1553 et
2214 1514 2408 1569 panem
2444 1500 2771 1556 insidientur
2799 1503 3134 1568 hominibus,
3163 1503 3402 1559 maxime
3430 1503 3566 1557 nihil
3610 1519 3713 1558 no-

2126 1590 2376 1645 centibus
2405 1591 2504 1657 eis,
2535 1607 2659 1647 cum
2701 1593 2901 1662 quibus
2940 1593 3483 1649 communicaverunt
3509 1609 3709 1662 panem

2125 1691 2180 1736 et
2205 1683 2395 1737 salem.
2435 1683 2678 1752 Denique
2705 1683 2893 1739 Daniel
2922 1685 2990 1745 de
3014 1684 3340 1754 quibusdam
3390 1684 3706 1755 hujustuodi

2135 1771 2453 1827 hominibus
2484 1773 2743 1830 feralibus
2772 1784 2828 1830 et
2872 1776 3026 1830 valde
3068 1777 3224 1832 malis
3257 1776 3330 1831 ita
3370 1777 3705 1846 prophetam

442 1867 757 1920 scandalum
783 1866 1058 1937 patiemini
1081 1869 1136 1921 in
1170 1883 1249 1921 me
1278 1869 1335 1920 in
1363 1867 1463 1920 hac
1502 1876 1652 1920 nocte
1675 1865 1744 1920 ⁸³.
1785 1863 1851 1919 Et
1874 1865 2020 1935 quod
2049 1848 2095 1904 Β
2123 1861 2338 1918 dicebat
2362 1865 2406 1895 "
2440 1883 2455 1917 :
2481 1862 2651 1935 Super
2688 1869 2922 1920 mensam
2951 1882 3112 1919 unam
3140 1866 3281 1935 falsa
3314 1866 3617 1937 loquentur.
3641 1864 3701 1922 Si

440 1972 754 2026 proponens
806 1957 930 2027 quis
978 1959 1225 2025 meliora,
1278 1958 1567 2028 aliquoties
1630 1957 1699 2011 ad
1753 1957 2018 2010 malitiam

442 2050 826 2105 trausvertitur
868 2053 1045 2106 victus
1086 2051 1141 2104 in
1188 2050 1573 2105 colluctatione
1617 2046 2018 2103 contrariarum

440 2141 726 2207 virtutum,
752 2141 1098 2197 manifestum
1126 2150 1301 2196 estex
1335 2156 1400 2195 eo
1441 2141 1589 2211 quod
1630 2139 1892 2209 scriptum
1935 2146 2021 2194 est

441 2230 510 2285 de
530 2226 716 2295 Petro,
740 2233 997 2301 quoniam
1033 2230 1151 2300 ipse
1184 2231 1405 2302 quidem
1430 2229 1785 2287 considerans
1816 2242 2018 2300 propo-

439 2318 605 2372 situm
637 2334 820 2386 suum,
855 2321 1069 2389 qualem
1109 2320 1254 2375 circa
1298 2319 1573 2375 Christum
1619 2319 1841 2373 haberet
1883 2319 2015 2373 alre-

436 2415 609 2472 ctum,
642 2408 922 2478 respondit
950 2425 1055 2463 non
1089 2424 1215 2465 cum
1245 2408 1615 2474 simulatione,
1647 2411 1740 2464 sed
1768 2425 1833 2465 ex
1869 2411 2014 2465 veri-

437 2502 549 2551 tate
585 2497 763 2552 cordis
799 2498 908 2562 sui,
936 2504 1200 2568 quantum
1234 2499 1300 2553 ad
1332 2489 1410 2564 se,
1456 2497 1716 2568 quoniam
1752 2500 1799 2553 si
1835 2515 2014 2554 onines

436 2589 798 2643 scundalizati
833 2589 1056 2660 fuerint,
1084 2605 1176 2661 ego
1203 2589 1349 2647 solus
1383 2605 1486 2643 non
1514 2590 1923 2644 scandalizabor
1941 2590 2008 2646 ⁸⁸.

437 2679 691 2734 Salvator
730 2689 937 2748 autem,
968 2681 1149 2737 sciens
1183 2680 1460 2736 inllrmum
1490 2694 1616 2737 eum
1651 2684 1704 2735 in
1739 2683 1855 2737 suis
1884 2696 2015 2752 pro-

435 2769 790 2826 missionibus
812 2770 950 2835 fore,
974 2779 1028 2827 et
1066 2773 1324 2841 quoniam
1354 2771 1536 2827 brevis
1565 2771 1732 2828 timor
1772 2772 2012 2828 hominis

432 2858 679 2917 facturus
731 2871 876 2918 esset
908 2877 1035 2917 eum
1079 2863 1335 2917 recedere
1376 2877 1407 2917 a
1455 2862 1736 2932 proposito
1770 2861 2008 2930 meliori,

430 2950 572 3005 dixit
593 2952 660 3007 ad
688 2967 812 3007 eum
846 2971 859 3006 :
894 2951 1061 3005 Amen
1094 2953 1213 3006 dico
1237 2951 1331 3005 tibi
1364 2952 1615 3022 quoniam
1644 2952 1700 3006 in
1738 2951 1837 3005 hac
1860 2961 2010 3007 nocte

429 3040 737 3111 priusquam
776 3042 951 3112 gallus
994 3052 1190 3107 cantet,
1222 3052 1300 3096 ter
1331 3058 1414 3096 me
1449 3041 1662 3114 negabis
1688 3042 1755 3095 ⁸⁸.
1794 3040 1859 3096 Et
1885 3041 2011 3097 tali-

2122 1963 2302 2008 autem
2326 1964 2480 2025 potes
2504 1955 2800 2025 spiritalem
2822 1971 3067 2012 mensam
3096 1966 3150 2012 ct
3168 1957 3350 2011 cibum
3378 1957 3698 2027 spiritalem,

2120 2055 2175 2101 et
2208 2045 2546 2102 Dominicam
2579 2047 2880 2117 intelligere
2925 2062 3160 2114 coenam,
3194 2047 3396 2117 quibus
3441 2047 3701 2103 omnibus

2119 2138 2469 2211 dignlﬂcatus
2518 2137 2699 2194 fuerat
2742 2154 2773 2193 a
2807 2139 3051 2204 Christo,
3090 2138 3461 2195 abundantius
3488 2138 3700 2194 videbis

2120 2228 2523 2285 multitudinem
2573 2229 2905 2284 malitiarum
2940 2229 3082 2300 ejus,
3117 2229 3320 2299 quibus
3369 2229 3696 2299 magistrum

2116 2336 2241 2376 cum
2286 2322 2411 2377 cibo
2448 2321 2645 2376 divina:
2685 2336 2910 2385 mensae,
2944 2331 2999 2376 et
3038 2321 3247 2385 calieis,
3273 2329 3329 2376 et
3367 2320 3472 2375 hoc
3508 2321 3564 2376 in
3608 2321 3697 2377 die

2115 2407 2343 2464 Pascha:
2371 2408 2596 2464 tradidit
2624 2408 2985 2475 Salvatorem,
3020 2426 3133 2466 non
3163 2410 3487 2466 recordatus
3508 2426 3609 2466 nec
3633 2410 3689 2467 in

2115 2501 2495 2571 corporalibus
2547 2500 2708 2556 bonis
2762 2501 3007 2574 Magistri
3061 2502 3433 2567 dilectionem,
3483 2516 3584 2559 nec
3632 2502 3687 2556 in

2114 2593 2452 2662 spiritalibus
2504 2592 2815 2649 doctrinam
2868 2593 2989 2663 ejus
3040 2593 3159 2650 sine
3208 2593 3411 2648 invidia
3474 2608 3692 2665 semper

2113 2683 2593 2740 communicatam.
2624 2684 2784 2740 Tales
2817 2692 2948 2741 sunt
2987 2699 3182 2741 omnes
3226 2685 3281 2739 in
3322 2683 3462 2740 Eccl.
3482 2684 3561 2740 sia
3595 2685 3689 2755 qui

2112 2775 2442 2831 insidiantur
2488 2777 2752 2832 fratribus
2792 2775 2933 2841 suis,
2960 2775 3287 2847 quibuscum
3327 2774 3395 2830 ad
3437 2775 3686 2829 eamdem

2110 2880 2357 2921 mensam
2381 2867 2628 2937 corporis
2655 2866 2881 2933 Christi,
2903 2874 2958 2921 et
2976 2865 3043 2920 ad
3066 2864 3316 2921 eumdem
3347 2873 3534 2934 potum
3557 2878 3685 2918 sau-

2110 2956 2292 3027 guinis
2339 2958 2459 3027 ejus
2508 2959 2817 3027 lrequnnler
2875 2957 3041 3011 simul
3088 2955 3327 3010 fuerunt.
3387 2953 3447 3009 Si
3500 2963 3683 3009 autem

2109 3057 2324 3119 oportet
2364 3059 2419 3104 et
2464 3049 2637 3119 ipsius
2668 3048 2980 3120 paropsidis
2998 3048 3501 3119 interpretationem
3540 3048 3686 3103 acci—

429 3134 534 3189 bus
572 3142 680 3188 non
710 3145 795 3189 est
821 3136 1194 3204 importunum
1228 3135 1408 3190 dicere
1450 3150 1668 3204 semper
1705 3152 1720 3189 :
1762 3133 1848 3189 Ne
1890 3135 2006 3207 σιο-
2038 3204 2068 3211 Α
2111 3154 2255 3209 pere,
2289 3156 2388 3196 nos
2415 3142 2633 3210 quidem
2673 3141 2744 3196 ab
2789 3141 3105 3211 huiusmodi
3145 3155 3247 3197 nos
3285 3141 3682 3206 abstineamus,

428 3226 586 3279 rieris
630 3226 686 3279 in
730 3227 1041 3291 crastinum,
1074 3243 1165 3280 nec
1213 3229 1353 3280 enim
1392 3228 1495 3282 scis
1521 3227 1648 3298 quid
1678 3228 1858 3297 pariat
1888 3204 2002 3282 dies
2028 3204 2069 3262 ο
2105 3204 2174 3286 ne
2215 3204 2447 3302 aliquid-
2468 3232 2725 3302 frigidum
2768 3204 3100 3303 quibusdam
3145 3233 3330 3288 dicere
3378 3204 3680 3287 videamur.

426 3326 803 3384 superuentura
824 3316 891 3370 ⁸⁸.
917 3312 982 3371 Ει
1002 3316 1203 3372 Paulus
1232 3318 1487 3373 similiter
1515 3318 1561 3351 "
1588 3336 1603 3373 :
1634 3316 1879 3384 Fratres,
1914 3319 2003 3374 in-

426 3411 567 3478 quit,
596 3409 642 3460 si
669 3419 1067 3479 praeoccupatus
1097 3409 1257 3479 fuerit
1291 3408 1446 3463 homo
1475 3410 1534 3463 in
1571 3410 1752 3481 aliquo
1786 3410 2001 3479 delicto,

425 3515 513 3554 vos
535 3500 625 3570 qui
654 3500 920 3570 spiritales
954 3502 1101 3567 estis,
1136 3502 1445 3571 conﬁrmato
1472 3501 1780 3571 hujusmodi
1809 3504 1867 3557 in
1891 3504 2004 3573 spi-

422 3592 530 3645 ritu
565 3593 1023 3661 mansuetudinis,
1071 3593 1463 3649 considerantes
1503 3610 1567 3648 ne
1607 3603 1659 3648 et
1701 3610 1790 3648 vos
1839 3603 2003 3650 tente-

419 3684 574 3749 mini,
608 3683 812 3740 docens
839 3686 1098 3755 quoniam
1132 3686 1374 3742 incertus
1396 3694 1482 3742 est
1510 3687 1691 3744 exitus
1716 3697 1907 3743 noster
1929 3688 2001 3745 de

420 3775 601 3842 nobis,
637 3778 888 3847 quamvis
924 3777 1064 3834 forte
1088 3779 1374 3835 meliorum
1409 3782 1749 3851 propositum
1792 3781 1997 3837 habea-

418 3885 564 3925 mus.
596 3867 721 3926 Haec
762 3878 942 3925 autem
978 3870 1160 3925 omnia
1201 3870 1574 3936 recordantes,
1607 3873 1867 3943 quoniam
1902 3888 1998 3928 ne-

416 3960 625 4015 scimus
645 3961 775 4030 quid
805 3961 982 4031 pariat
1000 3962 1157 4017 nobis
1183 3962 1301 4018 dies
1330 3972 1745 4031 superventura,
1777 3980 1883 4018 non
1913 3964 1997 4019 in-

414 4048 692 4116 ﬂablmur,
737 4067 913 4121 neque
964 4053 1364 4121 superbiemus,
1418 4066 1596 4122 neque
1639 4053 1995 4121 gloriabimur

412 4143 733 4213 aliquando,
777 4145 1029 4215 quamvis
1071 4145 1310 4201 sciamus
1354 4160 1454 4200 nos
1497 4146 1666 4200 multa
1706 4146 1851 4201 bona
1897 4147 1995 4202 ha-

413 4231 540 4288 bere
576 4251 589 4286 :
624 4233 765 4289 sicut
792 4244 846 4289 et
870 4232 1072 4290 Paulus
1104 4248 1228 4290 cum
1264 4235 1490 4290 dixisset
1520 4235 1587 4290 de
1623 4252 1683 4291 se
1712 4237 1797 4290 ⁸⁸ε
1836 4236 1994 4292 Nihil

411 4323 540 4376 mihi
565 4326 806 4379 conscius
828 4341 968 4391 sum,
996 4325 1331 4395 superaddit,
1375 4326 1466 4380 sed
1497 4328 1678 4381 nonin
1714 4327 1810 4382 hoc
1822 4327 1990 4397 justi-

409 4416 601 4485 ficatus
648 4431 785 4480 sum,
823 4427 1079 4487 tanquam
1121 4418 1299 4474 sciens
1342 4421 1508 4474 Deum
1558 4419 1987 4476 sanctiﬁcantem

2105 3320 2309 3376 Tamen
2338 3321 2431 3392 qui
2462 3323 2579 3379 vult
2604 3326 2769 3379 etiam
2817 3323 2873 3378 in
2910 3323 3016 3380 hoc
3041 3323 3243 3395 aliquid
3274 3323 3521 3379 invenire
3559 3338 3682 3378 mo-

2102 3412 2237 3473 rale.
2269 3415 2580 3470 consideret
2601 3414 2657 3469 in
2688 3415 2805 3486 lege
2839 3416 2933 3470 ubi
2969 3416 3112 3471 dona
3140 3430 3169 3468 a
3203 3414 3541 3484 principibus
3565 3415 3679 3468 sin-

2101 3505 2352 3575 gularum
2380 3506 2621 3562 tribuum
2671 3506 2976 3563 oll'eruntur
3007 3506 3062 3561 in
3092 3506 3432 3562 dedicatione
3460 3505 3671 3560 altaris.

2100 3595 2265 3651 Forte
2306 3597 2571 3667 intelliget
2617 3597 2690 3653 ibi
2726 3598 2890 3654 etiam
2930 3596 3272 3667 paropsidem
3316 3595 3520 3666 aliquid
3551 3609 3677 3650 esse

2099 3689 2526 3762 intelligendam.
2569 3689 2637 3744 In
2675 3693 2871 3761 prima,
2906 3690 3103 3761 inquit,
3137 3688 3224 3744 die
3251 3688 3442 3744 obtulit
3476 3689 3676 3744 donum

2097 3798 2251 3837 suum
2271 3782 2520 3838 Naasson
2540 3784 2687 3855 [ilius
2708 3783 3011 3837 Aminadab
3027 3783 3284 3853 principis
3308 3782 3475 3837 tribus
3490 3780 3524 3835 J
3530 3781 3636 3835 uda
3655 3797 3675 3834 :

2095 3882 2148 3928 et
2169 3873 2359 3928 obtulit
2391 3875 2588 3928 donum
2611 3890 2765 3930 suum
2804 3873 3140 3944 paropsidem
3164 3882 3487 3943 argenteam,
3512 3872 3679 3927 sicla-

2097 3981 2215 4018 rum
2251 3968 2472 4037 triginta
2496 3975 2545 4021 et
2571 3976 2778 4021 centum
2797 3965 3001 4036 pondus
3025 3965 3171 4029 ejus;
3187 3972 3236 4018 et
3260 3963 3497 4034 phialam
3513 3979 3678 4018 unam

2094 4066 2395 4125 argenteam
2436 4058 2689 4112 siclorum
2740 4057 3097 4128 septuaginta,
3149 4055 3436 4111 secundum
3482 4054 3675 4109 εἰσέπτη

2093 4158 2336 4202 sanctum
2365 4149 2432 4203 θ’.

2162 4239 2251 4294 83.
2273 4238 2340 4292 Et
2366 4238 2539 4294 Filius
2560 4238 2771 4310 quidem
2789 4239 3018 4294 hominis
3048 4238 3216 4303 vadit,
3247 4237 3386 4292 sicut
3411 4237 3670 4306 scriptum

2090 4337 2168 4383 est
2199 4328 2263 4382 de
2289 4343 2350 4382 eo
2375 4342 2395 4380 :
2424 4344 2503 4382 ra:
2527 4338 2702 4382 autem
2727 4328 2927 4381 homini
2953 4328 3037 4382 illi
3063 4342 3154 4397 per
3176 4342 3328 4398 quem
3363 4326 3544 4382 Filius
3573 4327 3671 4380 ho-

2091 4418 2253 4472 minis
2278 4419 2519 4472 tradetur
2546 4416 2615 4471 9‘.
2640 4415 2706 4471 Et
2732 4414 2894 4472 Jesus
2917 4416 3157 4486 quidem,
3191 4415 3489 4472 secundum
3520 4417 3669 4487 quod

408 4521 550 4577 quos
581 4509 974 4578 praecognoscit
1005 4517 1059 4562 et
1083 4525 1223 4580 quos
1248 4511 1651 4580 praedestinavit
1677 4523 1983 4569 vocantem.
2018 4532 2067 4592 ι)
2091 4510 2398 4577 videbatur,
2420 4510 2532 4564 ibat
2556 4524 2753 4579 passus
2776 4521 2874 4577 per
2891 4524 3130 4573 crucem;
3157 4509 3457 4564 secundum
3483 4519 3669 4565 autem

481 4597 570 4654 82.
604 4598 709 4665 Qui
752 4599 969 4670 intingit
1006 4616 1205 4656 mecum
1234 4618 1450 4658 manum
1481 4605 1533 4658 in
1571 4606 1871 4676 paropside,
1900 4606 1987 4661 hia
2091 4602 2236 4672 quod
2264 4615 2389 4657 vere
2411 4610 2549 4668 erat,
2572 4609 2629 4656 et
2661 4600 2771 4656 ibat
2796 4608 2850 4656 et
2874 4601 3187 4655 remanebat
3212 4602 3266 4655 in
3294 4599 3501 4656 mundo
3537 4615 3668 4657 cum

407 4706 490 4745 me
534 4691 707 4745 tradet
747 4691 815 4746 ".
853 4689 1056 4746 Videns
1093 4707 1188 4748 eos
1232 4693 1299 4749 de
1339 4695 1532 4766 seipsis
1580 4697 1858 4767 timentes,
1888 4697 1986 4753 de-

406 4784 734 4839 monstravit
794 4784 1126 4854 proditorem
1192 4785 1393 4842 in‘dicio
1449 4788 1781 4859 prophetica:
1830 4790 1982 4845 vocis

404 4871 636 4929 dicentis
679 4893 693 4928 :
743 4876 849 4941 Qui
884 4874 1167 4930 manduco!
1191 4891 1378 4944 panem
1407 4894 1580 4932 meum
1607 4895 1980 4947 mecum,-am-

402 4966 665 5036 pliﬁcavit
693 4966 941 5021 adversus
967 4983 1047 5021 me
1077 4966 1559 5039 supplantationem
1591 4970 1659 5025 ”.
1691 4970 1801 5027 Nec
1828 4972 1974 5027 enim

399 5059 676 5127 discrepat
707 5058 836 5112 illud
870 5060 939 5113 ab
966 5060 1070 5115 hoc
1093 5060 1240 5129 quod
1275 5060 1407 5116 dicit
1434 5078 1449 5117 :
1484 5060 1588 5127 Qui
1621 5063 1836 5134 intingit
1866 5080 1977 5118 me-

398 5165 515 5205 rum
556 5166 773 5205 manum
814 5152 870 5206 in
919 5154 1220 5224 paropside,
1252 5154 1337 5207 hic
1384 5170 1465 5209 me
1517 5156 1708 5210 tradet.
1757 5156 1825 5210 Et
1870 5157 1975 5213 hoc

396 5257 616 5313 quoque
651 5244 1104 5299 considerandum
1136 5254 1239 5311 est,
1273 5245 1402 5315 quid
1434 5247 1621 5316 utique
1655 5260 1756 5302 nos
1785 5248 1974 5303 volens

398 5337 594 5391 docere
628 5334 903 5404 Salvator,
933 5337 1146 5407 signum
1177 5338 1271 5393 dat
1289 5337 1572 5408 discipulis
1597 5337 1663 5393 de
1682 5337 1821 5393 .luda
1847 5355 1975 5409 pro-

397 5428 598 5492 ditore,
627 5440 689 5484 es
726 5444 792 5484 eo
835 5430 980 5499 quod
1012 5444 1135 5483 cum
1180 5427 1307 5484 Jesu
1342 5445 1564 5484 manum
1601 5444 1757 5485 suam
1786 5431 1971 5502 inpa—

396 5520 672 5590 mpsidcm
716 5520 989 5576 intulisset
1018 5521 1070 5575 in
1102 5536 1289 5591 quam,
1326 5521 1469 5576 sicut
1494 5520 1770 5585 existimo,
1813 5524 1972 5577 intin-

464 5651 512 5681 ⁸¹
554 5653 568 5704 l
606 5652 733 5709 Cor.
765 5669 843 5720 ιχ,
881 5652 971 5709 27.

396 5723 491 5775 ⁸⁵⁸1
544 5722 671 5775 Cor.
725 5738 800 5787 tv,
849 5723 903 5775 4.

396 5794 441 5825 ⁸³
474 5792 664 5845 Matth.
713 5808 859 5855 xxvx,
899 5792 990 5846 2L

1082 5654 1128 5686 ⁸³
1156 5653 1345 5708 Matth.
1382 5670 1528 5719 xxvi,
1557 5655 1645 5710 5i.

1011 5724 1056 5757 ⁶⁹
1080 5723 1270 5779 Matth.
1325 5741 1473 5793 xxvn,
1520 5726 1610 5782 25.

1756 5655 1803 5688 ⁸⁸
1828 5657 1958 5714 ibid.
1989 5660 2079 5716 '55.
2157 5661 2202 5693 ⁸⁵
2230 5659 2361 5716 ibid.
2395 5660 2487 5715 54.

1719 5726 1766 5758 ³⁸
1814 5726 1961 5783 Psal.
2022 5747 2111 5798 ιι,
2147 5729 2234 5788 10.

2088 4694 2373 4764 discipulis
2414 4694 2552 4762 suis,
2594 4692 2911 4749 custodiens
2951 4706 3047 4747 eos
3095 4692 3150 4746 in
3194 4691 3319 4747 lide.
3360 4689 3472 4749 Nec
3516 4693 3667 4749 enim

2089 4785 2394 4855 potuissent
2425 4799 2747 4855 permanere
2781 4783 2836 4839 in
2867 4782 2971 4838 llde
2999 4783 3194 4853 ipsius,
3238 4783 3514 4853 praecipue
3540 4800 3663 4840 cum

2087 4888 2365 4933 mortuum
2414 4893 2540 4933 eum
2573 4878 2860 4943 vidissent,
2887 4877 2993 4931 nisi
3041 4876 3110 4931 ab
3155 4877 3277 4945 ipso
3322 4875 3664 4933 invisibiliter

2084 4969 2358 5024 custodita
2386 4967 2616 5025 fuissent
2645 4969 2810 5025 corda
2839 4982 3052 5023 eorum.
3088 4965 3155 5021 Et
3182 4983 3290 5021 non
3334 4967 3474 5025 dixit
3506 4987 3520 5023 :
3570 4965 3659 5021 Vas

2081 5058 2282 5112 homini
2311 5059 2394 5112 illi
2438 5074 2470 5112 a
2501 5073 2610 5129 quo
2651 5059 2905 5125 traditur,
2935 5056 3032 5113 sed
3077 5072 3171 5126 per
3210 5072 3360 5126 quem
3406 5057 3659 5118 traditur,

2080 5146 2251 5217 893
2295 5148 2588 5203 ostendens
2609 5147 2841 5203 alterum
2875 5163 2905 5202 a
2931 5162 3042 5218 quo
3071 5146 3404 5211 tradebatur,
3436 5147 3491 5202 id
3518 5156 3605 5203 est
3629 5162 3663 5202 a

2080 5242 2321 5308 diabolo,
2348 5242 2526 5313 ipsum
2558 5241 2754 5299 ludam
2784 5254 2964 5300 autem
2996 5242 3309 5298 ministrum
3341 5255 3465 5298 esse
3493 5242 3665 5298 tradi.
3720 5255 3729 5264 '

2081 5336 2268 5391 tionis.
2338 5334 2427 5390 Vae
2472 5347 2655 5391 autem
2703 5351 2816 5391 non
2863 5336 3040 5391 solum
3096 5332 3284 5398 Judaa,
3328 5334 3421 5389 sed
3476 5337 3657 5389 omni-

2080 5430 2183 5486 bus
2246 5429 2615 5499 proditoribus
2672 5428 2897 5484 Christi.
2971 5426 3296 5495 Quicunque
3353 5428 3502 5483 enim
3572 5428 3658 5482 di-

2079 5521 2320 5592 scipulos
2346 5520 2551 5577 Christi
2572 5521 2756 5587 tradit,
2785 5520 2963 5591 ipsum
2992 5519 3271 5575 Christum
3298 5519 3483 5576 tradit.
3518 5517 3659 5574 Pro-

2587 5660 2632 5693 "
2658 5658 2818 5712 Prov.
2854 5672 3024 5719 xxv",
3051 5657 3102 5711 i.
3200 5655 3246 5690 ⁸⁷
3280 5657 3457 5713 Galat.
3492 5674 3564 5718 vn,
3597 5658 3653 5714 1.

2351 5733 2395 5770 ⁶¹
2435 5730 2572 5787 Dan.
2629 5746 2706 5797 χι,
2764 5728 2857 5782 27.
2966 5726 3197 5782 “Num.
3256 5742 3357 5785 vn.
3416 5728 3501 5793 12,
3562 5728 3651 5783 15.
