4112 6416
462 378 600 435 1735

1661 373 1984 432 UBICENIS
2016 373 2085 428 IN
2120 371 2538 431 IATTHEUM

3593 389 3734 446 {736

455 494 540 550 rio
588 498 766 556 fuerat
807 496 965 568 panis
1008 496 1098 551 ille
1125 492 1475 564 frangendus.
1510 490 1621 548 Nec
1657 500 1847 561 potum
1878 489 2034 545 illum
2063 492 2109 550 Α
2139 486 2204 542 Et
2253 488 2400 558 quod
2447 487 2671 543 dicit’:
2703 489 2978 560 Accipiens
3029 489 3189 548 Iesus
3219 511 3431 566 panem,
3477 499 3738 561 similiter

453 583 733 646 visibilem
768 587 1091 656 sanguinem
1136 598 1297 638 suum
1330 581 1566 646 diccbat,
1598 580 1694 636 sed
1721 580 1947 635 verbum
1992 580 2046 632 in

463 680 623 750 cujus
671 677 931 747 mysterio
959 684 1121 744 potus
1152 674 1243 728 ille
1268 671 1447 728 fuerat
1492 670 1875 725 effundendus.
1910 667 2045 724 Nam

463 785 664 840 corpus
700 768 795 823 Dei
821 766 985 821 Verbi
1020 764 1155 838 (88),
1181 774 1277 819 aut
1315 763 1561 833 sanguis.
1597 762 1730 832 quid
1757 761 1901 817 aliud
1927 775 2049 816 esse

462 869 658 931 potest,
708 860 813 915 nisi
853 858 1081 913 verbum
1126 856 1274 927 quod
1312 855 1506 916 nutrit,
1536 863 1593 909 et
1640 854 1868 908 verbum
1901 853 2046 922 quod

463 951 697 1006 ltetilicat
726 950 864 1006 cor?
899 950 1011 1003 Cur
1036 956 1221 1002 autem
1261 961 1371 1001 non
1406 945 1547 1000 dixit
1582 962 1597 999 :
1638 943 1739 1000 llic
1769 952 1854 1000 est
1890 943 2049 1014 panis

461 1044 587 1098 novi
619 1040 955 1107 testamenti,
1001 1041 1146 1096 sicut
1180 1039 1319 1094 dixit
1348 1056 1362 1094 :
1402 1037 1507 1091 Hic
1542 1047 1620 1091 est
1656 1037 1874 1107 sanguis
1927 1036 2048 1090 nari

462 1137 807 1193 testamenti?
855 1134 1128 1202 Quoniam
1184 1133 1346 1204 panis
1394 1140 1480 1188 est
1528 1131 1754 1185 verbum
1799 1129 2046 1199 iustitia},

459 1245 623 1300 quam
651 1228 1046 1284 manducantes
1071 1226 1267 1281 animae
1291 1224 1610 1279 nutriuntur
1638 1240 1651 1276 :
1679 1230 1840 1291 potus
1866 1229 2054 1275 autem

457 1331 542 1376 est
564 1322 790 1375 verbum
822 1318 1118 1390 agnitionis
1140 1316 1364 1381 Christi,
1391 1314 1690 1370 secundum
1726 1313 2045 1385 mysterium

457 1413 577 1483 ejus
632 1412 932 1466 nativitatis
977 1419 1029 1465 et
1079 1409 1370 1480 passionis.
1408 1407 1681 1474 Quoniam
1714 1421 1848 1477 ergo
1880 1414 2048 1459 testa-

458 1512 705 1558 mentum
741 1501 842 1558 Dei
879 1502 932 1555 in
969 1500 1236 1570 sanguine
1267 1500 1540 1569 passionis
1570 1497 1772 1553 Christi
1805 1497 2043 1567 positum

458 1603 542 1650 est
574 1594 641 1649 ad
677 1608 801 1660 nos,
841 1601 896 1647 ut
925 1593 1208 1647 credentes
1254 1590 1451 1645 Filium
1486 1590 1578 1644 Dei
1608 1598 1795 1644 natum
1831 1598 1884 1644 et
1916 1603 2042 1659 pas-

458 1700 581 1741 sum
613 1686 912 1741 secundum
953 1700 1199 1751 carnem,
1230 1683 1366 1739 salvi
1412 1683 1711 1738 efﬁciamur
1741 1682 1910 1753 899
1934 1698 2043 1737 non

456 1777 511 1831 in
539 1777 775 1846 iustitia,
809 1776 863 1831 in
909 1791 1015 1846 qua
1053 1776 1167 1831 sola
1203 1778 1324 1831 sine
1369 1775 1475 1830 fide
1524 1775 1794 1845 passionis
1838 1774 2041 1830 Christi

2148 587 2204 633 et
2250 579 2515 649 accipiens
2562 580 2804 644 calicem,
2835 582 2931 652 qui
2980 586 3242 655 parvulus
3287 588 3510 658 quidem
3552 603 3636 648 est
3680 597 3735 652 in

2148 668 2403 736 Christo,
2450 678 2507 724 et
2549 670 2606 725 in
2661 671 2886 728 Christo
2932 674 3111 732 adhuc
3160 679 3430 744 carnalis,
3484 681 3739 756 intelligit

2149 762 2518 817 communiter
2547 783 2563 818 :
2604 764 2924 833 prudentior
2955 777 3137 824 autem
3165 782 3406 840 quaerat,
3434 790 3463 828 a
3499 791 3607 845 quo
3640 793 3737 832 ac-

2149 854 2359 925 cipiens
2387 852 2566 910 Jesus.
2605 853 2718 911 Deo
2765 858 2910 913 enim
2960 862 3126 915 dante
3173 864 3369 934 accipit
3415 874 3471 921 et
3514 867 3609 924 dat
3654 872 3736 927 eis

2148 945 2244 1014 qui
2288 945 2439 1016 digni
2492 955 2623 1002 sunt
2664 963 2693 1002 a
2743 947 2853 1004 Deo
2893 951 3140 1020 accipere
3168 968 3362 1023 panem
3392 965 3447 1011 et
3484 960 3730 1018 calicem.

2148 1032 2434 1099 Quomodo
2467 1044 2648 1090 autem
2678 1037 2773 1093 dat
2797 1037 2941 1095 Deus
2984 1056 3202 1113 panem,
3252 1045 3525 1115 significat
3553 1058 3605 1104 et
3641 1051 3735 1107 Jao

2150 1121 2255 1177 cob
2283 1122 2472 1179 dicens
2503 1124 2547 1155 ¹⁰
2577 1141 2590 1176 :
2624 1123 2685 1180 Si
2730 1126 2889 1196 fuerit
2940 1128 3196 1187 Dominus
3235 1152 3378 1190 meus
3426 1154 3651 1205 mecum,
3682 1153 3734 1198 et

2147 1212 2351 1267 dederit
2388 1214 2518 1267 mihi
2548 1233 2737 1284 panem
2766 1218 2834 1270 ad
2869 1221 3321 1292 manducandum,
3351 1236 3401 1281 et
3444 1233 3728 1287 vestimen-

2149 1312 2262 1358 tum
2291 1307 2360 1359 ad
2386 1307 2728 1375 vestiendum,
2754 1311 2932 1364 omnia
2958 1328 3277 1386 quascunque
3301 1318 3450 1384 mihi,
3484 1320 3726 1391 Domine,

2147 1395 2375 1463 dederis,
2412 1398 2668 1451 decimam
2711 1400 2980 1454 decimabo
3025 1404 3139 1457 tibi.
3174 1404 3304 1459 Item
3349 1408 3611 1477 scriptum
3645 1423 3730 1469 est

2147 1487 2201 1541 in
2237 1487 2530 1559 Evangelio
2561 1491 2861 1546 secundum
2909 1492 3173 1550 Joannem
3222 1497 3263 1528 ⁸¹
3294 1516 3307 1552 :
3341 1497 3466 1554 Non
3516 1502 3727 1574 Moyses

2146 1579 2289 1634 dedit
2320 1582 2462 1634 vobis
2496 1598 2705 1651 panem,
2740 1584 2830 1637 sed
2858 1583 3024 1639 Pater
3053 1603 3198 1641 meus
3229 1589 3321 1644 dat
3364 1592 3508 1646 vobis
3536 1611 3727 1664 panem

2146 1673 2210 1727 de
2243 1673 2371 1728 caelo
2401 1691 2599 1729 verum.
2629 1673 2696 1729 Et
2727 1692 2941 1747 semper
2964 1677 3140 1736 Jesus
3170 1679 3255 1737 his
3282 1684 3374 1753 qui
3408 1700 3591 1740 secum
3624 1704 3725 1758 pa-

2146 1763 2278 1819 riter
2306 1774 2475 1837 agunt
2524 1764 2893 1833 festivitatem,
2936 1769 3209 1841 accipiens
3250 1789 3447 1843 panem
3487 1792 3519 1832 a
3563 1777 3726 1835 Patre

456 1836 608 1923 531'“,-
653 1836 777 1923 θεεέ
831 1836 942 1923 nm;
976 1877 1222 1938 poterat;
1253 1869 1376 1924 meo
1406 1836 1615 1922 ιεηιίιιη
1646 1868 1716 1924 de
1757 1867 1927 1924 calice
1959 1868 2043 1922 di-
2073 1836 2116 1892 Β
2144 1857 2346 1928 gratias
2374 1858 2505 1929 agit,
2536 1868 2592 1914 et
2630 1859 2852 1931 frangit,
2883 1869 2939 1916 et
2976 1836 3072 1917 dai
3109 1836 3391 1935 discipulis
3418 1870 3724 1926 secundum

456 1966 604 2012 ctum
631 1960 717 2012 est
743 1975 759 2012 :
788 1956 890 2011 Hic
913 1967 990 2012 est
1025 1957 1172 2012 calix
1209 1959 1329 2012 novi
1360 1959 1681 2013 testamenti.

525 2048 616 2103 86.
647 2049 810 2101 Amen
841 2048 959 2102 dico
987 2047 1153 2115 vobis,
1204 2049 1345 2121 quod
1383 2049 1574 2103 amodo
1622 2065 1727 2103 non
1774 2049 1950 2103 bibam
1977 2050 2043 2104 de

453 2140 789 2209 generatione
827 2141 951 2194 vitis
993 2141 1175 2210 hujus,
1218 2142 1324 2195 nisi
1359 2157 1480 2195 cum
1510 2140 1683 2194 bibam
1708 2140 1844 2195 illud
1873 2140 2042 2195 nobis-

452 2246 574 2284 cum
607 2246 796 2284 novum
843 2232 901 2285 in
939 2247 1096 2301 regno
1129 2230 1313 2284 Patris
1349 2231 1451 2283 mei
1497 2230 1538 2283 ³.
1574 2227 1680 2283 Sed
1718 2239 1773 2284 et
1801 2229 1868 2284 de
1902 2244 2041 2299 pane

451 2323 657 2376 dictum
690 2331 775 2376 est
827 2324 970 2392 apud
1010 2321 1216 2376 Lucam
1253 2322 1551 2376 similiter:
1597 2319 1870 2376 Desiderio
1898 2321 2041 2375 desi-

450 2415 629 2468 deravi
659 2416 755 2468 hoc
799 2415 998 2485 pascha
1029 2414 1353 2467 manducare
1380 2413 1670 2469 vobiscum.
1705 2411 1839 2467 Dico
1871 2413 2036 2478 nobis,

448 2508 588 2576 quod
623 2511 813 2560 amodo
848 2523 953 2561 non
998 2507 1330 2560 manducabo
1360 2506 1520 2573 illud,
1552 2507 1657 2561 nisi
1680 2505 1950 2575 impletum
1980 2507 2035 2560 in

450 2613 607 2666 regno
659 2598 755 2651 Dei
802 2597 842 2650 ³.
871 2596 1015 2668 Ergo
1062 2597 1418 2652 manducabit
1469 2595 1738 2664 Salvator,
1770 2605 1824 2651 et
1865 2598 2034 2661 bibet,

449 2704 642 2756 panem
694 2689 871 2756 illum,
908 2700 962 2744 et
1006 2698 1194 2759 potum
1247 2689 1558 2758 paschalem
1608 2697 1929 2744 renovatum
1977 2689 2033 2743 iu

447 2794 616 2850 regno
659 2780 781 2848 Dei,
815 2791 870 2836 et
910 2781 1263 2836 manducabit
1289 2789 1344 2836 et
1388 2781 1539 2836 bibet
1579 2794 1704 2835 cum
1748 2779 2035 2850 discipulis

447 2873 583 2928 suis.
623 2872 778 2930 Sicut
805 2877 948 2930 enim
982 2892 1088 2930 non
1120 2876 1367 2945 rapinam
1412 2877 1707 2930 arbitratus
1734 2884 1811 2929 est
1836 2891 1948 2929 esse
1979 2890 2034 2929 se

448 2962 704 3033 tequalem
737 2964 868 3031 Deo,
896 2966 988 3018 sed
1032 2966 1369 3036 semetipsum
1414 2963 1717 3019 humiliavit
1760 2977 1925 3034 usque
1961 2964 2031 3017 ad

443 3064 668 3108 mortem
693 3054 735 3123 ⁸,
768 3056 850 3111 sic
891 3056 1244 3112 manducabit
1269 3071 1490 3127 panem,
1523 3066 1578 3111 et
1603 3057 1754 3111 bibet
1777 3055 1844 3111 de
1868 3070 2032 3124 gene-

445 3144 657 3199 ratione
686 3144 836 3210 vltis,
883 3155 937 3201 et
983 3146 1131 3201 bibet
1163 3160 1396 3214 novum,
1438 3154 1493 3200 et
1532 3155 1754 3217 propter
1800 3146 2026 3200 multam
2055 3179 2098 3236 ο

445 3235 746 3291 bonitatem
798 3251 952 3291 suam
1002 3245 1057 3291 et
1089 3238 1435 3292 dilectionem
1472 3238 1758 3291 hominum
1791 3237 2026 3292 mandu-

442 3327 591 3382 cabit
616 3335 670 3381 et
704 3327 851 3381 bibet
884 3342 1007 3381 cum
1059 3328 1344 3397 discipulis
1396 3329 1548 3395 suis,
1580 3344 1704 3383 cum
1747 3329 2029 3383 tradiderit

442 3434 668 3490 regnum
703 3418 812 3474 Deo
863 3430 920 3474 et
967 3419 1138 3474 Patri.
1186 3422 1419 3475 Attende
1464 3422 1610 3476 enim
1654 3422 1800 3492 quod
1848 3420 2023 3475 dicit:

441 3509 577 3564 Cum
621 3510 797 3564 bibere
844 3512 1020 3581 ipsum
1066 3511 1333 3566 robiscum
1368 3528 1581 3580 novum,
1619 3527 1725 3567 non
1757 3512 1863 3567 alio
1892 3520 2029 3566 tem-

439 3618 595 3674 pore,
632 3603 736 3658 nisi
768 3604 821 3656 in
849 3619 1007 3673 regno
1037 3601 1219 3657 Patris
1250 3604 1371 3658 mei.
1404 3602 1472 3658 Et
1500 3604 1636 3660 alias
1668 3613 1847 3658 autem
1870 3604 1892 3634 ⁵
1923 3619 2028 3656 non

441 3700 657 3766 regnum
689 3695 784 3750 Dei
821 3713 942 3750 esca
969 3704 1019 3749 et
1056 3706 1232 3764 potus.
1266 3695 1634 3766 Corporaliter
1653 3695 1824 3760 enim,
1857 3703 1912 3750 et
1939 3710 2027 3750 se-

441 3785 677 3841 cundum
705 3785 1119 3841 similitudinem
1161 3787 1445 3856 praesentis
1479 3786 1584 3840 cibi
1614 3794 1668 3840 et
1696 3795 1880 3855 potus,
1915 3800 2023 3839 non

438 3886 523 3932 est
543 3892 770 3948 regnum
797 3876 893 3932 Dei
915 3891 1042 3933 esca
1069 3886 1123 3932 et
1150 3887 1309 3948 potus
1333 3876 1419 3933 his
1444 3877 1539 3948 qui
1568 3878 1937 3933 exhibuerunt
1966 3893 2025 3933 se

436 3971 633 4041 dignos
665 3985 805 4040 pane
828 3969 1040 4025 caelesti
1062 3979 1118 4024 et
1150 3984 1290 4039 pane
1315 3969 1659 4040 angelorum,
1688 3979 1743 4023 et
1768 3984 1896 4024 esca
1931 3968 2022 4023 illa

435 4062 504 4117 de
530 4076 637 4132 qua
670 4061 803 4117 dicit
845 4060 1096 4117 Salvator
1125 4077 1138 4113 :
1192 4060 1313 4114 Mea
1341 4077 1460 4115 esca
1504 4069 1581 4114 est
1615 4070 1671 4114 ut
1704 4061 1898 4130 faciam
1928 4077 2023 4114 υθέ

435 4153 692 4206 luntatem
723 4152 838 4221 ejus
859 4154 950 4224 qui
986 4169 1067 4206 me
1099 4152 1269 4217 misit,
1295 4160 1346 4205 et
1374 4151 1648 4221 perﬁciam
1682 4167 1812 4222 apus
1845 4152 1960 4220 ejus
1977 4150 2018 4205 ⁸.

433 4245 706 4314 Quoniam
758 4255 938 4301 autem
987 4246 1042 4300 in
1107 4259 1277 4315 regno
1327 4243 1424 4299 Dei
1473 4244 1925 4300 mandueabimus
1968 4252 2023 4298 et

433 4338 710 4405 bibemus,
747 4353 812 4393 ex
849 4339 1037 4394 multis
1070 4337 1209 4393 locis
1239 4336 1645 4408 Scripturarum
1673 4346 1759 4392 est
1793 4337 2021 4392 demon-

434 4440 631 4489 strare,
666 4428 937 4498 praecipue
963 4444 1029 4482 ex
1059 4443 1126 4484 eo
1154 4428 1302 4499 quod
1331 4427 1594 4497 scriptum
1623 4436 1707 4482 est
1727 4427 1748 4458 ⁷
1779 4425 2017 4482 :Beatus

2142 1948 2290 2017 quod
2321 1949 2702 2020 unusquisque
2727 1965 2918 2006 eorum
2948 1952 3094 2022 capit
3126 1955 3404 2025 accipere;
3436 1967 3491 2012 et
3521 1959 3616 2014 dat
3639 1960 3724 2014 di-

2142 2054 2275 2096 cens
2307 2059 2322 2096 :
2354 2042 2613 2110 Accipite,
2638 2050 2688 2096 et
2712 2042 3028 2097 manducata
3058 2044 3132 2112 ¹¹;
3164 2054 3220 2101 et
3244 2049 3480 2105 ostendit
3504 2052 3724 2120 quando

2140 2148 2238 2189 eos
2289 2133 2395 2190 hoc
2442 2150 2583 2204 pane
2629 2137 2825 2203 nutrit,
2857 2138 3138 2208 proprium
3185 2153 3307 2194 esse
3342 2155 3565 2210 corpus,
3594 2159 3719 2200 cum

2141 2224 2215 2280 sit
2260 2225 2378 2295 ipse
2417 2224 2675 2294 Verbum,
2703 2229 2849 2298 quod
2883 2238 2937 2286 et
2966 2245 3112 2285 nunc
3144 2231 3515 2285 necessarium
3553 2231 3722 2288 babe-

2140 2331 2286 2385 mus,
2317 2326 2373 2405 et
2417 2333 2542 2374 cum
2590 2319 2757 2375 fuerit
2805 2321 2861 2376 in
2911 2336 3079 2391 regno
3118 2320 3211 2376 Dei
3249 2322 3528 2394 impletum
3579 2329 3716 2382 :sed

2138 2421 2288 2463 nunc
2334 2408 2554 2478 quidem
2600 2410 2843 2465 nondum
2894 2410 3174 2481 impletum
3201 2452 3215 2479 ,
3246 2422 3377 2470 tunc
3405 2426 3583 2472 autem
3613 2419 3715 2473 im-

2140 2498 2369 2568 pletum,
2397 2515 2522 2556 cum
2554 2516 2656 2557 nos
2689 2503 2977 2572 praeparati
3003 2503 3269 2561 fuerimus
3296 2506 3361 2560 ad
3392 2509 3714 2579 capiendum

2138 2591 2345 2659 pasdia
2402 2592 2658 2661 plenum,
2706 2595 2851 2664 quod
2896 2598 3044 2651 venit
3093 2608 3151 2655 ut
3195 2600 3453 2671 impleat,
3483 2603 3579 2674 qui
3609 2619 3716 2658 non

2139 2685 2286 2737 venit
2329 2684 2539 2741 solvere
2585 2685 2777 2756 legem,
2818 2687 2911 2742 sed
2940 2691 3281 2763 adimplere.
3320 2692 3388 2748 Et
3420 2711 3564 2749 nunc
3595 2698 3719 2767 qni-

2135 2772 2257 2827 dem
2294 2773 2518 2843 implere
2549 2776 2706 2844 quasi
2743 2791 2837 2846 per
2885 2780 3166 2849 speculum
3208 2782 3263 2837 in
3305 2783 3591 2854 aenigmate
3616 2786 3719 2839 im-

2134 2864 2437 2934 pletiouis:
2491 2874 2623 2923 tunc
2675 2881 2855 2925 autem
2905 2870 3045 2928 facie
3095 2874 3149 2928 in
3209 2873 3405 2930 faciem
3466 2876 3716 2948 implere,
3766 2920 3769 2923 -

2133 2970 2258 3010 cum
2287 2958 2495 3012 venerit
2523 2960 2668 3029 quod
2709 2960 3006 3031 perfectum
3032 2964 3220 3032 εει,ὃί
3252 2983 3380 3038 ergo
3409 2977 3463 3022 et
3487 2984 3587 3025 nos
3618 2985 3717 3024 vo-

2132 3047 2317 3104 lumus
2367 3065 2563 3119 panem
2614 3051 3007 3110 benedictionis
3058 3055 3303 3124 accipere
3343 3060 3412 3113 ab
3456 3058 3582 3115 Jesu
3620 3058 3714 3132 qui

2132 3153 2426 3199 consuetus
2456 3152 2541 3197 est
2569 3160 2691 3199 eum
2719 3147 2868 3213 dare,
2903 3162 3093 3204 eamus
3121 3148 3175 3203 in
3215 3150 3489 3207 civitatem
3525 3153 3578 3208 in
3610 3155 3711 3210 do-

2132 3249 2281 3288 mum
2311 3234 2619 3305 cujusdam,
2655 3235 2746 3290 ubi
2777 3235 2907 3291 facit
2946 3235 3105 3295 Jesus
3149 3242 3353 3308 pascha
3387 3258 3510 3298 cum
3548 3244 3713 3299 disci-

2113 3324 2274 3395 pulis
2331 3327 2447 3381 suis
2495 3328 2930 3396 praeparantibus
2980 3332 3153 3398 ipsum
3203 3333 3348 3387 notis
3399 3334 3609 3402 ipsius,
3659 3345 3713 3389 et

2129 3420 2489 3473 ascendamus
2516 3416 2584 3471 ad
2613 3419 2950 3487 superiorem
2981 3427 3187 3487 partem
3212 3421 3412 3475 domus
3433 3437 3705 3493 magnam,

2129 3516 2183 3562 et
2229 3516 2480 3572 stratam,
2511 3516 2564 3562 et
2609 3515 2989 3577 praeparatam,
3026 3507 3117 3562 ubi
3159 3510 3432 3579 accipiens
3476 3526 3507 3566 a
3545 3510 3707 3565 Patre

2128 3599 2377 3665 calicem,
2420 3608 2475 3654 et
2517 3599 2720 3670 gratias
2770 3614 2972 3669 agens,
3018 3600 3111 3655 dat
3152 3601 3232 3655 eis
3284 3602 3377 3671 qui
3423 3618 3548 3657 cum
3588 3603 3707 3673 ipso
3806 3608 3811 3612 ’

2127 3690 2500 3756 ascenderint,
2532 3691 2766 3745 dicens:
2815 3688 3019 3758 Bibite,
3062 3691 3190 3761 quia
3231 3692 3317 3745 hic
3362 3702 3438 3746 est
3488 3695 3708 3763 sanguis

2126 3800 2271 3839 meus
2315 3784 2433 3837 noui
2484 3783 2783 3837 testamenti
2806 3784 2872 3849 ",
2898 3783 2992 3853 qui
3041 3793 3095 3838 et
3134 3783 3339 3839 bibitur
3379 3793 3435 3840 et
3475 3785 3711 3840 effundi-

2127 3885 2215 3932 tur
2243 3894 2256 3931 :
2287 3876 2488 3932 bibitur
2520 3876 2741 3946 quidem
2794 3891 2826 3931 a
2879 3876 3183 3946 discipulis,
3208 3877 3502 3932 effunditur
3524 3886 3704 3934 autem

2126 3967 2181 4021 in
2211 3966 2591 4023 remissionem
2618 3976 2967 4037 peccatorum
3004 3969 3424 4024 commissorum
3456 3970 3527 4025 ab
3559 3970 3641 4025 eis
3672 3986 3706 4026 a

2123 4058 2556 4129 quibusbibitur
2579 4065 2632 4112 et
2670 4056 2988 4114 effunditur.
3019 4058 3076 4113 Si
3105 4068 3286 4115 autem
3327 4060 3531 4131 quaeris
3563 4076 3703 4130 quo-

2121 4153 2287 4206 modo
2328 4151 2498 4206 etiam
2549 4150 2880 4215 effunditur,
2933 4151 3147 4207 discute
3200 4168 3323 4207 cum
3381 4153 3487 4208 hoc
3536 4152 3706 4208 verbo

2120 4242 2283 4296 etiam
2318 4240 2466 4312 quod
2498 4241 2761 4311 scriptum
2797 4251 2882 4297 est
2910 4242 2955 4275 “
2994 4262 3007 4296 :
3041 4241 3308 4307 Quoniam
3340 4243 3573 4298 charitas
3605 4243 3706 4298 Dei

2119 4328 2288 4397 eﬁ'usa
2315 4339 2392 4383 est
2421 4329 2476 4383 in
2504 4328 2752 4382 cordibus
2799 4333 3016 4386 nostris.
3048 4332 3107 4386 Si
3153 4344 3332 4388 autem
3373 4334 3599 4404 sanguis
3624 4343 3703 4389 te-

2118 4419 2376 4474 stamenti
2404 4418 2621 4476 infusus
2644 4428 2729 4475 est
2750 4420 2805 4474 in
2833 4422 2999 4477 corda
3027 4432 3212 4478 nostra
3243 4424 3295 4478 in
3321 4426 3704 4483 remissionem

432 4521 524 4590 qui
566 4519 970 4574 manducauerit
1020 4537 1208 4590 panem
1234 4522 1291 4575 in
1325 4537 1480 4591 regno
1513 4520 1626 4574 Dei.
1655 4518 1797 4589 Ergo
1824 4519 2017 4589 imple-
2046 4526 2097 4585 D
2120 4519 2469 4582 peccatorum
2502 4520 2842 4578 nostrorum,
2865 4510 3038 4568 είῐυεο
3070 4529 3136 4569 eo
3176 4516 3395 4583 potabili
3436 4518 3704 4587 sanguine

432 4610 580 4665 bitur
602 4610 656 4664 in
690 4625 859 4681 regno
889 4610 982 4665 Dei
1011 4611 1118 4665 hoc
1156 4612 1392 4682 pascha,
1424 4619 1479 4666 et
1504 4612 1855 4667 manducabit
1884 4626 2013 4667 eum

430 4690 593 4759 Jesus
644 4718 768 4758 cum
817 4703 1104 4773 discipulis
1153 4704 1291 4768 suis,
1338 4713 1392 4758 et
1439 4704 1614 4770 bibet;
1659 4714 1714 4759 et
1753 4704 2012 4775 quoniam

429 4797 577 4866 quod
599 4796 730 4852 dicit
751 4796 1049 4868 Apostolus
1071 4796 1131 4849 δε
1179 4794 1348 4849 Nemo
1375 4812 1462 4849 vos
1489 4796 1695 4866 judicet
1724 4797 1781 4850 in
1813 4786 1932 4849 esca
1963 4805 2013 4850 et

430 4889 484 4941 in
521 4897 672 4955 potu,
700 4896 755 4942 et
790 4897 1018 4953 czetera,
1049 4905 1167 4959 quae
1196 4897 1317 4943 sunt
1353 4887 1543 4942 umbra
1571 4889 1891 4957 futurorum,
1928 4901 2013 4941 re-

430 4980 757 5035 velationem
805 4980 967 5034 habet
1016 4983 1082 5035 ad
1130 4978 1313 5034 futura
1361 4979 1619 5052 mysteria
1666 4979 1735 5033 de
1775 4978 1917 5033 escis
1960 4988 2014 5032 et

427 5068 649 5139 potibus
673 5069 1030 5138 spiritalibus,
1063 5084 1299 5139 quorum
1328 5069 1523 5123 umbra
1549 5068 1770 5123 fuerunt
1792 5082 1915 5137 qua:
1945 5066 2015 5121 de

427 5161 569 5216 escis
600 5168 653 5215 et
688 5162 907 5230 potibus
934 5161 989 5215 in
1022 5160 1139 5232 lege
1168 5160 1387 5216 fuerant
1415 5162 1637 5231 scripta.
1663 5157 2011 5215 Manifestum

425 5264 510 5310 est
534 5262 713 5308 autem
743 5252 1003 5324 quoniam
1036 5268 1221 5308 veram
1268 5268 1451 5308 escam
1497 5260 1555 5307 et
1589 5267 1778 5306 verum
1822 5258 2008 5321 potum

426 5345 882 5402 manducabimus
916 5354 970 5400 et
996 5345 1247 5401 bibemus
1281 5346 1336 5400 in
1374 5360 1540 5415 regno
1570 5343 1700 5411 Dei,
1733 5343 2008 5399 aediderun-

425 5450 509 5493 tes
541 5455 638 5509 per
668 5454 732 5494 ea
762 5451 817 5494 et
848 5437 1222 5494 confortantes
1261 5437 1604 5493 verissimam
1634 5436 1779 5490 illam
1812 5435 2002 5491 vitam.

2121 4601 2176 4656 in
2201 4601 2365 4657 corda
2397 4611 2609 4669 nostra,
2642 4603 2991 4658 remittuntur
3016 4612 3069 4658 et
3097 4604 3347 4661 delentur
3368 4608 3553 4663 omnia
3580 4623 3704 4679 qua

2121 4697 2395 4768 gessimus
2422 4707 2548 4753 ante
2577 4706 2823 4768 peccata.
2852 4696 2973 4767 Ipse
3009 4707 3191 4755 autem
3231 4701 3324 4770 qui
3355 4713 3580 4772 accepto
3610 4718 3702 4758 ca-
3804 4760 3808 4765 λ

2121 4785 2225 4840 lice
2252 4785 2387 4840 dicit
2411 4787 2456 4818 "
2480 4802 2493 4838 :
2530 4786 2708 4842 Bibite
2735 4803 2801 4842 ea:
2832 4788 2928 4842 liae
2956 4805 3164 4856 omnes,
3192 4791 3352 4846 nobis
3388 4792 3699 4849 bibentibus

2121 4894 2230 4933 non
2255 4878 2486 4935 discedit
2508 4896 2539 4935 a
2575 4880 2753 4946 nobis,
2785 4883 2879 4936 sed
2923 4880 3061 4936 bibit
3091 4897 3214 4936 eum
3260 4883 3544 4938 nobiscum
3571 4899 3691 4938 cum

2116 4970 2190 5027 sit
2240 4972 2294 5025 in
2345 4971 2577 5042 singulis
2606 4972 2722 5043 ipse
2766 4974 3069 5043 :quoniam
3111 4990 3220 5029 non
3268 4990 3559 5044 possumus
3592 4975 3694 5030 soli

2114 5071 2170 5118 et
2197 5062 2318 5118 sine
2360 5079 2426 5117 eo
2469 5064 2553 5120 vel
2601 5064 2935 5120 manducare
2974 5066 3043 5120 de
3083 5082 3223 5136 pane
3255 5067 3368 5134 illo,
3398 5068 3482 5122 vel
3514 5068 3698 5123 bibere

2117 5155 2185 5210 de
2208 5155 2557 5225 generatione
2604 5155 2752 5212 illius
2791 5157 2919 5212 vitis
2946 5172 3104 5213 verte.
3138 5157 3249 5213 Nec
3295 5159 3509 5214 mireris
3553 5174 3696 5231 quo-

2117 5248 2264 5303 niam
2296 5247 2411 5316 ipse
2442 5255 2528 5302 est
2555 5255 2609 5302 et
2637 5249 2829 5318 panis,
2868 5259 2924 5303 et
2961 5249 3254 5304 manducat
3282 5251 3569 5306 nobiscum
3600 5266 3698 5320 pa-

2116 5356 2262 5405 nem,
2298 5342 2415 5411 ipse
2435 5352 2521 5397 est
2541 5352 2595 5397 et
2619 5353 2778 5412 potus
2806 5343 3176 5412 generationis
3203 5343 3270 5397 de
3305 5344 3431 5412 vite,
3465 5357 3519 5399 et
3559 5346 3698 5401 bibit

2115 5433 2425 5489 nobiscum.
2470 5431 2832 5503 Omnipotens
2877 5442 2961 5487 est
3008 5433 3156 5488 enim
3206 5431 3442 5489 Verbum
3489 5435 3608 5505 Dei,
3641 5446 3698 5491 ct

497 5559 518 5589 ⁸
546 5554 736 5611 Matth.
772 5571 922 5619 xxvi,
942 5553 1033 5610 29.
1112 5555 1133 5586 ⁸
1162 5553 1293 5608 an.
1335 5569 1469 5619 χχιι,
1506 5552 1593 5607 15.
1668 5552 1691 5623 ἒ
1719 5551 1915 5623 Philip.
1950 5567 2010 5615 ll,
2041 5551 2152 5623 6-8.
2232 5551 2255 5584 ⁸
2281 5546 2697 5623 Romaniut”.
2747 5549 2795 5623 __‘
2817 5546 3069 5623 Joan._|v,
3095 5549 3279 5623 dtu"
3308 5549 3439 5606 Luc.
3470 5552 3691 5623 “v.15.

424 5624 446 5656 '
475 5625 687 5680 Coloss.
722 5643 782 5690 ll,
840 5625 928 5689 16,
964 5625 1051 5678 17.
1154 5626 1175 5657 ³
1212 5624 1400 5678 Matth.
1438 5639 1586 5685 xxvi,
1616 5622 1706 5686 26,
1754 5622 1847 5678 27.

428 5694 471 5726 ⁸³
498 5694 688 5750 Matth.
721 5711 871 5762 xxvu,
902 5693 992 5758 27,
1025 5694 1115 5750 28.

1961 5623 2006 5655 ¹⁶
2039 5622 2174 5677 Gen.
2216 5635 2410 5687 xxvm,
2442 5619 2634 5674 20.22.

1218 5694 1262 5726 “
1289 5693 1448 5749 Rom.
1480 5710 1536 5757 v,
1566 5693 1618 5748 5.
1696 5695 1738 5727 ιδ
1763 5693 1953 5748 Matth.
1988 5708 2132 5759 xxvr,
2154 5691 2244 5747 27.

2743 5619 2787 5650 “
2822 5635 2898 5684 γι,
2923 5620 3013 5674 52.
3124 5620 3165 5652 ³³
3200 5620 3385 5675 Matth.
3424 5638 3570 5687 tum,
3598 5622 3689 5678 26.

500 5807 611 5875 (88)
644 5807 880 5875 Uterque
921 5825 1022 5864 ms.
1072 5810 1239 5865 codex
1277 5808 1457 5876 habet,
1491 5823 1677 5861 currus
1727 5806 1820 5862 Dei
1876 5805 2103 5860 Verbum
2116 5821 2134 5870 ;
2192 5804 2284 5859 sed
2316 5801 2601 5874 legendum
2640 5800 2853 5856 videtur
2895 5819 2907 5854 :
2944 5817 3132 5869 corpus
3160 5800 3258 5856 Dei
3298 5802 3473 5860 Verbi.
3504 5844 3513 5849 -
