4112 6458
400 380 423 432 1
436 378 540 434 73'!

1572 374 2227 440 COMMENTARIORUM
2272 383 2536 443 SERIES.

3540 400 3683 456 I733

397 503 630 560 diversis
672 505 1126 577 appellationibus
1167 517 1536 578 nuncupatur,
1574 520 1627 564 et
1668 511 1983 567 innumera-
2013 517 2057 573 Α
2086 512 2213 567 dum
2266 512 2619 585 Scripturam'
2659 530 2759 586 pro
2812 515 2972 572 nobis
3027 516 3285 573 omnibus
3336 515 3499 573 Pater
3541 519 3685 576 Filio

404 598 528 653 bilis
575 608 660 653 est
704 599 821 668 ipse
877 599 1179 654 secundum
1232 600 1634 656 multitudinem
1693 603 1981 669 virtutum,

399 706 524 744 cum
552 692 622 745 sit
652 692 833 747 omnis
856 693 1031 747 virtus
1066 709 1209 749 unus
1254 704 1311 748 et
1358 694 1494 764 ipse.
1525 694 1729 750 Deinde
1757 696 1987 751 docebat

399 766 698 854 discipulos
734 786 827 855 qui
872 784 1223 841 festivitatem
1264 788 1674 843 celebraverunt
1710 804 1834 844 cum
1872 789 1983 844 Ma-

402 876 595 946 gistro,
622 883 674 931 ct
698 888 1023 946 acceperant
1060 878 1457 935 benedictionis
1496 896 1715 950 panem,
1747 890 1802 936 et
1825 897 1984 935 man-

402 965 734 1020 ducaverant
763 981 964 1036 corpus
998 964 1183 1034 Verbi,
1224 977 1277 1022 et
1313 968 1562 1024 biberant
1602 970 1826 1025 calicem
1862 986 1985 1041 gra-

398 1055 597 1109 tiarum
631 1056 897 1124 actionis,
946 1073 1047 1127 pro
1084 1058 1169 1113 bis
1200 1059 1458 1115 omnibus
1508 1060 1769 1132 hymnum
1805 1061 1985 1116 dicere

395 1141 565 1209 Palri,
596 1154 648 1198 et
675 1146 741 1199 de
778 1147 887 1200 alto
923 1147 1154 1202 transire
1181 1147 1233 1201 in
1274 1148 1440 1202 altum
1470 1168 1483 1203 :
1516 1150 1642 1219 quia
1675 1149 1846 1205 fidelis
1875 1167 1981 1204 non

393 1241 572 1302 potest
619 1235 913 1305 aliquando
960 1237 1166 1307 aliquid
1213 1254 1371 1308 agere
1419 1240 1475 1293 in
1526 1241 1802 1307 convalle;
1854 1257 1980 1311 pro-

392 1333 580 1394 pterea
612 1328 973 1383 ascenderunt
1001 1330 1055 1383 in
1091 1340 1331 1385 montem
1358 1329 1575 1399 Oliveti,
1613 1333 1666 1387 in
1696 1349 1805 1403 quo
1842 1351 1981 1389 uua-

391 1432 624 1487 quaeque
670 1419 811 1473 oliva
847 1421 1006 1490 quasi
1052 1422 1219 1477 arbor
1268 1422 1473 1480 faciens
1523 1424 1759 1479 fructum
1800 1426 1982 1481 dicere

391 1515 619 1576 potest:
658 1508 769 1579 Ego
800 1521 975 1585 autem
1010 1514 1149 1567 sicut
1198 1514 1337 1568 oliva
1382 1515 1667 1586 fructifera
1719 1519 1773 1571 in
1824 1520 1979 1572 domo

396 1596 495 1651 Dei
518 1598 582 1653 ¹⁶.
618 1598 675 1654 ΕΙ
714 1602 807 1670 qui
835 1604 1074 1657 nondum
1108 1615 1236 1660 sunt
1267 1605 1396 1662 facti
1430 1610 1588 1678 quasi
1620 1611 1759 1666 oliva
1789 1611 2013 1679 fructi-,

394 1689 506 1744 fera
533 1691 699 1761 900
727 1693 781 1746 in
828 1693 992 1749 domo
1044 1694 1157 1762 Dei,
1205 1699 1298 1752 sed
1333 1710 1463 1754 sunt
1491 1701 1670 1757 adhuc
1702 1705 1856 1772 quasi
1885 1722 1980 1758 no-

394 1784 529 1839 cella
563 1787 822 1842 olivarum
868 1791 922 1844 in
961 1790 1189 1846 circuitu
1241 1810 1435 1848 mensa:
1480 1796 1523 1827 ³⁷
1565 1797 1827 1866 spiritalis
1874 1798 1978 1854 Pa-

392 1874 491 1929 tris
520 1877 626 1944 sui,
658 1892 885 1947 pessum
906 1897 1029 1937 esse
1066 1883 1119 1936 in
1151 1891 1335 1937 monte
1358 1882 1576 1951 Oliveti,
1618 1886 1686 1941 de
1715 1904 1825 1957 quo
1854 1903 1976 1957 pro-

389 1965 578 2035 phetat
603 1980 655 2022 et
688 1969 1000 2027 Zacharias.
1026 1972 1091 2027 Et
1124 1989 1287 2043 quam
1318 1983 1441 2044 apte
1477 1991 1636 2031 mons
1667 1977 1978 2033 misericor-

390 2056 495 2112 dias
525 2068 609 2115 est
649 2061 886 2130 electus,
919 2064 1009 2117 ubi
1048 2066 1499 2134 pronuntiaturus
1532 2066 1711 2123 fuerat
1746 2071 1975 2125 scanda-

391 2147 502 2203 lum
551 2151 887 2209 infirmitatis
930 2156 1323 2225 discipulorum
1375 2174 1602 2214 suorum
1638 2179 1650 2214 :
1687 2162 1815 2231 quia
1865 2178 1973 2218 non

387 2243 611 2311 optabat
646 2253 704 2299 ut
740 2246 909 2313 fieret,
950 2247 1043 2302 sed
1075 2250 1466 2318 pronuntiabat
1496 2253 1643 2322 quod
1675 2261 1794 2307 erat
1824 2252 1970 2309 futu-

386 2350 532 2403 rum,
560 2336 673 2407 jam
719 2347 847 2394 tunc
884 2350 1221 2410 praeparatus
1249 2359 1355 2397 non
1399 2354 1459 2400 ut
1497 2346 1780 2415 repelleret
1810 2347 1977 2403 disci-

386 2428 546 2497 pulos
575 2428 985 2496 dcscendcutcs,
1029 2433 1124 2488 sed
1165 2443 1224 2490 ut
1272 2435 1538 2505 reciperet
1572 2446 1972 2494 convcrtentes.

457 2518 546 2574 87.
584 2519 728 2575 Tunc
758 2523 887 2577 dicit
922 2524 998 2578 eis
1031 2524 1188 2580 Iesus
1228 2542 1248 2581 :
1279 2526 1469 2582 Omnes
1517 2545 1605 2582 vos
1657 2530 1971 2584 scandalum

383 2611 661 2678 patiemini
692 2614 744 2666 in
776 2630 855 2667 me
886 2616 984 2669 hac
1015 2626 1181 2672 nocte.
1214 2615 1483 2689 Scriptum
1508 2631 1586 2674 est
1619 2622 1756 2674 enim
1780 2639 1799 2676 :
1838 2621 1973 2676 Pcr—

384 2702 585 2755 cutinm
616 2715 904 2770 pastorem,
941 2718 987 2760 et
1017 2708 1385 2778 dispergentur
1427 2727 1543 2766 oves
1592 2712 1785 2782 gregis.
1837 2711 1972 2767 Cum

382 2800 561 2844 autent
609 2808 919 2863 surrexere,
971 2799 1267 2865 prwcedam
1322 2815 1411 2854 uos
1468 2801 1521 2854 in
1577 2800 1860 2856 Galilwam
1904 2801 1968 2856 ⁸⁸.

385 2881 489 2947 Qui
518 2885 981 2955 scandalizantur,
1015 2904 1123 2943 non
1166 2890 1219 2944 in
1250 2889 1339 2947 die
1374 2892 1836 2962 scandalizantur,
1874 2895 1970 2951 sed

386 2971 441 3026 in
479 2984 658 3041 nocte,
685 2986 737 3031 ct
767 2977 819 3031 in
848 2988 1007 3033 nocte
1050 2979 1143 3035 illa
1181 2982 1233 3036 in
1269 2998 1377 3053 qua
1414 2985 1663 3053 proditur
1693 2984 1966 3041 Christus.

385 3063 477 3120 Sic
508 3066 653 3120 enim
692 3077 747 3122 et
776 3065 971 3125 Petrus
1006 3071 1314 3142 denegans,
1357 3090 1467 3130 non
1502 3074 1555 3129 in
1597 3076 1684 3130 die
1716 3077 1967 3147 denegat,

378 3156 473 3211 sed
515 3157 569 3210 in
608 3170 786 3226 nocte,
818 3169 873 3215 et
906 3161 958 3214 in
995 3171 1154 3217 nocte
1197 3164 1285 3218 cui
1330 3167 1573 3221 nondum
1623 3166 1963 3237 prepiuqua-

376 3258 530 3304 verat
585 3251 698 3316 lux,
734 3261 861 3307 ante
894 3263 1115 3310 cautum
1167 3257 1313 3310 enim
1369 3257 1495 3327 galli
1540 3227 1815 3329 nega-Si
1842 3227 1966 3328 quis
1994 3227 2039 3289 C

376 3353 556 3399 autem
588 3356 799 3416 quaerat
826 3351 1101 3419 quomodo
1130 3360 1254 3421 post
1288 3362 1433 3408 tanta
1459 3362 1514 3409 et
1543 3354 1669 3409 talia
1701 3354 1878 3425 signa,
1915 3364 1971 3411 et

376 3437 644 3509 prodigia,
670 3447 725 3493 et
748 3456 1032 3497 sermones
1057 3457 1166 3498 non
1197 3459 1260 3499 ex
1294 3444 1544 3500 inferiori
1574 3446 1774 3502 virtute
1801 3462 1967 3516 quam

374 3543 441 3582 ex
470 3544 575 3598 qua
601 3530 741 3586 facta
776 3531 993 3590 fuerant
1026 3537 1180 3606 signa
1207 3538 1545 3608 etprodigia,
1577 3539 1775 3604 dictos,
1801 3555 1967 3594 scan-

375 3622 684 3678 dalizantur
707 3626 959 3696 discipuli
993 3645 1006 3680 :
1043 3629 1183 3683 sciat
1226 3630 1355 3698 quia
1398 3631 1515 3684 vult
1556 3633 1843 3687 ostendere
1873 3648 1969 3702 per

375 3715 493 3772 haec
518 3733 719 3783 sermo,
745 3721 1005 3787 quoniam
1038 3720 1181 3773 sicut
1203 3736 1350 3773 nemo
1380 3731 1550 3790 potest
1579 3723 1750 3775 dicere
1782 3723 1968 3776 Domi-

376 3824 500 3861 num
525 3807 709 3862 Iesum
729 3850 743 3875 ,
776 3809 881 3862 nisi
925 3811 977 3863 in
1015 3809 1220 3880 Spiritu
1253 3821 1434 3865 sancto
1468 3813 1531 3877 “,
1563 3813 1645 3867 sic
1677 3828 1838 3867 nemo
1868 3829 1968 3884 po-

377 3906 481 3954 test
513 3899 632 3954 sine
665 3900 925 3955 scandalo
952 3916 1074 3956 esse
1108 3902 1229 3957 sine
1263 3901 1469 3971 Spiritu
1497 3913 1710 3958 sancto.
1732 3904 1965 3971 Quando

375 3998 558 4044 autem
595 3990 920 4059 implebatur
963 3991 1108 4060 quod
1152 3990 1365 4047 dixerat
1405 3990 1568 4064 Iesus
1600 4012 1614 4048 :
1656 3994 1848 4051 Omnes
1877 4013 1965 4052 vos

376 4082 691 4136 scandalum
724 4084 1003 4153 patiemini
1030 4084 1086 4137 in
1116 4101 1198 4139 me
1221 4084 1321 4139 hac
1344 4094 1513 4155 nocte,
1539 4088 1770 4141 nondum
1806 4090 1965 4145 datus

375 4185 491 4230 erat
523 4174 760 4245 Spiritus
787 4184 1003 4229 sanctus
1036 4177 1243 4243 adhuc,
1268 4179 1515 4248 quoniam
1546 4179 1701 4235 Iesus
1733 4182 1966 4235 nondum

375 4266 550 4336 fuerat
592 4266 973 4335 honoriﬁcatus
1000 4267 1068 4320 ὀ.
1107 4265 1220 4323 Nos
1263 4277 1465 4324 autem
1491 4279 1781 4342 postquam
1832 4283 1966 4327 con-

378 4356 506 4414 féssi
540 4357 809 4413 fuerimus
844 4356 1135 4413 Dominum
1185 4357 1371 4416 Iesum
1416 4361 1470 4416 in
1511 4362 1716 4433 Spiritu
1752 4373 1962 4433 saneto,

375 4450 635 4521 quoniam
666 4450 756 4519 qui
789 4448 994 4521 Spiritu
1022 4449 1118 4504 Dei
1148 4461 1398 4521 aguntur,
1422 4453 1477 4505 lii
1497 4454 1600 4523 [itii
1628 4454 1725 4508 Dei
1756 4458 1961 4524 sunt“,

2091 605 2252 659 unico
2293 621 2398 659 non
2447 609 2709 676 pepercit,
2742 607 2835 662 sed
2883 607 3106 662 tradidit
3135 622 3259 661 eum
3296 623 3399 678 pro
3436 611 3599 666 nobis
3633 613 3686 645 “

2090 692 2142 745 iu
2193 694 2526 762 passionem,
2565 703 2624 749 ut
2672 695 2739 749 ad
2792 695 3066 750 modicum
3119 694 3504 768 disperguntur
3546 716 3679 756 oves

2086 786 2266 855 gregis
2297 786 2614 840 scandalum
2647 787 2814 855 passi,
2845 795 2970 856 post
2998 787 3101 842 hoc
3129 795 3680 859 autemuzongregen-

2086 882 2176 927 tur
2200 889 2229 927 a
2263 885 2581 946 resurgeute
2606 876 2845 943 Christo,
2879 886 2933 932 et
2961 878 3298 947 praecedente
3324 894 3419 934 eos
3445 882 3500 934 iu
3529 881 3680 935 Gali-

2085 965 2263 1030 lzeam,
2299 968 2392 1037 qui
2427 984 2487 1023 se
2527 971 2681 1039 sequi
2712 970 2985 1024 voluerint
3023 969 3077 1024 in
3123 968 3425 1036 Galilaeam,
3456 983 3513 1025 ut
3544 986 3676 1042 gen.

2086 1057 2220 1111 tium
2252 1060 2483 1129 populus
2519 1061 2611 1129 qui
2643 1062 2865 1116 sedebat
2892 1062 2946 1116 in
2978 1061 3237 1125 tenebris,
3281 1062 3458 1116 videat
3490 1062 3677 1120 lumen

2086 1164 2367 1220 magnum,
2400 1161 2454 1206 et
2486 1152 2579 1223 qui
2632 1153 2687 1207 in
2737 1154 2959 1226 regione
3003 1163 3058 1210 et
3092 1154 3283 1209 umbra
3324 1154 3540 1219 mortis,
3581 1155 3672 1211 lux

2083 1241 2162 1295 eis
2195 1242 2406 1297 oriatur
2435 1245 2501 1298 ⁸⁵.

2154 1332 2243 1387 88.
2275 1332 2607 1403 Respcndens
2649 1347 2829 1391 autem
2862 1334 3052 1391 Petrus
3100 1338 3239 1392 dixit
3270 1338 3320 1391 ei
3352 1354 3370 1391 :
3404 1336 3465 1393 Si
3494 1354 3673 1393 omnes

2082 1422 2438 1476 scandaliznti
2488 1425 2718 1493 fuerint,
2767 1443 2860 1497 ego
2920 1443 3190 1499 nunquam
3241 1429 3670 1485 scandalizabor.

2080 1511 2233 1566 Dixit
2262 1514 2310 1566 ei
2342 1513 2499 1569 Iesus
2530 1531 2550 1569 :
2577 1518 2740 1571 Amen
2770 1518 2889 1571 dico
2933 1519 3051 1585 tibi,
3079 1520 3333 1589 quoniam
3355 1521 3411 1574 in
3437 1522 3540 1575 ista
3573 1538 3669 1575 no-

2081 1613 2179 1667 cte,
2212 1606 2523 1675 priusquam
2570 1608 2745 1677 gallus
2795 1619 2990 1677 cantet,
3030 1620 3109 1664 ter
3143 1628 3224 1665 me
3258 1614 3490 1682 negabis.
3518 1612 3670 1669 Dixit

2079 1697 2128 1750 ei
2163 1696 2356 1752 Petrus
2388 1714 2407 1751 :
2446 1698 2564 1753 Etsi
2614 1703 2907 1771 oportuerit
2950 1719 3033 1757 me
3062 1712 3231 1757 tecum
3276 1705 3434 1770 mori,
3480 1721 3587 1759 non
3621 1716 3672 1761 te

2081 1791 2298 1858 negabo.
2356 1789 2618 1846 Similiter
2661 1803 2710 1848 et
2769 1810 2945 1848 omnes
2993 1795 3246 1865 discipuli
3301 1798 3550 1850 dixerunt
3599 1798 3666 1852 “.

2013 1875 2051 1929 Β
2083 1879 2223 1935 Dicit
2253 1882 2548 1951 Apostolus
2577 1885 2630 1938 in
2666 1885 2905 1956 Epistula
2940 1886 3007 1941 ad
3044 1886 3320 1942 Romanos
3348 1888 3392 1917 "
3430 1907 3443 1941 :
3476 1885 3537 1942 Si
3571 1904 3671 1941 au-

2084 1980 2184 2024 tem
2237 1972 2371 2026 Deus
2402 1988 2583 2041 verax,
2629 1976 2799 2028 onmis
2845 1985 3023 2030 autem
3070 1976 3222 2029 homo
3254 1976 3501 2039 mendax,
3533 1978 3670 2030 sicut

2080 2063 2335 2131 scriptum
2389 2073 2516 2129 est;
2568 2080 2675 2119 non
2730 2066 3054 2138 pnecipiens
3108 2082 3328 2121 omnem
3391 2068 3666 2122 hominem

2080 2154 2196 2208 fieri
2230 2154 2569 2222 mendacem,
2617 2158 2711 2213 sed
2752 2158 3116 2228 pronuntians
3164 2173 3288 2213 esse
3328 2158 3667 2226 mendacem,

2077 2247 2292 2314 psalmo
2325 2247 2539 2304 dicente
2561 2249 2607 2281 ’⁸
2634 2266 2648 2302 :
2683 2248 2792 2320 Ego
2823 2249 2939 2303 dixi
2963 2251 3015 2303 in
3044 2266 3258 2303 excessu
3283 2249 3471 2303 mentis
3502 2265 3667 2304 meae:

2083 2336 2269 2392 Omnis
2305 2338 2460 2393 homo
2504 2339 2754 2394 mendax.
2790 2338 2892 2395 llic
2935 2348 3115 2394 autem
3161 2338 3389 2405 Petrus,
3440 2340 3669 2395 audiens

2079 2424 2416 2483 Salvatorem
2449 2428 2716 2484 dicentem
2749 2446 2761 2481 :
2801 2427 2993 2483 Omnes
3026 2445 3114 2482 vos
3153 2428 3467 2483 scandalum
3498 2429 3668 2498 patie-

2077 2520 2210 2573 mini
2233 2519 2290 2575 in
2323 2534 2402 2572 me
2432 2520 2532 2573 hac
2562 2529 2730 2587 nocte,
2766 2519 3056 2574 Dominum
3086 2527 3336 2574 nostrum
3379 2517 3663 2587 proﬁteba-

2074 2621 2165 2668 tur
2190 2612 2369 2668 facere
2398 2613 2715 2667 mendacem
2749 2627 2843 2682 per
2875 2626 2939 2667 ea
2973 2626 3096 2682 quas
3123 2611 3226 2666 sibi
3270 2611 3551 2665 conlidens
3577 2611 3666 2666 di-

2074 2703 2231 2758 cehat
2265 2719 2278 2755 :
2312 2702 2372 2758 Si
2399 2719 2577 2757 omnes
2610 2702 2967 2757 scandalizati
3004 2702 3225 2769 fuerint,
3251 2718 3345 2771 ego
3373 2717 3476 2755 non
3511 2718 3666 2756 scan-

2075 2789 2386 2856 dalizabor,
2440 2806 2550 2846 non
2597 2792 2952 2847 considerans
2997 2793 3259 2862 quoniam
3318 2793 3414 2863 qui
3463 2792 3602 2848 dixit
3646 2811 3661 2847 -.

2076 2880 2188 2952 Ego
2234 2898 2352 2936 sum
2396 2884 2592 2937 ueritas
2641 2884 2706 2949 “,
2741 2883 2958 2938 mentiri
2993 2898 3103 2937 non
3149 2892 3380 2953 poterat.
3433 2882 3665 2953 Propter

2074 2975 2200 3038 hoc,
2236 2977 2396 3036 sicuti
2421 2977 2698 3045 existimo,
2727 2990 2919 3034 omnes
2949 2978 3168 3048 quidem
3207 2977 3464 3047 discipuli
3500 2991 3661 3031 scan-

2072 3066 2290 3124 dalizati
2326 3077 2455 3122 suut
2500 3075 2712 3122 tantum
2758 3068 2812 3122 in
2855 3068 3082 3135 Iesum;
3114 3067 3307 3123 Petrus
3334 3076 3537 3134 autem,
3567 3066 3662 3137 qui

2072 3158 2407 3214 existimavit
2442 3159 2759 3214 mendacem
2801 3174 2963 3229 posse
3008 3159 3189 3215 facere
3217 3160 3522 3225 veritatem,
3552 3173 3662 3214 non

2073 3258 2282 3304 tantum
2316 3251 2719 3307 scandalizatus
2746 3260 2851 3317 est,
2878 3252 2973 3307 sed
3001 3253 3166 3307 etiam
3203 3253 3499 3308 derelictus
3532 3266 3663 3321 pro-

2072 3351 2192 3412 pter
2221 3343 2483 3399 audacem
2527 3358 2685 3399 suam
2736 3345 3197 3413 promissionem,
3242 3344 3400 3414 juxta
3432 3345 3665 3400 scanda-

2071 3434 2184 3490 lum
2210 3435 2376 3491 ctiam
2403 3436 2709 3508 denegavit.
2741 3435 2807 3490 Et
2837 3437 3097 3507 quoniam
3127 3451 3235 3490 non
3263 3438 3439 3491 solum
3469 3437 3665 3492 incon-

2072 3528 2329 3597 siderate,
2366 3528 2458 3584 sed
2492 3543 2632 3598 pene
2664 3529 2829 3582 etiam
2867 3528 3033 3597 impie
3069 3525 3252 3581 dixit:
3286 3525 3357 3578 Et
3394 3527 3441 3580 si
3484 3541 3662 3580 omnes

2071 3618 2437 3673 scandalizati
2482 3620 2684 3688 fuerint
2729 3620 2786 3671 in
2834 3627 2902 3685 te,
2951 3634 3044 3687 ego
3075 3633 3179 3670 non
3225 3616 3661 3681 scandalizabor,

2073 3724 2173 3764 nec
2196 3710 2448 3781 cegitans
2474 3709 2742 3764 lubricam
2766 3718 3024 3763 naturam
3056 3710 3375 3773 humanam,
3400 3722 3660 3776 magnum

2069 3801 2298 3872 pr0tulit
2335 3801 2585 3867 verbum,
2625 3799 2747 3854 ideo
2778 3814 2880 3854 nec
2919 3800 2986 3853 ad
3020 3799 3296 3853 modicum
3333 3808 3417 3854 est
3459 3799 3660 3855 dereli-

2069 3901 2212 3959 ctus,
2249 3900 2309 3946 ut
2338 3891 2547 3948 scilicet
2568 3891 2882 3961 denegaret,
2913 3891 2994 3945 vel
3018 3891 3186 3947 semel
3220 3893 3533 3962 denegaret,
3567 3892 3661 3947 sed

2069 3984 2440 4040 abundantius
2490 3983 2927 4053 derelinquitur,
2973 3992 3037 4038 ut
3090 3993 3174 4039 ter
3220 3983 3513 4055 denegaret
3554 3994 3662 4040 :ut

2069 4086 2333 4147 arguatur
2374 4076 2603 4132 audacia
2648 4074 3029 4146 promissionis
3066 4076 3188 4146 ejus
3228 4091 3326 4147 per
3361 4092 3526 4131 unam
3558 4093 3661 4131 au-

2068 4171 2270 4239 cillam,
2302 4179 2356 4226 ct
2384 4170 2489 4223 hoc
2510 4169 2735 4223 verbum
2766 4167 3190 4238 interrogantem
3220 4167 3653 4225 et'dicentem“:

2069 4264 2140 4319 Et
2171 4273 2227 4317 tu
2258 4279 2376 4317 cum
2408 4260 2538 4317 Iesu
2582 4260 2810 4316 Galitcco
2843 4277 2981 4315 eras.
3029 4259 3100 4314 Et
3151 4260 3428 4330 denegavit
3477 4276 3658 4314 coram

2068 4357 2310 4411 omnibus
2337 4356 2515 4409 dicens
2541 4373 2559 4411 :
2591 4351 2781 4408 Nescia
2807 4353 2936 4423 quid
2980 4353 3139 4408 dicis.
3172 4352 3243 4406 Et
3273 4355 3465 4407 iterum
3501 4353 3659 4406 dene-

2068 4449 2234 4521 gavit,
2265 4464 2373 4503 non
2403 4445 2746 4517 simpliciter,
2784 4445 2879 4501 sed
2911 4460 3029 4498 cum
3050 4445 3382 4515 juramento.
3409 4443 3477 4498 Et
3500 4443 3657 4499 tertia

376 4543 423 4597 si
461 4551 585 4612 post
623 4541 889 4612 Spiritum
936 4552 1188 4599 sanctum
1235 4545 1551 4600 scandalum
1601 4548 1749 4616 passi
1798 4547 1966 4603 fueri-
1999 4558 2040 4612 [ι
2069 4542 2186 4597 vice
2221 4555 2328 4595 non
2370 4539 2548 4594 SOlum
2598 4552 2721 4592 cum
2752 4537 3089 4606 ,ἱιπεῐηθηῑου
3122 4537 3216 4593 8θά
3262 4552 3388 4592 cum
3428 4537 3661 4592 advoca‘

377 4649 505 4689 mus
534 4642 631 4689 aut
652 4635 1128 4704 denegaverimus,
1160 4651 1270 4691 non
1307 4636 1572 4693 habemus
1593 4640 1966 4697 excusationis

376 4725 583 4793 locum,
619 4727 778 4798 quasi
811 4728 1164 4782 seandalizati
1214 4728 1334 4783 sine
1360 4727 1581 4798 .Spiritu
1629 4739 1840 4792 sancto.
1872 4741 1967 4787 aut

378 4818 708 4889 denegantes
765 4819 885 4874 sine
939 4818 1145 4890 Spiritu
1202 4829 1408 4876 sancto.
1472 4820 1539 4877 Et
1599 4821 1676 4876 illi
1743 4823 1963 4893 quidem

376 4909 733 4966 scandalizati
764 4917 894 4963 sunt
913 4909 1083 4979 quasi
1115 4909 1297 4964 adhuc
1319 4910 1680 4967 consistentes
1705 4910 1761 4965 iu
1784 4920 1964 4977 nocte,

377 4997 539 5052 nobis
562 5006 745 5053 autem
762 4997 881 5066 jam
909 5012 1014 5051 nox
1046 5006 1248 5051 remota
1282 5006 1380 5063 est,
1412 4998 1523 5053 dies
1567 5008 1744 5054 autem
1768 5017 1964 5071 appro-

376 5090 649 5159 pinquavit
683 5091 751 5145 ".
785 5089 1014 5159 Propter
1041 5088 1187 5159 quod
1218 5088 1419 5144 dicitur
1446 5108 1460 5144 :
1488 5088 1637 5144 Sicut
1668 5091 1721 5144 in
1755 5091 1841 5145 die
1868 5091 1960 5145 ho-

378 5188 520 5234 neste
553 5180 880 5235 ambulemus
908 5180 974 5233 ³³.
1008 5179 1111 5246 Qui
1142 5188 1322 5235 autem
1354 5181 1583 5237 honeSte
1610 5183 1874 5251 ambulat,
1905 5185 1960 5238 in

378 5267 499 5322 luce
543 5276 656 5335 est,
700 5284 810 5324 non
854 5269 1086 5341 denegat
1128 5268 1443 5336 Christum,
1485 5272 1612 5341 quia
1651 5289 1758 5328 non
1790 5275 1962 5330 estin

378 5368 559 5415 nocte.
602 5348 794 5417 Adhuc
849 5369 1031 5418 autem
1079 5361 1202 5417 ideo
1246 5362 1320 5416 illi
1360 5363 1713 5419 scandalizati
1745 5375 1875 5421 sunt
1907 5368 1961 5422 in

379 5456 557 5518 nocte,
583 5450 725 5505 sicut
758 5449 1024 5507 Dominus
1052 5452 1168 5524 ipse
1195 5461 1446 5519 testatur,
1471 5455 1729 5523 quoniam
1764 5471 1965 5512 secun-

452 5619 498 5652 ³⁸
519 5618 664 5675 Psal.
697 5635 772 5686 LI,
812 5618 899 5673 I0.
981 5620 1023 5651 "
1055 5617 1203 5676 Psal.
1230 5636 1433 5687 cxxvu,
1467 5620 1522 5675 5.
1601 5620 1647 5654 ¹⁶
1667 5621 1858 5679 Matth.
1895 5640 1969 5681 xx

452 5707 535 5745 an.
576 5706 670 5752 νη,
701 5691 790 5744 59.
870 5690 915 5723 ²¹
942 5689 1102 5748 Rom.
1126 5708 1249 5752 vui.
1275 5693 1359 5746 l4.
1464 5692 1513 5724 ’ί
1539 5689 1700 5749 Rom.
1741 5710 1861 5752 xm.
1888 5697 1973 5751 1‘2.

2086 5626 2438 5752 ﬁliiﬁlii

1464 5692 1513 5724 ’ί
1539 5689 1700 5749 Rom.
1741 5710 1861 5761 xm,
1888 5697 1976 5751 12.

1336 5763 1378 5795 ²⁷
1428 5779 1509 5831 ιιι,
1557 5763 1613 5820 4.

377 5690 535 5747 Ioau.
576 5706 670 5755 vu,
701 5691 790 5744 59.
870 5690 915 5723 ’ί
942 5689 1102 5748 Rom.
1126 5708 1249 5758 vm,
1275 5693 1359 5746 I4.

378 5761 424 5835 ν
452 5761 640 5835 Matth.
700 5776 851 5835 xxvi,
901 5760 973 5815 55
1013 5771 1068 5816 et
1104 5778 1254 5835 seqq.

378 5834 418 5864 "
456 5834 616 5889 Rom.
643 5847 722 5898 xi,
749 5830 840 5886 20.

657 5928 933 5991 Ριτιιοι.
972 5926 1090 5990 Gn.
1120 5927 1296 5989 XIII.

1692 5766 1737 5798 “
1769 5782 1895 5837 cxv,
1939 5767 2033 5826 Il.
2084 5766 2339 5824 ""Joan.
2397 5781 2507 5835 xiv,
2557 5763 2611 5821 6.

2068 4635 2233 4698 tione,
2261 4634 2386 4703 quia
2419 4630 2593 4686 nescio
2620 4629 2908 4683 hominem.
2937 4627 3041 4683 Per
3077 4629 3185 4685 hoc
3222 4636 3405 4685 autem
3432 4629 3660 4684 instrui-

2065 4741 2209 4791 mur,
2246 4733 2307 4779 ut
2334 4737 2614 4794 nunquam
2661 4720 2780 4776 sine
2814 4719 3252 4777 consideratione
3285 4718 3489 4790 aliquid
3530 4735 3659 4788 pro-

2065 4818 2349 4872 mittamus
2398 4830 2564 4886 super
2609 4813 2988 4869 habitudinem
3037 4822 3284 4869 nostram
3332 4811 3655 4875 h‘umanam,

2065 4908 2228 4979 quasi
2272 4907 2370 4978 qui
2421 4907 2698 4962 valeamus
2740 4904 2946 4961 Christi
2985 4904 3211 4974 implere
3249 4901 3654 4957 confessionem

2071 5015 2137 5054 ex
2169 4999 2349 5064 nobis,
2387 5005 2483 5054 aut
2522 4998 2725 5068 aliquid
2755 5004 3146 5068 praeceptorum
3181 4993 3296 5060 Dei,
3330 4992 3659 5047 admonente

2071 5107 2172 5147 nos
2210 5091 2474 5161 Apostolo
2516 5099 2571 5146 et
2599 5090 2813 5145 dicente
2847 5088 2891 5120 ³¹
2921 5107 2933 5142 :
2968 5086 3098 5140 Noli
3126 5088 3294 5140 altum
3336 5102 3540 5157 sapere,
3566 5085 3656 5139 sed

2073 5182 2215 5236 time.
2250 5180 2522 5237 Debuerat
2556 5181 2722 5242 enim.
2748 5189 3036 5251 postquam
3070 5179 3299 5241 audivit,
3326 5179 3454 5248 quia
3478 5193 3657 5232 omnes

2071 5289 2160 5328 vos
2177 5273 2493 5327 scandalum
2509 5272 2786 5343 patiemini
2803 5272 2859 5326 in
2876 5287 2955 5325 me
2971 5270 3069 5325 hac
3087 5278 3257 5337 nocte,
3275 5278 3330 5324 et
3350 5268 3658 5340 postulasse

2074 5363 2391 5429 Dominum,
2435 5371 2491 5420 et
2532 5364 2781 5420 dixisse:
2824 5361 2892 5417 Et
2943 5362 2990 5418 si
3043 5376 3236 5419 omnes
3300 5359 3656 5417 scaudalizati

2074 5455 2273 5514 fuerint
2303 5457 2358 5512 in
2393 5464 2468 5527 te,
2507 5464 2627 5512 esto
2666 5456 2723 5511 in
2764 5470 2850 5511 me
2869 5495 2884 5522 ,
2912 5463 2976 5511 ut
3004 5469 3112 5510 non
3139 5469 3241 5524 ego
3266 5452 3604 5509 scandalizer
3636 5469 3650 5505 :

2519 5624 2561 5658 ³⁸
2594 5621 2765 5679 ICor.
2795 5638 2897 5682 xu,
2928 5622 2983 5677 5.
3059 5620 3106 5654 ⁸ο
3132 5618 3321 5674 Matth.
3360 5635 3510 5683 xxvi,
3548 5620 3653 5687 3|;

2517 5694 2564 5728 ³⁵
2612 5693 2771 5749 Rom.
2830 5709 2948 5757 vm,
3004 5692 3094 5747 32.
3200 5690 3245 5722 "
3300 5689 3406 5744 Isa.
3459 5706 3538 5757 ix,
3597 5691 3649 5750 2,

2715 5764 2760 5796 ⁸⁸
2787 5763 2976 5819 Matth.
3005 5778 3154 5834 xxvi,
3190 5760 3284 5830 69,
3314 5759 3401 5827 70,
3424 5761 3516 5828 7t,
3562 5761 3651 5820 Ἠ..

3293 5921 3374 5984 55

2086 5697 2133 5731 ”
2163 5696 2321 5761 ibid.,
