4112 6416
501 359 644 417 1759

1697 350 2023 408 OBICENIS
2063 349 2130 403 IN
2172 347 2589 405 ΜᾹΤΤΗᾹΞΙΙΠ

3621 347 3765 405 Γηυ

501 486 557 530 et
585 476 727 530 dona
752 472 887 530 mihi
915 473 1184 544 praecipue
1211 472 1440 542 gratiam
1470 470 1634 535 hanc,
1663 480 1724 526 ut
1750 470 1804 524 in
1840 478 2083 538 tempore
2110 471 2154 528 A
2181 476 2231 522 et
2267 483 2429 520 unum
2465 464 2601 520 Elia:
2622 466 2647 517 ?
2676 465 2908 518 nesciens
2942 464 3067 534 quid
3099 466 3421 535 loqueretur,
3445 463 3590 519 sicut
3613 464 3769 521 Scri-

501 580 627 619 cum
670 566 863 620 omnes
897 562 1148 631 discipuli
1194 562 1271 617 tui
1319 560 1522 616 fuerint
1563 561 1879 621 scandalum
1907 559 2077 629 passi,

497 670 601 727 ego
624 655 677 711 in
707 655 1114 725 denegationem
1147 668 1255 709 non
1293 653 1483 710 cadam
1514 668 1612 709 nec
1634 654 1705 708 ab
1738 653 1893 707 initio
1922 667 2083 707 scan-

502 747 721 803 dalizer.
761 746 815 800 Si
848 760 974 802 eum
1006 746 1351 814 postulasset,
1393 742 1647 810 forsitan,
1680 744 1878 799 amotis
1909 743 1979 798 ab
2012 756 2080 798 eo

501 836 714 891 ancillis
740 835 1063 905 eaaterisque
1109 835 1413 899 ministris,
1458 849 1567 890 non
1600 835 1941 905 denegasset.
1970 831 2081 889 Nec

501 924 646 978 enim
677 932 889 992 poterat
917 925 1034 979 ﬂeri
1063 932 1155 990 ut,
1191 923 1332 979 facta
1376 924 1835 993 interrogatione,
1869 923 2081 993 potuis-

501 1019 585 1065 set
610 1011 792 1066 dicere
824 1010 1118 1067 Dominum
1148 1009 1336 1065 Iesum
1387 1010 1441 1064 in
1492 1008 1698 1080 Spiritu
1739 1018 1950 1075 sancto,
1985 1015 2081 1062 aut

500 1102 786 1159 confessus
833 1101 1046 1168 fuisset,
1093 1100 1500 1181 cum-Spiritus
1551 1109 1777 1156 sanctus
1835 1099 2078 1154 nondum

502 1193 694 1250 fuisset
720 1194 902 1251 datus.
933 1194 1155 1261 Quaeres
1184 1207 1388 1250 autem.
1411 1193 1455 1249 si
1490 1192 1752 1264 possibile
1782 1199 1899 1247 erat
1921 1198 1980 1246 ut
2011 1205 2081 1247 ne

499 1288 963 1345 scandalizaretur
1007 1288 1176 1344 semel
1212 1287 1491 1344 Salvatore
1523 1286 1756 1350 dicente,
1787 1285 1915 1355 quia
1960 1301 2078 1338 om-

498 1394 591 1433 nes
624 1395 714 1434 vos
747 1379 1063 1434 scandalum
1086 1381 1363 1451 patiemini
1390 1380 1443 1433 in
1480 1394 1581 1435 mc.
1620 1377 1702 1432 Ad
1732 1392 1895 1446 quam
1923 1392 2076 1447 qua:-

499 1473 732 1528 stionem
775 1472 971 1543 aliquis
1008 1471 1355 1543 respondebit
1390 1469 1650 1540 quoniam
1703 1483 1927 1524 necesse
1959 1474 2079 1522 erat

497 1562 658 1634 901
700 1578 798 1620 ore
832 1564 1123 1621 verissimo
1159 1562 1505 1634 praedicente,
1553 1560 1686 1630 quia
1744 1575 1933 1615 omnes
1976 1573 2077 1615 vos

498 1654 1026 1720 scandalizabimini,
1056 1654 1172 1709 ﬁeri
1196 1654 1343 1725 quod
1363 1652 1680 1724 praedictum
1697 1659 1815 1706 erat
1836 1651 1903 1706 ab
1923 1648 2074 1706 Jesu.

498 1744 653 1802 Alius
677 1754 858 1802 autem
902 1744 1081 1801 dicet:
1116 1745 1375 1815 quoniam
1406 1744 1500 1814 qui
1526 1750 1786 1799 exoratus
1818 1757 1846 1795 a
1868 1740 2078 1796 Ninivi-

500 1837 591 1903 tis,
617 1852 739 1907 quae
781 1836 1106 1906 praedixerat
1133 1811 1245 1906 per
1292 1811 1487 1891 Jonam
1519 1850 1628 1889 non
1680 1833 1809 1890 fecit
1853 1841 2076 1903 propter
2107 1811 2148 1866 Β

498 1927 871 1998 paenitentiam
901 1925 1293 1994 Ninivitarum,
1332 1926 1412 1982 sic
1447 1926 1706 1997 possibile
1749 1923 1851 1978 fuit
1891 1932 1951 1980 ut
1989 1938 2076 1980 re-

494 2019 724 2089 pelleret
752 2016 916 2073 etiam
943 2032 974 2071 a
1006 2015 1168 2072 Petro
1198 2015 1516 2071 scandalum
1541 2015 1891 2085 deprecante.
1919 2010 2079 2067 Nunc

498 2119 682 2164 autem
740 2106 1032 2176 promissio
1075 2106 1196 2176 ejus
1261 2106 1442 2162 audax
1494 2120 1558 2160 ex
1617 2104 1814 2160 eﬂcctu
1852 2103 2074 2174 quidem

500 2206 774 2268 prompto,
803 2212 912 2253 non
942 2210 1122 2253 tamen
1146 2197 1422 2267 prudenti,
1456 2196 1598 2251 facta
1619 2205 1707 2251 est
1732 2196 1784 2251 ei
1815 2210 1983 2251 causa
2016 2204 2078 2250 ut

498 2306 607 2346 non
632 2291 809 2347 solum
840 2290 1329 2356 scandalizaretur,
1356 2304 1543 2345 verum
1590 2289 1753 2343 etiam
1805 2298 1885 2344 ter
1913 2287 2079 2342 dene-

498 2390 665 2450 garet.
702 2379 924 2446 Qumres
957 2380 1159 2443 adhuc,
1212 2378 1259 2435 si
1295 2387 1584 2449 postquam
1642 2379 1855 2434 audivit
1887 2377 2077 2433 Jesum

497 2473 767 2529 dicentem
800 2487 815 2525 :
851 2471 1018 2525 Amen
1041 2470 1160 2525 dico
1194 2470 1311 2533 tibi,
1343 2471 1652 2539 priusquam
1692 2469 1869 2539 gallus
1900 2479 2074 2523 cantet

496 2564 551 2617 in
579 2563 676 2617 hac
711 2573 880 2629 nocte,
901 2574 980 2617 ter
1010 2578 1093 2619 me
1113 2562 1326 2633 negabis
1360 2562 1404 2592 “
1424 2600 1440 2627 ,
1466 2576 1577 2615 non
1617 2559 1917 2616 addidisset
1952 2578 1965 2614 :
2015 2558 2076 2614 Si

498 2655 660 2724 fuerit
686 2655 815 2711 mihi
845 2656 979 2711 mori
1011 2663 1201 2719 tecum,
1230 2668 1333 2707 non
1365 2661 1414 2706 te
1441 2652 1638 2723 negabo
1666 2651 1748 2719 ³⁸;
1774 2651 1870 2707 sed
1892 2651 2078 2723 depre-

496 2757 652 2805 catus
684 2745 878 2802 fuisset
900 2753 961 2802 ut
989 2746 1342 2815 repelleretur
1364 2744 1434 2800 ab
1454 2758 1520 2800 eo
1546 2744 1876 2813 praecognita
1903 2742 2077 2813 ipsius

495 2837 803 2907 denegatio,
838 2836 884 2893 si
915 2834 1056 2893 forte
1085 2850 1195 2893 non
1218 2836 1561 2906 denegasset.
1599 2835 1667 2888 Et
1710 2835 1909 2905 aliquis
1953 2835 2077 2905 qui-

495 2930 616 2985 dem
649 2928 782 2983 dicit
823 2928 1082 2999 quoniam
1127 2928 1312 2984 locum
1351 2927 1570 2997 quidem
1617 2927 1851 2983 habebat
1884 2927 2077 2997 depre-

498 3021 641 3075 catio
664 3019 811 3076 Petri
835 3060 852 3083 .
882 3034 1007 3075 cum
1042 3018 1275 3077 dixisset
1312 3036 1327 3074 :
1374 3017 1569 3073 Omnes
1619 3035 1707 3073 eos
1760 3017 2075 3078 scandalum

498 3110 774 3180 patiemini
814 3111 869 3165 iu
908 3126 989 3165 me
1012 3109 1080 3174 “,
1111 3107 1376 3165 auxilium
1410 3108 1662 3187 accipere
1700 3116 1760 3164 ut
1799 3122 1868 3162 ne
1914 3122 2075 3163 scan-
2102 3142 2148 3205 Ο

499 3199 850 3255 dalizaretur.
888 3197 997 3255 Nec
1021 3200 1166 3255 enim
1205 3216 1331 3257 cum
1363 3216 1514 3255 amen
1557 3199 1827 3271 prolatum
1875 3198 2070 3265 fuerat,

499 3288 705 3343 dictum
736 3295 821 3342 est
849 3302 863 3339 :
902 3289 1094 3342 Omnes
1121 3304 1207 3342 vos
1237 3288 1553 3344 scandalum
1585 3288 1886 3357 patiemini.
1917 3287 2075 3343 Post-

498 3391 663 3446 quam
686 3386 867 3432 autem
894 3391 1017 3433 cum
1043 3376 1401 3433 afﬁrmatione
1428 3377 1727 3453 juramenti
1756 3377 2076 3448 pronuntia-

498 3470 597 3535 vit,
633 3483 740 3523 non
778 3478 895 3524 erat
923 3468 1181 3541 possibile
1210 3478 1270 3525 ut
1305 3483 1413 3524 non
1443 3469 1751 3539 denegaret.
1816 3469 1872 3522 Si
1926 3469 2073 3525 enim

497 3559 862 3628 juramentum
893 3568 1013 3615 erat
1041 3554 1242 3613 Christi
1281 3572 1455 3623 amen,
1485 3557 1743 3614 mentitus
1770 3555 1963 3616 fuisset
1991 3558 2075 3613 di-

498 3664 673 3705 cens:
727 3648 893 3702 Amen
934 3648 1052 3703 dico
1105 3647 1219 3710 tibi,
1272 3648 1320 3703 si
1353 3662 1540 3702 verum
1587 3648 1817 3705 dixisset
1859 3647 2071 3712 Petrus,

503 3740 628 3809 quia
675 3756 780 3796 non
815 3750 863 3797 te
900 3736 1117 3808 negabo.
1169 3736 1439 3793 Videntur
1486 3746 1667 3793 autem
1715 3738 1849 3793 mihi
1893 3740 2072 3796 caeteri

497 3830 749 3899 discipuli
780 3828 909 3885 Jcsu
931 3845 1055 3885 cum
1082 3839 1373 3901 prospectu
1409 3838 1464 3884 et
1490 3830 1754 3900 cogitatu,
1784 3830 1928 3900 quod
1960 3831 2073 3900 pri-

498 3936 648 3981 mum
686 3919 905 3989 quidem
933 3919 1111 3977 fuerat
1139 3918 1343 3977 dictqu
1378 3935 1391 3972 :
1423 3918 1613 3974 Omnes
1638 3937 1724 3979 vos
1758 3922 2072 3977 scandalum

497 4011 774 4077 patiemini
795 4011 893 4064 hac
914 4019 1083 4077 nocte,
1122 4010 1258 4067 nihil
1292 4010 1532 4073 dixisse,
1568 4027 1746 4081 neque
1793 4012 2071 4081 professos

496 4102 666 4157 fuisse
720 4101 876 4173 quasi
923 4118 1032 4157 non
1077 4110 1262 4157 essent
1321 4101 1768 4157 scandalizandi:
1817 4103 2074 4161 videbant

496 4192 640 4249 enim
666 4207 911 4251 veracem
936 4208 1060 4248 esse
1095 4190 1279 4246 Jesum
1303 4192 1419 4248 haec
1442 4192 1839 4262 praedicentem.
1869 4194 1947 4249 Ad
1968 4197 2073 4251 hoc

496 4295 677 4337 autem
711 4283 857 4353 quod
886 4283 990 4338 soli
1016 4281 1222 4337 dictum
1246 4292 1330 4337 est
1368 4281 1530 4339 Petro
1562 4301 1575 4338 :
1608 4285 1772 4339 Amen
1799 4285 1920 4340 dico
1950 4285 2070 4350 tibi,

493 4382 773 4443 antequam
802 4373 976 4445 gallus
1010 4381 1215 4440 cantet,
1250 4382 1328 4427 ter
1374 4390 1453 4427 me
1498 4374 1752 4445 negabis;
1802 4376 2068 4446 promise-

2182 564 2345 626 plura
2390 555 2435 585 ³⁸
2478 563 2707 609 testatur
2742 553 2808 608 de
2840 569 2926 619 eo,
2964 553 3043 607 sic
3088 562 3142 608 et
3190 555 3277 609 hic
3328 554 3578 609 nesciens
3630 557 3766 625 quid

2182 645 2519 714 loqueretur,
2553 644 2726 698 dixit:
2768 641 2829 698 Si
2873 644 3034 712 fuerit
3089 645 3222 697 mori
3267 644 3399 698 mihi
3436 653 3625 709 tecum,
3661 661 3767 700 non

2184 746 2232 791 te
2259 734 2477 806 negabo.
2507 734 2645 789 Cum
2673 732 2800 789 Jesu
2831 735 2977 788 enim
3012 736 3150 789 mori
3188 751 3287 805 pro
3322 736 3483 791 nobis
3509 736 3768 794 omnibus

2183 828 2448 882 moriente
2470 834 2530 881 ut
2562 841 2663 883 nos
2702 826 2974 890 vivamus,
3005 826 3286 883 hominum
3323 844 3432 883 non
3467 840 3606 892 erat,
3629 845 3763 901 quo-

2182 920 2329 976 niam
2366 934 2559 975 omnes
2584 918 2803 973 fuerant
2825 918 2880 973 in
2913 920 3172 988 peccatis,
3195 928 3251 974 et
3278 936 3475 976 omnes
3499 936 3640 990 opus
3661 920 3765 976 ha-

2180 1012 2382 1067 bebant
2429 1020 2490 1066 ut
2541 1024 2642 1081 pro
2670 1009 2751 1065 eis
2799 1009 2942 1065 alius
2985 1019 3313 1079 moreretur,
3354 1026 3465 1066 non
3524 1010 3628 1082 ipsi
3664 1027 3767 1082 pro

2180 1104 2326 1160 aliis.

2251 1194 2339 1249 89.
2382 1193 2525 1248 Tunc
2572 1193 2707 1248 venit
2745 1191 2900 1247 Iesus
2928 1208 3047 1246 cum
3090 1192 3201 1247 illis
3232 1193 3289 1248 in
3316 1195 3578 1263 prndium
3623 1198 3764 1267 quod

2179 1286 2379 1341 dicitur
2406 1283 2739 1339 Cethsemani
2768 1282 2830 1339 ³⁸.
2892 1281 3096 1339 Scienti
3149 1282 3543 1341 Hebraicorum
3586 1288 3769 1343 nomi—

2181 1390 2312 1428 num
2348 1372 2878 1445 interpretationem,
2921 1371 3090 1426 etiam
3132 1386 3333 1427 nomen
3374 1372 3541 1445 hujus
3572 1376 3766 1445 praedii

2180 1467 2326 1537 quod
2358 1474 2557 1521 vocant
2590 1464 2944 1522 Ccthscmani
2995 1466 3219 1536 prodest
3255 1465 3324 1521 ad
3361 1467 3765 1525 manifestatio-

2179 1574 2305 1614 nem
2331 1558 2435 1612 loci
2465 1558 2655 1621 istius,
2687 1557 2949 1629 quoniam
2989 1570 3098 1610 non
3148 1556 3270 1613 sine
3312 1573 3482 1614 causa
3516 1560 3762 1629 positum

2179 1659 2264 1706 est
2292 1650 2433 1722 apud
2460 1650 2775 1705 Matthaeum
2793 1660 2846 1704 et
2870 1647 3113 1703 Marcum
3136 1648 3300 1705 etiam
3325 1650 3513 1720 praedii
3537 1667 3763 1717 nomen.

2180 1739 2292 1795 Nos
2327 1749 2533 1805 autem,
2566 1739 3043 1809 praetermittentes
3065 1736 3233 1804 illud,
3263 1740 3368 1795 hoc
3396 1740 3576 1796 solum
3630 1756 3763 1815 sug-

2176 1832 2420 1903 gerimus
2466 1831 2743 1902 quomodo
2795 1828 2956 1884 .Iesus
3006 1843 3131 1885 cum
3164 1831 3452 1901 discipulis
3488 1832 3634 1887 venit
3691 1835 3762 1890 ad

2178 1924 2442 1993 praedium
2470 1923 2575 1979 hoc
2608 1922 2754 1992 quod
2799 1932 3029 1980 vocatur
3055 1923 3404 1979 Ccthsemani
3428 1965 3444 1991 ,
3485 1926 3766 1996 accipiens

2176 2028 2272 2068 eos
2302 2027 2368 2067 ex
2399 2013 2520 2068 loco
2544 2012 2658 2078 illo,
2683 2013 2738 2067 in
2769 2028 2879 2083 quo
2902 2014 3102 2084 pascha
3125 2030 3249 2070 cum
3277 2015 3358 2071 eis
3385 2015 3759 2073 manducavit.

2176 2100 2286 2158 Nec
2319 2102 2462 2156 enim
2500 2101 2858 2157 conveniebat
2884 2119 3008 2157 cum
3038 2105 3382 2172 proderetur,
3416 2105 3485 2159 ab
3513 2106 3606 2161 illo
3634 2107 3758 2177 capi

2177 2191 2300 2248 loco
2328 2192 2417 2247 ubi
2450 2208 2573 2249 cum
2602 2192 2885 2263 discipulis
2917 2194 3342 2251 manducaverat
3372 2196 3764 2267 pascha.Con-

2177 2285 2431 2341 veniebat
2467 2298 2648 2341 autem
2672 2294 2728 2341 et
2757 2287 3075 2357 priusquam
3108 2287 3432 2358 proderetur
3456 2327 3472 2352 ,
3497 2302 3680 2355 orare,
3707 2300 3765 2348 et

2178 2379 2372 2433 orandi
2411 2378 2610 2449 eligere
2636 2377 2816 2434 locum
2846 2378 3113 2434 mundum
3147 2378 3214 2434 ad
3245 2378 3576 2434 orationem.
3602 2377 3762 2436 Scie-

2175 2471 2270 2527 bat
2306 2470 2450 2524 enim
2481 2473 2738 2539 quoniam
2789 2469 2933 2526 sicut
2975 2470 3157 2527 dillert
3194 2485 3287 2525 aer
3321 2471 3389 2526 ab
3428 2485 3557 2529 aere
3592 2487 3761 2528 mun-

2175 2562 2350 2627 diore,
2384 2561 2465 2615 sic
2492 2569 2634 2616 terra
2680 2563 2852 2617 sancti
2884 2562 2989 2619 loci
3024 2571 3077 2617 et
3106 2562 3422 2626 sanctioris,
3449 2563 3596 2619 sicut
3621 2564 3763 2619 scri-

2174 2660 2327 2723 ptum
2357 2660 2441 2707 est
2463 2651 2505 2682 "
2534 2668 2547 2705 :
2585 2650 2755 2705 Locus
2804 2652 2859 2707 in
2878 2668 2979 2723 quo
3015 2663 3069 2706 tu
3100 2662 3238 2717 stas,
3276 2662 3419 2707 terra
3450 2667 3637 2711 sancta
3657 2666 3759 2713 est.

2175 2740 2243 2800 Et
2269 2759 2479 2814 quaeras
2506 2743 2552 2797 si
2581 2751 2777 2812 praeter
2805 2742 3056 2800 allectum
3080 2743 3311 2811 orantis,
3344 2745 3511 2801 etiam
3551 2762 3617 2803 ex
3641 2747 3763 2804 loco

2175 2836 2438 2892 orationis
2485 2835 2538 2888 in
2589 2850 2699 2904 quo
2741 2834 2867 2903 quis
2905 2843 3045 2898 orat,
3077 2834 3136 2889 fit
3186 2839 3364 2894 oratio
3400 2838 3658 2894 mundior
3705 2846 3763 2894 et

2176 2926 2584 2996 acceptabilior,
2614 2926 2912 2981 secundum
2946 2926 3091 2994 quod
3117 2926 3379 2995 scriptum
3409 2937 3491 2983 est
3525 2928 3570 2960 ³⁸
3603 2947 3618 2984 :
3648 2929 3762 2985 Do-

2176 3033 2295 3071 mus
2342 3032 2479 3080 mea,
2537 3016 2723 3069 domus
2781 3015 3040 3069 orationis
3098 3014 3390 3071 vocabitur.
3439 3014 3518 3072 De
3551 3033 3660 3089 qua
3704 3029 3761 3073 et

2178 3108 2306 3164 alibi
2344 3107 2386 3140 '°
2415 3107 2616 3165 dicitur
2651 3122 2665 3158 :
2718 3104 2784 3159 Et
2809 3106 3077 3161 exaudiuit
3106 3107 3170 3160 de
3208 3107 3398 3180 templo
3428 3120 3613 3163 sancto
3666 3126 3763 3163 suo

2179 3216 2354 3261 vocem
2403 3216 2591 3256 meam.
2645 3197 2710 3254 Et
2745 3199 2830 3253 vir
2866 3198 3085 3269 quidem
3108 3196 3370 3257 Iudaicus
3416 3215 3518 3256 nec
3544 3200 3759 3256 dubitat

2177 3290 2245 3347 de
2280 3289 2591 3359 hujusmodi
2616 3304 2630 3340 :
2660 3289 2752 3358 qui
2784 3299 2963 3345 autem
2992 3298 3206 3361 propter
3230 3288 3436 3347 Christi
3453 3291 3758 3346 doctrinam

2178 3380 2406 3433 recessit
2435 3394 2464 3433 a
2490 3377 2734 3433 Judaicis
2754 3377 2952 3433 fabulis
2983 3388 3036 3432 et
3067 3380 3136 3433 ab
3162 3379 3420 3435 omnibus
3465 3396 3587 3450 qua
3639 3396 3761 3435 cor-

2178 3471 2441 3542 poraliter
2463 3470 2530 3524 ab
2556 3471 2637 3525 eis
2667 3470 3067 3542 intelliguntur,
3095 3470 3228 3525 dicit
3260 3486 3368 3526 non
3409 3480 3629 3542 propter
3673 3472 3759 3526 lo-

2177 3577 2301 3616 cum
2327 3560 2442 3615 lieri
2469 3560 2773 3616 orationem
2801 3560 3096 3616 distantem
3120 3561 3189 3616 ab
3212 3562 3481 3629 oratione,
3513 3564 3606 3618 sed
3630 3565 3761 3632 quia

2178 3652 2373 3709 melius
2401 3660 2486 3707 est
2508 3668 2633 3707 cum
2667 3652 2817 3707 nullo
2846 3666 3004 3709 orare
3032 3667 3194 3724 quam
3229 3667 3354 3706 cum
3383 3654 3545 3708 malis
3574 3670 3760 3711 orare.

2175 3742 2258 3795 Ad
2280 3742 2801 3798 demonstrationem
2826 3751 3008 3797 autem
3042 3742 3356 3801 traditionis
3388 3744 3549 3799 istius
3580 3756 3765 3800 utetur

2176 3837 2451 3905 exemplo,
2491 3834 2635 3904 quod
2671 3833 2831 3889 Jesus
2862 3834 2915 3889 in
2945 3835 3108 3891 domo
3140 3834 3273 3889 Jairi
3296 3837 3597 3894 sacerdotis
3637 3855 3765 3893 ota-

2175 3935 2335 3980 turus
2366 3942 2464 3996 pro
2490 3934 2705 3982 mortua
2740 3927 2848 3980 lilia
2872 3927 3012 4000 ejus,
3047 3943 3238 3981 omnes
3286 3927 3451 3998 ejccit
3485 3928 3633 3985 foras
3663 3972 3679 3996 ,
3709 3942 3764 3987 ct

2180 4021 2293 4068 tres
2324 4024 2533 4069 tantum
2570 4015 2731 4086 elegit
2760 4032 2970 4082 secum,
2989 4016 3082 4086 qui
3104 4024 3159 4071 et
3184 4032 3349 4087 super
3374 4029 3612 4075 montem
3632 4017 3763 4074 facti
3854 4078 3874 4091 ο

2178 4104 2396 4160 fuerant
2430 4115 2597 4165 testes
2640 4107 3138 4181 transﬁgurationis
3168 4109 3361 4179 ipsius.
3404 4108 3631 4180 Propter
3660 4112 3764 4167 huc

2174 4199 2319 4252 enim
2353 4207 2408 4253 et
2434 4198 2486 4252 in
2509 4197 2770 4254 Ecclesiis
2795 4197 2999 4254 Christi
3030 4203 3372 4261 consuetudo
3402 4204 3582 4258 tenuit
3614 4203 3760 4267 talis,

2175 4299 2234 4342 ut
2273 4289 2366 4357 qui
2401 4288 2676 4349 manifesti
2709 4297 2837 4343 sunt
2869 4289 2923 4344 in
2949 4292 3162 4363 magnis
3187 4291 3402 4348 delictis
3426 4335 3443 4360 ,
3471 4292 3765 4364 ejiciantur

2174 4378 2243 4433 ab
2267 4379 2513 4434 oratione
2545 4380 2846 4446 communi,
2881 4395 2947 4435 ne
2979 4382 3253 4436 modicum
3285 4382 3616 4443 fermentum
3650 4400 3759 4439 non

494 4471 616 4515 runt
646 4459 899 4515 similiter
931 4470 987 4515 et
1018 4458 1180 4515 Petro
1212 4478 1226 4516 :
1260 4459 1325 4514 Et
1360 4462 1405 4516 si
1442 4459 1786 4519 fueritnobis
1822 4464 1960 4518 mori
1994 4473 2070 4519 te-
2104 4468 2145 4522 D
2174 4481 2241 4522 ex
2278 4468 2442 4523 corde
2479 4469 2684 4523 mundo
2712 4470 2988 4523 orantium
3023 4479 3193 4525 totam
3236 4473 3461 4529 unitatis
3502 4488 3765 4544 consper-

493 4566 641 4614 cum,
676 4565 781 4603 non
809 4560 862 4605 te
890 4550 1233 4621 negabimus.
1263 4550 1419 4617 Quod
1453 4551 1647 4608 Petrus
1690 4554 1907 4623 quidem
1959 4571 2068 4610 non

494 4638 877 4695 convenienter
920 4638 1057 4694 facit
1094 4648 1215 4710 post
1266 4639 1467 4695 Christi
1514 4642 1855 4715 prophetiam
1889 4644 1957 4699 de
2004 4656 2071 4700 eo

493 4738 769 4801 negatnro.
782 4740 861 4789 ter
887 4739 1012 4785 ante
1038 4730 1161 4800 galli
1193 4742 1434 4785 cantum.
1463 4732 1657 4790 Caneri
1686 4744 1889 4799 autem,
1911 4737 2068 4806 quasi

491 4818 583 4886 qui
610 4833 719 4871 non
750 4828 906 4875 erant
952 4818 1335 4888 comprehensi
1385 4820 1437 4873 in
1494 4820 1584 4875 illa
1618 4825 1920 4892 prophetia,
1970 4839 2072 4880 nec

492 4909 817 4967 tenebantur
861 4911 915 4964 in
961 4910 1073 4966 illis
1117 4926 1241 4983 quae
1277 4911 1343 4965 ad
1378 4909 1596 4966 Petrum
1634 4911 1847 4969 fuerant
1880 4916 2025 4970 dicta
2051 4955 2066 4981 ,

494 5000 894 5070 responderunt
950 5002 1349 5073 promittentes,
1417 5018 1526 5057 non
1606 5006 2070 5073 promissionihus

491 5090 608 5144 suis
659 5090 973 5145 mendacem
1006 5090 1300 5146 Dominum
1341 5091 1520 5147 facere
1556 5093 1874 5161 cupientes,
1926 5096 2070 5149 sicut

492 5179 672 5235 facere
699 5179 873 5234 voluit
897 5178 1113 5236 Petrus.
1148 5180 1303 5236 Sicut
1332 5183 1477 5236 enim
1504 5197 1628 5237 cum
1651 5183 2068 5253 transﬁguratus

490 5269 685 5325 fuisset
723 5270 774 5323 in
810 5280 995 5326 monte
1037 5272 1290 5339 excelso,
1342 5273 1730 5342 apparentibus
1785 5272 1839 5327 in
1895 5274 2067 5347 gloria

491 5363 654 5417 simul
687 5377 809 5417 cum
832 5361 958 5419 Iesu
994 5361 1178 5437 Moyse
1229 5377 1284 5419 et
1323 5362 1437 5417 Elia
1463 5405 1477 5429 ,
1514 5365 1651 5420 dixit
1688 5385 1700 5420 :
1767 5364 1859 5420 Vis
1898 5366 2072 5435 facia-

490 5469 604 5506 mus
626 5453 710 5507 hic
739 5456 845 5507 tria
874 5454 1233 5519 tabernacula,
1262 5471 1422 5509 unum
1454 5456 1566 5521 tibi,
1598 5466 1649 5511 et
1674 5474 1835 5511 unum
1869 5455 2065 5528 Moysi,

2174 4562 2383 4616 sionem
2428 4570 2484 4615 et
2508 4577 2812 4617 consensus
2860 4575 3194 4634 corrumpat.
3232 4562 3408 4621 Habet
3465 4577 3650 4621 autem
3704 4577 3762 4623 et

2175 4651 2264 4706 hic
2290 4666 2504 4718 sensus,
2543 4652 2685 4724 quod
2708 4653 2856 4721 juste
2879 4653 3176 4723 objiciatur
3209 4656 3293 4711 his
3330 4656 3425 4726 qui
3475 4672 3584 4711 non
3619 4673 3760 4728 quo-

2175 4744 2339 4799 modo
2368 4744 2566 4798 debent
2587 4746 2669 4799 sic
2705 4746 3047 4817 intelligunt,
3090 4747 3421 4818 accipientes
3475 4749 3557 4803 sic
3599 4764 3762 4803 occa-

2174 4828 2385 4883 sionem
2420 4838 2479 4884 ut
2534 4831 2721 4886 dicant
2780 4833 3033 4902 proximo
3058 4850 3159 4891 suo
3193 4854 3205 4889 :
3236 4832 3313 4889 Ne
3353 4838 3761 4908 appropinquz-s

2174 4918 2331 4983 mihi,
2369 4919 2495 4988 quia
2532 4921 2772 4978 mundus
2810 4939 2955 4979 sum.
2989 4924 3143 4991 Quod
3178 4926 3306 4982 fecit
3349 4934 3404 4981 ct
3448 4925 3761 4985 Pharisazus

2172 5013 2240 5063 ad
2275 5011 2628 5078 publicanum
2658 5013 2815 5085 longe
2848 5026 3119 5083 orantem,
3141 5026 3195 5072 ct
3217 5028 3411 5087 pectus
3442 5034 3604 5073 suum
3637 5034 3763 5088 per-

2172 5099 2468 5155 cutientem
2496 5142 2511 5168 ,
2556 5112 2609 5157 et
2647 5104 2961 5161 dicentem:
3027 5108 3269 5172 Domine,
3320 5111 3584 5178 propitius
3648 5119 3760 5165 esto

2173 5190 2303 5244 mihi
2331 5194 2595 5260 peccatori
2626 5194 2692 5246 ".
2730 5194 3041 5252 Mrnsurate
3067 5214 3198 5271 ergo
3233 5198 3413 5254 facere
3446 5201 3553 5256 hoc
3592 5200 3758 5257 dehe~

2171 5293 2317 5345 mus,
2343 5288 2401 5333 ut
2433 5295 2534 5335 nec
2564 5296 2688 5335 cum
2719 5283 2958 5357 indignis
2987 5299 3210 5339 oremus
3236 5300 3459 5356 proper
3492 5290 3758 5343 honorem

2171 5368 2464 5437 orationis,
2517 5375 2818 5427 secundum
2875 5389 3000 5429 eum
3037 5375 3132 5445 qui
3170 5375 3310 5429 dixit
3338 5377 3381 5407 δ’
3414 5396 3427 5428 :
3473 5374 3533 5431 Si
3563 5379 3669 5431 duo
3700 5378 3760 5431 in

2171 5461 2319 5516 uobis
2357 5466 2689 5519 convenerint
2732 5466 2786 5520 in
2814 5466 3071 5536 idipsum,
3100 5467 3164 5521 de
3196 5469 3342 5522 omni
3379 5486 3434 5523 re
3462 5485 3754 5540 quamcun-

558 5657 1119 5749 ’ἷηὲξῆηηίιένικῖδέ-
1198 5664 1980 5749 έ⁸ί¹ιίίὶ·ο⁵Ξ·..³“.ίι’ίι¹η⁵)·
2058 5669 2924 5749 ³1μιιιδοινιιο,ἑ;ιιψιηιιί
2989 5678 3079 5733 53-
3158 5678 3424 5738 "Matth.
3465 5698 3613 5749 xm,
3658 5680 3753 5738 ω.

492 5726 531 5757 ,τ
573 5727 742 5782 Exod.
775 5744 855 5795 ω,
880 5731 932 5785 5.
1012 5732 1054 5765 as
1080 5734 1180 5789 ιω,
1212 5748 1319 5802 ινι,
1364 5726 1431 5788 7.’
1491 5738 1536 5767 ³¹⁹
1562 5737 1705 5795 Psal.
1740 5726 1871 5804 XVIl,
1918 5741 1961 5794 7-

2076 5742 2121 5774 “
2154 5741 2288 5798 Luc.
2323 5759 2477 5812 xvttt,
2520 5745 2606 5800 15.

2712 5746 2758 5777 ⁸³
2790 5746 2983 5807 Matth.
3018 5765 3135 5819 xu,
3161 5750 3251 5805 l9.
