4112 6412
379 419 512 479 ΠΗ

1535 409 2186 470 COMMENTARIORUM
2229 413 2489 471 SERIES.

3489 427 3625 482 1743

379 555 478 610 φιτ
507 533 770 606 petierint,
807 530 895 601 [iet
925 531 1021 586 eis.
1050 526 1158 584 Nec
1181 526 1464 585 inferiores
1498 546 1820 600 spcrnamus
1846 547 1945 586 nos
1975 535 2018 592 Α
2049 539 2156 595 tur,
2185 542 2441 601 tanquam
2477 530 2523 586 si
2551 529 2698 586 dicat
2729 547 2744 582 :
2781 532 3022 590 Tristitia
3070 547 3244 607 erepta
3285 549 3368 595 est
3411 541 3464 595 in
3515 557 3620 605 me.

382 633 754 700 pra-ponentes
785 629 1003 692 propter
1040 620 1315 687 iactantiae
1353 635 1604 681 causam,
1651 623 1948 675 secundum

381 735 504 772 eum
533 717 624 786 qui
654 715 782 769 dixit
816 715 861 746 δ’
887 729 900 764 .'
933 712 1037 776 Qui
1061 727 1114 764 se
1144 712 1368 773 exultat.
1399 713 1789 768 ltumiliabitur.
1825 713 1948 770 llaec

382 820 560 864 autem
610 805 960 861 tractavimus
1005 815 1284 873 propterea
1331 805 1474 872 quod
1507 805 1710 858 dictum
1747 816 1829 860 est
1862 807 1945 860 “2

383 900 564 954 Sedete
595 899 700 956 hic,
735 896 895 946 donec
919 910 978 947 eo
1015 895 1142 947 illuc
1173 912 1346 949 orare.

448 992 536 1045 90.
579 989 847 1056 Accipiens
882 1001 1054 1040 autent
1092 988 1329 1051 Petrum,
1363 997 1412 1042 et
1456 989 1589 1041 duos
1620 987 1758 1055 ﬁlios
1782 986 1946 1041 lebe-

379 1081 502 1136 dwi.
533 1080 682 1148 capit
715 1082 920 1134 tristari
944 1089 991 1134 et
1020 1079 1228 1132 ttediari
1251 1079 1319 1131 ⁸³.
1353 1078 1444 1132 Vel
1477 1080 1618 1134 sicut
1647 1079 1867 1133 Marcus
1900 1079 1944 1112 “

376 1171 615 1240 exponit,
651 1173 802 1240 carpit
835 1187 1024 1239 pavere
1062 1180 1108 1222 et
1146 1170 1375 1222 twdiari.
1413 1167 1521 1224 Hos
1569 1171 1715 1240 ipsos
1763 1178 1945 1223 autem

375 1262 674 1330 discipulos
719 1262 1036 1330 assumpsit,
1073 1269 1126 1314 et
1160 1277 1320 1330 super
1344 1258 1506 1330 902
1545 1269 1782 1315 montem
1816 1279 1941 1319 cum

374 1365 518 1406 esset
551 1353 1041 1422 transﬁguramlus,
1076 1361 1129 1406 et
1158 1352 1221 1405 ad
1259 1351 1422 1404 ﬁliam
1460 1351 1591 1406 Jairi
1627 1355 1943 1410 sacerdotis.

377 1442 441 1495 Et
467 1460 652 1512 quscro
684 1444 729 1498 si
755 1444 958 1512 aliquid
984 1444 1248 1497 secretius
1279 1441 1417 1496 forte
1438 1443 1568 1497 vidit
1596 1443 1647 1496 iu
1678 1453 1942 1513 tempore,

375 1537 691 1608 priusquam
749 1546 1022 1606 pateretur
1058 1534 1255 1599 Iesus,
1306 1542 1360 1587 et
1409 1535 1480 1588 ibi
1530 1535 1730 1589 vadens
1777 1535 1946 1591 voluit

375 1643 552 1682 orare.
585 1627 832 1680 Forsitan
871 1626 1014 1679 enim
1050 1625 1182 1676 vidit
1220 1624 1538 1678 assistentes
1573 1640 1724 1694 reges
1763 1635 1939 1690 terrre,

373 1727 427 1771 et
451 1718 719 1787 principes
763 1726 1120 1785 congregatos
1159 1715 1211 1767 in
1243 1729 1409 1767 unum
1443 1714 1704 1768 adversus
1757 1713 1943 1767 Domi-

372 1823 523 1871 num,
547 1816 601 1862 et
627 1807 889 1861 adversus
918 1821 974 1860 se
996 1805 1271 1859 Christum
1296 1803 1414 1872 ejus
1444 1803 1508 1856 “.
1543 1803 1767 1872 Propter
1794 1806 1938 1874 quod

2054 631 2112 674 ut
2137 637 2243 675 non
2269 623 2582 677 omnimodo
2608 624 2709 676 sim
2735 624 2852 678 sine
2875 635 3032 696 gustu
3059 629 3292 684 tristitiae
3314 649 3327 685 :
3349 645 3456 685 non
3481 648 3623 686 sem-

2051 728 2164 781 per.
2188 715 2281 767 sed
2311 729 2483 782 usque
2506 715 2572 768 ad
2609 725 2823 785 tempus
2847 718 3038 772 mortis
3071 719 3123 772 in
3166 737 3251 774 me
3278 731 3384 789 est,
3411 734 3468 777 ut
3493 739 3619 778 cum

2050 810 2297 855 mortuus
2325 800 2476 856 fuero
2519 816 2761 872 peccato,
2797 808 3004 860 moriar
3037 816 3094 860 et
3130 811 3398 865 universae
3449 814 3624 868 tristi-

2051 891 2160 954 tia},
2207 892 2364 960 cujus
2393 894 2722 964 principium
2756 906 2964 952 tantum
3019 897 3122 953 fuit
3145 901 3197 954 in
3230 917 3336 955 me.

2119 980 2208 1034 9l.
2247 980 2514 1035 Sustinete
2543 984 2647 1048 hic,
2675 995 2722 1038 et
2757 986 2970 1055 vigilate
3003 1003 3204 1041 mecum
3235 989 3279 1021 "
3305 1008 3320 1056 ;
3350 1005 3414 1046 ac
3459 993 3504 1046 si
3531 993 3619 1046 di-

2048 1077 2136 1123 cat
2171 1086 2184 1121 :
2221 1069 2287 1125 Et
2311 1073 2357 1126 si
2385 1073 2508 1128 aliis
2537 1075 2821 1144 discipulis
2847 1076 2958 1130 dixi
2989 1093 3003 1129 :
3041 1077 3224 1132 Sedete
3275 1079 3361 1133 ltic
3392 1121 3408 1144 ,
3454 1082 3618 1138 donec

2047 1163 2179 1215 vado
2203 1162 2330 1216 illuc
2363 1181 2516 1220 orare
2560 1167 2604 1198 ⁵¹
2634 1207 2649 1232 ,
2680 1176 2732 1220 et
2752 1168 2950 1222 adduxi
2983 1185 3080 1224 vos
3111 1181 3220 1225 tres
3273 1188 3447 1242 usque
3488 1175 3613 1237 huc,

2048 1251 2174 1307 uolo
2206 1270 2299 1308 vos
2340 1255 2566 1311 ulterius
2597 1259 2869 1327 progredi,
2907 1261 3137 1315 necdum
3189 1262 3332 1316 enim
3370 1266 3616 1334 potestis.

2045 1340 2272 1412 Propter
2299 1346 2401 1400 hoc
2428 1360 2643 1403 manete
2671 1350 2760 1404 hic
2785 1351 3096 1420 vigilantes.
3139 1353 3283 1408 sicut
3321 1364 3375 1408 ct
3405 1371 3505 1426 ego
3538 1357 3621 1411 vi.

2045 1433 2175 1502 gilo,
2205 1436 2437 1493 scientes
2459 1439 2718 1506 quoniam
2754 1451 2980 1495 caeteros
3005 1443 3221 1511 quidem
3257 1444 3396 1512 jussi
3432 1447 3620 1501 sedere

2046 1522 2140 1586 ibi,
2164 1524 2320 1592 quasi
2348 1525 2657 1594 inferiores,
2683 1528 2751 1582 ab
2795 1544 2967 1599 agone
2999 1531 3100 1585 isto
3126 1547 3350 1587 servans
3396 1549 3490 1588 eos
3531 1549 3618 1589 se-

2044 1627 2225 1676 curos,
2249 1629 2344 1669 vos
2368 1624 2548 1670 autem
2579 1619 2733 1685 quasi
2769 1618 3037 1673 ﬁrmiores
3067 1623 3289 1686 adduxi,
3315 1633 3374 1678 ut
3408 1639 3617 1679 mecum

2043 1705 2387 1762 collaborctis
2415 1708 2468 1760 in
2498 1708 2694 1778 vigiliis
2723 1719 2775 1762 et
2803 1712 3166 1766 orationibus.
3202 1712 3404 1768 Tamen
3438 1726 3491 1770 et
3521 1732 3617 1770 vos

2047 1806 2261 1851 manete
2289 1798 2396 1861 hic,
2426 1807 2480 1852 ut
2508 1801 2888 1871 unusquisque
2920 1802 2971 1856 in
3011 1805 3178 1872 gradu
3211 1819 3324 1858 suas
3374 1809 3617 1861 vocatio-

371 1899 529 1969 quasi
584 1899 768 1953 multis
821 1897 926 1952 illis
989 1895 1318 1961 constitutis,
1377 1902 1432 1949 et
1490 1895 1542 1948 in
1578 1895 1782 1950 malitia
1839 1911 1938 1966 po-
1973 1863 2016 1922 Β
2047 1887 2132 1942 nis
2184 1889 2482 1956 consistat,
2524 1891 2783 1960 quoniam
2829 1902 2883 1946 et
2917 1894 3095 1948 omnis
3126 1893 3332 1965 gratia,
3367 1899 3615 1966 quamvis

372 1991 628 2053 tentibus,
667 1990 830 2058 C(Bpil
861 1989 1064 2043 tristari
1093 1997 1145 2041 ct
1178 1986 1406 2046 taediari,
1437 1986 1521 2039 vel
1541 1996 1594 2040 et
1620 2003 1834 2057 pavere.
1874 1987 1942 2041 Et

370 2081 651 2135 considera
689 2080 815 2148 quia
843 2095 948 2132 non
981 2079 1116 2131 dixit
1144 2076 1462 2133 tristahatur
1493 2086 1547 2130 et
1592 2077 1937 2144 taediabatur,

370 2171 461 2225 sed
493 2171 657 2240 coepit
690 2170 893 2225 tristari
929 2177 982 2224 et
1013 2169 1238 2222 taediari.
1271 2167 1497 2222 Multum
1529 2168 1673 2222 enim
1717 2168 1942 2222 interest

369 2262 511 2315 inter
536 2262 741 2316 tristari
796 2270 851 2315 et
882 2261 1119 2329 incipere
1149 2260 1373 2314 tristari.
1434 2259 1490 2314 Si
1538 2274 1668 2328 ergo
1716 2259 1938 2328 aliquis,

368 2352 662 2407 defendens
685 2353 966 2421 passiones
997 2353 1286 2416 humanas,
1326 2349 1534 2420 profert
1574 2348 1734 2404 nobis
1777 2349 1939 2404 etiam

369 2444 546 2514 ipsum
590 2443 864 2498 tristatum
897 2442 1066 2498 fuisse
1089 2441 1297 2508 Jesum,
1331 2442 1517 2496 audiat
1558 2440 1817 2512 quoniam
1846 2441 1941 2510 qui

370 2546 600 2590 tentatus
623 2546 698 2589 est
724 2552 816 2605 per
837 2535 1015 2588 omnia
1049 2533 1336 2588 secundum
1359 2533 1785 2597 similitudinem,
1810 2547 1943 2601 prte-

371 2639 450 2682 ter
484 2637 755 2696 peccatum
789 2626 853 2692 ⁵⁷,
885 2627 971 2680 hic
996 2640 1103 2680 non
1151 2633 1234 2680 est
1264 2624 1511 2680 tristatus
1545 2623 1765 2678 tristitia
1809 2637 1939 2692 pas-

371 2717 543 2770 sionis
576 2717 770 2786 ipsius,
804 2715 900 2771 sed
949 2715 1128 2770 factus
1173 2724 1256 2769 est
1299 2714 1596 2770 secundum
1645 2715 1938 2770 humanam

369 2816 618 2859 naturam
653 2815 862 2860 tantum
893 2806 945 2859 in
976 2806 1094 2875 ipso
1127 2805 1394 2876 principio
1425 2805 1657 2860 tristitia:
1691 2813 1745 2860 et
1774 2821 1938 2874 pavo-

367 2897 464 2959 ris,
495 2904 552 2949 ut
573 2897 1124 2965 ostendatdiscipulis
1157 2897 1271 2951 suis
1303 2896 1681 2965 praesentibus,
1702 2896 1938 2951 maxime

367 2982 525 3039 Petro
558 3001 752 3056 magna
786 2987 852 3040 de
882 3001 941 3041 se
979 2985 1334 3051 existimanti,
1367 2986 1530 3040 rebus
1580 2986 1733 3055 ipsis,
1791 2983 1938 3054 quod

367 3083 553 3144 postea
583 3075 661 3129 eis
694 3075 850 3138 dixit,
904 3075 1030 3143 quia
1071 3075 1294 3144 spiritus
1328 3083 1601 3142 promptus
1641 3083 1716 3129 est
1741 3113 1755 3136 ,
1813 3088 1939 3126 caro

365 3175 540 3218 autem
566 3166 780 3234 inﬁrma
811 3165 878 3221 ⁵⁸.
910 3165 974 3220 Ει
997 3181 1104 3220 non
1133 3174 1216 3220 est
1239 3165 1530 3234 aliquando
1554 3163 1934 3219 conﬁdendum
1966 3186 2008 3244 ρ

365 3254 420 3308 in
448 3270 532 3319 ea,
575 3255 669 3309 sed
710 3270 922 3324 semper
963 3256 1266 3310 timendum
1301 3257 1367 3310 de
1410 3270 1509 3318 ea,
1542 3255 1672 3324 quia
1717 3255 1936 3309 incauta

363 3345 691 3400 conﬁdentia
719 3346 786 3400 ad
815 3345 1134 3415 jactautiam
1165 3346 1336 3412 ducit,
1369 3347 1533 3400 timor
1573 3353 1752 3400 autem
1787 3345 1939 3399 inﬁr-

364 3435 569 3490 mitatis
600 3437 665 3490 ad
696 3437 959 3490 auxilium
989 3435 1081 3492 Dei
1105 3437 1399 3506 confugere
1420 3437 1762 3501 adhortatur,
1797 3439 1940 3493 sicut

362 3534 418 3579 et
443 3525 732 3581 Dominum
764 3528 940 3596 ipsum
969 3529 1246 3597 paululum
1274 3527 1548 3598 progredi,
1577 3535 1631 3582 et
1657 3529 1851 3584 cadere
1881 3529 1935 3583 in

365 3613 584 3679 faciem,
611 3623 664 3669 et
689 3630 867 3670 orare.
907 3615 1048 3685 Ergo
1083 3617 1246 3685 coepit
1271 3617 1489 3685 quidem
1511 3616 1713 3670 tristari
1745 3631 1939 3670 secun-

361 3703 490 3758 dum
523 3705 818 3758 humanam
855 3715 1102 3760 naturam
1125 3745 1140 3770 ,
1193 3721 1316 3772 quae
1337 3705 1538 3758 talibus
1589 3706 1937 3773 passionibus

363 3796 575 3848 subdita
593 3802 695 3858 est,
727 3809 834 3848 non
863 3805 1042 3849 autem
1076 3795 1372 3848 secundum
1394 3795 1630 3848 divinam
1659 3795 1933 3861 virtutem,

363 3897 485 3952 qua:
518 3885 586 3938 ab
619 3885 930 3952 hujusmodi
964 3885 1219 3954 passione
1259 3885 1415 3954 longe
1460 3894 1666 3939 remota
1714 3893 1818 3939 est.
1872 3884 1938 3938 Et

366 3973 480 4027 hac
507 3973 740 4028 dicimus
765 3973 831 4029 de
859 3971 1011 4040 Jesu,
1041 3981 1097 4026 ut
1135 3989 1243 4027 non
1275 3973 1580 4039 arbitreris,
1617 3973 1760 4027 sicut
1786 3988 1936 4044 qua:-

362 4061 486 4115 dam
517 4062 772 4128 hmreses,
809 4063 1082 4118 hominem
1113 4077 1238 4117 eum
1270 4062 1461 4126 fuisse,
1501 4063 1594 4118 sed
1631 4061 1800 4117 Deum
1843 4079 1935 4119 ve—

362 4167 481 4206 ram
509 4153 730 4206 humani
761 4152 1006 4222 corporis
1037 4153 1342 4222 suscepisse
1371 4163 1618 4208 naturam
1641 4192 1657 4217 ,
1697 4153 1791 4222 qui
1839 4168 1937 4224 po—

365 4252 502 4298 terat
555 4243 788 4311 compati
838 4243 1246 4299 inﬁrmitatibus
1296 4244 1520 4308 nostris,
1576 4243 1837 4313 quoniam
1882 4253 1938 4300 et

364 4336 479 4405 ipse
502 4336 871 4392 circumdatus
897 4345 1016 4392 erat
1046 4336 1263 4391 inﬁrma
1309 4344 1502 4390 natura
1539 4336 1765 4392 humani
1812 4353 1936 4392 cor-

364 4427 512 4496 poris
545 4445 559 4481 :
591 4427 840 4482 similiter
866 4437 920 4482 et
938 4427 1054 4496 ipse
1100 4427 1435 4498 participans
1472 4442 1674 4496 corpus
1723 4436 1778 4482 et
1804 4443 1932 4482 san-

364 4517 614 4586 guinem,
668 4518 1126 4586 quemadmodum
1167 4526 1222 4574 et
1247 4519 1400 4588 pueri
1423 4517 1489 4572 de
1517 4519 1717 4588 quibus
1748 4519 1879 4572 dicit
1915 4534 1929 4570 :
1967 4503 2011 4557 Ῑ)

365 4607 499 4663 Ecce
529 4625 620 4679 ego
655 4619 704 4662 et
731 4609 880 4678 pueri
901 4625 1030 4678 quos
1063 4611 1191 4664 nti/ti
1229 4609 1370 4665 dedit
1417 4608 1573 4676 Deus,
1606 4609 1930 4680 participant

365 4701 515 4754 carni
549 4709 597 4754 et
627 4701 873 4769 sanguini
897 4701 961 4755 ⁸ο.
991 4699 1194 4756 Videns
1227 4715 1357 4772 ergo
1379 4700 1592 4755 instans
1623 4699 1726 4755 sibi
1759 4705 1936 4754 certa-

365 4807 511 4855 men,
544 4792 687 4860 quod
719 4807 826 4848 non
853 4802 970 4848 erat
1001 4792 1049 4847 ei
1075 4792 1338 4847 adversus
1371 4805 1592 4846 carnem
1632 4802 1686 4847 et
1710 4790 1932 4861 sangui-

365 4897 510 4946 nem,
554 4881 647 4936 sed
670 4882 930 4938 adversus
970 4890 1152 4937 tantos
1185 4897 1339 4952 reges
1387 4894 1548 4937 terra:
1591 4883 1932 4949 assistentes,

367 4980 417 5027 et
477 4972 750 5042 principes
804 4982 1158 5043 congregatos
1206 4973 1259 5026 in
1321 4989 1493 5027 unum
1542 4973 1804 5027 adversus
1853 4987 1931 5035 se,

366 5072 600 5129 quantos
627 5079 931 5134 nunquam,
965 5065 1124 5134 cmpit
1160 5079 1359 5135 pavere
1405 5064 1488 5117 vel
1539 5064 1764 5124 tristari,
1800 5063 1934 5116 nihil

363 5152 596 5219 amplius
619 5153 855 5209 tristitiae
875 5153 956 5208 vel
979 5154 1195 5224 pavoris
1212 5155 1444 5223 patiens,
1469 5153 1573 5208 nisi
1610 5153 1932 5224 principium

366 5251 595 5296 tantum.
631 5243 740 5302 Nec
773 5247 916 5301 enim
948 5247 1213 5316 scriptum
1241 5257 1323 5301 est
1358 5247 1484 5316 quia
1522 5247 1670 5316 pavit
1709 5247 1794 5301 vel
1839 5247 1934 5300 tri-

366 5344 539 5387 status
596 5345 699 5400 est,
758 5339 853 5392 sed
904 5340 1069 5407 cmpit
1129 5353 1345 5408 pavere,
1406 5340 1655 5408 ctcmpit
1705 5337 1931 5403 tristari,

366 5427 581 5494 quando
607 5437 660 5480 et
691 5428 828 5483 dixit
855 5431 901 5462 '°
937 5450 949 5485 :
987 5431 1176 5485 Tristis
1211 5439 1287 5483 est
1322 5431 1502 5483 anima
1535 5447 1648 5484 mea
1683 5446 1842 5500 usque
1867 5429 1936 5483 ad

363 5527 602 5575 mortem.
638 5517 795 5585 Quod
827 5520 1003 5591 ipsum
1041 5522 1146 5577 tale
1190 5521 1396 5594 aliquid
1443 5521 1751 5592 signiﬁcare
1789 5520 1937 5576 vide-

466 5679 510 5713 "
530 5681 988 5782 .l‘tﬁj‘tmsz:
1036 5683 1109 5782 ,ζ’
1136 5681 1653 5782 Mat.*':;.a"':.5‘i-.
1692 5670 2510 5782 tibi“;iZ;...f'.’13r°-a:"’
2793 5673 3122 5782 Ρξξικιξτβο

743 5754 796 5806 h.
852 5749 1003 5819 xxw,
1027 5755 1116 5808 Η.
1211 5755 1256 5788 δ’
1284 5753 1448 5808 llehr.
1486 5767 1548 5813 lt,
1588 5752 1675 5817 15,
1706 5751 1790 5808 14.
1881 5752 1926 5782 ⁸⁸
1960 5749 2150 5805 Matth.
2179 5766 2325 5815 xxvr,
2380 5751 2470 5804 58.

743 5823 788 5855 "'
819 5822 841 5878 ι
867 5821 994 5880 Cor.
1029 5839 1126 5890 vn,
1179 5824 1250 5880 20
1279 5893 1284 5899 η
1349 5824 1419 5856 ’δ’
1454 5822 1597 5880 Psal.
1627 5838 1752 5896 cxx,
1785 5821 1838 5875 4.
1915 5821 1960 5854 ⁸⁵
1981 5819 2172 5877 Matth.
2197 5835 2345 5890 xxvr,
2397 5820 2486 5877 '59.

367 5751 454 5804 f5.
530 5751 575 5783 “
607 5751 796 5808 Matth.
852 5769 1003 5819 xxvr,
1027 5755 1116 5808 Η.
1211 5755 1256 5788 δ’
1284 5753 1448 5808 ilehr.
1486 5767 1548 5813 tt,
1588 5752 1675 5817 15,
1706 5751 1790 5808 14.

368 5835 485 5875 uri
503 5863 517 5890 ,
547 5822 638 5880 59.

2044 1978 2206 2033 fuerit
2230 1996 2446 2050 magna,
2494 1981 2657 2037 habet
2716 1991 2771 2037 et
2827 1985 3189 2054 superiorem.
3231 1987 3386 2053 Quod
3433 1998 3615 2044 autem

2045 2067 2150 2121 hoc
2179 2068 2452 2138 signiﬁcat
2479 2070 2668 2126 dicens
2705 2089 2719 2126 :
2760 2071 2969 2127 Manete
3023 2075 3105 2127 ltic
3137 2075 3204 2140 ⁵³,
3263 2077 3616 2132 manifestum

2042 2165 2127 2211 est
2160 2172 2226 2212 ex
2257 2173 2322 2212 eo
2355 2158 2500 2228 quod
2535 2160 2588 2213 in
2623 2164 2980 2231 sequentibus
3013 2163 3212 2219 dicitur
3244 2183 3257 2219 :
3298 2165 3616 2236 Progressus

2044 2257 2218 2301 autem
2255 2249 2530 2318 pusillum,
2595 2251 2784 2306 cecidit
2831 2255 2884 2308 in
2937 2255 3126 2324 [aciem
3164 2273 3336 2312 suam.
3391 2257 3616 2328 Propter

2043 2339 2189 2409 quod
2214 2357 2531 2397 maneamus
2553 2343 2640 2397 ubi
2669 2347 2919 2414 prmcepit
2941 2346 3120 2413 Jesus,
3143 2351 3440 2406 secundum
3468 2353 3614 2421 quod

2042 2438 2097 2484 et
2123 2431 2416 2499 Apostolus
2458 2434 2680 2487 mandat
2701 2436 2747 2466 “
2782 2452 2796 2488 :
2840 2436 3210 2509 Unusquisque
3243 2441 3296 2494 in
3319 2458 3423 2510 qua
3462 2459 3614 2498 voca-

2045 2521 2184 2575 tione
2239 2531 2449 2576 vocatus
2495 2533 2594 2591 est,
2624 2525 2679 2578 in
2727 2526 2822 2578 hac
2855 2538 3065 2581 maneat
3123 2531 3265 2598 apud
3320 2530 3509 2600 Deum,
3559 2545 3617 2592 ut

2043 2612 2228 2666 omnia
2259 2611 2549 2679 faciamus,
2583 2623 2638 2668 ut
2674 2630 2796 2668 cum
2831 2631 2896 2670 eo
2926 2618 3128 2686 pariter
3161 2621 3467 2690 vigilemus,
3521 2629 3613 2694 qui

2042 2720 2150 2760 non
2172 2705 2391 2773 dormit,
2411 2721 2587 2775 neque
2603 2707 2880 2772 dormitat,
2903 2708 3216 2765 custodiens
3238 2710 3402 2767 Israel
3421 2714 3508 2769 ⁵⁸⁸.
3533 2715 3611 2770 Ad

2043 2797 2148 2852 hoc
2176 2805 2356 2852 autem
2385 2797 2610 2852 adduxit
2634 2814 2750 2861 eos,
2794 2799 3029 2854 maxime
3056 2799 3275 2856 Petrum
3329 2819 3526 2875 magna
3549 2807 3615 2862 de

2045 2901 2104 2940 se
2130 2887 2511 2955 conﬁdentem,
2547 2899 2606 2943 ut
2631 2889 2849 2943 videant
2880 2899 2936 2944 et
2958 2891 3179 2945 audiant
3209 2893 3298 2946 tibi
3337 2905 3420 2949 est
3456 2911 3614 2964 posse

2042 2976 2283 3032 hominis
2311 2985 2364 3032 et
2389 2977 2667 3046 quomodo
2725 2979 3066 3047 impetratur.
3114 2978 3344 3037 Videant
3397 2985 3613 3054 quidem

2042 3067 2323 3122 cadentem
2368 3068 2422 3122 in
2460 3068 2654 3122 faciem
2705 3084 2883 3133 suam,
2922 3069 3146 3125 audiant
3197 3081 3376 3128 autem
3431 3074 3616 3132 dicen-

2043 3166 2150 3213 tem
2187 3159 2230 3190 ⁸⁸
2266 3177 2280 3213 :
2311 3158 2496 3224 Pater,
2531 3160 2578 3213 si
2603 3159 2851 3229 possibile
2883 3171 2982 3228 est,
3007 3170 3242 3218 transeat
3289 3165 3434 3219 calix
3460 3166 3559 3221 iste
3585 3184 3617 3221 a

2041 3266 2142 3313 me,
2172 3259 2225 3304 et
2252 3250 2467 3306 discant
2491 3266 2598 3304 non
2630 3267 2826 3320 magna
2849 3252 2916 3306 de
2941 3268 3000 3308 se
3023 3269 3237 3324 sapere,
3264 3257 3359 3311 sed
3389 3257 3618 3313 humilia

2041 3341 2336 3405 aestimare,
2377 3358 2486 3396 non
2517 3342 2729 3398 veloces
2771 3357 2893 3398 esse
2935 3344 3000 3399 ad
3043 3348 3488 3415 promittendum,
3524 3351 3618 3406 sed

2040 3433 2258 3489 solliciti
2293 3435 2360 3489 ad
2389 3435 2680 3489 orandum.
2714 3433 2839 3490 Ideo
2863 3443 2918 3490 et
2954 3435 3079 3491 illos
3135 3437 3292 3492 duxit
3342 3439 3438 3509 qui
3468 3439 3619 3495 vide-

2039 3525 2240 3580 bantur
2265 3525 2540 3580 ﬁdeliores
2565 3535 2619 3579 ct
2647 3525 2838 3587 fortes,
2868 3525 3076 3580 similes
3099 3525 3281 3590 Petro,
3325 3528 3379 3581 in
3417 3529 3617 3597 quibus

2041 3617 2288 3670 similiter
2339 3615 2498 3670 facile
2561 3625 2776 3685 poterat
2828 3617 3008 3671 locum
3066 3617 3312 3681 invenire
3355 3619 3616 3688 jactantia

2039 3715 2263 3774 propter
2289 3705 2541 3759 ﬁduciam
2577 3705 2719 3760 ﬁdei.
2771 3705 3072 3761 Mediocres
3105 3719 3285 3760 autem
3306 3748 3322 3773 ,
3352 3717 3615 3778 quantum

2039 3795 2105 3848 ad
2130 3796 2431 3864 periculum
2473 3795 2596 3850 dico
2635 3796 2931 3865 jactantize,
2988 3800 3106 3872 ipsa
3153 3800 3276 3854 ﬁdei
3323 3802 3618 3872 exiguitate

2039 3885 2235 3939 muniti
2269 3895 2416 3938 sunt.

2110 3974 2200 4028 92.
2244 3973 2313 4027 Et
2364 3992 2670 4045 progressus
2729 3977 3028 4046 pusillum,
3091 3981 3280 4034 cecidit
3319 3983 3373 4036 in
3427 3983 3617 4044 facient

2038 4081 2192 4118 suam
2220 4081 2400 4127 orans,
2422 4078 2467 4120 et
2494 4066 2672 4120 dicens
2706 4083 2724 4122 :
2757 4066 2938 4134 Pater,
2972 4069 3019 4122 si
3045 4070 3293 4138 possibile
3318 4082 3418 4140 est,
3441 4083 3616 4130 trans-

2037 4166 2121 4210 eat
2147 4155 2290 4209 calio:
2323 4156 2420 4210 iste
2451 4173 2482 4208 a
2516 4173 2614 4209 me.
2653 4155 2756 4222 Qui
2782 4157 2915 4212 dixit
2940 4159 2985 4188 "
3021 4173 3033 4208 :
3071 4158 3269 4213 Discite
3303 4178 3438 4215 ante
3488 4165 3616 4231 quia

2038 4247 2182 4300 mitis
2201 4263 2319 4300 sum
2347 4256 2392 4300 et
2418 4247 2633 4300 humilis
2652 4247 2829 4314 corde,
2849 4247 3192 4304 laudabiliter
3213 4265 3272 4305 se
3295 4251 3613 4322 humilians,

2037 4346 2092 4392 et
2139 4353 2284 4392 nunc
2330 4337 2477 4391 cadit
2525 4337 2578 4390 in
2612 4336 2804 4393 faciem
2842 4355 3026 4404 orans,
3063 4349 3118 4394 et
3167 4341 3346 4397 adhuc
3379 4344 3615 4414 amplius

2037 4424 2382 4495 postmodum
2430 4425 2681 4497 bumiliat
2735 4441 2792 4480 se
2818 4426 2994 4481 factus
3037 4427 3297 4484 obediens
3343 4447 3517 4501 usque
3546 4433 3615 4486 ad

2041 4525 2306 4580 mortem,
2361 4519 2619 4586 quoniam
2659 4518 2891 4586 pretium
2946 4519 3291 4575 exaltationis
3338 4522 3617 4578 humilitas

2039 4617 2143 4663 est.
2169 4606 2279 4664 Nec
2315 4609 2459 4663 enim
2489 4608 2761 4662 cxaltatur
2781 4623 2808 4662 a
2837 4607 2966 4675 Deo,
2993 4609 3096 4664 nisi
3133 4611 3224 4682 qui
3251 4611 3618 4669 humiliaverit

2039 4714 2099 4753 se
2131 4707 2351 4774 propter
2375 4699 2563 4752 Deum.
2590 4698 2748 4753 Cadit
2776 4707 2960 4754 autem
2992 4701 3043 4754 in
3076 4699 3268 4756 faciem
3294 4717 3481 4767 orans,
3509 4720 3614 4758 non

2040 4789 2270 4843 multum
2302 4804 2643 4858 progressus,
2673 4788 2764 4843 sed
2793 4789 3047 4858 pusillum
3077 4805 3106 4843 a
3131 4790 3304 4845 tribus
3334 4793 3616 4860 discipufis

2041 4882 2156 4936 suis
2184 4881 2535 4936 manentibus
2563 4896 2770 4935 secum.
2807 4879 3034 4934 Nolebat
3055 4879 3198 4934 enim
3225 4881 3379 4951 longe
3405 4885 3518 4938 ﬁeri
3547 4885 3615 4938 ab

2037 4971 2138 5035 eis,
2193 4972 2284 5026 sed
2316 4970 2471 5041 juxta
2503 4986 2599 5025 eos
2633 4972 2961 5025 constitutus
2996 4984 3174 5023 orare.
3219 4970 3376 5037 Quod
3431 4985 3614 5030 autem

2038 5062 2170 5116 dicit
2217 5077 2379 5116 orans
2411 5079 2424 5114 :
2460 5061 2519 5115 Si
2548 5061 2793 5131 possibile
2842 5070 2944 5125 est,
2977 5069 3211 5114 transeat
3259 5063 3405 5117 calix
3449 5066 3548 5120 iste
3584 5084 3617 5120 a

2039 5169 2138 5218 me,
2166 5153 2528 5208 manifestans
2548 5152 2600 5205 in
2621 5152 2867 5206 oratione
2885 5166 3038 5206 suam
3071 5151 3436 5219 devotionem,
3457 5157 3614 5224 quasi

2037 5247 2267 5302 dilectus
2294 5245 2468 5302 Filius
2493 5255 2547 5300 et
2569 5244 2913 5314 complacens
2931 5237 3386 5312 dispositionibus
3412 5245 3612 5308 Patris,

2041 5337 2246 5394 addidit
2284 5354 2298 5390 :
2336 5335 2440 5390 Scd
2475 5351 2576 5390 non
2604 5335 2740 5388 sicut
2763 5349 2855 5402 ego
2885 5333 3018 5399 volo,
3042 5334 3132 5386 sed
3147 5334 3282 5387 sicut
3311 5343 3388 5401 tu,
3413 5335 3616 5390 docens

2043 5441 2104 5486 ut
2152 5445 2263 5485 non
2293 5443 2513 5483 oremus
2540 5435 2783 5481 nostram
2834 5425 2950 5480 ﬁeri
2980 5425 3310 5480 voluntatem
3331 5468 3347 5492 ,
3393 5429 3615 5496 quando

2045 5519 2246 5576 factum
2279 5517 2442 5572 fuerit
2474 5525 2533 5571 ut
2558 5515 2761 5586 aliquid
2791 5514 2938 5568 aliud
2967 5513 3198 5570 velimus
3228 5531 3392 5587 quam
3443 5514 3611 5570 Deus.

3227 5675 3272 5710 δ’
3313 5674 3480 5731 llebr.
3527 5688 3581 5729 tv
3601 5712 3620 5741 ,

2550 5751 2592 5781 “
2640 5749 2773 5803 ibid.
2852 5749 2898 5779 “
2951 5747 3115 5807 ibid.,
3165 5747 3254 5806 56.
3332 5747 3377 5778 ⁸³
3421 5743 3615 5802 Matth.

2593 5817 2640 5851 ⁸⁸
2702 5816 2893 5875 Matth.
2921 5833 2998 5888 ιι,
3031 5817 3121 5874 29.
