4112 6422
486 398 627 454 1745

1666 391 2029 451 .ORIGENIS
2068 394 2136 450 IN
2175 395 2592 453 MATTHASL’M

3630 405 3770 466 HN

484 511 687 575 Pater,
719 509 768 564 si
794 506 1045 578 possibile
1075 516 1174 572 est,
1211 514 1449 563 transeat
1485 507 1631 562 calix
1656 508 1807 565 istea
1840 526 1952 574 me;
1983 511 2075 565 sed
2105 515 2148 571 A
2180 521 2361 566 autem
2398 512 2545 568 hunc
2582 515 2678 584 qui
2728 514 2934 569 bibitur
2980 515 3275 584 passionis,
3314 517 3369 573 in
3405 520 3594 579 multis
3630 524 3768 581 locis

484 621 587 658 non
615 604 756 658 sicut
781 620 875 676 ego
904 602 1040 668 volo,
1064 603 1154 656 sed
1180 603 1319 655 sicut
1349 611 1426 655 tu.
1458 600 1773 656 Secundum
1799 602 1945 672 quod
1969 618 2076 658 caa-

484 697 563 765 pit
588 710 784 765 pavere
801 703 858 750 et
875 694 1102 759 tristari,
1127 694 1432 750 secundum
1464 694 1594 748 illud
1614 704 1669 749 et
1694 702 1817 748 orat
1847 694 2073 749 calicem

484 788 759 856 passionis
786 785 1025 840 transire
1049 801 1081 840 a
1111 800 1201 848 se;
1226 786 1318 839 sed
1345 801 1455 841 non
1480 784 1622 839 sicut
1651 785 1784 852 vult,
1805 785 1898 840 sed
1930 786 2075 841 sicut

484 880 597 934 vult
612 878 792 933 Pater.
813 877 1134 948 Suscipicns
1154 878 1301 933 enim
1324 886 1575 933 naturam
1593 878 1777 934 carnis
1797 879 2071 944 humanae,

482 985 676 1025 omnes
697 968 1058 1039 proprietates
1086 968 1350 1039 implevit,
1387 981 1445 1023 ut
1468 984 1574 1023 non
1593 958 1647 1022 in
1667 969 1956 1039 phantasia
1977 970 2075 1025 ha-

483 1061 670 1116 buisse
697 1075 918 1116 carnem
944 1060 1376 1127 existimaretur,
1398 1060 1490 1116 sed
1510 1060 1565 1115 in
1585 1061 1843 1129 veritate;
1870 1077 2073 1117 secun-

481 1153 611 1207 dum
628 1152 777 1222 quod
800 1153 853 1207 in
873 1154 978 1208 hoc
997 1153 1118 1209 loco
1142 1162 1271 1208 orat
1289 1153 1515 1209 calicem
1537 1154 1812 1224 passionis
1837 1154 2075 1213 transire

480 1260 511 1296 a
538 1243 796 1314 sc,903
825 1245 918 1299 sed
945 1259 1055 1298 non
1074 1245 1217 1300 sicut
1237 1245 1352 1299 vult
1383 1245 1520 1315 ipse,
1547 1247 1642 1301 sed
1665 1247 1808 1302 sicut
1833 1248 1947 1301 vult
1970 1246 2075 1302 Pa-

481 1341 584 1389 ter.
635 1332 908 1399 Quoniam
957 1335 1242 1404 proprium
1273 1343 1355 1390 est
1382 1336 1563 1391 omnis
1604 1336 1844 1392 hominis
1874 1337 2070 1403 ﬁdelis,

482 1424 717 1492 primum
746 1427 965 1495 quidem
1000 1426 1143 1480 nolle
1194 1427 1304 1495 pati
1332 1427 1538 1497 aliquid
1570 1428 1800 1492 doloris,
1832 1430 2074 1486 maxime

480 1514 626 1585 quod
657 1516 810 1569 ducit
839 1532 1014 1585 usque
1042 1517 1107 1570 ad
1147 1527 1378 1571 mortem
1401 1557 1417 1580 ,
1469 1519 1595 1588 quia
1632 1519 1801 1575 homo
1833 1529 1919 1575 est.
1949 1535 2074 1575 car-

481 1608 655 1673 nalis;
681 1608 727 1661 si
756 1617 938 1662 autem
971 1609 1052 1663 sic
1076 1609 1307 1663 voluerit
1337 1609 1501 1676 Deus,
1527 1610 1880 1681 acquiescere
1905 1613 2071 1668 etiam

481 1708 669 1753 contra
713 1700 1047 1754 voluntatem
1099 1716 1277 1768 suam,
1312 1704 1441 1773 quia
1477 1704 1654 1758 ﬁdelis
1693 1713 1798 1771 est,
1836 1720 1903 1760 ne
1948 1706 2071 1775 plus

482 1790 728 1844 \ideatur
769 1792 824 1845 in
871 1807 932 1847 se
972 1792 1266 1864 deSperare
1304 1810 1468 1864 quam
1505 1795 1560 1849 in
1605 1795 1778 1851 Deum
1825 1812 2066 1865 sperare.

2179 603 2430 658 nominat
2461 602 2769 676 Scriptura,
2794 606 3067 677 przccipne
3092 608 3185 679 qui
3219 625 3250 664 a
3280 613 3614 684 martyribus
3644 631 3763 686 pro-

2178 694 2295 765 prie
2330 695 2555 762 bibitur,
2599 699 2743 752 sicut
2776 708 2861 753 est
2901 698 2973 752 ibi
3007 700 3051 731 ⁵⁷
3092 718 3106 754 :
3154 698 3297 766 Quid
3337 705 3629 760 retribuam
3664 708 3768 765 Do-

2176 786 2321 839 mino
2353 803 2449 855 pro
2488 787 2730 841 omnibus
2761 804 2878 857 quw
2921 787 3168 842 retribuit
3208 790 3384 846 mihi?
3412 792 3649 849 Calicem
3677 815 3763 851 sa.

2177 876 2371 932 lntaris
2397 878 2683 948 accipiam,
2707 890 2753 932 et
2784 896 2969 933 nomen
3000 879 3215 934 Domini
3243 883 3517 941 invocabo.
3548 885 3605 940 Si
3634 904 3766 958 ergo

2175 968 2319 1023 calix
2355 969 2615 1025 salutaris
2657 970 2798 1025 calix
2854 972 3104 1042 martyrii
3152 981 3257 1037 est,
3311 990 3538 1033 necesse
3584 988 3669 1033 est
3708 990 3765 1035 ut

2175 1058 2451 1114 salvemus
2482 1058 2710 1114 calicem
2737 1060 2910 1126 illum,
2946 1068 3119 1114 totum
3150 1061 3303 1117 illum
3332 1063 3602 1135 bibentes,
3634 1070 3763 1137 quia

2175 1150 2319 1204 calix
2355 1160 2442 1205 est
2471 1151 2756 1216 salutaris,
2786 1163 2845 1206 ut
2876 1151 3013 1206 nihil
3047 1150 3346 1210 fundamus
3387 1172 3454 1212 ex
3497 1173 3584 1213 eo.
3618 1159 3766 1218 Bibit

2175 1256 2306 1313 ergo
2356 1241 2581 1297 calicem
2635 1252 2845 1312 totum,
2892 1243 2987 1315 qui
3043 1244 3248 1312 patitur
3291 1262 3392 1317 pro
3443 1250 3764 1307 testimonio

2176 1332 2437 1403 quidquid
2463 1332 2627 1389 fuerit
2649 1337 2697 1389 ei
2727 1336 2959 1390 illatum.
2990 1335 3228 1392 Eﬂundit
3256 1347 3436 1393 autem
3460 1342 3763 1411 accipiens,

2174 1421 2268 1492 qui
2302 1431 2529 1478 vocatus
2560 1425 2627 1477 ad
2679 1426 2999 1495 martyrium
3048 1429 3277 1498 denegat
3311 1443 3380 1482 ne
3411 1429 3619 1499 aliquid
3663 1445 3763 1499 pa-

2177 1514 2363 1567 tiatur.
2396 1511 2493 1569 Est
2521 1523 2575 1568 et
2600 1515 2825 1570 alterius
2852 1518 3068 1584 generis
3094 1518 3232 1573 calix
3268 1518 3569 1586 inebrians,
3597 1536 3765 1592 quem

2176 1601 2314 1657 bibit
2341 1602 2468 1671 quis
2499 1613 2789 1673 postquam
2815 1605 3229 1661 manducaverit
3257 1619 3619 1678 praaparatam
3657 1611 3764 1666 sibi

2175 1708 2424 1749 mensam
2460 1709 2489 1747 a
2518 1693 2629 1749 Deo
2655 1695 2919 1750 adversus
2948 1695 3071 1752 illos
3108 1699 3200 1768 qui
3240 1699 3504 1756 tribulant
3524 1701 3759 1772 jusmm.

2174 1783 2485 1841 Notandum
2516 1795 2600 1842 est
2650 1796 2834 1843 autem
2874 1790 3135 1860 quoniam
3184 1791 3399 1847 Marcus
3447 1794 3667 1862 quidem
3708 1805 3763 1848 et

478 1877 615 1934 Nam
644 1881 788 1937 sicut
826 1885 1059 1939 multum
1090 1885 1365 1941 conﬁdere
1394 1902 1504 1941 non
1546 1886 1832 1951 debemus,
1858 1904 1927 1942 ne
1964 1904 2067 1943 no-
2101 1869 2144 1923 Β
2174 1875 2354 1933 Lucas
2383 1877 2488 1934 hoc
2526 1877 2706 1947 ipsum
2739 1881 3098 1951 scripserunt,
3137 1882 3233 1952 qui
3268 1893 3323 1938 et
3356 1893 3623 1939 tentatum
3666 1901 3762 1939 rx-

482 1980 649 2025 stram
675 1972 929 2027 virtutem
963 1975 1250 2030 videamur
1276 1976 1546 2046 proﬁteri,
1593 1977 1675 2031 sic
1697 1979 1929 2032 multum
1962 1993 2067 2047 pu-

481 2062 827 2118 sillanimiter
850 2081 1033 2136 agere,
1064 2075 1118 2122 et
1147 2067 1391 2123 difﬁdere
1422 2084 1531 2121 non
1565 2068 1850 2135 debemus,
1880 2086 1947 2123 ne
1973 2070 2067 2124 Dei

479 2149 751 2222 adjutoris
773 2157 947 2209 nostri
973 2156 1354 2226 impotentiam
1376 2157 1665 2213 videamur
1687 2160 2063 2228 pronuntiare.

481 2241 607 2298 Haec
650 2259 781 2315 ergo
813 2247 1069 2302 voluntas
1103 2264 1268 2319 quam
1323 2250 1457 2305 dicit
1502 2267 1518 2305 :
1566 2248 1626 2304 Si
1657 2250 1910 2319 possibile
1964 2261 2065 2315 est,

483 2346 715 2390 transeat
744 2339 889 2393 calix
918 2341 1016 2394 iste
1044 2357 1076 2393 a
1111 2356 1225 2403 me;
1264 2346 1353 2395 sed
1389 2358 1490 2395 non
1521 2343 1659 2396 sicut
1685 2359 1778 2412 ego
1816 2344 1953 2407 volo,
1979 2344 2070 2397 sed

480 2427 618 2481 sicut
650 2436 729 2495 tu,
761 2444 870 2483 non
903 2439 987 2485 est
1018 2432 1319 2487 secundum
1354 2434 1713 2488 substantiam
1749 2434 1988 2489 divinam
2017 2444 2071 2490 ct

482 2519 899 2590 impassibilem,
943 2524 1037 2580 sed
1103 2526 1405 2580 secundum
1465 2538 1716 2582 naturam
1771 2528 2067 2582 humanum

479 2612 600 2681 ejus
644 2622 698 2667 et
742 2613 1035 2669 inﬁrmam.
1072 2616 1253 2671 Altera
1304 2629 1486 2673 autem
1540 2618 1919 2689 interpretatio
1962 2618 2069 2673 loci

480 2705 648 2775 hujus
672 2715 759 2761 est
783 2708 927 2775 talis,
954 2709 1215 2778 quoniam
1247 2711 1403 2779 quasi
1439 2709 1607 2767 Filius
1636 2710 1918 2766 cbaritatis
1950 2709 2067 2776 Dei,

479 2794 782 2851 secundum
830 2799 1232 2869 praescieutiam
1282 2801 1503 2869 quidem
1552 2802 1810 2874 diligebat
1844 2816 1942 2858 eos
1973 2801 2069 2873 qui

477 2903 544 2942 ex
576 2890 827 2958 gentibus
863 2888 1077 2944 fuerant
1100 2892 1392 2958 credituri;
1435 2891 1653 2949 Judteos
1679 2905 1881 2961 autem,
1911 2896 2069 2965 quasi

478 2994 663 3034 semen
697 2990 910 3050 patrum
944 2989 1283 3045 sanctorum,
1320 2997 1553 3052 quorum
1588 2985 1833 3056 adoptio,
1867 2996 1920 3041 et
1954 2987 2069 3058 glo-

478 3073 580 3136 ria,
622 3080 679 3126 ct
736 3080 1090 3137 testamenta,
1151 3082 1206 3127 cl.
1268 3076 1750 3143 repromissiones,
1812 3078 2066 3151 diligebat

475 3163 632 3231 euasi
668 3178 853 3217 ramos
893 3164 1049 3218 bona:
1076 3164 1252 3219 olivze.
1301 3164 1538 3234 Diligens
1581 3177 1757 3223 autent
1792 3183 1888 3224 eos
1919 3164 2079 3225 vide-4

475 3252 568 3305 bat
599 3252 780 3321 qualia
816 3265 972 3306 erant
1008 3255 1221 3322 passuri
1257 3264 1503 3324 petentes
1535 3273 1660 3311 eum
1692 3259 1758 3311 ad
1794 3268 2026 3314 mortem
2048 3301 2062 3326 ,

475 3350 530 3396 et
560 3341 863 3398 Bal-abbati]
904 3343 1167 3413 eligentes
1205 3346 1271 3399 ad
1314 3346 1516 3412 vitam;
1553 3348 1677 3402 ideo
1721 3347 1937 3403 dicebat
1970 3350 2067 3404 do-

477 3436 593 3490 lens
633 3435 699 3490 de
739 3435 820 3490 eis
854 3453 868 3489 :
917 3435 1103 3502 Pater,
1140 3437 1187 3490 si
1225 3439 1475 3508 possibile
1503 3450 1603 3505 est,
1652 3448 1889 3494 transeat
1923 3441 2066 3494 ralia:

476 3528 578 3580 iste
605 3542 637 3580 α
668 3542 766 3580 me.
797 3525 1012 3582 Rursus
1035 3542 1303 3583 revocans
1325 3530 1657 3585 desiderium
1691 3545 1874 3596 suum,
1904 3541 1958 3586 et
1986 3531 2067 3585 vi-

476 3620 615 3673 dens
651 3627 856 3688 quanta
897 3619 1107 3674 utilitas
1139 3620 1330 3675 mundi
1369 3621 1537 3676 totius
1562 3631 1709 3677 esset
1743 3620 1927 3676 futura
1972 3636 2069 3692 per

476 3707 790 3778 passionem
830 3710 1021 3779 ipsius,
1057 3711 1273 3766 dicebat
1310 3730 1322 3766 :
1355 3709 1460 3766 Sed
1492 3729 1596 3766 non
1626 3714 1763 3767 sicut
1798 3728 1892 3782 ego
1924 3712 2062 3776 volo,

475 3802 566 3854 sed
608 3802 745 3854 sicut
783 3810 859 3855 tu.
896 3802 1124 3857 Videbat
1160 3804 1341 3859 adhuc
1382 3813 1608 3875 propter
1649 3805 1805 3859 illum
1834 3805 2063 3860 calicem

475 3892 773 3961 passionis,
798 3892 960 3947 etiam
992 3891 1188 3949 Judam
1215 3895 1306 3965 qui
1332 3911 1399 3949 ex
1428 3896 1717 3951 duodecim
1750 3912 1894 3953 unus
1924 3904 2063 3960 erat,

479 3984 650 4037 tilium
695 3983 811 4038 fore
853 3984 1193 4055 perditionis.
1227 3986 1442 4042 Rursus
1494 3986 1829 4057 intelligebat
1861 4003 1959 4059 per
1996 3990 2061 4043 il-

476 4077 590 4131 lum
645 4077 869 4133 calicem
918 4080 1215 4148 passionis,
1276 4080 1613 4150 principatus
1660 4089 1714 4135 et
1768 4089 2064 4150 potestates

477 4166 897 4238 triumphandas
951 4168 1005 4221 in
1053 4183 1284 4239 corpore
1334 4183 1456 4224 suo.
1503 4168 1733 4238 Pr0ptcr
1782 4171 1883 4225 bos
1932 4186 2064 4242 ergo

474 4257 616 4329 quos
654 4260 707 4313 in
741 4259 1000 4329 passione
1030 4274 1131 4313 sua
1171 4259 1392 4313 nolebat
1426 4259 1620 4328 perire,
1653 4260 1866 4315 dicebat
1898 4279 1912 4315 :
1954 4259 2065 4314 Pa-

476 4360 574 4415 ter,
611 4351 658 4403 si
696 4350 948 4419 possibile
979 4359 1078 4414 est,
1117 4360 1351 4404 transeat
1403 4351 1548 4404 calix
1579 4352 1675 4405 iste
1725 4368 1757 4405 a
1793 4368 1908 4412 me;
1936 4367 2064 4422 pro-

473 4450 593 4510 pter
619 4442 850 4496 salutem
880 4452 1060 4495 autem
1095 4442 1264 4496 totius
1296 4443 1517 4496 humani
1548 4445 1787 4512 generis,
1817 4460 1939 4514 qua:
1966 4459 2065 4514 per

2172 1980 2382 2039 ponunt
2414 1987 2446 2025 a
2474 1971 2697 2028 diabolo
2729 1970 2939 2028 Jesum.
2964 1972 3206 2029 Joannes
3235 1984 3416 2030 autem
3446 1978 3761 2046 passionem

2169 2065 2389 2134 quidem
2424 2064 2672 2133 exponit,
2701 2065 3164 2136 quemadmodum
3201 2068 3326 2134 alii;
3375 2081 3620 2124 orantem
3670 2067 3764 2126 Je-

2170 2171 2292 2211 sum
2327 2164 2388 2209 ut
2415 2155 2676 2210 transiret
2715 2158 2784 2210 ab
2828 2171 2896 2212 eo
2932 2157 3077 2212 calix
3114 2171 3222 2212 non
3261 2158 3584 2227 introducit,
3618 2161 3765 2216 sicut

2171 2260 2272 2301 nec
2300 2254 2567 2300 tentatum
2596 2248 2821 2317 exponit
2847 2262 2877 2302 a
2906 2246 3126 2302 diabolo
3152 2246 3362 2304 Jesum.
3391 2250 3629 2306 Causam
3659 2267 3761 2305 au-

2172 2349 2281 2395 tem
2315 2340 2457 2395 hanc
2490 2341 2731 2395 arbitror
2759 2357 2901 2406 esse,
2939 2343 3201 2413 quoniam
3246 2344 3298 2398 1ιί
3327 2344 3548 2414 quidem
3583 2344 3760 2414 magis

2171 2433 2474 2489 secundum
2507 2434 2805 2488 humanam
2837 2435 2958 2505 ejus
2988 2444 3241 2489 naturam
3277 2444 3560 2505 exponunt
3587 2435 3655 2490 de
3689 2449 3759 2489 eo

2171 2541 2338 2596 quam
2363 2525 2663 2581 secundum
2689 2525 2964 2594 divinam;
2989 2524 3229 2583 Joannes
3256 2535 3438 2581 autem
3468 2525 3643 2595 magis
3670 2541 3758 2581 se—

2172 2617 2415 2673 cundum
2448 2617 2689 2672 divinam
2723 2634 2888 2688 quam
2924 2617 3226 2674 secundum
3261 2618 3555 2672 humanam
3590 2617 3758 2670 inter-

2172 2711 2493 2781 pretabatur
2536 2719 2828 2777 naturam;
2871 2710 3130 2765 divinitas
3180 2719 3362 2764 autem
3417 2708 3759 2764 intentabilis

2171 2815 2309 2858 erat.
2339 2803 2465 2858 ldeo
2493 2813 2602 2859 tres
2626 2802 2845 2873 quidem
2874 2803 3221 2873 evangelista:
3245 2810 3616 2873 exposuerunt
3642 2811 3760 2856 ten-

2172 2905 2343 2949 tatum
2377 2914 2390 2950 :
2436 2894 2679 2951 Joannes
2713 2908 2894 2949 autem
2934 2895 3235 2951 secundum
3268 2894 3415 2964 quod
3459 2898 3703 2964 coeperat
3740 2909 3756 2945 :

2175 2986 2240 3041 In
2291 2989 2550 3057 principio
2598 2999 2713 3042 erat
2772 2987 3016 3053 Verbum,
3069 2997 3119 3041 et
3179 2985 3405 3040 Verbum
3455 2994 3570 3039 erat
3616 2984 3757 3053 apud

2172 3077 2365 3144 Deum,
2411 3088 2460 3133 et
2492 3078 2635 3132 Deus
2675 3089 2786 3132 erat
2832 3077 3059 3133 Verbum
3090 3077 3137 3109 ⁸³
3158 3118 3173 3144 ,
3204 3078 3380 3132 nescit
3422 3075 3590 3130 Deum
3626 3075 3759 3129 Ver-

2171 3169 2302 3225 bum
2334 3186 2495 3241 posse
2519 3172 2739 3225 tentari.
2778 3170 2869 3226 Sic
2896 3179 2953 3225 et
2977 3171 3065 3226 hic
3095 3179 3205 3226 tres
3233 3170 3452 3240 quidem
3483 3168 3573 3225 isti
3604 3176 3755 3223 retu-

2170 3262 2350 3316 lerunt
2382 3260 2568 3317 Jesum
2602 3262 2912 3331 postulasse
2941 3278 2971 3317 a
3012 3263 3173 3317 Patre
3210 3272 3269 3318 ut
3319 3261 3582 3317 transiret
3613 3260 3754 3316 calix

2169 3351 2239 3405 ab
2259 3365 2345 3412 eo,
2372 3351 2631 3420 quoniam
2656 3360 2710 3405 et
2732 3352 3012 3420 proprium
3043 3352 3286 3406 hominis
3314 3359 3453 3413 erat,
3486 3360 3757 3421 quantum

2170 3443 2236 3495 ad
2270 3441 2643 3494 inﬁrmitatem
2679 3442 2913 3510 pertinet
2942 3441 3148 3505 carnis,
3188 3441 3327 3495 velle
3365 3441 3598 3495 evadere
3629 3456 3750 3510 pas-

2169 3533 2415 3597 sionem;
2448 3529 2688 3585 Joannes
2719 3541 2899 3584 autem
2921 3569 2936 3595 ,
2971 3530 3313 3600 prepositum
3349 3529 3558 3584 habens
3585 3543 3755 3598 expo-

2168 3639 2299 3680 nere
2323 3623 2511 3679 Jesum
2542 3623 2708 3679 Deum
2742 3621 3002 3686 Verbum,
3030 3620 3213 3676 sciens
3236 3620 3364 3690 quia
3394 3619 3509 3689 ipse
3530 3628 3617 3674 est
3640 3618 3751 3672 vita

2167 3728 2221 3775 et
2255 3717 2620 3784 resurrectio,
2657 3714 2834 3772 nescit
2868 3713 3039 3769 Deum
3074 3712 3470 3782 impassibiletn
3506 3709 3755 3781 refugere

2166 3809 2498 3881 passionem.

2238 3901 2329 3957 93.
2371 3898 2440 3954 Et
2473 3898 2612 3972 venit
2638 3898 2708 3952 ad
2734 3895 3026 3967 discipulos
3046 3911 3192 3962 suos,
3218 3903 3267 3949 et
3293 3892 3488 3948 invenit
3512 3907 3598 3945 eos
3627 3901 3754 3944 αυτ-

2168 3992 2406 4046 rnientes.
2437 3988 2509 4043 Et
2539 3990 2676 4043 dixit
2711 3987 2872 4041 Petro
2898 4003 2916 4041 :
2949 3984 3044 4042 Sic
3076 4002 3179 4039 non
3207 3984 3456 4055 potuistis
3489 3998 3595 4035 una
3621 3981 3753 4033 hora

2166 4083 2389 4154 vigilare
2412 4081 2655 4136 mecum?
2688 4078 2940 4149 Vigilale,
2965 4086 3014 4130 et
3043 4086 3213 4141 orate,
3242 4091 3304 4128 ne
3326 4073 3535 4127 intretis
3564 4072 3618 4124 in
3640 4080 3755 4125 ten-

2168 4176 2421 4228 tationem
2458 4173 2526 4227 ⁸⁹.
2560 4170 2815 4237 Quandiu
2855 4169 3077 4240 quidem
3111 4166 3284 4222 adfuit
3320 4164 3483 4221 Jesus
3510 4164 3755 4234 discipu-

2166 4268 2236 4321 lis
2264 4267 2402 4331 suis,
2438 4279 2545 4319 non
2588 4262 2966 4327 dormierunt;
2999 4258 3257 4330 pusillum
3297 4267 3484 4312 autem
3521 4270 3751 4327 progre-

2166 4357 2350 4411 diente
2375 4370 2442 4408 eo
2472 4353 2543 4407 ab
2573 4351 2675 4416 eis,
2716 4365 2819 4404 nec
2863 4365 2971 4404 una
3004 4350 3137 4404 hora
3183 4355 3479 4419 potuerunt
3521 4346 3752 4416 vigilare

2166 4464 2234 4504 eo
2261 4447 2510 4501 absente.
2548 4442 2779 4513 Propter
2806 4442 2953 4512 quod
2994 4456 3216 4497 oremus
3247 4449 3307 4494 ut
3338 4453 3439 4496 nec
3472 4439 3749 4494 modicum

474 4540 708 4587 mortem
743 4532 869 4601 ejus
907 4532 1018 4588 Deo
1057 4531 1238 4589 fuerat
1272 4535 1623 4604 acquirendo,
1659 4536 1876 4591 dicebat
1901 4534 2062 4606 quasi
2095 4544 2141 4603 1)
2167 4535 2464 4609 aliquando
2495 4533 2658 4592 Jesus
2686 4534 3071 4605 progrediatur
3099 4546 3131 4587 a
3164 4532 3347 4598 nobis,
3397 4531 3490 4586 sed
3528 4531 3751 4599 impleat

471 4621 787 4691 recogitans
819 4639 834 4676 :
867 4621 972 4677 Sed
1008 4638 1113 4677 non
1145 4623 1283 4677 sicut
1309 4641 1402 4694 ego
1430 4624 1568 4691 volo,
1598 4626 1690 4680 sed
1721 4626 1862 4680 sicut
1892 4634 1980 4690 tu;
2006 4625 2061 4680 id

470 4723 579 4781 est,
613 4714 660 4769 si
691 4714 952 4785 possibile
975 4723 1059 4771 est
1084 4726 1145 4770 ut
1173 4716 1291 4771 sine
1324 4718 1581 4787 passione
1606 4733 1727 4772 mea
1757 4719 1939 4773 omnia
1967 4717 2059 4772 illa

471 4805 617 4861 bona
656 4807 1000 4877 proveniant,
1052 4823 1176 4878 quae
1222 4823 1318 4877 per
1366 4807 1676 4877 passionem
1721 4824 1900 4864 meam
1932 4817 2065 4865 sunt

472 4908 826 4971 proventura,
859 4907 1104 4954 transeat
1142 4900 1326 4969 passio
1352 4901 1466 4956 haec
1494 4915 1523 4954 a
1569 4914 1678 4968 me,
1709 4909 1771 4955 ut
1808 4911 1865 4956 et
1897 4916 2060 4955 mun-

473 4991 580 5048 dus
609 4992 868 5058 salvetur,
895 5001 946 5047 et
972 4990 1142 5047 Judaei
1167 4993 1220 5046 in
1250 4994 1505 5063 passione
1531 5009 1651 5048 mea
1682 5011 1789 5048 non
1813 5004 2058 5064 pereant.

475 5083 534 5138 Si
570 5094 749 5139 autem
802 5083 922 5139 sine
970 5084 1277 5154 perditione
1331 5086 1720 5155 quorumdam,
1765 5086 2060 5141 multorum

473 5175 624 5234 salus
659 5192 768 5232 non
804 5183 987 5247 potest
1033 5176 1332 5239 introduci,
1379 5186 1655 5247 quantum
1692 5178 1759 5233 ad
1784 5178 2059 5247 justitiam

469 5281 645 5334 tuam,
677 5284 786 5323 non
814 5276 1057 5322 transeat
1084 5268 1230 5323 sicut
1260 5284 1361 5339 ego
1390 5269 1535 5334 volo,
1566 5270 1661 5324 sed
1693 5271 1837 5324 sicut
1871 5277 1948 5323 tu.
1981 5268 2060 5323 Ac

472 5363 518 5417 si
552 5361 701 5415 dicat
729 5379 744 5416 :
777 5360 882 5414 ista
918 5359 1138 5429 quidem
1178 5367 1263 5414 est
1301 5374 1421 5414 mea
1465 5360 1742 5427 voluntas,
1790 5361 1884 5415 sed
1929 5374 2062 5429 quo-

470 5454 618 5508 niam
652 5464 743 5508 tua
773 5452 1029 5506 voluntas
1064 5451 1237 5505 multo
1277 5453 1605 5508 eminentior
1636 5460 1741 5518 est,
1776 5452 1933 5522 quasi
1970 5452 2058 5506 in-

470 5548 638 5615 geniti
682 5546 811 5612 Dei,
841 5546 1000 5615 quasi
1031 5544 1212 5601 Patris
1244 5546 1516 5612 onmium,
1546 5555 1829 5617 propterea
1880 5545 2057 5614 magis

471 5639 597 5693 \olo
625 5646 774 5692 tuam
808 5637 1145 5693 voluntatem
1192 5636 1309 5694 ﬁeri
1352 5653 1519 5709 quam
1569 5653 1767 5695 meam.
1811 5636 2050 5693 Calicem

500 5764 509 5770 '
544 5752 601 5822 ’Τί
634 5751 775 5808 Psal.
811 5767 934 5816 cxv,
963 5753 1061 5817 ΔΞ,
1094 5754 1181 5810 15.
1257 5754 1305 5791 ⁵³
1341 5751 1504 5812 Joan.
1535 5771 1588 5822 ι,
1621 5755 1668 5810 l.

473 5822 518 5856 ⁸³
559 5821 747 5878 Matth.
784 5839 933 5889 xxvi,
966 5824 1056 5880 ιθ.

1749 5753 1795 5788 δ’
1835 5750 2026 5809 Matth.
2063 5767 2212 5820 xxvr,
2244 5750 2333 5819 40,
2358 5752 2448 5809 Η.

2166 4630 2314 4702 quod
2356 4628 2610 4700 promisit
2638 4628 2694 4682 in
2724 4625 2904 4688 nobis,
2932 4625 3120 4680 dicens
3148 4641 3162 4678 :
3201 4621 3338 4677 Ecce
3365 4638 3459 4693 ego
3483 4620 3752 4676 vobiscum

2164 4740 2255 4778 ero
2285 4722 2527 4776 omnibus
2561 4718 2767 4784 diebus,
2802 4732 2964 4786 usque
2996 4715 3065 4768 ad
3105 4714 3612 4768 consummationem
3650 4726 3754 4765 ste-

2166 4813 2273 4869 culi
2302 4810 2371 4869 °°.
2403 4811 2494 4867 Sic
2516 4810 2662 4865 enim
2688 4806 3035 4879 vigilabimus
3068 4819 3135 4859 eo
3163 4803 3472 4859 excutiente
3493 4813 3749 4855 somnum

2166 4905 2237 4960 ab
2266 4903 2450 4958 anima
2485 4910 2693 4965 nostra,
2720 4902 2838 4955 sine
2866 4912 2977 4967 quo
3001 4894 3262 4965 possibile
3284 4908 3392 4948 non
3417 4900 3501 4947 est
3524 4889 3751 4959 implere

2167 4994 2483 5050 mandatum
2512 4984 2669 5062 quod
2687 4990 2821 5045 dicit
2850 5008 2863 5044 :
2898 4988 3010 5043 Nec
3039 4990 3129 5043 des
3160 4999 3402 5042 somnum
3425 4981 3595 5037 oculis
3619 4982 3749 5045 tuis,

2168 5098 2262 5143 aut
2289 5085 2552 5157 palpebris
2579 5085 2683 5139 tuis
2710 5084 3168 5146 dorntitationem,
3195 5089 3253 5134 ut
3274 5078 3466 5133 evadas
3492 5076 3631 5131 sicut
3660 5073 3753 5126 da-

2167 5180 2315 5233 mula
2345 5194 2410 5233 επ
2451 5176 2648 5232 retibus
2690 5186 2739 5231 et
2774 5176 2914 5231 sicut
2957 5175 3068 5229 aris
3108 5189 3175 5228 ea:
3209 5172 3397 5242 laqueo
3436 5169 3504 5223 “.
3540 5166 3751 5222 Tamen

2164 5270 2391 5327 veniens
2415 5270 2484 5324 ad
2506 5268 2830 5339 discipulos,
2859 5277 2913 5323 et
2935 5266 3221 5322 inveniens
3246 5262 3605 5327 dormientes,
3632 5274 3755 5315 sus-

2164 5364 2299 5419 citat
2318 5377 2415 5418 eos
2437 5360 2605 5417 verbo
2628 5361 2695 5415 ad
2725 5359 3081 5423 audiendum,
3109 5364 3168 5411 ut
3190 5356 3304 5426 jam
3325 5354 3486 5426 quasi
3516 5354 3748 5409 audien-

2168 5454 2314 5509 tibus
2353 5454 2503 5509 dicat
2548 5452 2694 5523 quod
2737 5453 2882 5506 dicet
2923 5449 3006 5505 sic
3045 5449 3091 5481 ”
3122 5466 3136 5504 :
3168 5447 3292 5502 Non
3334 5446 3583 5518 potuistis
3641 5461 3750 5500 una

2163 5544 2299 5599 liora
2337 5544 2559 5616 vigilare
2593 5542 2837 5597 nierum?
2874 5538 3127 5611 Praecipit
3164 5546 3349 5593 autem
3393 5537 3640 5606 vigilare,
3690 5541 3752 5589 ut

2162 5635 2455 5708 vigilantes
2500 5649 2745 5691 oremus.
2802 5630 3002 5703 Vigilat
3042 5639 3227 5689 autem
3261 5629 3356 5702 qui
3407 5628 3541 5684 facit
3583 5641 3751 5699 opera

2528 5752 2573 5784 “
2608 5748 2801 5805 Matth.
2834 5760 3030 5813 xxvnt,
3057 5744 3149 5801 ΞΟ.
3226 5745 3270 5777 ⁸⁸
3310 5740 3471 5798 Prov.
3500 5758 3575 5807 γι,
3608 5743 3663 5807 4,
3696 5741 3750 5799 5.
