4112 6478
434 379 571 433 Πὶῦ

1596 362 2254 424 COMMENTARIORUM
2293 360 2555 418 SERIES.

3557 358 3713 419 1756

432 493 604 553 bona;
641 487 828 558 vigilat
873 484 966 554 qui
1001 482 1230 538 sollicite
1265 482 1377 552 agit
1406 481 1474 535 de
1504 479 1628 536 ﬁdei
1661 480 1908 543 veritate,
1942 493 2011 532 ne
2040 483 2085 540 Α
2116 478 2277 532 fuerit
2319 492 2450 532 caro
2497 475 2699 546 ipsius,
2730 484 2789 529 ut
2834 489 2945 529 non
2992 474 3238 545 perﬁciat
3281 490 3446 543 opera
3472 479 3691 544 carius,

433 584 488 636 in
529 577 749 649 aliquod
789 575 1140 632 tenebrosum
1187 571 1384 637 dogma
1432 572 1694 627 incurrat.
1727 570 1830 637 Qui
1861 570 2007 625 enim

431 672 514 727 sic
544 669 780 740 vigilans
800 676 955 732 orat,
989 664 1138 718 illius
1175 662 1471 717 exauditur
1494 663 1691 717 oratio.
1725 661 1840 718 Hoc
1861 662 2006 716 enim

433 763 703 834 signiﬁcat
729 760 919 815 dicens
943 758 989 789 ⁸³
1014 774 1026 810 :
1075 754 1301 825 Vigilate
1334 753 1500 827 θοῇ,
1530 765 1580 808 et
1607 764 1786 809 orate:
1814 762 1871 808 ut
1902 752 2011 822 pri-

433 870 583 909 mum
613 852 922 923 vigilemus,
956 856 1012 903 et
1042 847 1122 902 sic
1155 846 1441 916 vigilantes
1466 861 1708 901 oremus.
1747 843 1814 899 Ut
1838 860 1902 898 ne
1929 845 2011 896 in-

435 946 584 999 tretis
628 944 683 997 in
726 941 1088 996 tentationem.
1130 938 1245 995 Hoc
1272 980 1288 1005 ,
1320 939 1621 994 secundum
1669 936 1815 1006 quod
1856 934 2010 989 multi

434 1035 762 1105 intelligunt,
804 1034 911 1089 tale
951 1040 1036 1088 est
1075 1047 1140 1087 ac
1172 1032 1218 1086 si
1252 1031 1422 1094 dicat,
1458 1042 1519 1084 ιιι
1552 1044 1660 1084 non
1705 1026 2008 1083 tentemini.

434 1128 492 1182 Si
521 1136 702 1182 autem
735 1127 817 1183 sic
850 1128 1119 1197 placuerit
1147 1125 1290 1190 Deo,
1323 1123 1656 1195 acquiescite
1685 1120 1825 1183 Deo,
1869 1119 2014 1174 sicut

433 1235 519 1273 me
551 1218 785 1275 audistis
817 1229 1087 1275 orantem.
1123 1217 1429 1274 Considera
1461 1224 1642 1270 autem
1676 1212 1721 1270 si
1752 1211 2013 1283 possibile

427 1318 514 1364 cst
548 1311 629 1363 sic
669 1310 971 1380 intelligere
1001 1309 1198 1380 magis,
1231 1308 1494 1379 quoniam
1530 1307 1639 1360 vita
1674 1312 1861 1359 nostra
1896 1302 2011 1371 ipsa

433 1402 662 1456 tentatio
685 1411 768 1456 est
802 1402 1107 1457 secundum
1135 1400 1239 1456 Job
1262 1401 1342 1467 “;
1374 1401 1578 1454 intrare
1607 1404 1788 1452 autem
1821 1394 1875 1447 in
1902 1402 2012 1446 ten-

431 1494 715 1559 tationem,
751 1503 847 1548 aut
875 1494 1059 1549 venire
1103 1494 1157 1548 in
1190 1493 1571 1555 tentationem,
1605 1498 1689 1544 est
1731 1487 1928 1542 cadere
1957 1485 2010 1538 in

433 1583 807 1649 tentationem,
839 1592 895 1640 et
924 1583 1068 1638 vinci
1097 1585 1166 1639 ab
1199 1598 1285 1639 ea.
1326 1582 1390 1637 Et
1414 1593 1548 1652 puto
1578 1579 1705 1650 quia
1736 1593 1897 1633 nemo
1920 1592 2013 1631 ve-

434 1676 515 1730 nit
541 1675 608 1730 ad
633 1673 821 1730 Jesum
856 1675 1021 1731 simul
1047 1684 1103 1729 et
1135 1676 1189 1728 in
1219 1674 1603 1738 tentationem;
1631 1670 1678 1725 si
1709 1677 1890 1724 autem
1922 1684 2014 1723 vc-

430 1766 514 1820 nit
550 1764 605 1819 in
642 1765 1025 1831 tentationem,
1064 1779 1173 1818 non
1205 1763 1352 1818 venit
1383 1762 1450 1816 ad
1480 1760 1689 1815 Jesum.
1721 1759 1798 1813 Ad
1826 1756 2011 1812 Jesum

429 1855 580 1910 enim
604 1872 765 1911 nemo
790 1856 959 1922 venit,
992 1856 1097 1911 nisi
1136 1869 1298 1925 quem
1326 1854 1495 1908 trahit
1515 1852 1678 1907 Pater
1711 1851 1776 1907 ad
1803 1849 2013 1916 Jesum,

432 1957 495 2002 ut
532 1947 889 2003 resuscitetur
919 1948 988 2002 ab
1030 1962 1117 2001 eo.
1144 1945 1222 1999 Ad
1256 1945 1447 2002 Jesum
1486 1960 1619 2016 ergo
1643 1943 1916 2011 venimus,
1958 1951 2018 1997 ut

431 2046 489 2093 et
530 2038 577 2092 si
602 2045 843 2093 tentator
887 2052 990 2092 nos
1022 2037 1187 2091 fuerit
1226 2046 1567 2107 persecutus,
1597 2043 1653 2089 et
1674 2034 1815 2088 mala
1838 2048 1902 2087 ex
1927 2048 2013 2097 eo,

433 2144 544 2185 non
574 2130 1111 2200 comprehendamur
1129 2131 1198 2183 ab
1224 2129 1325 2192 eis,
1355 2129 1499 2183 sicut
1523 2127 1787 2196 scriptum
1823 2134 1907 2181 est
1927 2127 1971 2158 “
1999 2144 2012 2180 :

436 2217 822 2289 Persequentttr
871 2229 919 2272 te
959 2218 1101 2271 mala
1124 2258 1137 2283 ,
1183 2227 1233 2271 et
1286 2234 1387 2269 non
1439 2216 1891 2285 comprehendent.
1935 2215 2013 2269 Ad

430 2319 769 2381 pcecatorem
804 2319 986 2364 autem
1017 2309 1278 2365 dicitur“
1305 2328 1317 2362 :
1352 2308 1746 2379 Consequentur
1775 2319 1824 2363 te
1848 2308 2014 2375 mala,

427 2411 480 2457 et
516 2402 949 2471 comprehendent
976 2412 1043 2456 te.

500 2494 593 2547 9t.
643 2491 877 2562 Spiritus
906 2492 1116 2563 quidem
1163 2504 1460 2563 promptus,
1497 2511 1622 2547 caro
1643 2501 1817 2546 autem
1865 2491 2016 2560 inﬁr-

430 2601 519 2637 ma
541 2584 608 2648 ",
640 2585 783 2639 sicut
801 2594 855 2639 et
884 2592 1033 2649 tuus,
1062 2601 1096 2639 ο
1123 2585 1301 2651 Pctre,
1333 2588 1559 2656 spiritus
1592 2587 1689 2640 fuit
1731 2593 2015 2654 promptus

430 2675 498 2730 ad
531 2676 981 2745 promittendum,
1015 2693 1146 2733 caro
1186 2689 1367 2733 autem
1401 2679 1615 2732 inﬁrma
1648 2679 1715 2732 ad
1754 2677 2015 2731 conﬁten-

429 2765 582 2821 dum.
648 2766 751 2822 Sed
804 2770 909 2823 hoc
956 2778 1040 2823 est
1092 2770 1595 2836 considerandum,
1648 2782 1832 2825 utrum
1874 2770 2016 2823 sicut

430 2857 679 2913 omnium
734 2858 1019 2913 hominum
1060 2876 1188 2916 caro
1217 2861 1432 2916 inﬁrma
1475 2870 1590 2927 est,
1637 2862 1718 2917 sic
1766 2862 2012 2916 omnium

427 2950 655 3020 spiritus
683 2961 970 3021 promptus
994 2963 1078 3007 est
1108 2971 1123 3009 :
1172 2969 1239 3008 an
1271 2956 1515 3010 omnium
1568 2954 1852 3010 hominum
1883 2970 2014 3011 caro

427 3043 649 3113 quidem
683 3044 899 3099 inﬁrma
941 3054 1044 3108 est,
1080 3060 1186 3101 non
1233 3056 1414 3101 autem
1462 3056 1516 3103 et
1544 3049 1788 3102 omnium
1835 3049 2013 3102 homi-

2112 570 2206 625 sed
2249 569 2453 624 habitet
2495 568 2666 623 virtus
2694 566 2899 622 Christi
2947 567 3002 623 in
3029 581 3115 622 ea.
3159 565 3311 622 Unde
3364 566 3691 623 dicebat“:

2114 662 2204 718 Sic
2229 674 2367 717 certe
2401 677 2653 732 repuqno,
2678 668 2734 714 et
2759 660 2962 730 castigo
2988 676 3176 727 corpus
3218 675 3410 723 meum,
3432 670 3479 712 et
3502 660 3555 713 in
3587 676 3695 713 sero

2112 755 2328 808 nitatem
2359 754 2558 823 redigo.
2602 750 2873 818 Quoniam
2923 766 3020 820 per
3055 750 3257 805 multas
3308 752 3697 823 castigationes

2114 845 2244 901 facit
2276 846 2442 901 homo
2474 859 2694 899 carnem
2726 858 2883 899 suam
2927 843 3200 897 inﬁrmam
3245 843 3539 912 proﬁciens
3585 844 3696 912 spi-

2113 941 2244 1007 ritu,
2274 948 2329 994 et
2360 939 2700 993 mortiﬁcans
2744 952 2911 1006 opera
2945 937 3152 991 carnis.
3180 934 3294 990 lloe
3340 951 3471 1005 ergo
3513 936 3697 991 dicere

2113 1033 2228 1087 vult
2263 1032 2328 1087 ad
2363 1032 2668 1102 discipulos
2723 1046 2854 1087 suos
2886 1030 3190 1086 secundum
3243 1030 3403 1083 istam
3442 1029 3696 1083 traditio-

2113 1140 2236 1178 nem
2260 1143 2272 1178 :
2314 1123 2557 1195 Vigilate,
2585 1134 2632 1178 et
2661 1131 2829 1190 orate,
2859 1139 2922 1177 ne
2946 1123 3154 1177 intretis
3184 1122 3237 1175 in
3264 1110 3603 1175 tentationem
3622 1119 3692 1184 τ’,

2112 1232 2213 1273 vos
2246 1232 2480 1287 quorum
2537 1216 2767 1285 spiritus
2815 1215 3033 1285 quidem
3090 1222 3373 1283 promptus
3411 1222 3517 1279 est,
3565 1228 3696 1267 caro

2115 1316 2295 1360 autem
2333 1306 2570 1360 inﬁrma.
2606 1306 2879 1371 Quoniam
2923 1305 3016 1375 qui
3069 1304 3369 1375 spiritalior
3411 1310 3466 1358 et
3516 1302 3695 1373 perfe-

2114 1398 2252 1451 ctior
2287 1408 2390 1459 est,
2417 1396 2706 1450 sollicitior
2739 1411 2865 1451 esse
2893 1396 3052 1450 debet
3092 1410 3160 1450 ne
3195 1410 3454 1466 magnum
3488 1394 3693 1448 bonum

2115 1489 2290 1557 ipsius
2317 1500 2537 1559 gravem
2571 1486 2768 1540 habeat
2791 1486 3029 1557 lapsum.

2129 1586 2137 1593 '
2186 1581 2276 1636 95.
2324 1578 2525 1634 Iterum
2571 1580 2768 1634 vadens
2808 1577 3003 1643 Iesus,
3051 1578 3222 1632 oravit
3271 1577 3490 1632 dicens:
3536 1576 3699 1630 Pater

2116 1690 2282 1735 meas,
2310 1672 2359 1726 si
2380 1686 2485 1727 non
2522 1677 2692 1739 potest
2733 1668 2828 1723 hoc
2864 1670 3093 1721 transire
3117 1685 3151 1721 a
3182 1683 3264 1721 me
3307 1668 3412 1721 nisi
3438 1666 3575 1721 illud
3619 1667 3698 1719 bi-

2117 1767 2258 1831 bam,
2281 1766 2378 1834 ﬁat
2411 1762 2655 1818 voluntas
2681 1760 2852 1814 tua".
2879 1758 3020 1814 Petit
3045 1767 3227 1813 autem
3255 1774 3403 1813 nunc
3430 1766 3490 1812 ut
3518 1766 3699 1812 trans-

2119 1869 2208 1914 eat
2242 1856 2381 1912 ealix
2414 1856 2482 1910 ab
2509 1870 2594 1921 eo,
2633 1862 2690 1909 et
2727 1855 2771 1909 si
2805 1867 2912 1906 non
2939 1850 3019 1906 sic
3043 1850 3323 1921 quomodo
3354 1849 3525 1903 voluit
3560 1848 3696 1918 ipse,

2122 1958 2364 2005 transeat
2404 1946 2685 2017 quomodo
2719 1944 2833 1999 vult
2872 1942 3051 1998 Pater.
3096 1940 3196 1996 llic
3241 1940 3354 2011 jam
3394 1939 3698 1995 secundum

2118 2041 2264 2111 quod
2295 2053 2589 2109 possumus
2621 2036 2942 2106 intelligere,
2964 2048 3321 2103 exponemus,
3353 2038 3413 2085 ut
3440 2044 3565 2084 cum
3595 2028 3702 2081 hoc

2118 2134 2279 2187 etiam
2317 2130 2680 2202 praecedentia
2723 2129 3006 2183 videamur
3058 2124 3402 2196 exposuisse.
3434 2121 3702 2176 Existimo

2117 2228 2262 2281 enim
2288 2225 2548 2295 quoniam
2579 2223 2724 2278 calix
2769 2223 2859 2276 ille
2893 2221 3166 2292 passionis
3198 2219 3443 2274 omnium
3479 2218 3699 2288 quidem

2119 2319 2187 2373 ab
2214 2316 2343 2372 Jesu
2372 2316 2551 2371 fuerat
2591 2314 2946 2377 transiturus,
2981 2312 3074 2367 sed
3102 2328 3229 2367 cum
3263 2310 3570 2367 diﬁ'erentia
3598 2328 3609 2363 :
3645 2319 3704 2363 ιιι

2119 2410 2164 2465 si
2200 2408 2424 2479 quidem
2478 2407 2689 2462 biberet
2716 2420 2866 2469 eum,
2905 2412 2961 2459 et
3006 2403 3076 2458 ab
3102 2404 3222 2473 ipso
3255 2402 3513 2457 transiret
3555 2410 3704 2470 pust—

2118 2503 2361 2566 modum,
2390 2500 2534 2554 etab
2561 2498 2816 2552 universo
2848 2511 3045 2567 genere
3080 2495 3365 2548 hominum
3390 2512 3405 2559 ;
3443 2494 3488 2547 si
3516 2504 3698 2547 autem

2120 2610 2226 2648 non
2259 2592 2468 2647 biberet
2495 2606 2642 2655 eum,
2663 2598 2718 2643 et
2749 2589 2818 2643 ah
2852 2589 2969 2654 ipso
3004 2587 3224 2656 quidem
3258 2584 3485 2640 forsitan
3521 2594 3703 2638 trans-

2118 2684 2239 2747 iret,
2272 2682 2341 2734 ab
2388 2679 2703 2734 hominibus
2745 2687 2927 2732 autem
2966 2691 3072 2730 non
3103 2675 3398 2737 transiret,
3440 2675 3533 2729 sed
3582 2690 3703 2727 nia--

2118 2782 2273 2828 neret
2310 2772 2452 2841 apud
2498 2787 2626 2837 eos,
2675 2771 2851 2824 donec
2889 2769 3173 2838 perﬁceret
3215 2782 3333 2822 eos.
3381 2765 3538 2820 Hunc
3570 2782 3702 2836 ergo

2117 2866 2342 2920 calicem
2378 2862 2649 2933 passionis
2672 2861 3049 2932 principaliter
3073 2861 3295 2930 quidem
3332 2858 3547 2912 volebat
3581 2872 3613 2911 a
3643 2873 3701 2910 se

2118 2958 2384 3020 transire,
2421 2955 2501 3009 sic
2555 2964 2614 3010 ut
2660 2953 2885 3009 omnino
2936 2966 3113 3021 neque
3152 2959 3396 3022 gustaret
3435 2949 3703 3004 amaritu-

2115 3047 2296 3101 dinem
2328 3046 2481 3115 ejus,
2524 3044 2570 3099 si
2614 3053 2794 3097 tamen
2835 3042 3096 3112 possibile
3128 3052 3275 3097 esset
3322 3047 3588 3109 quantum
3631 3037 3701 3092 ad

429 3149 561 3188 num
588 3134 815 3203 spiritus
846 3146 1130 3206 promptus
1159 3147 1263 3203 est,
1293 3138 1387 3192 sed
1429 3147 1639 3193 tantum
1670 3148 2007 3195 sanctorum.
2039 3170 2082 3228 ο
2113 3138 2384 3210 justitiam
2418 3137 2530 3192 Dei.
2556 3136 2714 3203 Quod
2748 3136 2893 3190 enim
2926 3134 3162 3199 dicebat,
3192 3134 3238 3187 si
3265 3131 3513 3203 possibile
3535 3141 3610 3185 est
3632 3131 3700 3197 ⁷⁵,

428 3225 571 3297 Ergo
604 3228 670 3281 ad
706 3229 853 3284 solos
880 3231 1180 3299 apostolos,
1212 3232 1293 3285 vel
1326 3233 1391 3287 ad
1415 3248 1511 3286 cos
1550 3234 1643 3302 qui
1681 3233 1888 3290 similes
1932 3237 2012 3290 eis

427 3319 781 3373 inveniuntur
803 3360 818 3385 ,
859 3320 1010 3385 dicit,
1057 3322 1313 3390 quoniam
1364 3324 1582 3391 spiritus
1610 3334 1882 3392 proruptus
1909 3334 2011 3389 est,

428 3425 554 3463 caro
586 3420 764 3463 autem
813 3412 1047 3481 inﬁrma.
1106 3412 1410 3467 lnﬁdclium
1468 3424 1649 3468 autem
1682 3423 1733 3469 et
1787 3416 2013 3485 spiritus

426 3500 611 3571 segnis
640 3508 724 3555 est
758 3510 811 3555 et
842 3517 972 3556 caro
1011 3503 1246 3556 inﬁrma.
1287 3503 1342 3556 Si
1370 3518 1501 3573 ergo
1531 3504 1597 3557 ad
1636 3516 1858 3561 sanctos
1893 3516 2014 3560 tan-

427 3600 543 3647 tum
572 3591 853 3648 Christum
903 3593 1082 3649 dicere
1130 3594 1234 3649 hoc
1277 3596 1555 3664 procedit,
1604 3610 1864 3664 provocat
1912 3614 2013 3654 nos

426 3691 486 3736 ut
508 3697 823 3752 quaeramus
845 3685 1102 3751 quoniam
1127 3691 1212 3737 est
1240 3684 1364 3737 aliis
1394 3698 1524 3737 caro
1552 3684 1788 3748 inﬁrma,
1820 3703 2009 3741 eorum

426 3781 607 3828 tamen
639 3772 882 3827 solorum
917 3788 1151 3841 quorum
1178 3773 1405 3842 spiritus
1435 3785 1724 3844 promptus
1761 3786 1862 3831 est.
1898 3777 2010 3847 Ego

423 3872 607 3918 autem
647 3862 771 3917 dico
812 3878 1032 3917 carnem
1088 3864 1359 3919 inﬁrmam
1407 3881 1529 3921 esse
1574 3866 1720 3923 illius
1764 3869 1856 3937 qui
1902 3885 2008 3923 non

426 3953 592 4007 habet
622 3965 928 4023 peccatum,
963 3968 1062 4008 nec
1087 3956 1271 4010 carnis
1307 3956 1632 4026 sapientiam
1666 3956 1885 4021 fortem,
1916 3960 2010 4014 sed

422 4042 692 4100 defectam
717 4085 733 4112 ,
763 4045 858 4116 qui
910 4061 1034 4101 cum
1083 4046 1275 4117 spiritu
1317 4057 1572 4117 prompto
1624 4050 1807 4104 carnis
1846 4066 2010 4119 opera

426 4136 797 4203 mortiﬁcavit,
829 4145 883 4193 et
930 4136 1254 4206 sapientiam
1306 4137 1489 4192 carnis
1533 4139 1601 4193 ad
1652 4139 1882 4193 nihilum
1922 4158 2009 4196 re-

426 4227 619 4293 duxit,
651 4235 710 4282 ut
765 4245 982 4299 semper
1018 4239 1245 4283 mortem
1301 4228 1501 4283 Christi
1561 4231 1912 4287 circumferat
1955 4234 2008 4287 in

427 4334 658 4390 corpore
678 4336 801 4385 suo,
831 4320 1157 4390 praevalente
1197 4320 1450 4376 videlicet
1481 4324 1674 4393 spiritu
1710 4327 1765 4379 in
1807 4341 2011 4382 concuo

427 4411 708 4481 piscentiis
761 4415 897 4478 suis,
960 4413 1226 4468 adversus
1269 4416 1745 4485 concupiscentias
1788 4420 2006 4474 carnis:

2117 3248 2226 3285 non
2276 3232 2344 3284 ad
2376 3229 2675 3300 potentiam
2727 3227 2818 3281 Dei
2874 3226 3144 3281 rcfcrcbat
3178 3227 3375 3291 solam,
3408 3225 3500 3280 scd
3535 3223 3700 3278 etiam

2114 3325 2181 3380 ad
2208 3324 2480 3393 justitiam
2521 3322 2640 3392 ejus
2670 3340 2680 3374 :
2715 3322 2973 3391 quoniam
3014 3320 3068 3373 in
3106 3326 3371 3389 quantum
3412 3317 3479 3372 ad
3515 3328 3704 3387 poteno

2116 3418 2244 3473 tiam
2276 3417 2497 3487 quidem
2528 3413 2643 3482 Dei,
2674 3415 2855 3469 omnia
2895 3413 3179 3482 possibilia
3215 3419 3362 3477 sunt,
3390 3411 3505 3465 sive
3529 3410 3701 3479 justa,

2114 3511 2231 3564 sive
2260 3509 2502 3578 injusta;
2542 3516 2810 3575 quantum
2834 3516 3015 3559 autem
3042 3505 3109 3558 ad
3131 3503 3402 3573 justitiam
3430 3502 3572 3570 ejus,
3605 3504 3699 3571 qui

2115 3618 2221 3655 non
2251 3600 2428 3653 solum
2480 3607 2674 3667 potens
2708 3608 2813 3660 est,
2860 3597 2953 3650 scd
3001 3596 3164 3650 ctiatn
3193 3594 3399 3664 justus,
3433 3609 3539 3647 non
3572 3605 3701 3647 sunt

2113 3688 2297 3743 Olllllia
2348 3687 2662 3757 possibLlia,
2715 3686 2808 3740 sed
2853 3700 2917 3740 ea
2964 3685 3077 3741 sola
3126 3700 3250 3753 quae
3273 3686 3420 3753 justa
3457 3694 3602 3738 sunt.
3640 3685 3698 3738 Si

2112 3788 2296 3834 autem
2322 3794 2428 3832 non
2469 3786 2682 3846 poterat
2724 3777 2863 3841 ﬁeri,
2910 3775 3086 3846 magis
3129 3776 3343 3830 volebat
3390 3784 3448 3829 ιιι
3491 3776 3701 3830 biberet

2111 3887 2235 3927 eum
2260 3912 2275 3936 ,
2307 3879 2363 3925 et
2397 3869 2477 3924 sic
2510 3871 2769 3924 transiret
2799 3869 2867 3922 ab
2901 3884 2968 3923 co
3003 3877 3057 3923 et
3088 3869 3157 3923 ab
3201 3868 3458 3924 universo
3502 3884 3699 3936 genere

2114 3963 2422 4025 hominum,
2457 3977 2623 4031 quam
2653 3970 2712 4017 ut
2754 3961 2959 4017 faceret
3002 3970 3196 4017 contra
3228 3962 3563 4017 voluntatem
3597 3980 3695 4031 pa—

2112 4067 2346 4123 ternam,
2370 4055 2692 4110 bibitionem
2738 4054 2859 4124 ejus
2898 4053 3184 4124 cﬁ'ngiens.
3222 4053 3449 4124 Propter
3488 4057 3696 4110 exitum

2110 4161 2240 4217 ergo
2276 4146 2477 4200 bonum
2525 4144 2617 4214 qui
2648 4153 2771 4199 erat
2807 4141 3027 4199 futurus
3058 4153 3182 4213 post
3220 4143 3448 4198 bibitam
3494 4148 3701 4199 amari-

2111 4238 2352 4292 tudinem
2407 4235 2615 4302 calicis,
2649 4245 2767 4290 orat
2799 4237 2916 4291 vice
2962 4236 3201 4291 secunda
3247 4234 3482 4289 dicens:
3538 4234 3697 4290 Pater

2111 4346 2255 4383 meus
2280 4368 2296 4395 ,
2331 4329 2378 4381 si
2429 4343 2534 4381 non
2583 4337 2656 4380 est
2706 4326 2957 4396 possibile
2996 4335 3054 4379 ut
3093 4334 3329 4379 transeat
3371 4327 3476 4380 nisi
3518 4327 3697 4382 bibere

2108 4437 2251 4487 eum,
2273 4421 2371 4490 ﬁat
2402 4419 2646 4473 voluntas
2675 4427 2768 4472 tua
2784 4417 3231 4481 ".jMauifeslum
3258 4427 3343 4473 est
3362 4419 3543 4489 itaque
3564 4422 3691 4491 quia

424 4504 684 4576 quoniam
709 4521 833 4558 caro
859 4507 1182 4574 concupiscit
1204 4507 1452 4561 adversus
1487 4510 1756 4578 spiritum,
1788 4513 2006 4581 spiritus
2041 4528 2083 4582 ι)
2115 4513 2297 4568 bibere
2353 4528 2478 4567 eum
2528 4513 2761 4568 volebat.
2789 4511 3067 4579 Quantum
3123 4511 3190 4566 ad
3233 4514 3693 4581 comparationem
3728 4554 3731 4563 .

424 4602 600 4650 autem
626 4597 874 4650 adversus
897 4613 1108 4650 carnem
1127 4598 1192 4654 “‘.
1223 4597 1289 4653 Et
1308 4602 1421 4655 haec
1447 4600 1499 4653 in
1520 4600 1852 4671 imperfectis
1884 4604 2006 4673 qni-

423 4689 547 4745 dem
581 4689 940 4745 adversantur
984 4691 1246 4757 invicem,
1285 4693 1337 4746 in
1378 4693 1631 4763 perfectis
1669 4705 1850 4750 autem
1890 4697 2002 4767 jam

424 4797 538 4837 non
569 4782 889 4838 adversatur
921 4798 1073 4848 caro,
1125 4785 1217 4839 sed
1264 4784 1587 4841 mortiﬁcata
1615 4795 1721 4852 est,
1768 4796 1824 4843 et
1850 4790 2003 4843 inﬁr-

424 4880 569 4927 mata
612 4881 700 4928 est
737 4875 1004 4944 sapientia
1058 4875 1242 4930 carnis
1282 4876 1335 4930 in
1385 4892 1577 4941 carne,
1627 4887 1681 4932 et
1709 4879 2003 4950 concupis-

425 4964 605 5019 centia
636 4966 758 5036 ejus
782 4966 1049 5021 exstincta
1083 4977 1197 5032 est;
1232 4967 1362 5021 vivit
1395 4977 1577 5024 autem
1608 4969 1660 5023 in
1699 4986 1761 5026 ea
1787 4972 2005 5041 sapien-

426 5058 504 5114 tia
534 5060 788 5129 spiritus,
823 5061 955 5115 vivit
992 5070 1172 5116 autem
1199 5069 1253 5115 et
1290 5071 1568 5132 Operatur.
1588 5062 1674 5138 De
1708 5081 1815 5138 qua
1854 5066 2006 5120 inﬁr-

419 5150 617 5205 mitate
650 5164 705 5208 et
733 5151 997 5209 Dominus
1023 5154 1090 5209 ad
1120 5154 1441 5225 Apostolum
1476 5137 1608 5211 dicit
1642 5156 1709 5221 θ’,
1745 5137 2003 5228 quoniam

425 5240 592 5295 virtus
622 5243 676 5295 in
717 5244 1028 5312 inﬁrmitate
1053 5245 1350 5315 perﬁcitur,
1376 5244 1430 5300 id
1475 5256 1557 5302 est
1588 5246 1642 5302 in
1689 5247 2005 5305 inﬁrmitate

422 5332 608 5389 carnis
637 5342 693 5389 et
726 5337 1006 5406 sapientiae
1037 5337 1176 5408 ejus.
1217 5336 1444 5408 Propter
1469 5340 1613 5410 quod
1653 5342 1731 5396 ait
1761 5341 1999 5413 Aposto-

424 5424 512 5480 lus
530 5425 577 5457 ⁷⁸
604 5445 617 5480 :
652 5425 785 5482 Cum
809 5431 948 5483 enim
981 5431 1243 5500 inﬁrmor,
1284 5440 1406 5484 tunc
1429 5441 1609 5501 potens
1633 5450 1769 5488 sum.
1802 5433 2003 5490 Potens

422 5516 568 5572 enim
595 5528 726 5573 tunc
749 5519 809 5574 ﬁt
849 5523 1228 5594 unusquisque
1254 5533 1536 5591 nostrum,
1569 5541 1693 5580 cum
1730 5525 2002 5580 infirmata

490 5633 537 5666 “
576 5633 763 5689 Matth.
804 5652 953 5701 xxvi,
1008 5638 1097 5692 4i.

419 5703 464 5777 ξς
492 5703 558 5777 ιι
577 5705 713 5777 Cor.
738 5721 812 5760 ιιι
834 5748 848 5777 ,
886 5708 940 5764 9.

417 5773 466 5807 "
488 5775 622 5834 ibid.
654 5776 745 5833 42.

1177 5639 1221 5670 θ’
1260 5654 1358 5701 vn,
1413 5640 1462 5695 Ι.

1570 5642 1613 5674 (ιε
1650 5642 1791 5674 Drn‘!
1871 5659 1897 5674 ι·

1051 5639 1097 5692 l.
1177 5639 1221 5670 θ’
1260 5654 1358 5701 vn,
1413 5640 1462 5695 Ι.
1570 5642 1613 5674 ⁵⁵
1650 5639 1809 5696 Prov.
1871 5659 2007 5707 xm,

1048 5712 1091 5742 ⁷ο
1134 5708 1268 5766 ibid.
1307 5709 1388 5765 10.
1486 5710 1527 5743 “
1572 5709 1592 5765 Ι
1630 5711 1759 5767 Cor.
1792 5729 1869 5782 Ix,
1903 5713 1994 5780 26,

2114 5642 2144 5695 ι.
2244 5644 2289 5676 ⁸⁸
2336 5644 2467 5699 ibid.
2546 5644 2589 5675 ⁸⁷
2638 5642 2832 5698 Matth.
2882 5659 3044 5706 xxvi.
3089 5642 3185 5698 il.
3257 5647 3302 5678 ⁸⁸
3340 5646 3457 5703 Gal.
3514 5665 3567 5715 v,
3602 5647 3688 5705 l7.

2120 5754 2131 5767 .
2210 5716 2254 5747 ⁷¹
2295 5714 2483 5771 Matth.
2523 5731 2672 5783 xxvi,
2718 5715 2807 5769 ιιι.
2886 5714 2931 5746 ⁷³
2971 5715 3100 5770 ibid.
3153 5717 3240 5774 42.
3320 5718 3364 5751 ⁷⁸
3419 5720 3550 5776 ibid.
3598 5720 3688 5777 59.

2113 4606 2281 4672 enim,
2309 4605 2504 4659 melius
2526 4614 2645 4659 erat
2673 4615 2731 4658 ut
2763 4616 2985 4675 propter
3023 4604 3344 4660 bibitioncm
3367 4605 3488 4675 ejus
3515 4616 3692 4661 trans-

2114 4696 2237 4762 iret,
2267 4711 2431 4765 quam
2466 4705 2527 4749 ut
2574 4711 2682 4749 non
2718 4695 2978 4749 transiret
3024 4705 3243 4765 pr0ptcr
3282 4696 3425 4764 quod
3462 4712 3571 4750 non
3610 4698 3694 4751 bi-

2114 4787 2270 4842 berat
2298 4803 2448 4843 eum.
2475 4785 2624 4842 Pone
2649 4788 2798 4841 enim
2843 4785 3135 4842 Dominum
3173 4802 3281 4840 non
3322 4786 3525 4840 bibisse
3560 4788 3695 4841 cali-

2112 4894 2230 4934 cem
2263 4878 2437 4944 illum,
2465 4887 2520 4933 et
2554 4886 2772 4949 pr0pter
2812 4878 2916 4932 hoc
2946 4893 3073 4932 eum
3116 4892 3224 4931 non
3253 4878 3693 4938 tt-ansiissc.sine

2113 4974 2280 5029 dubio
2336 4990 2437 5029 nec
2481 4989 2511 5028 a
2561 4964 2759 5045 genere
2803 4974 3044 5029 humano
3069 4974 3416 5030 transiissent
3466 4975 3693 5044 spiritus

2111 5075 2399 5137 operantes
2428 5076 2669 5137 peccata.
2692 5066 3091 5121 Convenienter
3109 5076 3290 5121 autem
3318 5083 3495 5137 neque
3519 5084 3692 5138 postue

2111 5159 2588 5229 transiissentqute
2628 5157 2966 5212 debebantur
3012 5158 3269 5229 peccatis.
3341 5157 3485 5230 Ergo
3529 5175 3683 5228 expc-

2110 5251 2291 5306 diebat
2318 5237 2576 5305 omnibus
2621 5258 2682 5305 ut
2712 5250 2968 5305 transiret
3008 5250 3151 5305 calix
3179 5251 3249 5305 ab
3290 5265 3378 5315 eo,
3406 5259 3684 5322 propterea

2109 5343 2252 5412 quod
2309 5342 2520 5397 biberat
2571 5357 2697 5396 eum
2756 5338 3043 5407 Salvator,
3076 5352 3136 5396 ut
3181 5357 3281 5397 nos
3328 5359 3520 5397 omnes
3565 5359 3684 5397 crc-

2109 5436 2298 5491 tlentes
2356 5435 2410 5489 in
2463 5449 2588 5489 eum
2642 5433 2732 5505 qui
2782 5434 2997 5489 biberat
3049 5448 3211 5501 eum,
3265 5451 3372 5491 non
3437 5435 3689 5490 bibamus

2114 5528 2265 5583 illum
2297 5528 2522 5585 calicem
2573 5526 2684 5581 vini
2740 5527 2909 5595 meri,
2956 5526 3049 5596 qui
3110 5537 3258 5598 potat
3306 5539 3362 5585 et
3405 5540 3691 5601 potaturus

2244 5644 2289 5676 ⁸⁸
2332 5644 2467 5715 ibid.
2546 5644 2589 5675 ⁸⁷
2638 5642 2832 5698 Matth.
2882 5659 3044 5715 xxvi.
3089 5642 3185 5698 il.
3257 5647 3302 5678 ⁸⁸
3340 5646 3457 5703 Gal.
3514 5665 3567 5715 v,
3602 5647 3690 5705 l7.
