4112 6474
458 344 483 403 Ι
494 335 607 399 πῖ

1635 338 1962 398 οιιιοεΝιε
1996 339 2065 405 1N
2101 339 2521 400 MATTHIEUM

3576 343 3717 402 i758

454 465 542 516 est
600 472 793 514 omnes
854 467 1042 531 gentes
1073 496 1093 524 ,
1183 467 1246 513 ut
1326 458 1574 514 bibentes
1648 458 1990 516 inebrientur
2014 501 2030 526 ,
2059 460 2107 521 Α
2132 475 2240 516 non
2281 459 2599 530 simpliciter
2645 457 2910 526 dormire,
2951 458 3048 516 sed
3086 458 3232 518 cum'
3252 461 3465 533 requie.
3488 461 3717 521 Multum

452 548 617 620 905
660 558 716 604 et
759 558 1055 618 evomant,
1095 558 1151 605 et
1195 549 1437 606 insanire
1469 549 1735 605 desistant
1777 552 1844 604 ".
1878 551 2033 607 Sicut

449 641 602 696 enim
649 655 752 710 pro
801 642 961 696 nobis
1002 643 1258 697 omnibus
1305 650 1557 698 mortuus
1604 651 1727 709 est,
1761 652 1823 699 ut
1852 653 2033 699 trans-

452 741 544 786 eat
572 746 675 786 nos
717 745 868 784 mors
910 729 1132 785 inimica
1171 728 1409 797 Christi,
1462 731 1545 786 sic
1588 746 1687 801 pro
1719 732 1879 786 nobis
1906 746 2031 786 om~

457 822 648 889 nibus,
691 822 786 891 qui
814 820 1087 877 debitores
1126 834 1347 877 eramus
1388 830 1447 875 ut
1476 820 1529 875 in
1578 830 1842 879 aeternum
1890 821 2034 879 bibe-

456 928 660 978 remus,
688 913 913 968 calicem
947 913 1100 970 illum
1134 913 1292 971 bibit.
1322 922 1384 969 ut
1416 929 1511 984 per
1542 915 1647 969 hoc
1672 914 1853 984 ipsum
1886 916 2034 985 quod

450 1003 654 1057 transit
683 1003 753 1057 ab
783 1017 851 1059 eo
888 1003 1051 1071 calix,
1080 1012 1322 1059 transeat
1365 1013 1420 1058 et
1448 1019 1478 1059 a
1512 1004 1669 1060 nobis
1698 1019 1808 1058 non
1846 1005 2036 1061 biben-

455 1094 599 1148 tibus
632 1093 805 1148 illum.
846 1093 919 1148 De
958 1108 1069 1163 quo
1114 1094 1283 1151 calice
1307 1095 1440 1150 dicit
1466 1093 1731 1150 Jeremias
1752 1095 1798 1127 '"
1833 1112 1847 1148 :
1886 1092 2034 1149 Dixit

452 1183 714 1237 Dominus
761 1183 904 1238 Deus
946 1182 1122 1239 Israel
1168 1186 1238 1240 ad
1286 1202 1368 1239 me
1394 1200 1414 1239 :
1442 1185 1632 1255 Accipe
1662 1185 1880 1240 calicem
1924 1186 2032 1240 vini

457 1276 588 1328 meri
617 1274 776 1344 hujus
823 1274 888 1330 de
938 1292 1101 1330 manu
1145 1293 1259 1331 mea
1281 1317 1295 1340 ,
1323 1287 1373 1332 et
1414 1277 1622 1346 potabis
1654 1292 1832 1331 omnes
1856 1287 2031 1347 gentes

454 1365 526 1419 ad
560 1382 694 1437 quas
738 1380 832 1434 ego
864 1367 1018 1421 mitto
1053 1375 1143 1431 te;
1185 1376 1233 1421 et
1278 1366 1475 1430 bibent,
1501 1380 1551 1423 et
1584 1378 1839 1433 evoment,
1869 1378 1919 1422 et
1948 1369 2031 1423 in-

453 1456 633 1510 sanire
679 1455 929 1509 desistent
965 1472 997 1508 a
1041 1456 1180 1525 facie
1217 1455 1389 1526 gladii
1435 1473 1587 1526 quem
1633 1473 1727 1527 ego
1772 1458 1923 1512 mitto
1979 1457 2036 1511 in

442 1545 626 1598 medio
654 1560 862 1598 eorum.
896 1544 999 1610 Qui
1050 1561 1179 1615 ergo
1226 1545 1456 1601 audiunt
1499 1544 1789 1602 Dominum
1812 1588 1826 1613 ,
1871 1557 1923 1602 et
1954 1548 2033 1602 vi-

452 1642 589 1688 vunt
615 1636 916 1690 serendum
944 1634 1165 1689 verbum
1204 1635 1345 1704 eius,
1376 1644 1431 1691 et
1475 1644 1605 1692 sunt
1634 1635 1913 1692 emundati
1939 1652 2036 1706 per

2132 552 2279 607 enim
2307 552 2486 608 differt
2529 552 2828 609 secundum
2857 562 3187 624 praceptum
3216 555 3422 612 Christi
3456 557 3718 625 dormire,

2132 649 2188 697 et
2230 640 2576 712 requiescere
2621 657 2653 696 a
2698 641 3083 699 dormitatione
3138 653 3331 701 contra
3382 647 3714 703 voluntatem

2134 730 2309 800 ipsius
2354 731 2626 789 dicentis:
2671 731 2879 789 Moneta
2907 733 3024 797 hic,
3056 741 3108 788 et
3157 735 3371 806 vigilate
3402 754 3602 791 mecum
3632 739 3719 807 l”;

2133 833 2188 877 et
2213 823 2634 892 improperantis
2661 832 2881 893 propter
2917 840 3193 890 somnum,
3222 834 3279 880 et
3309 827 3545 884 dicentis
3578 847 3592 884 :
3623 829 3716 887 Sic
3757 884 3764 893 ,

2134 928 2239 968 non
2264 913 2516 982 potuistis
2547 930 2655 968 una
2687 914 2817 968 liora
2850 913 3069 985 vigilare
3093 930 3296 971 mecum
3326 917 3407 971 '3?
3435 917 3555 973 Non
3586 935 3716 991 ergo

2133 1004 2408 1061 contraria
2460 1003 2565 1059 sibi
2614 1003 2788 1071 dixit,
2829 1003 3017 1061 dicens
3047 1005 3160 1062 illic
3198 1023 3212 1060 :
3247 1007 3462 1078 vigilate
3491 985 3763 1077 mecum}

2134 1097 2225 1155 hic
2259 1108 2464 1161 autem,
2505 1098 2733 1152 dormite
2758 1107 2811 1152 et
2841 1099 3176 1169 requiescite;
3207 1101 3302 1157 sed
3345 1110 3405 1157 ut
3435 1102 3570 1157 ordo
3599 1118 3715 1158 scr—

2137 1197 2312 1254 vetur,
2339 1198 2398 1243 ut
2422 1190 2658 1259 primum
2684 1190 2902 1259 quidem
2940 1191 3225 1261 vigilemus
3250 1201 3491 1257 orantes,
3518 1202 3577 1247 ut
3603 1208 3711 1249 non

2135 1279 2402 1335 intremus
2446 1280 2501 1335 in
2547 1283 2930 1347 mutationem,
2956 1290 3011 1337 et
3057 1291 3246 1352 postea
3286 1283 3624 1339 dormiamus
3660 1295 3717 1339 et

2136 1371 2545 1440 requiescamus
2614 1370 2944 1426 scctmdum’
2984 1370 3080 1428 Dei
3138 1382 3488 1444 praeceptum.
3542 1373 3713 1440 Quem

2134 1475 2390 1516 somnum
2440 1460 2697 1518 Salomon
2753 1462 2907 1531 ponit
2959 1462 3012 1517 in
3057 1463 3422 1532 promissione
3465 1465 3600 1519 bene
3636 1463 3721 1517 vi-

2136 1554 2410 1618 ventibus,
2445 1554 2634 1610 dicens
2663 1554 2718 1607 in
2745 1552 3053 1608 Proverbiis
3094 1555 3211 1610 suis
3241 1554 3289 1596 ἰ
3323 1553 3423 1608 :Si
3464 1556 3604 1609 enim
3635 1572 3718 1609 se-

2130 1643 2299 1710 deris,
2327 1646 2440 1699 sine
2465 1646 2654 1698 timore
2681 1643 2822 1709 eris;
2848 1642 2896 1698 si
2928 1652 3104 1697 autent
3148 1644 3452 1714 dormieris,
3484 1648 3720 1701 suaviter

458 1725 614 1780 tidem
645 1724 838 1794 ipsius,
865 1724 979 1795 jam
1015 1740 1123 1780 non
1156 1741 1294 1795 opus
1325 1726 1526 1780 habent
1550 1726 1643 1781 illa
1681 1725 2036 1783 mundatione
2069 1795 2105 1803 _
2134 1732 2386 1799 dormies,
2410 1745 2460 1788 et
2493 1751 2599 1788 non
2629 1733 2836 1788 timebis
2864 1745 3106 1803 pavorem
3135 1735 3598 1801 supervenientem,
3625 1753 3719 1790 nec

452 1831 574 1886 quae
603 1817 664 1870 ﬁt
695 1830 791 1886 per
817 1816 1041 1872 calicem
1078 1816 1229 1872 illum
1273 1816 1385 1873 irae.
1423 1815 1576 1873 Sicut
1617 1817 1762 1872 enim
1796 1819 1889 1888 qui
1937 1817 2033 1872 Ιοιί
2069 1795 2110 1853 Β
2138 1795 2383 1895 ἱηιρεειιε⁷
2412 1827 2695 1897 impiorum
2751 1795 3030 1881 irruentes.
3087 1824 3154 1882 Et
3201 1795 3419 1893 'David,
3469 1795 3717 1885 diversas

450 1916 581 1964 sunt
631 1923 739 1961 non
793 1922 934 1977 opus
982 1907 1177 1962 habent
1228 1909 1421 1976 lavari,
1466 1911 1597 1980 quia
1644 1920 1773 1966 sunt
1805 1911 2031 1975 mundi,

449 2000 580 2070 quia
612 1999 815 2059 Christi
847 2001 1104 2071 discipuli
1132 2009 1291 2068 sunt;
1322 2002 1402 2057 sic
1426 2002 1521 2072 qui
1550 2017 1657 2057 non
1683 2012 1813 2057 sunt
1844 2003 2033 2057 mundi

452 2091 822 2149 necessarium
884 2092 1084 2148 habent
1135 2094 1362 2149 calicem
1413 2094 1608 2161 illum,
1661 2093 1894 2148 Domino
1939 2109 2036 2149 eos

454 2185 707 2241 hortante
736 2198 754 2234 :
787 2182 983 2249 Bibite,
1009 2192 1059 2237 et
1087 2183 1447 2248 inebriamini,
1479 2193 1529 2238 et
1560 2184 1864 2239 evomite".
1894 2182 2034 2239 Audi

450 2277 600 2329 enim
646 2274 921 2344 quomodo
969 2274 1214 2344 loquitur
1270 2273 1558 2344 Jeremias,
1622 2275 1798 2346 magis
1850 2284 2032 2330 autem

456 2367 595 2422 Deus
637 2366 692 2419 in
733 2363 992 2430 Jeremia,
1042 2367 1341 2421 exhortans
1373 2381 1469 2421 eos
1520 2366 1615 2435 qui
1663 2365 2033 2422 necessarium

454 2458 654 2512 habent
702 2455 928 2511 calicem
981 2456 1135 2510 illum
1185 2456 1379 2522 talem;
1426 2456 1684 2527 quoniam
1732 2456 2036 2511 voluntarie

450 2550 649 2605 debent
680 2563 804 2604 eum
835 2548 1042 2613 bibere,
1077 2548 1171 2620 qui
1217 2548 1584 2605 necessariam
1637 2547 1839 2604 habent
1870 2548 2035 2605 talem

452 2642 885 2699 inundationem.
915 2640 1183 2707 Quoniam
1211 2649 1393 2696 autem
1419 2640 1716 2696 exhortans
1748 2640 1816 2695 ad
1843 2640 2037 2696 hiben-

450 2736 578 2790 dum
630 2736 745 2789 haec
795 2732 928 2787 dicit
974 2731 1139 2795 Deus,
1187 2731 1476 2788 considera
1526 2730 1670 2801 quod
1717 2730 1851 2786 dicit
1898 2729 2037 2786 inle-

451 2824 568 2880 rius
592 2825 638 2858 ⁷⁸
667 2843 683 2879 :
715 2822 785 2877 Et
814 2822 937 2887 erit,
968 2821 1164 2891 inquit,
1193 2836 1311 2874 cum
1341 2819 1609 2876 noluerint
1649 2820 1913 2890 suscipere
1940 2836 2032 2874 ca-

450 2918 604 2973 licem
647 2917 715 2971 de
767 2933 930 2972 manu
984 2924 1078 2970 tua
1124 2914 1194 2969 ad
1232 2913 1532 2981 bibendum,
1563 2913 1706 2969 dices
1748 2914 1825 2967 eis
1854 2928 1874 2967 :
1907 2910 2038 2967 Haec

448 3009 581 3064 dicit
617 3006 870 3062 Dominus
903 3008 1162 3063 virtutum
1190 3021 1209 3059 :
1239 3004 1484 3060 Bibentes
1531 3005 1743 3072 bibetis,
1782 3004 2037 3076 quoniam

2134 1918 2317 1972 sciens
2346 1917 2560 1987 vigilias
2590 1926 2645 1974 et
2675 1918 3088 1975 dormitationes
3107 1958 3120 1983 ,
3162 1918 3368 1989 iuravit
3396 1918 3628 1973 Domino
3661 1929 3719 1975 et

2134 2017 2319 2065 votum
2353 2011 2497 2065 vovit
2525 2009 2636 2065 Deo
2656 2008 2845 2076 lacob,
2870 2025 2977 2065 non
3001 2010 3294 2066 ascendere
3323 2025 3487 2079 supra
3517 2009 3715 2065 lectum

2136 2110 2345 2156 stratus
2373 2100 2479 2166 sui,
2512 2115 2615 2156 nec
2656 2100 2788 2156 dare
2830 2117 3083 2157 somnum
3110 2101 3283 2156 oculis
3311 2101 3428 2156 suis
3465 2117 3566 2157 nec
3594 2102 3716 2173 pal-

2134 2191 2318 2261 pebris
2360 2192 2477 2248 suis
2521 2192 2991 2256 dormitationem,
3025 2201 3081 2249 et
3133 2192 3236 2247 hoc
3279 2193 3463 2247 tandiu
3514 2192 3718 2260 facere,

2134 2282 2310 2336 donec
2357 2281 2595 2336 inveniat
2636 2281 2814 2334 locum
2847 2280 3113 2347 Domino,
3162 2281 3572 2336 tabernaculum
3604 2281 3718 2337 Deo

2133 2372 2304 2428 Jacob
2334 2374 2418 2427 9':
2459 2381 2517 2426 ut
2548 2387 2672 2426 cum
2708 2372 2975 2426 invenerit
3016 2372 3196 2428 locum
3238 2371 3489 2437 Domino,
3519 2388 3716 2428 ascen-

2134 2464 2229 2518 dat
2264 2476 2430 2531 supra
2456 2461 2653 2516 lectum
2677 2469 2881 2516 stratus
2905 2460 3012 2524 sui.
3045 2469 3101 2516 et
3128 2462 3220 2517 det
3254 2477 3508 2518 somnum
3540 2464 3720 2519 oculis

2135 2554 2252 2609 suis
2286 2552 2675 2608 renovantihus
2699 2565 2778 2618 se,
2811 2561 2867 2607 et
2911 2562 3032 2623 post
3073 2551 3316 2622 requiem
3359 2554 3717 2622 pra-paranti-

2136 2644 2241 2701 bus
2277 2644 2344 2699 ad
2374 2658 2572 2699 novam
2607 2651 2662 2697 et
2693 2642 3017 2697 diviniorem
3060 2643 3481 2710 surrectionem,
3514 2658 3717 2701 secun-

2133 2736 2267 2793 dum
2313 2736 2460 2807 quod
2510 2735 2649 2791 solet
2698 2734 3077 2804 corporalibus
3132 2735 3451 2791 hominibus
3499 2735 3724 2791 evenire

2136 2836 2261 2899 post
2289 2840 2542 2883 somnum
2571 2824 2875 2880 naturalem
2907 2831 2963 2881 et
2994 2839 3212 2880 sanum.
3244 2823 3498 2881 Forsitan
3533 2833 3718 2881 autem

2138 2925 2193 2971 et
2225 2916 2407 2970 anima
2432 2930 2541 2969 non
2582 2922 2777 2985 potens
2810 2926 3027 2981 semper
3058 2911 3287 2969 sufferre
3319 2912 3537 2970 labores
3560 2914 3720 2984 quasi

2137 3016 2319 3064 creata
2350 3015 2405 3064 et
2428 3006 2732 3072 incarnata,
2760 3016 2815 3059 et
2848 3018 2958 3058 non
2987 3002 3262 3060 sufﬁciens
3288 3004 3407 3060 sine
3438 3003 3724 3062 intermis-

447 3099 506 3153 in
532 3098 744 3153 civitate
770 3115 925 3168 super
954 3113 1116 3170 quam
1148 3097 1448 3153 invocatum
1490 3105 1568 3153 est
1621 3112 1808 3151 nomen
1836 3111 2031 3164 meum,
2061 3122 2107 3182 ο
2137 3099 2294 3157 sione
2336 3110 2556 3155 servare
2603 3096 2832 3161 bonum,
2874 3094 3228 3150 remissiones
3258 3093 3378 3150 sine
3421 3094 3719 3164 reprehen-

449 3203 608 3258 super
657 3189 827 3256 ipsam
873 3189 1124 3258 incipiant
1172 3204 1265 3259 ego
1306 3187 1554 3242 inducere
1611 3185 1796 3250 mala,
1843 3193 1894 3240 et
1941 3201 2030 3239 vos

450 3278 796 3334 mundatione
854 3280 1264 3333 mandabimini.
1327 3277 1464 3334 Vide
1524 3284 1707 3345 autem
1768 3275 2028 3344 quoniam

453 3378 578 3439 post
610 3370 843 3439 primam
879 3371 1182 3426 orationem
1213 3368 1355 3423 venit
1400 3367 1468 3422 ad
1506 3365 1835 3435 discipulos,
1864 3374 1918 3421 et
1949 3365 2033 3418 in-

452 3461 600 3515 venit
632 3476 726 3516 eos
758 3461 1122 3528 dormientes;
1159 3459 1409 3514 similiter
1452 3464 1573 3526 post
1613 3455 1906 3512 secundam
1943 3470 2031 3509 ve-

450 3548 608 3605 niens
643 3550 849 3605 invenit
878 3565 976 3605 eos
1019 3548 1368 3613 dormientes,
1414 3546 1671 3616 quoniam
1709 3554 1862 3599 erant
1892 3543 2032 3599 oculi

449 3655 632 3693 eorum
672 3640 879 3709 gravati
906 3640 975 3695 ⁸ο.
1019 3637 1161 3693 Puto
1205 3644 1385 3691 autem
1436 3651 1544 3690 non
1591 3645 1802 3691 tantum
1835 3651 2034 3706 corpo-

449 3745 574 3788 rum
606 3745 791 3785 eorum
826 3730 970 3785 oculi
1000 3737 1265 3799 quantum
1318 3727 1625 3781 animarum
1660 3740 1873 3781 eorum.
1919 3724 2032 3780 Ad-

454 3822 560 3879 huc
591 3823 736 3878 enim
766 3821 1007 3877 nondum
1043 3826 1323 3874 amoverat
1349 3817 1419 3872 ab
1441 3818 1616 3873 oculis
1637 3817 2032 3889 discipulorum

450 3929 677 3971 suorum
705 3928 996 3984 gravamen
1038 3912 1376 3981 impositum,
1409 3926 1511 3965 nec
1548 3909 1694 3965 enim
1731 3911 1910 3964 fuerat
1938 3910 2035 3966 ad-

454 4004 565 4059 huc
598 4003 1013 4057 honoriﬁcatus.
1063 4001 1130 4054 lat
1170 4002 1313 4054 sicut
1353 3998 1595 4053 nondum
1645 4007 1765 4053 erat
1797 3997 2036 4068 Spiritus

453 4095 637 4161 datus,
671 4092 931 4164 quoniam
977 4090 1139 4146 Jesus
1187 4089 1430 4147 nondum
1474 4099 1592 4145 erat
1621 4090 2032 4154 bonoriticatus,

455 4172 537 4247 sic
564 4185 710 4245 oculi
739 4199 931 4241 eorum
966 4183 1207 4238 nondum
1252 4181 1469 4236 fuerant
1510 4180 1733 4235 revelati
1780 4196 1812 4234 a
1845 4196 2038 4252 grava-

454 4280 623 4347 mine,
650 4276 915 4350 quoniam
943 4273 1104 4333 Jesus
1132 4274 1371 4329 nondum
1413 4271 1593 4327 fuerat
1621 4272 2034 4326 lionoriticatus.

453 4369 612 4427 Unde
638 4386 747 4427 non
771 4384 867 4426 eos
891 4368 1262 4440 reprehendit,
1290 4367 1385 4425 sed
1415 4366 1619 4421 vadens
1646 4364 1844 4423 iterum
1881 4362 2038 4417 tertia

2135 3189 2292 3245 sione
2332 3187 2517 3258 aliqua
2563 3194 2961 3256 consequetur,
3010 3201 3133 3256 quae
3174 3185 3453 3240 moraliter
3505 3186 3721 3242 somnia

2133 3290 2297 3351 atque
2323 3277 2738 3332 dormitationes
2782 3276 3059 3342 dicuntur,
3097 3282 3156 3329 ut
3199 3291 3372 3346 usque
3401 3276 3720 3347 aliquantu-

2132 3370 2245 3424 lum
2277 3367 2539 3438 temporis
2588 3366 2797 3423 habens
2844 3367 3224 3423 remissionem
3247 3408 3263 3434 ,
3298 3382 3529 3437 surgens
3558 3383 3726 3424 reno-

2133 3463 2258 3512 vata
2306 3455 2682 3511 resuscitatur.
2714 3455 2771 3511 Si
2823 3464 3003 3511 autem
3050 3456 3156 3511 hoc
3201 3457 3307 3510 erit
3348 3471 3594 3527 semper,
3645 3471 3718 3513 an

2134 3563 2267 3612 non,
2298 3544 2667 3600 abundantius
2714 3551 2925 3614 quaerat
2966 3544 3062 3614 qui
3110 3551 3288 3614 potest
3323 3543 3390 3598 de
3433 3542 3634 3598 talibus
3664 3553 3721 3598 et

2133 3650 2378 3708 quaerere
2409 3644 2465 3691 et
2503 3635 2805 3706 intelligere
2835 3633 2905 3689 de
2931 3633 3131 3690 divinis
3163 3631 3484 3704 Scripturis,
3511 3640 3566 3687 et
3599 3633 3722 3689 sine

2135 3726 2380 3798 periculo
2404 3725 2779 3796 pronuntiare.

2204 3818 2294 3875 97.
2324 3815 2459 3870 Ecce
2488 3813 2928 3887 appropinquavit
2973 3813 3105 3866 hora
3125 3854 3141 3881 ,
3187 3821 3240 3866 et
3289 3811 3463 3867 Filius
3493 3812 3720 3867 hominis

2138 3909 2379 3964 tradetur
2404 3907 2460 3961 in
2502 3922 2691 3960 manus
2727 3913 3063 3974 peccatorum
3090 3903 3157 3955 ⁸⁸.
3194 3900 3424 3973 PrOpter
3451 3903 3593 3958 hane
3620 3903 3723 3957 ho-

2137 4016 2252 4054 ram
2287 4008 2419 4070 puto
2461 4008 2512 4052 ct
2540 3996 2609 4051 ad
2638 4004 2868 4051 matrem
2901 4007 3057 4049 suam
3098 3991 3312 4047 dicebat
3338 3993 3423 4045 δτι
3467 3991 3722 4047 Nondum

2137 4090 2275 4143 venit
2303 4090 2437 4142 hora
2468 4102 2602 4140 mea.
2638 4084 2704 4138 Et
2751 4083 2839 4138 hie
2880 4083 3027 4138 enim
3073 4079 3232 4137 docet
3277 4079 3535 4150 quoniam
3584 4081 3724 4134 liora

2137 4178 2468 4249 appropians
2503 4177 2605 4231 hoc
2635 4174 2830 4245 agebat
2857 4182 2917 4228 ut
2947 4170 3119 4226 Filius
3145 4170 3385 4226 hominis
3417 4169 3723 4224 traderetur

2140 4269 2197 4323 in
2231 4283 2426 4323 manus
2458 4273 2834 4336 peccatorum.
2857 4259 3078 4317 Utinam
3107 4270 3162 4315 et
3185 4260 3242 4314 in
3277 4260 3497 4314 illorum
3530 4275 3723 4330 pecca-

2141 4365 2322 4412 torum
2352 4353 2730 4411 tantummodo
2753 4368 2951 4407 manus
2971 4350 3133 4407 Jesus
3156 4344 3393 4406 traditus
3423 4359 3552 4405 tunc
3586 4350 3725 4405 fuis-

452 4465 572 4518 vice
618 4460 1085 4529 oravit‘idipsum,
1117 4459 1319 4515 docens
1352 4465 1409 4513 et
1455 4470 1556 4510 nos
1596 4470 1691 4525 per
1720 4456 1825 4509 hoc
1857 4454 2036 4525 ipsum
2069 4454 2117 4513 D
2144 4452 2255 4506 set!
2287 4464 2434 4504 nunc
2463 4458 2642 4506 autem
2676 4446 2916 4502 arbitror
2958 4459 3173 4513 semper
3199 4444 3255 4498 in
3300 4458 3496 4498 manus
3531 4458 3726 4512 pecca-

455 4562 515 4609 nt
545 4566 655 4607 non
679 4551 997 4605 deﬁciamus
1022 4549 1077 4602 in
1110 4549 1379 4611 oratione,
1410 4547 1503 4601 sed
1539 4560 1956 4615 permaneamus
1979 4544 2035 4600 in

456 4645 577 4715 ipso
619 4638 788 4696 verbo
835 4637 1136 4705 orationis,
1182 4639 1357 4693 donec
1403 4638 1756 4707 impetremus
1805 4650 1871 4692 ea
1915 4651 2039 4707 qua:

456 4734 732 4810 postulare
757 4733 872 4804 jam
899 4730 1187 4805 cwpimus.

525 4827 616 4885 96.
656 4825 800 4880 Tunc
850 4823 1059 4879 veniens
1110 4820 1250 4874 dixit
1277 4818 1557 4887 discipulis
1589 4819 1699 4872 suis
1732 4836 1752 4872 :
1797 4816 2037 4874 Dormite

455 4938 614 4988 nunc,
643 4928 693 4973 et
721 4916 1059 4989 requiescite;
1087 4930 1200 4969 ecce
1234 4912 1513 4983 appropiat
1540 4914 1631 4983 qui
1664 4929 1746 4968 me
1770 4913 1940 4967 tradet
1967 4914 2034 4966 ⁸¹.

458 5013 613 5068 Tunc
660 5011 779 5067 sine
830 5009 999 5064 dubio
1043 5014 1169 5079 post
1216 5005 1538 5061 orationem.
1573 5002 1688 5057 Non
1735 5014 1916 5059 autem
1955 5013 2041 5060 est

460 5106 549 5159 ille
594 5104 710 5172 ipsc
756 5115 984 5156 somnus
1015 5114 1176 5171 quem
1222 5097 1377 5168 jubet
1420 5106 1550 5151 tunc
1581 5096 1881 5166 discipulos
1909 5107 2040 5152 suos

459 5195 728 5258 dormire,
785 5202 840 5248 et
887 5193 977 5247 ille
1019 5192 1114 5262 qui
1154 5192 1238 5246 bis
1282 5191 1535 5263 superius
1575 5189 1836 5245 scribitur
1867 5189 2044 5244 conti-

459 5285 605 5356 gisse
636 5281 938 5353 discipulis.
986 5280 1100 5336 lllic
1146 5281 1291 5336 enim
1340 5279 1675 5335 dormientes
1718 5279 1947 5344 invenit,
1986 5288 2041 5332 et

459 5392 569 5431 non
624 5374 1069 5444 requiescentes:
1116 5381 1171 5427 et
1221 5373 1416 5427 iterum
1459 5370 1794 5426 dormientes
1837 5368 2043 5424 invenit

459 5477 712 5539 gravatos
737 5466 931 5522 oculos
967 5466 1257 5531 habentes;
1293 5478 1439 5518 nunc
1476 5472 1657 5519 autem
1685 5461 1940 5533 praecepit
1964 5461 2045 5516 eis

532 5635 578 5664 ⁷⁶
599 5631 711 5687 Jer.
745 5646 871 5695 xxv,
912 5629 1005 5690 l5,
1039 5626 1125 5682 16.

482 5787 552 5840 ιι,
578 5771 630 5824 4.
707 5772 752 5802 ⁸⁸
792 5769 985 5824 Matth.
1017 5783 1166 5833 xxvn,
1204 5767 1289 5822 46.

1210 5627 1255 5659 ’⁷
1292 5627 1426 5683 ibid.
1501 5630 1549 5661 ⁷⁸
1588 5627 1718 5682 ibid.
1758 5624 1849 5681 27.
1926 5626 1971 5657 "
2008 5625 2138 5679 ibid.
2181 5621 2286 5688 ‘28,
2315 5622 2405 5676 29.
2479 5620 2524 5653 ⁸⁸
2561 5619 2748 5673 Matth.
2794 5629 2945 5688 xsvl.
2971 5613 3059 5688 d5.

463 5703 509 5734 οι
545 5680 1213 5757 ιδῖιῐζ’5ἓζ““ἰ·“ἶι3ῑάέ⁷ιο.
1291 5680 1339 5729 δέ
1389 5680 1549 5754 vi...
1589 5680 1963 5766 Munus.

2137 5680 2284 5751 Psalf
2318 5708 2518 5757 cxxxt,
2573 5691 2680 5745 5-5.
2756 5688 2802 5719 ⁸⁸
2842 5684 3034 5743 Matth.
3083 5699 3251 5752 xxvu,
3291 5680 3380 5735 45.

2146 4551 2322 4599 torum
2374 4540 2607 4595 traditur
2647 4537 2829 4604 Iesus,
2864 4534 3085 4606 quando
3140 4534 3195 4589 hi
3249 4533 3343 4605 qui
3380 4534 3630 4588 videntur
3669 4533 3721 4586 in

2140 4633 2328 4691 Jesum
2362 4633 2603 4699 credere,
2634 4631 2835 4685 habent
2861 4627 3049 4683 lesum
3077 4628 3134 4683 in
3168 4628 3421 4683 manibus
3451 4626 3568 4680 suis
3599 4639 3722 4678 cum

2142 4727 2250 4781 sint
2271 4732 2604 4795 peccatores.
2631 4720 2738 4777 Sed
2767 4729 2821 4775 et
2846 4720 3286 4790 quotiescunque
3306 4717 3493 4788 justus
3517 4714 3724 4767 habens

2146 4818 2200 4872 in
2236 4833 2294 4873 se
2335 4814 2523 4871 Iesum
2564 4814 2620 4868 in
2657 4821 2924 4884 potestate
2975 4810 3154 4867 iactus
3189 4810 3351 4865 fuerit
3373 4812 3718 4876 peccatorum

2148 4907 2464 4964 facientium
2494 4905 2544 4961 ei
2577 4905 2724 4976 quod
2778 4914 3029 4974 possunt,
3077 4901 3237 4958 Jesus
3275 4905 3360 4954 est
3406 4893 3638 4951 traditus
3665 4890 3721 4946 in

2146 5015 2343 5056 manus
2372 5005 2739 5069 peccatorum.

2215 5092 2305 5149 98.
2340 5089 2572 5161 Surgite,
2603 5104 2808 5155 eamus,
2835 5102 2951 5142 ecce
2988 5080 3319 5155 appropiavit
3360 5077 3451 5151 qui
3493 5090 3574 5130 me
3612 5082 3727 5129 tra-

2148 5187 2233 5238 det
2262 5184 2331 5236 δο.
2359 5180 2655 5249 Postquam
2685 5180 2970 5236 suscitavit
2999 5170 3095 5232 eos
3122 5176 3191 5231 ab
3220 5172 3314 5228 illo
3335 5183 3530 5226 somno
3559 5182 3725 5237 quem

2147 5275 2409 5338 diximus,
2426 5279 2824 5343 consequenter
2848 5269 2981 5325 dicit
2999 5265 3281 5337 discipulis
3306 5260 3423 5318 suis
3447 5274 3461 5312 :
3487 5257 3725 5328 Surgite,

2150 5380 2353 5418 eamus.
2384 5361 2453 5417 Et
2478 5362 2671 5418 videns
2695 5363 2752 5417 in
2779 5360 2945 5431 906
2977 5356 3169 5431 spiritu
3201 5351 3726 5425 appropinquantem

2151 5456 2346 5512 ludam
2396 5455 2694 5521 traditioni,
2743 5455 2838 5525 qui
2883 5449 3127 5505 nondum
3168 5447 3453 5502 videbatur
3499 5458 3530 5497 a
3564 5441 3726 5497 disci-

3135 5612 3176 5643 ⁸⁸
3215 5609 3342 5665 ibid.
3377 5608 3446 5664 £5
3477 5614 3530 5660 et
3574 5618 3725 5675 seqq.

3135 5699 3250 5733 m.
3291 5680 3380 5733 45.
3484 5677 3529 5709 ⁸⁷
3566 5674 3726 5733 Juan.
