4112 6472
432 364 568 421 1739

1555 360 2208 421 ΟΟΜΜΕΝΤΑΒΙΟΜΙΜ
2249 358 2514 417 SERIES.

3542 362 3681 418 i730

428 480 570 549 pulis
593 477 749 548 ejus,
788 477 929 533 dixit
967 497 979 533 :
1021 476 1156 532 Ecce
1188 478 1516 547 apprOpiaoit
1558 481 1649 549 qui
1691 496 1771 536 me
1805 479 1998 534 tradet.
2029 482 2072 539 Α
2104 476 2290 531 Rabbi.
2326 475 2396 531 Et
2431 474 2701 530 osculatus
2744 483 2822 528 est
2872 491 3010 530 eunt.
3064 476 3133 530 At
3185 476 3341 532 Iesus
3384 478 3524 534 dixit
3565 480 3617 533 ei
3655 493 3676 535 :

433 570 542 641 Ego
574 578 753 624 autem
780 577 912 639 puto
942 583 1050 622 non
1076 583 1200 623 esse
1232 568 1491 639 idipsum,
1515 585 1644 626 ecce
1668 571 2004 640 appropiavit

431 660 586 725 mihi,
615 668 669 713 et
708 675 827 713 ecce
859 659 1190 728 appropiarit
1213 661 1304 730 qui
1345 678 1425 716 me
1462 666 1654 715 tradet.
1702 661 1814 717 Nec
1854 662 2001 717 enim

424 752 527 820 ipsi
565 749 694 806 Jesu
723 750 1194 820 appropinquabat
1222 754 1451 810 traditur
1479 754 1617 823 ejus,
1646 754 1741 822 qui
1769 768 1829 808 se
1849 754 2002 807 elon-

424 850 648 911 gaverat
691 840 928 911 peccatis
969 841 1086 896 suis
1131 842 1202 897 ab
1244 841 1372 898 Jesu
1397 884 1415 911 ,
1455 854 1509 899 et
1561 845 1866 913 proditione
1893 860 2001 914 qua

427 932 643 986 tradere
693 946 817 986 eum
872 930 1194 987 consiliatus
1242 944 1357 1000 est;
1411 936 1505 991 sed
1546 935 1889 1006 apprOpiavit
1933 936 2001 991 ad

435 1021 759 1076 tradendum
809 1020 1011 1075 Filium
1049 1020 1139 1077 Dei
1185 1039 1347 1092 quem
1385 1024 1500 1095 jam
1532 1026 1860 1097 prodiderat.
1895 1028 2001 1083 Sed

428 1119 485 1164 et
502 1126 696 1166 omnes
734 1118 1169 1183 transgressores
1211 1114 1364 1185 prius
1402 1116 1639 1187 produnt
1672 1115 1881 1185 Jesum,
1905 1133 2002 1187 po-

425 1211 539 1255 stea
569 1202 809 1257 tradunt.

494 1291 584 1347 99.
637 1290 708 1344 Et
737 1292 907 1346 adhuc
954 1308 1016 1348 eo
1069 1294 1334 1363 loquente,
1384 1311 1502 1350 ecce
1550 1295 1725 1351 ludas
1771 1311 1907 1350 unus
1935 1311 2003 1349 ea:

423 1382 699 1437 duodecim
728 1383 890 1449 venit,
921 1393 973 1438 et
1002 1399 1121 1438 cum
1154 1400 1215 1440 eo
1245 1386 1403 1440 turba
1448 1387 1620 1440 multa
1650 1404 1770 1441 cum
1803 1386 1997 1458 gladiis

418 1485 471 1528 et
511 1474 740 1544 fustibus
785 1476 937 1530 missi
964 1492 999 1529 a
1024 1476 1350 1545 principibus
1379 1479 1712 1533 sacerdotum
1740 1488 1791 1533 et
1828 1481 2001 1533 senio-

422 1564 569 1619 ribus
593 1565 775 1635 populi
795 1566 861 1620 ".
887 1564 1105 1632 Quaeret
1131 1575 1314 1622 autem
1346 1569 1546 1639 aliquis
1578 1570 1743 1624 etiam
1772 1585 1996 1625 causam

420 1673 522 1713 cur
553 1658 724 1712 multa
764 1658 923 1714 turba
969 1658 1134 1716 fuerit
1179 1671 1506 1731 congregata
1549 1676 1674 1716 cum
1726 1662 1918 1731 gladiis
1943 1670 1999 1717 et

422 1746 660 1804 fustibus
694 1763 857 1818 super
897 1764 1044 1806 eum.
1091 1750 1221 1806 Erat
1255 1759 1459 1815 autem,
1500 1752 1798 1807 secundum
1830 1751 1997 1807 Joan-

2106 570 2305 634 Amice,
2351 568 2422 621 ad
2472 569 2600 637 quid
2650 567 2839 623 venisti
2882 569 2963 622 "‘2
3012 568 3243 639 Dignum
3298 578 3382 625 est
3433 586 3679 641 quaerere

2102 674 2267 728 quam
2298 659 2369 713 ob
2405 673 2651 720 causam.
2677 673 2801 713 cum
2847 658 3021 727 palam
3074 659 3349 716 docuisset
3387 658 3547 717 Jesus
3581 678 3677 732 per

2101 750 2348 819 singulas
2372 749 2642 815 civitates,
2666 759 2720 804 et
2750 750 2913 812 vicos,
2938 759 2991 804 et
3021 764 3343 821 synagogas,
3375 754 3676 823 praedicans

2100 840 2381 913 Evangelii
2416 841 2666 907 verbum,
2697 841 2770 895 ita
2814 851 2873 896 ut
2920 841 3065 896 fama
3109 843 3229 912 ejus
3272 844 3446 899 exiret
3479 844 3532 900 in
3556 862 3677 901 oms

2100 950 2226 990 nem
2273 933 2573 1005 regionem,
2618 941 2671 987 et
2716 932 3017 988 secundum
3064 932 3256 988 faciem
3294 935 3676 993 manifestatus

2098 1036 2246 1084 esset
2281 1026 2538 1081 omnibus
2586 1025 2957 1081 habitantibus
3010 1027 3066 1082 in
3110 1027 3329 1093 Judata,
3370 1028 3528 1098 quasi
3565 1016 3681 1084 non.

2099 1118 2555 1189 cognoscentibus
2599 1117 2825 1189 efﬁgiem
2878 1119 2998 1188 ejus
3049 1119 3197 1175 dedit
3250 1120 3465 1188 signum
3505 1117 3677 1175 Judas

2100 1208 2287 1264 missis
2337 1224 2369 1264 a
2418 1209 2757 1279 principibus
2792 1210 3136 1264 sacerdotum
3157 1252 3173 1276 ,
3210 1210 3396 1266 dicens
3426 1229 3440 1265 :
3474 1209 3670 1275 Quem-

2099 1316 2302 1371 cunque
2323 1301 2591 1355 osculatus
2617 1301 2790 1371 [νει-ο,
2819 1300 2929 1370 ipse
2956 1313 3055 1355 est.
3092 1301 3246 1369 Quod
3276 1311 3455 1357 autem
3485 1312 3540 1357 et
3570 1303 3673 1371 ipsi

2098 1391 2192 1462 qui
2223 1401 2482 1446 venerant
2507 1408 2630 1448 eum
2659 1391 2797 1447 Jnda
2828 1393 2896 1448 ad
2926 1393 3496 1463 comprehendendum
3521 1407 3673 1456 eum.

2099 1480 2413 1550 frequenter
2448 1495 2575 1535 eum
2617 1480 2902 1547 vidissent,
2932 1481 3314 1536 manifestatur
3344 1498 3411 1537 ex
3436 1496 3502 1536 eo
3528 1482 3674 1550 quod

2099 1568 2213 1638 ipse
2243 1568 2403 1624 Jcsus
2426 1569 2560 1624 dicit
2593 1570 2662 1624 ad
2692 1570 2882 1625 turbas
2912 1589 2926 1624 :
2957 1571 3126 1635 Quasi
3153 1571 3223 1624 ad
3245 1571 3503 1625 latronem
3534 1571 3677 1624 veni-

2098 1661 2194 1714 stis
2225 1676 2342 1715 cum
2377 1659 2573 1730 gladiis
2605 1670 2654 1715 et
2684 1660 2916 1730 fustibus
2944 1661 3374 1730 comprehendere
3406 1677 3506 1715 me.
3538 1659 3678 1726 Quo-

2100 1750 2227 1804 tidie
2262 1751 2528 1804 vobiscum
2579 1750 2820 1804 sedebam
2868 1751 2922 1805 in
2974 1750 3165 1819 templo
3202 1751 3426 1818 docens,
3470 1759 3520 1804 et
3572 1766 3679 1804 non

420 1854 542 1893 nem
573 1840 643 1904 ”,
669 1839 839 1895 multa
870 1839 986 1896 hac
1028 1842 1185 1897 turba
1224 1844 1425 1899 cohors
1463 1843 1721 1909 militum,
1752 1854 1804 1898 et
1830 1844 1994 1898 mini-
2027 1821 2069 1876 Β
2101 1842 2345 1895 tenuistis
2375 1857 2455 1894 me
2484 1838 2554 1894 ".
2582 1838 2846 1894 Similiter
2877 1847 2931 1893 et
2960 1837 3201 1894 Joannes
3234 1838 3401 1894 refert
3432 1854 3555 1892 eum
3590 1838 3676 1892 di-

419 1928 516 1983 stri
544 1944 574 1982 a
600 1929 939 1998 principibus
968 1932 1312 1988 sacerdotum
1353 1934 1683 1988 transmissi.
1721 1933 1787 1988 Et
1818 1942 1996 2004 potest

417 2019 598 2074 dicere
625 2019 823 2089 aliquis
844 2022 1101 2090 quoniam
1132 2034 1351 2094 propter
1374 2024 1775 2080 multitudinem
1802 2041 1993 2080 eorum

418 2110 512 2177 qui
537 2110 651 2178 jam
678 2111 1027 2167 crediderant
1054 2114 1110 2168 in
1135 2129 1261 2170 eum
1294 2130 1361 2170 ex
1399 2116 1623 2187 populo,
1665 2117 1801 2171 tanti
1832 2132 1996 2172 vene-

418 2208 548 2254 runt
575 2201 841 2258 adversus
885 2219 1033 2270 eum,
1073 2206 1329 2263 timentes
1380 2223 1449 2262 ne
1494 2207 1664 2261 multa
1701 2207 1996 2262 multitudo

415 2288 753 2343 credentium
802 2292 868 2345 de
912 2293 1167 2348 manibus
1210 2308 1402 2349 eorum
1448 2303 1663 2365 raperet
1703 2310 1851 2350 eum.
1883 2294 1997 2364 Ego

414 2384 595 2430 autem
621 2378 875 2435 existimo
913 2380 1141 2436 alteram
1171 2398 1394 2438 causam
1440 2393 1780 2455 congregatae
1812 2386 1997 2440 multi-

416 2468 620 2522 tudinis
644 2477 834 2524 contra
862 2487 1011 2537 eum,
1042 2474 1302 2542 quoniam
1347 2475 1441 2545 qui
1476 2476 1739 2544 putabant
1780 2492 1904 2530 eum
1938 2479 1993 2532 in

416 2558 714 2615 Beelzebub
756 2562 953 2631 ejicere
1008 2564 1185 2619 solere
1243 2565 1540 2632 daemonia,
1587 2567 1997 2622 arbitrabantur

414 2663 539 2703 eum
568 2666 634 2703 ex
666 2652 992 2720 quibusdam
1029 2654 1291 2710 malelicis
1335 2654 1637 2724 disciplinis
1684 2666 1737 2711 et
1768 2658 1995 2727 magicis

416 2754 575 2806 posse
612 2740 847 2811 effugere
874 2743 941 2796 de
979 2744 1158 2797 medio
1188 2744 1483 2799 volentium
1525 2760 1648 2798 eum
1696 2754 1897 2801 tenere.
1931 2745 1994 2802 Et

417 2832 645 2885 forsitan
704 2830 925 2902 quidam
984 2847 1172 2888 comm
1224 2834 1511 2889 audierant
1557 2837 1835 2905 quomodo
1896 2837 1996 2889 ali»

414 2921 635 2990 quando
668 2937 792 2976 cum
826 2922 938 2990 jam
986 2922 1406 2992 praecipitandus
1446 2924 1640 2979 fuisset
1690 2924 1758 2978 de
1804 2938 1995 2993 super-

410 3013 538 3068 citio
576 3014 800 3078 montis,
826 3013 1015 3084 eliugit
1060 3029 1252 3068 manus
1285 3013 1397 3085 jam
1435 3016 1731 3071 tenentium
1777 3030 1855 3080 se,
1883 3031 1993 3069 non

2100 1930 2288 1984 xisse:
2327 1928 2436 1997 Ego
2480 1928 2661 1997 palam
2705 1926 2913 1982 locutus
2963 1944 3081 1982 sum
3138 1927 3259 1981 huic
3313 1928 3532 1991 mundo,
3583 1943 3677 1997 ego

2096 2036 2299 2088 semper
2342 2020 2500 2073 docui
2534 2021 2589 2074 in
2616 2036 2888 2090 synagoga
2915 2029 2965 2072 et
3008 2019 3064 2073 in
3109 2019 3301 2088 templo
3322 2059 3336 2083 ,
3377 2018 3467 2072 ubi
3498 2033 3676 2070 omnes

2095 2109 2274 2166 Judaei
2319 2111 2631 2165 conveniunt
2672 2111 2739 2164 “.
2794 2108 2950 2165 Venit
2979 2126 3110 2178 ergo
3157 2109 3379 2164 traditio
3429 2108 3554 2162 talis
3608 2106 3681 2160 ad

2096 2216 2197 2256 nos
2228 2202 2295 2255 de
2325 2198 2413 2266 eo,
2442 2200 2705 2272 quoniam
2760 2217 2870 2255 non
2918 2201 3095 2255 solum
3140 2200 3262 2255 duae
3310 2198 3497 2253 forma:
3524 2198 3580 2250 in
3611 2212 3678 2251 eo

2095 2292 2336 2367 fuerunt,
2365 2309 2472 2348 una
2503 2295 2725 2364 quidem
2773 2293 3074 2350 secundum
3123 2307 3291 2362 quam
3330 2305 3521 2345 omnes
3549 2304 3680 2342 enm

2094 2384 2373 2448 videbant,
2415 2384 2587 2439 altera
2625 2392 2808 2438 autem
2842 2383 3143 2439 secundum
3179 2396 3343 2451 quam
3388 2377 3682 2447 transﬁgu-

2097 2483 2251 2530 ratus
2297 2483 2382 2530 est
2427 2489 2612 2529 coram
2645 2472 2931 2542 discipulis
2964 2472 3080 2527 suis
3110 2472 3165 2525 in
3213 2481 3419 2534 monte,
3454 2469 3682 2539 quando

2094 2575 2148 2620 et
2186 2564 2523 2634 resplenduit
2569 2564 2735 2618 facies
2773 2563 2894 2632 ejus
2938 2570 3199 2631 tanquam
3232 2558 3352 2621 sol,
3385 2557 3481 2612 sed
3511 2556 3676 2612 etiam

2098 2656 2395 2724 unicuique
2418 2655 2715 2726 apparebat
2748 2653 3050 2708 secundum
3079 2650 3225 2720 quod
3258 2649 3435 2704 fuerat
3456 2648 3677 2719 dignus.

2098 2745 2166 2800 Et
2196 2763 2319 2801 cum
2356 2747 2550 2803 fuisset
2577 2747 2716 2817 ipse,
2754 2744 2914 2814 quasi
2947 2758 3053 2797 non
3095 2742 3210 2811 ipse
3238 2739 3495 2796 omnibus
3523 2738 3677 2793 vide-

2094 2837 2274 2892 batur.
2329 2836 2642 2892 Secundum
2689 2835 2836 2906 quod
2879 2835 2947 2889 de
3000 2848 3201 2887 manna
3255 2840 3341 2888 est
3387 2831 3681 2901 scriptum,

2092 2927 2311 2997 quando
2368 2924 2511 2982 Deus
2556 2926 2681 2982 ﬁliis
2736 2925 2905 2983 lsraci
2962 2940 3156 2995 panem
3207 2924 3360 2978 misit
3418 2923 3484 2977 de
3537 2923 3678 2978 caelo

2095 3037 2314 3079 omnem
2353 3020 2765 3075 delectationem
2800 3019 3121 3077 habentem,
3150 3024 3206 3071 et
3236 3015 3303 3070 ad
3337 3029 3553 3070 omnem
3579 3029 3680 3085 gn-

411 3104 536 3174 iusa
585 3103 819 3174 simplici
865 3114 922 3159 et
974 3105 1247 3172 humana.
1278 3107 1372 3162 sed
1408 3107 1512 3161 alia
1559 3106 1793 3177 quadam
1840 3114 1992 3160 extra
2020 3149 2065 3205 ε
2097 3124 2241 3170 stum
2288 3113 2701 3169 convenientem
2754 3128 2768 3165 :
2807 3111 3027 3180 quando
3085 3106 3358 3163 desiderio
3402 3105 3678 3160 auct-enus

411 3205 661 3248 natm-am
707 3196 1024 3252 humanam.
1075 3197 1302 3268 Propter
1345 3199 1487 3254 hanc
1533 3200 1734 3254 etenim
1761 3215 1986 3254 causam

410 3285 572 3339 etiam
614 3287 758 3354 apud
789 3285 1030 3343 Marcum
1074 3287 1243 3344 Judas
1277 3289 1493 3344 dicebat
1529 3290 1703 3344 turbae
1745 3305 1866 3359 quae
1900 3306 1992 3345 ve-

410 3373 594 3428 niebat
627 3390 751 3430 cum
784 3376 903 3447 ipso
926 3393 1048 3433 eum
1077 3378 1273 3449 gladiis
1298 3389 1352 3434 et
1385 3379 1659 3434 fustibus:
1693 3379 1991 3444 Quemcun-

408 3479 508 3532 que
534 3466 804 3521 osculatus
833 3467 982 3535 [uero
1012 3469 1122 3539 ipse
1152 3478 1254 3535 est,
1295 3479 1461 3526 tenete
1496 3486 1636 3537 eum,
1666 3479 1716 3525 et
1744 3469 1992 3527 adducite

408 3556 693 3627 diligenter
718 3559 802 3625 “;
832 3560 1067 3630 maligne
1106 3569 1162 3615 et
1198 3578 1325 3617 cum
1357 3562 1753 3635 signiﬁcatione
1781 3565 1991 3619 videtur

410 3646 637 3712 dixisse,
684 3656 944 3718 tanquam
985 3650 1031 3704 si
1070 3652 1243 3717 dicat,
1286 3653 1393 3710 nisi
1440 3654 1723 3724 diligenter
1754 3670 1879 3709 eum
1913 3665 1991 3712 te-

412 3747 602 3792 nentes
637 3739 996 3806 adduxeritis,
1034 3757 1159 3796 cum
1213 3744 1448 3798 voluerit
1490 3744 1710 3814 eﬂ‘ugiet
1758 3761 1874 3800 vos.
1906 3746 1988 3800 illi

410 3838 623 3892 autem,
671 3829 955 3884 audientes
996 3832 1295 3887 secundum
1335 3833 1794 3892 existimationem
1836 3834 1990 3891 Judzr

413 3922 570 3992 quasi
620 3937 728 3975 non
778 3930 1002 3992 paterna
1045 3923 1329 3979 divinitate
1370 3926 1618 3995 adjutum
1662 3932 1766 3982 hoc
1797 3943 1984 3999 agere,

410 4014 495 4067 vel
543 4011 649 4065 alia
685 4012 877 4075 multa,
918 4013 1104 4068 omnia
1142 4013 1412 4070 faciebant
1452 4026 1509 4071 ut
1545 4017 1831 4089 diligenter
1861 4035 1988 4073 eum

411 4113 659 4159 tenerent
698 4111 752 4157 et
795 4103 1156 4159 custodirent.
1194 4103 1345 4159 Multi
1388 4105 1563 4180 [sunt]
1597 4118 1652 4162 et
1685 4124 1831 4164 nunc
1862 4125 1985 4165 cum

414 4194 752 4265 spiritalibus
787 4194 1002 4266 gladiis,
1031 4197 1212 4266 specie
1246 4197 1633 4267 malignorum,
1665 4210 1718 4256 et
1752 4200 1989 4258 fustibus

412 4286 664 4341 similiter
699 4295 890 4343 contra
927 4285 1113 4343 Jesunt
1161 4289 1476 4355 militantes,
1525 4292 1988 4362 quemadmodum

412 4377 488 4431 illi
545 4395 560 4431 :
605 4392 839 4448 quorum
890 4377 1104 4434 insidiis
1160 4380 1384 4436 omnino
1434 4383 1630 4439 melior
1686 4384 1747 4439 iit
1804 4383 1987 4452 Iesus,

2098 3207 2429 3276 obsequens,
2473 3205 2541 3259 ad
2589 3202 2737 3273 quod
2789 3203 2915 3272 quis
2962 3200 3212 3253 voluerat
3244 3197 3575 3252 vertebatur.
3611 3194 3680 3248 Et

2098 3311 2207 3349 non
2263 3293 2394 3347 mibi
2446 3292 2660 3346 videtur
2707 3289 3041 3345 incredibilis
3094 3300 3216 3341 esse
3265 3286 3485 3340 traditio
3533 3286 3678 3353 ham,

2099 3386 2213 3442 sive
2243 3384 2604 3455 corporaliter
2634 3389 2854 3452 propter
2898 3380 3077 3450 ipsum
3120 3378 3307 3434 Jesum
3329 3416 3345 3441 ,
3391 3385 3451 3432 ut
3479 3377 3588 3432 alio
3625 3388 3680 3431 et

2098 3474 2205 3529 alio
2276 3472 2440 3528 modo
2507 3472 2780 3525 videretur
2841 3468 3205 3532 hominibus;
3276 3466 3392 3522 sive
3457 3474 3678 3535 propter

2099 3562 2273 3632 ipsam
2307 3559 2468 3613 Verbi
2514 3568 2793 3622 naturam,
2840 3557 2986 3627 quod
3028 3570 3138 3609 non
3180 3553 3431 3608 similiter
3464 3553 3676 3608 cunctis

2098 3660 2340 3722 apparet.
2392 3650 2449 3705 Si
2497 3659 2675 3703 autem
2722 3648 2828 3702 hoc
2867 3648 2938 3700 ita
2984 3662 3042 3700 se
3085 3644 3268 3708 habet,
3306 3643 3565 3712 possibile
3591 3656 3677 3699 est

2094 3743 2423 3799 solutionem
2458 3739 2577 3809 ejus
2628 3737 2872 3792 invenire
2900 3736 3045 3806 quod
3091 3735 3374 3804 quaeritur.
3401 3732 3673 3800 Quoniam

2094 3842 2148 3888 et
2180 3833 2227 3888 si
2264 3831 2574 3899 frequenter
2609 3842 2733 3883 eum
2766 3827 3019 3881 viderunt
3050 3824 3220 3879 turba:
3249 3826 3525 3879 venientes
3544 3837 3673 3879 cum

2094 3920 2270 3987 Juda,
2316 3919 2672 3974 nihilominus
2718 3933 2856 3987 opus
2903 3916 3208 3982 habebant,
3242 3923 3463 3986 propter
3495 3924 3673 3970 trans-

2096 4012 2450 4071 formationes
2482 4011 2600 4081 ejus
2620 4051 2635 4077 ,
2668 4011 2761 4079 qui
2803 4023 2929 4064 eum
2965 4008 3275 4062 ostenderet
3320 4008 3431 4073 eis,
3462 4008 3677 4064 habens

2095 4110 2348 4164 notitiam
2379 4107 2499 4178 ejus
2536 4105 2945 4161 familiariorem
2974 4117 3068 4171 per
3097 4102 3324 4156 multam
3361 4116 3668 4157 commora-

2096 4203 2298 4257 tionem
2350 4216 2474 4254 cum
2530 4213 2631 4264 eo,
2681 4209 2740 4253 ut
2790 4196 3114 4264 intelligeret
3164 4192 3670 4249 transformationes

2095 4291 2214 4361 ejus
2259 4288 2563 4345 secundum
2615 4301 2755 4357 quas
2797 4288 2913 4340 suis
2961 4297 3233 4353 apparere
3268 4283 3517 4338 solebat:
3566 4282 3670 4337 hoc

2097 4384 2238 4439 idem
2272 4381 2610 4452 significatur
2634 4379 2800 4433 etiam
2839 4392 2934 4447 per
2957 4375 3229 4430 Joannem
3257 4374 3675 4444 evangelistam,

414 4470 665 4539 quamvis
700 4485 800 4540 pro
828 4479 1073 4542 tempore
1107 4471 1371 4543 suscipiat
1393 4474 1448 4528 in
1489 4489 1548 4530 se
1587 4490 1778 4531 eorum
1805 4477 1991 4534 incur-
2022 4496 2066 4552 υ
2097 4473 2186 4528 ubi
2215 4473 2397 4528 sciens
2420 4469 2582 4526 Jesus
2607 4484 2729 4540 qua:
2765 4475 3162 4552 superventura
3188 4474 3344 4521 erant
3366 4466 3438 4532 ei,
3475 4480 3671 4535 proee«

413 4575 532 4628 sua,
563 4569 623 4615 ut
654 4560 981 4630 impleantur
1017 4570 1239 4633 peccata
1271 4563 1647 4621 insidiantium
1680 4567 1752 4635 ei,
1792 4576 1846 4623 et
1874 4584 1991 4623 ma-

413 4652 668 4709 nifestata
722 4653 816 4707 ﬁat
871 4654 1081 4710 malitia
1129 4656 1428 4712 voluntatis
1484 4672 1675 4713 eorum
1726 4659 1989 4717 adversus

413 4746 692 4801 veritatem
733 4746 997 4817 unigeniti
1024 4745 1211 4803 Verbi.
1253 4746 1357 4814 Qui
1397 4757 1577 4803 autem
1614 4749 1694 4806 sic
1719 4765 1843 4805 cum
1875 4750 1988 4820 gla-

410 4837 518 4893 diis
567 4846 621 4893 et
666 4836 902 4892 fustibus
952 4837 1190 4893 militant
1234 4846 1426 4894 contra
1474 4838 1684 4906 Jesum,
1731 4842 1893 4897 variis
1934 4849 1989 4895 et

410 4928 643 4986 diversis
671 4929 1016 5000 dogmatibus
1055 4930 1356 4997 venientes,
1385 4931 1634 5002 exposito
1668 4930 1756 5003 [ex
1793 4947 1992 5002 propo-

410 5020 542 5093 sito]
574 5021 902 5078 insidiantur
928 5019 1082 5077 Jesu.
1117 5020 1257 5079 Sunt
1287 5030 1467 5079 autem
1505 5034 1561 5080 et
1583 5025 1678 5096 qui
1712 5040 1742 5079 a
1771 5027 1991 5099 presby-

414 5111 544 5166 teris
594 5112 748 5184 impii
800 5113 884 5168 sui
935 5115 1245 5173 transmissi
1296 5115 1483 5186 populi
1528 5125 1721 5173 contra
1759 5117 1987 5175 verbum

413 5202 651 5258 militant
682 5206 950 5273 veritatis,
979 5206 1122 5278 quod
1152 5217 1236 5262 est
1264 5208 1318 5262 in
1347 5206 1499 5265 lesu.
1680 5194 1683 5203 ’

485 5293 608 5351 100.
656 5293 765 5360 Qui
795 5306 973 5351 autem
1022 5297 1245 5352 tradidit
1290 5314 1431 5366 eum,
1474 5299 1620 5353 dedit
1666 5301 1741 5355 eis
1779 5301 1988 5372 signum

413 5383 588 5437 dicens
614 5398 633 5437 :
666 5383 1038 5459 Quemcunque
1067 5389 1339 5443 osculatus
1375 5389 1524 5459 fuero
1555 5392 1665 5460 ipse
1694 5402 1791 5459 est,
1825 5402 1988 5447 tenete

413 5491 552 5527 eum.
584 5472 653 5527 Et
688 5476 965 5545 confestim
1008 5482 1259 5536 accedens
1297 5480 1366 5535 ad
1403 5479 1587 5536 Iesum
1634 5484 1776 5537 dixit
1803 5501 1822 5539 :
1851 5485 1984 5550 Ave,

2095 4569 2231 4623 deus
2260 4565 2410 4620 foras
2450 4563 2589 4618 dixit
2615 4578 2635 4613 :
2666 4563 2833 4627 Quem
2852 4550 3144 4631 queritis?
3182 4558 3253 4612 At
3284 4557 3361 4613 illi
3392 4557 3676 4622 dixerunt,

2092 4656 2275 4712 Iesum
2309 4653 2680 4708 Nazareuum.
2706 4650 2770 4705 Et
2794 4649 2933 4705 dixit
2959 4650 3040 4705 eis
3072 4668 3089 4704 :
3125 4648 3234 4721 Ege
3268 4664 3404 4703 sum.
3436 4646 3502 4700 Et
3528 4647 3671 4700 abie-

2096 4758 2219 4804 runt
2251 4757 2301 4802 et
2328 4746 2628 4801 ceciderunt
2660 4752 2948 4798 retrorsum
2969 4742 3035 4796 ".
3063 4742 3228 4797 Vides
3248 4740 3376 4810 quia
3410 4755 3517 4793 non
3541 4753 3668 4793 eum

2096 4839 2502 4913 cognoscebant
2547 4851 2673 4892 cum
2725 4834 3038 4905 frequenter
3095 4831 3392 4894 vidissent,
3447 4836 3668 4898 propter

2098 4929 2608 5000 trausfigurationes
2631 4925 2822 4996 ipsius.
2869 4923 2924 4977 Si
2956 4933 3136 4977 autem
3167 4925 3332 4976 etiam
3362 4921 3508 4974 illam
3533 4934 3668 4974 cauo

2096 5037 2216 5079 sam
2255 5027 2466 5090 quant
2497 5019 2717 5089 aliquis,
2752 5031 2851 5071 cur
2881 5017 3072 5070 osculo
3114 5013 3282 5069 indas
3324 5012 3546 5068 tradidit
3579 5010 3671 5066 Je-

2096 5130 2246 5177 sum,
2274 5113 2419 5167 hanc
2448 5110 2703 5166 dabimus
2737 5108 3026 5172 rationem,
3054 5120 3341 5176 quanam,
3366 5103 3667 5160 secundum

2094 5206 2360 5279 quosdam
2388 5202 2607 5274 quidem
2626 5241 2643 5269 ,
2677 5200 2853 5256 voluit
2889 5198 3247 5253 reverentiam
3276 5196 3568 5266 quamdam
3598 5194 3670 5249 ad

2093 5295 2261 5367 907
2284 5295 2608 5365 magistrum
2635 5305 2888 5355 servate,
2920 5303 3026 5343 non
3064 5288 3274 5344 audens
3302 5288 3590 5341 maniteste
3610 5285 3670 5340 in

2093 5404 2218 5444 eum
2254 5387 2464 5443 irruere
2489 5393 2545 5441 et
2577 5384 2921 5455 impudenter
2955 5381 3196 5453 proﬁteri
3241 5394 3301 5436 se
3334 5379 3669 5451 proditorem

2095 5480 2369 5553 magistri.
2394 5477 2707 5535 Secundum
2731 5476 2868 5532 alios
2893 5483 3101 5541 autem,
3138 5474 3243 5533 boc
3268 5472 3395 5528 ideo
3420 5471 3549 5527 fecit
3565 5469 3669 5527 ius

487 5671 532 5705 ⁸⁸
560 5669 749 5754 313%-
779 5690 931 5739 ιινιι
961 5676 1056 5754 ⁴7ζ
1091 5681 1171 5754 Α⁰⁰
1213 5698 1374 5751 svnt,
1411 5682 1464 5738 5.
1542 5684 1583 5717 ’ί
1626 5683 1791 5741 Marc.
1825 5702 1933 5754 xw,
1964 5685 2056 5743 64.
2134 5687 2179 5721 ’³
2220 5684 2413 5743 Iattb.
2455 5700 2618 5751 xxvi,
2662 5678 2832 5738 48-50
2928 5673 3225 5737 “ibid.55.
3264 5674 3673 5741 "Joamxvm,

415 5739 504 5796 ιω.
580 5743 626 5776 ⁸⁸
656 5742 816 5799 Joan.
847 5761 1002 5807 tum.
1032 5747 1137 5802 4-6.
