4112 6470
451 361 589 418 1751

1654 352 1982 412 ΟΒΣΟΕΝΙε
2015 354 2085 412 IN
2126 355 2544 416 MATTHASUM

3586 363 3732 420 1752

451 486 573 550 das,
602 482 809 541 timens
833 497 904 540 ne
939 483 1105 552 forte,
1124 481 1171 539 si
1196 478 1547 537 manifestum
1579 484 1639 537 se
1668 480 2040 537 adversarium
2069 484 2116 542 Α
2144 480 2408 537 adversus
2450 480 2759 551 Christum,
2809 483 3160 541 adversarius
3207 482 3414 539 Christi
3476 484 3734 556 princeps

448 575 781 645 pratbuisset
823 583 879 631 et
923 574 1256 647 proditorem
1314 571 1585 643 magistri,
1637 571 1756 642 ipse
1785 573 1836 627 ei
1886 571 2040 626 ﬂeret

450 678 621 721 causa
672 665 970 730 evasionis,
1023 678 1147 719 cum
1178 670 1385 733 posset,
1440 670 1707 732 quantum
1757 662 1826 717 ad
1869 662 2041 732 ipsius

451 752 849 829 opinationem,
879 773 945 812 ex
968 755 1297 827 quibusdam
1321 755 1711 811 secretioribus
1735 754 2040 825 disciplinis

451 845 711 916 etl‘ugere,
763 855 817 901 et
842 845 1022 900 facere
1049 860 1107 900 se
1137 845 1190 899 in
1217 859 1468 913 parvum.
1507 840 1578 897 Ut
1607 857 1738 914 ergo
1758 844 1897 898 nihil
1934 844 2041 900 tale

451 936 742 1007 suspicans
791 934 975 1000 .lesus,
1018 934 1321 991 secundum
1374 933 1521 1004 quod
1564 930 1736 988 Iudas
1769 934 2039 1002 opinaba-

452 1032 562 1089 tur,
602 1026 694 1080 sed
725 1034 928 1095 putans
955 1040 1082 1081 eum
1118 1025 1380 1089 amicum,
1426 1023 1707 1094 quomodo
1744 1024 1919 1079 nescit
1957 1024 2039 1080 sic

450 1117 728 1187 insperate
751 1117 1251 1189 comprehendatur
1280 1158 1297 1184 ,
1346 1118 1468 1173 ideo
1495 1116 1601 1172 hoc
1623 1117 1771 1173 dedit
1795 1117 2032 1188 signum,

450 1206 634 1262 sciens
654 1207 771 1277 jam
793 1208 1054 1277 quoniam
1083 1207 1127 1263 si
1154 1207 1422 1263 noluisset
1449 1207 1861 1278 comprehendi,
1895 1223 2037 1263 nun-

449 1313 615 1368 quam
662 1300 1098 1370 comprehensus
1128 1298 1344 1366 fuisset,
1372 1300 1469 1356 sed
1497 1301 1688 1356 volens
1715 1300 1945 1371 praebuit
1976 1316 2037 1357 se

450 1390 709 1446 manibus
748 1397 1121 1461 peccatorum.
1166 1389 1283 1458 Ego
1307 1399 1491 1446 autem
1527 1399 1659 1461 puto
1691 1391 1839 1461 quod
1869 1392 2034 1446 etiam

449 1497 641 1537 omnes
663 1481 972 1552 proditores
1001 1482 1268 1547 veritatis,
1293 1496 1480 1536 amare
1506 1482 1793 1537 veritatem
1828 1482 2036 1553 fingen-

449 1581 554 1636 tes,
604 1581 659 1628 et
707 1574 881 1630 osculi
928 1574 1085 1645 signo
1136 1584 1348 1630 utentes
1372 1574 1531 1643 quasi
1560 1575 1796 1643 quadatn
1824 1575 2035 1630 indica-

448 1667 600 1720 tione
651 1665 952 1732 charitatis,
1004 1666 1242 1735 produnt
1300 1662 1534 1720 Verbum
1590 1663 1687 1720 Dei
1722 1667 2034 1723 volentibus

449 1756 629 1826 ipsum
665 1765 846 1812 tenere
876 1756 1209 1813 adversariis
1250 1757 1392 1827 ejus,
1445 1756 1584 1811 nihil
1622 1758 1910 1827 paciﬁcum
1943 1757 2030 1813 in-

448 1847 616 1913 dutis,
661 1846 887 1902 bellicos
939 1856 1119 1902 autem
1152 1847 1382 1918 gladios,
1414 1857 1468 1903 et
1501 1848 1752 1918 injurias,
1781 1859 1835 1905 et
1862 1848 2034 1907 fustes

446 1938 794 1994 habentibus.
846 1937 913 1993 Et
959 1940 1092 1995 dicit
1122 1940 1370 2009 proditor
1401 1938 1530 1995 Jesu
1561 1959 1575 1997 :
1607 1940 1792 1996 Rabbi.
1829 1940 2034 1999 Omnes

444 2029 590 2084 enim
622 2030 895 2098 haeretici,
930 2032 1394 2102 quemadmodum
1423 2031 1595 2087 Judas
1619 2074 1635 2101 ,
1681 2035 1760 2089 sic
1789 2032 1916 2089 Jesu
1950 2034 2034 2090 di-

445 2130 578 2176 cunt
604 2137 621 2176 :
644 2120 837 2189 Rabbi,
861 2122 954 2192 qui
992 2131 1047 2178 et
1077 2124 1401 2179 osculantur
1430 2141 1555 2179 eum
1590 2125 1732 2181 sicut
1762 2135 1815 2181 et
1839 2124 2028 2183 Judas.

443 2211 527 2268 Ad
579 2228 720 2284 quos
768 2215 956 2269 omnia
1009 2215 1301 2286 placabilia
1356 2217 1487 2272 dicit
1514 2216 1700 2281 Jesus,
1757 2233 1882 2273 cum
1921 2219 2032 2274 sint

442 2317 636 2360 omnes
662 2303 829 2361 Judas
863 2306 1108 2376 proditor
1144 2325 1158 2361 :
1193 2304 1360 2375 Juda,
1396 2306 1576 2362 osculo
1626 2307 1830 2361 Filium
1861 2307 2031 2363 homi-

444 2395 527 2449 nis
553 2395 724 2450 tradis
747 2397 829 2452 ὀἳ
859 2397 1002 2452 Dicit
1030 2407 1211 2452 autem
1236 2399 1285 2454 ei
1316 2401 1697 2471 improperans
1718 2402 2028 2459 simulatio-

442 2503 567 2542 nem
610 2489 863 2545 amicitiae
902 2490 1021 2561 ejus
1052 2509 1065 2545 :
1099 2490 1300 2558 Amice,
1342 2493 1410 2546 ad
1446 2493 1574 2564 quid
1598 2494 1785 2548 venisti
1805 2494 1888 2548 9"?
1916 2493 2029 2550 Hoc

441 2578 595 2636 enim
613 2582 834 2636 nvomiue
873 2581 1146 2636 neminem
1199 2583 1470 2638 bonorum
1512 2584 1566 2638 in
1615 2585 1915 2655 Scripturis
1937 2604 2028 2642 co-

441 2673 759 2743 gnoscimus
788 2673 1141 2743 appellatum.
1174 2675 1256 2729 Ad
1293 2676 1496 2730 malum
1524 2677 1693 2744 enim,
1718 2687 1772 2733 et
1801 2694 1910 2734 non
1939 2680 2025 2733 in-

440 2763 632 2820 duttun
698 2767 1035 2836 nuptialibus
1085 2767 1426 2822 vestimentis
1472 2769 1606 2824 dicit
1649 2771 1695 2803 ⁸⁸
1747 2789 1760 2824 :
1816 2771 2022 2838 Amice,

437 2856 570 2930 quid
593 2856 695 2911 huc
718 2859 907 2913 venisti
934 2875 1036 2913 non
1074 2860 1267 2915 habens
1290 2871 1478 2916 vestem
1501 2863 1790 2932 nuptialem
1811 2864 2026 2921 ?Malus

439 2958 621 3004 autem
662 2950 861 3019 estqui
889 2961 941 3006 et
976 2952 1029 3006 in
1055 2953 1315 3022 parabola
1352 2953 1559 3009 denarii
1598 2956 1787 3010 audit:
1819 2956 2020 3027 Amice,

437 3056 545 3094 non
580 3041 675 3094 tibi
701 3041 842 3111 facio
880 3042 1154 3112 injuriam.
1202 3042 1394 3100 Nonne
1429 3046 1498 3099 ad
1528 3047 1804 3101 denarium
1843 3064 2026 3103 conve-

2068 1818 2110 1875 Β

2144 578 2495 632 sacerdotum
2530 573 2792 642 Caiphas.
2824 574 3052 631 Videtur
3082 584 3268 631 autem
3298 575 3433 631 milti
3463 576 3728 646 quoniam

2145 665 2240 735 qui
2271 680 2339 721 ex
2380 666 2637 737 gentibus
2678 666 3031 721 crediderunt
3057 705 3072 730 ,
3106 681 3298 722 omnes
3324 682 3467 721 unus
3495 668 3731 738 populus

2141 757 2424 813 constituti
2456 758 2509 811 in
2536 757 2788 823 Christo,
2824 772 2919 827 per
2954 757 3059 812 hoc
3100 757 3278 828 ipsum
3307 759 3452 827 quod
3479 758 3729 814 credide-

2141 858 2273 901 runt
2298 847 2353 901 in
2386 847 2692 912 Christum,
2733 846 2861 901 facti
2894 853 3024 901 sunt
3046 860 3212 901 musa
3254 853 3314 900 ut
3342 845 3731 915 praecideretur

2138 937 2454 994 Iudaeorum
2497 938 2710 993 auditio
2753 937 2944 992 dextra
2967 977 2984 1004 ,
3040 936 3341 991 secundum
3374 936 3520 1006 quod
3552 934 3731 991 fuerat

2138 1031 2528 1102 prOphetatum
2582 1030 2650 1086 de
2681 1032 2763 1087 eis
2786 1031 2807 1063 ⁸
2842 1048 2857 1087 :
2893 1030 3070 1086 Grava
3120 1045 3278 1084 aures
3321 1027 3505 1099 populi
3544 1027 3728 1097 hujus,

2137 1135 2185 1178 et
2227 1123 2406 1178 oculos
2451 1138 2631 1177 eorum
2655 1122 2909 1193 deprime,
2946 1132 3005 1177 ut
3039 1138 3103 1177 ne
3144 1120 3377 1177 videntes
3406 1119 3638 1185 videant,
3673 1128 3725 1172 et

2138 1213 2411 1286 audientes
2437 1213 2759 1284 intelligant,
2791 1222 2842 1267 et
2883 1220 3277 1279 convertantur,
3315 1218 3364 1265 et
3389 1225 3569 1264 sanem
3609 1224 3719 1263 eos.

2210 1302 2334 1358 102.
2375 1303 2524 1359 Tunc
2563 1304 2639 1359 ait
2671 1302 2832 1359 Jesu:
2877 1304 2927 1357 ei
2950 1318 2969 1357 :
2999 1302 3254 1358 Converte
3292 1300 3529 1371 gladium
3576 1307 3721 1352 tuum

2136 1396 2193 1449 in
2214 1394 2387 1450 locum
2414 1412 2567 1450 suum
2589 1397 2633 1450 ⁸.
2661 1395 2785 1450 Mox
2817 1393 2980 1452 Iesus
3011 1393 3080 1449 ad
3109 1408 3235 1448 eum
3268 1393 3363 1462 qui
3399 1391 3579 1445 fuerat
3605 1389 3726 1458 gla-

2136 1486 2230 1540 dio
2267 1501 2404 1541 usus
2427 1527 2443 1552 ,
2485 1495 2539 1541 et
2574 1486 2874 1542 abstulerat
2902 1484 3208 1541 auriculam
3239 1482 3381 1539 servi
3411 1480 3558 1535 illius
3594 1480 3729 1535 dex-

2137 1586 2300 1642 tram,
2337 1591 2447 1632 non
2489 1578 2629 1633 dixit
2674 1601 2686 1634 :
2730 1577 2923 1631 Exime
2969 1575 3207 1645 gladium
3232 1615 3247 1641 ,
3282 1573 3428 1629 sed:
3475 1571 3729 1627 Converte

2136 1668 2377 1740 gladium
2404 1670 2460 1721 in
2491 1669 2667 1724 locum
2695 1685 2875 1724 suum.
2926 1667 3023 1724 Est
3057 1681 3188 1739 ergo
3219 1664 3384 1737 gladii
3417 1664 3615 1733 aliquis
3646 1662 3729 1717 lo-

2136 1777 2255 1828 cus,
2284 1776 2351 1815 ex
2385 1775 2495 1831 quo
2541 1777 2651 1817 non
2692 1761 2820 1815 licet
2870 1747 3123 1830 accipere
3174 1772 3302 1813 eum
3341 1756 3433 1827 qui
3467 1770 3574 1810 non
3611 1752 3729 1808 vult

2139 1853 2318 1922 perire
2340 1893 2357 1919 ,
2394 1853 2635 1908 maxime
2665 1854 2718 1907 in
2749 1852 2952 1924 gladio.
2985 1849 3248 1906 Paciﬁcas
3286 1848 3431 1903 enim
3466 1847 3580 1901 vult
3604 1860 3729 1900 esse

2135 1942 2298 2001 Jesus
2348 1945 2651 2016 discipulos
2698 1960 2851 2011 suos,
2912 1952 2970 1998 ut
3001 1943 3255 1998 bellicum
3291 1940 3530 2013 gladium
3579 1938 3730 1993 hunc

2133 2034 2490 2104 deponentes,
2542 2035 2773 2091 alterum
2813 2037 3101 2105 paciﬁcum
3150 2033 3420 2103 accipiant
3461 2030 3724 2101 gladium,

2135 2141 2297 2196 quem
2326 2127 2459 2182 dicit
2485 2125 2768 2197 Scriptura
2802 2128 2823 2159 ⁸
2847 2126 3086 2197 gladium
3124 2125 3372 2194 spiritus.
3406 2122 3597 2177 Simile
3620 2137 3726 2176 au-

2133 2227 2240 2272 tem
2278 2217 2414 2271 mihi
2445 2219 2662 2273 videtur
2704 2217 2849 2288 quod
2884 2219 3016 2273 dicit
3058 2235 3073 2272 :
3111 2216 3305 2271 Omnes
3339 2215 3429 2282 qui
3455 2215 3724 2283 accipiunt

2131 2309 2394 2379 gladium,
2426 2308 2611 2381 gladio
2633 2320 2682 2364 et
2714 2311 2994 2379 peribunt"
3019 2327 3034 2378 ;
3064 2309 3118 2364 id
3150 2317 3255 2375 est,
3282 2322 3476 2363 omnes
3497 2307 3591 2377 qui
3615 2320 3726 2359 non

2132 2409 2262 2457 sunt
2289 2401 2523 2472 paciﬁci,
2557 2402 2652 2456 sed
2679 2402 2804 2456 belli
2831 2401 3221 2466 concitatores,
3258 2401 3312 2455 in
3343 2415 3408 2455 eo
3441 2398 3583 2453 bello
3609 2412 3729 2467 per-

2131 2494 2289 2550 ibunt
2332 2494 2476 2563 quod
2520 2495 2822 2561 concitant,
2867 2503 2927 2549 ut
2963 2495 3036 2549 sit
3076 2494 3130 2548 in
3164 2494 3246 2548 eis
3282 2492 3495 2562 gladius
3522 2500 3726 2560 myste-

2133 2587 2274 2642 rium
2315 2586 2440 2643 belli
2465 2595 2519 2642 et
2548 2587 2684 2642 litis.
2720 2586 2787 2641 Et
2819 2599 2952 2657 puto
2981 2586 3127 2657 quod
3166 2601 3359 2640 omnes
3399 2581 3721 2639 tumultuosi

2129 2687 2184 2734 et
2216 2678 2588 2733 concitatores
2628 2677 2895 2732 bellorum
2923 2718 2939 2743 ,
2987 2684 3041 2730 et
3087 2675 3478 2730 conturbantes
3509 2672 3727 2726 animus

2131 2766 2441 2831 hominum,
2478 2766 2718 2821 maxime
2748 2764 3144 2829 Ecclesiarum,
3173 2764 3451 2833 accipiunt
3480 2762 3725 2831 gladium

2130 2857 2184 2912 in
2213 2874 2324 2928 quo
2357 2869 2411 2914 et
2444 2859 2548 2929 ipsi
2583 2858 2869 2929 peribunt;
2918 2858 3181 2928 quoniam
3202 2856 3295 2926 qui
3322 2855 3457 2924 fodit
3495 2853 3723 2923 foveam,

2128 2952 2241 3025 ipse
2263 2954 2453 3007 incidit
2483 2954 2537 3006 in
2562 2969 2678 3007 eam
2705 2953 2758 3020 9;
2789 2951 3053 3021 quoniam
3083 2958 3413 3004 convertetur
3439 2946 3592 3000 dolor
3628 2961 3725 3001 eo-

2129 3062 2250 3101 rum
2298 3046 2350 3100 in
2393 3055 2554 3117 caput
2591 3045 2858 3116 ipsorum,
2891 3052 2946 3098 et
2970 3044 3228 3114 iniquitas
3267 3054 3459 3098 eorum
3490 3041 3544 3093 in
3576 3054 3725 3092 cere-

439 3131 567 3184 nisli
591 3134 830 3187 mecum?
862 3135 1053 3204 Accipe
1088 3137 1227 3206 quod
1266 3147 1417 3192 tuum
1449 3148 1570 3206 est,
1609 3148 1659 3193 et
1694 3140 1845 3195 vade.
1887 3138 2018 3196 Volo
2048 3152 2095 3218 ο
2129 3140 2281 3192 brum
2327 3153 2519 3194 eorum
2561 3135 2837 3191 descendet
2859 3136 2901 3190 ⁸.
2931 3135 3036 3191 Sed
3070 3143 3125 3189 et
3158 3133 3477 3204 simpliciter
3503 3129 3724 3185 audien-

437 3229 616 3276 autem
648 3232 695 3278 et
728 3223 850 3277 huic
879 3227 1161 3281 novissimo
1196 3227 1326 3282 dare
1347 3229 1484 3283 sicut
1518 3240 1568 3283 et
1603 3229 1700 3283 tibi
1721 3230 1787 3283 '9.

508 3313 633 3370 101.
678 3314 823 3369 Tunc
846 3319 1168 3385 accedentes,
1206 3336 1393 3373 manus
1433 3320 1721 3385 iniecerunt
1751 3323 1804 3374 in
1840 3320 2025 3376 Jesum

436 3415 488 3460 et
534 3414 811 3463 tenuerunt
851 3424 970 3463 eum
1004 3409 1043 3463 ί.
1096 3408 1228 3466 Post
1274 3412 1524 3467 osculum
1573 3412 1835 3468 continuo
1888 3413 2025 3467 nihil

436 3498 750 3557 differentes
780 3501 938 3557 turba
970 3503 1083 3565 illa,
1142 3502 1372 3558 forsitan
1398 3503 1649 3560 timentes
1683 3519 1752 3559 ne
1794 3504 1861 3560 de
1902 3520 2022 3559 ma-

437 3591 602 3648 nibus
649 3608 838 3649 eorum
872 3594 1096 3665 effugiat
1138 3594 1321 3658 Jesus,
1371 3612 1570 3652 manus
1620 3596 1927 3667 injecerunt
1968 3597 2023 3653 in

436 3698 584 3740 cum.
613 3682 680 3739 Et
697 3700 811 3739 ecce
824 3701 956 3740 unus
974 3702 1037 3740 ea:
1052 3686 1136 3740 his
1154 3686 1246 3757 qui
1254 3695 1404 3741 erant
1433 3703 1552 3741 cum
1575 3686 1725 3753 Jesu,
1744 3691 2023 3745 extendens

436 3792 676 3846 manum,
699 3778 893 3833 exemit
921 3779 1161 3850 gladium
1191 3796 1366 3847 suum,
1404 3792 1456 3835 et
1484 3783 1784 3851 percutiens
1817 3799 2023 3837 servum

434 3868 691 3940 principis
741 3870 1101 3940 sacerdotum,
1159 3875 1453 3942 amputavit
1505 3874 1806 3928 auriculam
1839 3874 1953 3944 ejus
1977 3878 2020 3931 ’.

440 3960 599 4019 Unus
638 3973 822 4020 autem
854 3981 1043 4021 eorum
1077 3967 1171 4037 qui
1204 3978 1512 4025 erantcum
1541 3969 1672 4027 Jesu
1706 4011 1721 4037 ,
1777 3972 2022 4028 nondum

437 4054 727 4112 manifeste
772 4058 1091 4129 concipiens
1129 4060 1272 4131 apud
1304 4077 1365 4116 se
1402 4066 1769 4136 evangelicum
1813 4065 2026 4135 patien-

437 4149 568 4203 tiam
599 4148 746 4205 illam
780 4150 1035 4207 traditam
1055 4153 1161 4209 sibi
1190 4170 1221 4210 a
1244 4152 1488 4223 Christo,
1518 4172 1620 4212 nec
1642 4172 1830 4227 pacem
1859 4172 2024 4227 quam

436 4241 588 4298 dedit
617 4242 904 4313 discipulis
933 4245 1071 4312 suis,
1105 4246 1200 4303 sed
1232 4249 1536 4304 secundum
1569 4258 1896 4320 potestatem
1929 4251 2027 4305 da-

436 4341 548 4387 tam
578 4331 782 4391 Judeeis
812 4351 909 4405 per
934 4336 1110 4407 legem
1136 4338 1205 4393 de
1234 4336 1474 4416 inimicis
1498 4382 1515 4408 ,
1563 4340 1867 4397 extendens
1912 4357 2026 4394 ma-

437 4437 569 4476 num
597 4425 808 4494 accepit
839 4427 1080 4497 gladium
1100 4469 1117 4495 ,
1173 4438 1228 4485 et
1260 4431 1533 4500 percussit
1564 4447 1783 4487 servum
1815 4433 2019 4503 princi-

436 4512 522 4583 pis
550 4516 901 4571 sacerdotum
927 4527 982 4573 et
1020 4522 1327 4592 amputavit
1363 4523 1667 4579 auriculam
1695 4523 1836 4594 ejus.
1871 4523 2025 4579 Sicut

435 4613 616 4659 autem
647 4606 783 4661 dicit
816 4606 1059 4668 Joannes
1091 4614 1134 4680 ³,
1168 4614 1218 4669 ei
1264 4614 1513 4669 dextram
1555 4616 1861 4673 auriculam
1902 4632 2023 4670 am-

435 4695 675 4764 putavit,
718 4699 863 4768 apud
912 4715 1076 4771 quem
1129 4713 1187 4759 et
1219 4719 1419 4761 nomen
1452 4707 1595 4762 servi
1622 4708 1846 4773 dicitur,
1895 4706 2023 4778 quia

434 4784 682 4845 Malchus
709 4791 1029 4848 vocabatur.
1063 4793 1128 4850 Et
1158 4795 1386 4852 forsitan
1413 4799 1557 4868 quod
1585 4799 1777 4871 agebat
1803 4798 2021 4866 Petrus,

435 4882 759 4951 mysterium
792 4894 932 4951 erat,
955 4887 1217 4955 quoniam
1245 4886 1466 4947 Iudaici
1492 4891 1678 4961 populi
1707 4890 1899 4946 dextra
1924 4905 2022 4944 au-

434 4972 589 5027 ditio.
634 4971 815 5030 fuerat
860 4978 1201 5047 amputanda
1256 4989 1481 5052 propter
1524 4980 1788 5035 malitiam
1832 4995 2026 5036 eorum

434 5062 865 5122 demonstratam
904 5069 960 5123 in
988 5068 1197 5126 Jesum.
1241 5073 1379 5128 Nam
1414 5073 1519 5129 etsi
1549 5073 1804 5129 videntur
1835 5073 2029 5129 audire

434 5157 608 5230 legem
640 5159 827 5226 modo,
860 5177 987 5217 cum
1020 5171 1249 5222 sinistro
1279 5166 1473 5222 auditu
1508 5167 1741 5222 audiunt
1774 5167 2024 5223 umbram

435 5250 746 5309 traditionis
788 5254 857 5309 de
908 5255 1047 5327 lege,
1101 5274 1212 5313 non
1241 5259 1547 5326 veritatem,
1581 5275 1708 5315 eum
1742 5260 1858 5315 sint
1880 5258 2027 5315 servi

435 5345 707 5402 sermonis
736 5348 1046 5417 protltentis
1081 5351 1371 5407 servitium
1407 5350 1524 5418 Dei,
1558 5369 1670 5409 non
1700 5361 1884 5410 autem
1911 5367 2029 5409 ser-

434 5433 633 5493 vientis
661 5436 715 5492 in
741 5439 992 5496 veritate.
1039 5438 1218 5511 Hujus
1248 5443 1520 5499 sermonis
1552 5443 1878 5514 mysterium
1909 5451 2027 5498 erat

746 5683 881 5753 xm,
914 5668 1005 5725 i8.
1080 5669 1343 5753 "MMatth.
1368 5687 1523 5753 gum,
1557 5670 1701 5753 50.”
1727 5670 1774 5703 ’⁸
1809 5668 2181 5753 Martyrium,
2215 5667 2305 5722 l2.
2480 5668 2615 5753 bisti

1830 5741 1851 5772 ⁸
1886 5738 2077 5794 Matth.
2135 5754 2299 5804 xxvr,
2346 5739 2436 5794 52.
2514 5740 2535 5771 ⁸
2575 5738 2618 5792 Ε
2659 5741 2774 5795 hes.
2811 5753 2884 5804 Vl,
2916 5738 3005 5793 Π.

1830 5826 1879 5865 lx
1905 5851 1919 5865 .
1948 5809 2001 5863 Ἰ.
2084 5810 2123 5842 ¹¹
2166 5809 2358 5865 Matth.
2396 5825 2557 5865 ιινι.
2763 5810 2805 5843 θ’
2845 5825 2920 5865 ιι.
2954 5809 3005 5865 12

2221 5825 2358 5865 attu.
2396 5825 2524 5865 xxvr
2540 5848 2557 5878 ,

434 5730 456 5806 ξ
492 5731 624 5806 i_|_tid_.
664 5730 753 5790 5L
856 5730 878 5770 ³
918 5756 1085 5806 xvm,
1118 5740 1204 5796 10.
1306 5743 1328 5773 ⁵
1367 5740 1474 5797 lsa.
1510 5730 1598 5803 vi,
1635 5740 1722 5794 10.

434 5800 457 5832 ⁸
492 5799 669 5858 Eccle.
702 5821 766 5870 κ,
800 5807 853 5861 8.
931 5811 950 5841 ⁹
990 5799 1137 5866 l’sal.
1172 5827 1244 5868 vn
1268 5851 1284 5879 ,
1321 5811 1406 5867 l7.
1488 5811 1537 5842 ³*
1569 5799 1716 5868 Psal.
1752 5826 1879 5866 LXIX
1905 5851 1919 5879 ,
1948 5809 2001 5863 7-

2128 3241 2208 3286 tes
2247 3230 2394 3300 quod
2438 3231 2612 3285 dicit:
2656 3227 2761 3291 Qui
2794 3228 3062 3296 accipiunt
3093 3227 3333 3297 gladium
3368 3224 3549 3295 gladio
3598 3238 3721 3290 pcr-

2127 3324 2301 3387 ibunt,
2333 3337 2527 3377 cavere
2554 3336 2655 3374 nos
2688 3321 2967 3386 convenit,
3008 3327 3067 3373 ut
3107 3334 3177 3373 ne
3206 3317 3495 3372 occasione
3517 3314 3725 3367 militia:

2126 3423 2222 3467 aut
2282 3412 2540 3465 vindictae.
2603 3409 2949 3479 propriarum
3019 3407 3345 3475 iniuriarum
3413 3406 3721 3459 eximamus

2126 3502 2391 3576 gladium,
2421 3500 2602 3556 autob
2628 3499 2868 3569 aliquam
2899 3497 3271 3560 occasionem,
3301 3509 3465 3565 quam
3497 3508 3720 3547 omnem

2125 3594 2440 3667 evangelica
2470 3592 2819 3648 abominatur
2845 3592 2959 3645 haec
2975 3589 3183 3644 Christi
3218 3588 3488 3651 doctrina,
3526 3585 3723 3654 praeei-

2125 3689 2283 3760 piens
2313 3697 2377 3743 ut
2401 3687 2737 3757 impleamus
2765 3684 2910 3756 quod
2953 3683 3222 3752 scriptum
3243 3688 3328 3736 est
3356 3681 3397 3713 ιο
3426 3698 3440 3735 :
3471 3680 3606 3734 Cum
3636 3680 3723 3732 his

2125 3778 2219 3850 qui
2271 3779 2497 3832 oderunt
2542 3791 2725 3845 pacem
2782 3791 2928 3829 eram
2963 3773 3243 3843 paciﬁcus.
3306 3770 3361 3825 Si
3412 3786 3541 3841 ergo
3594 3786 3725 3827 cum

2126 3869 2441 3925 odientibus
2480 3884 2667 3940 pacem
2702 3868 2968 3923 debemus
3009 3880 3134 3920 esse
3173 3863 3412 3934 paciﬁci,
3459 3863 3726 3919 adversus

2128 3963 2403 4017 neminem
2453 3961 2634 4032 gladio
2682 3960 2761 4014 uti
2811 3958 3096 4015 debemus.
3148 3955 3223 4011 Ita
3250 3955 3463 4021 volens,
3492 3956 3560 4009 ad
3593 3971 3720 4011 eum

2127 4053 2222 4124 qui
2256 4068 2366 4107 non
2397 4053 2663 4107 didicerat
2687 4052 2918 4120 loquens
2944 4091 2958 4116 ,
2994 4064 3111 4112 ,nos
3136 4048 3335 4103 docere
3369 4062 3560 4102 omnes
3586 4065 3696 4117 quo

2126 4145 2275 4199 niam
2297 4144 2485 4200 volens
2504 4145 2726 4199 tradidit
2748 4143 3109 4212 semetipsum
3135 4155 3234 4210 pro
3256 4141 3417 4195 nobis
3440 4142 3720 4205 omnibus,

2127 4236 2336 4292 addidit
2369 4245 2424 4291 et
2459 4236 2593 4290 dicit
2621 4238 2662 4268 “
2699 4254 2713 4291 :
2753 4237 2834 4289 An
2874 4244 3032 4304 putas
3070 4235 3320 4304 quoniam
3371 4251 3475 4288 non
3506 4251 3722 4303 possunt

2128 4328 2286 4382 modo
2318 4344 2506 4397 rogare
2534 4326 2753 4381 Patrem
2795 4344 2989 4393 meum,
3021 4337 3069 4379 et
3106 4325 3367 4379 exhibebit
3417 4326 3547 4379 mihi
3585 4325 3726 4395 plus-

2129 4437 2295 4490 quam
2351 4420 2633 4473 duodecim
2697 4419 2925 4490 legiones
2990 4418 3342 4490 angelorum?
3374 4427 3634 4488 tanquant
3676 4419 3722 4471 si

2058 4494 2101 4548 Ῐ)
2130 4511 2276 4566 dicat
2306 4529 2319 4565 ε
2350 4508 2432 4563 Tu
2461 4510 2683 4580 quidem
2715 4510 2794 4565 sic
2820 4509 3062 4582 gladium
3095 4507 3385 4573 exemisti,
3411 4517 3466 4564 et
3494 4523 3723 4579 percus-

2130 4602 2251 4658 sisti
2287 4603 2550 4673 principis
2579 4618 2823 4667 servum,
2876 4602 3036 4672 quasi
3084 4602 3219 4657 mihi
3267 4602 3532 4657 auxilium
3583 4616 3724 4670 pra:-

2130 4703 2320 4763 stans;
2347 4710 2450 4764 ego
2478 4704 2660 4749 autem
2694 4695 2742 4751 si
2767 4695 3088 4763 voluissem,
3117 4707 3367 4766 poteram
3398 4708 3600 4765 regans
3628 4690 3725 4745 Pa-

2129 4798 2266 4843 trem
2305 4804 2411 4843 non
2452 4787 2754 4841 humanum
2792 4787 3060 4841 auxilium
3098 4787 3425 4857 impetrare,
3470 4782 3564 4839 scd
3600 4796 3719 4834 me-

2127 4881 2352 4947 liorum,
2384 4879 2436 4936 id
2464 4889 2549 4935 est
2575 4879 2893 4950 angelorum
2917 4921 2933 4945 ,
2964 4895 3068 4935 nec
3095 4881 3280 4945 unius,
3310 4877 3403 4931 sed
3428 4875 3717 4945 plusquam

2132 4972 2421 5031 duodecim
2445 4972 2743 5044 legionum.
2776 4971 2857 5027 Ex
2890 4972 2995 5028 hoc
3017 4972 3430 5027 demonstratur
3455 4963 3720 5035 quoniam

2133 5067 2436 5123 secundum
2479 5065 2649 5136 908
2689 5064 3096 5120 multitudinem
3136 5060 3453 5131 angelorum
3503 5055 3721 5129 [simili-

2131 5159 2375 5215 tudinem
2408 5157 2710 5231 legionum]
2737 5158 2944 5213 militiae
2967 5154 3283 5220 mundialis,
3317 5161 3448 5208 sunt
3473 5161 3527 5207 et
3556 5166 3721 5222 ange-

2131 5253 2309 5309 lorum
2344 5252 2588 5323 legiones
2621 5252 2831 5308 militiaa
2857 5250 3119 5316 cmlestis,
3153 5247 3504 5303 militantium
3530 5254 3721 5300 contra

2129 5346 2372 5419 legiones
2415 5346 2730 5401 daemonum
2771 5338 3141 5400 habitantium
3183 5343 3237 5395 in
3268 5339 3553 5410 sepulcris.
3584 5337 3720 5392 Nam

2127 5448 2180 5494 et
2212 5438 2354 5509 apud
2394 5437 2600 5495 Lucam
2655 5440 2700 5470 ¹²
2743 5435 3039 5493 multitudo
3082 5433 3292 5490 militiae
3339 5432 3580 5490 caelestis
3610 5446 3720 5497 au-

3148 5662 3394 5743 ‘_”_Mat‘th.
3431 5678 3557 5718 xxvt
3580 5701 3597 5728 ,

2394 5670 2441 5701 ”
2480 5668 2669 5724 Matth.
2718 5684 2787 5721 xx
2813 5708 2828 5732 ,
2864 5666 2949 5726 15..
2980 5667 3069 5722 Ut.
3148 5666 3394 5720 "Matth.
3431 5678 3557 5718 xxvr
3580 5701 3597 5728 ,
3628 5666 3717 5717 50.

2394 5740 2436 5793 ξ.
2514 5740 2535 5771 ⁸
2575 5738 2774 5793 Enhes.
2811 5738 3005 5793 v1.17.
3109 5745 3129 5776 ⁷
3169 5735 3369 5793 Matth.
3424 5749 3581 5793 χχιι,
3627 5730 3721 5789 52.

3347 5775 3369 5792 ι
3424 5772 3581 5799 nava,

2665 5849 2681 5865 .
2763 5809 3041 5879 "11,13.
