4112 6472
442 353 584 411 1755

1580 350 2241 413 COMMENTARIORUM
2284 352 2550 411 SERIES.

3574 367 3715 422 17⁸51

437 473 552 528 dita
585 478 671 527 est
690 450 1032 527 laudantium
1069 469 1238 526 Deum
1275 447 1495 541 propter
1536 470 1741 527 Christi
1766 471 2023 525 nativita-
2051 470 2098 526 Α
2128 468 2478 527 manifestum
2513 477 2596 525 est
2628 472 2886 529 omnibus
2923 477 3382 545 cognoscentibus
3408 491 3519 535 me.
3555 478 3712 546 Quo-

445 570 578 619 tet‘n.
607 560 664 617 Si
696 571 880 617 autem
919 562 1212 616 multitudo
1244 562 1452 616 militias
1479 563 1718 619 emlestis
1749 572 1868 617 erat
1904 563 2024 616 lan-

442 656 689 711 dantium
726 653 921 721 Deum,
953 654 1143 708 militia
1170 663 1352 709 autem
1381 656 1564 711 omnis
1590 664 1808 726 psopter
1832 654 2024 710 adver-

444 747 621 802 sarios
664 746 988 817 intelligitur
1036 745 1359 809 constituta,
1417 755 1817 816 consequenter
1843 755 1897 800 et
1932 745 2020 800 illa

446 839 639 893 militia
667 847 888 909 propter
914 836 1262 893 adversarios
1292 837 1487 891 militat
1522 837 1650 891 Deo.
1703 836 1808 892 Sed
1855 838 2021 892 etiam

443 928 614 984 lacob
659 929 840 983 locum
897 927 1133 997 aliquem
1188 927 1398 982 vocavit
1442 937 1624 982 castra
1692 925 1908 982 Domini
1954 928 2018 993 ω,

443 1019 701 1089 quoniam
736 1018 986 1072 militiam
1018 1018 1130 1073 illic
1157 1018 1370 1088 aspexit
1406 1018 1748 1088 angelorum.
1803 1017 1870 1072 Et
1903 1018 2024 1073 ubi-

441 1124 660 1178 cunque
693 1118 822 1164 sunt
858 1107 1028 1164 Deum
1060 1109 1347 1176 timentes,
1383 1109 1529 1164 circa
1560 1123 1656 1164 eos
1688 1116 1818 1163 sunt
1843 1118 2023 1163 castra

440 1199 778 1269 angelorum.
817 1198 1077 1253 Immittet
1110 1200 1255 1255 enim
1305 1199 1522 1270 angelus
1572 1200 1784 1253 Domini
1825 1202 1881 1253 in
1911 1201 2021 1254 cir-

439 1292 589 1344 cuitu
612 1292 912 1345 timentium
936 1307 1077 1358 cum,
1097 1300 1146 1345 et
1173 1292 1357 1360 eripiet
1381 1308 1467 1345 eos
1501 1291 1571 1359 “;
1597 1292 1740 1346 sicut
1767 1290 1936 1347 fuisse
1965 1300 2020 1347 et

438 1382 587 1437 circa
619 1381 873 1437 Elisaeum
897 1382 1061 1438 refert
1088 1383 1223 1438 liber
1241 1382 1554 1454 Regnorum
1581 1384 1643 1438 "‘.
1669 1381 1732 1437 Et
1754 1382 1970 1437 attende
2006 1400 2020 1435 :

440 1483 603 1544 putas
633 1475 794 1544 quasi
821 1475 1028 1546 angelis
1059 1476 1289 1531 inferior
1323 1474 1595 1540 Salvator,
1647 1485 1743 1530 aut
1774 1476 2023 1547 indigens

438 1568 644 1622 auxilio
670 1568 987 1638 angelorum
1016 1568 1235 1623 dicebat
1263 1587 1279 1623 :
1312 1569 1393 1623 An
1425 1577 1584 1638 putas
1614 1569 1743 1638 quia
1771 1584 1876 1621 non
1903 1583 2025 1636 pos-

439 1676 558 1715 sum
590 1675 776 1729 rogare
798 1658 1014 1713 Patrem
1059 1675 1256 1723 nteant,
1300 1669 1351 1715 et
1404 1659 1669 1714 exhibebit
1713 1660 1844 1713 mihi
1873 1658 2023 1728 plus-

439 1766 598 1820 quam
626 1748 902 1803 duodecim
947 1749 1177 1820 legiones
1219 1750 1572 1822 angelorum?
1604 1750 1715 1805 Aut
1755 1750 1895 1805 forte
1933 1766 2023 1805 se-

442 1842 682 1897 cundum
728 1842 1193 1897 existimationem
1225 1840 1371 1897 Petri
1398 1842 1631 1898 volentis
1663 1842 1712 1897 ei
1755 1844 2019 1897 auxilium

442 1934 607 2000 ferre,
655 1942 710 1989 et
758 1934 996 2004 gladium
1022 1935 1354 2005 proferentis
1379 1979 1392 2002 ,
1422 1943 1476 1989 et
1505 1936 1840 2004 amputantis
1873 1936 2023 1990 auri-

441 2025 620 2080 culam
669 2026 834 2088 servi,
888 2026 1017 2081 talia
1059 2036 1143 2082 est
1187 2027 1442 2082 loeutus?
1468 2027 1639 2097 lllagis
1667 2030 1812 2082 enim
1846 2029 2023 2098 angeli

439 2129 581 2186 opus
629 2116 830 2171 habent
870 2118 1076 2173 auxilio
1107 2118 1372 2188 unigeniti
1404 2116 1527 2171 Filii
1556 2118 1676 2185 Dei,
1720 2134 1884 2189 quam
1910 2120 2025 2189 ipse

442 2206 683 2262 illorum.
738 2206 968 2277 Propter
1012 2209 1115 2264 hoc
1143 2218 1197 2264 et
1228 2211 1372 2274 quod
1412 2210 1673 2264 scribitur
1707 2228 1721 2263 :
1758 2209 2024 2274 Quoniam

443 2297 645 2368 angelis
672 2299 783 2352 suis
810 2299 1082 2353 mandavit
1113 2299 1177 2353 de
1201 2308 1281 2364 te,
1314 2308 1373 2352 ut
1405 2301 1709 2353 custodiant
1741 2307 1788 2353 te
1820 2301 1873 2353 in
1907 2315 2023 2354 om-

443 2389 596 2445 nibus
623 2390 719 2444 riis
758 2391 862 2443 tuis
888 2391 956 2456 ¹⁶,
988 2406 1098 2445 non
1133 2391 1201 2445 de
1231 2389 1370 2444 Filio
1397 2390 1489 2446 Dei
1516 2391 1799 2462 unigenito
1821 2390 2022 2446 intelli-

438 2481 589 2551 gitur
631 2482 861 2549 dietum,
911 2482 1006 2538 sed
1058 2490 1153 2536 aut
1192 2482 1245 2535 in
1278 2497 1512 2553 persona
1540 2482 1747 2537 Christi
1775 2483 1842 2537 de
1869 2482 2020 2537 omni

442 2574 562 2629 viro
590 2574 743 2645 justo
780 2590 943 2643 quem
985 2574 1240 2630 Christus
1267 2574 1516 2644 portabat
1551 2574 1605 2628 in
1635 2589 1866 2643 corpore
1895 2588 2019 2640 suo,

438 2676 535 2722 aut
563 2667 630 2722 de
658 2666 880 2721 Christo
921 2666 1222 2721 secundum
1269 2666 1564 2720 humanam
1600 2665 1720 2734 ejus
1745 2674 2021 2719 naturam.

441 2757 686 2827 Denique
731 2767 786 2812 et
839 2756 982 2826 quod
1011 2757 1142 2812 dicit
1176 2757 1218 2789 ¹⁷
1250 2774 1263 2811 :
1295 2755 1565 2810 Liberabit
1609 2767 1657 2810 te
1705 2773 1737 2809 a
1768 2757 1925 2809 ruina
1973 2765 2024 2809 et

439 2850 702 2906 demonio
753 2850 1094 2914 meridiano,
1162 2865 1508 2919 nequaquam
1567 2850 1820 2903 convenit
1886 2848 2024 2902 Filio

441 2944 557 2999 Dei.
592 2943 697 2998 Sed
718 2952 775 2999 et
807 2944 955 3014 quod
985 2943 1117 2998 dicit
1148 2942 1193 2975 ⁸⁸
1225 2962 1238 2998 :
1278 2941 1401 2996 Non
1429 2942 1635 2996 timebis
1661 2960 1693 2996 a
1722 2944 1906 2996 timore
1930 2958 2023 2994 no-

440 3049 651 3104 cturno,
682 3053 715 3090 a
746 3037 943 3107 sagitta
969 3036 1178 3091 volante
1206 3051 1298 3105 per
1320 3035 1457 3088 diem
1478 3076 1493 3101 ,
1523 3052 1555 3088 η
1582 3035 1789 3105 negotio
1812 3049 2024 3103 perant-

438 3127 654 3182 bulante
696 3129 753 3181 in
801 3127 1047 3193 tenebris,
1075 3127 1248 3198 magis
1270 3127 1523 3180 convenit
1546 3126 1834 3196 virojusto
1856 3140 2018 3194 quam
2048 3156 2092 3214 ο

439 3217 580 3272 Filio
610 3216 726 3272 Dei.
780 3217 916 3272 Cum
964 3234 1095 3287 ergo
1143 3225 1332 3286 posset
1357 3216 1603 3286 accipere
1637 3216 1896 3286 legiones,
1926 3231 2023 3269 no-

438 3307 584 3363 lebat
616 3309 883 3378 accipere,
925 3317 985 3362 ut
1017 3323 1114 3377 per
1138 3308 1453 3376 patientiam
1501 3308 1621 3377 ejus
1667 3306 2025 3376 implercntur

440 3400 738 3470 Scriptura:
788 3399 1178 3469 prophetantes
1207 3400 1273 3455 de
1316 3400 1465 3469 ipsof,
1498 3398 1759 3468 quoniam
1793 3397 1866 3451 ita
1894 3411 2021 3451 eum

438 3489 547 3560 pati
569 3490 950 3545 conveniebat.

514 3582 637 3636 105.
670 3582 735 3636 In
766 3582 864 3635 illa
896 3582 1029 3636 liora
1056 3582 1194 3636 dixit
1216 3580 1375 3636 Iesus
1402 3581 1472 3634 ad
1507 3580 1687 3633 turbas
1717 3595 1735 3631 :
1771 3577 1923 3632 Sicut
1951 3578 2022 3632 ad

443 3676 707 3729 latronem
744 3676 929 3729 existis
962 3692 1082 3729 cum
1116 3675 1310 3745 gladiis
1339 3682 1388 3727 et
1422 3672 1650 3742 fustibus
1690 3671 2023 3739 comprehen-

439 3766 561 3821 dere
589 3783 706 3831 me;
756 3766 992 3834 quotidie
1038 3765 1180 3834 apud
1220 3782 1307 3818 vos
1332 3765 1385 3816 in
1428 3764 1618 3831 templo
1650 3762 1892 3817 sedebam
1926 3759 2021 3813 do-

438 3872 582 3922 cens,
632 3864 682 3909 et
728 3870 831 3907 non
885 3854 1128 3908 tenuistis
1172 3869 1252 3906 me
1280 3853 1344 3907 ιο.
1386 3850 1650 3906 Voluntas
1684 3865 1872 3904 eorum
1900 3864 2021 3917 qua:

440 3946 494 4001 in
528 3947 633 4002 hoc
665 3946 786 3999 loco
815 3944 1093 4010 dicuntur,
1125 3944 1252 3998 talis
1279 3943 1414 3997 mihi
1446 3943 1679 4009 videtur,
1710 3942 1854 4011 quod
1889 3942 2021 3996 dicit

441 4037 693 4093 Salvator
731 4038 799 4093 ad
840 4037 1031 4092 turbas
1066 4055 1080 4092 :
1119 4034 1176 4090 Si
1214 4036 1338 4105 quis
1363 4035 1630 4089 latronem
1666 4036 1779 4090 vult
1813 4045 2017 4101 tenere,

440 4147 551 4187 non
584 4142 668 4186 est
699 4130 1063 4199 incongruum
1095 4144 1219 4183 cum
1253 4128 1448 4199 gladiis
1480 4137 1534 4182 et
1571 4127 1808 4182 fustibus
1834 4127 2022 4183 venire

439 4225 506 4279 ad
552 4239 699 4289 eum,
745 4223 871 4294 quia
925 4222 1049 4276 talis
1099 4232 1184 4276 est
1236 4229 1288 4275 et
1322 4220 1460 4276 latro
1495 4229 1553 4275 ut
1587 4221 1769 4274 omnia
1802 4221 2018 4288 audeat,

437 4317 739 4371 dummodo
773 4314 910 4369 nihil
940 4314 1066 4368 mali
1095 4313 1366 4383 patiatur;
1421 4322 1474 4367 et
1524 4314 1569 4368 si
1612 4321 1813 4383 potest,
1856 4328 2020 4382 para-

439 4419 527 4464 tus
554 4417 639 4463 est
675 4406 855 4477 gladio
886 4406 963 4461 uti
999 4413 1054 4461 et
1085 4404 1226 4460 fuste
1259 4406 1523 4460 adversus
1561 4407 2022 4475 comprehendere

2124 562 2288 616 modo
2322 572 2503 617 autem
2536 573 2591 618 et
2637 580 2744 619 non
2771 567 2905 621 estis
2948 567 3143 637 plscati
3168 570 3413 638 quotidie
3452 587 3712 641 perman-

2126 651 2337 706 sionem
2361 668 2542 707 meam
2573 654 2819 710 videntes
2844 657 2897 710 in
2923 657 3124 727 templo
3154 656 3270 726 Dei,
3296 671 3351 715 et
3380 663 3709 732 praebentem

2124 758 2214 798 me
2239 745 2497 800 omnibus
2521 746 2831 802 volentibus
2867 765 2953 803 me
2980 750 3193 815 audire,
3228 758 3290 806 ut
3318 753 3709 824 coniungerent

2123 850 2219 890 eos
2250 837 2381 890 mihi
2426 837 2494 891 ad
2533 838 3004 906 prodilicationem
3047 857 3237 897 eorum
3269 858 3368 913 per
3397 845 3624 900 verbum
3659 858 3715 902 et

2124 928 2293 983 vitam
2333 930 2400 984 ad
2446 931 2841 987 beatitudinem
2892 933 3024 989 Dei?
3054 935 3163 989 Ant
3187 945 3315 992 tunc
3344 937 3565 1006 quidem
3602 955 3710 994 non

2124 1022 2380 1078 tenuistis
2425 1039 2513 1079 me
2558 1025 2801 1082 videntes
2847 1026 3135 1083 docentem
3163 1038 3218 1084 et
3253 1030 3392 1084 nihil
3419 1030 3711 1087 facientem

2123 1112 2349 1183 dignum
2401 1116 2595 1184 reatui,
2652 1133 2800 1174 nunc
2853 1129 3035 1175 autem
3093 1122 3252 1191 quasi
3306 1132 3576 1179 mutatum
3625 1141 3715 1180 me

2124 1205 2473 1273 existimatis,
2511 1219 2571 1264 ut
2606 1210 2766 1279 quasi
2795 1211 3064 1267 latronem
3095 1214 3294 1270 debere
3324 1218 3712 1285 comprehendi

2126 1297 2370 1367 putetis?
2424 1299 2530 1356 Sed
2558 1318 2659 1357 nec
2682 1304 2735 1357 in
2769 1304 2873 1359 hoc
2904 1306 3257 1361 occasionem
3291 1308 3529 1378 aliquam
3562 1310 3715 1364 inve-

2129 1389 2283 1455 nitis,
2320 1391 2481 1460 quasi
2516 1393 2582 1447 ad
2615 1395 2842 1450 verbum
2875 1407 3147 1452 mutatum
3172 1399 3242 1453 ab
3273 1400 3354 1456 eis
3372 1416 3495 1470 qua:
3523 1402 3578 1456 in
3600 1402 3711 1473 pri-

2124 1480 2230 1536 mis
2275 1497 2669 1552 proposueram
2711 1488 2973 1556 prodesse
3001 1490 3314 1547 volentihus
3340 1494 3520 1549 verbis
3544 1503 3596 1549 et
3624 1494 3707 1549 fa-

2125 1573 2248 1629 ctis.
2299 1572 2367 1627 Et
2399 1575 2519 1629 vide
2547 1585 2836 1646 postquam
2869 1579 3007 1635 dixit
3038 1584 3106 1636 ad
3141 1581 3363 1638 Petrum
3404 1601 3419 1640 :
3467 1583 3712 1640 Reconde

2126 1665 2364 1735 gladium
2393 1676 2540 1722 tuum
2563 1670 2618 1722 in
2643 1672 2847 1724 thecam
2870 1688 3024 1726 suam
3043 1674 3110 1740 ὀ,
3133 1678 3277 1743 quod
3304 1684 3387 1731 est
3408 1676 3709 1746 patientiae:

2129 1766 2416 1826 postquam
2453 1759 2760 1814 auriculam
2785 1762 3030 1816 restituit
3057 1773 3420 1832 amputatam,
3458 1767 3600 1821 sicut
3630 1768 3715 1821 al-

2131 1854 2209 1900 ter
2239 1847 2373 1902 dicit
2400 1849 2757 1918 evangelista,
2802 1850 2949 1919 quod
2990 1859 3045 1904 et
3085 1866 3316 1906 summie
3365 1854 3714 1924 benignitatis

2129 1937 2393 1993 indicium
2430 1938 2608 1994 fuerat
2637 1938 2844 2009 pariter
2870 1951 2925 1995 et
2952 1941 3151 1999 divina;
3176 1945 3414 2011 virtutis,
3455 1956 3584 2002 tunc
3608 1948 3711 2003 ista

2126 2028 2290 2083 verba
2326 2029 2541 2084 locutus
2590 2042 2699 2094 est,
2747 2041 2809 2086 ut
2850 2032 3028 2088 ﬁdelia
3076 2033 3391 2089 viderentur
3413 2050 3478 2089 ex
3514 2051 3714 2104 prame-

2127 2117 2382 2172 dentibus
2411 2119 2596 2174 verbis
2626 2129 2681 2175 et
2711 2119 2894 2189 factis,
2947 2132 3008 2177 ut
3045 2124 3091 2179 si
3117 2126 3390 2194 praeterita
3430 2126 3713 2185 benefacta

2128 2223 2239 2263 non
2271 2216 2654 2278 recordantur,
2685 2213 2767 2266 vel
2794 2216 3084 2283 praesentia
3113 2228 3533 2287 recognoscant.

2199 2299 2325 2356 104.
2374 2301 2490 2356 Hoc
2520 2311 2699 2357 autem
2735 2314 2901 2358 totum
2926 2306 3127 2375 factum
3153 2319 3252 2374 est,
3287 2320 3345 2363 ut
3372 2311 3717 2381 implerentur

2128 2389 2423 2461 Scriptura:
2473 2395 2852 2463 prophetarum
2896 2398 2963 2452 de
3013 2399 3321 2468 ltujusmodi
3368 2404 3434 2456 ¹¹.
3486 2402 3712 2457 Multum

2127 2493 2311 2539 autem
2359 2493 2444 2539 est
2482 2501 2630 2540 nunc
2661 2487 2864 2557 eligere
2902 2488 2970 2543 de
3010 2492 3330 2558 prophetis,
3373 2494 3554 2562 qualia
3593 2509 3717 2563 quae

2126 2586 2258 2632 tunc
2300 2577 2521 2647 impleta
2583 2588 2711 2634 sunt
2763 2580 2980 2650 eloquia
3036 2583 3450 2653 prophetarum,
3493 2587 3715 2653 quando

2129 2668 2243 2723 haec
2282 2683 2341 2723 se
2384 2670 2493 2738 pati
2526 2670 2781 2726 Christus
2814 2671 3032 2727 dicebat
3070 2692 3082 2727 :
3113 2682 3168 2729 et
3203 2675 3435 2731 studiosi
3473 2676 3713 2730 hominis

2124 2768 2208 2815 est
2238 2769 2292 2815 et
2319 2762 2488 2816 multa
2519 2762 2744 2817 scientis
2768 2777 3103 2835 congregare
3126 2767 3292 2821 verba
3321 2767 3708 2837 prophetarum

2126 2867 2250 2920 quae
2287 2861 2415 2907 sunt
2448 2853 2689 2922 impleta.
2743 2852 2808 2907 Et
2853 2854 2908 2908 in
2942 2856 3244 2911 centesimo
3273 2870 3468 2912 octavo
3500 2859 3713 2927 psalmo

2127 2942 2266 2997 forte
2280 2944 2538 3013 pleraque
2552 2943 2796 2999 invenies
2811 2946 3190 3001 convenientia
3210 2947 3328 3003 istis
3341 2948 3435 3017 qui
3451 2961 3713 3003 venerunt

2125 3050 2251 3089 cum
2297 3032 2436 3088 Juda
2476 3035 2940 3103 comprehendere
2968 3034 3181 3103 Jesum,
3225 3037 3367 3091 sicut
3411 3046 3465 3092 et
3511 3037 3615 3091 alia
3645 3039 3714 3092 de

2124 3124 2264 3180 Juda
2298 3126 2351 3179 in
2384 3125 2573 3180 eodem
2610 3126 2757 3181 dicta
2784 3136 2915 3182 sunt
2945 3128 3157 3197 psalmo
3188 3147 3200 3183 :
3243 3128 3388 3183 Tunc
3416 3127 3578 3183 simul
3600 3146 3711 3183 om-

2126 3233 2214 3270 nes
2241 3217 2493 3269 derelicto
2509 3232 2567 3269 eo
2598 3217 2846 3285 fugerunt
2869 3221 2938 3271 “.
2972 3216 3253 3273 Timentes
3275 3234 3405 3289 ergo
3435 3221 3626 3274 turbas
3657 3229 3714 3275 et

2128 3305 2426 3378 principem
2455 3322 2646 3360 eorum
2674 3304 2896 3372 Judam,
2924 3307 3196 3377 fugerunt.
3223 3307 3334 3364 Nec
3365 3311 3510 3365 enim
3546 3311 3714 3365 halic-

2125 3398 2259 3452 bant
2288 3396 2470 3452 adhuc
2507 3395 2796 3466 Spiritum,
2820 3399 3072 3466 quoniam
3094 3396 3251 3453 Jesus
3278 3401 3510 3454 nondum
3536 3402 3712 3469 fuerat

2125 3489 2505 3559 honoriﬁcatus
2525 3488 2594 3555 ",
2627 3503 2728 3543 nec
2766 3489 3032 3558 Spiritum
3060 3491 3281 3546 virtutis
3316 3502 3368 3545 et
3403 3493 3706 3546 charitatis.

2124 3578 2298 3645 Quem
2323 3579 2368 3633 si
2404 3578 2727 3633 habuissent
2747 3616 2762 3640 ,
2793 3595 2901 3647 non
2929 3589 3116 3634 essent
3148 3580 3406 3635 infirmati
3428 3622 3444 3647 ,
3474 3598 3576 3637 nec
3607 3584 3709 3637 ali-

2123 3670 2253 3739 quid
2281 3668 2429 3723 aliud
2455 3677 2610 3723 extra
2646 3669 2886 3722 divinam
2924 3669 3245 3724 charitatem
3275 3671 3533 3740 egissent.

2194 3759 2317 3813 105.
2349 3757 2418 3810 Et
2444 3757 2526 3810 illi
2554 3768 2786 3812 tenentes
2813 3756 3024 3823 Iesum,
3049 3758 3315 3812 duxerunt
3352 3761 3422 3813 ad
3449 3760 3708 3831 Caipltam

2121 3851 2411 3920 principem
2439 3849 2797 3914 sacerdotum,
2836 3849 2923 3902 ubi
2952 3847 3155 3905 Scriba:
3186 3860 3235 3904 et
3259 3854 3488 3907 seniores
3525 3870 3702 3908 conve-

2126 3942 2337 3996 niebant
2365 3940 2431 3994 ’⁸.
2461 3940 2714 3995 Arbitror
2740 3941 2886 3994 enim
2908 3984 2920 4006 ,
2951 3942 3210 4009 quoniam
3246 3959 3429 3997 sermo
3466 3945 3706 4000 deservi-

2124 4033 2289 4089 tionis
2322 4031 2598 4097 Judaicm,
2635 4047 2745 4102 quo
2781 4049 2928 4088 nunc
2956 4034 3197 4088 derelicti
3232 4035 3509 4092 deservire
3539 4039 3704 4107 proli-

2124 4132 2327 4187 tentur,
2368 4123 2606 4193 Caiphas
2630 4133 2731 4189 est,
2761 4124 2855 4193 qui
2889 4124 3163 4180 adversus
3196 4127 3476 4182 veritatem
3510 4129 3706 4185 militat

2120 4214 2250 4271 Jesu
2283 4215 2374 4285 qui
2402 4216 2603 4270 dicitur
2633 4215 2886 4285 princeps
2909 4217 3280 4271 sacerdotum.
3304 4215 3465 4273 Jesus
3491 4229 3698 4283 autem,

2123 4309 2423 4363 secundum
2474 4308 2796 4373 veritatem,
2854 4307 3108 4361 sacerdos
3154 4317 3239 4363 est
3292 4306 3530 4363 Verbum
3584 4310 3703 4375 Dei,

2123 4400 2226 4455 sub
2268 4414 2378 4468 quo
2424 4396 2706 4453 constituti
2759 4404 2889 4451 sunt
2933 4410 3126 4450 omnes
3173 4397 3267 4467 qui
3301 4401 3704 4468 acceptabiliter

438 4517 497 4557 se
541 4500 808 4566 volentes,
854 4498 1033 4569 potius
1061 4513 1224 4569 quam
1260 4506 1319 4551 ut
1353 4497 1494 4553 ultro
1526 4497 1703 4552 tradat
1725 4513 1783 4553 se
1814 4499 1866 4553 in
1902 4514 2018 4553 ma-
2051 4505 2095 4564 υ
2123 4490 2369 4546 servi-unt
2405 4489 2515 4544 Deo
2541 4487 2711 4542 Patri.
2740 4485 2844 4541 Ubi
2873 4495 3054 4541 autem
3081 4486 3317 4559 Caiphas
3346 4501 3430 4545 est
3452 4492 3707 4563 princeps

438 4610 543 4649 nus
573 4608 783 4649 eorum.
818 4591 931 4662 Ego
966 4600 1147 4646 autem
1178 4591 1321 4661 quod
1355 4606 1461 4645 non
1493 4605 1614 4644 smn
1641 4590 1794 4656 talis,
1824 4605 2016 4645 omnes

436 4687 531 4757 qui
571 4695 700 4742 sunt
729 4685 781 4738 in
811 4682 997 4739 Iudaea
1034 4685 1238 4748 sciunt,
1266 4682 1359 4737 alii
1400 4681 1620 4752 quidem
1651 4682 1898 4737 videntes
1920 4683 2016 4738 do-

436 4778 671 4835 ctrinam
705 4792 879 4832 meam
916 4784 971 4830 et
1018 4790 1181 4846 Opera
1218 4790 1359 4836 mea,
1406 4773 1496 4828 alii
1552 4784 1733 4828 autem
1767 4774 2012 4828 auditum

437 4871 699 4926 habentes
725 4869 791 4923 de
815 4883 922 4935 me,
954 4877 1049 4922 aut
1080 4865 1548 4921 conversationem
1579 4880 1755 4919 meam
1785 4880 2016 4935 sequen-

438 4972 549 5029 tes;
575 4960 839 5033 quoniam
872 4959 1120 5030 quotidie
1143 4959 1337 5014 sedens
1364 4958 1418 5013 in
1453 4958 1572 5013 loco
1602 4957 1774 5011 sancti
1807 4956 2013 5026 templi,

437 5054 597 5125 quasi
635 5040 876 5123 congruo
905 5051 971 5106 ad
998 5051 1275 5107 doctrinas
1309 5049 1556 5115 divinas,
1591 5047 2012 5103 manifestabam

436 5161 560 5216 quin
610 5145 934 5217 pertinentia
970 5153 1126 5199 erant
1155 5143 1221 5197 ad
1251 5144 1504 5212 pietatem
1532 5151 1587 5196 et
1626 5142 1791 5196 vitam
1822 5157 2011 5197 sanam

437 5235 737 5291 secundum
773 5236 943 5306 legem
983 5231 1109 5301 Dei,
1160 5242 1215 5288 et
1263 5249 1358 5303 per
1409 5232 1510 5287 hoc
1565 5233 2014 5288 commendabam

438 5323 726 5395 pacificum
767 5341 854 5381 me
874 5340 1019 5382 esse.
1049 5323 1202 5391 Quod
1226 5331 1404 5379 autem
1423 5322 1628 5378 nullam
1654 5323 1817 5378 habet
1848 5323 2015 5379 ratio-

440 5432 563 5473 nem
593 5416 843 5472 idoneam
879 5432 1056 5489 neque
1088 5416 1364 5472 insidiatio
1397 5426 1576 5470 vestra
1609 5415 1872 5471 adversus
1905 5431 2012 5484 me,

438 5523 615 5581 neque
654 5509 848 5565 militia
886 5518 1068 5568 vestra
1109 5525 1233 5565 cum
1262 5507 1456 5580 gladiis
1479 5517 1533 5563 et
1562 5506 1799 5564 fustibus
1829 5508 1968 5564 facta
1992 5547 2012 5576 ,

514 5651 560 5685 υ
596 5651 733 5707 Gen.
770 5668 959 5708 xxvm.
1040 5652 1084 5685 “
1120 5651 1263 5709 Psal.
1301 5667 1495 5711 χχχιιι,
1527 5648 1581 5703 8.

436 5738 584 5785 ι-χτι,
631 5723 722 5775 55.

435 5793 481 5825 ³⁵
499 5792 628 5849 ibid.
649 5792 741 5849 58.

828 5668 959 5708 :vm.
1040 5652 1084 5685 “
1120 5651 1263 5709 Psal.
1301 5667 1495 5711 χχχιιι,
1527 5648 1581 5703 8.
1665 5650 1707 5683 ⁸⁸
1745 5648 1812 5703 IV
1852 5649 1983 5721 Reg.
2018 5667 2095 5706 vr.
2186 5649 2228 5681 ³⁵
2265 5648 2412 5701 Psal.
2448 5660 2552 5710 ac,
2586 5648 2673 5697 ll.
2745 5648 2785 5674 "
2828 5648 2958 5697 ibid.
2987 5648 3041 5698 6.
3118 5648 3160 5673 "
3198 5648 3328 5694 ibid.
3410 5648 3453 5671 "
3498 5648 3667 5717 Matth

828 5724 874 5759 '°
910 5720 1069 5781 Joan.
1102 5739 1257 5793 ινιιι,
1304 5722 1390 5779 tl.
1496 5721 1537 5753 "
1579 5718 1748 5777 Matth
1804 5737 1953 5790 xxvi,
1978 5721 2066 5778 56.
2172 5722 2217 5753 ³³
2256 5718 2390 5774 ibid.
2491 5718 2540 5750 ’³
2569 5714 2733 5772 Joan.
2768 5728 2867 5779 vn,
2911 5714 3000 5769 59.
3085 5712 3130 5746 "'
3168 5710 3357 5767 Matth.
3397 5724 3559 5777 nvi,
3601 5707 3674 5763 ὁὶ

1912 5806 1926 5839 ι

2119 4583 2487 4647 sacerdotum,
2534 4582 2609 4635 ibi
2657 4591 3059 4652 congregantur
3096 4580 3323 4648 Scribat,
3356 4582 3407 4637 id
3443 4593 3527 4638 est
3564 4584 3704 4640 litte-

2119 4673 2245 4739 rati,
2293 4673 2388 4743 qui
2439 4682 2682 4742 prmsunt
2722 4674 2914 4728 litterae
2947 4674 3238 4729 occidenti.
3290 4673 3355 4728 Et
3401 4678 3700 4731 secundum

2117 4764 2313 4819 littera:
2346 4764 2515 4834 909
2545 4763 2864 4833 qualitatem
2896 4763 3214 4818 Scribarum
3245 4774 3376 4819 sunt
3413 4767 3660 4822 seniores
3683 4811 3699 4832 ,

2118 4857 2212 4927 qui
2242 4872 2352 4910 non
2383 4858 2436 4910 in
2469 4856 2776 4922 veritatem,
2799 4856 2891 4910 sed
2916 4855 2970 4908 in
2995 4864 3316 4910 vetustatem
3347 4857 3540 4912 littera:
3562 4858 3698 4912 sim-

2120 4948 2277 5020 plicis
2305 4957 2434 5003 sunt
2464 4948 2843 5005 recumbentes
2873 4960 2928 5006 et
2967 4949 3103 5005 nihil
3151 4949 3387 5019 amplius
3430 4951 3698 5019 negotiari

2116 5041 2385 5094 volentes.
3170 5060 3180 5066 α

2190 5131 2314 5187 106.
2358 5131 2549 5185 Petrus
2588 5139 2765 5184 autem
2799 5131 3112 5200 sequebatur
3130 5146 3250 5186 eum
3275 5130 3340 5184 de
3361 5129 3515 5201 longe
3536 5146 3696 5201 usque

2117 5227 2173 5279 in
2206 5225 2406 5278 atrium
2438 5224 2693 5293 principis
2725 5225 3083 5278 sacerdotum.
3123 5222 3193 5277 Et
3220 5224 3487 5295 ingressus
3526 5224 3693 5289 intro,

2116 5315 2326 5373 sedebat
2365 5331 2484 5369 cum
2525 5314 2785 5368 ministris
2810 5324 2866 5368 ut
2895 5315 3089 5370 videret
3121 5316 3322 5370 exitum
3346 5315 3422 5368 rei
3443 5315 3511 5367 ⁸⁵.
3555 5315 3697 5369 Cum

2118 5409 2410 5465 duceretur
2438 5416 2619 5462 autem
2651 5405 2932 5477 Magister,
2961 5408 3296 5477 sequebatur
3324 5408 3541 5480 quidem
3584 5406 3689 5461 Pe-

2119 5512 2276 5558 trus:
2320 5514 2434 5555 non
2458 5507 2645 5555 autem
2688 5507 2901 5569 poterat
2941 5499 3010 5555 de
3041 5499 3297 5572 proximo
3343 5515 3467 5555 eum
3513 5501 3694 5569 sequi,

2186 5649 2228 5681 ιε
2265 5646 2412 5701 Psal.
2448 5660 2552 5710 ac,
2586 5644 2673 5697 tl.
2745 5642 2788 5674 ιτ
2828 5642 2958 5697 ibid.
2987 5643 3041 5698 6.
3118 5641 3160 5673 η
3198 5639 3328 5694 una.
3410 5635 3453 5671 ι’
3498 5630 3693 5710 Matth.
