4112 6412
451 326 588 381 ΓΙζῶ

1616 316 1948 378 ORIGENIS
1989 320 2056 376 IN
2094 319 2334 379 ΜΔΤΤΙΙ
2343 321 2514 380 «ΕυΜ

3561 331 3699 386 1756

447 450 541 504 sed
572 448 638 501 de
663 443 984 513 longinquo,
1017 455 1117 496 nec
1153 439 1379 495 omnino
1411 440 1671 497 recedens
1701 442 1769 497 ab
1794 456 1882 508 eo,
1917 456 2018 498 nec
2046 443 2093 501 Α
2124 440 2194 510 pii
2231 457 2338 496 non
2387 443 2504 511 ipse
2531 443 2783 512 promisi!
2827 442 3027 510 τεθεῖεν
3059 445 3157 501 86d
3202 445 3311 503 illi!
3357 448 3451 518 qui
3486 449 3702 505 ίυεηηι

444 552 570 593 cum
609 550 676 591 eo
715 532 1008 595 incedens,
1050 547 1152 586 nec
1190 531 1349 600 juxta
1391 546 1556 597 eum;
1613 532 1709 587 sed
1753 532 1822 587 de
1866 533 2025 602 longe
2126 531 2238 601 apti
2272 533 2339 586 ad
2365 533 2676 603 hujusmodi
2722 552 2861 605 opus
2906 534 3205 604 commisit,
3239 538 3427 595 dicens
3464 539 3704 596 :Solsite

445 642 684 698 sequens
719 624 965 696 pervenit
1005 623 1069 677 ad
1102 623 1301 677 atrium
1346 623 1612 693 principis
1651 625 2019 680 sacerdotum.

450 715 515 771 Et
560 717 839 788 ingressus
880 713 1076 769 Petrus
1136 714 1284 768 intus
1326 714 1581 782 sedebat,
1639 730 1814 785 neque
1877 718 2021 786 quod

440 812 519 869 illi
557 809 796 866 ministri
832 807 1177 873 ministrans,
1213 822 1390 877 neque
1438 806 1645 863 faciens
1671 824 1794 878 quae
1820 809 2022 863 docue-

439 913 525 960 rat
547 902 726 964 Icsus,
754 898 847 954 sed
880 898 1251 968 exspectabat,
1286 898 1492 952 exitum
1532 901 1779 955 omnium
1824 903 2019 958 horum

440 991 631 1046 volens
683 988 868 1044 videre
914 1004 930 1041 :
976 988 1237 1057 quoniam
1281 987 1461 1043 adhuc
1513 1004 1619 1044 non
1669 990 2019 1060 intelligebat,

441 1097 618 1151 neque
662 1081 882 1136 videbat
933 1079 1142 1135 exitum
1176 1078 1647 1148 dispensationum
1676 1080 1879 1137 Christi
1911 1098 2021 1152 quo

438 1173 742 1228 tenderent.
804 1168 916 1226 Nec
966 1170 1113 1225 enim
1171 1178 1258 1225 est
1300 1170 1480 1225 exitus
1524 1185 1715 1225 eorum
1775 1173 1829 1226 in
1883 1175 2021 1228 atrio

434 1262 676 1331 Caiphae,
718 1276 819 1316 nec
859 1261 953 1315 ubi
997 1257 1205 1315 Scribat
1254 1266 1310 1313 et
1349 1259 1595 1321 seniores
1639 1260 1822 1329 populi
1873 1261 2021 1321 illius

434 1362 858 1425 congregantur.
890 1352 948 1407 Si
985 1360 1167 1406 tamen
1194 1350 1416 1421 proprie
1445 1351 1572 1417 quis
1599 1351 1781 1406 videat
1811 1353 2017 1407 exitum

436 1445 649 1514 ipsum,
697 1444 901 1498 videbit
940 1441 1178 1497 Verbum
1221 1441 1314 1496 Dei
1348 1450 1403 1497 et
1447 1442 1781 1510 Sapientiam
1827 1445 2013 1498 dicen-

433 1546 543 1594 tem
568 1537 655 1587 “:
683 1535 796 1605 Ego
830 1552 948 1590 sum
979 1542 1023 1590 Α
1061 1544 1110 1589 et
1137 1536 1204 1598 Ω,
1232 1535 1554 1604 principium
1584 1544 1634 1588 et
1660 1536 1805 1604 ﬁnis.

509 1628 627 1685 107.
672 1628 947 1696 Principes
985 1635 1163 1679 autem
1206 1627 1563 1692 sacerdotum,
1599 1636 1649 1680 et
1675 1627 1925 1691 seniores,
1966 1636 2017 1682 et

434 1722 733 1775 universum
789 1719 1073 1775 concilium
1103 1720 1406 1789 qurerebant
1432 1719 1629 1790 falsum
1661 1719 2016 1773 testimonium

429 1825 620 1866 mmra
646 1810 850 1875 Iesum,
891 1821 947 1865 ut
981 1828 1100 1864 eum
1131 1814 1291 1866 morti
1328 1811 1620 1876 traderent,
1657 1820 1707 1864 et
1743 1828 1845 1865 non
1874 1813 2016 1866 inre-

424 1912 618 1957 nerunt
638 1918 658 1965 ;
701 1913 751 1955 et
793 1902 951 1955 multi
978 1902 1107 1970 falsi
1143 1911 1296 1958 testes
1327 1912 1679 1968 accesserunt,
1713 1914 1763 1959 et
1793 1922 1897 1960 non
1932 1907 2015 1959 in-

429 2000 675 2046 uenerunt
709 1993 776 2046 ³⁷.
822 1991 899 2046 Et
923 2007 1020 2061 per
1064 1994 1178 2048 huic
1217 1994 1569 2049 manifestum
1614 2004 1697 2050 est
1751 1996 2011 2064 quoniam

428 2088 712 2148 peccatum
761 2093 868 2133 non
914 2081 1043 2135 fecit
1087 2079 1268 2144 Iesus,
1302 2096 1404 2136 nec
1448 2081 1552 2135 fuit
1598 2082 1760 2136 dolus
1813 2083 1867 2135 in
1916 2098 2013 2138 ore

428 2169 570 2238 ejus.
608 2168 1028 2225 Mundissimam
1078 2181 1258 2225 autem
1302 2170 1472 2226 fuisse
1515 2173 1682 2225 vitam
1723 2173 1921 2241 ipsius,
1957 2183 2012 2228 et

427 2261 657 2313 omnino
706 2260 1266 2330 irreprebensibilem,
1295 2271 1349 2318 et
1381 2262 1723 2317 auferentem
1755 2264 2005 2319 occasio-

430 2365 527 2405 nes
549 2365 739 2404 eorum
771 2353 864 2420 qui
892 2361 1145 2420 quaerunt
1170 2354 1511 2418 occasiones,
1549 2368 1614 2408 ex
1642 2353 1750 2409 hoc
1777 2354 2009 2409 demou-

429 2451 657 2508 stratur,
692 2442 819 2511 quia
854 2458 962 2497 non
1003 2444 1350 2499 inveniebant
1381 2445 1681 2501 adversarii
1713 2445 1834 2515 ejus
1862 2448 2009 2517 quod

430 2531 615 2587 dicere
662 2543 887 2601 possent
934 2535 1199 2590 adversus
1237 2550 1386 2599 eum,
1438 2535 1519 2590 vel
1571 2536 1869 2592 colorare:
1912 2539 2009 2594 sed

431 2624 749 2693 quaerebant
786 2638 980 2679 omnes
1021 2626 1335 2681 sacerdotes
1363 2634 1420 2680 et
1442 2626 1737 2694 concilium
1780 2627 2007 2682 univer-

426 2729 572 2776 sum,
608 2723 663 2768 et
691 2716 826 2769 nihil
858 2726 1110 2784 poterant
1140 2717 1408 2772 invenire.
1440 2715 1712 2783 Quoniam
1746 2716 1881 2772 falsa
1917 2727 1999 2772 tc-

426 2805 685 2861 stimonia
726 2816 859 2864 tunc
904 2809 1085 2865 locum
1122 2809 1348 2878 habent,
1389 2811 1611 2881 quando
1653 2828 1781 2867 cum
1823 2815 2008 2870 colore

422 2898 608 2969 aliquo
652 2899 1051 2970 proferuntur:
1096 2903 1360 2958 adversus
1421 2901 1609 2958 Iesum
1672 2914 1852 2960 autem
1905 2922 2006 2962 nec

424 2992 580 3046 color
620 2993 1007 3049 inveniebatur
1042 2995 1135 3064 qui
1177 3004 1362 3064 posset
1405 3005 1596 3051 contra
1624 2996 1813 3052 Iesum
1849 2999 2006 3068 adju-

2127 619 2376 689 templum
2404 622 2521 678 hoc.
2550 623 2662 679 Sibi
2694 633 2876 680 autem
2907 626 3052 694 quod
3083 629 3381 683 reservavit
3410 630 3462 684 id
3490 639 3574 685 est
3602 648 3618 688 :
3653 642 3703 686 et

2124 713 2178 762 in
2207 711 2386 765 triduo
2411 713 2681 767 suscitabo
2708 716 2904 784 ipsum.
2941 713 3002 769 Et
3033 717 3177 785 quod
3200 717 3291 772 ille
3308 717 3440 774 dixit
3471 719 3539 775 de
3565 728 3703 775 tem-

2123 802 2215 871 plo
2238 804 2486 872 corporis
2509 805 2619 871 sui,
2650 803 2844 871 Iudaei,
2869 807 3144 876 praepediti
3174 809 3403 875 malitia,
3439 819 3694 867 transau-

2122 894 2345 949 dierunt
2388 904 2445 949 et
2505 896 2893 951 intellexerunt
2943 898 3009 952 de
3061 898 3258 968 templo
3310 900 3404 954 illo
3465 900 3696 970 lapideo.

2123 982 2278 1050 Quod
2345 985 2696 1041 manifestum
2745 994 2828 1042 est
2876 1003 2943 1041 ex
2992 1002 3059 1042 eo
3108 988 3250 1057 quod
3307 990 3698 1057 respondentes

2122 1075 2376 1130 dixerunt
2397 1076 2438 1106 "
2469 1094 2482 1128 :
2510 1075 2878 1147 Quadraginta
2905 1088 2953 1131 et
2981 1092 3073 1131 sea:
3098 1078 3251 1132 annis
3274 1079 3597 1147 ludificatum
3620 1091 3696 1135 est

2124 1166 2371 1232 templum
2417 1167 2535 1233 hoc,
2571 1180 2619 1222 et
2655 1177 2711 1221 tu
2755 1169 2812 1222 in
2843 1167 3010 1222 tribus
3043 1169 3224 1222 diebus
3264 1170 3490 1223 sascitas
3522 1170 3697 1226 illud?

2123 1255 2189 1311 Et
2227 1258 2515 1313 considera
2555 1260 2814 1329 quoniam
2849 1275 2957 1313 non
2991 1274 3134 1314 unus
3178 1256 3350 1315 falsus
3381 1260 3537 1315 testis
3568 1276 3688 1329 pro-

2124 1349 2294 1405 cessit
2348 1349 2403 1402 in
2460 1350 2831 1404 testimonium
2885 1350 3010 1413 hoc,
3061 1364 3163 1405 nec
3201 1350 3347 1403 enim
3400 1348 3697 1405 sulm-iebat

2121 1456 2268 1496 unus
2299 1441 2609 1496 volentibus
2655 1440 2961 1496 interﬁcere
2988 1439 3199 1505 Iesum,
3237 1441 3497 1510 quoniam
3544 1440 3624 1494 lex
3650 1441 3695 1472 ³³

2118 1530 2511 1601 praecipiebat:
2553 1529 2676 1585 Non
2713 1530 2946 1585 manebit
2994 1533 3140 1586 testis
3172 1548 3308 1585 unus
3339 1532 3694 1586 testimonium

2118 1623 2240 1675 dari
2272 1622 2519 1677 adversus
2550 1624 2833 1677 hominem.
2867 1623 2972 1679 Sed
2999 1639 3101 1678 nec
3143 1632 3253 1679 tres
3284 1632 3442 1678 erant
3468 1641 3482 1676 :
3510 1624 3698 1679 multis

2119 1716 2265 1769 enim
2300 1715 2690 1771 accedentibus
2736 1715 2967 1771 testibus
2989 1714 3188 1780 falsis,
3219 1716 3305 1769 vix
3347 1717 3456 1771 duo
3493 1716 3694 1771 inventi

2117 1816 2288 1871 sunt,
2346 1809 2439 1878 qui
2508 1808 2713 1878 aliquid
2777 1807 2959 1862 dicere
3027 1806 3360 1864 viderentur.
3436 1807 3541 1863 Sed
3597 1824 3696 1864 nec

2118 1897 2362 1967 ipsorum
2409 1898 2723 1955 testimonia
2758 1898 3137 1953 convenientia
3168 1907 3343 1964 erant,
3379 1899 3522 1954 sicut
3551 1899 3692 1954 Mar-

2114 2004 2215 2044 cus
2264 1989 2489 2058 exponit
2518 1990 2607 2043 ³³ε
2652 1989 2787 2045 dicit
2828 1988 2976 2043 enim
3030 1988 3135 2044 hoc
3181 1989 3384 2055 modo,
3435 1990 3691 2059 quoniam

2111 2079 2371 2146 principes
2406 2078 2741 2132 sacerdotum
2801 2089 2851 2133 et
2884 2079 3169 2134 concilium
3218 2081 3519 2133 universum
3551 2097 3694 2151 qua:-

2113 2167 2295 2220 rebant
2347 2175 2534 2243 contra
2577 2166 2763 2222 Jesum
2815 2169 3212 2235 testimonium,
3260 2179 3317 2221 ut
3367 2186 3485 2222 eum
3536 2171 3694 2223 morti

2112 2256 2416 2320 traderent,
2463 2267 2513 2311 et
2562 2273 2664 2310 non
2715 2258 3045 2311 inuenerunt.
3105 2258 3267 2313 Multi
3310 2260 3450 2312 enim
3499 2259 3691 2327 falsum

2113 2347 2470 2403 testimonium
2499 2347 2750 2402 dia-erunt
2782 2348 3033 2403 adversus
3066 2365 3208 2416 eum,
3243 2359 3292 2404 et
3332 2351 3691 2405 convenientia

2111 2454 2216 2493 non
2242 2448 2394 2492 erant
2426 2440 2726 2491 testimonia
2752 2453 2954 2493 eorum.
2997 2439 3108 2494 Alii
3151 2449 3328 2494 autent
3355 2450 3692 2510 exsurgentes

2109 2531 2308 2600 falsum
2340 2530 2699 2583 testimonium
2727 2529 2971 2584 dicebant
2991 2530 3240 2586 adversus
3267 2547 3409 2596 eum,
3441 2533 3691 2601 quoniam

2111 2637 2205 2677 nos
2240 2619 2544 2674 audivimus
2586 2635 2703 2672 eum
2744 2618 2999 2674 dicentem
3036 2637 3056 2675 :
3104 2619 3369 2686 Quoniam
3412 2637 3506 2692 ego
3550 2622 3691 2677 soleo

2109 2712 2364 2779 templum
2411 2712 2508 2766 hoc
2546 2710 2788 2766 manibus
2830 2711 3066 2780 factum,
3106 2718 3154 2764 et
3196 2711 3252 2763 in
3301 2709 3468 2764 tribus
3511 2710 3692 2765 diebus

2109 2800 2261 2854 aliud
2297 2819 2402 2855 non
2427 2802 2672 2857 manibus
2700 2802 2904 2872 factum
2938 2800 3160 2871 faciam.
3194 2799 3299 2855 Sed
3327 2817 3419 2854 nec
3444 2801 3522 2853 sic
3556 2817 3683 2854 con-

2111 2889 2375 2947 uenientia
2424 2902 2577 2947 erant
2621 2909 2803 2947 eorum
2849 2892 3176 2948 testimonia.
3234 2889 3389 2946 Tunc
3425 2891 3567 2946 enim
3608 2903 3691 2945 est

2108 2983 2443 3038 conveniens
2490 2983 2904 3044 testimonium,
2951 2982 3171 3052 quando
3219 2980 3407 3036 eadem
3457 2982 3685 3049 dicunt;

421 3097 552 3137 vare
593 3085 875 3139 mendacis
909 3103 922 3138 :
957 3094 1013 3138 et
1042 3087 1167 3151 hoc,
1196 3102 1320 3141 cum
1347 3099 1533 3143 essent
1582 3090 1738 3144 multi
1758 3091 2003 3147 volentes

2110 3089 2219 3126 non
2273 3083 2454 3129 autem
2506 3083 2636 3130 sunt
2683 3072 3086 3138 convenientia,
3135 3073 3357 3143 quando
3402 3072 3685 3129 dissonant

421 3175 653 3246 gratiam
698 3176 939 3232 tribuere
977 3177 1218 3245 Caiphae,
1264 3186 1317 3231 et
1357 3178 1699 3249 principibus
1739 3181 1997 3236 sacerdo-

421 3274 560 3331 tum,
587 3273 642 3321 et
666 3267 896 3333 Scribis,
938 3276 993 3322 et
1022 3270 1354 3334 senioribus,
1390 3279 1444 3323 et
1474 3272 1734 3325 universo
1762 3272 1998 3327 concilio

421 3357 525 3413 hoc
559 3357 736 3427 ipsum
775 3359 966 3414 audire
994 3359 1349 3415 desideranti.
1386 3360 1453 3415 Et
1483 3362 1599 3418 hsce
1626 3363 1718 3432 qui
1746 3363 2000 3418 conside-

418 3454 524 3513 rat,
555 3446 850 3503 maximam
899 3449 1113 3504 laudem
1161 3451 1386 3506 exhibet
1411 3450 1540 3507 Iesu
1573 3460 1797 3522 propter
1823 3451 1996 3505 vitam

416 3539 557 3607 cjus,
588 3549 641 3594 et
664 3540 969 3595 doctrinam
1002 3541 1196 3610 ipsius,
1221 3544 1313 3613 qui
1339 3545 1421 3598 sic
1441 3544 1627 3599 omnia
1656 3542 1999 3613 irrcprehen-

417 3630 651 3685 sibiliter
691 3642 746 3687 et
775 3633 935 3699 dixit,
968 3642 1022 3688 et
1054 3632 1200 3697 fecit,
1236 3643 1294 3689 ut
1335 3635 1539 3689 nullam
1568 3632 2000 3689 verisimilitudi-

414 3736 539 3776 nem
573 3724 1014 3792 reprehensionis
1043 3726 1349 3781 invenirent
1376 3726 1430 3780 in
1460 3741 1549 3793 eo,
1578 3740 1680 3781 nec
1708 3724 1860 3793 mali,
1898 3740 1999 3781 nec

421 3814 601 3879 multi,
630 3829 730 3869 nec
764 3816 900 3871 tales
927 3817 1094 3872 astuti
1126 3826 1180 3872 et
1209 3817 1497 3889 ingeniosi.

486 3902 610 3957 108.
658 3903 959 3960 Nouissime
997 3918 1173 3963 autem
1204 3910 1506 3964 accedentes
1538 3908 1645 3962 duo
1673 3908 1801 3978 falsi
1844 3918 1998 3966 testes

412 3991 664 4049 dixerunt
711 4010 731 4047 :
778 3997 879 4049 Hic
923 3997 1109 4054 dixit:
1155 3998 1384 4054 Possum
1425 4000 1694 4055 destruere
1747 4002 1999 4071 templum

418 4082 537 4149 Dei,
569 4092 619 4139 et
651 4095 769 4154 post
802 4087 1041 4142 triduum
1093 4086 1230 4142 illud
1275 4086 1598 4156 recediﬁcare
1623 4088 1690 4144 ’⁸.
1741 4087 1862 4145 Non
1910 4105 2000 4144 ar-

417 4173 640 4232 bitreris
669 4176 980 4234 Matthaauin
1011 4180 1151 4236 duos
1175 4179 1277 4236 bos
1305 4188 1469 4236 testes
1488 4182 1606 4236 sine
1633 4197 1800 4237 causa
1830 4181 2000 4237 falsos

413 4267 639 4334 dixisse,
664 4284 788 4323 cum
821 4286 947 4326 vera
978 4270 1292 4326 viderentur
1315 4286 1437 4326 esse
1463 4272 1777 4329 testimonia
1806 4287 1997 4328 eorum

410 4375 477 4413 ex
525 4375 590 4414 eo
626 4360 774 4431 quod
820 4363 1046 4431 exponit
1072 4359 1312 4417 Joannes
1345 4364 1389 4395 ²⁹
1420 4363 1700 4418 Christum
1752 4364 1995 4421 dixisse:

2107 3167 2240 3229 sibi,
2282 3167 2465 3236 qualia
2506 3176 2661 3222 erant
2711 3166 3021 3221 testimonia
3059 3167 3254 3223 horum
3293 3167 3386 3238 qui
3430 3168 3687 3221 adversus

2104 3255 2291 3310 Iesum
2321 3256 2634 3310 testimonia
2669 3254 3039 3326 proferebant.
3084 3254 3150 3310 Et
3185 3257 3230 3310 si
3258 3272 3449 3312 verum
3497 3256 3683 3313 dicunt

2100 3347 2387 3401 Mattbaeus
2410 3355 2464 3400 et
2480 3345 2718 3410 Marcus,
2736 3346 2882 3416 quod
2906 3348 3129 3402 credere
3147 3361 3247 3401 nos
3268 3356 3499 3415 Oportet,
3523 3356 3669 3402 tente

2101 3455 2224 3495 mus
2251 3439 2538 3493 ostendere
2563 3439 2841 3507 quomodo
2871 3454 2979 3493 non
3007 3446 3164 3491 erant
3184 3439 3560 3493 convenientia
3586 3454 3679 3493 ne-

2097 3545 2207 3601 que
2220 3529 2454 3587 duorum
2472 3529 2716 3598 ipsorum
2737 3527 3068 3595 testimonia,
3084 3527 3343 3599 quoniam
3367 3544 3475 3583 non
3494 3528 3683 3584 eadem

2100 3621 2464 3693 protulerunt.
2491 3617 2802 3674 Secundum
2823 3617 3132 3674 Mattbmum
3159 3618 3203 3650 “
3223 3620 3368 3674 enim
3385 3621 3678 3675 dixerunt.

2094 3713 2206 3769 .llic
2234 3711 2373 3766 dixit
2393 3728 2412 3766 :
2434 3710 2663 3765 Possum
2690 3710 2886 3766 soluere
2913 3710 3164 3780 templum
3199 3709 3312 3776 Dei,
3341 3720 3390 3764 et
3419 3713 3475 3765 in
3510 3712 3685 3766 tribus

2100 3805 2283 3860 diebus
2319 3803 2644 3873 retudificare
2678 3800 2836 3856 illud.
2884 3800 3197 3856 Secundum
3233 3799 3475 3858 Marcum
3509 3801 3553 3834 ³⁸
3584 3816 3684 3856 au-

2099 3906 2211 3955 tem
2247 3910 2261 3949 :
2308 3895 2574 3960 Quoniam
2607 3908 2700 3946 nos
2731 3893 3033 3947 audivimus
3065 3907 3185 3946 eum
3222 3890 3501 3958 dicentem,
3553 3908 3685 3963 qua-

2102 3990 2249 4045 niam
2284 4003 2379 4058 ego
2409 3985 2554 4042 solvo
2589 3985 2686 4040 hoc
2721 3982 2973 4053 templum
3006 3982 3250 4039 manibus
3291 3982 3513 4051 factum,
3549 3994 3598 4036 et
3627 3982 3684 4037 in

2103 4080 2271 4134 tribus
2293 4077 2476 4132 diebus
2504 4076 2655 4131 aliud
2688 4072 3025 4143 rewdiﬁcabo
3049 4090 3150 4128 non
3180 4072 3421 4127 manibus
3453 4074 3681 4143 factum.

2104 4169 2231 4226 Sive
2268 4183 2400 4239 ergo
2430 4167 2517 4224 bis
2553 4167 2802 4223 dicentes
2840 4165 2988 4228 haec,
3030 4163 3290 4235 quoniam
3340 4179 3447 4217 non
3488 4162 3680 4220 eadem

2100 4260 2375 4324 dixerunt,
2409 4271 2519 4312 non
2550 4264 2678 4313 sunt
2716 4255 2934 4311 inventa
2968 4252 3276 4308 testimonia
3314 4268 3505 4307 eorum
3541 4267 3676 4308 con-

2100 4349 2376 4407 venientia
2446 4346 2583 4413 sibi;
2637 4345 2752 4401 sive
2813 4355 2998 4402 autem
3051 4342 3216 4415 910
3265 4358 3407 4399 unus
3456 4343 3679 4415 quidem

412 4448 609 4507 Solvite
633 4452 886 4521 templum
915 4452 1031 4517 hoc,
1054 4448 1114 4507 et
1142 4470 1234 4524 ego
1260 4455 1315 4508 in
1341 4455 1511 4509 tribus
1537 4455 1720 4510 diebus
1746 4456 1987 4510 excitabo
2021 4459 2064 4516 Ι)
2090 4445 2231 4506 dixit
2256 4442 2404 4513 quod
2438 4436 2980 4508 θκβοηίιδίθιιδωυδν
2999 4436 3134 4490 διιεῖ
3154 4445 3337 4490 autem
3374 4436 3675 4491 εθευηίίυω

411 4542 593 4606 illud;
644 4543 864 4613 quando
913 4552 967 4598 et
1017 4544 1271 4599 additur:
1310 4542 1427 4598 Hoc
1466 4555 1644 4599 autem
1681 4544 1891 4599 dicebat
1927 4546 1994 4600 de

413 4632 606 4702 templo
630 4633 866 4702 corporis
895 4632 981 4688 sui
1010 4634 1077 4689 '°.
1112 4632 1219 4689 Sed
1252 4634 1374 4690 vide
1400 4635 1695 4690 versutiam
1726 4635 1988 4691 falsorum

412 4720 630 4776 testium
668 4722 927 4786 duorum,
962 4737 1070 4793 qua
1119 4723 1475 4793 persuasione
1519 4733 1732 4780 utentes
1772 4733 1989 4794 sumpta

418 4812 488 4867 ab
520 4814 706 4881 aliquo
749 4814 894 4869 dicto
928 4830 1057 4869 vero
1086 4817 1231 4884 quod
1263 4816 1479 4870 dixerat
1502 4813 1686 4880 Iesus,
1718 4815 1992 4871 tinxerunt

412 4901 784 4957 testimonium
829 4901 1048 4960 falsum.
1076 4902 1237 4959 Iesus
1274 4913 1455 4960 autem
1487 4921 1596 4960 non
1620 4906 1796 4961 dixit:
1823 4903 1989 4960 Solve

409 4992 671 5060 templum
714 4993 840 5057 hoc,
871 5002 927 5047 ct
974 4992 1029 5046 in
1066 4993 1243 5049 tribus
1287 4995 1478 5050 diebus
1516 4996 1725 5051 suscito
1775 4995 1984 5067 ipsum;

407 5081 502 5136 sed
530 5096 544 5133 :
572 5078 1063 5149 Soloiﬂteuplut
1087 5083 1206 5147 hoc,
1236 5093 1285 5137 et
1325 5084 1382 5138 in
1418 5084 1589 5139 tribus
1618 5086 1799 5141 diebus
1837 5087 1985 5142 exci—

408 5170 531 5224 tabo
559 5172 753 5242 ipsum.
803 5168 950 5225 Falsi
977 5180 1159 5227 autem
1197 5181 1362 5229 testes
1391 5175 1691 5233 retulerunt
1729 5192 1854 5234 eum
1898 5178 1984 5233 di—

407 5262 555 5317 xisse
598 5261 742 5332 quod
794 5276 903 5317 non
952 5261 1131 5319 fuerat
1174 5266 1381 5321 dictum
1429 5268 1498 5323 ab
1537 5283 1622 5333 eo,
1673 5284 1773 5325 nec
1810 5269 1981 5325 dixit:

408 5351 638 5410 Possum
683 5355 894 5411 solvere
933 5358 1191 5427 templum
1226 5358 1343 5427 Dei,
1376 5367 1432 5415 et
1473 5361 1527 5415 in
1569 5361 1744 5419 tribus
1788 5361 1983 5419 diebus

412 5445 741 5502 remdiﬁcare
778 5448 933 5505 illud.
974 5448 1313 5522 impietatem
1353 5468 1484 5522 ergo
1512 5452 1804 5510 solutionis
1847 5462 1983 5513 tem-

424 5578 537 5659 πῇ
568 5579 737 5648 Apoc.
776 5597 815 5643 ι,
844 5582 930 5659 8_.__
988 5586 1261 5659 "filattb.
1294 5604 1443 5651 xxvr,
1480 5588 1571 5653 59,
1606 5590 1696 5646 60.

426 5646 468 5659 "
501 5646 651 5703 Deut.
691 5666 804 5714 xix,
865 5654 949 5709 15.
1030 5657 1073 5688 ³³
1112 5673 1236 5724 xtv,
1294 5658 1363 5715 55
1405 5646 1636 5730 etscqq-

426 5732 629 5772 xxxviii
655 5760 669 5785 ,
706 5720 761 5784 2,
789 5722 842 5774 ’5.

1805 5592 1848 5623 ⁸³
1884 5591 2015 5645 ibid.
2049 5591 2151 5657 60,
2200 5588 2290 5645 6|.

1717 5661 1761 5693 ³³
1789 5661 2075 5745 xxv:,61.
2138 5650 2196 5692 ’³⁸
2255 5675 2365 5725 xiv,
2443 5650 2547 5712 58.‘
2610 5654 2657 5687 ³⁸
2694 5650 2882 5710 Matth.
2927 5666 3083 5716 sxw,
3133 5650 3225 5719 6‘2,
3264 5651 3353 5706 6‘5.

2097 4539 2242 4613 quod
2275 4532 2494 4603 scripsit
2519 4531 2756 4593 Marcus,
2785 4545 2849 4586 ac
2879 4545 2973 4600 per
3002 4528 3107 4584 hoc
3141 4528 3451 4585 testimonia
3482 4543 3676 4584 eorum

2097 4646 2205 4689 non
2241 4635 2398 4683 erant
2434 4621 2814 4679 convenientia
2846 4620 2971 4676 sibi.

2170 4718 2294 4777 109.
2337 4715 2407 4769 Et
2446 4728 2730 4783 exsurgens
2767 4713 3007 4782 princeps
3047 4712 3381 4766 sacerdotum
3420 4710 3558 4763 dixit
3585 4709 3668 4762 ei:

2098 4809 2253 4867 Nihil
2303 4806 2585 4877 respondes
2629 4804 2699 4858 ad
2738 4820 2800 4858 ea
2825 4819 2942 4874 quis
2975 4803 3070 4857 isti
3104 4804 3455 4872 testificantur
3481 4800 3670 4853 adver-

2094 4919 2185 4959 sus
2217 4900 2307 4956 te?
2343 4897 2500 4952 Iesus
2540 4905 2717 4950 autem
2752 4896 2957 4948 tacebat
2988 4893 3053 4948 ³⁸.
3085 4893 3270 4948 Potest
3313 4892 3367 4945 in
3409 4890 3527 4944 istis
3556 4887 3666 4942 im-

2091 4996 2235 5066 pleta
2268 4989 2495 5062 intelligi
2523 4987 2810 5059 prophetia
2842 5002 2965 5057 qua:
2990 4985 3122 5041 dicit
3143 4984 3226 5036 ’τε
3258 4982 3395 5035 Dum
3427 4980 3670 5035 consistit

2091 5094 2337 5157 peccator
2370 5081 2620 5137 adversus
2656 5094 2759 5146 me,
2803 5077 3062 5141 obmutui,
3100 5085 3149 5128 et
3190 5072 3501 5127 humiliatus
3529 5086 3671 5137 sum,

2091 5185 2142 5231 et
2165 5173 2294 5229 silui
2323 5189 2355 5226 a
2378 5170 2559 5233 bonis;
2595 5175 2654 5222 ut
2680 5177 2933 5238 peccator
2961 5167 3049 5219 ille
3082 5165 3135 5221 in
3175 5164 3291 5218 istis
3320 5161 3671 5232 prophetatus

2094 5265 2431 5334 intelligatur
2474 5261 2711 5330 Caiphas
2763 5260 2856 5329 qui
2910 5256 3158 5312 consistit
3222 5264 3411 5309 contra
3454 5252 3666 5310 Iesum.

2094 5356 2269 5414 Simul
2288 5353 2549 5410 discimus
2577 5367 2642 5406 cx
2673 5351 2775 5406 hoc
2802 5350 2923 5404 loco
2954 5355 3299 5402 contemnere
3316 5346 3660 5400 calumnian-

2090 5452 2225 5506 tium
2256 5458 2310 5505 et
2339 5446 2601 5503 falsorum
2628 5442 2845 5500 testium
2880 5454 3062 5504 voces,
3088 5447 3148 5493 ut
3178 5452 3278 5492 nec
3310 5436 3666 5508 responsione

2795 5582 2841 5613 '°
2879 5580 3011 5639 ibid.
3069 5580 3159 5634 21.
3266 5582 3309 5614 ³¹
3378 5579 3508 5634 ibid.
3569 5577 3657 5633 20.

2391 5587 2435 5618 ιο
2478 5601 2553 5652 n,
2602 5584 2690 5638 t9.
2795 5584 2841 5613 ³ο
2879 5584 3011 5639 una.
3069 5584 3159 5634 21.
3266 5584 3309 5614 ει
3378 5584 3508 5634 ibid.
3569 5584 3657 5633 eo.

2443 5656 2530 5705 58.
2610 5654 2657 5687 ³⁸
2694 5650 2882 5705 Matth.
2927 5666 3083 5705 xxvr.
3133 5650 3224 5705 6‘2.
3264 5651 3353 5705 6'5.
3432 5649 3477 5682 "
3518 5647 3663 5705 Psal.
