4112 6414
433 318 573 387 ιτεῑτ

1584 319 2235 380 COMMENTARIORCM
2276 319 2541 380 SERIES.

3560 326 3696 381 1758

435 454 622 502 nostra
665 442 860 515 dignos
904 455 1000 499 eos
1026 441 1350 505 habeamus,
1391 453 1495 495 nec
1536 439 1829 496 defendere
1881 455 2013 495 nos—
2040 444 2089 503 Α
2117 447 2194 494 est
2224 438 2312 506 “,
2351 438 2587 493 faciebat
2635 445 2815 494 autem
2875 447 3160 510 peccatum
3221 438 3387 494 etiam
3442 440 3697 512 princeps

439 545 722 605 metips::s,
755 535 847 589 ubi
877 549 986 588 non
1020 542 1149 587 sunt
1190 531 1567 588 convenientia
1598 547 1722 601 quae
1753 531 2013 587 dicuntur

438 628 702 683 adversus
737 641 857 680 nos.
912 624 1052 690 Quid
1101 623 1243 677 enim
1284 637 1423 692 opus
1470 631 1553 676 est
1604 622 1712 676 illis
1760 620 2014 675 resistere

440 719 534 788 qui
570 716 673 772 sibi
711 715 812 785 ipsi
844 713 1115 768 contraria
1146 713 1389 767 dicentes
1423 711 1732 767 resistunt?
1775 710 2015 765 maxime

445 808 534 863 ubi
567 805 746 874 majus
774 810 859 857 est
888 802 1056 856 libere
1092 812 1147 855 et
1182 800 1395 856 fortiter
1439 800 1600 856 silere
1629 814 1792 869 quam
1822 796 2014 854 defen-

444 901 571 954 dere
599 898 716 953 sine
744 895 854 949 ulto
885 892 1153 964 proiectu,
1187 900 1246 947 ut
1280 908 1385 947 non
1418 891 1771 946 humiliemur
1801 906 1832 946 a
1865 889 2017 947 testi-

443 988 547 1045 bus
572 987 723 1042 falsis
758 994 812 1040 et
841 984 1331 1040 calumniatoribus
1365 982 1644 1052 improbis.

513 1077 634 1134 110.
687 1075 755 1130 Ει
785 1076 922 1130 dixit
949 1076 998 1129 ei
1037 1075 1276 1144 princeps
1320 1075 1651 1128 sacerdotum
1690 1088 1708 1127 :
1737 1072 1938 1141 Adjuro
1968 1081 2018 1127 te

437 1184 533 1237 per
568 1167 731 1223 Deum
773 1166 980 1231 rivum,
1023 1174 1079 1218 ut
1116 1166 1264 1218 dicas
1308 1166 1457 1218 nobis
1494 1166 1541 1217 si
1580 1174 1636 1217 tu
1678 1180 1730 1218 es
1773 1163 2015 1218 Christus

444 1258 618 1314 Filius
656 1259 769 1314 Dei.
813 1257 880 1311 Et
921 1258 1058 1311 dixit
1103 1259 1152 1311 ei
1181 1255 1338 1311 Iesus
1364 1272 1383 1310 :
1416 1254 1494 1309 Tu
1534 1256 1720 1310 dixisti
1748 1255 1813 1310 ⁸⁸.
1860 1253 1925 1308 Ει
1959 1254 2014 1309 in

440 1352 556 1422 lege
580 1351 799 1422 quidem
834 1348 1120 1419 adjurandi
1157 1363 1319 1404 usum
1352 1347 1683 1402 invenimus.
1719 1346 1777 1400 In
1810 1344 2011 1402 Nume-

438 1445 516 1500 ris
541 1444 685 1499 enim
712 1443 756 1475 ³⁹
783 1441 915 1498 dicit
943 1441 1050 1503 lex,
1079 1440 1340 1510 quoniam
1366 1438 1639 1509 adjurabit
1673 1455 1790 1492 eam
1829 1454 2016 1495 sacer-

437 1536 569 1599 dos,
619 1534 670 1588 id
715 1542 800 1589 est
846 1532 1129 1588 mulierem
1171 1532 1318 1586 illam
1367 1531 1422 1584 in
1474 1531 1633 1598 cujus
1677 1530 1796 1586 viro
1841 1530 2017 1586 factus

437 1636 524 1682 est
553 1624 779 1697 spiritus
808 1624 929 1691 zeli,
953 1631 1008 1677 et
1022 1622 1167 1678 dicet
1192 1620 1407 1676 mulieri
1426 1618 1684 1675 sacerdos
1712 1619 1757 1652 ⁸ο
1784 1637 1798 1673 :
1825 1618 1885 1675 Si
1913 1635 2018 1674 non

439 1718 872 1789 dormietaliquis
896 1728 1099 1784 tecum,
1128 1726 1179 1771 et
1220 1715 1324 1770 nisi
1371 1724 1700 1785 transgressa
1730 1731 1783 1769 es
1812 1724 1869 1769 ut
1904 1732 2019 1770 ma-

2116 529 2462 585 sacerdotum
2502 529 2770 585 insidians
2794 529 2956 595 Jesu,
2983 540 3039 585 et
3072 540 3358 602 propterea
3389 533 3456 587 de
3482 533 3700 588 diabolo

2114 632 2232 678 erat
2286 634 2471 689 natus,
2517 632 2571 679 et
2607 624 2766 693 quasi
2812 625 2879 679 dc
2917 624 3134 679 diabolo
3175 635 3336 681 natus
3382 626 3700 681 imitabatur

2115 716 2401 786 proprium
2429 725 2638 786 patrem
2681 717 2776 786 qui
2804 718 2890 773 his
2919 717 3083 773 dubie
3127 717 3427 788 interrogat
3451 718 3700 773 Salvato-

2116 821 2231 860 rem
2252 806 2328 861 M‘:
2356 806 2414 861 Si
2441 817 2495 861 tu
2520 824 2572 861 es
2595 806 2767 861 Filius
2795 807 2911 873 Dei,
2930 808 3071 863 sicut
3096 810 3359 879 scriptum
3386 822 3468 866 est
3495 812 3549 864 in
3582 820 3699 865 ten-

2116 898 2416 954 tationibus
2453 899 2595 969 ejus.
2641 899 2830 955 Simile
2868 913 2952 955 est
2990 903 3135 955 enim
3184 917 3196 953 :
3241 900 3302 955 Si
3339 911 3395 954 tu
3432 918 3485 955 es
3520 900 3698 955 Filius

2118 990 2238 1054 Dei,
2270 998 2324 1045 et
2351 1007 2365 1044 :
2399 989 2461 1046 Si
2494 998 2549 1043 tu
2595 1006 2647 1043 es
2677 987 2919 1045 Christus
2962 989 3135 1045 Filius
3167 990 3280 1046 Dei.
3336 990 3501 1045 Recte
3552 993 3696 1046 enim

2117 1080 2240 1151 quis
2276 1081 2459 1135 dicere
2498 1088 2680 1152 potest
2724 1080 2777 1135 in
2816 1082 2935 1137 loco
2972 1082 3105 1148 hoc,
3139 1084 3402 1152 quoniam
3450 1085 3700 1140 dubitare

2116 1172 2183 1226 de
2212 1170 2350 1225 Filio
2380 1169 2470 1225 Dei
2508 1180 2692 1225 utrum
2740 1171 2856 1240 ipse
2892 1172 2965 1226 sit
3002 1171 3288 1235 Christus,
3331 1190 3468 1243 opus
3499 1175 3697 1228 diaboli

2116 1270 2241 1328 est,
2285 1271 2339 1315 et
2386 1261 2649 1330 principis
2701 1261 3048 1316 sacerdotum
3107 1262 3418 1318 insidiantis
3470 1262 3701 1320 Domino

2117 1362 2336 1419 nostro;
2373 1352 2465 1407 sed
2495 1368 2601 1407 non
2637 1353 2760 1408 talis
2795 1353 3045 1410 inventus
3078 1353 3386 1412 estPetrus.
3417 1355 3551 1411 Nam
3582 1357 3703 1413 sine

2118 1445 2303 1514 aliqua
2356 1443 2699 1499 dubitatione
2747 1446 3130 1514 pronuntiavit
3173 1466 3186 1500 :
3240 1446 3318 1500 Tu
3372 1465 3426 1503 es
3457 1447 3701 1503 Christus

2120 1535 2298 1590 Filius
2329 1534 2426 1588 Dei
2455 1536 2557 1589 vivi
2587 1536 2653 1602 “,
2685 1552 2786 1591 nec
2827 1539 3013 1606 posuit
3060 1537 3155 1603 ibi,
3188 1539 3234 1592 si
3261 1553 3279 1591 :
3304 1550 3524 1609 pmptor
3557 1540 3701 1610 quod

2119 1625 2312 1680 beatus
2350 1634 2435 1680 est
2478 1625 2816 1695 appellatus,
2864 1627 2993 1695 quia
3043 1641 3151 1680 non
3200 1642 3330 1682 caro
3380 1636 3434 1682 ct
3482 1629 3705 1699 sanguis

2119 1717 2454 1771 revelaverat
2502 1718 2575 1781 ei,
2628 1718 2721 1771 sed
2755 1716 2896 1771 Deus
2930 1715 3092 1771 Pater
3143 1718 3236 1787 qui
3280 1729 3365 1773 est
3427 1721 3480 1774 iu
3526 1721 3700 1777 caelis.

439 1811 633 1867 culeris
675 1828 707 1864 a
733 1779 843 1864 viro
878 1826 983 1863 non
1014 1819 1102 1862 tuo
1122 1850 1137 1870 ,
1182 1807 1430 1860 innocens
1467 1807 1572 1860 eris
1604 1805 1668 1859 ab
1698 1822 1836 1877 aqua
1858 1822 2019 1877 argu-
2053 1779 2095 1833 Β
2122 1807 2225 1873 Qui
2257 1816 2437 1861 autem
2473 1822 2596 1861 cum
2628 1807 2971 1861 dubitatione
3002 1806 3189 1861 dicunt
3221 1825 3234 1861 :
3270 1807 3331 1861 Si
3362 1818 3417 1862 tu
3448 1826 3501 1863 es
3530 1808 3706 1864 Filius

440 1902 598 1955 tionis
628 1901 723 1954 hac
753 1899 1058 1954 maledicta.
1108 1896 1174 1953 Et
1206 1906 1329 1969 post
1373 1913 1544 1966 pauca
1569 1897 1610 1927 δ’
1641 1916 1652 1950 :
1684 1896 1752 1952 Et
1797 1898 2020 1967 adjura-

441 1992 549 2054 bit,
601 1991 819 2059 inquit,
871 1994 1115 2045 sacerdos
1169 1989 1441 2044 mulierem
1487 1990 1541 2043 in
1590 1989 2019 2058 adjurationibus

442 2084 826 2138 maledictiunis
874 2082 1053 2150 hujus.
1094 2080 1223 2135 item
1272 2083 1326 2133 in
1370 2081 1528 2135 tertio
1560 2079 1766 2152 Regum
1801 2082 1847 2111 δ’
1886 2081 2022 2134 dixit

439 2190 532 2227 res
563 2172 750 2228 Achab
784 2172 850 2227 ad
883 2170 1165 2226 Michaeam
1201 2189 1215 2225 :
1244 2170 1448 2237 Adiuro
1497 2180 1544 2225 te
1589 2180 1646 2223 ut
1677 2171 1912 2242 loquaris
1951 2171 2020 2223 ad

441 2281 523 2318 me
559 2265 832 2317 veritatem
885 2262 941 2316 in
990 2263 1201 2315 nomine
1231 2260 1466 2317 Domini.
1510 2261 1797 2331 Adjuravit
1839 2272 2018 2318 autem

440 2371 535 2409 rex
579 2354 937 2424 prophetam,
989 2360 1045 2407 et
1102 2352 1375 2422 adjuravit
1425 2368 1533 2407 non
1581 2355 1723 2408 sicut
1768 2356 2023 2411 sacerdos

439 2446 496 2502 in
522 2446 797 2501 Numcris.
837 2444 928 2499 llle
951 2444 1097 2499 enim
1128 2461 1191 2499 ex
1224 2445 1359 2514 legis
1389 2455 1679 2516 prmeepto,
1715 2449 1816 2503 iste
1840 2458 2021 2503 autem

440 2553 506 2591 ex
555 2533 784 2592 arbitrio
843 2554 963 2593 suo.
1015 2537 1083 2591 Et
1121 2553 1267 2592 nunc
1317 2540 1371 2591 in
1405 2537 1526 2592 loco
1556 2537 1806 2607 praesenti
1835 2536 2019 2593 Jesum

441 2630 696 2684 sacerdos
725 2628 938 2697 adjurat
970 2645 1063 2698 per
1097 2628 1263 2685 Deum
1296 2628 1499 2682 vivum.
1542 2628 1807 2684 Existimo
1837 2640 2021 2685 autem

440 2719 703 2788 quoniam
740 2734 849 2772 non
903 2727 1112 2788 oportet
1168 2725 1229 2771 ut
1271 2717 1355 2771 vir
1404 2718 1496 2787 qui
1547 2718 1662 2773 vult
1720 2721 2021 2775 secundum

446 2810 796 2882 Evangelium
845 2812 1055 2878 vivere,
1105 2810 1320 2880 adjuret
1376 2809 1632 2864 alterum.
1696 2808 1887 2864 Simile
1941 2817 2027 2864 est

440 2903 588 2957 enim
619 2903 764 2973 quod
794 2901 929 2957 dicit
958 2902 1011 2956 in
1039 2900 1333 2971 Evangelio
1365 2899 1628 2955 Dominus
1659 2900 1774 2970 ipse
1798 2900 1874 2952 ":
1914 2899 2024 2972 Ego

442 3003 619 3044 autem
662 2992 781 3045 dico
836 3008 937 3046 non
984 2991 1173 3059 jurare
1226 2990 1462 3054 omnino,
1514 2999 1567 3042 et
1619 3006 1725 3045 non
1774 2990 2027 3061 adjurare

440 3080 685 3134 omnino.
745 3081 802 3134 Si
858 3083 1002 3134 enim
1048 3081 1237 3149 jurare
1295 3096 1402 3134 non
1462 3081 1586 3135 licet
1634 3090 1901 3150 quantum
1957 3082 2023 3137 ad

437 3169 811 3238 cvangcl'cum
844 3170 1048 3225 Christi
1084 3171 1419 3235 mandatum,
1445 3187 1632 3225 verum
1660 3180 1738 3226 est
1767 3173 1893 3242 quia
1929 3188 2029 3227 nec

449 3258 701 3330 adjurare
744 3260 973 3313 alterum
1022 3261 1166 3315 licet.
1224 3260 1517 3330 Propterea
1561 3262 1911 3316 manifestum
1946 3273 2029 3317 est

446 3349 705 3417 quoniam
740 3349 995 3417 princeps
1039 3348 1385 3402 sacerdotum
1428 3349 1612 3402 illicite
1640 3346 1825 3402 Jcsum
1871 3347 2030 3418 adju-

439 3438 600 3502 ravit,
630 3438 879 3508 quamvis
908 3437 961 3491 vi
983 3438 1157 3492 leatur
1186 3454 1283 3509 per
1311 3437 1479 3492 Deum
1511 3439 1691 3492 vivum
1721 3439 2026 3508 adjurassc.

439 3527 657 3595 Quaeret
700 3529 900 3598 aliquis
930 3529 976 3583 si
1011 3529 1267 3585 convenit
1292 3531 1377 3584 vel
1408 3529 1684 3585 daemones
1725 3530 1981 3598 adjurare
2009 3548 2023 3583 :

447 3629 504 3673 et
533 3620 626 3690 qui
661 3620 881 3688 respicit
908 3621 974 3673 ad
1006 3619 1206 3674 multos
1236 3620 1329 3692 qui
1362 3620 1487 3673 talia
1516 3618 1696 3673 facere
1729 3620 1850 3673 ausi
1878 3629 2025 3683 sunt,

440 3711 585 3767 dicet
627 3726 736 3764 non
765 3711 884 3764 sine
926 3710 1140 3764 ratione
1168 3711 1281 3764 ﬁeri
1319 3710 1440 3765 hoc.
1484 3708 1587 3775 Qui
1625 3718 1804 3763 autem
1835 3711 2029 3779 aspicit

446 3799 635 3855 Jcsum
688 3799 1045 3868 imperantem
1074 3798 1437 3862 daemonibus,
1466 3799 1560 3854 sed
1591 3800 1753 3853 etiam
1784 3808 2027 3870 potesta-

444 3898 550 3945 tem
580 3890 796 3944 dantem
832 3887 1118 3957 discipulis
1158 3887 1276 3942 suis
1318 3904 1483 3959 super
1514 3890 1700 3945 omnia
1732 3890 2025 3954 danuouia,

446 3989 501 4036 et
531 3989 592 4034 ιιι
621 3979 963 4033 inlirmitates
1007 3986 1299 4042 sanarent,
1338 3978 1482 4033 dicet
1512 3978 1771 4049 quoniam
1805 3995 1915 4034 non
1945 3988 2029 4035 est

444 4070 746 4126 secundum
788 4077 1111 4139 potestatem
1141 4068 1327 4123 datam
1368 4084 1400 4122 a
1434 4067 1717 4124 Salvatore
1768 4071 2029 4140 adjurare

443 4161 713 4217 daemonia
759 4179 772 4215 :
801 4159 1087 4216 Judaicum
1139 4168 1221 4214 est
1260 4160 1427 4215 enim.
1462 4160 1577 4215 Hoc
1600 4162 1702 4219 etsi
1734 4162 2030 4231 aliquando

445 4272 476 4309 a
511 4254 713 4308 nostris
754 4253 861 4307 tale
896 4251 1103 4321 aliquid
1138 4250 1250 4314 liat,
1287 4251 1467 4307 simile
1496 4252 1553 4307 lit
1592 4253 1643 4306 ei
1677 4254 1821 4322 quod
1860 4269 1890 4307 a
1924 4252 2027 4307 Sa-

445 4348 663 4400 lomone
737 4344 955 4412 scriptis
1038 4340 1477 4412 adjuratiouibus
1529 4344 1705 4401 solent
1752 4343 2029 4401 dzemones

2119 1896 2237 1957 Dei,
2289 1897 2358 1951 ab
2408 1898 2558 1950 omni
2609 1897 2943 1952 beatitudine
2972 1905 3102 1952 sunt
3155 1898 3338 1952 alicui.
3389 1897 3525 1953 Nam
3577 1901 3706 1971 quia

2120 2003 2226 2040 non
2267 1996 2385 2041 erat
2425 1987 2622 2059 dignus
2673 1988 2925 2060 princeps
2954 1988 3299 2042 sacerdotum
3346 1989 3547 2044 Christi
3609 1989 3708 2045 do-

2121 2078 2317 2142 ctrina,
2363 2088 2650 2149 propterea
2693 2095 2801 2135 non
2843 2096 2971 2135 eum
3015 2081 3206 2148 docet,
3260 2096 3362 2136 nec
3400 2081 3532 2135 dicit
3577 2082 3705 2152 quia

2125 2184 2225 2239 ego
2259 2185 2416 2234 sum;
2462 2171 2554 2224 sed
2598 2170 2819 2225 verbum
2869 2172 2986 2226 oris
3035 2172 3155 2241 ejus
3205 2172 3477 2242 accipiens
3525 2173 3578 2226 in
3625 2189 3711 2227 re-

2124 2260 2505 2330 dargutiouem
2564 2261 2759 2330 ipsius,
2814 2264 3084 2317 convertit
3136 2263 3362 2318 dicens:
3394 2262 3471 2317 Tu
3499 2264 3711 2329 dixisti,

2123 2356 2183 2401 ut
2216 2364 2280 2401 eo
2315 2351 2482 2403 modo
2511 2350 2787 2405 videretur
2815 2353 2992 2422 argui,
3027 2369 3133 2407 non
3161 2353 3363 2409 doceri.

2194 2437 2316 2494 ill.
2364 2440 2530 2494 Amen
2568 2442 2687 2494 dico
2730 2441 2872 2495 vobis
2921 2457 2939 2494 :
2973 2441 3175 2495 Amodo
3215 2441 3457 2496 videbitis
3502 2441 3711 2496 Filium

2121 2528 2350 2583 hominis
2416 2532 2680 2585 sedentem
2723 2549 2754 2585 a
2799 2533 3001 2586 dextris
3056 2533 3288 2598 virtutis,
3331 2540 3379 2585 et
3424 2532 3711 2586 venientem

2122 2632 2285 2686 supra
2324 2621 2484 2675 nubes
2532 2620 2651 2675 creti
2692 2621 2760 2678 ⁸⁷.
2818 2621 3090 2689 Quoniam
3149 2636 3256 2676 nou
3306 2630 3390 2677 est
3446 2622 3708 2691 scriptum

2124 2721 2155 2759 a
2195 2706 2404 2766 dextris
2454 2711 2587 2778 Dei,
2637 2712 2733 2767 sed
2786 2712 2929 2782 apud
2975 2726 3168 2766 omnes
3217 2712 3581 2782 evangelistas
3637 2712 3707 2766 ad

2126 2809 2373 2865 dextram
2406 2804 2628 2859 virtutis
2665 2803 2853 2858 sedere
2889 2802 3085 2858 Filium
3129 2803 3391 2869 hominis,
3430 2804 3556 2857 item
3601 2813 3712 2859 tres

2125 2901 2470 2972 evangelista;
2500 2898 2750 2954 similiter
2790 2898 3038 2953 scribunt
3080 2915 3093 2951 :
3134 2897 3375 2951 videbitis
3413 2897 3711 2962 sedentem;

2129 2987 2473 3059 simplicibus
2530 2986 2753 3055 quidem
2823 2987 3147 3041 conceditur
3204 2986 3297 3055 qui
3352 2986 3488 3039 nihil
3540 2986 3710 3040 altum

2129 3085 2364 3150 possunt
2406 3075 2597 3130 audire
2648 3076 2702 3129 iu
2739 3089 2805 3130 eo
2845 3076 2988 3146 quod
3038 3076 3191 3141 dicit,
3226 3074 3509 3141 sedentem,
3557 3092 3622 3130 ac
3665 3092 3712 3132 st

2133 3172 2302 3235 dicat,
2360 3184 2525 3241 supra
2576 3169 2832 3223 virtutem
2899 3165 3206 3223 fundatum.
3266 3166 3478 3234 Quibus
3529 3176 3712 3221 autem

2130 3261 2393 3332 possibile
2415 3270 2500 3317 est
2530 3260 2728 3329 spiritu
2758 3259 2940 3313 omnia
2978 3257 3307 3328 perscrutari
3336 3258 3498 3311 etiam
3530 3257 3716 3311 altitu-

2130 3353 2287 3409 dines
2315 3351 2430 3416 Dei,
2465 3359 2521 3406 et
2548 3350 2694 3421 quod
2726 3350 2991 3420 scriptum
3023 3358 3102 3404 est
3130 3348 3174 3380 “
3199 3367 3211 3401 :
3238 3347 3345 3413 Qui
3376 3351 3521 3402 sedes
3559 3362 3716 3418 super

2132 3442 2401 3498 cherubim
2448 3458 2678 3512 appare;
2738 3451 2794 3497 et
2827 3441 2913 3496 "z
2956 3440 3076 3494 Vidi
3126 3438 3411 3493 Dominum
3452 3439 3713 3494 sedentem

2131 3551 2290 3604 super
2309 3534 2486 3589 sedem
2510 3534 2772 3588 excelsam
2809 3544 2858 3587 et
2884 3532 3175 3595 elet'atam;
3217 3539 3271 3584 et
3292 3532 3339 3561 ⁸⁸
3367 3546 3381 3581 :
3414 3529 3561 3583 Dixit
3599 3528 3712 3581 Do-

2132 3628 2307 3679 minus
2364 3625 2586 3678 Domino
2630 3639 2742 3677 meo
2776 3639 2795 3677 :
2841 3622 2976 3678 Sede
3026 3639 3059 3676 a
3098 3622 3299 3675 dextris
3346 3621 3493 3681 meis,
3542 3621 3707 3673 donec

2129 3732 2324 3787 ponam
2371 3716 2615 3769 inimicos
2664 3724 2780 3767 tuos
2831 3713 3118 3767 scabellum
3160 3713 3352 3782 pedum
3386 3723 3615 3775 tuorum,
3648 3720 3705 3765 et

2131 3808 2241 3862 alia
2272 3806 2475 3861 similia
2502 3821 2627 3873 qua:
2668 3805 2736 3859 de
2765 3802 2876 3857 Deo
2913 3803 3134 3858 sedente
3164 3800 3307 3857 dicta
3339 3809 3486 3861 sunt,
3515 3799 3710 3853 simili-

2132 3904 2214 3951 ter
2256 3903 2311 3949 et
2352 3895 2420 3948 de
2446 3894 2669 3948 Christo
2711 3892 2991 3957 dicuntur,
3038 3906 3161 3961 qua:
3206 3888 3456 3945 conferre
3498 3897 3715 3957 oportet

2129 4002 2254 4041 cum
2296 3985 2442 4040 dicto
2482 3984 2757 4055 praesenti,
2801 3992 2861 4037 ut
2888 3999 2953 4037 ex
2989 3982 3183 4037 humili
3222 3980 3625 4037 existimatione
3658 3991 3719 4035 et

2129 4075 2375 4131 fabulosa
2434 4074 2717 4129 videamus
2767 4072 2899 4143 quid
2936 4071 3206 4143 signiticet
3262 4085 3421 4125 more
3470 4070 3723 4124 humano

2135 4166 2309 4222 sessio
2348 4166 2573 4221 Christi.
2611 4163 2838 4220 Videtur
2867 4172 3046 4218 autem
3083 4162 3216 4216 mihi
3244 4162 3503 4232 quoniam
3547 4160 3717 4231 911

2127 4256 2501 4311 fundationem
2562 4255 2858 4326 quamdam
2905 4268 2960 4310 et
3003 4254 3310 4308 ﬁrmitatem
3355 4254 3588 4323 regalem
3637 4253 3721 4307 si-

2128 4348 2350 4419 gnificat
2397 4346 2571 4403 sessio
2616 4345 2738 4400 Filii
2782 4345 3038 4400 hominis.
3070 4342 3231 4398 Juxta
3269 4345 3523 4399 virtutem
3559 4359 3711 4415 ergo,

447 4434 714 4503 adjurari.
764 4434 868 4488 Sed
900 4433 1001 4504 ipsi
1032 4432 1125 4503 qui
1161 4440 1391 4487 utuntur
1435 4433 1870 4503 adjurationibus
1898 4433 2026 4498 illis,
2060 4466 2105 4520 ι)
2133 4441 2228 4511 qui
2282 4439 2433 4494 solus
2485 4444 2569 4491 est
2620 4436 2794 4491 virtus
2837 4444 2894 4492 et
2939 4435 3153 4505 proprie
3199 4434 3532 4500 nominatur,
3579 4443 3633 4488 et
3683 4450 3714 4488 ιι

446 4529 742 4595 aliquoties
788 4542 890 4583 nec
935 4528 1150 4584 idoneis
1197 4525 1508 4581 constitutis
1561 4525 1715 4580 libris
1768 4534 2025 4579 utuntur:

445 4621 772 4689 quihusdam
819 4631 1001 4674 autem
1036 4629 1092 4676 et
1131 4622 1197 4676 de
1224 4619 1450 4674 Heln-aro
1491 4619 1728 4687 acceptis
1773 4617 2029 4685 adjuraut

447 4712 737 4767 daemonia.
768 4711 973 4767 Tamen
1022 4728 1127 4768 non
1158 4713 1388 4768 decebat
1431 4710 1722 4764 Dominum
1776 4718 2025 4764 nostrum

447 4801 513 4854 ad
548 4801 948 4868 adjuratiomm
987 4802 1251 4872 principis
1289 4800 1637 4855 sacerdotum
1678 4800 2026 4868 respondere,

445 4889 603 4962 quasi
656 4890 763 4945 vim
811 4906 1030 4962 passum
1077 4891 1146 4945 ab
1185 4891 1473 4960 adjuraute
1512 4898 1700 4945 contra
1755 4889 2025 4958 pmpriam

447 4979 800 5034 voluntatem.
834 4979 1064 5051 Propter
1091 4981 1237 5050 quod
1275 4995 1378 5035 nec
1409 4980 1625 5053 negavit
1655 4995 1715 5035 se
1743 4978 2027 5035 Christum

448 5068 644 5124 Filium
690 5069 784 5125 Dei
816 5087 959 5138 esse,
994 5087 1096 5127 nec
1138 5071 1425 5126 tuanifeste
1463 5070 1748 5127 confessus
1780 5080 1894 5138 est;
1930 5072 2027 5127 sed

449 5162 605 5232 quasi
639 5162 818 5232 ipsum
849 5173 1040 5218 testem
1068 5165 1341 5234 accipiens
1370 5163 1736 5237 adjurantem,
1765 5165 2027 5234 quoniam

451 5252 568 5321 ipse
598 5263 681 5308 est
711 5255 805 5318 qui
845 5255 901 5310 in
952 5255 1377 5328 interrogatione
1429 5257 1733 5312 sacerdotis
1788 5272 2030 5326 pronun-

452 5346 617 5398 t‘atus
642 5345 998 5403 estChriStus
1026 5345 1197 5404 Filius
1228 5347 1342 5414 Dei,
1373 5348 1561 5404 dicens
1585 5363 1600 5400 :
1621 5347 1699 5402 Tu
1725 5349 1934 5403 dia-isti.
1967 5346 2034 5401 Et

450 5435 710 5505 quoniam
750 5440 918 5495 omnis
947 5440 1036 5508 qui
1065 5439 1194 5510 facit
1220 5450 1513 5511 peccatum,
1547 5453 1612 5494 ex
1635 5439 1847 5493 diabolo
1875 5447 2031 5504 natus

533 5572 1190 5638 ιειιιειιιιι.χχνι,65,ιιι.
1276 5572 1321 5604 ³³
1344 5560 1395 5636 ἡ,
1425 5573 1504 5627 19.
1589 5572 1635 5604 ιο
1660 5571 1789 5627 ibid.

465 5645 509 5677 ⁸⁵
540 5644 729 5698 Matth.
765 5659 840 5706 Iv,
871 5646 924 5700 6.

1025 5576 1077 5635 5,
1102 5574 1190 5628 (is.
1276 5573 1321 5604 ³³
1344 5591 1395 5636 v,
1425 5573 1504 5627 l9.
1589 5573 1635 5604 ⁸⁰
1660 5573 1789 5627 ibid.
1880 5573 1921 5605 “
1952 5573 2021 5628 ibi

1025 5644 1070 5675 “
1094 5643 1282 5701 Matth.
1311 5659 1419 5709 xv't,
1461 5644 1544 5698 16.
1623 5643 1665 5674 ⁸⁷
1698 5643 1886 5697 Matth.
1930 5661 2024 5698 xxv

2125 5576 2204 5631 25.
2292 5573 2336 5606 δ’
2363 5592 2494 5628 xxu.
2538 5574 2621 5628 16.
2715 5573 2760 5606 ⁸³
2783 5573 2971 5628 Matth.
3003 5592 3053 5636 v,
3081 5574 3170 5628 54.

2125 5647 2198 5702 id.
2278 5646 2320 5679 ⁵⁸
2348 5647 2487 5702 I’sal.
2523 5661 2701 5712 uxtx,
2729 5645 2783 5699 ἓ.
2862 5647 2903 5677 δ’
2933 5644 3032 5699 lsa.
3059 5659 3134 5708 vt,
3172 5643 3218 5697 ι.

462 5715 505 5749 ⁸⁸
534 5714 696 5771 Marc.
732 5730 841 5779 xrv,
869 5716 956 5771 6‘2.
1031 5716 1076 5749 "
1102 5714 1292 5770 Matth.
1326 5731 1468 5778 xxw,
1500 5715 1586 5769 6i.
1666 5715 1711 5745 ⁸³
1739 5713 1871 5769 Luc.
1905 5731 1992 5783 xx,
2021 5716 2108 5771 69.

2133 4531 2342 4589 dextris
2398 4529 2655 4583 fundatus
2692 4536 2794 4591 est,
2841 4537 2895 4581 et
2935 4527 3027 4596 qui
3065 4526 3274 4595 accepit
3320 4539 3533 4580 onmem
3565 4532 3718 4594 pote-

2132 4632 2328 4679 statem
2374 4639 2404 4677 a
2432 4622 2592 4675 Patre
2639 4622 2781 4675 sicut
2821 4620 2875 4673 iu
2920 4620 3060 4674 ratio
3091 4626 3146 4674 et
3181 4618 3234 4671 in
3277 4626 3438 4671 terra.
3476 4615 3541 4669 Et
3573 4616 3716 4672 hanc

2133 4714 2507 4770 fundatiouem
2539 4710 2882 4784 [aliquando]
2911 4710 3174 4766 videbunt
3201 4709 3362 4762 etiam
3394 4708 3716 4772 adversarii,

2134 4809 2424 4875 postquam
2458 4817 2583 4855 cum
2617 4801 2801 4856 laetitia
2832 4799 3067 4854 viderint
3106 4812 3231 4852 eum
3268 4796 3433 4851 beati.
3485 4793 3591 4849 Sed
3622 4809 3714 4849 se-

2134 4892 2372 4947 cundum
2425 4890 2666 4946 Marcum
2717 4890 2935 4959 quidem
2994 4903 3102 4942 non
3151 4886 3313 4941 habet
3361 4884 3570 4949 amatio,
3620 4887 3719 4940 sed

2131 4981 2360 5051 puriter,
2399 4980 2450 5034 id
2477 4988 2600 5035 est:
2642 4979 2899 5033 Videbitis
2928 4976 3130 5031 Filium
3164 4974 3393 5028 hominis
3435 4991 3468 5026 ιι
3511 4974 3715 5028 dextris

2134 5075 2395 5127 sedentem
2445 5073 2658 5127 virtutis
2700 5072 2743 5103 "
2798 5088 2812 5124 :
2856 5067 3155 5124 secundum
3204 5080 3366 5135 quem
3424 5065 3559 5119 nihil
3612 5066 3717 5121 erit

2131 5164 2467 5220 contrarium
2523 5163 2608 5219 bis
2638 5177 2760 5233 quae
2820 5160 3164 5215 tradidimus.
3221 5156 3537 5211 Secundum
3579 5153 3716 5208 Mat-

2132 5258 2334 5310 tlneum
2362 5264 2540 5309 autem
2569 5255 2661 5324 qui
2691 5254 2823 5309 dicit
2852 5268 2867 5304 :
2893 5249 3096 5306 Amodo
3144 5247 3387 5302 videbitis
3419 5247 3488 5312 ³⁸,
3525 5251 3580 5298 et
3627 5258 3715 5299 se-

2137 5348 2375 5402 cundum
2408 5345 2612 5401 Lucam
2643 5346 2908 5401 dicentem
2935 5359 2948 5396 :
2979 5341 3062 5396 Ea:
3087 5342 3184 5394 hoc
3212 5339 3313 5393 erit
3340 5335 3517 5391 Filius
3539 5335 3717 5389 Itoni-

2138 5439 2222 5494 nis
2252 5439 2320 5501 ⁵³,
2355 5445 2411 5493 et
2460 5445 2694 5505 caetera,
2742 5434 3093 5509 quaerendum
3142 5440 3228 5489 est
3271 5431 3318 5487 si
3361 5443 3428 5485 es
3475 5428 3571 5482 hoc
3599 5427 3716 5482 hac

2292 5573 2336 5606 δ’
2363 5592 2494 5628 xxu.
2538 5574 2621 5628 16.
2715 5572 2760 5606 ⁸³
2783 5573 2971 5628 Matth.
3003 5592 3053 5636 v,
3081 5574 3170 5628 54.
3246 5570 3292 5602 ⁸⁸
3320 5570 3338 5624 Ι
3367 5570 3522 5625 Joan.
3556 5584 3637 5632 Ill,
3672 5569 3706 5623 8

3296 5642 3342 5673 "
3366 5640 3507 5697 Psal.
3539 5654 3648 5706 cut,
3677 5640 3738 5698 is
