4112 6406
491 333 626 387 Ιῖὕυ

1671 323 2000 383 omcems
2037 324 2105 380 IN
2139 310 2557 385 nummum

3626 341 3766 397 {illo

500 469 606 524 tua:
645 451 785 507 dixit
816 450 1069 506 Salvator
1112 449 1328 520 impleta
1366 457 1494 502 sunt
1533 460 1588 504 et
1636 449 1689 502 in
1723 449 1805 504 eis
1834 449 1928 519 qui
1975 464 2078 503 au-
2105 456 2151 512 Α
2182 457 2239 502 et
2266 449 2498 519 gloriam
2545 450 2884 508 existimavit
2919 451 3205 511 Iudaicam
3250 467 3305 512 et
3338 455 3641 516 fabulosam
3683 462 3769 518 hi-

481 546 702 599 dierunt
727 544 873 614 quod
911 544 1053 599 dixit
1091 562 1103 595 :
1147 543 1352 597 Amodo
1387 541 1630 596 videbitis
1661 540 1864 595 Filium
1897 540 2071 594 homi-

480 639 561 691 nis
591 636 852 691 sedentem
885 653 918 689 a
943 636 1143 689 dextris
1174 636 1404 688 virtutis.
1439 633 1505 689 Et
1535 635 1773 690 dicimus
1806 635 2069 706 quoniam

482 736 658 798 potest
710 728 994 797 impletum
1047 725 1256 793 videri,
1303 725 1563 797 quoniam
1614 741 1680 781 ex
1723 726 1835 792 illo,
1889 726 1942 781 id
1986 738 2071 783 est

481 826 723 887 tempore
778 818 1207 887 dispensationis
1266 817 1440 874 Filius
1497 818 1741 875 hominis
1800 819 1939 875 sedit
1998 820 2070 876 ad

475 911 723 965 dextram
772 909 1011 975 virtutis,
1041 919 1097 965 et
1142 909 1399 965 viderunt
1425 925 1552 965 eum
1582 911 1835 982 discipuli
1884 928 2068 967 resur-

473 1011 689 1072 gentem
724 1019 754 1057 a
786 1003 1041 1070 mortuis,
1089 1010 1143 1057 et
1184 1018 1282 1073 per
1320 1002 1425 1059 hoc
1464 1002 1722 1059 viderunt
1769 1019 1895 1059 cum
1938 1003 2065 1059 fun-

471 1096 660 1149 datmn
696 1095 762 1150 ad
790 1094 1037 1150 dextram
1085 1094 1324 1160 virtutis,
1362 1094 1664 1149 secundum
1698 1096 1844 1167 quod
1890 1097 2063 1151 tradi-

468 1186 652 1241 diuius
682 1201 869 1256 supra.
903 1185 1013 1241 Aut
1045 1187 1119 1241 ita
1145 1202 1158 1239 :
1186 1184 1323 1241 Vide
1352 1186 1399 1241 si
1430 1196 1586 1256 potes
1619 1187 1811 1241 horam
1844 1195 1900 1243 et
1918 1188 2062 1244 diem

470 1279 650 1334 metiri
705 1295 815 1334 non
869 1278 1173 1334 secundum
1222 1278 1568 1347 brevitatem,
1622 1296 1746 1350 quae
1787 1290 1873 1336 est
1918 1282 2063 1352 apud

469 1370 744 1435 homines,
801 1369 1062 1425 horarum
1111 1379 1279 1441 atque
1321 1369 1532 1425 dierum
1558 1409 1576 1435 ,
1621 1372 1715 1426 sed
1757 1372 2059 1427 secundum

466 1460 888 1533 longitudinem,
938 1475 1063 1532 qua:
1109 1470 1193 1515 est
1244 1461 1385 1530 apud
1419 1459 1711 1515 Dominum
1775 1462 2060 1532 sempiter—

467 1569 622 1618 num,
664 1553 754 1608 cui
794 1569 825 1607 a
851 1552 1245 1608 constitutione
1270 1551 1462 1606 mundi
1491 1568 1665 1620 usque
1696 1554 1763 1607 ad
1794 1568 2058 1608 consum-

466 1647 764 1700 mationem
820 1646 942 1714 ejus
990 1654 1073 1699 est
1117 1659 1260 1700 unus
1308 1644 1427 1699 dies
1468 1663 1483 1699 :
1522 1646 1670 1715 quod
1716 1646 2060 1702 demonstrat

463 1737 747 1807 parabola,
791 1737 885 1792 ubi
928 1736 1062 1792 dicit
1103 1738 1171 1793 de
1203 1739 1493 1794 conductis
1526 1755 1686 1793 tuane
1728 1739 1781 1792 in
1818 1740 2057 1807 vineam,

461 1838 514 1883 et
545 1828 701 1883 tertia
748 1828 905 1908 hora,
947 1837 1000 1884 et
1050 1838 1227 1893 sexta,
1260 1839 1313 1885 et
1349 1846 1522 1900 usque
1572 1830 1639 1884 ad
1686 1830 2051 1885 undecimam.
2088 1819 2131 1873 Β

460 1919 605 1975 Nihil
634 1938 763 1993 ergo
797 1923 997 1976 mirum
1030 1932 1082 1977 et
1112 1924 1256 1992 quod
1292 1922 1382 1977 hic
1411 1923 1543 1977 dicit
1570 1923 1821 1977 Salvator
1859 1924 2050 1977 amodo

463 2014 703 2081 spatium
762 2029 886 2068 esse
941 2013 1327 2068 brevissimum
1399 2030 1575 2084 usque
1629 2024 1779 2079 tunc,
1833 2014 1885 2067 in
1940 2030 2052 2084 quo

459 2106 638 2176 spatio
671 2104 926 2159 dicebat:
967 2104 1220 2159 Videbitis
1262 2105 1465 2159 Filium
1508 2107 1736 2161 hominis
1784 2108 2048 2161 sedentem

458 2216 492 2249 α
520 2198 725 2251 dextris
760 2198 992 2259 virtutis,
1023 2197 1087 2251 ad
1120 2197 1244 2253 illos
1279 2199 1369 2268 qui
1409 2208 1535 2253 tunc
1578 2215 1702 2253 eum
1731 2199 2046 2269 audiebant,

459 2288 597 2344 forte
626 2298 755 2343 tunc
787 2288 1009 2358 quando
1034 2289 1173 2341 dixit
1203 2288 1457 2343 Dominus
1483 2289 1710 2345 Domino
1739 2309 1850 2346 meo
1872 2308 1889 2345 :
1915 2291 2048 2347 Sede

455 2402 489 2437 α
511 2384 714 2437 dextris
744 2384 894 2447 meis,
924 2380 1088 2435 donec
1110 2399 1302 2452 ponam
1333 2383 1576 2437 inimicos
1609 2395 1727 2437 tuos
1758 2385 2046 2439 scalvellum

453 2472 645 2543 pedum
672 2482 884 2526 tuorum
908 2471 993 2526 ’δε
1028 2472 1081 2525 in
1131 2473 1333 2543 quibus
1386 2482 1538 2528 erant
1594 2488 1647 2530 et
1694 2476 1769 2529 illi
1811 2475 1876 2529 ad
1906 2490 2045 2545 quos

454 2561 943 2618 dicebat:Amodo
1000 2562 1264 2616 videbitis.
1319 2564 1578 2621 Inimicus
1626 2567 1771 2620 enim
1824 2576 1943 2620 erat
1989 2574 2044 2620 et

452 2655 690 2726 Caiphas
742 2653 838 2724 qui
878 2653 1239 2709 insidiabatur
1284 2655 1522 2711 Christo.
1576 2655 1644 2710 Et
1697 2672 1805 2710 non
1864 2657 2039 2711 solum

453 2748 730 2803 sedentem
791 2761 916 2800 eum
970 2745 1039 2800 ad
1093 2746 1340 2802 dextram
1391 2747 1609 2802 virtutis
1671 2747 1889 2802 visuros
1938 2747 2039 2803 hos

453 2839 846 2909 prophetabat,
904 2839 1000 2894 sed
1058 2838 1222 2894 etiam
1278 2841 1495 2896 visuros
1547 2855 1672 2894 eum
1726 2841 2037 2905 venientem,

452 2935 598 2989 sicut
648 2931 935 2986 Matthqu
988 2933 1208 3001 quidem
1251 2932 1423 2999 dicit,
1490 2949 1647 3002 super
1695 2931 1854 2986 nubes
1899 2936 2036 2988 caeli.

447 3027 583 3094 Qua:
627 3033 751 3078 sunt
786 3032 964 3077 autem
1011 3026 1184 3080 nubes
1214 3040 1378 3094 super
1411 3040 1550 3095 quas
1578 3024 1756 3077 veniet
1783 3026 1874 3093 qui
1911 3026 2049 3079 run—7

448 3120 609 3172 :latus
633 3126 717 3172 est
749 3135 777 3170 a
804 3117 1012 3174 dextris
1065 3117 1300 3181 virtutis,
1333 3122 1575 3170 autcum
1606 3115 1805 3183 quibus
1837 3117 2034 3182 veniet,
2065 3152 2107 3209 ο

451 3217 547 3263 aut
581 3209 648 3263 ad
690 3227 830 3279 quas
864 3211 1135 3281 pertinget
1177 3208 1380 3263 veritas
1410 3206 1504 3262 Dei
1545 3209 1845 3261 secundum
1883 3208 2030 3277 quod

441 3300 719 3372 ,scriptum
770 3311 855 3357 est
880 3303 973 3358 "z
1020 3296 1089 3355 Et
1137 3300 1331 3355 veritas
1388 3310 1481 3353 tua
1526 3314 1688 3366 usque
1737 3299 1805 3351 ad
1836 3300 2035 3352 nubes?

449 3392 543 3449 "ait
583 3403 712 3449 sunt
760 3395 896 3449 vivae
944 3392 1142 3458 nubes,
1193 3390 1474 3460 prephetzn
1516 3389 1645 3457 Dei,
1696 3400 1751 3445 et
1798 3390 2031 3461 apostoli

446 3486 675 3552 Christi,
707 3487 912 3557 quibus
942 3482 1164 3541 mandat
1189 3483 1375 3552 pluere
1411 3499 1536 3537 cum
1564 3486 1889 3553 oportuerit,
1939 3494 2033 3539 aut

448 3596 556 3633 non
586 3580 775 3650 pluere
805 3590 972 3649 super
1000 3574 1215 3629 vineam
1258 3574 1378 3629 sine
1410 3575 1610 3629 h-urtu.
1662 3574 1718 3630 Si
1753 3592 1892 3646 quas
1926 3593 2028 3630 au-

450 3681 556 3725 tem
610 3687 721 3726 non
757 3669 889 3725 vult
931 3680 1056 3721 esse
1104 3666 1415 3735 hujusmodi
1466 3667 1639 3722 nubes
1686 3684 1849 3736 super
1893 3684 2031 3737 quas

443 3771 494 3816 et
529 3777 663 3835 cum
686 3758 889 3831 quibus
919 3758 1099 3813 veniet
1120 3750 1289 3813 Filius
1318 3758 1555 3813 hominis
1588 3774 1875 3829 apparens,
1913 3760 2029 3828 ipse

444 3855 568 3910 scit.
604 3852 831 3923 Semper
868 3852 1014 3905 enim
1060 3868 1224 3922 super
1279 3852 1400 3906 illas
1447 3860 1501 3906 et
1550 3868 1674 3906 eum
1725 3852 1831 3905 illis
1856 3852 2025 3915 venit,

445 3945 741 4013 ostendens
781 3959 940 3999 suum
979 3944 1268 3999 adventum
1301 3946 1478 4014 dignis
1506 3961 1567 3999 se
1594 3944 1737 3999 Deus
1764 3943 2025 4011 Verbum,

440 4042 498 4089 et
548 4031 853 4101 sapientia,
907 4041 962 4086 et
1008 4033 1232 4098 veritas,
1278 4042 1334 4088 et
1375 4033 1606 4103 justitia.
1664 4032 1791 4089 llaec
1844 4043 2024 4089 autem

439 4137 581 4193 quas
615 4120 941 4177 tradidimus
985 4122 1179 4186 nubes,
1211 4122 1369 4191 quasi
1412 4130 1691 4191 portantes
1730 4123 2023 4194 imaginem

439 4213 698 4278 celestis,
753 4214 927 4269 nubes
977 4223 1108 4268 sunt
1157 4213 1281 4267 cmli
1333 4230 1441 4267 non
1491 4215 1825 4268 transeuntis
1878 4215 2024 4269 sedis

443 4301 562 4367 Dei,
592 4310 646 4356 et
701 4317 870 4372 regno
899 4300 993 4356 Dei
1026 4301 1377 4373 dignilicatze,
1430 4303 1589 4372 quasi
1639 4303 1884 4359 hairedes
1926 4303 2021 4359 Dei

437 4403 493 4448 et
524 4394 834 4451 cohaeredes
868 4395 1096 4462 Christi,
1134 4405 1188 4451 et
1220 4404 1558 4465 conregnant
1586 4395 1663 4449 ci.

2177 541 2404 595 storiam
2438 542 2632 598 littera:
2664 545 2990 603 occidentis.
3022 548 3089 602 Et
3117 549 3342 618 putabat
3373 554 3531 620 quasi
3562 553 3762 609 intelli-

2174 648 2307 701 gens
2335 632 2544 689 Christi
2589 652 2895 703 sermones,
2946 639 3278 696 suﬁicientos
3321 657 3445 698 esse
3491 644 3558 699 ad
3610 647 3762 700 testi-

2174 722 2421 776 monium
2452 733 2642 779 contra
2694 726 2897 797 ipsum,
2932 728 3027 799 qui
3075 739 3237 786 testes
3278 743 3435 788 erant
3461 733 3764 791 divinitatis

2171 812 2365 882 ipsius,
2406 825 2674 885 quantum
2710 819 2776 872 ad
2805 834 2901 874 eos
2934 822 3027 890 qui
3068 821 3364 894 intelligere
3398 839 3667 895 possunt;
3709 835 3764 882 et

2169 906 2305 960 dicit
2339 908 2406 962 ad
2436 923 2534 963 eos
2560 910 2654 979 qui
2687 912 2876 966 eadem
2912 914 3196 983 sapicbaut
3223 933 3237 969 :
3264 914 3399 970 Ecce
3432 934 3570 972 nunc
3600 918 3757 972 audi-

2170 1001 2266 1054 stis
2300 1001 2686 1071 blasphemiam
2730 1004 2846 1074 ejus
2880 1022 2899 1059 :
2930 1006 3060 1075 quid
3113 1006 3257 1060 vobis
3305 1009 3514 1062 videtur
3542 1009 3629 1063 "?
3655 1010 3756 1065 do-

2171 1107 2272 1147 nec
2320 1094 2712 1162 respondentes
2760 1103 2815 1149 et
2860 1097 2960 1165 ipsi
2997 1097 3259 1152 adversus
3307 1098 3547 1154 animam
3597 1116 3754 1156 suam

2167 1186 2522 1252 pronuntient
2563 1186 2631 1241 de
2666 1185 2818 1252 Jesu,
2864 1188 3123 1256 quoniam
3178 1204 3296 1242 reus
3338 1198 3415 1243 est
3466 1193 3651 1245 mortis
3681 1193 3750 1249 ⁵⁸.

2166 1275 2441 1342 Quantum
2501 1288 2660 1347 putas
2732 1278 2833 1333 fuit
2883 1281 3090 1335 erroris
3148 1281 3322 1352 ipsam
3395 1283 3749 1353 principalem

2163 1370 2409 1422 ornnimu
2460 1369 2625 1423 vitam
2677 1386 2825 1425 ream
2878 1373 3070 1427 mortis
3125 1375 3499 1443 pronuntiare,
3543 1385 3598 1431 et
3630 1386 3752 1431 tan-

2163 1468 2343 1513 torum
2381 1462 2783 1531 resurgentium
2847 1464 3162 1520 testimonio
3204 1481 3313 1520 non
3347 1467 3594 1536 aspicere
3624 1467 3748 1523 fon-

2162 1559 2272 1606 tem
2320 1552 2471 1619 vitae,
2519 1554 2587 1607 de
2622 1571 2734 1624 quo
2769 1555 2821 1609 in
2856 1570 3050 1611 onmes
3096 1557 3340 1613 viventes
3369 1559 3477 1613 vita
3501 1557 3701 1614 ﬂuebat
3725 1578 3744 1615 :

2161 1646 2423 1712 quoniam
2457 1645 2594 1699 sicut
2622 1644 2789 1699 Pater
2816 1647 2978 1700 vitam
3020 1647 3174 1704 habet
3210 1651 3266 1705 in
3300 1666 3376 1717 se,
3417 1651 3495 1705 sic
3526 1660 3576 1705 et
3600 1649 3748 1707 Filio

2160 1733 2307 1787 dedit
2329 1735 2495 1788 vitam
2523 1737 2711 1791 habere
2740 1738 2794 1791 in
2818 1740 3099 1810 semetipso
3117 1741 3185 1795 ".

2233 1825 2357 1881 115.
2406 1824 2555 1881 Tunc
2582 1841 2904 1898 exspuerunt
2941 1831 2997 1884 in
3026 1832 3218 1900 [aciem
3250 1831 3388 1901 ejus,
3428 1842 3479 1887 et
3506 1834 3746 1902 colaphis

2156 1933 2275 1971 cum
2318 1919 2642 1973 ceciderunt.
2710 1921 2822 1975 Alii
2880 1933 3058 1975 autem
3104 1921 3312 1990 palmas
3363 1923 3417 1976 in
3469 1923 3656 1983 faciem
3695 1926 3745 1979 ei

2153 2010 2434 2075 dederunt,
2480 2013 2750 2068 dicentes:
2777 2013 3099 2084 PrOphetiza
3132 2014 3305 2079 nobis,
3349 2014 3578 2079 Christe,
3625 2017 3744 2085 quis

2151 2112 2229 2157 est
2257 2105 2349 2173 qui
2386 2114 2434 2158 te
2475 2108 2734 2173 percussit
2762 2106 2827 2160 ⁸ο.
2873 2105 3142 2171 Pessime,
3192 2108 3333 2163 sicut
3376 2108 3632 2171 arbitror,
3665 2108 3743 2162 illi

2150 2195 2244 2263 qui
2283 2193 2575 2249 audierunt
2615 2194 2884 2251 dicentem
2927 2196 3115 2252 Jcsutn
3158 2214 3174 2251 :
3215 2200 3380 2253 Amen
3422 2198 3541 2253 dico
3570 2200 3739 2267 vobis,

2149 2284 2402 2353 quoniam
2448 2286 2638 2339 amodo
2684 2287 2924 2341 videbitis
2954 2287 3155 2342 Filium
3196 2290 3424 2345 hominis
3472 2291 3736 2346 sedentem

2148 2391 2181 2426 a
2242 2374 2445 2429 dextris
2505 2377 2717 2431 virtutis
2770 2377 2905 2444 Dei,
2960 2390 3009 2434 et
3058 2383 3345 2435 venientem
3395 2383 3451 2435 in
3509 2382 3734 2436 nubibus

2148 2465 2266 2518 σαειὶ
2294 2467 2361 2533 δί,
2392 2467 2511 2521 ausi
2544 2478 2675 2522 sunt
2696 2485 2962 2539 exspuere
2992 2470 3046 2524 in
3082 2469 3274 2525 faciem
3307 2471 3449 2542 ejus.
3485 2472 3737 2527 Arbitra¢

2145 2559 2347 2614 bantur
2383 2560 2529 2615 enim
2578 2561 2632 2615 in
2677 2577 2764 2627 eo,
2794 2563 2940 2633 quod
2985 2562 3380 2619 confunderent
3411 2580 3536 2619 cum
3581 2580 3736 2620 men-

2146 2652 2395 2720 tientem,
2422 2661 2479 2709 et
2508 2654 2637 2723 quia
2666 2670 2775 2708 non
2810 2655 3107 2710 sustineret
3134 2654 3497 2726 exspuitionis
3526 2671 3728 2725 oppro-

2147 2741 2351 2806 brium,
2382 2744 2475 2813 qui
2508 2744 2728 2799 sedebat
2756 2745 2822 2799 ad
2851 2744 3096 2801 dextram
3127 2746 3364 2809 virtutis,
3392 2755 3444 2800 et
3469 2755 3731 2802 venturus

2143 2844 2264 2890 erat
2320 2836 2375 2890 in
2431 2837 2690 2893 nubibus.
2738 2836 3009 2904 Quoniam
3065 2838 3392 2908 ignorabant
3447 2853 3729 2893 sermones

2141 2923 2297 2980 lsaiaa
2343 2926 2619 2996 propheta:
2648 2927 2762 2981 haec
2792 2928 2981 2981 eadem
3018 2929 3396 2997 prophetamis
3441 2929 3508 2983 de
3535 2944 3624 2991 eo,
3673 2939 3730 2985 et

2141 3018 2375 3073 dicentis
2412 3034 2475 3077 ex
2496 3017 3520 3088 personaipsiusDominiSalvatori“:
3562 3023 3726 3087 Quid.

2141 3111 2393 3180 quoniam
2428 3112 2542 3165 veni
2569 3120 2621 3165 et
2653 3128 2756 3165 non
2786 3120 2901 3165 erat
2941 3113 3138 3177 homo;
3173 3116 3371 3178 vocavi,
3399 3127 3448 3169 et
3474 3132 3580 3169 non
3608 3126 3725 3170 erat

2140 3204 2233 3273 qui
2269 3201 2523 3256 obediret.
2561 3202 2819 3273 Nunquid
2857 3220 2957 3258 non
2987 3205 3122 3259 ralet
3159 3223 3348 3260 manus
3376 3223 3491 3261 mea
3523 3225 3725 3272 eruere,

2138 3304 2232 3345 aut
2284 3309 2388 3345 non
2434 3310 2651 3362 possum
2708 3297 2951 3364 eripere?
3008 3295 3142 3349 Ecce
3198 3300 3558 3368 increpatione
3608 3317 3723 3354 mea

2137 3384 2407 3436 desertum
2453 3384 2653 3453 faciam
2701 3403 2865 3451 mare,
2910 3396 2959 3439 et
3004 3404 3195 3456 ponam
3219 3390 3445 3457 [lumina
3491 3390 3718 3451 deserta,

2132 3487 2181 3532 et
2212 3476 2551 3531 siccabuntur
2590 3477 2755 3545 pisces
2804 3494 2985 3530 eorum
3024 3495 3088 3531 ex
3129 3495 3188 3532 eo
3217 3480 3358 3549 quod
3389 3497 3492 3532 non
3528 3482 3719 3534 habent

2134 3585 2356 3638 aquam,
2401 3578 2448 3622 et
2488 3568 2786 3621 morientur
2836 3570 2891 3621 in
2921 3570 3034 3622 siti.
3071 3567 3137 3621 Et
3171 3571 3387 3623 induant
3414 3571 3601 3624 cwlum
3643 3581 3719 3625 te-

2132 3659 2332 3725 nebris,
2364 3669 2413 3712 et
2446 3659 2583 3712 sicut
2613 3676 2826 3713 saccum
2866 3664 3120 3713 amictum
3156 3662 3293 3731 ejus.
3332 3662 3590 3717 Dominus
3621 3664 3718 3716 dat

2132 3749 2263 3803 mihi
2322 3751 2559 3821 linguam
2624 3752 2923 3817 doctrinae,
2976 3764 3036 3805 ut
3089 3753 3256 3807 sciam
3318 3757 3579 3825 quomodo
3638 3772 3719 3809 me

2129 3850 2367 3911 oporteat
2409 3842 2582 3896 dicere
2628 3844 2860 3897 verbum.
2926 3842 3120 3898 Posuit
3152 3862 3233 3898 me
3261 3863 3431 3911 mane,
3470 3850 3715 3916 apposuit

2130 3932 2262 3986 mihi
2311 3949 2496 3986 aurem
2546 3933 2615 3986 ad
2675 3934 3043 4000 audiendum,
3100 3944 3152 3989 et
3203 3935 3445 3989 doctrina
3496 3935 3711 3989 Domini

2128 4024 2328 4093 aperiet
2375 4040 2531 4077 aures
2578 4039 2741 4078 meas.
2797 4022 2906 4095 Ego
2941 4034 3117 4079 autem
3160 4043 3263 4080 non
3306 4043 3424 4079 sum
3469 4026 3714 4079 incredu-

2126 4114 2230 4177 lus,
2278 4131 2441 4186 neque
2491 4115 2819 4169 contradico.
2883 4115 3113 4171 Dorsum
3182 4133 3353 4171 meum
3393 4115 3595 4186 praebui
3642 4116 3709 4169 ad

2122 4205 2287 4275 912
2317 4205 2554 4275 ﬂagella,
2585 4213 2634 4259 et
2666 4206 2921 4259 maxillas
2957 4223 3099 4259 meas
3130 4206 3199 4260 ad
3231 4206 3456 4275 palmas.
3492 4205 3711 4260 Facient

2125 4305 2301 4349 autem
2350 4312 2521 4350 meam
2562 4313 2667 4349 non
2711 4298 2877 4351 averti
2924 4315 2955 4351 α
2995 4298 3301 4368 confusione
3348 4308 3710 4368 sputamento-

2124 4404 2265 4453 rum,
2315 4395 2365 4441 et
2412 4387 2671 4443 Dominus
2721 4387 2863 4441 Deus
2916 4388 3091 4457 factus
3145 4400 3221 4444 est
3280 4390 3496 4458 adjutor
3542 4407 3707 4444 meus.

511 4478 633 4538 “2.
680 4483 825 4539 Tunc
871 4486 1110 4554 princeps
1158 4486 1494 4539 sacerdotum
1554 4485 1814 4539 conscidit
1861 4485 2018 4538 vesti-
2052 4494 2094 4549 ι)
2122 4479 2326 4536 Omnes
2359 4481 2504 4535 enim
2530 4481 2621 4551 qui
2648 4489 2776 4535 sunt
2810 4481 2878 4534 ab
2903 4479 3165 4548 Ecclesia,
3194 4483 3524 4537 conﬁtentur
3546 4482 3707 4537 Chri-

437 4584 616 4628 menta
663 4589 761 4626 sua
810 4573 987 4627 dicens
1016 4590 1036 4628 :
1066 4573 1463 4644 Blasphemavit
1509 4573 1573 4626 '5.
1628 4572 1753 4627 Hac
1784 4571 2015 4626 Domino

433 4662 792 4733 prophetante
852 4662 1111 4717 inimicus
1141 4661 1356 4719 Domini
1409 4663 1665 4719 sacerdos
1716 4662 1824 4728 ille,
1856 4663 2013 4731 quasi

436 4771 546 4809 non
596 4763 717 4810 erat
770 4754 1113 4824 propinquus
1168 4764 1227 4808 ut
1258 4754 1466 4808 videret
1498 4754 1694 4808 Filium
1752 4753 2013 4821 hominis,

432 4857 490 4901 et
517 4846 773 4902 virtutem
825 4861 856 4900 a
892 4846 1051 4915 cujus
1097 4844 1307 4901 dextris
1354 4844 1593 4910 sedebat,
1649 4844 1806 4914 quasi
1861 4843 2017 4898 incli-

435 4945 599 4991 natus
629 4945 685 4991 et
713 4952 820 4990 non
853 4944 1046 5006 potens
1078 4935 1324 5005 aspicere
1364 4950 1608 4999 sursum,
1644 4949 1753 4987 non
1787 4934 2015 4989 audiens

431 5042 557 5096 qua:
585 5026 821 5091 dicebat,
861 5026 1131 5082 conscidit
1174 5026 1500 5082 vestimenta
1551 5042 1672 5093 sua,
1719 5027 2015 5081 ostendens

433 5116 824 5187 turpitudinem
872 5132 1052 5183 suam,
1089 5126 1143 5173 et
1197 5117 1499 5173 nuditatem
1550 5118 1746 5171 animae
1793 5131 1927 5181 suae,
1959 5125 2014 5172 et

431 5210 754 5281 mysterium
788 5209 1166 5275 manifestans,
1185 5210 1650 5266 conscindendum
1675 5225 1798 5264 esse
1829 5224 2012 5264 sacer-

428 5302 641 5358 dotium
674 5312 850 5367 vetus,
891 5312 948 5358 et
979 5304 1174 5359 stolam
1210 5302 1498 5360 sacerdotii
1526 5303 1665 5372 ejus,
1699 5310 1754 5356 et
1784 5301 2011 5362 cultura:

428 5407 552 5460 qua:
582 5393 881 5448 secundum
912 5392 1146 5449 litteram
1175 5392 1370 5448 fuerat.
1403 5391 1800 5461 IllaSphemiam
1829 5401 2010 5446 autem

428 5483 724 5540 arbitratus
755 5493 839 5541 est
861 5500 984 5541 esse
1012 5485 1439 5555 magnitudinem
1469 5485 1757 5538 verborum
1782 5483 2005 5549 Christi,

517 5682 562 5714 "‘
586 5681 728 5738 Psal.
762 5701 881 5748 crx,
911 5684 959 5738 1.
1036 5687 1082 5718 ⁸⁵
1120 5682 1265 5740 Psal.
1302 5701 1477 5746 xxxv,
1509 5686 1562 5739 6.

430 5752 476 5785 ⁶⁶
506 5751 693 5813 Matth.
737 5770 892 5821 xxvi,
926 5756 1015 5825 67,
1044 5756 1134 5810 0'8.

1656 5685 1701 5716 ⁸⁸³
1753 5683 1943 5738 Matth.
1977 5701 2140 5752 xxvr,
2189 5688 2278 5745 65.

1213 5756 1253 5794 ⁶¹
1297 5756 1427 5811 ibid.
1459 5757 1545 5810 64.
1625 5754 1788 5826 "ﬁsa.
1823 5755 1926 5822 L,‘.’.
1954 5772 2104 5827 seqq.

2123 4582 2267 4627 slum
2301 4586 2422 4627 esse
2467 4577 2562 4647 qui
2596 4575 2728 4632 dicit
2762 4590 2775 4627 :
2824 4572 3082 4627 Dominus
3102 4572 3240 4628 Deus
3266 4574 3409 4628 dedit
3444 4575 3570 4628 mihi
3596 4574 3707 4627 lin-

2125 4678 2282 4732 gnam
2319 4663 2596 4728 doctrinae.
2627 4675 2681 4719 et
2708 4670 2901 4718 caetera
2935 4680 3055 4734 quae
3092 4666 3337 4735 exposui.
3381 4665 3493 4738 Ego
3522 4674 3703 4719 autem

2123 4753 2510 4808 convenienter
2541 4762 2595 4809 et
2625 4770 2688 4809 ea
2718 4770 2841 4825 quae
2874 4758 3128 4827 superius
3158 4757 3245 4813 his
3279 4766 3435 4811 erant
3474 4756 3705 4824 conjun-

2123 4853 2209 4900 cta
2237 4845 2488 4915 exposui,
2530 4844 2717 4902 volens
2755 4848 3042 4904 ostendere
3079 4848 3148 4905 de
3196 4850 3286 4903 illo
3310 4848 3548 4918 glorioso
3579 4861 3702 4901 esse

2121 4936 2225 4991 hoc
2267 4935 2684 5006 prophetatum,
2740 4947 2800 4993 ut
2843 4949 3145 5010 exspuatur
3198 4949 3252 4994 et
3301 4936 3696 5006 colaphizetur.

2118 5027 2220 5083 Cui
2250 5037 2432 5084 autem
2466 5028 2559 5084 alii
2587 5031 2843 5086 convenit
2872 5032 3054 5087 dicere
3094 5049 3107 5085 :
3149 5031 3291 5095 Veni,
3346 5029 3450 5084 nisi
3478 5029 3699 5084 Christo

2116 5120 2211 5190 qui
2243 5121 2393 5174 venit
2430 5121 2483 5175 in
2516 5123 2832 5177 mundum?
2877 5132 2971 5177 aut
3021 5138 3183 5192 quem
3218 5121 3441 5176 decebat
3483 5121 3695 5178 dicere:

2128 5210 2341 5277 Vocavi,
2367 5221 2415 5265 et
2445 5229 2547 5266 non
2579 5222 2694 5267 erat
2720 5214 2811 5284 qui
2840 5214 3094 5277 obediret.
3129 5213 3233 5269 nisi
3267 5228 3392 5268 eum
3427 5214 3520 5283 qui
3549 5216 3700 5271 venit

2118 5301 2185 5357 ad
2218 5302 2521 5358 vocandum
2570 5306 2828 5377 populum
2856 5303 3191 5372 Iudaeorum,
3236 5314 3290 5360 et
3332 5320 3440 5359 non
3471 5314 3555 5360 cst
3600 5321 3699 5359 au-

2114 5392 2284 5458 ditus,
2329 5402 2382 5449 et
2426 5393 2548 5450 ideo
2591 5412 2697 5450 non
2742 5398 2886 5451 eruit
2932 5398 3217 5465 populum,
3269 5411 3445 5467 neque
3493 5394 3696 5465 eripuit

2114 5499 2262 5550 eum,
2294 5486 2387 5541 sed
2421 5486 2747 5557 dereliquit?
2777 5487 3030 5542 Christus
3055 5495 3139 5541 est
3182 5496 3361 5542 autem
3393 5489 3485 5556 qui
3518 5484 3689 5541 dicit:

2833 5689 2880 5723 ⁸⁸
2933 5689 3065 5747 ibid.

2379 5690 2423 5723 ⁵⁷
2464 5691 2594 5749 ibid.
2644 5688 2731 5747 66.
2833 5689 2880 5723 ⁸⁸
2933 5689 3065 5747 ibid.
3175 5692 3221 5725 "
3269 5689 3427 5747 Joan.
3483 5704 3551 5756 γ,
3598 5686 3688 5743 26.
