4112 6482
459 406 592 462 1761

1610 404 2273 464 COMMENTARIORUM
2328 404 2597 463 SERIES.

3606 427 3742 486 1763

462 524 594 580 Ecce
645 525 1006 595 increpatione
1062 540 1176 579 mea
1227 524 1491 579 desertum
1538 524 1739 595 faciant
1787 542 1955 592 mare,
1997 534 2049 582 ct
2076 530 2125 591 Α
2155 524 2480 598 Prophetiza
2526 528 2673 584 nobis
2701 530 2820 600 quis
2851 542 2902 587 te
2935 537 3291 604 percussit".
3338 538 3569 613 Propter
3597 550 3742 617 quod

456 634 647 686 ponam
678 618 906 687 flumina
930 618 1171 672 deserta:
1198 617 1290 687 qui
1314 619 1845 675 consummationem
1871 618 2045 674 factu-

458 724 554 765 rus
591 715 677 763 cst
717 707 930 762 mundi.
980 709 1103 777 lpse
1137 717 1222 763 est
1272 707 1418 763 enim
1461 709 1556 779 qui
1602 709 1802 765 caelum
1852 709 2042 765 induet

454 801 732 865 tuiebras,
779 810 832 855 et
881 800 1067 854 induet
1098 800 1151 853 id
1195 800 1341 856 velut
1374 816 1619 865 saccum,
1669 810 1725 856 et
1764 802 2042 872 accipiens

453 906 484 944 a
512 888 672 946 Patre
717 891 956 958 linguam
1008 889 1274 946 doctrinas
1322 892 1532 947 sciebat
1563 892 1842 962 quomodo
1874 907 2041 962 opor-

454 996 562 1039 teat
593 983 775 1038 dicere
821 983 1047 1038 verbum
1097 984 1243 1055 quod
1292 984 1645 1040 commiserat
1676 984 1726 1039 ci
1761 985 1933 1050 Deus;
1986 994 2041 1041 et

449 1076 704 1147 apposuit
743 1075 793 1131 ei
838 1091 1051 1141 aurem,
1096 1083 1157 1127 ut
1198 1076 1433 1144 amplius
1469 1074 1658 1129 audiat
1690 1075 2039 1131 audientibus

447 1167 685 1231 cunctis,
729 1176 783 1222 et
823 1166 1070 1221 doctrina
1101 1165 1279 1222 Patris
1314 1166 1528 1237 aperuit
1573 1166 1621 1220 ei
1662 1181 1874 1230 aurem,
1907 1168 2037 1237 quia

446 1274 554 1314 non
589 1258 692 1313 fuit
718 1259 1032 1314 incredulus
1064 1257 1212 1313 Patri
1247 1260 1507 1326 mittenti,
1539 1259 1632 1314 sed
1675 1275 1854 1327 neque
1903 1277 2032 1315 con-

443 1351 751 1415 tradicens,
799 1362 853 1406 et
897 1367 1062 1421 opere
1110 1367 1211 1406 suo
1262 1351 1450 1408 docuit
1491 1352 1704 1406 discere
1754 1355 2037 1423 cupientes

444 1446 923 1501 mansuetudinem
971 1445 1413 1514 laudabilemque
1456 1443 1841 1498 humilitatem.
1884 1444 2035 1513 Opus

442 1549 625 1594 autem
655 1547 773 1592 erat
805 1539 859 1593 in
900 1554 967 1593 eo
994 1539 1142 1604 quod
1182 1535 1343 1592 factis
1389 1537 1491 1591 ista
1527 1536 1777 1603 docebat,
1809 1538 2032 1593 dorsum

443 1644 609 1684 suum
634 1629 902 1683 exhibens
950 1629 1017 1683 ad
1050 1628 1283 1699 ﬂagella,
1324 1636 1379 1683 et
1413 1628 1666 1684 maxillas
1695 1628 1765 1683 ad
1800 1628 2032 1698 palmas,

438 1731 494 1776 et
541 1721 732 1777 faciem
770 1738 879 1776 non
927 1731 1177 1776 avertens
1218 1738 1246 1776 a
1289 1720 1612 1776 confusione
1657 1730 2035 1791 sputamento-

439 1830 585 1881 rum,
623 1824 684 1870 ut
731 1829 853 1879 nos,
901 1815 1044 1870 sicut
1087 1814 1344 1877 arbitror,
1394 1814 1489 1883 qui
1542 1815 1691 1884 digni
1748 1814 2030 1871 fueramus

2147 627 2469 706 receperunt
2499 620 2713 691 alapam
2746 629 3033 688 aeternam,
3068 636 3122 681 ct
3155 629 3224 683 ab
3267 632 3419 687 omni
3453 638 3741 706 prophetia

2143 705 2340 775 privati
2377 716 2528 772 sunt,
2562 712 2806 778 percussi
2837 721 2891 766 et
2918 715 3194 786 castigati,
3229 730 3284 773 et
3312 737 3412 778 nec
3441 727 3523 780 sic
3554 705 3739 782 volen-

2143 806 2225 852 tes
2253 798 2497 869 recipere
2526 799 2895 871 disciplinam,
2923 807 3226 862 secundum
3260 814 3409 880 quod
3438 820 3738 887 prOpbeta-

2141 897 2297 944 verat
2328 889 2434 944 hoc
2463 891 2644 960 ipsum
2672 893 2738 948 de
2763 895 2842 951 eis
2869 894 3138 954 Jeremias
3160 899 3207 932 “
3232 922 3246 956 :
3274 902 3597 976 Flagellasti
3622 929 3735 978 eos,

2140 988 2191 1034 et
2224 997 2327 1035 non
2352 981 2658 1050 doluerunt,
2684 994 2733 1038 et
2760 985 3041 1043 noluerunt
3070 992 3337 1063 suscipere
3366 996 3730 1069 disciplinam.

2140 1072 2206 1126 Et
2239 1088 2385 1127 nunc
2430 1075 2523 1144 qui
2568 1076 2831 1145 injuriant
2868 1095 3038 1136 unum
3080 1083 3318 1153 aliquem
3367 1088 3436 1143 de
3461 1088 3730 1162 Ecclesia,

2138 1172 2194 1219 et
2229 1164 2437 1222 faciunt
2479 1168 2528 1222 ei
2571 1169 2706 1237 haec,
2748 1170 2801 1224 in
2850 1170 3042 1228 faciem
3109 1188 3384 1248 exspuunt
3423 1182 3649 1250 Christi,
3678 1199 3733 1243 et

2137 1255 2418 1312 Christum
2451 1260 2700 1329 colaphis
2736 1264 3005 1320 caedentes
3044 1270 3317 1340 castigant
3351 1281 3406 1327 et
3437 1274 3654 1343 palmis.

2215 1347 2333 1401 H4.
2384 1346 2574 1403 Petrus
2600 1368 2717 1404 vero
2743 1352 2954 1407 sedebat
2978 1356 3110 1424 foris
3138 1359 3194 1411 in
3217 1363 3377 1417 atrio.
3413 1360 3481 1416 Et
3505 1368 3730 1421 accessit

2137 1442 2208 1493 ad
2236 1457 2359 1494 eum
2385 1458 2490 1495 una
2529 1459 2593 1497 ea;
2619 1445 2831 1498 ancillis
2868 1448 3047 1503 dicens
3071 1467 3089 1504 :
3116 1450 3185 1504 Et
3219 1462 3276 1506 tu
3310 1470 3428 1509 eras
3457 1472 3575 1510 cum
3598 1458 3629 1509 J
3640 1477 3729 1513 esu

2138 1529 2413 1587 Galilazo?
2466 1534 2530 1588 At
2584 1536 2675 1589 ille
2727 1540 2930 1607 negavit
2991 1558 3170 1596 coram
3228 1546 3470 1602 omnibus
3511 1550 3728 1605 dicens:

2138 1623 2334 1679 Nescio
2364 1626 2493 1696 quid
2522 1629 2679 1683 dicis.
2716 1628 2958 1687 Exeunte
2992 1647 3169 1690 autent
3198 1638 3290 1693 illo
3310 1642 3565 1709 januam,
3596 1646 3727 1700 vidit

2135 1716 2290 1770 illum
2332 1720 2442 1771 alia
2485 1720 2706 1782 ancilla,
2766 1731 2816 1775 et
2856 1726 2930 1777 ait
2965 1727 3013 1779 ei
3058 1728 3130 1781 ibi
3169 1746 3186 1782 :
3226 1729 3294 1783 Et
3323 1733 3413 1786 hic
3448 1746 3563 1789 erat
3605 1752 3727 1790 cum

2135 1807 2265 1862 Jesu
2295 1808 2599 1865 Nazarene.
2649 1811 2719 1865 Et
2762 1815 2953 1868 iternnt
2986 1820 3193 1887 negavit
3239 1837 3357 1874 cum
3391 1824 3722 1892 jurantento,

436 1921 630 1965 omnes
672 1907 770 1961 has
815 1906 1070 1961 infamias
1116 1907 1245 1976 pali,
1293 1915 1511 1961 emeret
1558 1908 1674 1976 ipse
1719 1922 1818 1977 pro
1861 1908 2020 1962 nobis
2063 1882 2103 1941 Β
2133 1901 2258 1970 quia
2291 1919 2393 1955 non
2433 1904 2552 1957 novi
2578 1904 2862 1960 hominem.
2905 1907 3036 1962 Post
3065 1912 3324 1979 pusillum
3362 1925 3541 1969 autem
3574 1934 3721 1972 acce-

435 1999 647 2067 patiens
687 2013 802 2052 cas.
862 1996 977 2051 Non
1022 1998 1167 2052 enim
1214 2008 1465 2053 mortuus
1513 2007 1596 2051 cst
1641 2013 1739 2066 pro
1772 1998 1930 2053 nobis
1967 2007 2027 2052 ut

435 2107 544 2144 non
595 2090 921 2156 moriamur,
964 2091 1055 2145 sed
1102 2099 1162 2144 ut
1196 2106 1293 2160 pro
1328 2091 1484 2145 nobis
1528 2105 1635 2144 non
1688 2090 2024 2156 moriamur;

431 2192 486 2235 et
511 2183 684 2252 alapis
728 2198 904 2239 ccesus
938 2192 1021 2237 est
1061 2198 1160 2252 pro
1196 2183 1377 2245 nobis,
1414 2191 1468 2237 et
1509 2192 1774 2252 exsputus
1807 2192 1909 2249 est,
1969 2191 2028 2237 ut

433 2290 501 2329 ne
540 2290 641 2329 nos
682 2274 777 2344 qui
809 2274 959 2344 digni
1005 2273 1286 2328 fueramus
1335 2274 1594 2329 omnibus
1639 2274 1754 2337 his,
1803 2287 2028 2345 propter

430 2374 620 2422 nostra
677 2380 899 2437 peccata
947 2368 1221 2437 patiamur
1272 2382 1358 2431 ea,
1407 2368 1500 2422 sed
1557 2377 1616 2421 ut
1663 2383 1764 2437 pro
1810 2368 2020 2438 justitia

428 2458 697 2528 patientes
728 2473 789 2512 ea
821 2467 1102 2529 gratanter
1140 2457 1502 2526 excipiamus.
1550 2456 1616 2511 Et
1652 2457 1857 2514 Paulus
1898 2458 2023 2529 qui-

428 2551 555 2604 dem
597 2549 729 2605 dicit
775 2549 841 2604 de
886 2547 1264 2615 Salvatore",
1308 2550 1566 2618 quoniam
1616 2548 1921 2603 humiliavit
1967 2567 2022 2604 se

433 2641 608 2711 fartus
654 2641 898 2696 obediens
944 2659 1107 2711 usque
1148 2642 1217 2695 ad
1270 2650 1512 2707 mortem,
1564 2651 1785 2695 mortem
1840 2652 2016 2697 autent

425 2733 622 2787 crucis.
668 2731 788 2786 Non
824 2733 972 2787 enim
1004 2745 1086 2788 est
1126 2733 1445 2787 indecorum
1476 2732 1524 2787 ei
1551 2732 1644 2802 qui
1675 2733 1790 2787 vult
1819 2749 2016 2790 nume-

426 2842 549 2881 rare
588 2827 641 2880 in
672 2826 893 2897 quantis
924 2841 983 2881 se
1007 2826 1260 2880 Christus
1296 2825 1625 2891 humiliavit,
1661 2836 1722 2880 ut
1755 2826 2011 2883 dinume-

425 2924 508 2969 rct
537 2924 692 2970 extra
727 2930 789 2969 ea
816 2931 936 2985 qua:
965 2914 1165 2970 Paulus
1194 2915 1448 2985 exposuit
1483 2916 1673 2970 dicens
1702 2935 1714 2970 :
1746 2914 2014 2972 Humilia-

423 3005 502 3058 vit
528 3021 590 3062 se
621 3004 797 3060 factus
836 3006 1100 3061 obediens
1149 3021 1324 3074 usque
1358 3006 1423 3060 ad
1463 3006 1697 3075 palmas,
1737 3023 1913 3078 usque
1943 3008 2012 3062 ad

419 3094 797 3150 confusionem
860 3104 1367 3166 sputamentorutn,
1424 3109 1479 3151 et
1528 3097 1900 3167 flagellorum,
1959 3109 2013 3155 et

421 3188 646 3253 mortis;
702 3197 920 3257 propter
966 3203 1089 3257 quas
1137 3189 1320 3243 omnia
1367 3190 1630 3243 exultavit
1680 3204 1806 3244 eum
1841 3189 2004 3244 Deus.

420 3278 530 3333 Nec
580 3280 726 3333 enim
781 3288 1006 3348 propter
1060 3289 1291 3332 mortem
1350 3280 1523 3334 solam
1574 3294 1740 3348 quam
1783 3280 2007 3348 pertulit

419 3374 644 3437 propter
699 3382 835 3433 nos,
891 3366 1151 3421 exultavit
1201 3382 1366 3431 eum,
1421 3367 1513 3422 sed
1566 3368 1731 3420 etiam
1785 3378 2011 3438 propter

418 3458 647 3527 palmas,
680 3468 734 3512 ει
764 3468 1134 3528 sputamenta,
1164 3467 1218 3512 et
1247 3467 1461 3511 cmtera.
1505 3458 1779 3524 Quoniam
1823 3470 2006 3515 autem

413 3552 483 3606 ad
527 3560 829 3606 extremam
887 3550 1144 3620 injuriam
1200 3550 1466 3620 accipitur
1527 3560 2004 3620 sputamentorum

414 3645 638 3716 injuria,
673 3644 1027 3701 manifestum
1059 3655 1142 3701 est
1173 3647 1335 3700 etiam
1375 3646 1428 3698 in
1466 3646 1583 3717 lege
1628 3646 1681 3699 in
1714 3662 1819 3714 qua
1861 3647 2003 3701 scri-

413 3746 565 3810 ptum
614 3746 699 3794 est
747 3746 807 3793 ut
855 3739 1051 3793 mulier
1101 3737 1378 3803 defuncti,
1431 3737 1477 3791 si
1533 3737 1772 3791 noluerit
1828 3736 2004 3793 frater

411 3831 516 3886 viri
555 3831 674 3901 ejus
725 3831 972 3901 accipere
1018 3846 1162 3896 eam,
1197 3830 1465 3885 accedens
1508 3831 1573 3884 ad
1607 3846 1732 3884 eum
1769 3832 1861 3900 qui
1904 3847 2002 3885 no-

395 3924 514 3980 luit
546 3938 665 3977 eam
699 3924 947 3993 accipere
989 3925 1093 3979 sibi
1146 3940 1399 3989 uxorem,
1447 3938 1636 3979 coram
1688 3923 2001 3977 senioribus

412 4012 747 4068 cxcalceabit
803 4013 1234 4067 calceamentum
1284 4028 1455 4067 unum
1499 4029 1564 4067 ex
1620 4012 1887 4082 pedibus,
1946 4022 2001 4066 et

408 4114 637 4174 exspuet
671 4105 724 4159 in
755 4103 947 4159 faciem
983 4104 1123 4173 ejus,
1159 4114 1212 4158 et
1243 4103 1423 4159 dicet:
1451 4102 1542 4158 Sic
1575 4103 1774 4173 facient
1797 4103 1998 4158 homini

407 4198 500 4267 qui
529 4214 629 4251 non
662 4197 1002 4267 wdi/icaverit
1030 4197 1242 4250 domum
1279 4197 1469 4265 fratris
1498 4197 1582 4251 sui
1612 4196 1676 4249 “.
1712 4195 1832 4251 Non
1868 4211 1998 4267 ergo

408 4289 604 4343 avertit
645 4287 837 4343 faciem
884 4304 1039 4344 suam
1072 4287 1326 4343 Christus
1365 4305 1395 4343 a
1430 4287 1755 4343 confusione
1808 4297 1998 4359 sputa-

408 4388 739 4443 mentorum,
772 4387 832 4433 ut
863 4379 1038 4449 magis
1067 4379 1400 4449 glorificatur
1433 4378 1619 4434 vultus
1656 4379 1798 4448 ejus,
1828 4394 1996 4450 quam

406 4469 513 4526 fuit
540 4471 722 4526 vultus
749 4470 924 4544 Moysi
959 4472 1318 4542 glorificatus,
1348 4481 1498 4526 tanta
1520 4482 1574 4528 et
1594 4473 1687 4527 tali
1714 4472 1910 4543 gloria,
1936 4479 1995 4553 ut

2132 1993 2309 2047 dentes
2353 1995 2444 2064 qui
2486 1994 2727 2060 stabant,
2760 1998 3008 2053 dixerunt
3048 2001 3245 2057 Petro:
3285 2002 3409 2059 Vere
3431 2022 3495 2060 ea:
3523 2007 3633 2062 illis
3665 2026 3720 2063 es

2133 2094 2211 2145 tu,
2248 2084 2439 2136 etenim
2486 2084 2697 2154 loquela
2743 2097 2837 2140 tua
2881 2090 3222 2159 manifestum
3271 2102 3320 2149 te
3364 2094 3523 2161 facit.
3575 2096 3720 2153 Tunc

2130 2176 2281 2243 coepit
2322 2174 2569 2228 denotare
2605 2184 2653 2228 ct
2689 2175 2900 2245 jurare,
2939 2180 3067 2247 quia
3114 2183 3290 2234 nescio
3329 2182 3613 2239 hominem.
3648 2185 3718 2240 Et

2129 2270 2377 2321 continuo
2409 2268 2583 2339 gallus
2617 2272 2872 2323 cantavit.
2915 2270 2982 2323 Et
3022 2285 3401 2329 rememoratus
3427 2286 3503 2331 est
3525 2278 3717 2334 Petrus

2126 2361 2266 2415 verbi
2290 2359 2418 2414 Jesn
2446 2360 2669 2414 dicentis
2701 2364 2748 2415 ei
2772 2379 2790 2416 :
2817 2361 2954 2427 Quia
2977 2366 3287 2435 priusquam
3312 2367 3489 2436 gallus
3513 2380 3712 2437 cantet,

2127 2461 2205 2506 ter
2241 2469 2320 2507 me
2356 2453 2591 2524 negabis.
2646 2454 2710 2507 Et
2767 2472 3006 2524 egressus
3052 2457 3199 2526 foras
3242 2461 3578 2515 amarissime
3614 2462 3716 2531 ﬂe~

2124 2545 2196 2599 rit
2229 2545 2294 2598 ⁸⁷.
2351 2546 2736 2601 Abundantius
2789 2548 3202 2603 considerantes
3254 2548 3401 2605 Petri
3464 2554 3715 2623 negatio-

2122 2648 2271 2699 nem,
2297 2634 2532 2690 dicimus
2557 2636 2819 2704 quoniam
2848 2653 2997 2690 nemo
3026 2647 3193 2707 potest
3223 2641 3396 2695 dicere
3428 2641 3711 2698 Dominum

2119 2722 2306 2777 Jesum
2330 2767 2344 2787 ,
2385 2726 2489 2778 nisi
2537 2727 2591 2779 in
2620 2725 2828 2797 Spiritu
2867 2737 3051 2781 sancto
3077 2729 3142 2794 οδ,
3185 2730 3328 2786 sicut
3356 2730 3561 2791 Raulus
3610 2751 3711 2792 nos

2118 2816 2297 2871 docet.
2334 2815 2400 2870 Et
2435 2818 2668 2870 nondum
2700 2829 2815 2871 erat
2851 2831 2979 2875 tunc
3033 2821 3083 2874 in
3119 2821 3439 2880 hominibus
3470 2825 3709 2897 Spiritus

2117 2918 2362 2971 sanctus,
2396 2912 2649 2979 quoniam
2679 2912 2840 2965 Jesns
2890 2915 3121 2967 nondum
3165 2915 3341 2984 fuerat
3383 2918 3708 2990 honoriﬁca-

2116 3011 2222 3066 tus,
2258 3002 2402 3056 sicut
2428 3002 2559 3057 dicit
2584 3002 2823 3059 Joannes
2846 3005 2912 3057 ⁸³.
2950 3005 3242 3076 Propterea
3291 3025 3398 3063 non
3433 3021 3552 3065 erat
3575 3028 3705 3083 pos-

2114 3095 2293 3161 sibile,
2325 3112 2503 3165 neque
2542 3096 2692 3149 illum
2729 3097 2890 3151 talem
2923 3097 3145 3154 Petrum
3187 3109 3317 3157 tunc
3344 3100 3532 3158 Jesum
3567 3120 3701 3159 con-

2117 3187 2254 3240 litcri
2288 3206 2299 3240 :
2333 3202 2433 3240 nec
2479 3195 2663 3241 tamen
2707 3197 2826 3243 erat
2871 3191 3348 3259 reprehendendus
3389 3209 3498 3247 non
3533 3195 3704 3249 conli-

2115 3287 2235 3333 tens
2276 3278 2488 3334 lesum.
2566 3279 2838 3346 Quoniam
2895 3285 2962 3337 ad
3015 3284 3338 3341 confitentes
3385 3286 3588 3342 dicitur
3614 3289 3698 3346 ηε

2114 3368 2240 3425 Non
2266 3373 2393 3425 estis
2422 3388 2510 3425 vos
2537 3375 2626 3443 qui
2659 3374 2959 3445 loquimini,
2991 3377 3082 3430 sed
3118 3374 3355 3447 Spiritus
3389 3379 3573 3436 Patris
3614 3399 3703 3438 oc-

2109 3465 2212 3517 stri
2254 3464 2344 3534 qui
2387 3464 2622 3534 loquitur
2655 3466 2709 3519 in
2755 3467 2922 3521 vobis.
2975 3465 3091 3521 Non
3126 3478 3307 3524 autem
3345 3486 3469 3525 cum
3504 3472 3571 3528 sit
3605 3488 3701 3543 po-

2108 3562 2231 3608 tens
2275 3553 2510 3622 Spiritus
2560 3555 2649 3608 ille
2681 3554 2860 3611 Patris
2915 3557 3088 3612 nostri
3143 3557 3294 3626 loqui
3351 3560 3403 3612 in
3437 3563 3614 3626 nobis,
3645 3573 3697 3618 et

2107 3660 2231 3699 cum
2272 3646 2325 3699 in
2371 3656 2560 3699 nostra
2604 3645 2677 3700 sit
2707 3655 2975 3714 potestate
3027 3648 3207 3703 locum
3253 3649 3386 3705 dare
3434 3651 3487 3705 in
3537 3653 3699 3708 nobis

2108 3735 2330 3806 Spiritui
2380 3746 2612 3802 sancto,
2672 3747 2727 3791 et
2786 3753 2896 3791 non
2992 3739 3254 3808 diabolo,
3303 3741 3349 3795 si
3398 3742 3699 3812 denegave-

2104 3829 2321 3896 rimus,
2378 3830 2788 3884 excusationem
2857 3830 3023 3884 ullam
3089 3832 3378 3887 habemus.
3442 3833 3693 3890 Forsitan

2103 3929 2285 3975 autem
2335 3928 2390 3974 ct
2440 3921 2755 3990 quicunque
2802 3932 2887 3975 est
2952 3922 3006 3976 in
3059 3923 3201 3977 atrio
3252 3924 3476 3994 Caipha:
3536 3928 3690 3995 prin-

2101 4010 2240 4080 cipis
2282 4011 2654 4076 sacerdotum,
2709 4026 2819 4065 non
2870 4021 3050 4081 potest
3100 4013 3346 4069 confiteri
3396 4012 3691 4072 Dominu'm

2099 4100 2308 4169 Jesum,
2372 4102 2477 4159 nisi
2546 4101 2711 4157 fuerit
2777 4117 3035 4173 egressus
3110 4120 3174 4159 ex
3204 4106 3346 4161 atrio
3418 4107 3562 4176 ejus,
3637 4119 3690 4162 et

2098 4194 2263 4264 913
2288 4193 2420 4248 foris
2454 4193 2618 4248 fuerit
2651 4193 2829 4249 factus
2859 4195 2928 4249 ab
2958 4196 3109 4249 omni
3134 4196 3384 4251 doctrina
3409 4199 3688 4254 contraria

2096 4284 2249 4341 Jesu.
2310 4285 2443 4340 Nam
2479 4287 2572 4356 qui
2602 4286 2711 4342 illic
2744 4296 2893 4351 sunt,
2944 4285 3204 4343 Judaicas
3239 4289 3463 4343 tradunt
3512 4292 3687 4345 tradi-

2099 4378 2296 4442 tiones,
2327 4387 2383 4433 et
2413 4392 2519 4432 non
2549 4379 2852 4433 secundum
2900 4379 3216 4433 voluntates
3252 4376 3686 4449 Scripturarum,

2098 4470 2194 4526 sed
2251 4471 2553 4526 secundum
2630 4471 2885 4525 mandata
2952 4470 3236 4525 hominum
3286 4478 3340 4526 el
3383 4472 3682 4528 doctrinas.

404 4561 818 4632 comparatione
866 4563 1282 4633 glorificationis
1351 4563 1552 4629 istius,
1602 4564 1786 4620 vultus
1843 4564 1992 4621 illius
2023 4563 2399 4650 DConsidera
2447 4563 2593 4617 enim
2638 4563 2902 4632 quoniam
2949 4561 3146 4619 Petrus
3199 4563 3334 4619 foris
3388 4565 3584 4620 sedens
3614 4566 3685 4620 ab

403 4655 727 4727 gloriﬁcatio
767 4656 1108 4721 destruatur,
1134 4656 1278 4711 sicut
1310 4655 1365 4711 in
1397 4665 1692 4728 conspectu
1736 4656 1869 4711 solis
1902 4656 1989 4711 lu-

402 4769 527 4809 men
580 4754 818 4808 lucernze
864 4753 1187 4820 destruitur,
1229 4762 1284 4807 et
1320 4750 1465 4807 sicut
1513 4751 1740 4807 scientia
1774 4766 1897 4821 quae
1923 4765 1991 4807 ex

400 4853 559 4915 parte
596 4852 701 4911 est,
741 4843 1048 4899 destruitur
1089 4857 1216 4899 eum
1251 4843 1462 4899 venerit
1501 4842 1649 4913 quod
1684 4842 1988 4913 perfectum

399 4945 506 4993 est.
545 4936 651 4993 Sed
682 4949 737 4993 et
777 4937 1021 5008 colaphis
1068 4935 1388 4993 ceciderunt
1441 4944 1695 4991 sanctum
1734 4933 1990 4990 Ecclesia1

397 5038 585 5100 caput,
627 5038 850 5101 propter
879 5029 1026 5101 quod
1066 5028 1171 5099 ipsi
1214 5029 1634 5100 colaphizantur
1675 5044 1707 5083 a
1742 5026 1984 5084 Sataua:

398 5133 508 5172 non
550 5128 611 5175 ut
650 5136 762 5176 non
810 5121 1174 5187 extollantur,
1226 5134 1401 5190 neque
1463 5129 1525 5175 ut
1564 5120 1740 5176 virtus
1794 5134 1984 5175 eorum

399 5209 733 5280 perficiatur,
770 5213 864 5269 sed
901 5222 960 5269 ut
998 5212 1184 5269 traditi
1234 5212 1459 5269 inimico
1502 5221 1557 5269 et
1582 5211 1807 5278 vindici,
1847 5211 1988 5266 rcci-

396 5301 550 5371 piant
590 5305 736 5372 quod
790 5305 1037 5362 fecerunt
1085 5313 1394 5376 peccatum,
1438 5305 1846 5376 colaphizantes
1889 5302 1984 5359 Je-

395 5410 541 5451 sum.
576 5394 645 5450 Et
670 5411 777 5451 non
813 5396 1054 5453 contenti
1097 5396 1480 5451 tantummodo
1507 5410 1781 5468 exspuere
1810 5397 1864 5450 in
1897 5395 1974 5450 fa-

392 5486 534 5540 ciem
563 5487 686 5557 ejus
728 5496 782 5542 et
830 5489 1074 5559 colaphis
1125 5503 1250 5543 eum
1304 5487 1533 5554 credere,
1587 5488 1682 5543 sed
1717 5487 1899 5543 adhuc
1927 5495 1982 5541 et

393 5575 592 5645 palmis
652 5592 778 5633 eum
819 5579 1168 5648 ceciderunt,
1206 5589 1262 5636 et
1321 5579 1644 5635 deludentes
1683 5578 1974 5635 dixerunt:

462 5787 509 5859 ξ’
543 5785 743 5859 Philip.
801 5804 873 5853 tt,
929 5790 981 5844 8.
1082 5790 1129 5823 “
1180 5790 1337 5846 Deut.
1390 5806 1518 5855 xxv,
1574 5789 1660 5847 l9.

392 5858 437 5889 "'
461 5857 480 5912 l
503 5859 632 5914 Cor.
670 5857 770 5930 xu,
800 5860 853 5916 5.
935 5862 981 5895 ⁸⁸
1003 5875 1098 5929 vn,
1164 5862 1254 5917 59.
1332 5862 1379 5894 ⁷⁸
1413 5860 1605 5917 Matth.
1641 5877 1694 5930 x,
1725 5860 1813 5931 20.

1760 5789 1805 5823 ⁸⁵
1846 5787 2040 5847 Matth.
2102 5802 2254 5853 xxvr,
2304 5785 2394 5843 68.

2094 4652 2226 4710 Jesu
2273 4662 2621 4725 segregatus,
2671 4663 2726 4711 et
2773 4654 2828 4709 in
2857 4655 2996 4710 atrio
3022 4655 3288 4726 principis
3326 4656 3681 4722 constitutus,

2093 4762 2280 4803 coram
2327 4748 2584 4803 omnibus
2627 4745 2817 4802 Jesum
2872 4748 3160 4819 denegavit
3193 4766 3208 4803 :
3243 4756 3298 4803 et
3337 4748 3533 4805 iterum
3565 4749 3685 4804 vice

2093 4841 2333 4899 secunda
2379 4839 2636 4895 similiter
2687 4856 2799 4895 non
2832 4848 2990 4896 extra
3019 4840 3248 4910 januam
3296 4839 3434 4894 foris
3479 4837 3677 4904 factus,

2093 4934 2188 4991 sed
2213 4934 2404 4989 volens
2431 4935 2603 4997 exire,
2645 4932 2887 4987 nondum
2915 4940 3098 4987 autem
3125 4946 3381 5000 egressus
3425 4930 3676 5000 januam,

2089 5025 2397 5097 denegavit.
2436 5022 2541 5080 Sed
2568 5033 2622 5079 et
2649 5024 2807 5079 tertia
2835 5024 2951 5079 vice
2974 5022 3195 5093 quando
3221 5022 3314 5094 qui
3350 5023 3568 5079 stabant
3590 5023 3676 5079 di-

2090 5131 2289 5175 xerunt
2315 5137 2328 5173 :
2376 5117 2506 5172 Vere
2530 5116 2732 5172 catillis
2761 5132 2837 5179 es,
2873 5122 2929 5170 et
2955 5116 3177 5185 quando
3208 5115 3374 5187 erepit
3416 5132 3476 5173 se
3504 5115 3675 5170 devo—

2090 5218 2207 5265 tare
2254 5217 2309 5264 ct
2344 5208 2532 5279 jurare
2581 5206 2712 5276 quia
2749 5206 2935 5260 nescio
2979 5205 3280 5273 hominem,
3328 5206 3510 5260 adhuc
3562 5217 3673 5259 non

2086 5299 2388 5365 eratforis.
2451 5297 2518 5353 Et
2544 5311 2734 5352 omnes
2775 5297 3162 5367 denegationes
3197 5295 3353 5353 factze
3375 5305 3504 5352 sunt
3531 5295 3579 5350 ei
3617 5295 3673 5350 in

2089 5403 2251 5450 nocte
2296 5390 2435 5448 etin
2465 5389 2703 5446 tenebris
2749 5390 3070 5459 priusquam
3115 5388 3299 5444 veniat
3327 5387 3468 5455 dies,
3500 5395 3555 5442 et
3596 5386 3673 5441 si—

2089 5500 2258 5558 gnum
2286 5482 2414 5551 diei,
2444 5481 2497 5538 id
2529 5490 2613 5537 est
2642 5481 2767 5553 galli
2796 5491 3021 5549 cantus,
3051 5480 3145 5552 qui
3179 5480 3407 5535 suscitat
3431 5479 3672 5533 volentes

2088 5593 2119 5633 a
2150 5591 2366 5636 somno.
2426 5572 2495 5630 Et
2540 5580 2601 5629 ut
2645 5573 2794 5630 verbi
2831 5572 3002 5645 gratia
3050 5572 3267 5640 dicam,
3305 5571 3350 5627 si
3386 5578 3510 5642 post
3542 5567 3669 5641 galli

2858 5780 2901 5811 ⁸⁷
2943 5778 3136 5836 Matth.
3177 5792 3302 5833 xxvt
3330 5819 3346 5845 ,
3391 5776 3460 5832 69
3512 5789 3667 5847 seqq.

2508 5784 2556 5818 “
2595 5799 2658 5852 ν,
2691 5782 2748 5837 3.
