4112 6412
442 375 582 433 i763

1612 369 1938 430 ORIGENIS
1976 365 2047 425 iN
2083 370 2505 430 MATTILEUM

3581 382 3718 442 1764

440 503 664 551 cantum
690 492 888 550 Petrus
920 505 1200 565 negasset,
1233 505 1292 551 ut
1318 494 1591 550 diceretur
1621 514 1637 552 :
1672 494 1795 549 Noae
1820 511 2032 567 promo-
2060 496 2103 556 Α
2136 497 2429 567 operibus;
2465 498 2624 568 longe
2663 505 2847 553 autem
2895 496 3197 554 eliieiamur
3232 515 3262 556 a
3292 502 3477 573 priore
3519 509 3722 565 ancills.

441 588 516 641 vit
536 628 552 652 ,
592 586 705 640 dies
733 597 908 641 autent
939 587 1410 657 appropinquavit,
1452 587 1589 640 sicut
1619 587 1673 639 in
1702 586 1791 641 die
1818 586 2029 640 honeste

444 676 774 730 ambulemus
801 679 869 742 '“,
921 677 1068 731 nulla
1101 676 1457 731 excusatione
1484 676 1683 746 dignus
1709 674 1901 731 fuisset
1923 675 2026 730 Pe-

443 775 581 823 trus.
646 767 893 823 Forsitan
943 776 1124 822 autem
1161 776 1215 822 ct
1261 782 1454 822 omnes
1503 766 1757 821 homines
1806 768 2029 837 quando

442 856 712 925 denegem
793 854 1019 920 Jesum,
1076 855 1148 910 ita
1203 865 1261 909 ut
1304 869 1584 925 peccatum
1654 856 2029 926 denegationis‘

441 962 630 1001 eorum
661 946 888 1018 recipiat
920 947 1269 1012 medicinam,
1303 956 1429 1002 ante
1452 947 1578 1018 galli
1604 957 1826 1001 cantum
1857 947 2027 1002 dene—

443 1054 570 1109 gare
604 1054 729 1092 eum
761 1039 1016 1093 videntur
1037 1080 1052 1107 ,
1101 1040 1343 1094 nondum
1371 1039 1452 1093 eis
1480 1046 1612 1093 nato
1636 1038 1750 1094 sole
1778 1038 2024 1108 jnstitiaa,

443 1144 543 1184 nec
579 1128 1050 1199 appropinquante
1075 1129 1156 1184 eis
1194 1140 1314 1183 ortn
1349 1129 1555 1198 ipsius;
1592 1129 1639 1184 si
1683 1139 1862 1183 autem
1903 1137 2027 1199 post

441 1229 622 1275 ortum
652 1220 967 1291 bujusmodi
1009 1221 1142 1277 solis
1195 1223 1260 1275 ad
1288 1221 1528 1275 animam
1565 1221 1808 1276 volentes
1835 1236 2026 1291 pecea-

441 1312 717 1376 verimus,
765 1322 1055 1381 postquam
1098 1312 1410 1381 accepimus
1442 1312 1723 1367 scientiam
1756 1311 2021 1382 veritatis,

436 1401 550 1471 jam
585 1416 693 1455 non
732 1401 1061 1472 relinquitur
1089 1402 1249 1456 nobis
1281 1403 1613 1457 sacriﬁcium
1651 1417 1751 1473 pro
1779 1413 2022 1474 peccato,

440 1491 536 1547 sed
564 1491 803 1547 terribile
832 1491 1124 1562 judicium,
1159 1501 1212 1546 et
1255 1492 1405 1546 zelus
1449 1492 1590 1563 ignis
1627 1493 1719 1563 qui
1747 1503 2025 1550 comesta-

441 1587 538 1638 ru‘s
571 1591 655 1638 est
687 1582 959 1638 inimicos.
1021 1583 1087 1637 Et
1135 1584 1189 1637 in
1234 1582 1396 1638 Petro
1423 1583 1644 1654 quidem
1687 1593 1820 1641 tunc
1859 1584 2025 1641 dene-

441 1681 603 1742 gante
647 1687 752 1727 non
785 1672 1139 1727 conveniebat
1167 1672 1349 1727 dicere
1378 1691 1393 1727 :
1426 1673 1698 1738 Quomodo
1728 1692 1791 1729 ne
1818 1678 2022 1745 putatis

439 1763 622 1831 pejora
667 1764 859 1817 mereri
912 1765 1174 1832 supplicia
1201 1765 1292 1834 qui
1323 1762 1526 1818 Filium
1556 1765 1653 1819 Dei
1683 1773 2022 1822 conculcave-

2133 600 2187 643 et
2214 590 2419 655 altera;
2452 598 2506 643 et
2538 589 2609 644 ab
2631 589 2890 645 omnibus
2920 590 3015 661 qui
3042 599 3190 645 stant
3230 591 3283 645 in
3315 594 3457 650 atrio
3486 595 3608 666 ejus
3635 600 3720 653 vel

2135 680 2190 734 in
2221 681 2392 751 jauua
2416 682 2557 751 ejus,
2608 690 2669 736 ut
2696 696 2763 736 ne
2791 681 2846 735 in
2874 681 3129 749 proximo
3153 684 3487 740 exsistamus
3516 686 3720 744 facien-

2135 771 2283 826 tibus
2305 772 2577 843 denegare
2607 787 2733 827 eum
2767 774 2861 843 qui
2885 772 3052 827 fuerit
3072 772 3227 841 juxta
3260 774 3363 829 eis.
3406 776 3721 848 Cognosce-

2134 878 2259 917 mus
2288 872 2470 917 autem
2501 879 2623 933 qua!
2655 864 2727 918 sit
2751 864 2947 919 ancilia
2981 865 3266 934 principis,
3309 866 3355 920 si
3387 867 3719 927 intrlcheri-

2134 968 2258 1009 mus
2285 969 2409 1025 qua:
2436 954 2508 1009 sit
2537 953 2734 1011 ancilla
2768 954 2889 1020 Dei,
2940 956 3008 1011 de
3046 971 3155 1025 qua
3202 956 3466 1027 scriptum
3508 970 3592 1017 cst
3619 963 3666 997 ⁷⁹
3699 981 3715 1018 :

2133 1041 2250 1113 Ego
2296 1060 2474 1098 servus
2521 1052 2679 1110 tuus,
2726 1053 2777 1099 et
2823 1045 2969 1115 ﬁlius
3015 1045 3227 1101 ancilla:
3261 1055 3387 1103 tum.
3445 1048 3579 1115 Qua
3606 1052 3717 1109 sint

2132 1144 2314 1189 autem
2364 1135 2502 1190 atria
2545 1135 2811 1206 principis
2841 1136 3047 1206 poteris
3076 1135 3239 1203 scire,
3291 1138 3337 1193 si
3384 1138 3716 1198 intellexeris

2132 1241 2256 1297 quae
2300 1227 2411 1282 sint
2456 1228 2597 1282 atria
2625 1227 2823 1284 domus
2853 1228 3101 1295 Domini,
3125 1230 3193 1285 de
3217 1231 3419 1301 quibus
3444 1233 3713 1302 scriptum

2130 1327 2219 1374 est
2245 1319 2292 1351 '°
2320 1338 2335 1376 :
2368 1318 2506 1373 Ecce
2550 1336 2688 1373 nunc
2709 1320 2994 1375 benedicite
3022 1321 3327 1388 Dominum,
3360 1338 3535 1377 omnes
3577 1327 3713 1379 servi

2132 1411 2380 1477 Domini,
2423 1413 2515 1483 qui
2551 1415 2709 1467 statis
2734 1414 2788 1467 in
2811 1413 2966 1467 domo
2991 1413 3239 1479 Domini,
3266 1416 3322 1468 in
3346 1416 3499 1469 atriis
3525 1415 3711 1470 domus

2136 1503 2233 1558 Dei
2279 1504 2473 1558 nostri.
2536 1502 2593 1557 Si
2618 1512 2800 1559 autem
2844 1513 2900 1559 et
2936 1504 3002 1559 de
3039 1505 3234 1559 ancilla
3260 1505 3428 1559 altera
3452 1505 3709 1565 debemus

2131 1593 2333 1664 aliquid
2362 1592 2567 1658 dicere,
2591 1602 2651 1647 ut
2671 1594 2838 1648 etiam
2868 1593 2938 1649 ab
2961 1593 3053 1647 illa
3078 1592 3421 1659 recedamus,
3447 1593 3707 1664 intelliga-

2129 1701 2254 1741 mus
2298 1685 2445 1756 quod
2493 1685 2758 1756 scriptum
2789 1685 2941 1741 est”
2974 1683 3181 1740 :gSicut
3225 1686 3366 1739 oculi
3403 1685 3615 1740 ancilla:
3656 1685 3714 1740 in

2130 1778 2377 1832 manibus
2404 1777 2637 1831 domina:
2664 1793 2810 1841 suae,
2856 1777 2935 1830 ita
2961 1776 3106 1830 oculi
3139 1778 3309 1832 nostri
3339 1776 3407 1830 ad
3432 1776 3710 1831 Dominum

439 1855 570 1920 rint,
605 1860 656 1907 et
682 1855 994 1924 sanguinem
1038 1854 1340 1908 testamenti
1387 1871 1713 1909 communem
1745 1859 2016 1914 existima-

2126 1869 2293 1923 Dcum
2320 1878 2563 1923 nostrum
2582 1909 2598 1936 ,
2630 1870 2794 1922 donec
2822 1869 3139 1923 misereatur
3173 1870 3363 1922 nostri.
3428 1867 3569 1923 Puto
3596 1867 3712 1938 pri-

436 1946 604 2000 rerint
649 1948 789 2000 unde
823 1946 1151 2015 sanctiﬁcati
1173 1956 1317 2011 sunt,
1348 1956 1397 2000 et
1423 1945 1686 2015 Spiritum
1714 1950 1906 2018 gratia:
1933 1951 2022 2003 in-

428 2037 753 2107 juriaverint
788 2037 871 2091 ⁷ιῖ
924 2036 1175 2091 Nondum
1218 2037 1365 2092 enim
1420 2036 1793 2095 sanctiﬁcatus
1845 2038 2024 2097 fuerat

438 2150 633 2206 Petrus
668 2153 936 2222 sanguine
960 2151 1169 2208 Christi
1193 2155 1288 2224 qui
1319 2154 1498 2212 fuerat
1527 2155 1753 2224 sanguis
1787 2160 1906 2214 novi
1938 2168 2021 2213 te-

437 2239 720 2305 stamenti,
770 2254 870 2294 nec
916 2239 1196 2309 injuriavit
1246 2243 1512 2312 Spiritum
1550 2245 1753 2310 gratiae
1791 2264 1951 2317 quem
1987 2262 2019 2301 a

436 2328 704 2399 principio
760 2345 860 2385 nec
901 2340 1222 2400 acceperat,
1266 2334 1529 2403 quoniam
1572 2328 1735 2391 Jcsus
1780 2338 2018 2393 nondum

435 2419 616 2475 fuerat
652 2421 1044 2479 honorilicatus
1077 2424 1143 2490 ",
1193 2440 1295 2480 nec
1324 2437 1439 2481 erat
1470 2426 1524 2481 in
1556 2427 1870 2485 hominibus
1899 2431 2016 2500 Spi-

436 2511 573 2568 ritus
598 2521 844 2567 sanctus.
890 2510 946 2565 Si
979 2523 1161 2567 autem
1189 2513 1243 2568 in
1275 2515 1438 2569 nobis
1469 2515 1572 2571 hoc
1603 2516 1828 2586 impium
1859 2517 2021 2574 fuerit

436 2602 638 2681 factum
688 2603 1064 2675 denegationis
1097 2618 1415 2675 peccatum,
1451 2607 1637 2661 omnia
1679 2607 1794 2663 ha-c
1839 2610 2020 2664 dicere

437 2694 712 2757 convenit,
765 2696 1026 2764 quoniam
1058 2707 1111 2751 ct
1142 2697 1194 2749 in
1223 2697 1491 2767 sanguine
1534 2700 1842 2754 testamenti
1893 2715 2021 2755 san-

433 2783 651 2837 etiticati
681 2798 874 2839 sumus
905 2793 960 2839 et
989 2781 1252 2855 Spiritum
1280 2786 1469 2857 gratia:
1489 2788 1852 2858 suscepimus.
1884 2788 2020 2845 Pro-

433 2883 616 2942 pterea
681 2889 1028 2929 communem
1094 2886 1287 2946 putare
1336 2879 1659 2949 sanguinem
1708 2883 2019 2937 testamenti

434 2965 914 3031 pretiosissimum,
943 2975 997 3020 et
1019 2967 1285 3037 injuriare
1313 2967 1578 3039 Spiritum
1614 2972 1821 3041 gratiae,
1840 2974 2019 3027 omni-

434 3052 536 3105 bus
563 3055 801 3120 peceatis
833 3054 1076 3111 deterius
1101 3066 1186 3112 est
1206 3099 1220 3123 ,
1259 3058 1334 3113 ita
1369 3067 1427 3112 ut
1457 3075 1558 3114 nec
1589 3060 1644 3114 in
1685 3061 1790 3116 hoc
1817 3062 2018 3118 saeculo

434 3158 534 3196 nec
578 3143 632 3195 in
667 3142 852 3198 futuro
884 3144 1265 3200 remissionem
1312 3148 1591 3216 possimus
1638 3151 1921 3220 accipere,
1970 3152 2018 3206 si

436 3234 529 3287 Dei
578 3231 777 3287 Filimn
828 3234 1182 3305 denegemus.
1238 3236 1507 3302 Quoniam
1554 3254 1685 3309 ergo
1729 3243 1888 3297 nobis
1913 3259 2017 3297 nos:

430 3344 688 3413 promouit
710 3384 725 3410 ,
757 3343 869 3397 dies
902 3354 1077 3397 autem
1112 3344 1550 3414 appropinquavit
1579 3345 1662 3411 ",
1715 3354 1768 3400 et
1798 3345 2015 3415 signum

430 3435 538 3490 diei
570 3435 696 3505 galli
722 3445 917 3491 cautus
947 3435 1193 3490 insonuit
1217 3435 1396 3500 nobis,
1426 3445 1712 3505 propterea
1745 3452 1921 3508 usque
1946 3437 2013 3491 ad

430 3527 753 3594 sanguinem
802 3534 1010 3579 stemus
1056 3535 1246 3583 Contra
1281 3538 1564 3594 peccatum
1605 3535 1915 3590 certantes,
1963 3534 2016 3582 ct

432 3625 653 3687 propter
711 3616 1035 3672 charitatem
1095 3631 1378 3685 nunquam
1431 3617 1774 3672 excidentem
1825 3619 2013 3675 omnia

429 3705 782 3771 suﬂ'eramus,
835 3716 897 3759 ut
948 3720 1073 3759 cum
1122 3704 1378 3775 perfectis
1412 3705 1468 3760 in
1517 3722 1580 3762 ea
1609 3717 2015 3780 consequamur

431 3797 823 3855 baereditatem.
884 3796 951 3851 Et
981 3797 1085 3853 hoc
1129 3798 1384 3864 attende,
1434 3800 1695 3870 quoniam
1731 3811 1858 3857 ante
1887 3802 2013 3872 galli

427 3899 673 3958 cantum,
721 3900 776 3945 et
824 3898 951 3947 ante
978 3889 1244 3960 Spiritum
1294 3900 1571 3956 sanetum,
1606 3901 1662 3946 et
1687 3892 1740 3947 in
1771 3904 2014 3962 tempore

427 3983 606 4038 noctis
641 3981 947 4053 profundas,
966 3983 1180 4037 etiamsi
1215 3981 1530 4051 frequenter
1555 3983 1842 4055 denegavit
1862 3986 2009 4054 quis,

423 4074 610 4129 virere
641 4082 817 4144 potest
846 4091 860 4129 :
894 4074 1039 4144 quod
1071 4071 1426 4129 manifestum
1452 4083 1533 4128 est
1559 4089 1625 4129 ex
1662 4089 1729 4129 eo
1758 4076 1905 4145 quod
1931 4086 2013 4130 ter

423 4162 713 4234 denegavit
736 4160 951 4218 Petrus.
1013 4160 1072 4216 Si
1105 4171 1287 4217 autem
1313 4170 1437 4231 post
1480 4163 1604 4234 galli
1650 4177 1895 4232 cantum,
1927 4167 2012 4221 vel

423 4257 596 4312 semel
624 4257 680 4311 in
707 4270 1037 4327 quocunque
1064 4255 1311 4325 periculo
1343 4256 1680 4311 constitutus
1726 4256 2013 4328 denegavit

423 4347 582 4418 quis,
617 4346 958 4417 impossibile
1001 4354 1086 4400 est
1126 4360 1251 4400 eum
1296 4345 1548 4400 renovari
1581 4345 1637 4399 in
1670 4346 2009 4417 paenitentia,

426 4451 485 4495 ut
510 4440 706 4495 iterum
734 4439 1018 4508 cruciﬁgat
1044 4438 1147 4493 sibi
1182 4436 1381 4492 Filium
1415 4437 1512 4492 Dei
1545 4437 1615 4489 ⁷⁸.
1689 4438 1795 4503 Qui
1822 4447 2006 4494 autem

423 4532 479 4585 in
526 4529 839 4601 hujusmodi
886 4530 1266 4600 denegationis
1313 4539 1534 4599 peccato
1563 4528 1730 4584 fuerit
1756 4545 2007 4601 compre-

424 4621 665 4687 hensus,
725 4619 956 4693 aspiciat
1006 4620 1139 4674 illud
1180 4621 1324 4690 quod
1364 4621 1626 4690 scriptum
1672 4621 1873 4677 est":
1918 4620 2007 4676 Vas

422 4711 504 4765 his
540 4713 628 4783 qui
677 4712 955 4766 attrahunt
997 4721 1212 4782 peccata
1239 4728 1337 4764 sua
1367 4712 1505 4765 sicut
1547 4712 1725 4782 funem
1767 4711 2003 4782 longum,

425 4812 472 4857 et
498 4804 633 4858 sicut
655 4803 969 4874 jugulorum
999 4803 1152 4857 vituli
1198 4804 1504 4877 iniquitates
1534 4844 1550 4870 ,
1581 4813 1634 4858 et
1671 4820 1777 4858 non
1807 4804 1955 4859 dicat
1987 4823 2001 4860 :

423 4893 651 4949 Peccata
701 4904 881 4948 nostra
910 4897 961 4948 in
994 4895 1143 4949 nobis
1169 4907 1326 4961 sunt,
1371 4904 1421 4948 et
1448 4895 1708 4965 quomodo
1729 4897 1958 4950 vivemus
1979 4898 2007 4952 2

434 4985 581 5054 Viro,
614 4988 783 5058 inquit
816 4988 1072 5042 Dominus
1093 5029 1108 5054 ,
1143 4990 1391 5060 quoniam
1424 4989 1545 5042 nolo
1570 4999 1788 5043 mortem
1815 5006 2004 5058 pecca-

425 5081 578 5144 toris,
612 5080 701 5135 sed
730 5082 1090 5151 paenitentiam
1116 5082 1180 5136 ⁷⁷.
1224 5080 1343 5152 ipse
1385 5090 1565 5137 autem
1602 5082 1705 5138 scit
1735 5081 1878 5138 Deus
1899 5120 1914 5146 ,
1942 5082 2009 5137 de

422 5189 533 5245 quo
560 5173 822 5243 scriptum
850 5185 930 5229 est
957 5174 1004 5208 ⁷⁸
1038 5193 1051 5229 :
1087 5173 1157 5228 Et
1189 5175 1301 5244 ipse
1343 5174 1551 5243 sapiens
1594 5173 1820 5229 adducet
1851 5190 2009 5244 super

416 5283 509 5322 cos
539 5265 681 5320 mala
702 5306 718 5330 ,
747 5266 930 5337 qualia
965 5267 1108 5320 mala
1138 5266 1372 5320 adducet
1401 5282 1566 5339 super
1593 5264 1924 5333 denegautcs
1953 5274 2008 5320 et

423 5373 530 5412 non
561 5360 891 5429 ptenitentes
913 5398 929 5423 ,
958 5367 1011 5412 et
1039 5358 1224 5428 qualia
1256 5373 1423 5428 super
1454 5357 1788 5431 denegantes
1817 5366 1869 5412 et
1891 5370 2007 5425 put-

421 5452 678 5520 nitentes,
725 5452 907 5524 qualia
944 5452 1083 5508 bona
1132 5466 1295 5522 super
1323 5466 1419 5507 eos
1454 5451 1548 5520 qui
1593 5466 1876 5520 nunquam
1907 5451 2004 5507 dc-

420 5551 779 5614 negaverunt,
810 5558 987 5613 neque
1020 5543 1185 5597 verbo
1218 5557 1404 5598 coram
1435 5541 1784 5609 hominibus,
1821 5555 2000 5611 neque

491 5699 551 5729 ἠ’
577 5697 737 5751 Rom.
777 5714 899 5765 ιιιιι,
933 5700 1020 5763 12,
1058 5698 1146 5753 i5.
1254 5698 1300 5730 ⁷³
1340 5697 1509 5755 Hebr.
1543 5714 1599 5763 π,
1624 5697 1715 5754 29.

423 5767 467 5797 ’θ
506 5766 610 5821 lsa.
642 5783 695 5830 ν,
731 5769 817 5821 18.
923 5769 968 5800 ⁷⁷
1012 5769 1207 5824 Ezech.
1259 5785 1469 5833 χχχιιι,
1528 5770 1616 5822 10.
1681 5769 1770 5824 Η.

2045 3197 2087 3255 C

2038 4556 2084 4613 D

1826 5699 1871 5730 "
1908 5696 2070 5756 Joan.
2102 5714 2202 5762 vn,
2228 5698 2321 5755 59.

1850 5769 1897 5801 ⁷⁸
1934 5767 2041 5825 lsa.
2083 5761 2247 5835 χχχι,
2307 5768 2364 5822 2.
2439 5762 2486 5798 ’⁵
2530 5764 2672 5835 Psal.
2718 5778 2878 5835 εν,-
2906 5761 2994 5835 i6_.

2124 1976 2268 2015 mam
2299 1961 2556 2014 ancillam
2583 1960 2810 2030 intelligi
2845 1959 3107 2030 principis
3137 1959 3423 2015 facientem
3443 1960 3712 2030 denegare

2122 2051 2420 2121 discipulos
2455 2050 2684 2118 Christi,
2738 2049 3083 2122 Synagogam
3115 2066 3238 2106 esse
3280 2049 3590 2105 Judzeorum
3624 2065 3712 2105 se-

2121 2141 2361 2197 cundum
2393 2156 2645 2207 carnem,
2699 2143 2791 2211 qui
2828 2141 3100 2211 denegare
3134 2140 3446 2211 frequenter
3479 2155 3710 2211 compuo

2122 2234 2303 2289 lerunt
2329 2233 2535 2289 ﬁdeles.
2604 2231 2914 2287 Secundam
2945 2243 3131 2287 autem
3157 2232 3409 2286 ancillam
3435 2271 3451 2297 ,
3482 2245 3710 2302 congre-

2122 2323 2395 2395 gationem
2448 2322 2714 2394 gentium,
2759 2321 2854 2392 qui
2893 2329 2947 2376 et
2980 2321 3085 2392 ipsi
3131 2329 3521 2391 persequentes
3549 2320 3709 2375 Chri-

2122 2413 2333 2468 stianos
2380 2410 2652 2481 denegare
2684 2410 2972 2481 cogebant.
3037 2408 3256 2464 Tertios
3285 2408 3472 2463 autem‘
3500 2414 3710 2464 stantes

2121 2502 2176 2557 in
2203 2501 2358 2558 atriis
2378 2540 2394 2567 ,
2425 2500 2713 2558 ministros
2744 2516 2866 2556 esse
2914 2500 3183 2556 htercsum
3217 2499 3590 2565 diversarum,
3614 2498 3708 2569 qui

2120 2601 2175 2648 et
2202 2592 2306 2662 ipsi
2332 2591 2618 2648 veritatem
2647 2591 2852 2648 Christi
2903 2592 3177 2663 denegare
3228 2591 3582 2662 compellunt.
3647 2588 3707 2646 In

2121 2693 2282 2741 nocte
2322 2692 2504 2741 autem
2553 2698 2664 2739 non
2712 2683 2891 2739 solum
2947 2695 3029 2738 ter
3060 2683 3291 2752 denegat
3324 2681 3560 2751 Petrus,
3611 2680 3708 2737 sed

2120 2778 2285 2832 etiam
2326 2776 2548 2832 devotat
2574 2775 2813 2846 scipsum
2841 2785 2897 2830 et
2919 2774 3072 2845 jurat
3103 2814 3119 2839 ,
3154 2775 3283 2844 quia
3316 2772 3500 2829 nescio
3534 2772 3709 2828 bomi~

2119 2881 2267 2922 nem.
2351 2864 2420 2920 Et
2465 2864 2688 2936 quidem
2734 2874 2865 2920 tunc
2911 2863 3092 2919 adhuc
3138 2864 3438 2919 secundum
3487 2876 3706 2919 carnem

2119 2954 2399 3013 Christum
2432 2957 2660 3021 sciebat,
2711 2971 2812 3012 nec
2856 2955 3039 3010 adhuc
3069 2963 3278 3025 poterat
3305 2954 3485 3009 dicere
3518 2971 3532 3007 :
3569 2951 3636 3006 Et
3661 2951 3709 3007 si

2120 3047 2394 3111 Christum
2423 3047 2714 3119 aliquando
2756 3046 3042 3101 secundum
3085 3061 3297 3100 carnem
3328 3045 3662 3116 cognouimus
3681 3084 3699 3110 ,

2120 3141 2211 3195 sed
2257 3155 2398 3194 nunc
2442 3140 2559 3207 iam
2606 3155 2708 3192 non
2759 3138 3125 3209 cognoscimus
3149 3137 3216 3191 ⁸⁸.
3280 3137 3531 3204 Quaudiu
3560 3136 3703 3192 enim

2119 3231 2338 3300 signum
2372 3229 2478 3285 diei
2503 3244 2611 3285 non
2638 3229 2958 3292 exsiszebat,
2992 3228 3270 3298 denegans
3295 3227 3487 3283 Petrus
3513 3227 3707 3283 verbo-

2122 3334 2243 3375 rum
2273 3317 2402 3374 Jcsu
2428 3332 2536 3373 non
2565 3318 2669 3373 fuit
2701 3332 2931 3373 memor.
2990 3316 3288 3388 Postquam
3327 3328 3506 3372 autem
3541 3333 3708 3390 ange-

2117 3409 2205 3464 ius
2240 3408 2339 3463 Dei
2363 3408 2620 3463 clamavit
2648 3408 2731 3475 ei,
2780 3417 2912 3462 tunc
2957 3408 3274 3462 recordatus
3303 3417 3387 3462 est
3414 3408 3704 3462 verborum

2115 3498 2246 3556 Jcsu
2290 3498 2526 3555 dicentis
2565 3499 2633 3553 ad
2664 3512 2725 3552 se
2758 3515 2772 3553 :
2807 3497 3103 3566 Antequam
3146 3496 3321 3565 gallus
3362 3505 3535 3549 cantet
3560 3535 3576 3565 ,
3629 3504 3706 3550 ter

2118 3610 2199 3650 me
2228 3591 2443 3664 negabis
2469 3590 2537 3646 ⁸³.
2599 3589 2667 3644 Ει
2715 3589 2935 3658 quando
2983 3588 3302 3644 recordatus
3353 3596 3434 3641 est
3478 3587 3702 3644 verbum

2116 3686 2346 3751 Christi,
2377 3684 2492 3754 jam
2520 3698 2630 3738 non
2660 3691 2777 3738 erat
2809 3681 2862 3735 in
2892 3680 3031 3735 atrio
3058 3679 3316 3752 principis
3334 3680 3702 3750 sacerdotum,

2116 3795 2218 3835 nec
2257 3778 2415 3848 juxta
2444 3775 2671 3846 januam
2713 3773 2869 3845 ejus,
2916 3772 3009 3827 sed
3050 3768 3227 3841 Turis;
3268 3771 3506 3841 alioquin
3538 3769 3707 3844 915

2120 3883 2468 3939 nequaquam
2521 3867 2809 3939 plorasset.
2888 3863 3044 3920 Sicut
3092 3863 3235 3917 enim
3280 3862 3543 3935 scriptum
3595 3875 3700 3929 est,

2115 3974 2372 4029 egressus
2408 3957 2581 4023 foras,
2623 3954 2971 4013 amarissime
3024 3952 3277 4024 ploravit.
3340 3950 3479 4021 Ergo
3529 3959 3583 4007 et
3625 3964 3706 4005 se-

2112 4048 2356 4102 cundum
2416 4043 2620 4101 Lucam
2649 4043 2699 4075 "
2753 4042 3030 4117 peccatrix
3078 4041 3278 4095 mulier
3319 4039 3476 4111 juxta
3540 4039 3702 4109 pedes

2113 4137 2332 4192 Domini
2382 4135 2655 4207 paenitens
2715 4133 2903 4198 ﬂevit,
2956 4141 3010 4188 et
3060 4132 3150 4188 hic
3200 4130 3392 4186 Petrus
3450 4144 3703 4200 egressus

2112 4229 2313 4286 atrium
2350 4227 2652 4300 principis,
2690 4226 2755 4282 ad
2781 4226 3007 4297 januam
3053 4223 3182 4295 ejus:
3194 4223 3369 4295 plorat
3395 4237 3461 4277 ex
3504 4220 3704 4276 amari-

2113 4320 2301 4377 tudine
2332 4321 2579 4393 peccati,
2624 4319 3009 4376 examaricans
3056 4315 3112 4370 in
3148 4314 3469 4389 pmoitentia
3511 4312 3699 4369 fictum

2111 4427 2299 4472 suum.

2187 4529 2311 4585 H5.
2356 4527 2515 4583 .Ilane
2568 4535 2748 4584 autem
2803 4525 2948 4596 {acto
2972 4563 2991 4591 ,
3040 4521 3325 4581 consilium
3387 4530 3701 4603 acceperunt

2115 4640 2293 4679 omnes
2323 4623 2586 4693 principes
2620 4620 2957 4679 sacerdotum
2987 4626 3038 4673 et
3059 4617 3290 4673 seniores
3316 4615 3481 4684 plebis
3509 4614 3698 4670 adver-

2113 4733 2206 4773 sus
2230 4714 2440 4780 Iesum,
2471 4723 2529 4770 ut
2556 4729 2677 4772 eum
2709 4712 2868 4767 morti
2900 4708 3165 4764 traderent
3190 4724 3210 4774 ;
3248 4716 3295 4762 et
3326 4707 3558 4763 uinctum
3579 4718 3697 4757 eum

2115 4808 2458 4861 adduxerunt
2485 4813 2534 4860 et
2574 4802 2911 4860 tradiderunt
2955 4798 3147 4853 Pontio
3175 4797 3357 4853 Pilato
3388 4792 3604 4866 praesidi
3625 4791 3684 4845 ⁸⁵.

2114 4897 2221 4964 Qui
2255 4897 2311 4951 in
2345 4894 2586 4951 tenebris
2616 4902 2670 4951 et
2694 4900 2854 4951 nocte
2873 4888 3119 4954 offendit,
3152 4886 3309 4943 venia
3341 4885 3540 4955 dignus
3572 4889 3659 4936 cst

2114 4989 2207 5061 qui
2241 4997 2424 5044 autem
2459 4985 2514 5042 in
2551 4984 2640 5042 die
2683 4984 2830 5041 clara
2881 4979 3142 5046 oli‘endit,
3198 4989 3477 5046 nunquam
3524 4979 3696 5043 potest

2111 5078 2334 5148 culpare
2413 5089 2655 5132 errorem
2706 5071 2864 5144 quasi
2910 5068 3275 5125 continentem
3325 5079 3414 5131 se,
3463 5061 3702 5117 maxime

2111 5168 2332 5241 quando
2380 5166 2588 5223 habens
2636 5165 2691 5221 in
2742 5180 2802 5221 se
2850 5163 3130 5220 lucernam
3173 5156 3420 5228 corporis
3449 5150 3698 5218 oll‘cndit,

2110 5262 2208 5318 sed
2230 5252 2683 5316 incomincntiam
2706 5271 2887 5313 suam.
2905 5253 3020 5311 Hoc
3043 5261 3225 5309 autem
3252 5247 3491 5303 diximus
3517 5256 3700 5301 osten-

2108 5355 2300 5410 dentes
2350 5351 2612 5422 quoniam
2660 5347 2867 5404 Christi
2902 5345 3120 5420 quidem
3172 5339 3423 5411 discipuli
3456 5338 3509 5395 in
3541 5344 3698 5392 nocte

2110 5446 2575 5510 scandalizautur,
2612 5442 2912 5500 secundum
2945 5438 3091 5509 quod
3117 5428 3382 5491 Dominus
3414 5431 3534 5502 ejus
3562 5445 3695 5501 pra:-

2108 5540 2241 5597 dicit
2267 5558 2283 5596 :
2323 5539 2516 5598 Omnes
2548 5554 2636 5594 vos
2666 5535 2981 5592 scandalum
3012 5529 3290 5605 patiemini
3320 5528 3477 5581 inme
3508 5525 3566 5579 in
3594 5523 3695 5576 hac

3100 5687 3146 5719 ⁷⁸
3189 5686 3350 5741 ilebr.
3391 5701 3479 5751 vt,
3526 5682 3597 5747 ι,
3638 5681 3694 5738 6.

2423 5695 2470 5728 "
2508 5692 2672 5750 Rom.
2734 5705 2873 5757 xm,
2913 5687 3000 5746 12.
3100 5687 3146 5719 ⁷⁸
3189 5687 3350 5741 llebr.
3391 5701 3479 5751 vi,
3526 5687 3597 5747 ι,
3638 5687 3692 5738 6.

2439 5762 2486 5798 ’⁵
2530 5764 2672 5820 Psal.
2718 5778 2863 5821 ειν.
2906 5761 2994 5815 i6.
3085 5757 3132 5791 ⁸⁸
3171 5756 3319 5814 Psal.
3355 5770 3603 5821 cxxxiii,
3636 5753 3692 5809 l.

423 5834 464 5865 "
503 5834 647 5889 Psal.
683 5827 861 5905 cun,
888 5838 943 5892 2.
1022 5841 1065 5871 "
1111 5836 1153 5890 ll
1179 5841 1302 5895 Cor.
1341 5856 1395 5904 γ,
1430 5827 1516 5895 t6.
1593 5839 1640 5872 ⁸³
1678 5838 1874 5896 Matth.
1908 5855 2057 5908 xxvi,
2085 5841 2173 5895 5i.
2234 5827 2298 5873 ’⁸⁵
2337 5852 2434 5906 vn,
2462 5835 2553 5891 37.
2578 5834 2667 5889 38.
2745 5834 2793 5866 ⁸⁵
2831 5831 3023 5889 Matth.
3058 5844 3239 5897 xxv",
3278 5827 3412 5897 1,2.
