4112 6410
491 355 600 411 767

1629 342 1956 402 ORIGENIS
1992 339 2059 398 IN
2097 340 2509 401 MA-TTHEUM

3602 362 3626 420 Ι
3639 365 3741 422 768

452 475 582 527 dum
644 471 928 531 scientiam
974 467 1260 540 pmnitnit,
1317 467 1459 522 sicut
1504 466 1691 521 debuit
1752 467 2040 537 poenitere.
2075 468 2117 525 Α
2153 465 2379 520 tentiam
2402 467 2455 520 in
2474 466 2705 521 salutem
2725 467 2976 522 stabilem
3005 476 3296 538 operatur;
3325 470 3418 525 sed
3450 483 3741 545 postquam

454 561 803 619 Existimavit
856 562 1000 618 enim
1055 558 1351 630 praevenire
1386 558 1442 611 in
1485 564 1664 611 morte
1715 557 2044 610 moriturum

453 656 811 727 Magistrum,
858 663 914 708 et
969 667 1259 707 occurrere
1312 651 1362 705 ci
1390 666 1515 704 cum
1548 650 1733 703 anima
1769 649 1914 703 nuda
1941 685 1957 711 ,
1988 657 2048 703 ut

452 747 757 813 conﬁtens,
820 745 1158 815 deprecans,
1220 740 1654 797 misericordiam
1718 746 2041 793 mereretur.

452 838 679 908 Propter
724 837 869 906 quod
917 836 1033 905 ipse
1075 849 1134 890 se
1176 832 1463 903 judicavit,
1494 841 1546 885 et
1575 830 1965 886 condemnavit
1988 831 2042 883 in

450 947 516 985 eo
541 928 686 1000 quod
718 928 896 983 sciens
919 926 1186 997 peccavit,
1215 934 1261 980 et
1294 940 1402 981 non
1436 924 1652 994 aspexit
1681 925 1734 978 in
1767 924 1872 977 hoc
1895 922 2039 992 quod

449 1022 663 1075 dixerat
686 1018 789 1075 Job
820 1035 875 1074 tn
924 1019 1089 1074 tantis
1118 1018 1370 1072 cladibus
1405 1017 1740 1073 constitutus
1770 1031 1783 1067 :
1824 1014 2043 1069 Utinam

446 1130 653 1185 possem
699 1129 780 1166 me
807 1111 1127 1182 inter/icere,
1160 1118 1253 1163 aut
1282 1109 1516 1180 aliquem
1540 1124 1726 1177 rogare
1756 1115 1811 1159 ut
1848 1108 2043 1176 faceret

450 1205 581 1258 mihi
625 1205 764 1266 hoc;
793 1219 893 1258 nec
916 1203 1051 1257 vidit
1076 1202 1204 1272 quia
1254 1217 1361 1255 non
1407 1200 1665 1255 convenit
1694 1214 1908 1253 servum
1950 1197 2040 1251 Dei

450 1296 694 1365 seipsum
725 1294 1000 1366 expellere
1028 1294 1093 1347 de
1123 1296 1223 1346 hac
1241 1293 1373 1357 vita,
1408 1290 1501 1345 sed
1527 1300 1846 1360 exspectare
1876 1288 2039 1344 etiam

448 1386 516 1439 de
546 1385 649 1439 hoc
677 1384 771 1439 Dei
801 1385 1093 1455 judicium.
1129 1381 1423 1437 Videamus
1448 1397 1596 1436 nunc
1628 1382 1695 1445 si,
1729 1380 1874 1450 quod
1911 1380 2042 1435 latet

451 1475 677 1541 multos,
700 1476 808 1529 loci
839 1475 1022 1540 istius,
1045 1473 1153 1527 Deo
1184 1473 1440 1537 donante,
1478 1472 1753 1543 possimus
1769 1471 2041 1541 explicare

449 1569 595 1638 quod
630 1567 835 1622 dictum
866 1575 988 1621 est:
1030 1564 1222 1619 i'idcns
1251 1575 1430 1617 autem
1459 1563 1635 1618 Iudas
1682 1565 1773 1636 qui
1813 1564 2040 1618 tradidit

449 1677 588 1727 cum,
617 1661 866 1730 quoniam
889 1659 1265 1712 condemnatus
1286 1668 1384 1721 est,
1410 1659 1717 1728 paenitentia
1738 1657 1931 1711 ductus
1957 1674 2039 1713 re-

449 1752 571 1806 tulit
612 1753 831 1823 triginta
882 1759 1156 1820 argenteos
1205 1750 1535 1821 principibus
1577 1751 1934 1813 sacerdotum,
1985 1758 2039 1805 ct

447 1855 640 1900 caetera
672 1820 739 1900 θνα.
782 1843 839 1898 Si
870 1844 1015 1899 cnim
1049 1846 1311 1913 scriptum
1340 1843 1534 1899 fuisset
1564 1852 1685 1913 post
1709 1843 2035 1897 sententiam
2068 1820 2111 1875 Β

451 1936 625 1999 Pilati,
657 1942 948 2005 postquam
981 1933 1207 2005 flagellis
1243 1950 1446 1990 c-.esum
1464 1933 1652 1990 Jesum
1687 1934 1907 1990 tradidit
1938 1932 2036 1988 Ju-

446 2027 579 2082 daeis
609 2036 666 2081 ut
692 2027 1075 2097 crucitigcrent
1095 2044 1219 2083 eum
1248 2069 1262 2094 ,
1298 2028 1440 2098 quod
1477 2028 1548 2082 ita
1582 2027 1802 2083 fecisset
1828 2026 1997 2082 Judas
2017 2068 2033 2093 ,

448 2120 585 2174 nihil
613 2120 732 2176 sine
756 2119 921 2173 dubio
953 2118 1265 2189 hujusmodi
1297 2135 1670 2189 quaereremus
1704 2119 1755 2173 in
1788 2133 1855 2174 eo
1887 2119 2037 2189 quod

448 2211 653 2265 dictum
706 2218 832 2266 est:
872 2208 1061 2264 Videtis
1111 2220 1287 2265 autem
1330 2212 1456 2281 quia
1508 2211 1890 2264 condemnatus
1935 2219 2033 2265 est.

449 2302 604 2358 Nunc
633 2314 813 2357 autem
845 2303 1123 2374 quomodo
1154 2303 1285 2357 vidit
1307 2301 1477 2358 Judas
1493 2304 1619 2373 quia
1640 2303 2037 2357 condemnatus

447 2396 571 2451 est?
602 2392 788 2465 Neque
823 2396 968 2449 enim
1003 2394 1182 2449 adhuc
1213 2395 1616 2449 condemnatus
1649 2394 1828 2449 fuerat
1852 2392 2035 2459 Jesus,

448 2503 625 2558 neque
649 2503 677 2542 a
709 2487 883 2541 Pilato
908 2487 1300 2559 interrogatus.
1333 2486 1586 2541 Forsitan
1619 2501 1749 2557 ergo
1775 2487 1908 2541 dicit
1939 2487 2038 2541 ali-

448 2581 574 2650 quis
602 2580 709 2633 vim
751 2578 984 2646 faciens,
1030 2578 1291 2649 quoniam
1337 2577 1784 2633 consideratione
1833 2579 2036 2634 mentis

450 2687 563 2727 sum
593 2670 728 2726 vidit
775 2673 980 2725 exitum
1028 2671 1103 2725 rei
1142 2671 1271 2741 quia
1306 2670 1708 2725 condemnatus
1751 2678 1837 2724 est
1867 2686 1933 2725 ex
1968 2686 2035 2725 eo

450 2762 595 2833 quod
630 2763 887 2816 traditum
926 2762 1139 2831 aspexit
1170 2777 1198 2815 a
1231 2761 1573 2831 principibus
1607 2762 1950 2816 sacerdotum
1984 2770 2040 2817 et

450 2854 761 2911 senioribus
791 2854 985 2924 plebis.
1012 2854 1168 2908 Alius
1197 2861 1379 2908 autem
1414 2853 1558 2908 dicet
1584 2853 1689 2909 hoc
1708 2854 2037 2925 modoquod

450 2947 712 3017 scriptum
742 2956 821 3000 est
851 2964 864 3000 :
908 2945 1097 2999 Videas
1130 2957 1307 2999 autem
1334 2944 1512 2999 ludas
1556 2947 1681 3015 quia
1714 2947 2037 3001 condemna-

453 3048 536 3090 tus
569 3048 644 3091 est
670 3077 684 3100 ,
723 3037 787 3091 ad
828 3037 1003 3106 ipsum
1037 3035 1234 3091 Judam
1276 3036 1533 3092 refertur.
1561 3035 1700 3092 Cum
1736 3038 1882 3093 enim
1928 3049 2039 3092 tra-

2160 558 2404 627 suseepit
2442 558 2757 628 hujusmodi
2793 559 3095 626 tristitiam,
3147 562 3405 632 apposuit
3439 563 3639 620 iterum
3682 583 3743 621 se

2149 648 2198 704 ei
2231 651 2506 713 diabolus,
2542 652 2731 705 volens
2754 652 2928 721 ipsam
2966 653 3246 709 tristitiam
3288 656 3410 726 ejus
3436 672 3602 727 supra
3622 675 3741 713 mo-

2150 741 2280 795 dum
2315 756 2672 813 exaggerare,
2711 752 2770 797 ut
2795 743 2910 812 jam
2932 760 3041 800 non
3066 749 3529 803 essetsecundum
3545 748 3739 814 Deum,

2151 836 2243 890 sed
2287 844 2346 891 ut
2385 836 2753 892 abundantior
2794 837 2936 895 facta
2966 839 3286 896 absorberet
3314 841 3622 898 tristantem
3646 860 3743 901 su-

2150 943 2248 997 pra
2276 942 2592 983 mensuram
2627 937 2682 983 et
2710 929 2853 984 ultra
2876 946 3042 999 quam
3066 929 3273 985 tristari
3301 931 3544 1002 deberet,
3578 944 3632 989 ct
3660 935 3741 990 sic

2147 1034 2272 1073 eum
2325 1020 2645 1075 absorberet
2683 1018 2917 1077 Satanas
2961 1021 3016 1075 in
3051 1020 3436 1076 abundantiori
3489 1022 3734 1080 tristitia.

2146 1109 2302 1176 Quod
2349 1127 2800 1184 prtecognoscens
2843 1113 3169 1184 Apostolus,
3203 1113 3492 1169 consilium
3532 1115 3735 1171 Corin~

2151 1204 2281 1258 tliiis
2314 1205 2407 1258 dat
2436 1213 2495 1258 ut
2543 1205 2871 1259 confirment
2900 1206 3222 1260 cbaritatem
3263 1205 3319 1260 in
3353 1221 3513 1272 eum,
3543 1207 3733 1263 dicens

2146 1297 2460 1367 hujusmodi
2493 1314 2717 1353 causam
2754 1318 2767 1354 :
2806 1297 2874 1351 Ut
2902 1315 2986 1364 ne,
3016 1299 3612 1369 inquit,abundantiori
3638 1303 3741 1355 tri-

2142 1389 2295 1444 stitia
2350 1391 2696 1444 absorbeatur
2748 1391 2839 1461 (ίιεί
2881 1390 3190 1460 hujusmodi
3232 1403 3309 1445 est
3337 1393 3380 1445 '.
3414 1391 3533 1446 Non
3581 1392 3733 1449 enim

2141 1481 2414 1537 versutias
2442 1482 2562 1551 ejus
2593 1481 2929 1551 ignoramus.
2977 1479 3242 1535 Similiter
3282 1481 3489 1550 aliquid
3528 1480 3735 1537 factum

2141 1583 2225 1629 est
2250 1581 2300 1628 et
2327 1572 2382 1627 in
2411 1571 2549 1627 Juda
2585 1570 2679 1643 qui
2716 1571 2939 1626 tradidit
2984 1569 3171 1627 Jesum
3195 1588 3209 1639 ;
3236 1581 3290 1627 et
3320 1572 3624 1628 secundum
3659 1573 3726 1628 si-

2142 1664 2504 1719 militudinem
2542 1663 2688 1718 illius
2726 1662 2963 1717 tristitia:
2997 1678 3118 1732 qum
3145 1663 3522 1732 pmnitcntiam
3558 1664 3612 1717 in
3644 1678 3727 1718 εδ·

2143 1755 2311 1811 lutem
2346 1755 2597 1811 stabilem
2622 1763 2899 1823 operatur,
2925 1754 3173 1808 tristatus
3194 1761 3248 1807 et
3280 1754 3416 1824 ipse,
3442 1763 3733 1824 postquam

2140 1844 2458 1916 poenitentia
2477 1843 2675 1898 ductus
2694 1853 2796 1909 cst,
2823 1842 3007 1898 retulit
3036 1842 3258 1911 triginta
3278 1852 3569 1913 argenteos
3587 1843 3710 1914 prin

2140 1934 2358 2005 cipibus
2383 1934 2729 1990 sacerdotum
2756 1934 2946 1989 dicens
2979 1951 2991 1987 :
3027 1931 3252 1987 Peccavi
3284 1935 3497 1988 tradens
3523 1934 3715 2003 sangni

2140 2041 2254 2079 nem
2274 2025 2486 2094 justum
2510 2024 2530 2056 ³
2555 2016 2569 2078 ε
2590 2024 2733 2094 quod
2764 2025 2944 2095 ipsum
2973 2024 3306 2094 ptenitentize
3344 2034 3494 2092 erat,
3538 2034 3593 2080 et
3631 2025 3731 2079 tri-

2139 2115 2299 2170 stitia:
2344 2114 2623 2170 salutaris.
2672 2112 2778 2169 Sed
2840 2115 2967 2184 quia
3017 2128 3300 2184 nunquam
3340 2115 3580 2169 servavit
3634 2129 3732 2168 cor

2139 2222 2326 2269 suum,
2387 2220 2566 2275 neque
2610 2206 2886 2275 sapienter
2938 2206 3187 2272 tristatus
3229 2216 3335 2273 est,
3368 2206 3461 2261 sed
3490 2206 3733 2276 suscepit

2139 2298 2596 2353 abundantiorem
2630 2298 2906 2353 tristitiam
2938 2313 2968 2353 a
2992 2297 3208 2352 diabolo
3240 2298 3344 2352 sibi
3371 2298 3729 2363 submissum,

2139 2389 2234 2458 qui
2264 2388 2439 2443 voluit
2473 2404 2596 2444 eum
2624 2390 2921 2445 absorbere
2962 2390 3016 2443 in
3058 2389 3445 2443 abundantiori
3472 2391 3729 2457 tristitia,

2140 2478 2265 2535 ideo
2293 2478 2542 2537 referens
2571 2491 2856 2551 argenteos
2884 2481 3009 2536 illos
3037 2481 3091 2535 in
3116 2481 3401 2550 templum,
3434 2482 3626 2537 abiens
3660 2482 3731 2536 Ia-

2138 2586 2283 2641 queo
2312 2587 2371 2628 se
2404 2573 2708 2641 suspendit.
2746 2573 2801 2627 Si
2833 2573 2979 2627 enim
3012 2583 3303 2644 postquam
3343 2571 3525 2626 retulit
3560 2586 3729 2641 pecn-

2140 2663 2314 2729 niam,
2349 2663 2707 2719 etconfessus
2737 2673 2821 2719 est
2858 2679 2918 2719 se
2952 2680 3214 2735 peccasse
3241 2680 3307 2720 eo
3337 2665 3480 2734 quod
3510 2663 3733 2718 tradidit

2141 2759 2465 2830 sanguinem
2508 2758 2742 2828 justum,
2776 2774 2887 2812 non
2931 2758 3121 2813 abiens
3154 2759 3350 2829 laqueo
3401 2773 3459 2813 se
3503 2773 3735 2829 suspen-

2141 2851 2334 2914 disset,
2363 2850 2458 2904 sed
2490 2850 2671 2905 locum
2705 2848 3040 2920 poenitentia:
3056 2850 3416 2921 requisiisset,
3437 2858 3491 2902 et
3517 2858 3732 2919 tempus

2140 2941 2478 3012 pumitentia:
2506 2940 2871 3001 observasset,
2921 2938 3152 2993 forsitan
3180 2947 3233 2991 et
3274 2936 3572 2992 invenisset
3607 2952 3731 2992 cum

2142 3030 2235 3099 qui
2271 3028 2409 3084 dixit
2436 3027 2459 3058 ⁸
2492 3046 2504 3081 :
2547 3026 2674 3081 Vivo
2713 3043 2827 3096 ego,
2859 3027 3110 3095 quoniam
3150 3025 3318 3096 916
3354 3024 3476 3079 uolo
3513 3039 3734 3079 mortem

450 3128 720 3183 didissent
765 3126 951 3183 Jesum
986 3128 1270 3199 principes
1324 3128 1670 3183 sacerdotum
1705 3138 1758 3183 ci
1793 3129 2039 3184 seniores
2069 3161 2110 3219 Ο
2144 3115 3264 3189 peccatoris,sicutpcenitentiamcjus.Ego
3282 3126 3462 3172 autem
3480 3117 3735 3171 existimo

451 3221 626 3292 plebis
652 3219 824 3274 Pilato
856 3230 985 3276 tunc
1016 3221 1190 3275 sensit
1213 3221 1417 3275 malum
1442 3235 1603 3276 suum
1626 3218 1798 3275 Iudas
1819 3262 1834 3286 ,
1861 3228 1916 3275 et
1950 3220 2035 3273 in-

452 3312 942 3381 tellexitquoniam
971 3313 1063 3382 qui
1102 3314 1228 3367 talia
1265 3328 1437 3367 ausus
1473 3321 1576 3373 est,
1613 3312 1733 3366 sine
1762 3311 2041 3380 dubioju-

451 3403 667 3458 dicatus
695 3411 747 3457 et
778 3403 1176 3459 condemnatus
1210 3420 1240 3458 a
1268 3403 1380 3458 Deo
1405 3414 1507 3459 est.
1559 3400 1812 3457 Forsitan
1854 3410 1907 3455 et
1940 3400 2042 3454 Sa-

452 3502 636 3557 tanas,
671 3492 763 3563 qui
808 3501 932 3562 post
970 3508 1164 3563 panem
1208 3493 1499 3549 intinctum
1537 3491 1714 3546 fuerat
1756 3491 2039 3561 ingressus

452 3585 509 3638 in
544 3582 739 3639 Judam
763 3624 776 3647 ,
833 3593 1031 3654 praesto
1067 3584 1168 3639 fuit
1216 3584 1296 3652 ei,
1339 3585 1513 3640 donec
1540 3582 1702 3639 Jesus
1740 3583 2042 3638 traderetur

456 3677 630 3731 Pilato
658 3694 672 3732 :
707 3686 995 3748 postquam
1033 3676 1160 3731 fecit
1182 3675 1331 3747 quod
1360 3676 1563 3743 voluit,
1593 3675 1820 3729 recessit
1842 3674 1911 3728 ab
1938 3687 2038 3740 eo;

454 3768 744 3824 recedente
772 3778 953 3831 autem
982 3769 1224 3833 diabolo,
1255 3768 1587 3823 intellexitct
1622 3766 1755 3820 vidit
1778 3765 2041 3835 quoniam

455 3859 677 3915 tradens
705 3861 1026 3929 sanguinem
1057 3860 1269 3930 justum
1296 3860 1696 3915 condemnatus
1740 3872 1771 3911 a
1802 3857 1914 3912 Deo
1936 3865 2041 3923 est,

454 3961 509 4004 et
554 3952 730 4021 potuit
760 3952 1064 4022 intelligere
1099 3966 1293 4006 sensus
1329 3951 1449 4017 ejus
1478 3951 1591 4020 jam
1623 3965 1826 4004 vacans
1851 3959 1903 4003 et
1932 3966 2042 4003 non

459 4043 666 4099 habens
687 4044 963 4099 diabolum
989 4051 1305 4113 operantem
1334 4042 1386 4095 in
1420 4057 1496 4096 se.
1527 4042 1711 4095 Potuit
1737 4056 1889 4111 ergo,
1927 4056 1956 4095 a
1987 4056 2045 4096 sc

458 4136 750 4192 recedente
783 4134 1039 4200 diabolo,
1073 4149 1269 4203 capere
1305 4133 1685 4203 paenitentiam
1733 4142 1787 4188 et
1838 4131 2044 4187 referre

458 4229 683 4305 triginta
710 4237 1000 4305 argenteos
1030 4226 1117 4305 itis
1147 4227 1239 4296 qui
1285 4225 1550 4282 dederant
1588 4242 1684 4282 eos
1732 4245 1745 4280 :
1786 4235 1839 4281 et
1869 4226 2049 4296 potuit

457 4300 979 4391 dicere,'reeedente
1028 4300 1279 4384 diabolo,
1316 4317 1462 4387 quod
1517 4318 1839 4388 priusquam
1883 4317 1953 4371 ab
1979 4332 2128 4441 eoo

459 4406 733 4441 "multum:
805 4406 987 4441 Ait-mm
1021 4422 1130 4441 nnn
1176 4407 1440 4441 nni-ticam
1514 4406 1624 4441 Νυη
1673 4408 1817 4441 anim
1868 4407 2047 4441 ηδιηιιι

459 4406 774 4471 recederet,
805 4406 987 4461 dicere
1021 4422 1130 4461 non
1176 4407 1468 4477 potuisset.
1514 4406 1626 4463 Nec
1673 4408 1817 4463 enim
1867 4407 2049 4461 adhuc

2145 3212 2407 3282 quoniam
2439 3220 2493 3265 et
2534 3209 2714 3279 majus
2747 3207 2954 3276 aliquid
2990 3208 3057 3262 de
3087 3204 3376 3261 Salvatore
3424 3206 3734 3276 intelligens

2143 3300 2333 3367 ludas,
2367 3314 2476 3353 non
2527 3297 2655 3353 alibi
2704 3296 2937 3366 projecit
2963 3295 3185 3366 triginta
3226 3305 3516 3366 argenteos
3544 3296 3649 3349 nisi
3679 3295 3732 3348 iu

2146 3392 2433 3461 templum,
2460 3389 2553 3443 ubi
2599 3388 2809 3443 sciebat
2854 3386 3146 3441 Dominum
3180 3387 3408 3455 ejecisse
3431 3386 3497 3440 de
3531 3386 3736 3455 templo

2145 3496 2277 3535 oves
2304 3489 2355 3535 ct
2384 3480 2573 3545 boves,
2603 3486 2656 3532 et
2682 3477 2889 3533 dixisse
2915 3475 3289 3530 venditoribus
3310 3475 3731 3529 columbarum:

2150 3569 2342 3625 Tollite
2368 3571 2477 3622 Ιιωσ
2500 3567 2641 3632 hinc,
2679 3576 2727 3619 et
2769 3567 2933 3619 no.'ite
2964 3564 3139 3634 facere
3164 3564 3382 3616 domum
3411 3562 3599 3616 Patris
3632 3565 3732 3614 mei

2146 3663 2364 3716 domum
2397 3658 2774 3729 negotiationis
2802 3658 2845 3711 ⁵.
2884 3655 3033 3710 Satis
3061 3669 3193 3724 ergo
3233 3654 3531 3724 desperans
3566 3668 3632 3708 ex
3676 3666 3736 3707 se

2147 3753 2296 3824 quod
2342 3750 2603 3806 intellexit
2655 3748 3085 3820 magnitudinem
3131 3747 3215 3802 sui
3247 3745 3490 3816 peccati,
3518 3745 3738 3815 jactans

2147 3853 2436 3915 argenteos
2468 3843 2591 3897 illos
2620 3842 2674 3897 in
2724 3841 3015 3911 templum,
3047 3840 3182 3894 abiit
3202 3846 3257 3894 et
3294 3840 3492 3909 laquee
3529 3853 3588 3892 se
3611 3854 3736 3893 sus-

2148 3934 2354 4006 pendit.
2400 3934 2746 4004 Aecipientes
2781 3941 2964 3988 autem
3016 3940 3303 4002 argenteos
3351 3930 3504 3993 illos,
3551 3925 3738 3983 volue-

2145 4035 2270 4082 runt
2296 4025 2501 4096 aliquid
2554 4025 2858 4095 legitimum
2893 4024 3206 4085 observare,
3252 4030 3307 4076 et
3354 4035 3462 4075 non
3509 4020 3734 4074 mittere

2148 4133 2246 4173 eos
2276 4118 2330 4173 in
2365 4117 2685 4181 corbonam,
2725 4116 2816 4170 ubi
2847 4116 2973 4170 data
3019 4115 3202 4184 populi
3240 4122 3461 4182 prepter
3492 4111 3737 4166 necessi-

2150 4218 2290 4265 tates
2343 4222 2647 4280 pauperum
2706 4205 3181 4277 congregabantur
3220 4201 3549 4272 :sanguinis
3589 4201 3737 4256 enim

2151 4301 2387 4376 pretium
2420 4300 2646 4370 impium
2675 4297 3066 4353 existimabant
3091 4296 3214 4350 mitt
3252 4311 3309 4350 re
3335 4296 3387 4349 in
3415 4293 3738 4350 corbonam.

2152 4390 2380 4463 Propter
2421 4390 2566 4461 quod
2610 4388 2902 4443 consilium
2962 4386 3329 4456 accipientes,
3385 4397 3741 4453 comparave-

460 4494 722 4564 implente
769 4494 988 4550 diabolo
1043 4512 1140 4552 cor
1194 4497 1315 4567 ejus
1341 4499 1518 4567 potuit
1569 4499 1751 4554 dicere
1782 4515 1795 4552 :
1824 4498 2048 4554 Peccavi
2082 4526 2126 4581 ι)
2153 4492 2285 4539 Tum
2312 4498 2378 4538 ex
2411 4480 2749 4581 Ρθοιξηί³ί¹¹³
2769 4494 2960 4581 agrum
2977 4479 3127 4579 ῥευιί
3160 4478 3510 4546 θιορθνειηιίε
3540 4477 3738 4577 [flium-

460 4585 677 4639 tradens
735 4587 1043 4656 sanguinem
1076 4586 1309 4656 justum.
1349 4586 1454 4643 Sed
1501 4604 1609 4643 non
1660 4589 1766 4643 hoc
1813 4589 2049 4645 dicimus

461 4675 723 4747 quoniam
759 4675 1010 4732 diabolus
1056 4678 1312 4733 recedens
1346 4678 1416 4734 ab
1441 4679 1628 4749 aliquo
1654 4680 1747 4735 tali
1770 4723 1784 4748 ,
1805 4680 1916 4751 jam
1954 4696 2050 4736 nc-

462 4783 738 4838 quaquam
798 4768 847 4823 ei
884 4768 1209 4837 insidiatur,
1247 4770 1340 4826 sed
1378 4771 1635 4826 observat
1678 4772 1874 4825 iterum
1913 4779 2052 4825 tem-

463 4875 588 4931 pus,
621 4859 667 4914 si
699 4858 939 4929 potuerit
968 4860 1165 4914 iterum
1184 4873 1243 4912 se
1260 4873 1532 4928 apponere
1561 4859 1642 4925 ei;
1670 4866 1723 4912 et
1757 4866 2049 4928 postquam

463 4951 783 5021 cognoverit
805 4951 1105 5005 secundum
1129 4960 1412 5020 peceatum
1443 4964 1605 5003 suum
1628 4949 1782 5024 quis,
1799 4949 2056 5004 observat

463 5043 628 5098 etiam
660 5043 833 5097 tertia:
878 5042 1217 5113 dcccptionis
1275 5043 1455 5097 locum
1491 5042 1546 5096 in
1583 5057 1650 5095 eo
1689 5040 1959 5095 diabolus.
1995 5039 2055 5094 Si

466 5145 649 5191 autem
703 5149 844 5204 opus
878 5146 963 5190 est
995 5144 1050 5190 et
1070 5135 1335 5205 exemplis
1367 5133 1452 5188 'uti
1472 5175 1487 5201 ,
1519 5134 1803 5189 videamus
1829 5133 1884 5187 in
1921 5133 2052 5203 Epi-

465 5228 610 5286 stola
638 5228 706 5284 ad
734 5226 1049 5284 Corinthios
1079 5228 1253 5298 prima
1280 5229 1347 5296 ν,
1371 5243 1495 5282 eum
1541 5226 1633 5298 qui
1682 5241 1911 5281 uxorem
1957 5227 2055 5279 ha-

468 5318 587 5374 buit
636 5319 808 5391 patris
842 5336 856 5374 :
886 5332 987 5374 nec
1041 5320 1184 5373 enim
1248 5319 1302 5373 in
1361 5318 1678 5390 hujusmodi
1717 5318 1863 5373 malo
1936 5317 2056 5371 sine

472 5427 671 5484 magno
703 5424 867 5482 Opere
895 5410 1095 5466 diaboli
1123 5412 1299 5481 potuit
1324 5426 1465 5466 esse.
1502 5409 1579 5464 De
1611 5424 1722 5481 quo
1749 5409 1909 5478 _malo
1939 5422 2057 5478 pte-

470 5505 656 5569 nituit,
687 5505 829 5559 sicut
851 5500 1137 5574 Scriptura
1158 5502 1272 5572 ipsa
1296 5511 1528 5557 testatur
1556 5501 1596 5567 ¹,
1621 5509 1676 5556 et
1704 5499 1952 5555 tristatus
1972 5504 2057 5552 est

471 5595 750 5653 tristitiam
798 5595 1101 5652 secundum
1155 5594 1323 5652 Deum
1350 5637 1366 5663 ,
1403 5593 1681 5649 tristitiam
1714 5606 1835 5662 quae
1885 5590 2057 5660 poeni-

546 5730 592 5802 f‘
632 5731 762 5785 ibid.
798 5732 875 5802 3._
932 5733 977 5766 θ’
1020 5749 1072 5802 v,
1106 5733 1153 5788 l.
1238 5735 1250 5765 ¹
1288 5732 1330 5788 ll
1354 5731 1479 5789 Cor.
1514 5746 1611 5795 vn,
1640 5730 1694 5798 9,
1736 5726 1818 5783 l0.

478 5801 498 5833 ³
538 5798 674 5855 Joan
730 5818 790 5867 ιι,
820 5800 906 5855 16.
1059 5798 1067 5802 ⁷
1183 5812 1209 5818 ·“

1935 5729 1954 5814 ξ
2008 5724 2053 5780 ll
2083 5724 2211 5782 Cor.
2248 5739 2306 5791 tt,
2339 5723 2392 5779 7.

2159 4574 2433 4629 Videbant
2460 4573 2605 4643 enim
2655 4572 2914 4642 quoniam
2954 4569 3100 4624 circa
3140 4578 3388 4623 mortuos
3425 4567 3596 4637 magis
3616 4578 3739 4620 eam

2156 4666 2449 4737 pecuniam
2472 4665 2832 4719 conveniebat
2856 4659 3113 4732 expendi,
3139 4669 3194 4715 ct
3214 4661 3360 4715 circa
3393 4659 3572 4714 locum
3600 4670 3744 4710 mor—

2161 4767 2379 4812 tuorum
2420 4765 2474 4811 et
2512 4755 2825 4826 sepulturae,
2855 4753 3115 4823 quoniam
3167 4753 3404 4821 pretium
3456 4745 3740 4815 sanguinis

2159 4859 2297 4916 erat,
2326 4863 2491 4918 quam
2530 4848 2582 4900 in
2607 4847 2847 4901 corbona
2880 4853 2976 4898 aut
3009 4843 3063 4897 in
3090 4843 3273 4912 aliqua
3299 4837 3623 4895 necessitate
3646 4835 3741 4889 ho-

2159 4950 2332 4995 nesta.
2367 4938 2472 4994 Sed
2520 4938 2648 5007 quia
2697 4946 2751 4991 et
2778 4938 2918 4990 inter
2946 4935 3067 4989 loca
3099 4942 3441 4988 mortuorum
3482 4927 3741 4981 ditferen-

2160 5033 2248 5088 tia:
2276 5040 2405 5087 sunt
2436 5048 2449 5083 :
2485 5030 2745 5098 quoniam
2780 5027 2934 5081 multi
2971 5025 3193 5096 quidem
3229 5019 3527 5076 secundum
3554 5026 3740 5073 votum

2162 5123 2473 5196 optabiliter
2520 5120 2859 5191 sepeliuntur
2893 5121 2946 5173 in
2995 5114 3367 5191 monumentis
3396 5111 3513 5167 suis
3564 5120 3745 5182 pater-

2162 5218 2270 5281 nis,
2294 5214 2517 5285 quidam
2575 5220 2757 5268 autem
2811 5217 3033 5281 propter
3088 5206 3355 5276 quasdam
3406 5205 3747 5261 calamitates

2162 5312 2479 5378 frequenter
2501 5305 2556 5360 iu
2609 5303 2913 5375 peregrinis
2962 5297 3331 5355 monumentis
3364 5297 3745 5367 sepeanntur;

2163 5401 2287 5456 ideo
2319 5396 2652 5467 accipientes
2666 5394 2899 5466 pretium
2925 5390 3213 5462 sanguinis
3238 5387 3392 5453 Jesu,
3413 5387 3497 5442 tisi
3531 5395 3659 5441 sunt
3679 5401 3748 5439 ea

2164 5492 2233 5546 ad
2256 5491 2721 5559 comparationem
2751 5485 2869 5556 agri
2895 5483 3042 5555 ﬁguli
3072 5480 3308 5549 alicujus
3328 5521 3343 5547 ,
3379 5489 3439 5535 ut
3466 5480 3521 5533 in
3553 5493 3620 5534 eo
3655 5492 3747 5547 ρει·

2164 5581 2369 5655 regrini
2402 5578 2604 5639 mortui
2641 5576 2995 5649 sepeliantur,
3033 5588 3142 5629 non
3171 5570 3473 5649 secundum
3520 5575 3748 5634 votum,

2503 5722 2523 5753 ³
2562 5717 2752 5773 Matth.
2785 5730 2957 5784 xxvii,
2992 5712 3046 5768 4.
3123 5708 3147 5742 ⁸
3184 5706 3382 5766 Ezech.
3422 5719 3618 5771 χχχιιι,
3661 5700 3746 5756 Η.
