4112 6476
438 373 460 424 1
473 367 574 429 769

435 493 530 549 sed
564 482 866 550 secundum
898 511 1088 551 casum
1121 494 1358 566 aliquem
1390 499 1724 554 contrarium
1755 499 1857 557 hoc
1888 515 2015 571 pro-

436 593 732 640 merentes.
762 585 818 640 Si
851 594 1033 640 autem
1065 595 1120 643 et
1153 587 1474 656 peregrinos
1508 589 1830 656 spiritaliter
1855 591 2012 646 intel-

435 675 603 746 ligere
629 677 902 742 convenit,
937 677 1253 748 peregrinos
1290 677 1527 734 dicimus
1569 694 1690 734 esse
1711 680 1804 750 qui
1838 695 2013 752 usque

435 767 504 820 ad
533 769 694 820 linem
725 767 970 821 extranei
995 775 1125 822 sunt
1151 783 1182 821 a
1215 767 1325 822 Deo
1351 771 1686 841 ctperegrini
1711 780 2007 828 testamen-

437 867 618 912 torum
635 857 774 928 ejus.
803 858 960 914 Tales
993 859 1157 929 igitur
1175 862 1446 931 peregrini
1475 862 1787 934 hujusmodi
1812 865 2012 922 habent

437 947 621 1013 linem,
657 957 717 1004 ut
745 949 800 1004 in
830 965 964 1022 agro
994 950 1142 1020 ﬁguli
1171 953 1528 1022 sepeliantur,
1563 955 1656 1025 qui
1685 957 1859 1026 pretio
1883 973 2010 1013 san-

435 1039 616 1107 guinis
641 1048 723 1094 est
746 1051 1116 1110 comparatus.
1146 1041 1282 1097 Nam
1311 1044 1446 1114 justi
1495 1055 1625 1101 sunt
1659 1049 1754 1116 qui
1784 1049 2006 1106 dicunt:

432 1127 746 1198 Consepulti
781 1146 974 1188 sumus
994 1133 1213 1188 Christo
1235 1135 1288 1189 in
1313 1151 1456 1191 novo
1486 1149 1840 1195 monumento
1862 1142 2006 1210 quod

430 1220 674 1275 excisum
716 1222 950 1278 trahetur
995 1225 1050 1278 in
1098 1235 1286 1294 petra,
1318 1227 1371 1281 in
1411 1239 1769 1286 monumento
1801 1232 2005 1298 dolato,

433 1309 524 1364 ubi
585 1313 826 1368 nondum
879 1315 1172 1386 quisquam
1211 1329 1556 1375 mortuorum
1608 1324 1820 1392 positus
1847 1333 1932 1382 est
1963 1326 2004 1378 ⁸.

431 1400 536 1466 Qui
551 1413 731 1456 autem
749 1420 922 1474 usque
954 1407 1021 1461 ad
1045 1407 1207 1462 ﬁnem
1224 1410 1491 1479 peregrini
1519 1423 1645 1467 sunt
1669 1427 1700 1467 a
1716 1412 1935 1470 Christo
1955 1425 2010 1470 et

429 1490 590 1544 alieni
615 1507 644 1545 a
669 1491 803 1556 Deo,
837 1494 1022 1550 dicent
1051 1495 1171 1551 sine
1201 1497 1368 1553 dubio
1392 1513 1826 1572 consequenter:
1856 1505 2005 1562 Con-

429 1581 627 1651 sepulti
655 1595 848 1638 Sumus
874 1587 1174 1654 peregrinis
1203 1587 1257 1642 in
1284 1604 1415 1658 agro
1438 1590 1586 1660 liguli
1613 1595 1890 1662 operantis
1919 1597 2007 1651 lu.

429 1680 570 1737 tum,
611 1675 704 1744 qui
757 1677 930 1746 pretio
959 1681 1244 1749 sanguinis
1288 1691 1374 1738 est
1426 1697 1800 1755 comparatus,
1831 1698 1886 1743 ct
1915 1705 2008 1744 su-

430 1779 555 1819 nius
604 1765 656 1820 in
698 1782 830 1836 agro
865 1770 956 1838 qui
997 1787 1126 1842 ager
1172 1774 1458 1843 sanguinis
1499 1777 1837 1834 nominatur.
1898 1781 2004 1836 Sed

1569 374 2231 436 COMMENTARIORUM
2272 378 2533 436 SERIES.

3553 393 3576 446 1
3589 395 3693 449 770

2109 503 2368 560 dubitans
2392 503 2605 562 Pilatus
2634 504 2987 578 interrogavit
3013 508 3200 566 dicens
3229 526 3243 565 :
3273 510 3352 566 Tu
3383 527 3436 566 es
3473 527 3564 567 rex
3583 512 3690 566 Ju-

2107 592 2388 651 daorum!
2416 595 2495 650 Ad
2539 613 2703 667 quam
2747 598 3232 670 interrogationem
3281 604 3429 671 quod
3481 603 3687 673 putarit

2107 699 2228 742 esse
2273 687 2581 742 condecens
2632 689 2933 756 respondit,
2974 691 3164 746 dicens
3200 709 3215 747 :
3249 691 3328 747 Tu
3361 693 3520 750 dicis.
3562 694 3630 749 Et
3658 711 3689 749 a

2117 767 2363 838 principe
2413 769 2632 838 quidem
2695 768 3039 822 sacerdotum
3072 771 3356 840 adjuratus
3395 781 3456 828 ut
3487 772 3691 828 diceret

2117 858 2162 914 si
2189 857 2304 928 ipse
2317 867 2401 914 est
2427 859 2681 914 Christus
2701 857 2870 912 Filius
2891 858 3006 923 Dei,
3041 862 3348 930 respondit:
3368 862 3445 917 Tu
3467 864 3690 927 dixisti;

2116 963 2148 1002 a
2175 947 2348 1004 Pilato
2381 958 2562 1004 antem
2595 951 2958 1020 interrogatus
2983 971 2994 1004 :
3025 951 3102 1005 Tu
3123 969 3175 1006 es
3201 969 3293 1006 rex
3330 952 3641 1008 Indieorum
3665 956 3690 1009 .’

2117 1040 2433 1110 respondit:
2468 1039 2545 1094 Tu
2567 1042 2700 1094 dicis
2757 1040 2889 1096 Vide
2940 1043 3413 1113 interrogationes.
3445 1022 3554 1100 iiisi
3597 1046 3690 1101 illa

2115 1131 2333 1200 quidem
2373 1133 2722 1203 interrogatio
2757 1151 2770 1187 :
2805 1132 2866 1187 Si
2895 1144 2950 1186 tu
2979 1151 3031 1187 es
3056 1134 3296 1190 Christus
3341 1135 3516 1190 Filius
3551 1136 3688 1202 Dei,

2112 1221 2356 1278 Iudaicae
2386 1225 2742 1279 conveniebat
2793 1239 3072 1294 personae;
3114 1224 3361 1281 Romano
3392 1235 3569 1281 autem
3595 1227 3690 1297 ju-

2113 1313 2222 1368 dici
2258 1314 2458 1370 dicenti
2504 1315 2954 1386 interrogatorie,
2983 1316 3097 1386 jam
3126 1333 3235 1372 non
3266 1336 3279 1372 :
3313 1317 3394 1372 Tu
3427 1334 3489 1374 cs
3522 1319 3688 1373 Chri-

2114 1414 2255 1471 stus,
2285 1406 2415 1460 sed:
2462 1404 2540 1458 Tu
2573 1423 2627 1460 es
2665 1423 2756 1460 rea:
2791 1406 3148 1463 Iudaeorum?
3173 1407 3278 1476 Qui
3308 1418 3490 1466 autem
3533 1420 3690 1466 caute

2114 1496 2426 1552 considerat
2455 1497 2603 1566 ipsos
2640 1498 2822 1567 apices
2854 1500 3291 1571 evangelicorum
3338 1517 3649 1556 sermonum
3671 1544 3688 1570 ,

2115 1587 2318 1643 videbit
2359 1590 2619 1658 quoniam
2656 1590 2912 1660 princeps
2953 1593 3173 1661 quidem
3215 1593 3559 1649 sacerdotum
3587 1594 3690 1648 du-

2112 1681 2347 1736 bitanter
2375 1681 2514 1736 dixit
2549 1700 2561 1736 :
2599 1679 2660 1736 Si
2681 1693 2736 1735 tu
2767 1697 2821 1735 es
2844 1679 3088 1737 Christus
3117 1683 3289 1738 Filius
3316 1683 3433 1739 Dei.
3459 1683 3519 1740 Si
3542 1686 3686 1740 enim

2111 1769 2318 1839 syllaba
2347 1770 2743 1826 dubitationem
2769 1771 3214 1843 interrogationis
3243 1776 3506 1830 ostendit.
3543 1775 3687 1831 Pila-

428 1856 856 1927 quoniamquod
887 1862 1148 1930 posthaec
1173 1864 1306 1919 dicit
1327 1866 1696 1936 evangelista:
1734 1868 1880 1925 Tum:
1903 1873 2008 1924 im-
2042 1851 2082 1906 Β
2112 1868 2198 1916 lus
2249 1872 2430 1918 autem
2480 1863 2882 1933 pronuntiative
2925 1883 2938 1918 :
2975 1863 3054 1918 Tu
3107 1882 3160 1919 es
3210 1882 3302 1920 rex
3336 1865 3686 1923 Judworum?

427 1946 624 2014 pletum
650 1959 725 2003 est
748 1953 886 2021 quod
907 1955 1108 2010 dictum
1134 1957 1310 2026 fuerat
1334 1975 1428 2028 per
1455 1958 1764 2014 Ieremia'm'
1784 1964 2008 2033 prophe-

429 2048 538 2092 tam
579 2042 856 2108 dicentem,
883 2054 990 2102 etc.
1022 2048 1224 2105 ’iinter
1255 2066 1320 2104 ea
1343 2066 1466 2120 quae
1496 2054 1699 2121 scripta
1722 2062 1870 2119 sunt,
1897 2071 2005 2112 non

428 2128 703 2186 invenitur
735 2135 837 2189 hoc
855 2134 1123 2194 Ieremias
1138 2140 1338 2195 alicubi
1364 2142 1720 2211 prophetasse
1755 2145 1810 2199 in
1850 2146 2007 2204 libris

427 2222 565 2290 suis,
601 2226 696 2295 qui
728 2228 811 2284 vel
841 2229 896 2283 in
921 2228 1182 2289 Eeclesiis
1207 2233 1484 2303 leguntur,
1522 2237 1604 2292 vel
1631 2238 1771 2307 apud
1791 2236 2008 2298 Iudaeos

426 2315 776 2385 referuntur;
809 2321 856 2376 si
880 2323 1006 2391 quis
1033 2331 1213 2380 autem
1241 2334 1417 2394 potest
1448 2327 1612 2393 scire,
1637 2333 1886 2390 ostendat
1914 2335 2006 2390 ubi

428 2405 501 2460 sit
531 2409 794 2477 scriptum
824 2429 838 2466 :
867 2413 1122 2482 suspicor
1155 2424 1506 2472 auterrorem
1535 2434 1658 2476 esse
1687 2420 2002 2493 Scriptum,

424 2506 482 2551 et
502 2513 600 2566 pro
625 2498 889 2557 Zacharia
912 2505 1151 2573 positum
1175 2505 1492 2577 Ieremiam,
1516 2520 1745 2570 autesse
1763 2515 2002 2587 aliquam

425 2599 690 2644 secretam
718 2591 968 2650 Ieremia:
991 2597 1319 2667 scripturam
1343 2600 1395 2654 in
1438 2617 1547 2671 qua
1587 2605 1865 2662 scribitur.
1894 2603 2006 2664 ἐι·-

423 2679 494 2735 lis
538 2691 621 2736 est
653 2693 834 2738 autem
870 2694 1051 2742 textus
1082 2689 1224 2757 apud
1253 2689 1578 2748 Zachariam
1600 2695 1623 2727 ⁸
1655 2699 2000 2767 prephetam.

425 2769 494 2825 Et
523 2771 698 2825 dicam
722 2772 791 2826 ad
833 2791 918 2829 eos
943 2792 962 2829 :
995 2777 1057 2832 Si
1080 2779 1273 2832 bonum
1302 2791 1380 2835 est
1407 2783 1464 2836 in
1484 2797 1762 2856 conspectu
1785 2798 1955 2846 vestro
1981 2830 1998 2856 ,

420 2862 546 2917 date
578 2867 863 2920 mercedem
888 2884 1059 2923 meam
1082 2911 1098 2939 ,
1138 2881 1232 2925 aut
1275 2872 1564 2945 abnegate;
1606 2892 1657 2931 et
1695 2889 2000 2936 statuerunt

421 2956 710 3009 mercedem
749 2975 919 3012 meam
950 2962 1172 3032 triginta
1203 2975 1502 3036 argenteos.
1535 2966 1604 3020 Et
1643 2969 1782 3024 dixit
1813 2971 2001 3028 Denti-

421 3063 519 3102 nus
560 3050 628 3103 ad
661 3066 740 3104 me
763 3067 782 3104 :
809 3051 1018 3123 Depone
1037 3072 1122 3110 eos
1153 3057 1209 3112 in
1234 3058 1524 3127 fornacem,
1549 3070 1599 3113 et
1638 3062 1755 3115 vide
1791 3065 1838 3118 si
1872 3083 1998 3135 pro-

420 3143 541 3196 bum
571 3157 670 3209 est,
712 3147 849 3201 sicut
881 3149 1134 3218 probatus
1161 3167 1279 3206 sum
1325 3169 1419 3223 pro
1438 3154 1538 3208 eis.
1572 3152 1640 3206 Et
1670 3157 1868 3225 accepit
1901 3159 2000 3212 tri-

419 3235 565 3302 ginta
627 3247 920 3306 argenteos,
970 3249 1020 3294 et
1063 3242 1208 3294 misit
1255 3259 1340 3296 eos
1368 3245 1422 3296 in
1443 3245 1656 3298 domum
1694 3244 1910 3300 Domini
1941 3248 1998 3301 in

419 3324 706 3392 fornacem.
743 3326 800 3382 Si
828 3339 1008 3384 autem
1047 3331 1162 3386 haec
1198 3331 1388 3389 dicens
1416 3333 1614 3403 aliquis
1643 3334 1997 3392 existimatse

417 3413 714 3481 oﬂ'endere,
741 3419 920 3475 videat
945 3435 1014 3475 ne
1041 3421 1242 3476 alicubi
1275 3423 1332 3478 in
1362 3424 1588 3480 secretis
1606 3423 1858 3481 Ieremia
1890 3425 1998 3483 hoc

415 3507 794 3576 prophetatur,
831 3513 1009 3569 sciens
1030 3515 1290 3584 quoniam
1341 3527 1396 3572 et
1435 3516 1731 3588 Apostolus
1761 3519 1997 3588 scriptu-

415 3610 508 3651 ras
534 3600 799 3666 quasdam
843 3613 1179 3659 secretorum
1220 3610 1458 3675 profert,
1496 3608 1795 3664 sicutdicit
1826 3609 1996 3664 alicu-

414 3686 469 3742 bi
493 3690 514 3721 '
544 3689 732 3756 :Quod
775 3693 957 3749 oculus
1003 3712 1108 3748 non
1149 3698 1302 3764 vidit,
1332 3714 1424 3752 nec
1462 3701 1612 3752 auris
1658 3701 1906 3765 audivit;
1938 3702 1992 3757 in

414 3781 566 3836 nullo
591 3782 736 3836 enim
770 3785 1001 3853 regulari
1031 3787 1172 3840 libro
1193 3786 1298 3842 hoc
1314 3790 1548 3857 positum
1576 3790 1866 3855 invenitur,
1887 3793 1992 3847 nisi

413 3874 469 3927 in
517 3877 744 3930 secretis
774 3875 904 3932 Eliae
938 3879 1234 3949 prephetze.
1278 3881 1406 3936 ltem
1437 3881 1586 3951 quod
1611 3882 1688 3936 ait
1719 3883 1762 3914 ⁸⁸
1790 3901 1803 3937 :
1839 3881 1994 3939 Sicut

409 3963 630 4020 Iamnes
660 3979 709 4022 et
736 3968 998 4024 Mambres
1024 3973 1328 4026 restiterunt
1361 3971 1557 4043 Moysi,
1585 3989 1692 4030 non
1717 3975 1992 4031 invenitur

413 4057 468 4112 in
500 4059 732 4129 publicis
763 4061 1070 4131 scripturis.
1106 4062 1198 4116 sed
1227 4063 1281 4117 in
1322 4064 1460 4120 libro
1488 4073 1728 4133 secreto,
1755 4067 1849 4136 qui
1895 4082 1991 4122 su-

411 4150 770 4218 prascribitur
810 4149 1027 4208 Iumnes
1070 4163 1120 4207 et
1164 4153 1429 4207 Mambres
1472 4153 1623 4209 liber.
1666 4153 1824 4211 Unde
1866 4157 1989 4213 ausi

410 4250 538 4295 sunt
565 4241 787 4311 quidam
837 4243 1132 4314 Epistolam
1163 4247 1230 4300 ad
1280 4245 1630 4301 Timotheum
1684 4248 1986 4318 repellere,

409 4333 567 4400 quasi
602 4335 885 4389 habentem
927 4337 982 4389 in
1024 4351 1084 4391 se
1121 4346 1328 4392 textum
1359 4337 1595 4408 alicujus
1634 4339 1851 4407 secreti,
1889 4342 1985 4396 sed

409 4438 518 4478 non
559 4434 870 4493 potuerunt.
897 4426 1136 4482 Primam
1165 4437 1347 4484 autem
1378 4428 1679 4500 Epistolam
1698 4431 1766 4486 ad
1789 4431 1985 4487 Corin-

2111 1951 2383 2019 Quoniam
2443 1963 2622 2010 autem
2683 1955 3082 2026 pronuntiative
3139 1957 3246 2012 hoc
3281 1959 3419 2014 dixit
3442 1957 3682 2027 Pilatus,

2111 2045 2241 2100 illud
2271 2061 2490 2118 quoque
2520 2049 2809 2103 conﬁrmat
2833 2048 2978 2118 quod
3013 2049 3178 2104 etiam
3208 2050 3337 2104 alibi
3375 2053 3684 2120 suprascri-

2109 2137 2189 2193 bit
2217 2138 2272 2192 in
2295 2138 2470 2205 titulo,
2506 2138 2614 2193 Rea:
2635 2137 2970 2206 Iudworum,
3023 2139 3076 2193 in
3118 2140 3293 2197 tribus
3321 2141 3542 2213 linguis,
3577 2141 3684 2198 ":2-

2109 2227 2316 2296 braice,
2350 2229 2556 2298 Graece,
2591 2239 2645 2286 et
2701 2229 2912 2298 Latine,
2951 2242 3011 2287 ut
3052 2230 3283 2298 Hebraei,
3312 2242 3366 2289 et
3387 2233 3560 2290 Gnaei
3585 2278 3601 2302 ,
3630 2244 3686 2290 et

2109 2317 2344 2374 Romani
2383 2327 2806 2391 cognoscerent,
2855 2321 3116 2391 quoniam
3145 2331 3200 2377 et
3238 2319 3447 2379 Pilatus
3480 2324 3685 2380 sciebat

2107 2425 2234 2466 eum
2281 2425 2459 2484 regem
2492 2409 2807 2466 Iudaeorum
2863 2427 3005 2466 esse.
3036 2411 3263 2483 Propter
3282 2415 3425 2484 quod
3461 2428 3684 2485 apparet

2107 2518 2234 2560 eum
2257 2518 2365 2573 qua
2396 2503 2697 2559 reverentia
2731 2503 3040 2572 requirebat
3069 2504 3133 2560 de
3156 2503 3308 2570 Iesu,
3335 2515 3388 2561 et
3422 2520 3684 2575 provoca-

2110 2598 2202 2653 bat
2227 2597 2390 2668 917
2424 2596 2684 2668 populum
2729 2605 2788 2651 ut
2823 2596 3011 2651 Iesum
3062 2597 3236 2669 magis
3288 2599 3357 2654 ad
3403 2600 3685 2656 dimitten-

2107 2687 2239 2743 dum
2271 2695 2517 2758 peterent
2565 2701 2728 2757 quam
2753 2685 3076 2740 Barabbani.
3117 2685 3454 2744 Reverentite
3500 2698 3681 2744 autem

2105 2777 2264 2834 Pilati
2295 2778 2426 2833 illud
2459 2776 2628 2833 etiam
2661 2776 2765 2831 fuit
2809 2776 3022 2844 signum
3048 2818 3063 2843 ,
3090 2776 3236 2846 quod
3267 2777 3456 2832 lavans
3485 2792 3682 2833 nianus

2104 2885 2233 2926 suas
2261 2868 2397 2923 dixit
2422 2887 2436 2923 :
2462 2865 2720 2921 Innocens
2743 2881 2836 2935 ego
2856 2880 2976 2918 sum
2998 2881 3030 2917 a
3071 2865 3328 2935 sanguine
3368 2865 3525 2935 hujus
3548 2882 3568 2920 :
3591 2883 3680 2922 eos

2104 2961 2337 3018 videritis
2368 2960 2435 3014 ".
2465 2957 2624 3025 Quod
2663 2966 2844 3013 autem
2881 2957 3020 3012 dixit
3055 2957 3121 3012 ad
3152 2957 3450 3027 principem
3490 2973 3677 3014 sacer-

2103 3054 2290 3108 dotum
2325 3069 2340 3106 :
2373 3050 2451 3105 Tu
2476 3048 2689 3114 dixisti,
2737 3048 3133 3104 dubitationem
3170 3048 3291 3118 ejus
3337 3049 3554 3119 oblique
3587 3066 3680 3105 ar-

2103 3159 2274 3216 guens
2303 3142 2597 3198 convincit.
2632 3140 2698 3196 Et
2728 3141 2874 3210 quod
2910 3141 2986 3196 ait
3006 3140 3183 3196 Pilato
3209 3159 3224 3197 :
3258 3139 3337 3195 Tu
3368 3141 3526 3206 dicis,
3556 3157 3684 3198 sen-

2103 3233 2325 3290 tentiam
2355 3233 2476 3302 ejus
2501 3231 2906 3302 pronuntiantis
2919 3232 3228 3288 conﬁrmat.
3248 3230 3468 3287 Marcus
3496 3242 3678 3289 autem

2101 3339 2200 3396 pro
2232 3342 2245 3378 :
2279 3323 2339 3380 Si
2368 3333 2424 3377 tu
2449 3341 2502 3378 es
2528 3323 2772 3378 Christus
2798 3321 2845 3375 F
2849 3321 2974 3376 ilius
2998 3321 3098 3377 Dei
3122 3363 3137 3390 ,
3161 3323 3244 3379 sic
3278 3324 3530 3380 scribit“
3554 3344 3568 3379 :
3599 3323 3678 3380 Tu

2099 3432 2154 3470 es
2176 3414 2352 3469 Filius
2376 3414 2692 3470 Benedicti?
2724 3412 2976 3469 Forsitan
3016 3421 3112 3468 aut
3131 3411 3265 3468 illud
3294 3414 3440 3486 quod
3465 3415 3681 3486 simpli-

2099 3507 2235 3564 citer
2262 3507 2527 3576 scriptum
2554 3515 2658 3571 est,
2693 3514 2790 3561 aut
2810 3506 2916 3560 hoc
2941 3505 3088 3575 quod
3121 3505 3464 3572 dubitanter,
3492 3509 3680 3568 nescio
3774 3578 3792 3596 .

2101 3598 2147 3654 si
2180 3614 2291 3653 non
2322 3599 2585 3652 mendosa
2621 3596 2859 3650 habeant
2887 3595 3219 3666 exemplaria
3240 3634 3257 3662 ,
3292 3611 3417 3650 cum
3457 3597 3678 3654 debuis-

2098 3700 2221 3746 sent
2273 3689 2436 3744 ambo
2485 3686 2768 3757 inqualiter
2819 3684 3002 3742 dicere
3034 3702 3051 3743 :
3081 3683 3142 3743 Si
3187 3694 3243 3742 tu
3286 3701 3382 3760 es,
3419 3697 3554 3742 aut:
3596 3687 3675 3744 Tu

2094 3798 2170 3835 εδ.

2167 3873 2290 3929 119.
2345 3871 2414 3927 Et
2463 3887 2582 3925 cum
2629 3880 2973 3926 accusaretur
3001 3888 3034 3925 a
3070 3873 3396 3943 principibus
3425 3874 3671 3928 sacerdo-

2094 3974 2207 4019 tum
2258 3974 2309 4020 et
2350 3964 2649 4020 senioribus
2693 3962 2881 4034 plebis,
2929 3964 3063 4018 nihil
3109 3966 3471 4036 respondebat.
3525 3965 3670 4022 Tune

2091 4058 2231 4112 dixit
2261 4058 2310 4112 ei
2339 4056 2552 4112 Pilatus
2577 4071 2597 4110 :
2628 4054 2753 4110 Non
2790 4055 2945 4110 audis
2973 4066 3178 4125 quanta
3217 4058 3466 4112 adversus
3498 4067 3548 4114 te
3579 4060 3669 4114 di-

2091 4160 2216 4206 cunt
2247 4148 2587 4204 testimonia?
2613 4147 2682 4203 Et
2715 4165 2817 4203 non
2848 4148 3114 4219 respondit
3152 4150 3202 4203 ei
3233 4149 3401 4203 ullum
3433 4151 3665 4214 verbum,

2091 4245 2167 4298 ita
2197 4252 2255 4298 ut
2286 4242 2576 4296 miraretur
2602 4257 2795 4312 praeses
2843 4242 3165 4296 vehementer
3196 4242 3260 4296 ⁸³.
3299 4240 3540 4297 Iudaicae
3579 4243 3668 4296 lit-

2089 4344 2218 4391 terae
2247 4333 2543 4391 occidentis
2567 4333 2800 4389 ministri
2824 4343 2877 4390 et
2902 4334 3168 4398 seniores,
3191 4333 3286 4388 filii
3315 4341 3445 4389 sunt
3471 4349 3662 4390 eorum

2089 4425 2434 4481 sacerdotum
2473 4431 2529 4480 et
2556 4423 2834 4479 seniorum
2882 4423 2977 4493 qui
3015 4431 3412 4478 accusaverunt
3450 4421 3660 4487 Iesum.

409 4514 574 4581 thios,
606 4525 826 4587 pr0ptcr
853 4520 957 4574 hoc
984 4521 1221 4590 aliquem
1265 4521 1536 4578 refutasse
1584 4523 1746 4594 quasi
1778 4525 1984 4581 adulte-

2100 4513 2493 4569 accusationem
2537 4527 2730 4567 eorum
2775 4526 2950 4581 usque
2997 4527 3144 4567 nunc
3192 4511 3576 4583 suscipientes,
3609 4524 3665 4569 et

405 4608 604 4671 rinam,
635 4606 700 4660 ad
733 4623 894 4664 aures
921 4625 1071 4666 meas
1104 4627 1381 4681 nunquam
1413 4611 1676 4682 pervenit.

476 4698 598 4752 H8.
630 4697 785 4754 Iesus
830 4710 1007 4754 autem
1037 4703 1181 4755 stetit
1225 4713 1348 4756 ante
1391 4701 1694 4772 praesidem.
1724 4701 1792 4756 Et
1815 4704 1980 4757 inter-

404 4790 606 4859 rogavit
628 4807 746 4843 eum
765 4807 981 4860 prceses,
1012 4793 1189 4846 dicens
1214 4808 1231 4844 :
1260 4790 1337 4845 Tu
1383 4809 1436 4848 es
1480 4809 1573 4847 rex
1615 4791 1930 4848 Iudaorum
1955 4794 1981 4847 1’

403 4878 555 4935 Dixit
582 4882 629 4934 ei
654 4879 808 4935 Iesus
833 4899 850 4936 :
878 4882 956 4936 Tu
984 4885 1118 4938 dicis
1143 4886 1204 4941 “.
1251 4885 1386 4941 Vere
1411 4885 1571 4940 Iesus
1591 4900 1695 4938 non
1732 4885 1976 4955 rapinam

401 4971 690 5027 arbitratus
715 4983 792 5028 est
814 4990 926 5028 esse
952 4992 1006 5029 se
1034 4976 1291 5045 (aqualem
1319 4975 1426 5030 Deo
1453 4977 1515 5027 ".
1539 4973 1605 5029 Et
1633 4990 1742 5029 non
1783 4975 1973 5039 semel,

402 5066 494 5120 sed
516 5065 830 5138 frequenter
859 5085 958 5140 pro
983 5072 1244 5127 omnibus
1271 5071 1512 5142 seipsum
1545 5070 1873 5125 humiliavit.
1907 5069 1976 5125 Et

401 5170 546 5210 nunc
574 5172 704 5227 ergo
732 5160 898 5228 judex
917 5162 1084 5217 totius
1111 5171 1377 5219 creatum
1417 5166 1748 5220 constitutus
1788 5181 1816 5218 a
1871 5163 1975 5220 Pa-

398 5252 500 5311 ιτεο
557 5245 701 5318 Rege
748 5267 934 5322 regum
982 5265 1035 5309 et
1085 5252 1316 5310 Domino
1351 5255 1722 5324 dominorum,
1766 5255 1887 5312 ride
1917 5261 1971 5312 in

397 5345 660 5404 quantum
691 5355 750 5396 se
782 5342 1090 5400 humiliavit
1130 5355 1190 5399 ut
1222 5346 1596 5417 acquiesceret
1648 5357 1793 5403 stare
1847 5355 1973 5402 ante

393 5424 630 5495 judicem
658 5439 789 5487 tunc
815 5443 970 5492 terra:
993 5435 1216 5504 Iudaee,
1248 5445 1303 5492 et
1332 5448 1557 5496 vocatus
1603 5440 1970 5511 interrogatus

395 5529 478 5576 est
516 5521 993 5594 interrogationem
1019 5570 1035 5595 ,
1076 5545 1240 5599 quam
1289 5529 1518 5588 forsitan
1571 5532 1823 5588 derideus
1873 5544 1969 5587 aut

463 5686 484 5717 ⁸
518 5683 676 5740 nom.
707 5701 783 5749 v1,
822 5688 891 5749 ις
917 5687 1079 5747 Joan.
1111 5707 1226 5753 xu,
1265 5692 1356 5747 tl.

395 5756 438 5786 ¹¹
465 5755 658 5881 ζωή..
688 5771 860 5823 xxvii,
902 5759 990 5812 tl.
1070 5760 1113 5794 ¹¹
1147 5761 1340 5832 Philip.
1385 5777 1446 5821 ιι.
1483 5764 1536 5816 6.

391 5839 430 5890 ι,
502 5865 517 5881 .

709 5925 978 5984 Parnm-
1030 5925 1144 5986 Gn.
1191 5927 1360 5990 Xlll.

1431 5691 1451 5722 '
1483 5690 1670 5747 Matth.
1710 5707 1880 5754 xxvii,
1914 5689 1968 5746 9.
2049 5691 2071 5722 "
2103 5707 2179 5750 si.
2207 5691 2280 5767 _i'2
2304 5698 2358 5746 et
2396 5705 2551 5761 seqq.

1432 5801 1446 5818 .
1483 5764 1536 5816 6.
1628 5762 1671 5794 ³³
1699 5761 1892 5818 Matth.
1925 5777 2096 5818 xxvii.
2127 5763 2219 5818 21.
2314 5762 2355 5794 ⁸⁸
2386 5761 2551 5818 ιιν.ε

1753 5779 1892 5818 ειιιιι.
1925 5779 2096 5824 XXVII,
2127 5779 2219 5818 ‘1‘.

2085 4614 2408 4662 accusantes
2445 4603 2657 4659 Iesum.
2709 4600 3007 4673 Propterea
3038 4612 3391 4674 permanente
3417 4605 3498 4662 eis
3543 4606 3664 4678 ipso

2085 4707 2329 4768 peccato,
2361 4705 2414 4750 et
2443 4695 2803 4764 praeveniente
2840 4709 2936 4751 eos
2962 4696 3129 4751 semel
3165 4696 3268 4762 ira,
3309 4712 3484 4768 usque
3516 4697 3570 4753 in
3598 4700 3664 4753 tl.

2087 4803 2208 4844 nem
2236 4787 2416 4842 adhuc
2446 4786 2732 4856 patiuntur
2763 4793 3076 4855 operatores
3109 4787 3233 4856 ipsi,
3263 4787 3507 4843 derelicti
3531 4806 3659 4844 cum

2086 4878 2284 4950 populo
2307 4877 2565 4932 universo
2592 4876 2731 4930 sicut
2760 4875 3156 4930 tabernaculum
3185 4878 3237 4930 in
3269 4880 3655 4945 cucumerario,

2082 4981 2132 5026 et
2167 4971 2305 5025 sicut
2329 4968 2516 5023 civitas
2541 4983 2660 5038 qua:
2696 4977 3027 5038 expugnatur
3053 4968 3114 5022 ¹⁶.
3147 4967 3450 5025 Accusatus
3473 4983 3657 5027 autem

2079 5063 2264 5127 Iesus,
2311 5061 2454 5118 sicut
2494 5070 2627 5117 tunc
2662 5060 2800 5116 nihil
2826 5061 3128 5131 respondit,
3157 5062 3240 5118 sic
3266 5071 3324 5120 et
3363 5063 3526 5122 modo
3552 5067 3644 5123 ad-

2083 5170 2273 5211 versus
2323 5153 2702 5210 accusationes
2735 5151 2964 5208 istorum
3014 5154 3358 5211 sacerdotum
3388 5167 3444 5212 et
3475 5161 3654 5214 senio-

2084 5266 2204 5307 rum
2233 5248 2369 5304 nihil
2413 5245 2710 5316 respondit.
2742 5245 2910 5300 Tacet
2942 5245 3087 5301 enim
3133 5247 3213 5303 eis
3247 5246 3486 5305 Verbum
3529 5249 3651 5319 Dei,

2078 5353 2133 5398 et
2154 5342 2268 5413 jam
2304 5355 2412 5395 non
2446 5338 2679 5394 audiunt
2723 5337 2950 5392 verbum
3000 5336 3119 5404 Dei,
3167 5339 3312 5396 sicut
3355 5341 3652 5412 aliquando

2077 5434 2280 5490 factum
2316 5432 2493 5488 fuerat
2520 5432 2588 5486 ad
2627 5429 2939 5500 prophetas,
2985 5439 3040 5485 et
3077 5431 3131 5486 in
3176 5434 3652 5492 consummatione

2083 5527 2408 5584 saeculoium
2458 5538 2588 5580 caro
2633 5521 2810 5578 factus
2853 5532 2958 5589 est,
2988 5532 3042 5578 et
3069 5522 3333 5580 habitavit
3375 5525 3430 5579 in
3464 5525 3645 5583 nobis.

2646 5692 2669 5724 ’
2701 5689 2719 5744 1
2754 5690 2882 5746 Cor.
2919 5707 2977 5759 n,
3011 5691 3063 5748 9.
3145 5693 3188 5727 “
3221 5692 3267 5749 11
3297 5694 3438 5750 Tim.
3475 5710 3560 5760 ιη,
3591 5699 3644 5751 8.

2314 5762 2355 5794 ³⁸
2386 5777 2499 5829 liv,
2527 5761 2616 5816 6i.
2699 5761 2741 5793 "
2769 5761 2956 5818 Matth.
2993 5779 3162 5829 xxv",
3197 5763 3264 5818 12
3297 5765 3383 5821 14.
3463 5767 3508 5799 ⁸⁸
3542 5765 3645 5826 Isa.

3135 5931 3212 5992 56
