4112 6408
472 362 593 414 1771

1631 355 1955 413 OlilGENlS
2000 352 2062 406 ΙΝ
2108 352 2522 411 ΜΑΤΤΗᾸΞυΜ

3571 345 3705 405 £772

466 480 529 534 Et
553 495 662 535 non
706 478 838 535 solis
869 478 1200 549 principibus
1244 475 1589 532 sacerdotum
1634 485 1688 531 et
1712 477 2019 533 senioribus
2052 477 2092 531 Α
2126 483 2181 528 ut
2204 473 2448 528 solvatur
2483 486 2515 526 a
2540 467 2994 525 condemnatinne
3022 463 3248 535 peccati,
3269 460 3502 519 maxime
3524 471 3702 517 autem

465 569 634 636 plebis
670 568 806 625 falsa
835 569 1223 625 accusantibus
1250 583 1357 622 non
1384 568 1684 637 respondit,
1721 568 1813 623 sed
1847 583 2026 637 neque

466 662 655 727 Pilato,
683 662 941 730 quoniam
973 660 1188 715 volebat
1227 674 1352 714 eum
1404 658 1597 713 audire
1647 658 2023 715 defendentem

459 765 520 806 se
560 762 745 808 contra
786 751 1165 807 accusationes
1212 766 1402 806 eorum
1454 751 1764 807 mendaces.
1796 750 2026 817 Quando

465 842 607 896 enim
639 830 775 895 dixit
803 841 850 893 ei
896 836 1104 894 Pilatus
1138 850 1259 911 post
1297 842 1672 896 accusationes
1717 841 2024 911 principum

464 927 800 984 sacerdotum
835 936 889 982 et
919 927 1198 982 seniorum
1230 946 1242 980 :
1285 926 1403 980 Non
1446 927 1599 980 audis
1624 938 1824 996 quanta
1856 936 1903 980 te
1933 941 2024 980 ac-

463 1023 644 1070 cusant
694 1015 780 1068 ‘7?
835 1029 1011 1084 neque
1060 1014 1164 1084 ipsi
1210 1014 1511 1086 respondit.
1550 1014 1660 1070 Nec
1706 1015 1852 1071 enim
1908 1024 2027 1070 erat

460 1107 681 1178 dignum
720 1108 1049 1175 respondere
1080 1107 1163 1162 vel
1196 1107 1467 1163 dubitanti
1497 1114 1680 1163 utrum
1712 1106 1906 1162 debeat
1932 1108 2028 1162 ad-

460 1211 649 1252 versus
677 1197 1056 1261 accusationes
1095 1211 1283 1252 eorum
1314 1196 1483 1252 falsas
1514 1196 1864 1266 respondere.
1914 1197 2027 1251 lloc

457 1284 698 1339 diximus
729 1298 835 1338 non
867 1284 1018 1338 obliti
1048 1283 1194 1353 quod
1224 1279 1430 1339 dictum
1460 1294 1545 1340 est
1576 1286 1645 1340 de
1675 1284 1870 1347 Pilato,
1899 1286 2025 1354 quia

457 1376 541 1431 vel
590 1384 923 1429 momentum
974 1374 1192 1444 aliquod
1238 1375 1529 1446 benignum
1580 1392 1706 1447 erga
1746 1377 2024 1433 Christum

459 1464 710 1519 habebat.
743 1461 857 1518 lloe
889 1463 1033 1517 enim
1079 1478 1265 1519 verum
1296 1480 1418 1520 esse
1447 1466 1515 1520 de
1560 1466 1733 1521 Pilato
1776 1483 1842 1522 ex
1876 1469 2024 1522 omni

458 1556 771 1611 narratione
817 1558 936 1627 ejus
979 1556 1305 1612 ostenditur.
1330 1555 1448 1610 Non
1482 1567 1660 1612 autem
1691 1557 1874 1614 dicere
1901 1560 2025 1629 quis

456 1647 694 1710 audebit,
738 1650 994 1717 quoniam
1041 1664 1364 1717 permanens
1396 1658 1451 1705 et
1478 1650 1693 1704 ﬁrmum
1735 1660 1852 1706 erat
1878 1653 1931 1706 in
1960 1668 2025 1708 eo

456 1739 524 1791 de
563 1737 778 1793 Christo
817 1739 1102 1808 judicium.
1142 1738 1485 1795 Trahebatur
1516 1742 1661 1796 enim
1694 1750 1749 1798 et
1779 1743 1846 1798 ad
1892 1759 2023 1799 eon-

454 1826 621 1882 traria
660 1847 672 1882 :
706 1838 987 1899 propterea
1015 1842 1067 1884 et
1111 1845 1257 1885 nunc
1305 1831 1537 1887 trahenti
1585 1833 1654 1888 ad
1698 1834 2019 1890 deteriorem

454 1918 763 1987 opinionem
790 1918 1055 1975 Dominus
1086 1936 1193 1975 non
1227 1922 1525 1992 respondit,
1554 1927 1881 1995 contemptis
1907 1913 2022 1982 om-

453 2008 616 2064 nibus
666 2025 788 2078 quae
826 2010 971 2064 dicta
1016 2012 1233 2066 fuerant
1270 2012 1323 2066 in
1368 2015 1774 2070 accusationem
1825 2017 2018 2086 ipsius.

454 2097 679 2155 Miratus
705 2108 789 2155 est
815 2110 993 2155 autem
1023 2101 1230 2158 Pilatus
1259 2105 1627 2159 constantiam
1652 2106 1807 2176 ejus;
1855 2107 2019 2164 forsi-

453 2202 544 2246 tan
587 2193 768 2248 seiens
809 2194 1088 2267 quomodo
1136 2194 1364 2251 idoneus
1410 2205 1553 2253 esset
1584 2201 1938 2268 pronuntiare
1966 2209 2021 2256 et

426 2282 726 2352 remittere
759 2283 983 2347 crimen,
1018 2285 1245 2342 miratus
1277 2296 1362 2342 est
1405 2287 1593 2344 videns
1631 2303 1756 2343 eum
1789 2289 1842 2344 in
1871 2298 2021 2345 tran-

450 2373 618 2443 quilla
658 2383 713 2429 et
756 2375 935 2444 quieta
978 2377 1254 2449 sapientiae
1285 2378 1569 2447 gravitate,
1605 2387 1660 2434 et
1704 2380 2017 2437 inturbabili

448 2479 575 2519 eum
626 2463 833 2534 judicio
886 2475 1049 2532 stare,
1097 2468 1151 2521 in
1204 2483 1313 2538 quo
1352 2469 1419 2523 ad
1468 2476 1695 2524 mortem
1728 2472 2019 2541 periclitari

448 2554 866 2610 existimabatur
893 2557 963 2611 ab
989 2557 1074 2612 his
1107 2558 1199 2628 qui
1235 2556 1454 2614 fuerant
1482 2558 1578 2626 ibi,
1606 2567 1661 2615 et
1685 2560 1880 2618 fortior
1900 2572 2023 2618 erat

450 2646 686 2701 humana
735 2657 952 2714 natura,
993 2658 1046 2703 et
1083 2648 1235 2704 omni
1279 2649 1401 2719 ejus
1445 2650 1760 2708 inﬁrmitate
1806 2653 2020 2710 volente

449 2736 749 2792 obtundere
795 2739 1050 2791 virtutem
1082 2738 1308 2808 spiritus
1341 2739 1484 2810 ejus,
1514 2756 1622 2795 non
1655 2751 1837 2798 autem
1880 2757 2021 2812 prac-

445 2824 658 2880 valente
686 2825 864 2882 facere
905 2827 1027 2882 hoc.
1061 2828 1216 2894 Quod
1250 2837 1432 2884 autem
1463 2830 1724 2899 scriptum
1769 2840 1874 2896 est,
1907 2846 2017 2888 non

447 2916 624 2970 solum
658 2915 843 2970 mirari
868 2915 1125 2983 Pilatum,
1153 2918 1248 2973 sed
1278 2918 1440 2974 etiam
1472 2920 1629 2976 valde
1654 2920 1864 2988 mirari,
1894 2937 2015 2977 mo-

446 3014 533 3059 vet
559 3021 646 3061 me
671 3017 724 3061 ιιι
749 3007 1076 3071 existimem,
1113 3009 1372 3078 quoniam
1402 3010 1628 3084 dignum
1657 3012 1709 3067 ei
1734 3013 2018 3069 videbatur

2133 566 2180 618 si
2218 562 2439 633 quando
2473 562 2670 619 habeat
2711 558 3031 630 perditionis
3064 564 3257 613 castora
3292 566 3478 622 opera,
3514 550 3582 605 ad
3614 551 3704 613 be-

2128 653 2502 711 nelaciendum
2550 659 2733 705 autem
2792 647 3052 702 Ecclesiae
3104 646 3334 714 impiger
3395 642 3469 703 sit
3541 639 3703 696 Tales

2126 746 2270 800 enim
2300 743 2544 799 invenies
2573 755 2717 810 δωρεᾶ
2759 739 2812 793 in
2846 737 3158 808 potentibus
3192 733 3505 793 constituto:
3526 770 3541 797 ,
3570 731 3706 785 alias

2126 837 2345 906 quidem
2372 841 2710 903 peccatores,
2734 838 2915 885 tamen
2941 843 3042 898 pro
3062 825 3411 889 Christianis,
3436 831 3703 893 quantum

2128 925 2389 997 possibile
2411 924 2493 989 eis
2519 931 2621 987 est,
2672 919 2844 977 multa
2884 927 3123 989 agentes.
3169 914 3473 977 Adduceris
3518 922 3701 970 autem

2129 1016 2303 1087 magis
2332 1015 2400 1070 ad
2429 1013 2818 1084 requirendum
2847 1010 2997 1074 talia,
3025 1009 3071 1063 si
3096 1008 3358 1063 rationem
3388 1005 3551 1062 habet
3580 1004 3700 1060 ido-

2128 1124 2287 1167 neam
2321 1107 2466 1178 quod
2500 1105 2664 1160 etiam
2708 1101 2872 1159 lsrael
2913 1116 3012 1171 pro
3052 1101 3159 1155 vita
3201 1097 3701 1155 Nabuchodonosor

2126 1210 2181 1256 et
2212 1200 2498 1255 Balthasar
2536 1197 2631 1252 ﬁlii
2676 1196 2794 1265 ejus
2826 1193 2995 1250 Deum
3039 1192 3232 1251 orabat
3273 1190 3341 1244 ’³.
3380 1188 3485 1244 Sed
3514 1187 3619 1245 hoc
3648 1189 3694 1243 si

2127 1293 2340 1348 videtur
2384 1289 2547 1345 alicui
2579 1289 2806 1359 dignum
2841 1284 3218 1357 requisitions,
3248 1281 3507 1350 requiret.
3541 1277 3695 1346 Quod

2126 1390 2305 1437 autem
2335 1377 2686 1434 manifestum
2723 1384 2828 1441 est,
2856 1389 3049 1430 omnes
3092 1386 3289 1434 curare
3317 1378 3608 1430 tentemus.
3638 1375 3699 1422 ut

2125 1487 2192 1526 ex
2215 1471 2525 1542 petentibus
2552 1467 2896 1531 inveniamur
2923 1479 3066 1530 esse,
3097 1472 3152 1518 et
3183 1463 3237 1517 in
3273 1461 3465 1524 ordine
3507 1474 3697 1515 eorum

2125 1563 2219 1633 qui
2267 1562 2406 1617 bene
2436 1559 2712 1621 vixerunt,
2749 1555 2922 1629 magis
2947 1567 3116 1624 quam
3146 1566 3211 1614 ex
3245 1550 3352 1605 illis
3379 1564 3478 1620 pro
3499 1548 3698 1620 quibus

2128 1655 2332 1725 petitur
2361 1652 2521 1723 quasi
2549 1664 2649 1720 pro
2673 1646 2988 1705 hominibus
3011 1645 3189 1705 malis.
3217 1642 3350 1697 Nam
3380 1641 3481 1697 etsi
3508 1653 3698 1694 conce-

2125 1746 2287 1801 datur
2318 1742 2519 1813 aliquis
2548 1750 2800 1811 peccator
2822 1739 2892 1795 ad
2923 1728 3115 1807 preces
3152 1732 3433 1799 Ecclesiae,
3461 1745 3569 1785 non
3614 1738 3696 1785 ta-

2055 1800 2095 1857 B
2285 1800 2497 1906 justum
2525 1800 2609 1888 est
2638 1800 2868 1902 gloriam
2911 1800 2966 1886 et
3010 1823 3400 1883 beatitudinem
3433 1820 3694 1889 consequi

2122 1942 2248 1981 eum
2289 1925 2383 1996 qui
2416 1920 2729 1994 hujusmodi
2768 1927 2873 1986 est,
2898 1915 3098 1979 sullicit
3124 1914 3273 1977 enim
3296 1913 3445 1984 quod
3475 1926 3505 1966 a
3533 1924 3693 1981 poena

2121 2014 2433 2070 dimittitur.
2499 2011 2751 2067 Arbitror
2807 2015 2991 2067 autem
3058 2014 3277 2077 propter
3332 2002 3496 2057 istum
3548 2000 3693 2055 diem

2124 2104 2319 2161 festum
2341 2101 2653 2159 Iudaeorum
2683 2099 2736 2153 in
2765 2112 2877 2169 quo
2902 2095 3182 2153 Barabbas
3211 2094 3277 2147 ad
3303 2091 3468 2146 vitant
3491 2090 3694 2145 electus

2122 2205 2227 2260 est,
2280 2193 2538 2251 Christus
2586 2198 2773 2261 autem
2826 2188 3122 2259 neglectus,
3178 2183 3349 2260 918
3402 2182 3690 2263 puluinum

2121 2285 2301 2345 dicere
2327 2296 2424 2352 per
2449 2277 2768 2350 prophetam
2798 2276 2841 2305 “
2888 2292 2902 2329 :
2931 2271 3171 2341 Jejunia,
3205 2281 3253 2332 et
3280 2269 3464 2337 ferias,
3498 2277 3546 2320 et
3581 2266 3691 2318 dies

2122 2375 2283 2445 festos
2310 2380 2507 2435 vestros
2530 2369 2643 2429 odit
2668 2367 2848 2425 anima
2870 2379 3025 2428 mea;
3051 2371 3106 2417 et
3133 2360 3261 2443 quia
3292 2358 3468 2427 magis
3493 2357 3692 2411 solem—

2124 2466 2347 2531 nitatem
2370 2476 2532 2533 agere
2564 2460 2852 2517 voluerunt
2872 2469 2998 2517 cum
3031 2453 3241 2513 latrone
3269 2450 3500 2509 dimisso
3524 2463 3687 2518 quam

2120 2572 2245 2621 cum
2273 2553 2424 2621 Jesu,
2452 2551 2611 2619 Verbi
2635 2548 2808 2623 gratia
2832 2546 3010 2606 dicam
3040 2563 3054 2601 :
3089 2543 3145 2600 Si
3169 2542 3409 2615 egissent
3434 2538 3690 2595 solemni-

2121 2655 2285 2713 tatem
2326 2652 2470 2699 recte
2508 2641 2648 2699 sicut
2689 2637 2889 2701 Josias,
2935 2643 3029 2695 aut
3061 2632 3260 2704 aliquis
3293 2630 3487 2687 similis
3532 2629 3604 2694 ei,
3635 2636 3688 2681 et

2119 2736 2246 2805 data
2277 2735 2360 2801 eis
2391 2733 2586 2801 inisset
2612 2744 2773 2801 quem
2814 2727 3011 2793 Vellent
3038 2723 3251 2794 petendi
3302 2719 3535 2783 licentia,
3572 2720 3688 2774 sine

2120 2827 2289 2882 dubio
2321 2823 2506 2880 Jesum
2553 2818 2939 2891 postulassent,
2982 2814 3283 2875 Barabbam
3328 2821 3508 2877 autem
3554 2824 3687 2864 con—

2119 2916 2490 2976 demnassent.
2544 2910 2652 2965 Nos
2696 2918 2876 2973 autem
2927 2921 3146 2971 oremus
3192 2914 3251 2957 ut
3297 2901 3492 2956 festum
3541 2899 3683 2954 diem

2118 3006 2378 3070 colentes,
2410 3017 2514 3057 non
2541 3002 2592 3061 in
2625 2999 2878 3068 fermento
2905 2996 3085 3062 veteri,
3129 3008 3289 3063 neque
3332 2990 3387 3045 in
3433 2991 3685 3061 fermento

446 3111 645 3168 magno
666 3099 951 3165 miraculo,
971 3107 1030 3154 ut
1053 3101 1329 3157 exhibitus
1352 3102 1419 3158 ad
1441 3082 1728 3160 criminale
1747 3104 2013 3177 judicium
2041 3119 2089 3183 ε
2120 3098 2345 3159 malitia:
2373 3103 2423 3150 et
2461 3093 2731 3162 nequitia,
2771 3091 2859 3151 sed
3016 3087 3222 3183 azymis
3262 3082 3584 3183 sinceritatis
3636 3090 3685 3135 et

447 3186 696 3244 Christus
736 3190 1080 3246 inturbabilis
1112 3201 1378 3260 maneret,
1406 3204 1462 3250 et
1495 3204 1669 3251 staret
1696 3171 1822 3253 ante
1867 3211 2015 3253 mor-
2047 3171 2089 3183 -
2119 3188 2358 3244 ueritatis
2390 3187 2456 3252 ”.
2485 3183 2789 3239 Barabbam
2831 3180 3051 3250 il“idem
3087 3176 3471 3240 οοιδάθηιῐιπθν
3501 3171 3684 3229 «Ῑθευηι

446 3289 552 3334 tem
577 3295 697 3350 qua:
719 3280 859 3350 apud
887 3296 1076 3339 omnes
1099 3282 1349 3341 homines
1364 3283 1627 3341 terribilis
1646 3286 2010 3342 existimatur.

516 3368 637 3425 19.0.
665 3367 771 3423 Per
793 3369 931 3423 diem
952 3379 1125 3424 autem
1149 3372 1429 3427 solemnem
1454 3384 1794 3428 consecrarat
1820 3390 2014 3442 praeses

443 3464 706 3517 dnnittere
733 3461 923 3531 populo
948 3477 1111 3515 unum
1149 3465 1378 3518 vinctum
1423 3482 1574 3536 quem
1620 3466 1907 3522 voluissent
1946 3468 2009 3521 ⁸³.

443 3554 559 3609 Νοη
582 3554 795 3611 mireris
822 3553 868 3609 si
898 3553 1075 3610 adhuc
1105 3557 1463 3625 primordium
1495 3558 1701 3616 habens
1733 3559 2014 3615 Romanus

443 3649 778 3719 principatus
814 3651 869 3706 in
896 3652 998 3715 eis,
1031 3660 1078 3705 et
1121 3652 1331 3706 novitcr
1367 3648 1573 3707 Iudaeis
1611 3651 1804 3722 iugum
1836 3653 2013 3708 susei-

445 3739 716 3809 pientibus
745 3739 1139 3803 Romanorum,
1180 3741 1308 3810 quia
1351 3738 1612 3795 donatum
1644 3748 1761 3794 erat
1808 3738 2012 3796 Judazis

443 3838 505 3885 ut
533 3831 587 3885 in
613 3831 956 3888 solemnitate
984 3831 1226 3902 paschali
1258 3838 1502 3901 peterent
1536 3845 1702 3885 unum
1730 3846 1890 3901 quem
1917 3846 2013 3887 vo-

442 3921 687 3985 luissent,
719 3925 969 3992 quamvis
1014 3924 1162 3979 mille
1204 3921 1515 3981 homicidiis
1545 3923 1818 3981 obnoxius
1860 3925 2012 3981 vide-

440 4022 608 4067 retur.
639 4010 731 4066 Sic
753 4012 897 4067 enim
923 4012 1185 4083 quasdam
1212 4011 1415 4081 gratias
1435 4021 1693 4082 praestant
1717 4024 1906 4085 gentes
1930 4016 2010 4072 eis

438 4117 578 4170 quos
624 4103 921 4173 subjiciunt
949 4102 1073 4166 sibi,
1105 4103 1278 4158 donec
1304 4102 1662 4158 conﬁrmetur
1705 4119 1871 4174 super
1914 4119 2009 4162 eos

440 4192 623 4262 iugum
651 4195 919 4263 ipsorum.
949 4192 1153 4250 Tamen
1178 4192 1520 4251 consuetudo
1549 4194 1664 4251 haec
1692 4196 2008 4253 absolvendi

440 4285 603 4339 vincti
650 4285 751 4339 t'uit
791 4283 1086 4353 aliquando
1129 4291 1187 4339 et
1228 4283 1371 4353 apud
1414 4282 1653 4341 iudaice.
1698 4283 1832 4340 Diam
1879 4301 2004 4342 cum

440 4373 571 4429 Saul
615 4375 948 4429 decrevisset
972 4382 1032 4429 ut
1056 4388 1124 4428 ne
1152 4372 1278 4444 quis
1306 4373 1575 4443 acciperet
1606 4373 1811 4442 cibum,
1839 4374 2009 4431 Jona-

2114 3292 2296 3348 autem
2329 3276 2399 3333 ab
2423 3274 2679 3332 omnibus
2707 3271 2940 3328 vinculis
2969 3269 3203 3324 liberum
3236 3266 3484 3338 accipere
3526 3264 3687 3320 nobis

2115 3381 2421 3425 mereamur
2465 3366 2520 3433 in
2550 3377 2730 3431 regem
2762 3368 2816 3423 et
2845 3359 3156 3423 Dominum.
3196 3353 3263 3409 Et
3294 3353 3536 3423 quandiu
3572 3353 3687 3413 haec

2114 3460 2363 3522 facimus.
2396 3471 2501 3520 non
2546 3459 2941 3515 convertuntur
2973 3446 3088 3501 dies
3134 3444 3255 3500 festi
3286 3444 3457 3498 nostri
3492 3445 3546 3497 in
3596 3444 3681 3496 lu-

2111 3561 2281 3619 ctum,
2314 3562 2491 3620 neque
2519 3544 2732 3607 cantica
2775 3549 2960 3601 nostra
2999 3538 3052 3599 in
3089 3534 3552 3601 lamentationem,
3587 3531 3681 3588 sed

2110 3640 2350 3699 eruntin
2382 3638 2540 3697 nobis
2567 3633 2942 3696 solemltitates
2971 3643 3133 3694 verae,
3156 3624 3530 3685 solemnitates
3562 3622 3677 3683 Dei.

2176 3704 2304 3796 ἰει.
2354 3729 2595 3785 Habebat
2646 3738 2821 3779 autem
2861 3731 2983 3774 tunc
3018 3719 3247 3773 vinctum
3290 3714 3564 3784 insignem,
3594 3709 3683 3781 qui

2110 3824 2385 3887 dicebatur
2420 3816 2718 3879 Barabbas.
2755 3810 3098 3882 Congrrgatis
3135 3822 3257 3877 ergo
3303 3804 3401 3867 eis,
3436 3802 3577 3855 dixit
3608 3800 3682 3853 eis

2110 3914 2321 3969 Pilatus
2384 3926 2401 3969 ἱ
2465 3909 2632 3983 Quem
2690 3902 2849 3958 vultis
2914 3898 3185 3954 dimittant
3254 3887 3679 3983 vobis,1efum

2110 4002 2435 4079 Barabbam,
2468 3979 2540 4061 an
2592 3995 2774 4061 Jesum
2819 3992 2907 4062 qui
2960 3990 3157 4043 dicitur
3207 3982 3492 4039 Christus?
3537 3979 3682 4035 Scie-

2111 4098 2198 4151 bat
2240 4095 2377 4154 enim
2422 4074 2560 4165 quod
2610 4103 2703 4157 per
2754 4085 3007 4139 invidiam
3067 4079 3395 4141 tradiderunt
3448 4091 3566 4128 eum
3608 4074 3675 4129 ⁸³.

2110 4189 2166 4243 ln
2214 4186 2399 4248 multis
2440 4180 2838 4259 exemplaribus
2883 4190 2991 4230 non
3035 4172 3342 4229 continetur
3388 4167 3534 4238 quod
3578 4166 3679 4221 Ba-

2110 4277 2308 4337 rabbas
2350 4276 2513 4338 etiam
2556 4270 2716 4335 Jesus
2758 4267 3076 4328 dicebatur,
3118 4273 3172 4318 et
3227 4261 3455 4316 forsitan
3510 4267 3677 4323 recte,

2108 4378 2169 4431 ut
2222 4382 2291 4435 ne
2349 4381 2546 4427 nomen
2596 4363 2725 4425 Jesu
2783 4356 3071 4419 conveniat
3125 4353 3286 4415 alicui
3338 4351 3675 4420 iniquorum.

439 4465 559 4520 thas
587 4474 764 4521 autem
797 4463 978 4519 favum
1005 4439 1185 4519 mellis
1222 4439 1496 4534 gustasset
1515 4476 1704 4521 contra
1736 4439 1881 4538 regis
1908 4468 2005 4523 de-
2034 4454 2084 4512 Ῐ)
2112 4459 2167 4512 In
2227 4466 2376 4527 tanta
2437 4455 2583 4523 enim,
2639 4447 2988 4513 ιηυιιίιυάἱῐιθ
3044 4439 3676 4538 Scripturarumunemi-

437 4561 668 4617 cretum,
714 4552 922 4606 invenit
960 4552 1258 4611 obnoxium
1305 4552 1619 4618 Jonatham,
1650 4563 1706 4608 et
1754 4554 2005 4623 quamvis

440 4644 607 4697 tilium
659 4642 1041 4706 constitutum,
1092 4653 1273 4697 tamen
1322 4650 1541 4712 propter
1591 4642 1812 4713 aliquod
1843 4645 2000 4715 jura-

437 4744 676 4790 mentum
714 4748 873 4790 suum
906 4733 1219 4787 decreverat
1247 4733 1550 4787 interﬁcere
1572 4748 1697 4799 eum
1726 4752 1739 4783 τ
1771 4735 1863 4794 sed
1893 4750 2001 4795 non

436 4826 725 4891 interfecit,
750 4825 898 4879 omni
947 4825 1150 4895 populo
1180 4823 1342 4880 lsrael
1378 4824 1796 4891 interveniente,
1827 4835 1879 4881 et
1911 4841 2005 4896 pe-

435 4928 581 4971 tente
623 4932 748 4972 eum
791 4914 858 4969 ad
887 4915 1051 4970 vitam
1102 4916 1166 4969 ⁸⁸.
1219 4913 1326 4971 Sed
1370 4914 1515 4984 quod
1548 4913 1753 4972 Pilatus
1799 4916 2008 4980 dimisit

436 5023 604 5061 unum
638 5009 875 5062 vinctum
911 5008 1136 5077 populo,
1171 5008 1256 5062 vel
1303 5007 1435 5063 Saul
1464 5008 1763 5073 secundum
1790 5009 2006 5078 petitio-

436 5114 559 5154 nem
582 5098 763 5166 populi
786 5098 930 5168 quod
954 5099 1159 5155 dimisit
1185 5096 1501 5164 Jonatham,
1527 5114 1635 5155 non
1664 5108 1753 5155 est
1781 5100 2002 5169 mirum;

436 5192 538 5245 sub
569 5191 725 5259 culpa
779 5190 924 5244 enim
973 5200 1091 5244 erat
1134 5190 1420 5247 amborum
1473 5190 1769 5260 petentium
1813 5191 2000 5259 vitam,

435 5283 692 5353 quoniam
741 5281 911 5337 Judaei
965 5296 1180 5351 semper
1225 5281 1448 5339 obnoxii
1494 5289 1671 5343 erant.
1709 5281 1813 5337 Sed
1867 5281 2002 5349 illud

436 5389 742 5443 quaeramus
784 5374 830 5428 si
861 5373 967 5427 tale
1011 5372 1218 5441 aliquid
1263 5372 1358 5427 ﬁat
1381 5383 1436 5426 et
1465 5371 1519 5426 in
1547 5371 1754 5443 judicio
1799 5372 1918 5440 Dei,
1950 5385 2003 5431 et

438 5465 615 5521 omnis
659 5464 900 5521 Ecclesia
946 5473 1130 5533 petere
1176 5464 1349 5532 possit
1381 5462 1616 5531 aliquem
1651 5474 2000 5536 peccatorum

512 5667 550 5696 "
590 5666 756 5727 hiare.
783 5652 872 5729 av,
904 5667 957 5729 4.
1039 5666 1081 5696 "
1120 5658 1304 5718 Matth.
1342 5680 1523 5731 xxvii,
1555 5665 1619 5719 15

436 5732 481 5763 "
516 5735 699 5790 Matth.
729 5752 899 5800 nm,
935 5735 997 5790 16
1026 5746 1076 5790 et
1112 5750 1264 5802 seqq.

1756 5668 1796 5699 ¹⁹
1835 5665 1850 5718 Ι
1893 5666 2021 5739 Reg.
2057 5684 2164 5722 xrv.
2280 5666 2324 5701 ’θ
2364 5665 2560 5720 Bnt'uc.
2599 5679 2634 5718 I.

2112 4565 2233 4604 nem
2273 4520 2705 4609 scimuslesum
2756 4549 3117 4612 peccatorem,
3156 4537 3299 4592 sicut
3343 4535 3397 4589 in
3430 4520 3552 4589 aliis
3581 4546 3678 4587 no-

2112 4640 2351 4702 minibus
2390 4635 2697 4699 invenimus
2736 4632 3030 4702 justorum,
3054 4638 3113 4683 ut
3155 4625 3398 4698 ejusdem
3443 4620 3676 4677 nominis

2112 4731 2453 4791 inveniantur
2493 4741 2613 4787 esse
2649 4724 2810 4791 etiam
2850 4719 3044 4791 iniqui,
3091 4725 3300 4789 utputa,
3342 4713 3512 4770 Judas
3540 4726 3672 4781 apo-

2112 4800 2283 4887 stolas
2315 4820 2547 4893 Zeiotcs,
2573 4827 2625 4872 et
2649 4813 2818 4869 ludas
2845 4810 3175 4882 patriarcha,
3210 4809 3338 4871 item
3372 4815 3424 4859 ct
3457 4802 3674 4856 Macha-

2111 4918 2258 4971 baeus
2283 4911 2472 4978 Judas,
2503 4922 2691 4967 Ontnes
2718 4903 3015 4960 laudabiles
3041 4918 3055 4955 :
3089 4901 3181 4956 sed
3214 4897 3383 4952 Judas
3410 4893 3672 4964 proditor.

2111 5005 2175 5060 Et
2223 5006 2277 5058 in
2320 5000 2516 5065 Genesi
2569 4996 2917 5052 inveniuntur
2966 4991 3209 5062 ejusdem
3258 4984 3498 5041 nominis
3552 4996 3674 5037 esse

2109 5097 2202 5151 lilii
2249 5093 2402 5157 Seth,
2442 5100 2497 5155 et
2526 5088 2619 5143 ﬁlii
2654 5086 2814 5151 Cain,
2846 5086 2987 5141 sicut
3019 5083 3226 5143 Enoch,
3250 5087 3303 5132 et
3325 5074 3583 5139 Lamech,
3620 5083 3676 5128 et

2108 5158 2464 5245 hiathusalem
2509 5200 2522 5235 :
2560 5195 2667 5234 non
2699 5187 2878 5237 autem
2905 5173 3263 5231 conveniebat
3284 5183 3407 5223 esse
3439 5166 3545 5221 tale
3574 5166 3674 5219 ali-

2105 5277 2234 5349 quid
2268 5284 2321 5331 ct
2350 5275 2403 5327 in
2435 5271 2654 5335 nomine
2681 5266 2831 5326 Jesn.
2866 5265 2928 5320 Et
2967 5278 3096 5336 puto
3115 5262 3261 5335 quod
3291 5260 3345 5315 in
3376 5258 3672 5315 haeresibus

2107 5372 2211 5426 tale
2251 5366 2454 5437 aliquid
2510 5362 2917 5434 superadditutn
2965 5366 3069 5421 est,
3120 5363 3179 5410 ut
3210 5354 3448 5409 habeant
3491 5351 3671 5422 aliqua

2105 5454 2479 5520 convenientia
2511 5457 2690 5529 dicere
2712 5453 2909 5511 fabulis
2932 5451 3069 5518 suis,
3095 5448 3162 5504 de
3192 5444 3548 5537 similitudine
3575 5456 3679 5497 no-

2743 5662 2784 5691 “
2826 5657 2930 5716 lsa.
2974 5670 3011 5724 I,
3070 5657 3152 5711 li.
3253 5656 3296 5685 ²²
3339 5652 3511 5709 ICor.
3541 5666 3592 5719 v,
3618 5651 3674 5705 8.
