4112 6452
448 402 467 455 l
480 398 583 456 773

1572 384 2226 447 COMMENTARlORUM
2262 383 2528 445 SERIES.

3554 387 3697 444 ιττι

446 518 609 574 minis
636 514 766 572 Iesu
800 523 855 570 et
881 513 1158 568 Barabbte.
1192 510 1457 566 Existimo
1479 511 1625 566 enim
1663 510 1720 565 in
1750 509 1891 574 istis,
1918 524 2011 562 ve-
2041 512 2085 569 Δ
2112 507 2214 563 cis.
2257 505 2326 562 Et
2375 506 2499 562 vide
2538 505 2668 579 quia
2712 504 2922 577 justum
2970 505 3264 577 appellavit
3320 502 3507 563 Iesum
3553 520 3698 564 uxor

446 629 566 667 rum
614 612 832 682 aliquod
865 608 1183 682 mysterium
1211 605 1600 669 demonstrari,
1636 612 1696 658 ut
1739 602 2017 658 Barahbas

448 706 665 776 quidem
696 703 1024 758 constitutus
1055 701 1127 755 sit
1172 699 1240 753 ad
1281 698 1625 758 seditionem,
1672 705 1728 750 et
1758 694 1917 759 bella,
1964 702 2019 748 et

446 797 736 852 homicidia
774 791 1021 849 facienda
1049 789 1340 845 animabus
1372 788 1690 853 hominum;
1720 784 1882 841 Iesus
1920 800 2018 839 au-

445 898 551 943 tem
581 889 739 957 quasi
773 888 941 941 Filius
981 884 1098 947 Dei,
1141 893 1194 938 et
1236 897 1339 952 pax
1378 880 1729 944 constitutus,
1778 886 1834 932 et
1883 876 2018 932 Ver-

445 981 595 1045 bum,
633 988 687 1036 et
729 977 1027 1048 Sapientia,
1074 976 1140 1029 ad
1177 974 1361 1029 omnia
1419 973 1581 1028 bona.
1624 970 1691 1026 lli
1731 984 1864 1041 ergo
1905 969 2017 1024 duo

442 1089 564 1128 cum
598 1073 708 1127 sint
741 1071 910 1126 vincti
963 1070 1017 1123 in
1048 1068 1212 1123 rebus
1263 1065 1520 1120 humanis
1565 1073 1620 1120 et
1670 1062 2014 1133 corporibus,

444 1162 678 1232 populus
733 1162 823 1216 ille
882 1158 987 1214 sibi
1038 1155 1332 1227 postulavit
1380 1153 1587 1209 absolvi
1640 1152 1943 1207 Barabbam
2000 1168 2013 1204 :

442 1265 666 1326 prapter
693 1269 854 1324 quem
886 1267 994 1306 non
1033 1257 1214 1305 cessat
1255 1262 1388 1318 gens
1418 1246 1511 1301 illa
1556 1244 1766 1301 habens
1792 1243 2017 1299 seditio-

442 1363 560 1415 nes,
588 1358 641 1401 et
668 1344 982 1406 homicidia,
1006 1351 1060 1397 et
1089 1340 1393 1404 latrocinia,
1412 1337 1713 1396 secundum
1748 1335 2015 1407 quosdam

447 1437 623 1508 gentis
652 1451 765 1491 suae
787 1435 842 1488 in
874 1433 1037 1488 rebus
1069 1448 1190 1502 quae
1215 1430 1352 1485 foris
1382 1430 1682 1496 habentur;
1714 1427 2015 1483 secundum

442 1544 634 1583 omnes
666 1535 847 1581 autem
870 1524 1088 1579 Iudaeos
1115 1523 1207 1591 qui
1238 1537 1345 1575 non
1377 1521 1605 1575 credunt
1633 1518 1841 1583 Iesum,
1867 1518 2016 1575 intus

441 1620 494 1674 in
520 1617 723 1673 anima.
754 1616 858 1671 Ubi
893 1615 1037 1669 enim
1077 1627 1186 1667 non
1219 1620 1300 1667 est
1344 1610 1526 1678 Iesus,
1557 1610 1668 1665 illic
1695 1609 2014 1677 seditiones,

439 1721 492 1766 et
525 1711 668 1771 lites,
704 1690 760 1763 et
806 1706 990 1777 praelia
1043 1713 1192 1759 sunt.
1240 1702 1342 1758 Ubi
1391 1712 1572 1758 autem
1614 1710 1699 1758 est
1738 1700 1924 1766 Iesus,
1957 1709 2018 1757 ut

440 1802 620 1857 dicere
646 1798 861 1870 possint
891 1817 905 1852 :
944 1796 1004 1852 Si
1045 1806 1222 1850 autem
1255 1794 1501 1850 Christus
1534 1794 1591 1847 in
1629 1794 1799 1860 nobis,
1823 1809 2013 1863 corpus

439 1889 649 1959 quidem
696 1896 962 1940 mortuum
1005 1893 1218 1954 propter
1246 1889 1538 1952 peccatum,
1571 1879 1792 1949 spiritus
1836 1886 2012 1932 autem

437 1981 545 2036 vita
567 1990 782 2049 propter
796 1977 1070 2047 justitiam
1091 1975 1140 2008 “
1164 1992 1176 2029 :
1204 1974 1278 2029 ibi
1302 1981 1428 2028 sunt
1452 1971 1636 2027 omnia
1660 1970 1825 2027 simul
1851 1970 2013 2036 bona,

439 2083 491 2126 et
514 2069 944 2125 innumerabiles
965 2065 1171 2121 divitiae
1199 2065 1471 2135 spiritales
1502 2064 1557 2118 in
1588 2062 1842 2117 manibus
1870 2061 2014 2130 ejus,

439 2171 494 2217 et
525 2177 649 2231 pax.
681 2158 802 2229 Ipse
842 2166 920 2212 est
948 2158 1087 2213 enim
1133 2170 1242 2227 pas
1279 2165 1461 2209 nostra
1497 2155 1587 2224 qui
1624 2154 1746 2223 fecit
1792 2161 2017 2222 utraque

438 2271 602 2309 unum
632 2254 700 2308 ".
739 2252 802 2307 Et
836 2252 881 2308 si
912 2252 1036 2321 quis
1063 2250 1246 2305 videat
1268 2250 1600 2305 contrariam
1635 2247 1782 2302 illam
1823 2262 2018 2317 opera-

439 2347 666 2407 tionem,
709 2350 1002 2413 cognoscet
1053 2341 1313 2411 quoniam
1366 2340 1481 2410 ipse
1527 2347 1613 2395 est
1663 2338 1716 2393 in
1759 2339 2016 2395 omnibus

437 2434 655 2490 vinctus
694 2430 925 2502 insignis
958 2428 1258 2494 Barabbas,
1289 2444 1451 2500 quem
1482 2428 1586 2484 sibi
1632 2427 1766 2483 solvi
1804 2427 2019 2484 deside-

436 2532 592 2588 rant,
643 2535 755 2576 non
803 2520 982 2576 solum
1030 2530 1161 2576 tunc
1211 2534 1446 2590 peccans
1494 2518 1663 2573 Israel
1715 2518 2016 2574 secundum

439 2627 681 2677 carnem,
716 2612 809 2667 sed
844 2621 901 2667 et
938 2624 1130 2665 omnes
1173 2610 1267 2679 qui
1296 2610 1378 2665 eis
1420 2609 1628 2665 similes
1668 2616 1818 2673 sunt,
1849 2607 1932 2663 vel
1962 2608 2016 2663 in

438 2701 716 2772 dogmate,
742 2702 827 2756 vel
858 2700 913 2755 in
962 2700 1096 2755 vita.
1132 2699 1459 2770 Quicunque
1505 2713 1635 2770 ergo
1685 2699 1830 2753 mala
1879 2699 2013 2770 agit,

437 2792 654 2849 solutus
682 2800 765 2848 est
796 2791 849 2846 in
885 2807 1117 2863 corpore
1145 2791 1265 2863 ejus
1290 2789 1593 2857 Barahhas,
1622 2789 1878 2847 Christus
1917 2806 2018 2846 au-

437 2887 549 2935 tem
594 2881 833 2936 vinctus.
871 2880 975 2949 Qui
1007 2890 1190 2935 autem
1221 2880 1363 2935 bona
1392 2879 1523 2950 agit,
1557 2881 1811 2938 Christus
1839 2881 1889 2937 ei
1920 2896 2014 2938 so-

438 2968 588 3024 lutus
611 2977 716 3030 est,
750 2968 1027 3024 Barabhas
1061 2977 1243 3023 autem
1269 2968 1508 3024 vinctus.

514 3061 635 3115 122.
665 3059 888 3115 Sedente
912 3070 1088 3115 autem
1115 3076 1176 3115 eo
1196 3076 1294 3131 pro
1315 3060 1593 3124 tribunali,
1629 3061 1773 3114 misit
1799 3062 1869 3115 ad
1897 3077 2015 3116 eum

437 3170 576 3252 stator
597 3154 711 3223 ejus
735 3152 914 3207 dicens
947 3172 972 3253 ε,
996 3151 1150 3253 Ιὶἶίιτίι
1186 3153 1256 3205 sit
1289 3152 1408 3252 tibi,
1440 3160 1491 3206 et
1516 3151 1665 3221 justo
1693 3152 1801 3206 illi.
1838 3151 2016 3253 ἔπι-ζα
2042 3193 2084 3253 c

437 3240 577 3294 enim
597 3255 759 3308 passa
792 3254 909 3293 sum
951 3239 1106 3294 hodie
1141 3256 1234 3309 per
1260 3240 1429 3293 visum
1457 3249 1671 3309 propter
1693 3256 1814 3294 eum
1850 3241 1919 3296 “.
1951 3241 2015 3296 Et

436 3327 595 3385 Iesus
625 3330 844 3401 quidem
880 3345 975 3399 per
1004 3330 1265 3385 invidiam
1305 3330 1541 3387 traditus
1567 3340 1707 3398 erat,
1731 3342 1786 3387 et
1811 3333 1885 3387 ita
1917 3348 2016 3403 per

439 3420 698 3475 invidiam
746 3419 1115 3488 manifestam,
1154 3430 1213 3477 ut
1252 3423 1415 3479 etiam
1466 3424 1676 3480 Pilatus
1721 3439 1844 3480 eam
1902 3439 2013 3479 non

438 3510 729 3578 ignoraret.
767 3507 968 3564 Volunt
1008 3519 1188 3565 autem
1220 3513 1569 3584 evangelista!
1596 3529 1704 3569 non
1735 3514 2016 3584 praeterire

435 3614 550 3655 rem
597 3600 794 3655 divinae
843 3602 1200 3670 providentiae
1242 3603 1460 3659 laudem
1494 3603 1585 3660 Dei
1618 3605 2011 3669 continentem,

434 3695 530 3764 qui
559 3694 731 3748 voluit
760 3708 858 3763 per
881 3694 1059 3749 visum
1087 3703 1406 3749 convertere
1443 3694 1600 3749 Pilati
1648 3710 1897 3759 uxorem,
1930 3703 2012 3759 ut,

433 3793 700 3855 quantum
732 3782 799 3837 ad
845 3798 924 3847 se,
960 3791 1167 3837 vetaret
1203 3783 1382 3838 virum
1414 3799 1575 3840 suum
1614 3793 1675 3839 ut
1700 3799 1770 3839 ne
1814 3784 2012 3840 audeat

434 3882 625 3929 contra
674 3872 861 3928 Iesum
908 3872 1156 3942 proferre
1182 3875 1530 3929 sententiam.
1562 3873 1626 3930 Et
1656 3875 1834 3931 visum
1885 3876 2013 3945 qui-

441 3966 566 4022 dem
615 3981 722 4020 non
761 3967 1015 4035 exposuit
1060 3964 1368 4029 Mstthaaus,
1407 3974 1619 4025 tantum
1663 3976 1848 4022 autem
1875 3968 2013 4023 dixit

432 4055 565 4125 quia
586 4055 756 4109 multa
778 4069 938 4125 passa
958 4063 1079 4110 erat
1110 4070 1205 4124 per
1235 4055 1412 4110 visum
1459 4065 1679 4125 propter
1701 4054 1911 4113 Iesum.
1944 4056 2012 4113 Et

435 4146 558 4201 ideo
601 4162 696 4216 per
741 4146 918 4202 visum
958 4162 1120 4216 passa
1163 4156 1245 4201 est
1293 4161 1360 4200 ne
1408 4147 1641 4216 amplius
1684 4157 2007 4217 pateretur:

434 4246 495 4291 ut
541 4236 756 4292 beatam
791 4236 962 4295 fuisse
990 4237 1239 4293 dicamus
1263 4237 1423 4293 Pilati
1468 4253 1716 4305 uxorem,
1752 4254 1875 4308 qua:
1900 4256 1998 4309 per

434 4326 612 4381 visum
663 4343 823 4396 passa
866 4336 951 4383 est
998 4328 1168 4383 multa
1214 4338 1435 4399 propter
1463 4327 1675 4395 Iesum,
1713 4339 1769 4385 et
1802 4331 2008 4402 recepit

435 4433 531 4490 per
556 4419 734 4474 visum
765 4420 912 4490 quod
945 4430 1063 4476 erat
1090 4436 1340 4490 passura.
1379 4421 1459 4476 Ex
1491 4438 1604 4492 quo
1632 4423 1854 4479 audebit
1881 4423 2008 4494 quis

2122 597 2301 664 Pilati,
2334 611 2403 652 ne
2439 596 2579 653 forte
2614 597 2933 669 mysterium
2974 596 3046 652 sit
3079 598 3196 653 hac
3225 613 3365 655 uxor
3397 596 3556 653 Pilati
3594 595 3699 653 Eco-

2119 689 2301 744 clesia:
2323 703 2390 743 ex
2420 688 2694 759 gentibus,
2720 703 2843 758 quae
2875 689 3173 758 aliquando
3215 688 3439 759 quidem
3471 689 3701 760 regeba—

2119 788 2209 834 tur
2235 794 2267 835 a
2294 777 2491 847 Pilato,
2522 793 2670 834 nunc
2697 788 2881 834 autem
2919 778 3034 847 jam
3065 795 3178 837 non
3213 788 3298 837 est
3338 781 3443 838 sub
3472 794 3543 837 eo
3570 796 3700 852 pro-

2121 878 2241 939 pter
2268 870 2428 924 tldem
2455 883 2610 925 suam
2640 870 2694 925 in
2727 869 2968 927 Christo.

2194 961 2317 1015 125.
2355 960 2624 1031 Principes
2649 969 2826 1017 autem
2860 961 3195 1018 sacerdotum
3228 968 3278 1016 et
3300 961 3533 1017 seniores
3571 978 3697 1032 pero

2119 1061 2400 1107 suaserunt
2430 1052 2624 1122 populo
2660 1062 2721 1106 ut
2752 1061 2981 1123 peterent
3007 1052 3329 1119 Barabbam,
3362 1051 3550 1109 Iesum
3578 1068 3696 1109 vero

2119 1146 2412 1215 perderent.
2465 1145 2794 1216 Respondeas
2850 1156 3028 1202 autem
3075 1163 3269 1217 prases
3315 1147 3454 1202 dixit
3502 1146 3617 1202 illis
3674 1161 3696 1201 :

2120 1237 2283 1301 Quem
2312 1237 2468 1292 uultis
2500 1240 2564 1292 de
2584 1238 2787 1294 duobus
2815 1239 3084 1294 dimittam
3115 1239 3259 1295 vobis
3282 1240 3307 1292 .9
3327 1238 3399 1294 At
3429 1238 3511 1293 illi
3540 1237 3697 1295 diate-

2120 1336 2241 1382 runt
2266 1344 2284 1380 :
2312 1328 2614 1382 Barabbam
2644 1330 2709 1384 ³⁸.
2741 1328 2805 1384 Et
2848 1338 2932 1385 est
2957 1328 3142 1385 videre
3175 1336 3351 1400 usque
3382 1345 3530 1387 nunc
3559 1344 3699 1399 quo-

2120 1419 2281 1474 modo
2307 1419 2543 1489 populus
2573 1419 2885 1476 Iudaeorum
2920 1435 2952 1476 a
2986 1419 3301 1477 senioribus
3348 1420 3466 1478 suis
3503 1428 3560 1476 et
3598 1418 3700 1477 Iuv

2071 1535 2075 1540 -
2119 1511 2287 1567 daicae
2322 1512 2549 1567 culturae
2583 1511 2900 1567 doctoribus
2927 1511 3192 1569 suadetur
3223 1519 3280 1568 et
3304 1512 3576 1570 excitatur
3603 1512 3702 1567 ad-

2118 1617 2310 1658 versus
2352 1600 2540 1658 Iesum
2594 1612 2656 1658 ut
2698 1603 2926 1672 perdant
2957 1619 3106 1671 eum,
3140 1614 3407 1674 quantum
3430 1603 3501 1661 ad
3533 1618 3615 1668 se,
3644 1611 3704 1660 et

2119 1692 2356 1746 habeant
2401 1691 2698 1748 Barabbam
2741 1693 3003 1749 solutum.
3043 1693 3288 1750 Credunt
3329 1695 3478 1751 enim
3523 1695 3704 1753 turba

2118 1781 2457 1853 principibus
2479 1791 2532 1840 et
2564 1783 2939 1841 sacerdotibus
2964 1783 3102 1841 suis.
3131 1783 3461 1855 Plerumque
3482 1794 3538 1845 et
3562 1800 3703 1855 prte-

2117 1888 2205 1928 ses
2226 1873 2444 1942 quidem
2474 1874 2607 1929 dicit
2637 1874 2704 1929 ad
2736 1874 2994 1944 populum
3030 1894 3042 1930 :
3076 1875 3245 1941 Quem
3276 1875 3437 1933 uultis
3464 1891 3532 1932 ea:
3559 1876 3698 1932 duo-

2117 1964 2211 2018 bus
2265 1964 2537 2020 dimittam
2573 1966 2716 2020 vobis
2766 1966 2849 2021 "1'
2877 1965 3075 2023 Turba
3110 1976 3317 2032 autem,
3368 1967 3527 2038 quasi
3557 1982 3701 2025 verae

2116 2056 2290 2111 turbae
2325 2064 2378 2111 et
2405 2057 2609 2124 multae,
2638 2073 2761 2127 quas
2784 2058 3080 2127 spatiosum
3109 2058 3279 2132 919
3307 2068 3362 2116 et
3389 2057 3697 2129 perducen-

2118 2151 2227 2199 tem
2257 2144 2324 2199 ad
2364 2146 2725 2215 perditionem
2755 2147 3040 2206 ambulant
3078 2150 3244 2213 viam,
3280 2149 3556 2220 petierunt
3592 2149 3700 2206 Ba-

2118 2234 2342 2291 rabbam
2391 2237 2551 2303 solvi,
2586 2237 2831 2295 volentes
2874 2253 2999 2297 eum
3039 2239 3146 2298 sibi
3194 2240 3398 2299 habere
3431 2240 3697 2301 solutum.

2113 2321 2119 2326 ’
2189 2327 2313 2383 124.
2350 2327 2494 2384 Dicit
2520 2330 2598 2384 eis
2626 2327 2885 2387 Pilatus:
2921 2329 3064 2397 Quid
3096 2349 3218 2404 ergo
3242 2333 3444 2404 faciant
3474 2333 3541 2391 de
3566 2333 3700 2392 Iesu

2116 2422 2209 2492 qui
2246 2421 2449 2476 dicitur
2490 2420 2777 2480 Christus?
2808 2425 3005 2481 Dicunt
3042 2441 3221 2481 omnes
3251 2441 3271 2485 .'
3300 2424 3697 2497 Cruciﬁgatur,

2116 2523 2173 2569 et
2200 2521 2395 2569 caetera
2432 2512 2499 2566 ³ο.
2545 2511 2743 2571 Valens
2779 2514 2862 2571 eis
2892 2515 3157 2585 pudorem
3193 2524 3356 2573 tanta:
3389 2516 3699 2586 iniquitatis

2118 2602 2366 2659 incutere
2415 2600 2662 2669 Pilatus,
2714 2603 2850 2660 dicit
2896 2604 2976 2662 eis
3007 2624 3020 2659 :
3046 2604 3191 2671 Quid
3229 2622 3353 2677 ergo
3385 2606 3585 2674 faciam
3631 2608 3699 2663 de
3772 2618 3777 2623 ‘

2115 2692 2245 2749 Iesu
2266 2696 2356 2765 qui
2388 2695 2588 2751 dicitur
2616 2694 2863 2753 Christus
2877 2681 3044 2753 1"Non
3074 2699 3251 2755 solum
3283 2707 3488 2767 autem,
3521 2700 3617 2758 sed
3642 2709 3700 2759 et

2118 2801 2435 2843 mensuram
2462 2786 2722 2857 colligere
2765 2788 2957 2845 volens
3004 2789 3302 2861 impietatis
3348 2806 3563 2848 eorum.
3618 2790 3698 2847 Illi

2117 2884 2320 2942 autem,
2357 2890 2459 2931 nec
2506 2876 2613 2934 hoc
2652 2876 3038 2936 erubescentes
3078 2880 3226 2949 quod
3271 2879 3481 2938 Pilatus
3506 2880 3697 2939 Iesum

2118 2966 2401 3023 Christum
2421 2982 2548 3024 esse
2579 2967 2963 3035 conﬁtebatur,
3009 2985 3111 3027 nec
3146 2971 3371 3027 modum
3397 2972 3699 3041 impietatis

2118 3067 2420 3122 Servantes,
2447 3059 2707 3119 dixerunt
2726 3076 2920 3117 omnes
2947 3079 2963 3116 :
2990 3059 3374 3133 Cruciﬁgatur.
3397 3061 3464 3118 Et
3497 3064 3544 3120 si
3572 3065 3699 3134 qui-

2117 3149 2240 3206 dem
2296 3150 2601 3209 Barabbam
2651 3154 2917 3223 petissent
2964 3150 3284 3222 dimittere,
3344 3171 3454 3211 non
3511 3166 3697 3215 autem

2119 3247 2346 3297 econtra
2392 3251 2448 3299 et
2496 3241 2780 3299 Christum
2828 3242 3200 3311 postulassent
3225 3244 3295 3299 ad
3323 3259 3567 3313 crucem,
3608 3255 3696 3304 ut-

2119 3339 2273 3401 puta,
2319 3330 2624 3390 Barabbam
2675 3332 2897 3404 quidem
2938 3334 3225 3406 petiissent
3263 3335 3494 3402 absolvi,
3548 3338 3697 3395 hunc

2119 3433 2303 3480 autem
2335 3439 2444 3480 non
2463 3425 2752 3498 petiissent
2778 3424 3046 3497 cruciﬁgi,
3078 3426 3174 3483 sed
3204 3427 3262 3482 in
3301 3435 3570 3497 potestate
3611 3430 3696 3486 di-

2121 3515 2404 3573 misissent
2432 3506 2592 3572 Pilati
2625 3523 2684 3569 ut
2710 3515 2912 3573 faceret
2938 3517 3006 3572 de
3028 3532 3096 3572 eo
3124 3518 3272 3586 quod
3301 3518 3484 3586 vellet,
3511 3520 3695 3576 adhuc

2120 3617 2334 3672 magna:
2364 3612 2509 3659 esset
2547 3602 2843 3672 impietatis
2867 3602 3037 3672 quod,
3072 3604 3262 3659 relicto
3285 3603 3475 3673 justo,
3510 3605 3693 3661 homi-

2116 3693 2294 3749 cidam
2326 3692 2635 3764 petiissent:
2672 3709 2820 3748 nunc
2850 3702 3032 3751 autem
3061 3694 3561 3769 multiplicaverunt
3588 3697 3692 3752 im-

2116 3785 2336 3854 pietatis
2362 3798 2476 3841 suae
2502 3799 2842 3852 mensuram,
2874 3801 2983 3843 non
3013 3785 3190 3845 solum
3234 3787 3563 3844 homicidam
3590 3803 3691 3860 po-

2117 3877 2386 3933 stulantes
2433 3876 2502 3931 ad
2560 3877 2760 3942 vitam,
2807 3876 2901 3931 sed
2947 3876 3113 3932 etiam
3157 3876 3371 3947 justum
3421 3879 3490 3935 ad
3538 3895 3688 3937 mor-

2117 3976 2225 4023 tem
2270 3978 2325 4023 et
2385 3967 2452 4023 ad
2507 3976 2739 4023 mortem
2803 3968 3176 4038 turpissimam
3238 3968 3439 4025 crucis.
3497 3969 3692 4028 Adhuc

2114 4068 2298 4119 autem
2353 4074 2678 4130 permanens
2744 4058 2799 4115 in
2851 4074 2916 4114 eo
2962 4060 3081 4129 ipso
3136 4059 3284 4134 quod
3350 4060 3694 4121 confundere

2114 4166 2210 4208 eos
2262 4151 2516 4215 volebat,
2571 4161 2632 4208 ut
2685 4151 2768 4208 vel
2821 4149 3038 4205 confusi
3095 4150 3163 4209 ad
3226 4150 3548 4211 electionem
3599 4153 3691 4222 ju-

2116 4237 2184 4293 sti
2220 4238 2490 4304 venirent,
2538 4239 2643 4293 etsi
2686 4254 2792 4292 non
2828 4255 2895 4297 ex
2923 4238 3133 4308 judicio
3166 4239 3370 4304 cordis,
3398 4241 3529 4297 dicit
3556 4242 3639 4298 eis
3672 4262 3685 4297 :

2115 4326 2258 4394 Quid
2282 4330 2419 4387 enim
2445 4328 2581 4385 male
2621 4329 2746 4398 fecit
2771 4330 2855 4384 "7
2881 4330 3085 4385 Contra
3114 4330 3216 4387 hoc
3246 4332 3384 4386 nihil
3425 4332 3689 4390 habentes

2111 4420 2256 4490 quod
2285 4423 2713 4491 responderent,
2744 4424 2983 4494 amplius
3017 4422 3412 4489 clamaverunt,
3442 4440 3549 4480 non
3590 4425 3686 4481 dc-

432 4510 615 4567 dicere
640 4512 901 4580 quoniam
941 4511 1137 4575 melius
1180 4522 1264 4568 est
1307 4514 1548 4584 recipere
1583 4515 1818 4586 aliquem
1865 4517 2008 4575 mala
2041 4523 2085 4579 ι)
2113 4522 2398 4581 ponentes,
2433 4514 2529 4568 sed
2574 4526 2837 4585 augentes
2879 4516 3062 4585 iram,
3112 4514 3536 4580 animositatem,
3572 4516 3688 4571 bla-

434 4601 491 4657 in
533 4602 653 4656 visu
700 4617 864 4671 quam
900 4602 1141 4672 recipere
1178 4602 1237 4657 in
1274 4604 1402 4666 vita.
1434 4603 1572 4670 Quis
1592 4605 1738 4659 enim
1772 4621 1878 4659 non
1910 4606 2011 4661 eli-

433 4706 526 4766 gat
556 4710 652 4765 per
682 4695 859 4750 visum
888 4694 1032 4749 mala
1075 4710 1173 4749 sua
1223 4695 1463 4765 recipere
1493 4697 1547 4750 in
1596 4697 1706 4751 vita
1751 4712 1872 4763 sua,
1902 4697 2008 4753 nisi

432 4787 575 4843 forte
606 4787 733 4842 talia
756 4796 1031 4842 mereatur
1058 4792 1118 4845 ut
1155 4786 1406 4855 expediat
1434 4789 1485 4843 ei
1521 4788 1735 4844 acriora
1766 4790 2008 4860 recipere

434 4880 491 4933 in
536 4880 649 4933 vita
694 4894 790 4934 sua
841 4878 1023 4947 potius
1048 4891 1210 4946 quam
1252 4878 1495 4947 recipere
1523 4878 1722 4933 leviora
1759 4879 1812 4933 in
1845 4877 2007 4933 visu?

432 4971 762 5027 Consolatur
798 4972 946 5026 enim
970 4980 1024 5026 et
1052 4970 1343 5041 requiescit
1364 4970 1422 5025 in
1460 4970 1674 5025 sinibus
1699 4970 1933 5024 Abrahae
1960 4971 2005 5001 "

433 5064 526 5132 qui
559 5064 763 5133 recepit
789 5063 930 5117 mala
955 5063 1008 5116 in
1034 5062 1144 5117 vita
1181 5077 1301 5128 sua,
1330 5071 1385 5116 et
1413 5076 1524 5115 non
1560 5062 1676 5116 hac
1708 5062 1851 5116 mala
1882 5077 2006 5131 qua:

435 5159 637 5227 recepit
674 5158 729 5212 in
760 5158 881 5212 visu
908 5172 1047 5223 suo;
1078 5156 1376 5211 secundum
1402 5155 1549 5225 quod
1582 5164 1638 5209 et
1667 5154 2004 5210 consolatio—

435 5263 557 5302 nem
592 5249 829 5303 habebit.
861 5247 1054 5303 Utrum
1081 5255 1260 5303 autem
1294 5257 1349 5301 et
1378 5247 1595 5300 initium
1642 5245 1839 5301 habeat
1865 5262 2003 5300 cori-

2112 4603 2437 4675 Sphemiam,
2466 4612 2521 4661 et
2543 4600 2800 4660 dixerunt
2824 4624 2838 4659 :
2869 4606 3230 4676 Cruciﬁgalur
3249 4605 3314 4658 ³³.
3343 4605 3551 4663 Pilatus
3583 4622 3682 4661 au-

2115 4704 2244 4760 tem,
2279 4695 2468 4751 videns
2494 4697 2640 4764 quod
2668 4696 2800 4753 nihil
2830 4697 3118 4768 pl‘OliCL‘l’Cl
3140 4739 3154 4762 ,
3184 4698 3414 4755 Iudaico
3441 4713 3574 4753 usus
3606 4708 3689 4755 est

2112 4802 2288 4853 more,
2329 4787 2515 4842 volens
2549 4802 2646 4844 eos
2677 4788 2745 4843 de
2771 4787 2975 4843 Christi
3020 4787 3331 4844 innocentia
3363 4804 3471 4843 non
3507 4787 3685 4840 solum

2111 4880 2314 4947 verbis,
2364 4879 2460 4934 sed
2482 4879 2648 4937 etiam
2684 4880 2804 4950 ipso
2828 4878 2970 4935 iacto
2998 4880 3213 4948 placare
3240 4880 3285 4935 si
3316 4880 3605 4946 voluerint,
3637 4882 3684 4934 si

2109 4979 2289 5025 autem
2334 4971 2631 5034 noluerint,
2672 4971 3060 5034 condemnare,
3108 4971 3315 5031 faciens
3346 4987 3454 5031 non
3484 4987 3682 5029 secun-

2109 5062 2237 5116 dum
2261 5061 2503 5131 aliquam
2543 5063 2996 5117 consuetudinem
3032 5058 3431 5121 Romanorum.
3462 5064 3684 5136 Accepit

2107 5156 2252 5209 enim
2291 5170 2488 5224 aquam
2525 5155 2581 5208 in
2610 5162 2907 5223 conspectu
2933 5155 3201 5219 omnium,
3235 5165 3289 5210 ct
3330 5156 3520 5213 lavans
3564 5171 3684 5213 ma-

2108 5262 2214 5301 nus
2246 5262 2374 5302 suas
2403 5246 2542 5300 dixit
2578 5265 2591 5301 :
2624 5244 2881 5300 Innoceus
2929 5265 3021 5319 ego
3055 5265 3172 5302 sum
3216 5265 3248 5302 a
3296 5250 3552 5323 sanguine
3582 5249 3682 5301 hu-

434 5340 702 5396 versionis
734 5342 799 5395 ad
829 5341 999 5397 Deum
1021 5356 1090 5397 ex
1114 5356 1180 5396 eo
1201 5340 1347 5411 quod
1370 5341 1539 5395 multa
1564 5348 1781 5408 propter
1809 5338 2001 5394 Iesum
2098 5338 2230 5407 jus;
2263 5355 2348 5392 vos
2373 5337 2610 5391 videritis
2633 5336 2699 5392 ³³.
2740 5336 2804 5397 Et
2854 5339 2971 5406 ipse
3019 5340 3237 5409 quidem
3287 5356 3347 5396 se
3398 5341 3547 5406 lavit,
3601 5339 3680 5393 illi

434 5431 609 5485 iuerat
639 5446 798 5499 passa
835 5447 931 5501 per
956 5434 1155 5498 visum,
1189 5432 1335 5491 Deus
1366 5431 1507 5487 scit:
1537 5443 1719 5491 tamen
1750 5430 1999 5486 contine-

431 5526 521 5573 tur
551 5520 715 5579 etiam
748 5522 852 5577 hoc
880 5522 934 5577 in
976 5524 1272 5594 Scripturis
1307 5523 1632 5593 quibusdam
1676 5538 1785 5577 non
1818 5521 1997 5590 publi-

500 5727 546 5758 “
583 5723 745 5781 Rom.
769 5741 888 5792 vm,
923 5726 1007 5780 l0.
1086 5727 1131 5758 "
1172 5726 1365 5796 Ephes.
1406 5742 1443 5779 ll
1468 5767 1483 5789 ,
1521 5726 1604 5779 14.

427 5806 658 5867 ctscqq.
738 5796 1047 5853 υίωιηι.
1127 5794 1457 5851 “inausa.
1546 5796 1588 5827 δι
1622 5796 1756 5851 ibid.
1794 5796 1884 5849 εδ.
1964 5796 2008 5826 δ’
2043 5796 2175 5852 ibid.

2106 5440 2286 5484 autem
2339 5443 2449 5485 non
2510 5429 2690 5487 soluat
2745 5444 2804 5489 se
2844 5431 3111 5488 mundare
3141 5432 3436 5489 noluerunt
3478 5447 3509 5487 a
3547 5448 3678 5486 san-

2107 5522 2271 5593 guine
2313 5519 2539 5587 Christi,
2590 5521 2684 5577 sed
2715 5520 2881 5576 etiam
2915 5537 3081 5592 super
3111 5538 3169 5579 se
3201 5529 3561 5592 susceperunt
3589 5521 3679 5576 di-

1703 5726 1749 5799 ’_'
1788 5724 2197 5799 Matthaxsvn,
2236 5724 2360 5799 l9._
2389 5726 2440 5799 fi
2480 5723 2612 5799 Luc.
2652 5742 2762 5793 xvi,
2794 5726 2888 5793 22,
2918 5729 3011 5784 25.
3092 5728 3136 5762 ⁸³
3169 5728 3358 5785 Matth.
3394 5743 3579 5799 xxvn,
3608 5729 3678 5786 ‘20

2253 5796 2297 5827 ³³
2330 5796 2437 5850 ibid
2497 5798 2588 5851 ‘24.
