4112 6412
479 379 621 434 1⁵77ἓί

1631 367 1961 427 οιιιεεμηιε
1996 367 2061 424 IN
2105 366 2524 427 MATTHEUM

3584 372 3722 427 i776

465 502 680 551 centes:
705 490 929 564 Sanguis
943 493 1055 563 ejus
1068 506 1219 561 super
1233 497 1406 557 nos,et
1424 504 1576 558 super
1585 485 2024 557 ﬁliosnostros”.
2058 496 2101 554 Α
2130 485 2276 555 quod
2303 494 2357 541 et
2385 500 2485 540 nos
2510 498 2752 555 quaerere
2778 484 3067 541 voluerunt
3086 483 3289 539 exitum
3323 484 3489 540 reide
3518 501 3719 543 corona

462 585 693 656 Propter
726 585 828 639 hoc
873 584 950 639 rei
987 583 1112 637 facti
1160 589 1288 636 sunt
1317 594 1425 634 non
1465 579 1642 633 solum
1678 579 1733 632 in
1766 578 2034 648 unguine

460 676 874 746 prophetarum,
898 673 991 728 sed
1015 672 1302 742 implentcs
1322 683 1637 724 mensuram
1667 680 1879 738 patrum
1897 682 2031 722 suo-

462 783 610 831 rum,
635 766 762 821 lacti
791 774 917 821 sunt
950 763 1025 818 rei
1056 765 1111 818 in
1143 763 1411 833 sanguine
1439 760 1683 825 Christi,
1720 769 1778 813 ut
1806 759 2034 813 audiant

461 857 632 912 Deum
690 857 792 913 sibi
838 857 1106 912 dicentem
1134 856 1180 887 ³³
1212 873 1226 908 :
1264 853 1398 908 Cum
1454 850 1797 905 extenderitis
1842 866 2030 905 manus

459 959 658 1003 vestras
682 950 752 1001 ad
784 964 866 1002 me
886 990 902 1014 ,
933 957 1167 1002 avertam
1195 947 1374 1001 oculos
1407 962 1549 1000 nteos
1586 962 1620 1000 α
1643 943 1820 1008 vobis;
1842 958 2029 997 manus

455 1039 592 1092 enim
618 1050 805 1092 vestrae
828 1038 1083 1108 sanguine
1113 1037 1282 1107 plena:
1301 1045 1445 1092 sunt.
1476 1035 1768 1106 Propterea
1799 1034 2027 1105 sanguis

453 1128 582 1184 Jesu
620 1140 730 1183 non
758 1130 935 1183 solum
979 1143 1145 1197 super
1170 1142 1269 1183 eos
1299 1127 1478 1183 factus
1510 1136 1596 1183 est
1624 1127 1718 1196 qui
1750 1134 1881 1181 tunc
1915 1126 2032 1180 fite-

454 1222 604 1280 runt,
638 1234 829 1273 Verum
876 1219 1040 1272 etiam
1092 1232 1257 1286 super
1297 1231 1490 1271 omnes
1517 1214 1893 1286 generationes
1932 1212 2031 1266 Ju-

453 1313 693 1366 daeorum
719 1308 843 1381 post
875 1317 1166 1380 sequentes
1182 1322 1358 1377 usque
1382 1307 1449 1360 ad
1475 1305 2024 1361 consummationem.

451 1402 744 1473 Propterea
783 1416 957 1471 usque
997 1415 1144 1455 nunc
1176 1399 1373 1455 domus
1406 1412 1598 1453 eorum
1644 1396 1906 1453 derelicta
1945 1406 2029 1451 est

451 1499 533 1551 eis
556 1498 791 1551 deserta.
828 1494 1035 1548 Pilatus
1055 1502 1236 1546 autem
1259 1491 1462 1546 oblitus
1483 1490 1778 1545 verborum
1800 1503 2025 1544 suorum

452 1587 724 1640 bonorum
773 1585 977 1655 quibus
1027 1593 1269 1653 cmperat
1320 1579 1611 1638 defendere
1656 1580 2025 1635 innocentiam

451 1676 678 1743 Christi,
711 1674 990 1730 declinans
1020 1673 1086 1727 ad
1128 1672 1353 1737 malum,
1413 1685 1524 1726 non
1564 1671 1743 1727 solum
1805 1670 2028 1726 tradidit

446 1765 660 1834 Jcsum,
703 1765 798 1821 sed
842 1765 1006 1820 etiam
1041 1763 1267 1835 llagellis
1304 1778 1507 1819 caesum
1541 1762 1763 1818 tradidit
1795 1770 1854 1818 ut
1895 1778 2024 1817 cru-

447 1859 730 1929 citigerent
772 1872 921 1912 eum.

518 1949 640 2004 ηε.
674 1947 819 2003 Tunc
851 1947 1044 2001 milites
1075 1944 1322 2017 praesidis
1359 1952 1698 2014 susceperunt
1738 1942 1924 1998 Jesum
1974 1943 2029 1995 in

443 2042 772 2111 praetorium,
811 2050 860 2094 et
902 2046 1341 2110 congregaverant
1382 2036 1452 2090 ad
1484 2051 1603 2090 eum
1645 2044 1813 2089 totum
1841 2031 2028 2086 cohor-

445 2142 569 2200 tem,
599 2142 648 2187 et
671 2133 954 2207 induerunt
979 2147 1098 2184 eum
1125 2128 1453 2199 chlamydem
1476 2126 1797 2185 coccineam,
1829 2132 1877 2177 et
1909 2139 2029 2190 par-

442 2239 632 2293 puram
670 2221 1127 2277 circumdederunt
1164 2221 1235 2286 ei,
1268 2228 1319 2273 et
1358 2232 1604 2272 coronam
1644 2216 1706 2268 de
1743 2214 1908 2283 spinis
1935 2228 2025 2280 po-

443 2325 659 2370 suerunt
699 2329 856 2384 super
891 2320 1049 2383 caput
1085 2311 1222 2378 eius,
1266 2319 1316 2365 et
1352 2309 1668 2364 arundinem
1708 2306 1765 2359 in
1807 2306 2027 2360 dextera

441 2409 576 2480 ejus,
611 2417 660 2463 et
691 2406 1119 2478 adgcniculantes
1163 2419 1242 2470 se,
1273 2402 1589 2457 deludebant
1613 2415 1731 2454 eum
1760 2399 2025 2453 dicentes:

444 2503 568 2568 Are,
596 2514 691 2556 rea:
715 2497 1028 2554 Judxorum
1053 2497 1119 2550 ³⁸.
1154 2493 1460 2551 Verisimile
1482 2502 1585 2559 est,
1615 2501 1674 2546 ut
1704 2490 1757 2544 in
1794 2490 2027 2560 primor-

440 2595 545 2649 diis
568 2604 718 2648 rtunc
764 2591 977 2647 noviter
1013 2589 1178 2645 erecti
1226 2585 1600 2657 imperatoris,
1639 2582 1861 2647 milites,
1894 2595 2030 2634 non-

440 2687 569 2741 dum
623 2685 922 2755 disciplima
974 2682 1225 2738 ordinem
1277 2685 1668 2735 conservantes
1722 2674 2025 2739 decentem,

439 2787 593 2834 extra
617 2775 1069 2833 consuetudinem
1101 2770 1400 2841 disciplinae
1428 2783 1551 2839 qua:
1571 2782 1718 2822 nunc
1744 2773 1848 2833 est,
1883 2763 2028 2819 face-

438 2868 560 2926 rent
585 2872 639 2926 in
663 2869 1023 2932 Salvaturem,
1054 2864 1273 2935 quando
1302 2863 1633 2933 accipientes
1658 2874 1782 2914 eum
1810 2858 1864 2911 in
1891 2871 2027 2927 pra:-

438 2966 639 3021 torium
669 2966 1138 3034 congregaverant
1165 2965 1334 3011 totam
1365 2956 1670 3019 cohortem,
1697 2961 1752 3007 et
1782 2950 2028 3006 fecerunt

437 3073 563 3128 quas
592 3055 791 3111 fecisse
832 3054 1108 3117 dicuntur,
1145 3049 1328 3105 lusum
1369 3047 1473 3102 sibi
1509 3045 1698 3101 Jesum
1741 3042 2024 3107 facientes,

438 3156 659 3217 propter
689 3145 833 3215 quod
866 3144 1184 3234 nominatus
1213 3139 1393 3195 fuerat
1422 3154 1518 3193 rex
1536 3131 2028 3234 Judaeoruszgo
2053 3181 2095 3234 ϐ

436 3248 617 3293 autem
654 3245 786 3306 puto
833 3235 1033 3290 milites
1059 3231 1274 3297 fecisse,
1303 3228 1659 3298 operantibus
1690 3225 1745 3278 in
1797 3239 1857 3279 se
1886 3223 2024 3276 invi.

437 3330 687 3386 sibilibus
732 3329 970 3400 regibus,
1004 3333 1060 3378 et
1110 3320 1445 3393 principibus
1478 3315 1663 3374 saeculi
1699 3316 1885 3383 hujus,
1924 3313 2018 3381 qui

437 3426 713 3479 astiterunt
751 3430 801 3475 et
845 3420 1195 3473 convenerunt
1235 3413 1288 3465 in
1332 3422 1496 3462 unum
1539 3406 1791 3460 adversus
1840 3402 2020 3456 Domi-

436 3534 561 3572 num
603 3524 652 3569 et
699 3514 949 3568 adversus
990 3507 1260 3564 Christum
1295 3500 1408 3571 ejus
1434 3499 1500 3566 ³⁷,
1540 3506 1602 3553 ιιι
1648 3495 1896 3552 videatur
1929 3492 2018 3548 illa

434 3598 645 3664 delusio
668 3619 858 3659 eorum
883 3601 1068 3672 potius
1096 3597 1266 3652 fuisse
1285 3608 1449 3664 quam
1481 3589 1799 3654 hominum;
1826 3600 2015 3640 eorum

376 3703 381 3707 ’
435 3714 617 3757 autem
668 3698 760 3769 qui
809 3711 914 3750 non
960 3699 1332 3763 cognoverunt
1378 3687 1432 3740 in
1478 3684 1567 3739 illa
1613 3679 2019 3752 dispensatione

435 3791 756 3865 sapientiora
791 3786 883 3841 Dei
912 3803 925 3840 :
959 3781 1019 3839 Si
1043 3783 1180 3838 enim
1209 3778 1589 3848 cognovissent,
1621 3787 1887 3843 nunquam
1911 3768 2019 3823 Do-

436 3862 637 3940 minum
666 3877 957 3946 maiestatis
988 3874 1380 3943 cruciﬁxissent
1415 3869 1480 3922 ⁸⁸.
1517 3866 1658 3938 Ergo
1696 3864 1894 3919 cohors
1927 3862 2017 3915 illa

437 3972 752 4048 mysterium
783 3981 900 4025 erat
925 3967 1132 4023 militiae
1160 3962 1395 4033 alicujus
1426 3959 1695 4029 malignae.
1725 3954 1792 4010 Et
1817 3969 2016 4023 exspo-

436 4046 705 4122 liaverunt
730 4077 856 4117 eum
890 4060 1211 4116 vestimenta
1241 4056 1364 4126 ejus
1392 4067 1514 4123 quae
1535 4049 1826 4105 desursum
1860 4046 2020 4101 habe-

434 4160 545 4220 bat,
584 4154 819 4209 tunicam
868 4148 1276 4211 incon-sutilem,
1332 4153 1387 4200 et
1429 4143 1660 4207 stolam;
1711 4141 1827 4194 haec
1869 4138 2013 4192 enim

436 4246 752 4302 vestimenta
786 4244 905 4315 ejus
951 4242 1077 4296 talia
1108 4235 1363 4294 describit
1401 4232 1681 4289 Joannes:
1725 4239 1777 4285 et
1826 4228 2015 4282 indue-

435 4347 564 4395 runt
608 4353 731 4393 eum
771 4333 1090 4390 deludentes
1127 4336 1350 4400 propter
1399 4337 1598 4381 nomen
1645 4322 1766 4391 ejus
1811 4319 2011 4390 regale,

434 4429 743 4485 coccineam
764 4423 1127 4495 chlamydem,
1147 4435 1253 4473 non
1277 4416 1638 4487 intelligentes
1658 4412 1802 4483 quod
1826 4419 2012 4480 agunt.

434 4522 529 4577 llla
560 4529 741 4575 autem
775 4517 1027 4573 coccinea
1072 4512 1319 4582 chlamys
1353 4507 1671 4579 mysterium
1698 4513 1814 4559 erat
1837 4500 2015 4557 cocci-
2052 4531 2092 4583 Β

437 4615 521 4668 nei
564 4610 705 4681 signi
735 4608 881 4680 quod
911 4604 1173 4672 Scriptum
1206 4611 1289 4656 est
1321 4600 1374 4654 in
1415 4598 1544 4653 Jesu
1586 4594 1733 4650 Nave
1764 4596 1830 4660 ³³,
1865 4592 2010 4663 quod

432 4707 498 4759 ad
531 4704 762 4759 salutem
803 4711 959 4756 suam
1000 4692 1193 4748 habuit
1220 4692 1312 4745 illa
1353 4689 1525 4753 Raab,
1558 4696 1614 4742 et
1646 4686 1699 4739 in
1743 4683 1937 4740 Genesi
1968 4682 2013 4714 “

432 4796 577 4869 quod
623 4794 827 4849 factum
858 4797 941 4846 est
985 4789 1039 4844 in
1087 4799 1200 4841 uno
1241 4783 1476 4839 filiorum
1519 4777 1760 4869 Thamar
1790 4776 1857 4830 ad
1875 4789 2010 4869 Ama-

433 4863 563 4941 num
593 4881 887 4945 nascentis,
919 4892 980 4934 ut
1011 4890 1236 4932 coccum
1263 4872 1575 4941 alligaretur
1603 4867 1658 4923 in
1684 4866 1841 4935 signo
1869 4863 2015 4918 futu-

435 4992 507 5031 rae
530 4973 801 5046 passionis
825 4968 1053 5027 Christi.
1081 4967 1224 5036 Ergo
1248 4974 1302 5020 ει
1328 4976 1473 5017 nunc
1498 4958 1802 5028 suscipiens
1832 4952 2016 5046 Domi:

434 5044 543 5123 nus
570 5065 880 5122 coccineam
905 5057 1269 5131 chlamydem,
1302 5057 1357 5110 in
1382 5070 1441 5110 se
1468 5050 1788 5120 sanguinem
1824 5044 2013 5101 mundi

429 5155 689 5228 suscepit,
732 5161 788 5209 et
821 5153 874 5206 in
921 5151 1109 5221 spinea
1160 5147 1250 5203 illa
1295 5158 1499 5201 corona
1547 5138 1789 5207 suscepit
1830 5135 2018 5228 spinas

431 5225 775 5323 peccatorum
803 5254 1111 5300 nostrorum
1147 5242 1383 5296 intextas
1406 5236 1458 5289 in
1493 5231 1668 5302 capite
1700 5242 1821 5284 suo.
1855 5226 1919 5281 Et
1947 5225 2017 5281 de

429 5342 716 5412 chlamyde
738 5338 1000 5408 scriptum
1030 5346 1113 5391 est
1139 5332 1399 5405 quoniam
1431 5329 1611 5383 denuo
1645 5322 2020 5412 spoliaverunt

427 5449 553 5488 eum
583 5409 925 5501 chlamydem
955 5427 1303 5489 coccineam;
1337 5421 1405 5474 de
1442 5431 1644 5474 corona
1687 5420 1868 5468 autem
1908 5409 2015 5478 spi-

432 5538 531 5577 nea
589 5522 722 5578 nihil
772 5520 878 5575 talc
926 5517 1273 5587 evangelista:
1321 5511 1677 5581 scripserunt,
1722 5513 2010 5575 propterea

2134 577 2320 648 spinea
2363 577 2529 632 semel
2574 576 2828 646 imposita
2871 586 2927 630 et
2975 590 3253 645 nunquam
3303 575 3572 631 detracta.
3598 577 3722 653 ‘Ego

2134 666 2299 736 igitur
2324 665 2560 720 arbitror
2582 664 2843 735 quoniam
2879 666 3067 734 spim-a
3103 664 3192 718 illa
3222 677 3426 719 corona
3455 679 3717 720 consum-

2135 767 2224 827 pta
2249 766 2335 813 est
2359 772 2390 811 a
2416 760 2594 826 capite
2614 755 2768 822 Jesu,
2796 765 2855 811 ut
2890 756 3003 826 jam
3036 772 3141 811 non
3174 756 3286 810 sint
3316 757 3489 827 spinae
3517 769 3721 814 nostra!

2132 847 2391 918 antiquae,
2422 855 2712 919 postquam
2741 847 2911 902 semel
2941 862 3036 902 eas
3062 863 3092 901 a
3119 847 3279 903 nobis
3311 848 3538 903 abstulit
3557 846 3722 905 Jcsus

2134 954 2298 1010 super
2327 938 2633 995 venerabile
2668 946 2835 1007 caput
2875 952 3060 992 suum.
3108 936 3165 992 Si
3214 946 3400 993 autem
3436 948 3491 994 et
3531 940 3599 994 de
3629 954 3722 995 ca-

2133 1030 2277 1086 lamo
2316 1043 2478 1099 quem
2527 1037 2828 1099 posuerunt
2871 1029 2924 1082 in
2958 1028 3177 1083 dextera
3210 1029 3352 1099 ejus,
3394 1028 3599 1098 aliquid
3637 1028 3720 1084 di-

2130 1135 2254 1176 cere
2281 1121 2557 1185 convenit,
2590 1119 2904 1191 hujusmodi
2947 1120 3183 1174 dicimus
3226 1121 3521 1176 rationem.
3552 1118 3716 1176 Cala-

2112 1227 2254 1293 mus
2278 1226 2410 1283 ergo
2448 1212 2536 1266 ille
2563 1213 2881 1282 mysterium
2924 1210 3024 1264 fuit
3049 1211 3247 1281 sceptri
3270 1211 3393 1265 vani
3430 1221 3484 1266 et
3507 1210 3715 1281 fragilis

2131 1317 2297 1371 super
2325 1316 2489 1371 quem
2520 1301 2969 1357 incumbebamus
2999 1317 3190 1356 omnes
3233 1301 3551 1371 priusquam
3596 1318 3714 1357 cre-

2131 1393 2388 1448 deremus
2422 1404 2697 1463 sceptrum
2737 1392 2984 1463 maligni.
3029 1391 3456 1448 Cortfidebamus
3478 1394 3623 1448 enim
3657 1392 3715 1448 in

2128 1484 2279 1553 virga
2307 1484 2574 1538 calamina
2602 1481 2840 1554 Egypti,
2866 1483 2948 1537 vel
2972 1481 3284 1555 Babylonis,
3314 1484 3395 1538 vel
3426 1485 3718 1554 cujuscun-

2128 1588 2234 1645 que
2281 1575 2433 1645 regni
2464 1574 2729 1630 contrarii
2763 1582 2954 1630 contra
3002 1589 3226 1644 regnum
3273 1574 3391 1641 Dei,
3424 1583 3478 1630 et
3504 1574 3719 1645 accepit

2128 1665 2399 1720 calamum
2433 1665 2584 1719 illum
2621 1674 2678 1721 et
2702 1665 2910 1736 virgam
2943 1664 3148 1736 fragilis
3186 1666 3337 1736 regni
3367 1666 3432 1720 de
3461 1665 3719 1721 manibus

2130 1759 2354 1821 nostris,
2381 1768 2441 1813 ut
2474 1759 2767 1828 triumphet
2797 1773 2944 1823 eum,
2975 1758 3141 1829 920
3167 1767 3221 1812 et
3265 1768 3517 1813 conterat
3554 1758 3610 1813 in
3648 1758 3717 1812 li-

2058 1845 2100 1900 Β
2129 1864 2235 1919 gno
2272 1850 2489 1913 crucis;
2515 1859 2572 1905 et
2610 1866 2709 1920 pro
2752 1851 2964 1906 calamo
3005 1850 3098 1905 illo
3142 1849 3311 1919 priori
3344 1864 3509 1919 super
3549 1864 3714 1920 quem

2131 1940 2284 2008 prius
2333 1942 2809 2006 recumbebamus,
2853 1941 3002 1997 dedit
3046 1940 3204 1995 nobis
3248 1949 3524 2010 sceptrum
3562 1938 3716 2010 regni

2130 2030 2392 2096 caelestis,
2421 2041 2476 2086 et
2512 2033 2716 2104 virgam
2760 2033 2830 2087 de
2865 2048 2972 2103 qua
3002 2032 3264 2101 scriptum
3301 2040 3385 2086 est
3427 2030 3508 2082 διε
3558 2028 3715 2099 Virga

2129 2121 2421 2190 aequitatis,
2447 2124 2595 2193 virga
2630 2123 2775 2194 regni
2811 2123 2919 2187 tui;
2957 2122 3038 2177 vel
3068 2123 3277 2193 virgam
3309 2136 3432 2192 quae
3456 2119 3717 2189 corripiat

2128 2229 2224 2269 eos
2265 2212 2359 2284 qui
2389 2228 2527 2283 opus
2554 2213 2755 2268 habent
2778 2213 3139 2283 correptione,
3167 2213 3233 2268 de
3259 2228 3368 2283 qua
3399 2211 3532 2267 dicit
3567 2212 3714 2282 Apo-

2129 2296 2300 2359 stolus
2322 2303 2369 2335 “
2396 2319 2410 2355 :
2439 2303 2581 2369 Quid
2604 2303 2802 2358 vultis?
2826 2304 2881 2358 in
2908 2305 3056 2373 virga
3072 2303 3276 2357 veniam
3304 2304 3373 2356 ad
3400 2318 3487 2357 uos
3505 2304 3531 2358 γ
3562 2302 3718 2357 Dedit

2131 2393 2286 2448 nobis
2324 2400 2379 2448 et
2405 2393 2657 2448 baculum
2690 2403 2748 2449 ut
2780 2393 3117 2448 celebremus
3146 2391 3378 2458 Pascha,
3410 2394 3713 2450 secundant

2127 2486 2271 2555 quod
2301 2485 2563 2556 scriptum
2594 2495 2676 2541 est
2706 2486 2792 2538 “:
2830 2483 3022 2538 Baculi
3057 2487 3213 2538 vestri
3254 2485 3310 2539 in
3345 2485 3592 2541 manibus
3626 2502 3713 2540 ve-

2127 2576 2253 2629 stris
2278 2575 2420 2640 siut;
2453 2583 2514 2629 ut
2535 2574 2871 2629 celebremus
2903 2572 3113 2629 Pascha
3146 2575 3481 2644 deponentes
3508 2574 3713 2646 virgam

2128 2666 2326 2721 calami
2363 2681 2482 2720 eam
2521 2681 2684 2734 quam
2737 2664 3071 2720 habebamus
3108 2665 3426 2735 priusquam
3469 2665 3712 2722 celebra—

2130 2772 2313 2813 remus
2346 2754 2560 2811 Domini
2605 2755 2835 2812 Pascha.
2870 2755 3187 2811 Percutiunt
3224 2765 3405 2811 autem
3449 2772 3572 2812 eum
3611 2756 3715 2813 hoc

2128 2846 2309 2918 fragili
2341 2856 2394 2903 et
2426 2863 2568 2903 vano
2600 2848 2812 2904 calamo
2848 2855 3012 2917 caput
3042 2844 3171 2902 Jesu
3218 2846 3547 2914 venerabile,
3572 2862 3711 2918 quo-

2129 2940 2273 2995 niam
2301 2948 2356 2995 et
2383 2955 2600 3009 semper
2628 2954 2855 3009 regnum
2899 2936 3031 2992 illud
3077 2937 3413 2992 contrarium
3443 2938 3715 2993 conviciat

2126 3042 2180 3087 et
2205 3030 2454 3086 verberat
2480 3030 2648 3086 Deum
2676 3029 2917 3097 Patrem,
2941 3038 3102 3099 caput
3134 3029 3350 3085 Domini
3390 3027 3710 3086 Salvatoris.

2129 3122 2195 3178 Et
2222 3124 2275 3178 in
2315 3124 2398 3179 his
2443 3123 2699 3179 omnibus
2733 3124 3009 3193 unigenita
3038 3124 3212 3177 virtus
3242 3122 3419 3177 nocita
3467 3138 3572 3177 non
3606 3132 3712 3190 est,

2128 3215 2271 3269 sicut
2313 3229 2414 3270 nec
2452 3229 2610 3283 passa
2643 3223 2726 3268 est
2758 3214 2982 3282 aliquid,
3029 3214 3167 3269 facta
3213 3230 3312 3284 pro
3360 3214 3516 3269 nobis
3547 3216 3713 3268 malc—

2126 3304 2353 3368 dictum,
2388 3319 2511 3358 cum
2543 3303 2860 3357 naturaliter
2898 3305 3202 3359 benedictio
3230 3314 3374 3359 esset
3402 3320 3415 3355 :
3455 3305 3548 3361 sed
3583 3321 3708 3359 cum

2127 3391 2431 3446 benedictio
2471 3400 2633 3454 esset,
2671 3392 3032 3460 consumpsit,
3072 3402 3125 3446 et
3167 3393 3421 3457 absolvit,
3447 3403 3502 3447 et
3545 3395 3710 3449 dissi-

2126 3481 2272 3551 pavit
2303 3496 2519 3536 onmem
2565 3481 2996 3536 maledictionem
3030 3483 3346 3537 humanam.

2197 3575 2319 3630 1:26.
2362 3573 2623 3630 Ezeuntes
2663 3583 2838 3627 autem
2885 3574 3187 3628 invenerunt
3239 3574 3501 3628 hominem
3546 3573 3706 3643 Cyre-

2124 3682 2319 3731 narum,
2369 3668 2576 3721 nomine
2627 3663 2948 3720 Simonem:
2992 3664 3130 3718 hunc
3177 3666 3589 3736 anguriaverunt
3650 3674 3707 3719 ut

2126 3757 2331 3812 tolleret
2373 3773 2580 3813 crucem
2616 3762 2730 3828 ejus
2753 3757 2820 3811 “.
2868 3757 3021 3813 Sicut
3062 3757 3207 3813 enim
3253 3758 3551 3815 secundum
3601 3768 3711 3815 tres

2123 3850 2482 3921 evangelistas
2531 3859 2772 3906 tentatur
2805 3866 2835 3906 a
2882 3850 3104 3908 diabolo
3152 3849 3356 3908 Jesus:
3403 3852 3706 3908 secundum

2122 3938 2387 3996 Joannem
2410 3952 2615 4007 autem,
2640 3941 2734 4011 qui
2762 3942 3026 4012 spiritalis
3054 3950 3265 3999 naturae
3290 3942 3409 4012 ejus
3437 3941 3568 3998 fecit
3594 3960 3709 4000 ser—

2125 4047 2365 4096 monem,
2394 4046 2502 4087 non
2537 4041 2777 4089 tentatur
2804 4049 2819 4085 :
2853 4049 2953 4089 nec
2977 4034 3123 4089 enim
3148 4042 3386 4089 tentatur
3410 4036 3630 4097 veritas,
3655 4045 3711 4090 et

2124 4124 2255 4191 vita,
2280 4134 2333 4179 et
2377 4124 2725 4191 resurrectio,
2759 4134 2814 4180 ct
2842 4125 3025 4180 lumen
3070 4140 3298 4181 verum:
3336 4127 3429 4181 scd
3460 4127 3707 4181 tentaba-

2121 4223 2212 4285 tur
2234 4217 2536 4271 secundum
2568 4215 2843 4271 hominem
2870 4232 3032 4287 quem
3058 4227 3374 4287 susceperat
3394 4218 3711 4289 unigenilus

2123 4304 2300 4372 Deus;
2332 4306 2412 4361 sic
2439 4307 2738 4361 secundum
2761 4305 3028 4363 Joannem
3053 4308 3273 4376 quidem
3305 4307 3577 4373 Salvator,
3612 4309 3708 4363 im-

2122 4397 2455 4467 ponentibus
2485 4398 2567 4453 eis
2601 4398 2695 4468 qui
2721 4409 3085 4469 susceperunt
3113 4415 3262 4466 eum,
3296 4415 3515 4455 crucem
3549 4415 3707 4456 suam

2124 4496 2348 4556 portans
2372 4500 2628 4556 egressus
2660 4498 2744 4542 est
2782 4487 2836 4541 in
2879 4488 3061 4544 locum
3090 4489 3185 4560 qui
3214 4490 3415 4545 dicitur
3443 4490 3710 4548 Calvariae

2122 4579 2295 4639 locus,
2333 4578 2633 4633 secundum
2670 4578 2909 4650 reliquos
2937 4588 3119 4636 autem
3149 4580 3253 4637 sibi
3284 4596 3405 4636 eam
3441 4598 3548 4637 non
3577 4599 3706 4652 por-

2119 4679 2215 4726 tat.
2247 4669 2522 4726 Exeuntcs
2546 4671 2694 4725 enim
2736 4670 2831 4741 qui
2853 4671 3125 4728 ducebant
3147 4686 3271 4729 eum
3300 4673 3367 4728 ad
3385 4674 3707 4745 crucifigen-

2119 4763 2272 4824 dum,
2303 4763 2628 4819 invenerunt
2654 4762 2948 4833 quemdam
2994 4761 3337 4837 Cyrenarum,
3373 4764 3593 4819 nomine
3619 4761 3707 4820 Si—

2121 4872 2363 4923 monem,
2394 4872 2557 4928 quem
2601 4857 3027 4928 angariaverunt
3076 4863 3137 4910 ut
3173 4854 3445 4924 acciperet
3485 4869 3704 4910 crucem

2119 4950 2344 5005 Christi.
2384 4948 2502 5005 Non
2535 4958 2715 5004 autem
2753 4950 2931 5004 solum
2983 4945 3319 5003 Salvatorem
3350 4944 3703 5000 conveniebat

2121 5043 2369 5112 accipere
2401 5056 2620 5097 crucem
2645 5055 2826 5104 suam,
2859 5039 2956 5096 sed
2981 5047 3037 5095 et
3069 5052 3169 5094 nos
3191 5036 3547 5093 conveniebat
3579 5052 3708 5106 por-

2122 5146 2239 5190 tare
2265 5150 2409 5200 eam,
2449 5134 2745 5190 salutarem
2791 5132 2953 5188 nobis
2990 5130 3271 5202 angariam
3320 5126 3701 5198 adimplcntes.

2122 5223 2234 5282 Nec
2266 5227 2460 5282 iterum
2505 5234 2685 5280 autem
2722 5224 2802 5280 sic
2835 5221 3193 5295 prodilicandi
3240 5218 3525 5277 fueramus
3576 5235 3703 5275 cru-

2125 5331 2242 5372 cem
2278 5314 2399 5385 ejus
2428 5313 2777 5387 accipientes,
2808 5323 3074 5383 quantum
3106 5308 3275 5367 modo
3312 5310 3704 5381 prodillcamur

2123 5424 2153 5464 a
2186 5422 2351 5464 cruce
2382 5407 2523 5478 ejus,
2549 5422 2674 5464 cum
2700 5415 2755 5461 et
2792 5406 2907 5475 ipse
2947 5404 3050 5459 sibi
3080 5402 3314 5473 accipiat
3341 5417 3462 5459 eam
3488 5412 3542 5457 et
3577 5415 3705 5470 por-

2123 5508 2216 5555 tet.
2275 5498 2499 5566 Quteres
2549 5498 2619 5561 si,
2661 5497 2962 5554 mundum
3008 5505 3237 5560 textum,
3286 5504 3578 5566 utrumque
3618 5502 3703 5548 est

501 5727 544 5757 “
566 5728 760 5809 piatur.
786 5742 959 5789 xxv",
985 5726 1138 5809 ‘25.“
1153 5724 1198 5755 ³⁸
1234 5721 1350 5809 ξεηᾶ
1378 5719 1532 5809 1,.15.
1609 5714 1876 5809 "ablatus;
1906 5727 2024 5809 Illa:

2125 5708 2183 5763 Π
2215 5716 2270 5763 ει
2296 5722 2449 5809 seqq.
2528 5706 2571 5738 ³⁷
2599 5704 2743 5760 Psal.
2772 5720 2831 5769 ιι,
2865 5702 2920 5758 2.
2997 5703 3043 5735 ³⁸
3069 5703 3088 5758 l
3117 5662 3243 5758 ἀοι.
3280 5717 3340 5764 ιι,
3377 5701 3434 5756 8.
3513 5700 3688 5754 "los.

2220 5780 2281 5809 οι
2433 5778 2451 5809 s
2482 5774 2630 5809 Πι-ΛΛ
2693 5791 2768 5809 νη
2825 5775 2881 5809 .n
3008 5774 3054 5805 tt
3091 5771 3259 5809 Μηηι.
3321 5786 3466 5809 τηου
3528 5771 3597 5809 39

432 5811 490 5848 ιι.
565 5798 608 5827 ⁶⁰
634 5798 765 5851 Gen.
803 5788 1042 5858 xxxviii,
1072 5794 1162 5847 27.
1240 5794 1283 5824 δι
1312 5790 1456 5845 Psal.
1497 5803 1640 5854 μιν,
1668 5788 1722 5840 7.

1825 5784 1870 5817 δ’
1905 5781 2076 5836 Ιιέοτ.
2120 5796 2193 5847 tv,
2220 5780 2312 5834 2|.

2481 5774 2656 5831 Exod.
2693 5791 2792 5833 xu.
2825 5775 2914 5829 ll.
3008 5774 3054 5805 “
3088 5771 3283 5828 Matth.
3319 5786 3492 5827 xxvtt.
3528 5771 3600 5825 52
