4112 6432
430 401 568 457 ΠἹἹ

1565 399 2217 458 COMMENTARIORUM
2256 403 2520 458 SlililES.

3553 408 3686 463 1778

431 523 656 588 factum,
684 531 738 578 et
772 539 878 577 non
906 523 1192 578 dissonant
1226 520 1327 575 sibi
1375 523 1719 592 evangelista:
1757 524 1824 576 ab
1871 523 2008 576 invi-
2039 529 2082 584 Α
2114 524 2316 594 gratias
2354 539 2541 595 agens,
2579 525 2862 594 discipulis
2889 526 3055 589 dedit,
3085 536 3139 581 et
3173 527 3426 596 promisit
3457 544 3514 584 se
3554 529 3686 583 bibi-

431 630 573 680 cem,
603 622 658 669 et
689 615 818 684 quid
847 630 1035 668 eorum
1071 613 1226 682 prius
1259 622 1342 667 est
1373 613 1571 668 factum
1599 629 1611 665 :
1643 621 1824 667 utrum
1862 613 2006 668 enim

432 706 523 773 qui
554 713 914 776 susceperunt
939 703 1125 760 Jesum
1162 703 1229 757 ad
1281 703 1706 774 crucifigendum
1740 714 1794 759 et
1835 704 2010 773 impo-

436 804 622 852 nentes
653 799 702 851 ei
753 810 994 858 crucem,
1033 804 1092 848 ut
1138 803 1362 863 portans
1391 810 1509 848 eant
1541 803 1698 849 exeat
1743 794 1795 848 in
1831 795 2011 849 locum

431 886 714 949 Calvariae,
746 887 849 941 hoc
876 887 1115 956 primum
1149 883 1394 940 fecerunt
1427 895 1718 954 antequam
1761 886 2012 955 angaria-

433 988 552 1033 rent
592 978 869 1033 Simonem
906 978 1224 1049 Cyrenazum
1251 995 1266 1033 :
1295 986 1391 1032 aut
1429 977 1634 1048 egressi
1670 977 1889 1046 quidem
1924 993 2018 1031 an-

433 1071 780 1140 gariaverunt
802 1071 1105 1135 Simonem,
1137 1069 1266 1125 facti
1301 1078 1487 1124 autem
1516 1071 1581 1124 ad
1611 1071 1792 1125 locum
1816 1070 1869 1124 in
1905 1085 2018 1140 quo

429 1174 554 1214 eunt
593 1160 813 1216 fuerunt
850 1161 1198 1228 suspensuri,
1234 1168 1535 1230 posuerunt
1561 1176 1783 1216 crucem
1820 1161 1870 1215 ei
1915 1155 2018 1230 ipsi

429 1260 491 1305 ttt
518 1251 635 1321 ipse
665 1267 785 1306 eam
819 1261 1080 1322 portaret.
1116 1252 1182 1306 Et
1211 1253 1303 1323 qui
1340 1263 1519 1323 potest
1541 1253 1837 1315 discutere,
1870 1268 2016 1321 qua:-

430 1351 517 1395 rat
555 1343 857 1398 discutiens
883 1344 936 1397 in
968 1353 1224 1413 utroque,
1257 1351 1317 1398 ut
1347 1344 1584 1398 inveniat
1625 1351 1808 1397 utrum
1854 1343 2014 1396 tinem

430 1433 711 1502 portandae
743 1435 926 1490 crucis
973 1435 1204 1503 accepit,
1253 1443 1348 1489 aut
1379 1436 1553 1505 magis
1592 1435 1884 1505 Cyrenaeus
1929 1432 2009 1488 Si-

430 1537 581 1586 mon,
617 1540 722 1578 non
773 1524 1000 1580 fortuitu
1038 1527 1378 1596 angariatus,
1427 1527 1519 1582 sed
1564 1526 1864 1582 secundum
1911 1525 2014 1580 ali-

429 1632 594 1686 quam
629 1617 694 1670 de
730 1631 798 1670 eo
833 1617 1231 1686 prtrscientiam
1278 1615 1392 1680 Dei,
1434 1618 1735 1672 secundum
1779 1617 2016 1686 disposi-

431 1709 635 1762 tionem
675 1707 770 1763 Dei
802 1709 999 1764 ductus
1034 1709 1101 1764 ad
1149 1710 1255 1765 hoc
1289 1718 1347 1763 ut
1389 1710 1697 1779 evangelica
1735 1709 2015 1778 Scriptura

2117 625 2298 669 turum
2330 631 2527 671 novum
2562 616 2739 686 ipsum
2777 617 2830 669 in
2858 632 3022 688 regno
3053 617 3169 672 Det.

2187 703 2309 759 128.
2355 703 2642 773 Postquam
2687 715 2863 759 autem
2906 707 3288 775 cruciﬁxernnt
3321 725 3462 773 eum,
3500 711 3686 764 divise.

2118 801 2240 846 runt
2281 793 2381 846 sibi
2427 795 2734 847 vestimenta
2773 794 2906 863 ejus,
2940 805 3133 850 sortem
3170 797 3431 852 mittentes
3457 815 3475 852 :
3517 809 3566 852 et
3603 817 3688 854 se-

2118 882 2295 936 dentes
2321 883 2594 937 servabant
2618 900 2737 938 eum
2763 885 2828 940 “.
2868 885 2933 940 Et
2958 896 3086 942 sunt
3115 902 3286 956 usque
3323 905 3468 943 nunc
3490 891 3581 958 qui
3608 890 3693 958 ip-

2121 988 2242 1028 sum
2273 973 2491 1042 quidem
2522 989 2628 1028 non
2657 973 2939 1041 habentes,
2957 978 3275 1032 vestimenta
3304 987 3506 1043 autem,
3529 981 3580 1033 id
3607 990 3690 1037 est

2121 1064 2283 1118 verba
2321 1062 2374 1116 in
2407 1062 2704 1133 Scripturis
2728 1065 2903 1134 posita
2933 1066 3150 1131 habent,
3178 1084 3278 1124 nec
3310 1069 3426 1138 ipsa
3465 1071 3529 1124 ad
3572 1072 3687 1139 ple-

2120 1171 2273 1221 num,
2300 1155 2393 1211 sed
2417 1171 2482 1211 ex
2511 1166 2683 1226 parte,
2708 1157 3065 1213 nihilominus
3095 1158 3198 1213 hoc
3227 1159 3403 1229 ipsum
3430 1162 3686 1230 propheta

2119 1246 2329 1300 dicente
2362 1247 2677 1316 mysterium
2710 1247 2855 1316 quod
2880 1263 3024 1302 nunc
3047 1261 3126 1302 est
3165 1249 3462 1318 impletum.
3497 1249 3689 1306 Utrum

2118 1345 2299 1391 autem
2323 1339 2660 1394 conscissutn
2682 1346 2765 1394 est
2790 1338 3006 1408 aliquod
3027 1341 3468 1397 vestimentorum
3494 1345 3612 1413 ejns
3635 1346 3690 1398 in

2116 1429 2206 1483 illa
2235 1429 2394 1500 921
2413 1430 2723 1499 partltione,
2743 1446 2812 1485 an
2834 1431 3036 1486 mansit
3051 1433 3479 1502 unumquodque
3497 1451 3690 1490 eorum

2117 1521 2388 1591 integrum
2433 1521 2575 1576 sicut
2607 1521 2727 1588 fuit,
2760 1529 2816 1576 et
2855 1522 3037 1591 qualia
3079 1521 3168 1576 illa
3217 1523 3539 1580 vestimenta
3571 1525 3690 1581 fue—

2118 1621 2278 1676 runt,
2329 1628 2438 1666 non
2480 1613 2712 1682 legimus
2756 1614 2900 1683 apud
2950 1623 3059 1670 tres
3105 1617 3508 1686 evangelistas:
3549 1618 3691 1687 apud

2117 1705 2382 1760 Joannem
2421 1714 2602 1760 autem
2638 1706 2932 1762 didicimus
2977 1710 3121 1778 quod
3155 1711 3355 1765 milites
3402 1721 3690 1780 postquam

430 1800 628 1870 dignus
659 1800 1017 1866 inveniretur,
1059 1810 1113 1855 et
1146 1801 1450 1856 ministerio
1487 1802 1667 1855 crucis
1697 1801 1926 1867 Christi,
1959 1801 2013 1855 in
2046 1807 2088 1862 Β
2118 1796 2506 1852 crucifixerunt
2527 1796 2827 1863 Christum,
2852 1808 3177 1868 acceperunt
3202 1800 3521 1856 vestimenta
3545 1803 3688 1871 ejus,

431 1906 540 1960 qua
573 1893 812 1947 mundus
850 1893 1189 1963 crucitigitur
1222 1894 1450 1958 sanctis,
1485 1903 1538 1947 et
1569 1893 1742 1947 sancti
1786 1892 2011 1948 mundo.

432 1981 663 2046 Quidam
719 1991 899 2037 autem
955 1994 1009 2038 et
1061 1984 1342 2038 moraliter
1394 1998 1668 2053 exponere
1725 1983 2018 2037 voluerunt

433 2073 578 2128 hunc
618 2073 796 2142 ipsum
840 2073 1120 2130 Simonem
1161 2074 1502 2146 Cyrenaeum,
1553 2091 1618 2129 ex
1649 2090 1714 2130 eo
1756 2075 1900 2144 quod
1950 2075 2018 2129 de

435 2163 714 2233 Pentapoli
747 2173 890 2220 esset
910 2164 1148 2235 Cyrenes
1177 2165 1474 2219 secundum
1509 2164 1734 2234 Libyam
1768 2165 1834 2227 ",
1875 2163 2017 2218 acci-

432 2253 642 2322 pientes
674 2255 1018 2310 occasionem
1054 2257 1122 2310 de
1163 2255 1418 2312 sensibus
1443 2256 1686 2326 quinque
1725 2266 1784 2311 ιιι
1809 2255 2014 2328 dicant,

430 2344 590 2412 quasi
636 2345 882 2416 quinque
932 2363 1129 2403 sensus
1186 2356 1539 2417 portaverunt
1591 2346 2017 2417 dispensationis

431 2436 579 2491 Illius
603 2452 840 2492 crucem.
867 2437 1057 2495 Simon
1081 2448 1261 2494 autem
1294 2440 1682 2509 interpretatur
1699 2437 2014 2492 obedientia.

430 2527 532 2580 Cui
573 2537 752 2582 autem
795 2531 968 2601 magis
1009 2531 1367 2586 conveniebat
1413 2539 1478 2584 ut‘
1519 2545 1735 2585 crucem
1797 2511 2015 2584 Christi

433 2628 670 2686 portaret
704 2621 808 2675 nisi
847 2623 1205 2677 obedientiaa?
1247 2631 1360 2688 aut,
1411 2623 1551 2678 sicut
1592 2622 1864 2677 secundus
1907 2620 2016 2676 Liaa

432 2709 576 2764 filius
605 2719 852 2774 vocatur,
880 2709 1162 2766 SimeOni?
1189 2711 1484 2781 Dupliciter
1507 2712 1652 2767 enim
1693 2711 1834 2781 apud
1869 2710 2016 2766 Cra:-

429 2817 526 2858 cos
557 2803 872 2858 nominatur
918 2811 972 2858 et
1010 2805 1342 2874 patriarcha,
1372 2814 1425 2859 et
1468 2803 1684 2866 Petrus,
1715 2804 2012 2858 secundum

431 2894 819 2963 proprietatem
864 2893 1115 2951 Hebraici
1169 2897 1462 2962 sermonis,
1511 2906 1571 2950 ut
1625 2896 1915 2950 conveniat
1964 2895 2013 2950 ei

431 2985 525 3055 qui
576 2986 649 3039 ita
697 2995 942 3053 vocatur,
986 2996 1046 3041 ut
1081 2997 1136 3042 et
1177 2987 1364 3042 Simon
1410 2987 1625 3042 dicatur
1668 2995 1722 3042 et
1767 2985 2010 3051 Simeon,

431 3077 692 3146 quoniam
725 3077 917 3132 iisdem
951 3078 1145 3134 litteris
1184 3079 1432 3133 scribunt
1475 3077 1686 3133 Hebraei
1718 3087 1773 3132 et
1803 3078 2016 3132 Simeo-

2116 1895 2171 1941 et
2200 1886 2449 1941 fecerunt
2471 1896 2706 1957 quatuor
2723 1897 2923 1958 partes,
2956 1889 3250 1960 unicuique
3274 1889 3429 1946 militi
3455 1902 3691 1961 partem.

2118 1977 2381 2034 Tunicam
2421 1988 2624 2046 autem,
2655 1982 2912 2050 quoniam
2957 1993 3074 2038 erat
3114 1999 3221 2039 non
3255 1986 3566 2052 consutilis,
3595 1989 3692 2043 sed

2118 2084 2148 2123 a
2182 2084 2401 2123 sursum
2429 2070 2632 2126 textilis
2665 2087 2760 2140 per
2799 2081 2994 2139 totum,
3025 2073 3281 2130 dixerunt
3310 2076 3377 2130 ad
3414 2075 3686 2130 invicem:

2122 2159 2244 2214 Non
2270 2161 2671 2216 conscindamus
2703 2179 2840 2229 eam,
2871 2165 2959 2219 sed
2989 2166 3282 2219 sortiantur
3305 2167 3369 2222 de
3397 2184 3459 2221 ea
3482 2168 3547 2221 δ’.
3571 2167 3690 2223 Non

2117 2266 2248 2321 ergo
2292 2267 2484 2309 omnes
2525 2267 2853 2324 acceperunt
2877 2273 2996 2312 eam
3018 2297 3032 2321 ,
3071 2257 3164 2311 sed
3201 2259 3293 2326 qui
3329 2259 3554 2316 sortitus
3585 2267 3688 2315 est.

2117 2342 2419 2412 Disputans
2462 2353 2641 2398 autem
2691 2345 2892 2415 aliquis
2929 2347 2995 2401 de
3033 2347 3333 2402 differentia
3379 2364 3566 2403 eorum
3598 2350 3692 2418 qui

2117 2436 2444 2491 vestimenta
2477 2435 2690 2490 Domini
2730 2437 2948 2502 habent,
2990 2439 3229 2493 inveniet
3257 2439 3375 2493 sine
3404 2439 3572 2493 dubio
3597 2439 3691 2509 qui

2117 2525 2172 2578 in
2198 2526 2543 2595 dogmatibus
2566 2526 2704 2593 suis,
2733 2526 2833 2580 etsi
2862 2541 2969 2580 non
3000 2527 3201 2582 habent
3222 2529 3420 2597 ipsum,
3447 2528 3690 2584 tunicam

2116 2623 2298 2670 tamen
2351 2617 2639 2670 desursum
2690 2617 2928 2671 textilem
2969 2632 3067 2686 per
3098 2625 3271 2672 totum
3319 2618 3564 2672 habent:
3599 2619 3690 2673 alii

2115 2713 2294 2759 autem
2340 2720 2440 2760 nec
2487 2706 2691 2775 ipsam,
2737 2705 2831 2761 sed
2879 2706 3118 2775 aliquam
3163 2707 3487 2775 particulam
3520 2709 3690 2764 vesti-

2115 2794 2281 2850 menti
2334 2796 2472 2866 ejus.
2531 2794 2596 2849 Et
2645 2795 2750 2851 hoc
2806 2796 3091 2853 considera
3147 2797 3330 2866 quod,
3386 2800 3687 2855 secundum

2113 2883 2424 2940 Matthaaum
2456 2887 2503 2918 ⁸ο
2529 2887 2770 2958 quidem,
2799 2886 2959 2943 Jesus
3009 2887 3282 2956 accipiens
3315 2897 3526 2943 acetum
3562 2905 3688 2944 cum

2115 2975 2238 3032 felle
2270 2978 2591 3046 pertnistum
2639 2979 2900 3049 gustavit,
2931 2987 2986 3033 et
3016 2978 3194 3033 noluit
3239 2978 3453 3044 bibere;
3488 2995 3688 3034 secun-

2114 3069 2245 3123 dum
2276 3069 2517 3125 Marcum
2554 3078 2736 3124 autem
2768 3071 2836 3139 5‘,
2867 3086 2990 3126 cum
3029 3071 3250 3127 daretur
3274 3071 3322 3127 ei
3349 3071 3690 3141 myrrhatum

432 3168 521 3222 nis
552 3183 749 3222 nomen
783 3177 837 3223 et
869 3166 1128 3223 Simonis.
1159 3169 1339 3225 Locus
1371 3181 1550 3224 autem
1585 3170 1849 3224 Calvariaa
1879 3169 2016 3225 dici-
2039 3135 2084 3192 ϐ
2117 3161 2327 3226 Vinum.
2361 3176 2470 3215 ῐιοη
2493 3161 2721 3231 accep“-

431 3268 520 3313 tur
551 3274 661 3314 non
707 3260 1144 3330 qualemcunque
1193 3259 1655 3330 dispensationem
1700 3258 1921 3325 habere,
1957 3269 2017 3314 ut

432 3349 542 3404 illic
589 3350 682 3419 qui
723 3365 825 3419 pro
869 3351 1181 3405 hominibus
1209 3348 1507 3403 moriturus
1541 3346 1737 3412 fuerat,
1775 3343 2017 3402 morere—

432 3450 542 3496 tur.
573 3440 734 3496 Venit
775 3441 920 3495 enim
957 3441 1024 3495 ad
1060 3456 1146 3494 me
1189 3438 1408 3494 traditio
1441 3437 1688 3507 quaedam
1728 3437 1850 3492 talis
1875 3437 2014 3509 (89),

429 3531 576 3600 quod
611 3547 810 3600 corpus
839 3531 968 3585 Adae
1004 3529 1163 3599 primi
1211 3528 1448 3584 hominis
1500 3527 1573 3582 ibi
1610 3527 1882 3596 sepultum
1929 3536 2016 3582 est

431 3623 522 3676 ubi
552 3622 848 3677 crucifixus
875 3629 960 3677 est
982 3621 1257 3689 Christus,
1283 3627 1343 3674 ut
1365 3620 1507 3674 sicut
1532 3619 1587 3672 in
1620 3617 1792 3672 Adam
1823 3633 2016 3672 omnes

430 3714 760 3778 moriuntur,
805 3713 886 3767 sic
932 3713 987 3766 in
1032 3712 1253 3767 Christo
1305 3725 1494 3764 omnes
1541 3707 1882 3763 vivificentur
1926 3707 2011 3761 “z

430 3815 491 3861 ut
528 3806 583 3860 in
615 3805 734 3860 loco
771 3804 862 3858 illo
896 3803 990 3872 qui
1020 3803 1222 3857 dicitur
1243 3800 1508 3856 Calvaria:
1533 3799 1707 3866 locus,
1735 3798 1786 3853 id
1818 3806 1901 3853 est
1935 3797 2014 3851 lo-

429 3911 522 3949 cus
565 3895 780 3964 capitis,
827 3901 992 3964 caput
1036 3891 1260 3947 hutnani
1301 3891 1517 3961 generis
1560 3889 2010 3944 resurrectionem

431 3986 670 4042 inveniat
712 4001 837 4042 cum
879 3985 1080 4056 populo
1121 3983 1376 4039 universo
1417 3998 1514 4052 per
1555 3981 2012 4036 resurrectionem

431 4077 646 4132 Domini
675 4076 992 4141 Salvatoris,
1025 4075 1117 4145 qui
1154 4075 1226 4130 ibi
1254 4089 1448 4144 passus
1472 4081 1574 4138 est,
1607 4080 1660 4126 et
1691 4070 2008 4126 resurrexit.

429 4166 821 4224 lnconvenieus
844 4167 989 4223 enim
1019 4173 1139 4221 erat
1163 4173 1224 4220 ut
1252 4180 1375 4220 curn
1409 4162 1565 4218 multi
1587 4178 1652 4217 ex
1689 4179 1754 4218 eo
1785 4162 1894 4217 nati
1927 4178 2012 4217 re—

432 4258 750 4314 missionem
804 4259 1116 4327 acciperent
1160 4263 1534 4328 peccatorum,
1588 4261 1644 4309 et
1687 4252 2010 4307 beneficium

431 4349 849 4404 resurrectionis
879 4356 1365 4418 consequerentur,
1402 4361 1510 4401 non
1563 4347 1736 4414 magis
1765 4345 1879 4415 ipse
1909 4344 2011 4400 Pa-

2190 3251 2312 3306 129.
2348 3251 2417 3305 Et
2458 3253 2692 3308 sedentes
2724 3255 3002 3308 servabant
3032 3270 3150 3307 eum
3194 3255 3268 3308 ibi
3290 3255 3356 3310 δ’.
3394 3253 3458 3308 Et
3487 3254 3691 3310 milites

2117 3345 2334 3414 quidem
2380 3344 2673 3399 servabant
2715 3359 2937 3415 corpus,
2981 3344 3241 3399 submissi
3285 3361 3316 3398 a
3353 3344 3691 3414 principibus

2118 3433 2500 3498 sacerdotum,
2553 3433 2710 3504 quasi
2764 3432 3056 3490 furandum
3103 3449 3135 3488 a
3169 3433 3452 3502 discipulis
3488 3434 3610 3502 ejus
3645 3433 3690 3486 si

2117 3541 2225 3579 non
2279 3536 2623 3593 servaretur;
2688 3525 3024 3594 dispensatio
3089 3532 3269 3578 autem
3339 3523 3691 3578 resuscitavit

2115 3629 2262 3676 eum,
2305 3627 2355 3670 et
2408 3626 2574 3671 testes
2622 3615 3036 3670 resurrectionis
3087 3613 3206 3684 ejus
3253 3630 3375 3670 esse
3424 3615 3550 3670 fecit
3580 3632 3688 3672 non

2114 3707 2254 3761 duos
2298 3715 2528 3772 tantum,
2572 3715 2667 3759 aut
2711 3715 2857 3769 tres,
2913 3703 3009 3759 sed
3052 3703 3224 3758 multo
3271 3706 3474 3774 plures.
3528 3703 3690 3763 Visus

2113 3803 2198 3850 est
2226 3794 2370 3849 enim
2403 3793 2618 3864 Cephaa,
2643 3801 2828 3863 postea
2858 3792 2965 3847 illis
2995 3792 3267 3855 undecim,
3297 3792 3490 3848 deinde
3522 3810 3692 3864 appa.

2114 3885 2224 3941 ruit
2253 3885 2485 3955 amplius
2515 3899 2677 3954 quam
2719 3883 3030 3954 quingentis
3072 3881 3356 3949 fratribus,
3388 3887 3689 3944 novissime

2111 3988 2292 4034 autem
2325 3977 2570 4033 omnium
2619 3976 2788 4032 Paulo
2820 3977 2888 4032 ⁵³.
2915 3976 2984 4031 Ει
3011 3992 3119 4032 non
3152 3985 3272 4032 erat
3301 3979 3574 4034 modicum
3610 3981 3687 4036 si-

2111 4087 2278 4143 gnum
2328 4071 2744 4128 resurrectionis
2776 4070 2894 4141 ejus
2936 4069 3082 4140 quod
3127 4085 3158 4123 a
3193 4071 3360 4126 tantis
3397 4080 3482 4127 est
3511 4071 3684 4139 visus,

2112 4165 2200 4221 his
2248 4165 2340 4236 qni
2391 4173 2749 4235 susceperunt
2779 4165 3077 4234 periculum
3123 4174 3182 4218 ut
3222 4164 3515 4232 praedicent
3553 4181 3681 4220 eum

2111 4259 2378 4314 viventem
2412 4258 2465 4311 in
2495 4256 2708 4327 populis
2740 4256 2833 4326 qui
2866 4256 3131 4326 petierant
3171 4271 3296 4311 eum
3339 4256 3404 4310 ad
3435 4271 3674 4315 crucem.

2112 4350 2179 4406 Et
2221 4367 2366 4406 nunc
2408 4351 2534 4404 novi
2584 4349 2856 4418 principes
2905 4349 3275 4415 sacerdotum,
3311 4349 3557 4404 videlicet
3588 4351 3683 4406 utii

429 4445 514 4491 ter
556 4435 799 4490 omnium
842 4435 1128 4490 hominum
1175 4435 1486 4505 hujusmodi
1538 4434 1766 4505 gratiam
1817 4449 2009 4491 conse-
2041 4463 2084 4518 υ
2115 4440 2420 4510 principum
2479 4438 2718 4502 illorum,
2766 4439 2992 4492 verbum
3042 4439 3287 4494 veritatis
3335 4440 3572 4509 positum
3627 4440 3682 4494 in

429 4536 706 4597 queretur.

500 4618 623 4673 127.
651 4618 720 4672 Et
749 4618 1003 4674 dederunt
1027 4620 1076 4673 ei
1097 4627 1303 4674 acetum
1326 4619 1497 4674 bibere
1527 4620 1649 4689 felle
1671 4621 1906 4674 mistum.
1936 4618 2006 4674 Et

428 4726 548 4764 cum
582 4718 864 4780 gustasset,
901 4709 1068 4764 noluit
1098 4695 1269 4763 bibere
1292 4709 1359 4764 ".
1393 4708 1703 4763 Sulliciebat
1732 4709 1876 4762 enim
1905 4725 2005 4762 no~

427 4801 513 4857 bis
554 4813 612 4857 ut
659 4809 870 4856 tantum
917 4810 1163 4872 gustaret
1201 4815 1300 4870 pro
1347 4799 1524 4865 nobis,
1574 4800 1718 4856 sicut
1770 4808 1998 4854 mortem

427 4893 590 4948 tridui
622 4893 880 4964 temporis
921 4908 1028 4947 non
1067 4893 1389 4962 longiorem,
1420 4893 1500 4948 sic
1536 4901 1593 4947 et
1625 4901 1837 4948 aceturn
1881 4891 2003 4946 felle

427 4988 768 5055 permistum.
804 4987 961 5042 Aliud
1007 4995 1185 5040 autent
1235 4985 1418 5040 vinum
1461 4998 1570 5039 non
1615 4985 1834 5040 mistum
1875 4999 1998 5039 cum

429 5075 552 5131 felle
579 5095 676 5135 nec
702 5095 824 5134 cum
871 5079 1054 5148 aliquo
1081 5076 1379 5138 contrario,
1421 5075 1628 5146 accepit
1659 5085 1713 5130 et
1756 5075 1912 5140 bibit,
1947 5087 2000 5131 et

2117 4531 2415 4601 Scripturis
2466 4529 2793 4599 crucillgunt
2844 4529 2997 4585 falsis
3042 4531 3479 4600 expositionibus
3529 4533 3680 4597 suis,

2111 4631 2165 4678 et
2213 4623 2472 4678 occidunt
2525 4621 2851 4688 mendaciis;
2909 4623 3132 4677 verbum
3183 4632 3362 4678 autem
3413 4623 3680 4685 veritatis,

2107 4715 2234 4785 quia
2270 4715 2410 4783 apud
2458 4714 2581 4767 illos
2624 4714 2843 4781 quidem
2887 4715 3173 4779 occiditur,
3224 4716 3357 4770 vivit
3391 4725 3571 4771 autem
3624 4716 3677 4770 in

2108 4820 2205 4858 sua
2236 4815 2452 4864 natura,
2485 4816 2700 4870 semper
2749 4801 2973 4869 invenit,
3016 4813 3072 4856 et
3115 4803 3264 4871 eligit
3316 4803 3422 4858 sibi
3459 4819 3587 4858 vasa
3623 4805 3677 4858 in

2107 4895 2306 4966 quibus
2337 4901 2602 4962 resurgat,
2633 4901 2688 4946 et.
2715 4893 2892 4955 vivat,
2920 4901 2974 4947 et
3003 4893 3184 4948 adhuc
3216 4893 3514 4949 confundat
3544 4911 3678 4951 suos

2108 4978 2517 5046 interfectores,
2577 4979 2778 5036 multis.
2820 4979 3147 5036 testimoniis
3203 4982 3382 5038 vivere
3443 4985 3674 5040 demon-

2106 5081 2359 5128 stratum.

502 5255 546 5285 "
579 5255 663 5310 Cf.
699 5261 815 5313 Act.
853 5277 914 5322 tt,
946 5259 1030 5314 10.
1107 5255 1184 5311 ⁸⁸1
1213 5258 1339 5313 Cor.
1376 5275 1467 5321 ιν,
1497 5257 1587 5312 ‘22.
1664 5260 1707 5290 ⁸⁷
1726 5260 1910 5314 Matth.
1942 5277 2010 5314 xx

2137 5261 2226 5315 34.
2303 5262 2348 5293 ⁸³
2374 5261 2504 5315 ibid.
2540 5260 2629 5324 55,
2659 5260 2746 5314 56.
2826 5259 2871 5292 “
2897 5258 3056 5314 Joan.
3087 5274 3201 5324 χιι,
3234 5259 3325 5314 24.
3403 5259 3450 5292 ⁸ο
3483 5257 3672 5315 Matth.

434 5340 605 5389 xxv",
637 5326 728 5382 34.
827 5331 870 5363 ⁵⁸
907 5329 1074 5384 Marc.
1111 5344 1213 5393 xv,
1258 5329 1347 5384 25.

501 5511 617 5583 (89)
667 5512 814 5568 Venit
839 5517 926 5587 ad
961 5535 1040 5572 me
1071 5518 1288 5572 traditio
1325 5517 1570 5587 quantum
1600 5518 1723 5571 talis
1749 5558 1762 5578 ,
1801 5528 1906 5574 etc.
1943 5519 1999 5573 In

428 5581 621 5659 Camn}
677 5599 782 5659 ms.
816 5585 1000 5659 Graeca
1039 5590 1199 5641 verba
1253 5581 1626 5659 htecexstant
1669 5604 1681 5639 :
1726 5589 1863 5659 Περὶ
1905 5588 2001 5642 τοῦ

429 5652 670 5728 [(-ρανίου
695 5653 870 5728 3:61:09
901 5650 1060 5728 ἦλθεν
1086 5658 1456 5728 εἰςῌὴμᾶςνὸτι
1475 5727 1481 5728 γ
1501 5655 1736 5728 Ἑϐραίρι
1773 5650 2000 5728 πὶιραδι-

430 5718 647 5794 Magn),
691 5718 773 5776 ὅτι
817 5723 876 5776 τὺ
918 5718 1074 5794 ὰῶμα
1112 5718 1422 5794 τὸῦ”⁹Λ8.³εμ
1469 5718 1882 5780 ὲκεῖτέθαπταξι
1917 5730 2002 5781 ἵνα

432 5791 553 5847 tusi.
578 5794 634 5846 ἐν
667 5794 748 5864 τῷ
784 5794 948 5847 Ἆδὰυ.
974 5791 1166 5859 τέάντες
1204 5791 1625 5857 ἁποθνῖτσκουσι,
1660 5798 1817 5851 πάλιν
1844 5801 1901 5851 ὲν
1926 5796 2004 5866 τῷ

1424 5330 1468 5360 ⁸³
1501 5327 1694 5382 Matth.
1733 5345 1914 5396 xxvtt,
1943 5331 2030 5385 56.

2104 5332 2153 5362 ⁸³
2184 5331 2199 5384 I
2227 5329 2354 5387 Cor.
2392 5347 2491 5396 xv,
2522 5331 2638 5386 5—7.

2105 5522 2325 5594 Χριστῷ
2356 5523 2554 5587 πάντες
2589 5523 2983 5594 ζωποψθῶσι.
3021 5522 3092 5578 De
3124 5521 3395 5594 Calvarite
3414 5521 3531 5594 loco
3553 5535 3670 5586 per-

2104 5591 2241 5647 re’nit
2268 5591 2336 5646 ad
2369 5611 2461 5647 nos
2495 5596 2714 5648 traditio
2749 5591 3114 5655 Hebraeorum,
3147 5609 3333 5659 corpus
3364 5591 3533 5644 Adam
3562 5607 3672 5642 esse

2105 5665 2178 5718 ibi
2208 5665 2471 5732 sepultum
2495 5704 2511 5727 ,
2547 5675 2604 5716 ut
2645 5666 2783 5718 sicut
2828 5666 2882 5717 in
2929 5665 3097 5717 Adam
3141 5679 3315 5717 omnes
3353 5662 3670 5725 moriuntur,

2107 5751 2287 5789 rursus
2320 5735 2372 5788 in
2403 5733 2613 5789 Christo
2641 5751 2815 5789 omnes
2849 5735 3189 5803 vieiﬁcentttr.
