4112 6410
433 400 454 452 1
471 397 572 455 779

1590 396 1913 453 ORIGENIS
1953 395 2018 450 IN
2055 394 2474 454 MATTIIEUM

3540 398 3561 451 1
3575 399 3674 453 τεο

505 511 627 566 150.
684 511 755 567 Et
807 512 1166 582 imposuerunt
1219 529 1373 582 super
1419 524 1576 583 caput
1631 517 2000 582 ejus‘causam
2031 516 2072 571 Α
2100 513 2252 580 pedes
2287 528 2425 564 meos
2453 513 2518 575 ",
2549 519 2602 566 ct
2644 526 2752 566 non
2795 511 3135 581 blaSphemat
3161 509 3372 569 Jesum.
3407 512 3464 568 Si
3492 524 3673 568 autem

429 604 543 670 ejus
592 606 846 673 scriptam
877 621 896 658 :
923 603 1028 657 Hic
1067 617 1145 658 est
1195 604 1386 667 Jesus,
1438 619 1530 658 rex
1577 603 1890 658 Juawerum
1933 604 2001 658 “.

433 694 562 748 Sive
592 696 900 760 occasione,
931 695 1047 750 sive
1079 697 1326 762 veritate,
1358 695 1608 751 Christus
1641 712 1734 750 rex
1763 711 1999 766 pronun-

431 784 618 850 tiatur,
646 793 699 839 et
728 785 906 838 omnis
957 785 1135 838 littera
1173 801 1396 853 regnum
1447 786 1568 855 ejus
1603 795 1853 852 testatur,
1887 787 2004 843 sive

430 871 764 937 Grmcorum,
799 873 915 928 sive
949 873 1339 940 Romanorum,
1370 875 1484 929 sive
1509 875 1919 941 llebraicorum,
1949 885 2002 931 et

428 979 528 1033 pro
564 978 766 1019 corona
822 978 986 1034 super
1037 972 1200 1035 caput
1260 966 1378 1034 ejus
1429 967 1736 1036 scriptum:
1780 969 1882 1022 Hic
1922 979 2000 1023 est

425 1051 617 1116 Jesus,
669 1067 762 1106 res:
804 1046 1136 1107 Iudaeorum.
1189 1051 1256 1106 Et
1313 1068 1438 1108 cum
1492 1056 1640 1110 nulla
1694 1058 1999 1112 inveniatur

427 1153 592 1196 causa
619 1141 724 1196 alia
760 1141 954 1196 mortis
977 1142 1118 1211 ejus,
1157 1156 1256 1197 nec
1285 1142 1429 1197 enim
1457 1152 1596 1210 erat,
1626 1144 1739 1198 haec
1766 1141 1995 1200 habetur

426 1233 542 1286 sola
571 1248 584 1284 :
623 1229 734 1286 Rex
766 1231 868 1287 fuit
893 1230 1239 1298 Iudaeorum;
1269 1235 1337 1289 de
1374 1249 1482 1304 qua
1522 1235 1735 1291 locutus
1767 1244 1870 1300 est,
1906 1237 1992 1290 di-

426 1335 557 1375 cens
581 1322 628 1353 "
656 1337 670 1374 :
705 1321 819 1392 Ego
852 1333 1029 1377 autem
1057 1325 1371 1379 constitutus
1396 1340 1514 1378 sunt
1543 1340 1632 1379 rea:
1663 1326 1728 1378 ab
1757 1342 1817 1380 eo
1841 1343 1998 1396 super

429 1409 561 1464 Sion
599 1419 828 1465 montem
853 1421 1094 1466 sanctum
1119 1413 1256 1481 ejus.
1288 1412 1354 1466 Et
1380 1413 1634 1484 princeps
1658 1414 1877 1484 quidem
1910 1431 1998 1471 sa-

426 1501 708 1556 cerdotum
741 1506 1040 1557 secundum
1086 1503 1316 1558 litteram
1359 1503 1492 1573 legis
1530 1505 1780 1574 portabat
1815 1507 1866 1560 in
1897 1522 1986 1562 ca-

425 1587 536 1656 pite
565 1603 667 1645 suo
703 1589 936 1646 fortnam
970 1592 1134 1662 signi,
1169 1601 1223 1646 et
1259 1593 1742 1650 sanctificationem
1777 1595 1994 1651 Domini

425 1680 682 1748 scriptam
731 1681 786 1734 in
826 1682 1086 1736 metallo:
1130 1699 1289 1739 verus
1323 1691 1502 1738 autem
1537 1687 1789 1756 princeps
1812 1704 1994 1743 sacer-

423 1768 608 1824 dotum
656 1778 710 1825 et
755 1785 845 1825 rex
898 1770 1057 1826 lesus
1101 1774 1156 1826 in
1199 1787 1362 1828 cruce
1389 1775 1606 1843 quidem
1651 1777 1812 1833 habet
1852 1779 1992 1834 scri-

2106 602 2384 668 cccidcrit,
2429 611 2524 656 aut
2552 603 2905 672 praeterierit,
2945 603 3027 656 vel
3060 603 3365 666 transierit,
3396 604 3478 657 vel
3507 605 3675 657 decli-

2105 692 2335 754 naverit,
2365 700 2492 744 tunc
2537 705 2662 745 cum
2698 691 3061 760 blasphemat.
3094 691 3246 745 Sicut
3274 691 3452 746 adhuc
3493 693 3586 761 qui
3620 693 3672 744 in

2104 780 2245 834 mala
2296 795 2458 849 opera
2513 779 2856 843 ceciderunt,
2900 789 2953 833 et
3005 780 3148 834 sicut
3193 781 3286 848 qui
3338 781 3675 850 reliquerunt

2104 872 2365 925 terminos
2393 879 2628 924 aeternos
2666 879 2720 924 ct
2751 871 2892 924 viam
2927 869 3183 925 Ecclesiae
3214 871 3473 937 caelestis,
3499 882 3554 925 et
3575 872 3673 925 llu-

2103 968 2377 1024 ctuantur,
2412 967 2466 1012 et
2492 958 2950 1012 circumferuntur
2976 959 3039 1012 ab
3068 960 3210 1013 omni
3237 970 3386 1014 vento
3416 962 3674 1016 doctrina:

2100 1053 2155 1106 in
2191 1052 2412 1121 fallacia
2442 1053 2732 1118 hominum,
2781 1051 2836 1104 in
2877 1052 3104 1114 astutia,
3149 1053 3216 1105 ad
3258 1053 3545 1106 remedium
3587 1071 3671 1108 er-

2101 1143 2236 1197 roris
2269 1144 2334 1197 ⁶¹.
2371 1141 2572 1199 Omnes
2609 1143 2752 1198 enim
2795 1141 3028 1197 haereses
3064 1151 3451 1212 praetereuntes
3494 1153 3548 1198 et
3577 1146 3668 1198 de-

2099 1233 2366 1287 clinantes
2399 1247 2520 1287 esse
2556 1233 2600 1286 si
2631 1231 3015 1302 quisdiserit,
3064 1245 3171 1284 non
3218 1233 3494 1301 peccabit;
3545 1247 3667 1302 pro-

2098 1333 2278 1393 pterea
2312 1323 2458 1393 quod
2499 1335 2551 1378 et
2581 1323 2682 1392 ipsi
2724 1324 2864 1378 inter
2894 1333 3280 1394 praetereuntes
3313 1325 3579 1380 habentur
3614 1333 3668 1380 ct

2097 1413 2481 1483 blasphemant
2507 1411 2693 1468 Jesum
2714 1453 2730 1479 ,
2771 1430 2881 1468 non
2926 1414 3190 1470 habentes
3223 1425 3389 1484 caput
3418 1416 3663 1479 ﬁrmum,

2099 1506 2192 1561 sed
2223 1517 2500 1562 moventes
2531 1507 2710 1577 ipsum
2743 1521 2962 1563 sursum
2991 1517 3043 1562 et
3070 1507 3324 1562 deorsum
3358 1527 3374 1562 :
3408 1511 3665 1578 quoniam

2097 1612 2204 1650 non
2237 1606 2366 1652 sunt
2395 1599 2708 1666 prudentes,
2736 1614 2837 1654 nec
2877 1599 3080 1655 habent
3110 1599 3295 1656 oculos
3327 1615 3456 1655 suos
3487 1601 3538 1652 in
3571 1614 3664 1653 ca-

2095 1689 2206 1757 pite
2237 1705 2360 1755 suo,
2409 1690 2464 1744 in
2500 1706 2611 1759 quo
2641 1691 2838 1745 habere
2879 1691 3198 1757 debuerant,
3229 1691 3552 1746 Ecclesiaste
3581 1690 3663 1744 di-

2095 1789 2252 1833 cente
2277 1780 2324 1810 ³³
2350 1798 2362 1832 :
2398 1778 2661 1850 Sapientis
2685 1781 2825 1835 oculi
2850 1784 2903 1836 in
2926 1785 3098 1852 capite
3123 1783 3236 1852 ejus
3265 1792 3406 1836 sunt.
3436 1781 3662 1834 Prmtcr-

422 1870 574 1929 ptum
606 1877 619 1913 :
654 1860 759 1915 Hic
791 1872 868 1917 est
896 1878 988 1916 rea:
1010 1862 1353 1931 Iudaeorum,
1385 1866 1684 1922 ascendens
1709 1879 1890 1924 autem
1925 1871 1992 1925 ad
2023 1859 2065 1912 Β
2093 1871 2336 1923 euntium
2387 1885 2517 1940 ergo
2556 1880 2609 1924 et
2651 1871 3042 1926 declinantium
3081 1873 3244 1942 922
3273 1888 3411 1942 opus
3458 1880 3540 1925 est
3571 1867 3661 1923 Je—

422 1949 658 2017 Patrem,
695 1960 749 2007 et
775 1953 1084 2024 suscipiens
1121 1955 1337 2012 Patrem
1375 1958 1431 2011 in
1465 1972 1526 2013 se
1571 1973 1671 2028 pro
1718 1960 1914 2016 litteris
1939 1969 1994 2016 et

419 2057 525 2111 pro
546 2045 772 2099 nomine
794 2044 955 2100 habet
984 2046 1077 2115 qui
1103 2047 1435 2116 nominatur,
1468 2058 1523 2104 et
1553 2049 1713 2106 habet
1743 2067 1868 2107 eum
1895 2068 1992 2108 co-

362 2145 370 2150 ·
419 2147 634 2199 ranam,
667 2144 722 2190 et
767 2137 966 2208 dignus
995 2154 1060 2193 eo
1099 2138 1344 2208 ell'ectus,
1372 2149 1428 2196 et
1459 2141 1656 2198 domus
1690 2143 1788 2198 Dei
1815 2145 1992 2202 Patris

419 2228 581 2298 digna
635 2229 895 2298 eﬂ'ectus,
945 2231 1096 2287 solus
1155 2233 1480 2291 sufﬁcienter
1526 2235 1742 2293 Patrem
1799 2255 1991 2311 capere

418 2328 616 2389 potest.

489 2411 614 2465 151.
663 2411 808 2467 Tunc
853 2416 1229 2485 cruci/icerant
1278 2434 1396 2471 cum
1449 2435 1508 2472 eo
1542 2421 1673 2474 duos
1720 2421 1987 2490 latrones,

418 2517 582 2557 um
611 2519 644 2556 α
676 2505 903 2572 dextris,
939 2517 988 2560 et
1034 2524 1193 2560 unum
1225 2523 1257 2561 a
1302 2510 1534 2564 sinistris
1574 2513 1640 2567 ⁸⁸.
1681 2511 1990 2571 Crucil‘lxus

422 2595 558 2650 inter
589 2596 831 2652 latrones
860 2598 1125 2655 Dominus
1159 2601 1300 2656 sicut
1334 2603 1436 2671 ipsi
1482 2603 1722 2660 latrones
1749 2606 1990 2677 implevit

417 2685 754 2756 prophetiam
789 2686 1058 2744 dicentem
1087 2691 1156 2745 de
1188 2705 1248 2746 se
1275 2690 1319 2722 ⁸⁷
1350 2706 1363 2744 :
1397 2691 1464 2745 Et
1510 2708 1628 2747 cum
1673 2695 1870 2767 iniquis
1906 2711 1989 2751 re-

414 2784 631 2846 putatus
673 2788 784 2844 est;
824 2789 878 2834 et
910 2789 993 2835 est
1024 2782 1209 2838 videre
1249 2781 1548 2855 discipulos
1591 2786 1712 2857 ejus
1741 2787 1989 2846 testimo«

415 2869 568 2922 nium
599 2869 794 2925 dantes
837 2872 1062 2927 culturae
1114 2873 1210 2928 Dei
1244 2889 1369 2944 quae
1401 2888 1500 2945 per
1527 2892 1650 2933 eum
1693 2889 1776 2935 est
1809 2882 1985 2936 intro-

414 2963 598 3027 ducta,
629 2978 755 3019 cum
793 2965 994 3035 iniquis
1023 2968 1282 3036 reputari,
1325 2977 1380 3024 et
1423 2983 1550 3026 cum
1590 2971 1672 3026 eis
1715 2973 1982 3044 crucifigi,

365 3125 373 3138 ι
414 3062 510 3110 aut
538 3057 819 3125 passiones
844 3057 1080 3128 reliquas
1110 3062 1403 3129 sustinere,
1437 3064 1581 3119 sicut
1608 3074 1662 3120 et
1695 3067 1792 3123 illi.
1825 3066 1983 3122 Mun-

2093 1974 2217 2013 sum
2262 1959 2640 2030 blaSphemare
2666 1959 2862 2015 Filium
2897 1961 3011 2027 Dei,
3039 1967 3168 2033 quia
3209 1978 3357 2016 nemo
3388 1963 3444 2015 in
3469 1960 3662 2029 spiritu

2091 2050 2344 2120 loquens,
2398 2051 2528 2104 dicit
2583 2052 2865 2108 anathema
2925 2053 3054 2109 Jesu
3110 2054 3174 2106 “.
3225 2052 3432 2108 Diversi
3481 2060 3659 2105 autem

2091 2141 2583 2210 bla'sphcmantiuu.
2615 2158 2894 2199 sermones
2921 2144 3204 2212 habentur,
3235 2161 3467 2216 quorum
3495 2164 3660 2202 unum

2089 2243 2174 2288 est
2200 2234 2600 2302 blasphemum,
2626 2236 2771 2302 quod
2801 2234 3004 2289 dicitur
3030 2235 3098 2290 ab
3126 2236 3207 2291 eis
3240 2238 3333 2306 qui
3364 2253 3470 2292 non
3506 2239 3663 2292 intel-

2091 2326 2264 2394 ligunt
2307 2339 2407 2380 nec
2451 2324 2690 2379 audiunt.
2728 2339 2851 2394 qua:
2893 2325 3174 2390 dicuntur,
3222 2342 3323 2382 nec
3350 2328 3422 2382 de
3461 2329 3662 2398 quibus

2090 2419 2400 2473 allirmant:
2433 2415 2598 2473 Iesus
2621 2419 2768 2472 enim
2803 2418 2940 2473 dixit
2975 2435 2988 2470 :
3031 2417 3228 2473 Solvite
3263 2419 3514 2488 templum
3540 2421 3658 2484 hoc,

2088 2520 2136 2564 et
2161 2523 2254 2580 ego
2286 2511 2342 2563 in
2371 2510 2546 2563 triduo
2575 2508 2842 2563 suscitabo
2871 2508 3010 2562 illud
3039 2510 3105 2563 ⁸⁸.
3140 2509 3531 2566 Praetereuntes
3562 2526 3660 2565 au-

2091 2609 2222 2667 tem,
2255 2601 2408 2670 quasi
2443 2599 2565 2654 falsi
2596 2608 2781 2666 testes,
2811 2608 3001 2655 contra
3023 2598 3208 2655 Jesum
3232 2600 3488 2656 dicebant
3511 2602 3656 2670 quod

2088 2708 2195 2747 non
2231 2701 2349 2747 erat
2377 2691 2580 2745 dictum
2613 2690 2681 2746 de
2720 2704 2809 2758 eo,
2839 2699 3152 2760 appetentes
3195 2705 3322 2746 eum
3353 2709 3366 2744 :
3422 2689 3532 2744 Vah
3568 2691 3659 2760 qui

2085 2786 2311 2841 destruit
2345 2785 2591 2854 templum
2622 2782 2740 2851 Dei,
2763 2795 2811 2837 et
2840 2785 2894 2837 in
2920 2784 3095 2838 triduo
3122 2783 3410 2853 rewdiﬁcat
3431 2783 3567 2836 illud
3589 2783 3655 2839 ⁸⁸.

2086 2875 2204 2930 Non
2234 2875 2382 2930 enim
2421 2874 2536 2944 ipse
2567 2873 2802 2929 destruit
2832 2874 3114 2944 templum,
3138 2873 3232 2928 sed
3262 2873 3408 2944 quod
3437 2873 3528 2928 alii
3561 2873 3656 2928 de—

2087 2975 2309 3023 struunt
2343 2966 2459 3034 ipse
2486 2964 2756 3020 aediﬁcat:
2787 2964 2900 3019 sive
2931 2964 3190 3034 templum
3225 2965 3505 3035 proprium
3533 2978 3656 3018 cor-

2085 3060 2254 3130 poris,
2285 3057 2427 3128 quod
2465 3073 2494 3111 a
2538 3055 2740 3112 ludatis
2785 3055 2964 3111 fuerat
3018 3057 3274 3112 traditum
3310 3057 3494 3120 morti,
3543 3056 3658 3112 sive

411 3145 516 3200 dus
541 3146 710 3214 enim,
735 3157 786 3203 et
808 3149 1032 3218 spiritus
1055 3151 1149 3222 qui
1186 3154 1238 3206 in
1269 3167 1334 3207 eo
1362 3161 1467 3218 est,
1496 3169 1742 3212 summos
1770 3173 1984 3227 semper
2011 3187 2053 3244 ο
2088 3149 2347 3219 templum
2392 3148 2612 3203 testium
2662 3162 2888 3204 suorum
2937 3157 2991 3202 et
3039 3150 3282 3204 omnium
3316 3148 3410 3219 qui
3451 3147 3656 3202 habue-

411 3239 760 3308 persequitur
793 3239 938 3296 viros
959 3281 975 3308 ,
1008 3248 1063 3296 et
1111 3243 1268 3311 punit
1302 3243 1522 3299 malitiae
1564 3246 1784 3313 quidem
1832 3261 1982 3302 sum-

409 3340 532 3381 mos
564 3335 783 3397 propter
821 3327 1110 3384 utilitatem
1141 3330 1438 3384 multorum
1475 3346 1490 3383 :
1519 3344 1766 3386 summos
1798 3342 1980 3388 autem

407 3416 649 3482 virtutis,
673 3419 935 3490 quoniam
983 3433 1093 3474 non
1120 3428 1206 3476 est
1233 3419 1432 3489 dignus
1473 3419 1711 3476 mundus
1761 3421 1864 3477 iste
1901 3423 1983 3478 eis

407 3507 504 3577 qui
549 3521 658 3563 non
689 3509 1038 3566 considerant
1081 3522 1205 3579 quae
1249 3509 1518 3576 videntur,
1574 3510 1667 3565 sed
1703 3527 1825 3581 quae
1871 3526 1979 3567 non

407 3599 660 3654 videntur
687 3615 702 3653 :
731 3607 787 3656 et
816 3608 1172 3656 contemnunt
1201 3614 1349 3665 eum,
1384 3600 1526 3656 sicut
1555 3608 1610 3655 et
1647 3601 1776 3656 olim
1807 3604 1980 3659 sancti

406 3691 750 3750 ambulantes
799 3693 854 3748 in
900 3693 1133 3759 melotis,
1182 3702 1236 3749 ct
1279 3695 1332 3749 in
1366 3695 1620 3765 pellibus,
1656 3707 1710 3751 et
1764 3697 1818 3750 in
1853 3712 1980 3767 spe-

406 3783 604 3852 luncis,
631 3793 687 3841 et
717 3787 774 3840 in
805 3784 975 3841 foveis
1007 3793 1184 3852 terras,
1217 3797 1451 3857 queram
1486 3797 1592 3841 n0n
1635 3797 1752 3843 erat
1780 3787 1980 3859 dignus

405 3875 643 3930 mundus
665 3875 732 3929 ⁸⁸.

481 3964 602 4019 ιω.
635 3963 988 4019 Transeuntes
1017 3975 1194 4020 autem
1233 3966 1663 4036 blasphemabant
1708 3985 1826 4023 eum
1862 3986 1978 4022 ma-

403 4061 578 4107 nentes
625 4054 801 4122 capita
835 4069 953 4118 sua,
983 4066 1034 4108 et
1074 4056 1303 4110 dicentes
1331 4074 1350 4110 :
1403 4054 1511 4110 Vah
1542 4059 1631 4127 qui
1673 4058 1979 4113 destruebas

407 4143 678 4213 templum,
709 4155 758 4198 et
798 4145 853 4198 in
883 4146 1064 4200 triduo
1090 4147 1470 4217 retediﬁcabas.
1506 4146 1696 4201 Libera
1729 4149 1973 4217 teipsum.

404 4232 470 4289 Si
514 4233 691 4289 Filius
722 4236 820 4289 Dei
867 4252 942 4302 es,
991 4237 1243 4292 descende
1284 4238 1349 4292 de
1392 4253 1562 4292 cruce.
1616 4238 1878 4293 Similiter
1923 4249 1974 4293 et

402 4325 666 4395 principes
694 4327 1353 4391 sacerdotum,deludentes
1387 4345 1506 4381 eum
1531 4344 1650 4382 cum
1675 4328 1898 4392 Scribis,
1927 4340 1976 4384 et

403 4417 723 4484 senioribus,
753 4428 801 4472 et
843 4415 1135 4474 Pharisieis
1177 4420 1466 4473 dicebant:
1496 4419 1645 4473 Ali-os
1678 4420 1849 4475 salvos
1892 4421 1974 4490 fe-

2085 3250 2213 3295 runt
2241 3240 2465 3296 verbum
2514 3239 2608 3294 Dei
2652 3240 2707 3293 in
2755 3255 2850 3306 se,
2893 3247 2949 3294 et
2989 3256 3055 3295 ex
3101 3241 3314 3296 insidiis
3362 3239 3653 3310 impiorum

2083 3340 2304 3400 propter
2347 3328 2598 3396 pietatem
2644 3330 2848 3383 mortui
2887 3338 3033 3384 sunt.
3092 3329 3242 3384 Venit
3287 3330 3432 3385 enim
3483 3329 3654 3395 hora,

2081 3417 2296 3487 quando
2323 3430 2502 3470 omnes
2530 3418 2620 3486 qui
2663 3416 2722 3468 in
2758 3419 3110 3471 monumentis
3141 3427 3293 3481 sunt,
3323 3418 3540 3470 audient
3566 3434 3654 3470 uo-

2082 3522 2193 3560 cem
2225 3504 2359 3559 Filii
2394 3503 2527 3572 Dei,
2571 3513 2622 3558 et
2653 3514 2918 3573 resurgent
2949 3505 3015 3559 ⁸⁷.
3045 3504 3111 3558 Et
3151 3520 3263 3559 non
3290 3504 3466 3559 solum
3498 3505 3553 3557 in
3586 3517 3653 3556 eo

2081 3598 2228 3669 quod
2251 3597 2505 3654 dicebant
2537 3615 2551 3653 ε
2577 3597 2682 3662 Qui
2704 3595 2930 3648 destruit
2965 3595 3238 3664 templum,
3267 3593 3477 3649 mentiti
3501 3602 3648 3658 sunt,

2082 3689 2176 3746 sed
2225 3690 2392 3744 etiam
2441 3689 2575 3744 illud
2623 3687 2768 3758 quod
2813 3687 3112 3743 dixerunt:
3157 3687 3227 3742 Et
3261 3703 3353 3758 ego
3388 3688 3444 3741 in
3471 3687 3648 3742 triduo

2081 3781 2412 3850 rcazdiﬁcabo
2458 3781 2650 3851 ipsum.
2686 3775 2796 3832 Nec
2841 3779 2988 3834 enim
3033 3780 3172 3837 dixit
3197 3779 3648 3835 resediiicaturutn

2081 3887 2142 3928 se
2177 3872 2461 3942 templum,
2491 3873 2583 3928 sed
2625 3872 3095 3926 resuscitaturum.
3131 3869 3324 3926 Sermo
3350 3869 3495 3924 enim
3522 3868 3652 3922 aedi—

2080 3963 2353 4019 licationis
2395 3979 2503 4018 non
2543 3965 2783 4019 ostendit
2825 3963 3171 4017 subitaneum
3214 3974 3388 4030 Opus,
3418 3957 3647 4012 suscita.

2083 4055 2247 4108 tionis
2277 4061 2458 4108 autem
2511 4053 2766 4107 ostendit.
2803 4051 2872 4105 Et
2903 4051 2996 4122 qui
3049 4051 3270 4119 quidem
3313 4047 3651 4110 decidebant,

2078 4145 2333 4200 dicebant
2373 4161 2386 4196 :
2439 4143 2605 4199 Salva
2645 4148 2907 4213 teipsum;
2955 4143 3072 4213 ipse
3119 4149 3334 4203 autem,
3379 4138 3652 4207 accipiens

2081 4239 2336 4292 virtutem
2371 4253 2400 4291 a
2430 4236 2615 4302 Patre,
2643 4245 2699 4291 et
2742 4236 2848 4290 hoc
2889 4234 3018 4288 fecit
3059 4243 3114 4288 et
3137 4231 3393 4302 amplius.
3424 4229 3652 4284 Cunctis

2078 4328 2222 4382 enim
2278 4327 2618 4398 capientibus
2678 4327 2904 4380 verbum
2960 4339 3159 4388 suum,
3209 4322 3439 4378 salutem
3492 4335 3648 4375 suam

2079 4420 2336 4475 ostendit.
2381 4418 2447 4474 Et
2489 4419 2567 4472 illi
2618 4418 2837 4486 quidem
2882 4416 3190 4472 deridentes
3239 4414 3537 4469 dicebant:
3589 4407 3650 4465 Si

403 4509 497 4574 cit,
524 4508 755 4578 seipsum
781 4525 887 4563 non
909 4519 1075 4580 potest
1103 4510 1303 4566 saluum
1337 4511 1528 4580 facere.
1554 4509 1615 4566 Si
1645 4513 1755 4582 ipse
1783 4524 1861 4568 est
1884 4527 1975 4566 rea:
2007 4518 2051 4573 D
2086 4513 2260 4568 Filius
2290 4514 2388 4568 Dei
2414 4530 2487 4580 es,
2516 4510 2766 4567 descende
2796 4511 2858 4562 de
2883 4525 3055 4562 cruce.
3084 4507 3203 4576 ipse
3241 4515 3423 4561 autem
3451 4504 3647 4558 Filium

403 4598 597 4664 Israel,
628 4601 911 4655 descendat
962 4615 1100 4655 nunc
1146 4602 1210 4656 de
1253 4619 1424 4666 cruce,
1460 4613 1512 4658 et
1558 4605 1820 4658 credimus
1865 4605 1972 4659 illi.

402 4687 637 4760 Conﬁdit
668 4690 725 4743 in
754 4689 946 4758 Deum,
973 4690 1218 4745 liberabit
1245 4707 1381 4744 nunc
1406 4707 1522 4744 eum
1555 4693 1602 4745 si
1644 4694 1752 4746 vult
1786 4710 1804 4748 :
1837 4694 1975 4747 dixit

401 4777 562 4844 enim,
597 4779 728 4848 quia
773 4777 950 4834 Filius
994 4779 1092 4834 Dei
1139 4795 1255 4835 sum
1295 4781 1361 4833 ⁸³.
1392 4779 1560 4836 Nemo
1606 4792 1756 4838 stans
1785 4781 1970 4838 Jesum

403 4870 760 4940 blasphemat,
777 4886 952 4942 neque
979 4881 1124 4927 recte
1146 4872 1421 4928 incedens.
1438 4871 1806 4929 Transeuntes
1827 4877 1974 4929 cnim

405 4962 858 5031 lrlasphemabant
881 4980 1025 5032 eunt,
1049 4974 1102 5020 et
1139 4967 1283 5022 sicut
1317 4966 1372 5020 in
1408 4964 1600 5021 Graeco
1629 4967 1808 5032 habet,
1837 4982 1976 5036 pra—

405 5062 688 5118 tereuntes,
724 5055 818 5124 qui
845 5057 1007 5111 etiam
1041 5059 1272 5112 macerie
1303 5059 1474 5113 vincas
1502 5057 1765 5113 dissoluta
1799 5073 1830 5112 a
1862 5057 1975 5113 Deo

405 5142 738 5197 vindemiant
790 5159 884 5199 eos
952 5147 1044 5216 qui
1101 5157 1500 5203 remanserunt.
1564 5149 1836 5218 Scriptum
1891 5160 1974 5205 est

403 5233 548 5288 enim
577 5233 623 5266 "
652 5250 667 5287 :
701 5233 769 5289 Ut
801 5237 928 5304 quid
957 5238 1179 5303 posuisti
1212 5239 1483 5291 maceriam
1533 5238 1644 5306 ejus
1667 5281 1681 5302 ,
1713 5249 1760 5292 et
1794 5239 1972 5292 vinde-

404 5327 570 5378 miant
613 5343 729 5378 eam
774 5343 948 5380 omnes
1000 5329 1088 5398 qui
1135 5339 1448 5397 pra'tereunt
1499 5330 1685 5381 viam?
1723 5328 1971 5394 Quandiu

401 5431 532 5486 ergo
559 5417 682 5486 quis
711 5433 818 5472 non
865 5419 1158 5486 prmterivit
1187 5418 1352 5481 viam,
1394 5434 1566 5488 neque
1613 5420 1904 5474 declinavit
1940 5437 1970 5474 a

404 5509 510 5572 via,
541 5517 692 5564 stans
721 5509 903 5563 dicere
933 5520 1109 5579 potest
1130 5511 1239 5565 Deo
1264 5527 1276 5562 :
1305 5510 1556 5566 Statuisti
1586 5528 1746 5580 supra
1769 5524 1971 5581 petram

2079 4605 2173 4660 Dei
2207 4621 2270 4659 se
2295 4603 2672 4659 deridentibus
2699 4602 2917 4672 quidem
2951 4615 3059 4654 non
3099 4598 3437 4661 ostendebat,
3466 4605 3648 4651 osten-

2077 4695 2157 4750 dit
2194 4703 2376 4749 autem
2417 4692 2764 4748 credentibus
2806 4690 2947 4753 sibi,
2981 4698 3274 4758 postquam
3315 4686 3651 4755 dispensavit

2078 4803 2200 4857 quae
2222 4786 2505 4857 oportebat
2528 4799 2654 4839 eum
2681 4783 2998 4852 dispensare
3023 4783 3076 4835 in
3105 4783 3280 4837 tribus
3303 4780 3409 4835 illis
3436 4778 3648 4842 diebus,

2081 4886 2368 4946 postquam
2400 4875 2734 4930 descendens
2776 4871 2844 4926 ad
2900 4871 3105 4926 inferos
3155 4870 3503 4938 morti/icatus
3530 4883 3650 4920 cor-

2080 4983 2241 5038 pore,
2293 4966 2584 5035 viuiﬁcatus
2633 4975 2810 5017 autem
2853 4965 2910 5016 in
2951 4962 3184 5032 spiritu,
3234 4959 3510 5029 spiritibus
3560 4959 3650 5028 qui

2082 5068 2233 5110 erant
2257 5057 2312 5109 in
2337 5071 2543 5109 carcere
2568 5054 2870 5123 praedicavit
2897 5053 3036 5124 quod
3061 5069 3166 5107 non
3189 5051 3518 5105 crediderant
3546 5050 3652 5104 ali-

2081 5147 2290 5216 quando
2319 5145 2528 5216 quando
2555 5147 2955 5214 exspectabatur
2980 5144 3236 5212 patientia
3264 5141 3358 5194 Dei
3392 5143 3443 5194 in
3466 5143 3649 5194 diebus

2086 5237 2221 5304 Noe,
2248 5254 2366 5291 cum
2393 5237 2749 5307 fabricaretur
2772 5252 2897 5290 arca
2921 5238 2980 5290 in
3002 5253 3107 5305 qua
3147 5235 3322 5303 pauci,
3348 5234 3404 5287 id
3429 5243 3505 5287 est
3533 5241 3648 5286 octo

2081 5331 2293 5393 animm,
2335 5335 2457 5381 sunt
2498 5329 2692 5382 saluati
2731 5344 2821 5396 per
2858 5344 3050 5396 aquam
3075 5327 3139 5380 ⁸⁸.
3186 5325 3253 5379 Ει
3292 5340 3398 5378 non
3434 5334 3518 5379 est
3553 5325 3648 5378 dc-

2079 5422 2300 5475 rclictus
2331 5421 2460 5481 illic.
2489 5420 2628 5474 sicut
2654 5420 2768 5488 ipse
2793 5419 3001 5472 dicebat
3033 5437 3044 5470 :
3075 5417 3337 5482 Quoniam
3368 5433 3470 5468 non
3501 5417 3648 5467 dere—

2078 5513 2280 5581 linquas
2309 5513 2544 5565 animam
2589 5528 2756 5564 meam
2805 5513 2860 5564 in
2901 5512 3112 5578 inferno
3145 5511 3208 5565 ⁶⁹.
3238 5509 3530 5578 Oportebat
3552 5523 3646 5560 au-

474 5672 522 5703 ”
557 5671 746 5725 Matth.
780 5687 947 5735 xxvn,
980 5672 1069 5726 57.
1147 5671 1352 5726 "Psal.
1376 5672 1504 5737 ",6.
1582 5673 1626 5704 ⁵⁸
1657 5672 1843 5728 Matth.
1877 5674 2151 5738 xxvn,58.
2229 5674 2271 5705 δ’
2295 5673 2394 5726 lsa.
2429 5687 2543 5734 LIII,
2578 5672 2662 5725 1‘2.
2737 5670 2964 5725 '“licbr.
3000 5688 3076 5735 XI,
3103 5672 3191 5734 37,
3217 5673 3304 5726 58.
3383 5673 3432 5702 ”
3455 5669 3644 5727 Matth.

408 5757 578 5802 xxvii,
603 5742 672 5794 '59
703 5750 756 5793 et
785 5756 937 5805 seqq.

411 5827 504 5868 xu.
529 5810 580 5862 ὖ.
661 5810 706 5840 ⁸⁸
739 5809 894 5863 Joan.
932 5827 990 5870 ιι.
1027 5812 1109 5866 19.

1017 5743 1063 5772 ⁶⁰
1095 5741 1238 5795 Psal.
1268 5759 1451 5806 LXXIX,
1486 5743 1569 5795 15.
1650 5745 1690 5773 ⁸¹
1729 5742 1871 5797 Psal.
1913 5760 2100 5809 xxxix,
2137 5745 2186 5797 5.

1188 5813 1232 5842 ⁸⁸³
1269 5811 1454 5866 Matth.
1496 5827 1660 5868 sxs'tt.
1705 5813 1790 5866 till.
1873 5814 1912 5844 ⁸⁷
1944 5812 2097 5868 Joan.
2135 5829 2187 5870 v.
2225 5813 2312 5872 28.
2350 5815 2436 5864 ξεν.

2266 5745 2310 5772 δ’
2342 5743 2538 5810 Epltcs.
2579 5758 2650 5794 tv.
2686 5741 2770 5794 l-i.
2848 5742 2894 5771 ⁸³
2929 5742 3104 5798 Ιειδειρ.
3144 5757 3202 5804 ιι,
3237 5743 3322 5795 Η.
3400 5743 3443 5772 ⁸⁸
3475 5742 3490 5793 I
3519 5744 3645 5794 (lor.

2518 5814 2562 5843 ⁸³³
2597 5811 2612 5863 l
2644 5811 2785 5864 Pctr.
2823 5827 2902 5871 Ill,
2947 5812 3124 5865 18-20.
3203 5814 3246 5844 θ’
3283 5811 3424 5867 Ρδίιιο
3454 5827 3538 5870 XV.
3561 5811 3644 5867 ίοσ
