4112 6474
483 411 609 465 1781

1601 399 2258 464 ΕΟΜΜΕΝΤᾹΜΟΒΗΜ
2298 406 2563 464 SERIES.

3590 410 3617 462 1
3628 410 3731 466 782

479 541 584 583 tem
609 545 731 584 eum
754 537 807 584 et
835 528 1127 584 ascendere
1150 529 1219 584 ad
1242 529 1521 600 proprium
1544 531 1757 584 Patrem
1777 540 1829 584 et
1854 530 2043 595 Deum,
2077 536 2118 589 Α
2147 528 2257 582 ctio
2280 528 2414 583 solis
2440 540 2561 596 qua:
2587 527 2885 581 Secundum
2926 526 3378 581 consuetudinem
3417 529 3722 593 temporum

478 627 537 673 ut
566 620 862 677 ascendens
889 620 941 674 in
975 618 1143 674 altum
1178 621 1412 690 captivct
1443 621 1835 691 captivitatem,
1858 628 1914 675 et
1950 635 2045 674 ac-

475 710 639 778 cipiat
671 710 811 765 dona
845 713 897 765 in
934 711 1182 767 homines
1213 712 1281 777 ",
1312 720 1364 766 et
1394 720 1515 781 post
1557 713 1672 768 haec
1702 714 1955 769 ostendat
1987 724 2047 768 se

478 797 752 855 fortiorem
779 810 948 856 morte
978 801 1164 857 dicens
1184 800 1249 856 ad
1274 818 1393 857 eam
1422 819 1435 855 :
1466 803 1567 858 Ubi
1593 815 1692 871 est,
1722 814 1882 871 mors,
1916 821 2045 859 acu-

477 887 589 941 leus
630 898 750 942 tuus
783 890 867 943 “‘t
904 888 1167 945 Similiter
1201 901 1385 947 autem
1409 933 1424 957 ,
1464 896 1675 949 caeteris
1716 900 2046 964 praetereun-

480 978 626 1033 tibus
672 988 727 1034 et
763 976 1271 1050 blasphemantibus
1319 994 1484 1049 eum,
1528 984 1801 1054 principes
1830 994 2046 1054 quoque

477 1067 820 1123 sacerdotum
844 1078 897 1125 et
918 1069 1124 1126 Scribae
1152 1080 1558 1141 praetereuntes,
1584 1083 1643 1129 et
1667 1074 1770 1143 ipsi
1792 1070 2045 1129 dicebant

473 1157 540 1211 ad
573 1171 699 1213 eum
750 1159 875 1215 victi
924 1161 1216 1218 virtutibus
1262 1172 1389 1219 ante
1432 1166 1605 1235 gestis
1633 1167 1705 1221 ab
1752 1181 1818 1222 eo
1850 1189 1861 1222 :
1892 1167 2043 1221 Alios

470 1250 639 1306 salvos
685 1252 829 1321 fecit,
881 1255 1113 1323 seipsum
1157 1256 1360 1311 salvum
1410 1258 1583 1327 facere
1630 1268 1733 1313 non
1779 1267 1947 1328 potest
1971 1261 2038 1315 ".

473 1340 731 1397 Videlicet
779 1358 887 1397 non
932 1344 1214 1402 credentes
1244 1351 1504 1417 quoniam
1536 1350 1627 1419 qui
1662 1350 1797 1405 alios
1830 1342 2041 1407 salvare

473 1435 664 1502 potuit,
696 1434 869 1489 multo
896 1436 1131 1505 amplius
1155 1446 1370 1507 poterat
1417 1449 1470 1494 et
1512 1442 1750 1510 seipsum
1794 1442 2038 1506 salvare;

467 1531 519 1578 et
551 1524 935 1593 promittebant
980 1543 1039 1581 se
1081 1524 1393 1585 credituros
1433 1531 1488 1585 in
1522 1547 1646 1586 cum
1683 1534 1843 1601 quasi
1869 1533 1921 1587 in
1950 1547 2038 1587 re-

466 1630 583 1684 gem
625 1610 787 1670 lsraei
809 1657 823 1681 ,
854 1618 898 1670 si
934 1618 1271 1674 descendens
1296 1636 1325 1675 a
1360 1631 1521 1677 cruce
1549 1623 1823 1677 videretur
1843 1624 1911 1678 ab
1937 1624 2037 1680 eis.

466 1705 582 1773 Ipse
624 1714 804 1762 autem
860 1724 966 1762 non
1013 1710 1241 1763 curabat
1291 1711 1574 1781 indignum
1619 1712 1823 1789 aliquid
1876 1726 2039 1782 agere

463 1806 680 1865 prapter
711 1798 1004 1854 derisionis
1054 1800 1332 1869 injuriam,
1379 1810 1434 1856 et
1480 1802 1657 1858 facere
1702 1805 1845 1875 quod
1884 1804 2033 1860 dice-

464 1888 621 1942 batur
643 1884 710 1942 ab
738 1887 818 1944 eis
846 1896 999 1943 extra
1026 1889 1293 1945 rationem
1329 1900 1383 1945 et
1407 1892 1682 1947 ordinem,

529 1975 655 2030 155.
682 1972 922 2047 Idipsum
947 1988 1123 2032 autent
1152 1986 1202 2033 et
1226 1979 1458 2034 latrones
1485 1980 1574 2051 qui
1607 1985 1849 2053 cruciﬁxi
1876 1993 2029 2038 erant

457 2079 579 2119 cum
604 2082 688 2130 ca,
716 2068 1138 2137 improperabant
1168 2070 1217 2124 ei
1238 2070 1305 2124 ".
1331 2070 1399 2125 Et
1434 2073 1573 2137 apud
1601 2072 1864 2128 Joannem
1887 2076 2030 2131 sicut

458 2155 737 2225 potuimus
784 2157 1141 2225 exposuimus
1192 2159 1261 2215 de
1310 2160 1528 2216 duobus
1577 2160 1884 2220 latronibus
1933 2167 2026 2236 qui

455 2244 678 2300 fuerunt
706 2248 952 2303 crucifixi
993 2263 1117 2304 cum
1148 2250 1395 2318 Christo,
1425 2253 1520 2322 qui
1563 2255 1865 2309 secundum
1892 2256 2029 2312 Mat-

453 2336 653 2391 thmutn
703 2337 929 2407 quidem
987 2348 1042 2394 et
1102 2339 1345 2397 Marcum
1406 2346 1913 2414 improperavernnt
1974 2349 2025 2403 ei

453 2425 627 2483 ambo
654 2428 712 2481 in
746 2440 926 2485 cruce.
962 2426 1273 2488 Secundum
1304 2433 1509 2489 Lucam
1544 2444 1722 2491 autem
1755 2438 2023 2493 dicentem

451 2519 711 2588 quatiam
739 2536 883 2576 unus
922 2523 990 2576 de
1034 2524 1400 2592 pendentibus
1434 2526 1741 2582 latronibus
1772 2529 2025 2598 blasphe-

452 2612 637 2668 mabat
660 2615 847 2669 dicens
881 2629 895 2663 τ
932 2613 991 2668 Si
1022 2623 1078 2667 tu
1120 2630 1175 2669 es
1214 2614 1478 2683 Christus,
1524 2618 1677 2672 saloa‘
1718 2621 1940 2687 teipsum
1973 2632 2022 2675 et

451 2718 567 2757 nos.
595 2699 925 2771 Respondens
954 2708 1128 2757 autem
1161 2710 1299 2758 alter
1325 2706 1629 2776 increpabat
1652 2724 1772 2762 eum
1792 2709 1970 2763 dicens
2001 2726 2019 2764 :

452 2789 575 2847 Non
611 2795 761 2849 times
795 2803 852 2848 tu
883 2793 1047 2849 Deum
1077 2796 1218 2864 quod
1250 2796 1305 2849 in
1347 2798 1528 2852 eadem
1557 2799 1899 2854 damnatione
1925 2804 2021 2858 es?

452 2882 519 2937 Et
540 2899 632 2937 nos
661 2883 874 2953 quidem
889 2883 1058 2952 justo,
1084 2899 1209 2937 nam
1231 2888 1492 2956 condigna
1515 2887 1672 2956 factis
1702 2889 2017 2957 recipimus:

446 2975 545 3027 iste
573 2983 747 3028 autem
797 2975 932 3027 nihil
982 2972 1111 3028 ntali
1152 2975 1295 3044 feeit.
1334 2975 1399 3029 Et
1426 2976 1636 3031 dicebat
1677 2978 1752 3031 ad
1783 2976 2015 3031 luunt:

452 3062 709 3118 Memento
754 3065 854 3118 inci
897 3078 1015 3118 eum
1058 3067 1255 3119 veneris
1286 3068 1344 3121 in
1385 3082 1600 3137 regnum
1641 3078 1791 3122 tuum
1809 3069 1875 3122 ⁷⁸.
1915 3067 2017 3124 lie-

445 3152 721 3249 spondens
748 3158 928 3249 autem
979 3152 1140 3209 lesus
1181 3155 1319 3249 dixit
1467 3168 1619 3249 eum,
1643 3157 2014 3249 quiiincrepa-
2039 3192 2083 3249 ο

447 3252 594 3297 verat
635 3243 1099 3313 blasphemaan
1126 3261 1139 3297 :
1186 3248 1353 3301 Amen
1382 3248 1501 3302 dico
1533 3247 1630 3303 tibi
1650 3263 1669 3301 :
1705 3247 1877 3303 Hodie
1906 3265 2013 3304 me—

443 3346 556 3384 rum
584 3331 687 3385 eris
725 3332 781 3385 in
810 3333 1063 3401 paradiso
1085 3335 1151 3388 ⁷⁵.
1176 3334 1520 3391 Conveniens
1558 3351 1688 3407 ergo
1719 3345 1827 3403 est,
1864 3346 1924 3393 ut
1960 3339 2017 3392 in

443 3420 633 3486 primis
674 3422 899 3492 quidem
938 3425 1100 3480 ambo
1144 3425 1387 3482 iatrones
1429 3426 1802 3498 intelligantur
1828 3427 2014 3484 Domi-

442 3527 573 3567 num
602 3512 1012 3583 blasphemasse
1036 3530 1051 3567 :
1079 3526 1202 3584 post
1252 3517 1359 3573 hoc
1405 3527 1590 3573 autem
1619 3535 1787 3574 unum
1828 3534 1895 3576 ex
1933 3520 2017 3576 eis

438 3615 768 3659 conversum
823 3619 974 3675 esse,
1032 3616 1087 3663 et
1135 3608 1433 3664 credidisse
1483 3618 1807 3665 tractantem
1869 3612 2015 3680 apud

440 3693 681 3761 seipsum
730 3694 814 3750 bis
858 3696 1138 3753 miraculis
1170 3715 1293 3760 una
1323 3699 1581 3755 audiebat
1624 3700 1763 3757 facta
1795 3700 1869 3755 ab
1895 3716 1961 3756 eo
1995 3720 2011 3757 :

439 3780 667 3838 fin-sitan
717 3792 900 3839 autem
944 3796 999 3840 et
1046 3787 1238 3842 videns
1283 3791 1703 3845 conversionem
1742 3791 1922 3855 aeris,
1957 3801 2025 3861 et,

438 3873 691 3929 tenebras
716 3873 831 3930 ﬁeri
860 3870 1126 3940 insuetas,
1155 3886 1211 3933 et
1241 3894 1346 3932 non
1377 3878 1518 3935 sicut
1550 3878 1667 3935 ﬁeri
1701 3879 2019 3950 frequenter.

437 3963 707 4019 solebant.
749 3964 861 4020 Aut
901 3980 975 4020 ne
1016 3965 1177 4032 forte,
1209 3968 1355 4023 sicut
1392 3977 1453 4024 et
1485 3969 1596 4026 illic
1624 3952 2009 4036 (ιιιιωυεξιιιίι

436 4061 564 4107 sunt
590 4053 642 4107 hi
671 4048 781 4108 duo
811 4056 1073 4121 latrones,
1098 4056 1189 4125 qui
1222 4057 1384 4113 ambo
1412 4058 1875 4129 blasphemarunt.
1905 4061 2008 4118 Sed

434 4142 528 4197 ille
576 4140 713 4197 Istro
757 4144 855 4213 qui
901 4144 1143 4200 astutus
1172 4154 1275 4209 est,
1322 4154 1502 4216 potest
1528 4164 1652 4204 esse
1691 4152 2007 4220 mysterium

433 4243 624 4284 eorum
654 4232 753 4299 qui
793 4239 917 4301 post
963 4231 1165 4288 multas
1209 4233 1526 4303 iniquitates
1566 4238 1915 4294 crediderunt
1954 4242 2009 4296 in

432 4318 736 4384 Christum,
773 4329 827 4374 et
867 4320 1124 4374 dixerunt
1169 4320 1434 4383 Christo:
1479 4321 1691 4377 Conﬁxi
1733 4339 1927 4381 sumus
1956 4338 2009 4382 et

433 4410 756 4481 eonttgnrati
810 4410 869 4465 in
917 4421 1091 4466 morte
1138 4410 1342 4467 Christi
1395 4430 1410 4467 :
1457 4422 1513 4467 et
1563 4428 1779 4484 semper
1818 4415 2008 4472 dicunt

2150 620 2224 673 ita
2253 620 2590 674 canentium
2637 618 2749 673 lieri
2799 618 2956 680 solet,
3006 633 3111 671 non
3159 619 3211 671 in
3256 618 3365 671 alio
3398 627 3636 686 tempore
3669 620 3725 672 tit

2149 711 2253 764 nisi
2276 710 2331 763 in
2358 718 2629 764 conventu
2675 710 2808 764 solis
2842 718 2897 762 et
2934 709 3096 774 inme,
3126 710 3345 777 quando
3370 709 3496 762 luna
3530 708 3722 761 subtus

2145 814 2373 855 currens
2417 801 2549 854 solis
2597 799 2820 867 impedit
2855 798 3037 853 radios
3084 813 3379 853 occurrens
3422 799 3508 863 ei,
3540 809 3591 852 et
3624 814 3720 852 oc-

2146 902 2309 945 cursu
2338 905 2443 944 suo
2485 890 2669 943 lumen
2702 888 2821 958 ejus
2862 889 3131 942 obtundit.
3173 887 3228 941 ln
3260 898 3502 958 tempore
3539 898 3720 943 autem

2144 997 2256 1050 quo
2284 995 2483 1050 passus
2518 989 2601 1035 est
2642 979 2915 1046 Christus,
2950 979 3297 1035 manifestum
3344 992 3423 1037 est
3459 982 3715 1051 quoniam

2144 1082 2449 1127 conventus
2476 1086 2585 1127 non
2625 1080 2745 1127 erat
2778 1072 2921 1126 lunae
2957 1073 3022 1126 ad
3072 1074 3263 1138 solem,
3285 1075 3546 1143 quoniam
3584 1082 3717 1127 tem—

2144 1177 2250 1232 pus
2286 1174 2399 1218 erat
2446 1163 2703 1232 paschale
2727 1203 2742 1229 ,
2786 1163 2935 1233 quod
2972 1165 3388 1220 consuetudinis
3435 1173 3519 1220 est
3557 1180 3717 1233 agere

2142 1252 2365 1321 quando
2392 1252 2521 1307 luna
2551 1253 2686 1308 solis
2711 1253 3103 1322 plenitudinem
3136 1254 3298 1309 habet
3322 1262 3376 1310 et
3405 1255 3460 1309 in
3498 1263 3606 1310 tota
3634 1264 3714 1310 est

2143 1350 2320 1394 nocte.
2367 1339 2652 1405 Quomodo
2697 1356 2827 1411 ergo
2886 1351 3097 1411 poterat
3137 1342 3253 1397 ﬁeri
3302 1341 3534 1398 defectio
3583 1344 3713 1399 solis

2141 1445 2266 1484 cum
2306 1430 2432 1483 luna
2459 1439 2604 1484 esset
2630 1430 2786 1500 plena
2811 1438 2864 1485 et
2886 1428 3277 1500 plenitudinem
3306 1433 3439 1487 solis
3462 1432 3712 1486 haberet?

2140 1518 2374 1584 Quidam
2406 1530 2585 1573 autem
2638 1520 3012 1585 credentium,
3059 1521 3299 1577 volentes
3340 1522 3709 1578 defensionem

2140 1611 2377 1679 aliquam
2404 1610 2748 1665 introducere
2785 1623 2972 1665 contra
3014 1614 3150 1677 haec,
3183 1613 3472 1682 angustiati
3505 1630 3709 1668 sermo-

2141 1700 2301 1754 nibus
2346 1700 2715 1769 prolitcutium
2764 1700 2912 1766 talia,
2958 1701 3029 1754 ita
3070 1701 3328 1764 dixerunt
3364 1721 3376 1757 :
3406 1702 3464 1758 Si
3500 1703 3709 1757 nullum

2139 1789 2303 1860 923
2331 1790 2632 1859 prodigium
2670 1806 2868 1843 novum
2902 1789 3106 1847 factum
3143 1791 3338 1851 fuisset
3378 1790 3433 1845 in
3470 1801 3713 1862 tempore

2061 1860 2106 1914 Β
2133 1884 2404 1953 passionis
2433 1882 2663 1945 Christi.
2699 1883 2792 1937 sed
2816 1881 3000 1936 omnia
3024 1884 3323 1937 secundum
3350 1885 3673 1938 cousnetudi
3702 1914 3705 1919 ~

2130 1990 2281 2037 nem,
2342 1975 2653 2028 crederetur
2714 1973 3013 2028 secundum
3074 1974 3524 2027 consucttntinem
3570 1973 3709 2029 facta

2130 2062 2301 2120 luisse
2329 2065 2421 2119 illa
2456 2062 2689 2118 defectio
2716 2066 2867 2118 solis.
2900 2062 3053 2119 Nune
3086 2074 3269 2117 autem
3315 2079 3438 2118 cum
3488 2072 3705 2119 constet

2128 2166 2320 2212 caetera
2353 2155 2595 2225 prodigia
2630 2172 2753 2225 quae
2786 2166 2914 2210 tunc
2964 2157 3106 2214 facta
3146 2165 3309 2223 sunt,
3356 2172 3464 2210 non
3514 2171 3709 2211 secun-

2128 2247 2258 2303 dum
2289 2246 2736 2303 consuetudinem
2774 2246 2914 2302 facta
2943 2247 3137 2312 luisse,
3171 2248 3265 2303 sed
3302 2263 3440 2302 nova
3458 2260 3510 2302 ct
3532 2248 3707 2302 admi~

2129 2338 2328 2393 randa:
2366 2352 2492 2392 nam
2513 2346 2562 2392 et
2589 2336 2757 2391 velum
2780 2338 2965 2407 templi
2984 2339 3208 2392 scissum
3231 2348 3308 2392 est
3343 2339 3395 2391 in
3418 2339 3553 2392 duas
3584 2356 3709 2402 par-

2128 2438 2202 2483 tes
2227 2448 2260 2483 a
2282 2445 2497 2483 sursum
2524 2445 2687 2499 usque
2715 2430 2982 2494 deorsum,
3011 2439 3061 2484 et
3097 2440 3238 2483 terra
3270 2432 3608 2494 contrentuit,
3654 2439 3707 2483 et

2124 2527 2285 2586 petra:
2332 2518 2561 2587 dirupta:
2594 2527 2739 2583 sunt,
2792 2528 2843 2573 et
2872 2528 3211 2572 monumenta
3250 2532 3431 2587 aperta
3465 2531 3610 2585 sunt,
3655 2530 3701 2573 et

2126 2607 2295 2661 multa
2332 2623 2555 2676 corpora
2605 2607 2979 2662 dormientium
3031 2617 3338 2661 sanctorum
3398 2623 3702 2662 resurrexe-

2124 2707 2246 2751 runt
2280 2698 2357 2763 7";
2408 2695 2759 2752 manifestum
2807 2709 2891 2754 est
2939 2699 3199 2769 quoniam
3235 2700 3291 2751 ct
3346 2697 3435 2752 illa
3472 2696 3706 2752 defectio

2121 2788 2254 2845 solis
2279 2797 2673 2858 consequenter
2694 2790 2995 2845 secundum
3030 2801 3223 2845 cmtcra
3251 2789 3521 2860 prodigia,
3562 2799 3701 2844 nova

2119 2889 2308 2934 contra
2340 2878 2791 2933 consuetudinem
2827 2877 2967 2935 facta
2994 2888 3095 2934 est.
3130 2878 3261 2933 Item
3294 2879 3559 2934 adversus
3586 2879 3701 2934 haec

2117 2970 2221 3039 ﬁlii
2246 2969 2430 3023 surculi
2475 2968 2659 3038 hujus,
2686 2969 2779 3039 qui
2822 2969 3190 3039 prudentiores
3227 2978 3351 3023 sunt
3392 2969 3517 3039 ﬁliis
3564 2968 3703 3023 lucis

2117 3060 2173 3113 in
2193 3052 2289 3114 sua
2320 3060 2654 3129 generatione
2678 3060 2749 3125 ⁷⁸,
2780 3060 2904 3115 talia
2942 3061 3132 3115 dicunt
3161 3078 3176 3116 :
3208 3059 3354 3115 Pone
3382 3061 3508 3130 quia
3545 3070 3697 3115 extra

2117 3153 2567 3209 consuetudinem
2600 3144 2745 3206 facta
2775 3162 2859 3207 est
2899 3152 2988 3206 illa
3022 3151 3254 3206 deiectio
3289 3151 3423 3206 Solis
3472 3152 3523 3204 in
3565 3162 3697 3205 tem-

2114 3258 2245 3314 pore
2280 3259 2387 3297 non
2413 3241 2643 3310 antiquo
2676 3242 2778 3296 sub
2827 3240 3131 3310 principatu
3177 3238 3545 3293 Romanorum
3572 3283 3585 3306 ,
3624 3239 3697 3293 ita

2115 3344 2173 3390 ut
2204 3335 2439 3391 tenebrm
2467 3333 2658 3390 llerent
2690 3348 2856 3402 super
2885 3341 3102 3386 omnem
3153 3341 3353 3386 terram
3399 3344 3572 3402 usque
3632 3334 3698 3386 ml

2113 3426 2549 3487 horamnonam,
2578 3423 2858 3494 quomodo
2894 3424 2995 3478 hoc
3048 3422 3255 3477 factum
3296 3431 3405 3479 tam
3448 3424 3699 3478 mirabile

2113 3529 2273 3569 nemo
2316 3512 2665 3577 Graecorum,
2711 3525 2872 3566 nemo
2918 3510 3278 3565 barbarorum
3319 3510 3520 3566 factum
3562 3528 3695 3567 con-

2111 3604 2331 3673 scripsit
2360 3604 2414 3658 iu
2454 3611 2695 3672 tempore
2726 3602 2838 3668 illo,
2862 3600 3098 3654 maxime
3130 3601 3224 3668 qui
3265 3602 3525 3655 chronica
3563 3618 3696 3657 con-

2112 3693 2484 3762 scripserunt,
2523 3698 2577 3745 et
2611 3698 2936 3744 notaverunt
2987 3690 3161 3744 sicubi
3205 3690 3311 3746 tale
3351 3692 3558 3761 aliquid
3594 3710 3696 3747 nn-

2112 3796 2237 3841 vum
2262 3774 2462 3841 factum
2485 3788 2569 3833 est
2594 3778 2911 3848 aliquando,
2947 3779 3039 3832 sed
3066 3779 3166 3833 soli
3204 3780 3306 3833 hoc
3351 3787 3693 3847 scripserunt

2112 3864 2274 3926 vestri
2318 3866 2699 3924 auctores'lEt
2753 3860 2998 3938 Pillegoii
3056 3867 3277 3938 quidem
3324 3871 3377 3924 in
3412 3872 3690 3927 Chronicis

2111 3963 2226 4033 suis
2252 3960 2470 4032 scripsit
2506 3961 2559 4015 in
2596 3960 2907 4031 principatu
2932 3955 3135 4016 Tiberii
3191 3962 3425 4021 Czcsa‘ris
3463 3964 3688 4031 factum,

2111 4058 2203 4113 sed
2239 4041 2345 4110 non
2379 4052 2705 4124 signiﬁcavit
2741 4052 2794 4107 in
2827 4052 2955 4106 luna
2979 4053 3136 4123 plena
3165 4054 3269 4110 hoc
3294 4054 3518 4111 factum.
3559 4056 3692 4113 Vide

2110 4162 2241 4217 ergo
2275 4145 2379 4201 nisi
2415 4139 2575 4199 fortis
2618 4152 2704 4199 est
2730 4142 2968 4213 objectio
3004 4144 3137 4209 haec,
3170 4153 3223 4199 et
3258 4154 3448 4215 potens
3475 4163 3690 4204 movere

2108 4254 2324 4296 omnem
2358 4239 2631 4294 hominem
2673 4239 2973 4309 sapientem
3024 4239 3119 4307 qui
3165 4254 3264 4294 nec
3313 4240 3423 4297 illis
3461 4241 3689 4296 dicenti-

2108 4331 2232 4397 bus,
2262 4344 2361 4384 nec
2384 4329 2503 4385 istis
2526 4328 2894 4385 scribentibus
2925 4328 3218 4393 consentit,
3238 4329 3333 4385 sed
3358 4331 3543 4386 omnia
3565 4348 3688 4387 cum

2111 4422 2322 4476 ratione
2352 4418 2637 4492 ctjudicio
2673 4420 2844 4475 audit.
2884 4417 2949 4474 Et
2980 4435 3087 4476 non
3114 4427 3197 4475 est
3216 4420 3433 4489 quidem
3466 4421 3685 4487 durum,

433 4494 571 4551 Filio
603 4497 697 4552 Dei
731 4515 742 4550 :
778 4498 984 4554 Memor
1019 4511 1141 4556 esto
1182 4502 1358 4557 nostri
1388 4516 1515 4557 cum
1563 4505 1776 4561 veneris
1821 4504 1879 4560 in
1923 4522 2010 4562 re-
2039 4516 2085 4570 D
2112 4512 2258 4582 quod
2292 4510 2671 4581 unusquisque
2704 4509 2947 4566 ﬁdelium
2980 4511 3075 4582 qui
3103 4511 3277 4567 credit
3307 4510 3550 4582 quidem,
3578 4529 3685 4569 non

431 4602 596 4656 gnum
629 4597 805 4657 tuum,
828 4599 887 4644 et
908 4589 1030 4644 ideo
1060 4591 1114 4645 in
1142 4592 1399 4661 paradiso
1420 4602 1694 4648 suntcum
1722 4594 1863 4664 ipso.

502 4681 626 4736 154.
653 4683 691 4735 Α
722 4690 873 4736 sexta
908 4692 1082 4737 autent
1105 4682 1235 4736 liora
1267 4684 1489 4739 tenebrae
1519 4685 1676 4755 [actis
1705 4695 1826 4741 sunt
1848 4702 2004 4756 super

433 4772 727 4826 universam
780 4782 974 4829 terram
1022 4790 1185 4846 usque
1230 4777 1299 4831 ad
1347 4777 1532 4832 horam
1575 4793 1768 4832 nonani
1805 4778 1871 4833 ⁷⁸.
1918 4778 2001 4836 Ad

431 4863 579 4917 hunc
628 4872 835 4919 textum
892 4866 1112 4934 quidam
1174 4868 1584 4941 calumniantur
1632 4870 1997 4934 cvangelicam

427 4957 735 5023 veritatem,
760 4956 1002 5013 dicentes
1024 4959 1302 5027 quomodo
1331 4959 1633 5015 secundum
1664 4969 1870 5016 textum
1903 4974 1998 5030 po-

422 5050 676 5101 tcstesse
698 5060 887 5100 verum
912 5046 1057 5115 quod
1086 5046 1286 5103 dicitur
1317 5048 1448 5119 quia
1496 5046 1653 5106 factm
1695 5058 1824 5107 sunt
1849 5058 1997 5105 tene-

428 5134 538 5188 bras
563 5151 729 5206 super
768 5152 983 5192 omnem
1027 5146 1235 5194 terram
1272 5155 1306 5195 a
1348 5150 1502 5196 sexta
1544 5141 1677 5197 liora
1728 5157 1899 5212 usque
1928 5140 1996 5197 ad

426 5238 660 5291 nonam,
705 5228 852 5297 quod
884 5229 1088 5286 factum
1128 5232 1277 5287 nulla
1323 5232 1490 5289 refert
1530 5233 1793 5288 historia?
1822 5232 1887 5287 Et
1912 5232 1997 5287 di-

424 5321 560 5367 cunt
584 5317 737 5383 quia.
767 5318 908 5376 sicut
930 5321 1075 5377 solet
1106 5321 1223 5377 ﬁeri
1271 5322 1327 5376 in
1369 5322 1505 5378 satis
1546 5322 1873 5389 defectione,
1915 5322 1995 5378 sic

428 5401 564 5457 facta
594 5415 679 5460 est
716 5415 844 5463 tunc
877 5409 1112 5466 defectio
1140 5412 1293 5468 solis.
1325 5411 1564 5467 Deiectio
1591 5423 1770 5468 autem
1802 5414 1935 5469 solis
1961 5431 1992 5469 ει

423 5494 625 5549 siccato
650 5510 861 5566 semper
888 5499 993 5555 fuit
1019 5501 1077 5555 in
1100 5517 1201 5556 suo
1235 5510 1475 5572 tempore
1502 5501 1662 5558 facta.
1701 5502 1807 5556 Sed
1836 5502 1988 5558 defe-

491 5698 539 5731 ⁷⁹
568 5698 763 5767 Ephcs.
800 5717 887 5768 tr,
921 5703 973 5756 8.
1050 5708 1089 5738 ⁷⁸
1127 5707 1145 5760 l
1176 5707 1299 5763 Cor.
1342 5725 1427 5770 xv,
1473 5708 1560 5760 55.

432 5768 509 5823 i3.
590 5771 635 5803 ⁷⁸
661 5770 848 5827 Matth.
880 5787 1024 5829 nam
1046 5816 1059 5838 .
1091 5779 1178 5832 iii.

2114 4610 2294 4657 tamen
2321 4617 2448 4656 cum
2485 4601 2694 4656 ratione
2720 4610 2922 4657 etcum
2952 4601 3162 4671 judicio
3193 4602 3383 4669 credit,
3415 4610 3471 4657 ut
3511 4603 3580 4658 ita
3614 4607 3686 4659 sit

2108 4698 2367 4747 constans
2391 4689 2446 4744 in
2475 4691 2601 4758 ﬁde,
2633 4700 2692 4747 ut
2721 4691 2825 4747 etsi
2850 4693 2997 4748 mille
3017 4693 3250 4748 crimina
3268 4693 3533 4763 obiiciant
3553 4711 3685 4749 cuu-

2108 4789 2192 4837 tra
2253 4782 2624 4852 evangelicam
2678 4782 2838 4838 tidem
2895 4783 3140 4839 volentes
3191 4785 3472 4838 destruere
3525 4785 3684 4839 tidem

2105 4883 2371 4939 nostram,
2406 4874 2543 4929 utin
2572 4875 2717 4929 nulla
2746 4885 2898 4944 parte
2923 4890 3114 4930 eorum
3134 4885 3541 4930 commoveatur
3567 4892 3684 4931 scr-

2105 4962 2381 5027 monibus,
2417 4963 2511 5033 qui
2548 4963 2815 5034 tingentes
2838 4979 2898 5020 se
2921 4965 3142 5020 credere
3186 4963 3483 5034 Scripturis
3515 4979 3682 5020 evan-

2102 5051 2313 5122 gelicis,
2349 5067 2443 5122 per
2475 5051 2820 5108 occasionem
2858 5053 3021 5108 unius
3052 5061 3146 5108 aut
3168 5054 3394 5109 alterius
3424 5057 3681 5125 quiestio-

2103 5142 2210 5207 nis,
2238 5151 2333 5197 aut
2360 5141 2592 5199 difficilis
2611 5150 2707 5198 aut
2727 5142 2864 5200 forte
2890 5142 3306 5210 indissolubilis,
3329 5146 3680 5203 adversantes

2101 5228 2399 5303 Scripturis
2426 5222 2688 5290 festinant
2720 5234 2878 5290 tidem
2907 5235 3111 5291 Christi
3161 5244 3216 5291 et
3262 5235 3674 5307 Evangeliorum

2096 5324 2218 5395 ejus
2242 5327 2429 5381 tollere
2445 5327 2513 5382 de
2535 5327 2715 5382 anima
2742 5340 2951 5394 nostra,
2974 5328 3383 5387 i‘ntrodtlcentes
3408 5331 3673 5399 quasdam

2100 5415 2378 5470 mirabiles
2415 5431 2521 5481 res,
2555 5426 2609 5471 et
2640 5417 2909 5473 mirabilia
2938 5418 3031 5474 Dei
3063 5419 3266 5474 virtute
3292 5430 3672 5475 consummata

2098 5506 2163 5562 ad
2188 5508 2475 5564 szeetilares
2507 5509 2773 5579 quasdam
2798 5510 3221 5565 consuetudines
3255 5509 3550 5565 transferre
3579 5527 3671 5564 vi»

1639 5711 1700 5790 ξιξ
1714 5708 1901 5790 Matth:
1935 5725 2021 5763 Χκι

2130 5712 2218 5790 «ἐξ.
2294 5716 2339 5748 ⁷³
2371 5716 2498 5772 ibid.
2530 5717 2618 5772 Μ.
2689 5718 2732 5749 ⁷³
2762 5716 2892 5772 Luc.
2927 5716 3164 5785 xxnr,59
3195 5724 3247 5772 et
3274 5732 3385 5790 seq.
3461 5718 3503 5750 ⁷⁸
3534 5717 3667 5775 ibid.

1256 5780 1299 5810 ⁷⁷
1329 5779 1462 5834 ibid.
1493 5780 1580 5845 ξιι,
1634 5779 1720 5834 52.
1800 5780 1841 5811 ⁷⁸
1870 5777 2003 5836 Luc.

2120 5781 2226 5847 ,8,
3066 5777 3115 5795 -γ
