4112 6412
420 358 561 418 1783

1590 361 1920 420 ORIGENIS
1959 361 2026 420 IN
2061 361 2477 422 ΜΑἸἼῚΗΕΟΜ

417 473 614 534 lentes.
652 474 903 536 Judicavi
937 479 1100 551 igitur
1127 480 1354 546 bonum,
1383 491 1442 536 ut
1484 481 1760 553 accipiens
1793 483 1999 538 bonum
2029 485 2076 543 Α
2103 481 2248 536 enim
2279 484 2517 539 tenebrae
2549 484 2704 542 facta:
2726 495 2854 543 sunt
2878 503 3041 559 super
3079 504 3297 544 omnem
3329 472 3532 545 terram
3570 492 3686 547 sole

418 569 765 640 propositum
789 587 980 628 eorum
1012 573 1106 642 qui
1137 573 1189 627 in
1217 573 1324 630 ﬁde
1354 584 1670 631 constantes
1704 591 1827 630 esse
1847 575 1998 630 desi-

417 661 634 730 derant,
660 663 961 720 solutiones
989 665 1433 722 criminationum
1463 682 1677 733 eorum,
1722 667 1775 721 iu
1817 682 1999 737 quau-

415 757 534 805 tum
567 751 701 807 mihi
736 767 804 808 ex
831 752 942 809 Deo
973 762 1056 810 est
1080 755 1278 822 virtus,
1325 756 1602 812 inveniam
1632 775 1730 828 pro
1763 775 1997 830 evange-

418 838 525 896 lica
559 841 830 897 veritate:
880 853 938 898 ut
989 843 1175 902 ﬁdeles
1226 862 1336 902 non
1365 847 1542 903 solum
1580 848 1684 904 ﬁde
1737 849 1996 918 simplici,

417 930 513 986 sed
544 932 706 988 etiam
753 935 966 991 ratione
989 935 1110 992 ﬁdei
1141 937 1462 994 muniantur
1499 939 1552 994 in
1606 940 1726 995 ﬁde.
1754 940 1998 997 Dicimus

414 1037 546 1094 ergo
581 1023 726 1093 quod
751 1024 1040 1085 Matthaeus
1072 1038 1126 1085 et
1158 1028 1374 1087 Marcus
1408 1047 1514 1087 non
1548 1033 1806 1088 dixerunt
1843 1033 1995 1091 defe-

412 1111 650 1170 etionem
683 1115 816 1172 solis
841 1127 973 1173 tunc
1014 1118 1209 1175 factam
1239 1120 1432 1188 fuisse,
1464 1123 1558 1178 sed
1587 1137 1763 1194 neque
1793 1123 1992 1191 Lucas,

412 1205 719 1261 secundum
770 1207 1030 1280 pleraque
1067 1212 1401 1282 exemplaria
1431 1211 1688 1268 habentia
1741 1213 1821 1269 sic
1857 1229 1872 1265 :
1924 1214 1993 1268 Et

409 1303 524 1350 erat
556 1296 691 1352 hora
741 1298 850 1367 fere
883 1310 1056 1369 sexta,
1095 1311 1146 1357 et
1199 1303 1424 1359 tenebrw
1465 1305 1626 1373 factm
1670 1315 1794 1359 sunt
1837 1323 1994 1377 super

410 1403 616 1442 omnem
645 1399 844 1446 terram
877 1409 1039 1463 usque
1071 1395 1141 1447 ad
1170 1395 1356 1450 lteram
1398 1413 1615 1460 nouam,
1649 1407 1699 1451 et
1739 1396 1993 1453 obscura-

409 1485 496 1532 tus
514 1489 591 1532 est
614 1478 698 1534 sol
716 1482 781 1534 τ’.
811 1480 870 1537 In
892 1484 1222 1553 quibusdam
1246 1494 1426 1541 autem
1449 1487 1850 1556 exemplaribus
1881 1504 1988 1543 non

408 1567 643 1625 habetur
674 1588 689 1626 :
727 1571 975 1629 Tenebra:
1003 1575 1164 1644 facta
1184 1585 1331 1642 sunt,
1363 1587 1412 1632 et
1435 1577 1749 1636 obscuratus
1777 1592 1853 1636 est
1877 1583 1990 1647 sol;

409 1659 504 1715 sed
539 1659 612 1715 ita
642 1680 656 1716 :
692 1662 941 1720 Tenebris
983 1666 1145 1734 facta:
1181 1677 1307 1722 sunt
1336 1685 1497 1738 super
1541 1686 1744 1727 omnem
1791 1684 1988 1727 terram

406 1747 518 1802 sole
544 1750 838 1819 deﬁciente.
880 1752 948 1807 Et
981 1753 1208 1811 forsitan
1246 1773 1416 1814 ausus
1465 1769 1550 1816 est
1585 1762 1783 1832 aliquis
1829 1765 1986 1834 quasi

2105 585 2211 626 non
2235 573 2542 639 nominato,
2570 576 2688 631 sine
2711 577 2876 633 dubio
2905 593 3249 649 consequens
3271 588 3354 634 est
3385 579 3686 649 intelligere

2101 663 2367 733 quasdam
2393 665 2870 726 tenebrosissimas
2890 669 3084 735 nubes,
3110 677 3164 724 et
3184 668 3325 723 forte
3354 684 3459 723 non
3489 685 3682 734 uuam,

2101 755 2194 810 sed
2221 756 2420 811 multas
2442 767 2497 812 et
2523 758 2760 828 majores
2779 760 3125 816 concurrisse
3149 776 3314 830 super
3354 769 3554 814 terram
3587 757 3685 812 Ju-

2099 847 2270 902 daeam
2293 857 2348 903 et
2370 847 2698 916 Jerusalem,
2741 851 2808 906 ad
2851 851 3244 922 cooperiendus
3292 853 3479 908 radios
3521 853 3677 918 solis,

2097 947 2152 994 et
2177 941 2298 996 ideo
2327 940 2608 1011 profundae
2653 942 2809 999 factae
2835 955 2963 999 sunt
2998 945 3236 1000 tenebrae
3268 959 3298 998 a
3348 954 3500 1000 sexta
3547 945 3676 998 hora

2097 1046 2272 1101 usque
2303 1033 2372 1089 ad
2415 1048 2640 1090 nonam.
2674 1035 2963 1103 Quomodo
3002 1046 3183 1091 autem
3221 1036 3378 1091 facta:
3433 1048 3563 1092 sunt
3621 1038 3674 1094 in

2095 1121 2189 1176 tali
2225 1123 2344 1179 loco
2371 1123 2632 1192 diximus,
2681 1141 2750 1182 ne
2784 1125 2922 1182 forte
2977 1136 3031 1182 et
3096 1128 3330 1182 tenebrae
3382 1128 3674 1198 palpabites

2096 1214 2149 1270 in
2177 1213 2470 1286 Egyptum
2521 1219 2626 1274 hoc
2669 1219 2830 1275 modo
2877 1217 3035 1274 facta:
3079 1218 3302 1275 fuerunt
3335 1221 3510 1281 tribus
3556 1223 3669 1277 die-

2094 1302 2198 1356 bus
2223 1302 2424 1368 “,non
2451 1319 2518 1360 ex
2567 1305 2700 1361 solis
2737 1303 3072 1369 defectione,
3113 1305 3229 1360 sive
3267 1315 3451 1361 autem
3491 1323 3556 1362 ex
3604 1323 3669 1362 eo

2093 1392 2236 1462 quod
2267 1393 2442 1450 nubes
2470 1395 2770 1451 tenebrosae
2791 1406 3190 1452 concurrerunt
3211 1396 3378 1469 925
3405 1398 3458 1451 in
3478 1414 3670 1466 unum,

2092 1484 2208 1539 sive
2243 1485 2389 1555 quod
2436 1502 2531 1542 aer
2565 1487 2676 1543 illic
2722 1495 2856 1542 tunc
2899 1488 3130 1558 spissior
3181 1488 3358 1546 factus
3389 1499 3476 1545 est
3507 1506 3671 1560 super

2094 1575 2378 1648 [Egyptios
2406 1587 2640 1634 tantum.
2669 1577 2936 1636 Omnibus
2963 1581 3110 1637 enim
3137 1580 3264 1636 ﬁliis
3305 1581 3494 1646 Israel,
3527 1583 3670 1639 sicut

2094 1678 2323 1726 testatur
2355 1670 2658 1742 Scriptura,
2688 1671 2865 1728 fuerat
2892 1673 3098 1737 lumen,
3131 1673 3184 1727 in
3215 1675 3418 1744 quibus
3449 1674 3667 1730 fuerant

2092 1763 2439 1817 commorati.
2483 1761 2621 1818 Nam
2651 1773 2705 1819 et
2728 1763 3063 1835 impossibile
3113 1765 3286 1820 estin
3338 1765 3470 1820 solis
3517 1765 3668 1821 defe-

405 1840 752 1900 manifestius
777 1846 983 1917 aliquid
1005 1847 1187 1906 dicere
1219 1851 1428 1919 volens,
1456 1868 1556 1923 pro
1581 1871 1596 1909 :
1633 1852 1703 1908 Et
1734 1831 1988 1911 obscura-
2022 1831 2064 1890 B
2092 1852 2292 1920 ctione,
2317 1869 2440 1925 qua:
2471 1855 2530 1910 ﬁt
2560 1871 2625 1910 ex
2663 1831 3025 1912 concursione
3049 1856 3192 1912 luna:
3221 1856 3289 1912 ad
3319 1857 3487 1912 solem
3521 1897 3537 1922 ,
3569 1858 3666 1912 tri-

406 1939 491 1986 tus
538 1941 616 1988 est
653 1935 770 2002 sol,
820 1954 1074 2008 ponere:
1114 1942 1401 2014 Deﬁciente
1449 1945 1601 2012 sole;
1664 1949 1988 2006 existimans

402 2024 549 2092 quod
582 2041 690 2082 non
725 2029 884 2084 aliter
929 2034 1230 2101 potuissent
1286 2037 1402 2092 ﬁeri
1449 2037 1687 2095 tenebrae
1737 2041 1841 2096 nisi
1873 2042 1988 2098 sole

401 2113 707 2172 deficiente.
767 2117 908 2177 Puto
963 2133 1146 2180 autem
1202 2127 1377 2198 magis
1431 2129 1578 2200 quod
1637 2129 1986 2188 insidiatores

403 2201 665 2264 Ecclesiae
691 2209 893 2267 Christi
927 2223 1278 2272 mutaverunt
1304 2217 1410 2274 hoc
1439 2221 1688 2288 verbum,
1722 2222 1981 2292 quoniam

403 2301 645 2356 tenebrae
671 2301 829 2359 factae
853 2315 984 2361 sunt
1007 2309 1122 2363 sole
1153 2309 1474 2378 deﬁciente,
1509 2321 1570 2368 ut
1613 2314 1984 2372 verisimiliter

402 2391 693 2464 Evangelia
750 2398 905 2468 argui
942 2400 1156 2468 possint
1211 2403 1512 2459 secundum
1565 2405 1981 2465 adinventiones

399 2489 698 2544 volentium
735 2506 967 2562 arguere
1011 2509 1096 2550 ea.
1141 2496 1395 2553 Arbitror
1423 2513 1584 2570 ergo,
1615 2499 1758 2555 sicut
1783 2509 1978 2558 caetera

399 2579 555 2651 signa
575 2597 698 2651 qua:
718 2580 861 2638 facta
879 2593 1008 2639 sunt
1030 2586 1084 2640 in
1111 2588 1366 2657 passione
1383 2589 1577 2660 ipsius,
1597 2590 1650 2645 in
1674 2589 1976 2648 Jerusalem

397 2672 776 2728 tantummodo
800 2672 942 2729 facta
969 2685 1119 2742 sunt,
1147 2678 1229 2734 sic
1257 2688 1309 2734 et
1337 2680 1572 2736 tenebrae
1598 2684 1978 2740 tantummodo

396 2776 562 2831 super
591 2778 810 2818 omnem
845 2775 1047 2822 terram
1073 2765 1314 2824 Judaeam
1346 2779 1476 2826 sunt
1510 2770 1667 2828 facta!
1691 2789 1866 2845 usque
1907 2775 1976 2829 ad

395 2852 586 2910 horam
616 2871 841 2912 nonam.
871 2857 1004 2925 Quae
1025 2869 1207 2916 autem
1241 2862 1387 2927 dico,
1433 2865 1486 2919 in
1509 2863 1814 2922 Jerusalem
1855 2877 1976 2923 tan-

394 2946 678 3003 tummodo
703 2949 820 3004 haee
847 2947 988 3005 facta
1017 2959 1147 3006 sunt
1174 2969 1188 3007 :
1218 2952 1366 3023 quod
1396 2955 1576 3011 velum
1605 2956 1793 3026 templi
1835 2957 1974 3012 scis-

394 3052 518 3092 sum
547 3046 652 3106 est,
679 3040 824 3111 quod
856 3051 997 3098 terra
1037 3045 1390 3109 contremuit,
1435 3047 1582 3117 quod
1627 3057 1794 3117 petrae
1822 3048 1974 3104 diru-

2090 1944 2194 2001 bus
2221 1946 2415 2004 diebus
2449 1949 2724 2004 continuis
2761 1949 2875 2004 ﬁeri
2911 1949 3205 2005 tenebras:
3248 1959 3299 2005 et
3353 1950 3667 2006 crederetur

2087 2037 2269 2108 aliqua
2304 2039 2411 2094 alia
2434 2041 2778 2096 tenebrarum
2811 2055 2976 2096 causa
3010 2039 3180 2096 fuisse
3216 2041 3269 2095 iu
3317 2039 3584 2114 tEgypto,
3616 2042 3662 2097 si

2086 2127 2172 2182 vel
2201 2129 2514 2185 nominatus
2537 2128 2729 2186 fuisset
2756 2130 2860 2194 sol,
2896 2130 3012 2186 sive
3053 2130 3212 2200 quasi
3250 2131 3576 2186 obscuratus
3607 2131 3662 2186 in

2087 2229 2332 2290 tempore
2356 2221 2488 2277 illo:
2527 2239 2674 2279 nunc
2709 2235 2892 2279 autem
2925 2224 3195 2293 scriptura
3234 2222 3404 2278 Exodi
3436 2225 3480 2255 ⁸⁸
3521 2224 3662 2279 nihil

2085 2312 2233 2368 aliud
2255 2313 2388 2369 dicit
2417 2314 2520 2369 nisi
2565 2315 2694 2385 quia
2740 2315 2954 2386 Moyses
2987 2315 3229 2370 extendit
3258 2330 3477 2371 manum
3507 2331 3662 2371 suam

2085 2404 2140 2458 in
2166 2403 2392 2469 coelum,
2419 2415 2474 2461 et
2503 2403 2662 2460 facta:
2685 2415 2815 2461 sunt
2836 2404 3104 2470 tenebrze,
3140 2413 3196 2460 et
3232 2405 3443 2476 caligo,
3475 2415 3526 2460 et
3558 2420 3664 2461 cae—

2084 2505 2220 2562 tera,
2247 2512 2410 2567 super
2443 2505 2611 2554 totam
2643 2507 2842 2553 terram
2879 2495 3094 2568 Egypti
3127 2497 3302 2552 tribus
3335 2496 3562 2562 diebus,
3604 2505 3661 2552 et

2084 2602 2246 2643 nemo
2286 2590 2421 2645 vidit
2454 2588 2678 2644 fratrem
2706 2605 2888 2653 suum,
2939 2603 3116 2659 neque
3173 2587 3412 2643 surrexit
3463 2587 3662 2658 aliquis

2081 2680 2149 2734 de
2177 2681 2318 2736 lecto
2338 2696 2442 2738 suo
2470 2681 2648 2736 tribus
2681 2679 2894 2735 diebus.
2937 2678 3093 2746 Quod
3123 2687 3305 2733 autem
3343 2677 3468 2733 dico
3497 2693 3661 2749 super

2087 2787 2304 2827 omnem
2334 2781 2532 2828 terram
2553 2769 2794 2825 Judmam
2821 2769 2904 2824 vel
2937 2767 3262 2834 Jerusalem,
3286 2777 3347 2823 ut
3369 2784 3476 2824 non
3498 2784 3660 2825 omne

2078 2859 2408 2915 elementum
2456 2869 2616 2916 terrae
2661 2858 3047 2930 intelligamus,
3081 2857 3212 2912 illud
3253 2867 3339 2914 est
3367 2873 3660 2929 argumen-

2079 2960 2194 3006 tum
2242 2951 2388 3022 quod
2441 2951 2701 3022 scriptum
2748 2958 2829 3006 est
2860 2950 2914 3004 in
2943 2949 3103 3005 tertio
3135 2948 3274 3004 libro
3323 2947 3658 3018 Regnorum,

2080 3043 2173 3098 ubi
2227 3043 2433 3099 Abdias
2478 3043 2824 3113 dispensator
2881 3041 3062 3097 Acbaz
3111 3041 3243 3096 dixit
3298 3040 3466 3096 Eliae:
3516 3041 3659 3106 Quid

393 3139 499 3199 pta:
535 3141 685 3196 sunt,
713 3134 860 3202 quod
894 3145 1252 3192 monumenta
1288 3147 1475 3208 aperta
1503 3148 1652 3194 sunt.
1680 3137 1794 3197 Nec
1825 3140 1972 3196 enim
2002 3166 2045 3224 ο
2077 3137 2308 3206 peccari,
2347 3136 2474 3206 quia
2502 3135 2698 3189 dedisti
2726 3147 2930 3224 seruum
2956 3142 3105 3187 tuum
3135 3134 3187 3188 in
3221 3149 3409 3187 manus
3453 3132 3658 3201 Achab,

393 3231 547 3276 extra
580 3220 822 3279 Judaeum
859 3236 1024 3296 petrae
1048 3227 1281 3297 diruptaa
1311 3239 1460 3293 sunt,
1497 3239 1592 3285 aut
1619 3241 1974 3288 monumenta

393 3322 582 3384 aperta
615 3326 743 3372 sunt
769 3316 898 3382 alia,
927 3319 1032 3375 nisi
1059 3335 1122 3375 ea
1155 3329 1364 3376 tantum
1416 3337 1538 3391 qua:
1567 3322 1621 3377 in
1671 3323 1972 3380 Jerusalem

392 3413 552 3460 erant
577 3416 670 3460 aut
695 3406 833 3463 forte
856 3408 909 3464 in
936 3421 1076 3466 terra
1099 3409 1305 3466 Judzea.
1332 3410 1443 3468 Nec
1462 3413 1567 3468 alia
1592 3422 1733 3470 terra
1753 3416 1976 3471 tremuit

392 3501 525 3551 tunc
555 3496 660 3553 nisi
691 3506 834 3554 terra
863 3497 1165 3556 Jerusalem
1200 3518 1214 3556 :
1249 3517 1350 3557 nec
1396 3502 1542 3559 enim
1597 3503 1834 3560 refertur
1874 3505 1974 3559 ali-

391 3587 515 3642 cubi
549 3589 694 3658 quod
717 3604 878 3646 omne
897 3589 1225 3648 elementum
1255 3601 1414 3649 terrae
1437 3595 1722 3650 tremuerit
1749 3595 1803 3650 in
1836 3605 1974 3650 tem-

393 3694 525 3748 pore
558 3680 673 3740 illo.
698 3690 756 3735 ut
777 3682 1063 3749 sentirent,
1084 3684 1234 3740 verbi
1264 3684 1464 3756 gratia,
1486 3695 1541 3742 et
1565 3687 1736 3758 quiin
1761 3686 1976 3742 Ethio-

393 3771 479 3840 pia
509 3780 689 3835 erant,
721 3782 777 3828 et
824 3773 878 3828 in
910 3773 1084 3840 India,
1115 3784 1171 3831 et
1202 3775 1256 3832 in
1298 3775 1556 3849 Scythia;
1597 3779 1746 3850 quod
1795 3780 1843 3835 si
1885 3779 1970 3835 fa-

391 3876 539 3918 ctum
576 3863 792 3933 fuisset,
816 3867 935 3922 sine
953 3867 1122 3924 dubio
1146 3868 1486 3926 inveniretur
1514 3869 1570 3926 in
1595 3870 1844 3928 historiis
1871 3871 1974 3926 ali-

393 3951 596 4019 quibus
655 3968 846 4008 eorum
887 3954 982 4025 qui
1015 3955 1068 4010 in
1095 3957 1372 4014 chronicis
1429 3959 1772 4030 scripserunt
1831 3975 1971 4016 nova

395 4039 578 4110 aliqua
619 4039 780 4098 facta.
815 4042 968 4100 Sicut
1001 4061 1132 4118 ergo
1185 4048 1330 4118 quod
1357 4048 1561 4105 dicitur
1595 4066 1610 4104 :
1649 4049 1814 4104 Terra
1845 4067 1972 4105 con-

394 4131 628 4196 tremuit,
660 4132 892 4188 refertur
917 4136 984 4191 ad
1014 4146 1214 4192 terram
1245 4136 1571 4207 Jerusalem,
1599 4149 1692 4195 aut
1723 4141 1767 4196 si
1809 4140 1972 4197 latius

393 4222 622 4280 voluerit
649 4225 776 4296 quis
821 4227 1132 4294 extendere,
1163 4229 1230 4284 ad
1268 4239 1472 4287 terram
1502 4231 1747 4289 Judaeam
1770 4273 1785 4298 ,
1818 4233 1898 4290 sic
1924 4243 1971 4287 et

393 4315 614 4371 tenebrae
660 4317 820 4384 facta:
853 4327 976 4372 sunt
1016 4318 1081 4373 ab
1120 4320 1251 4374 hora
1287 4331 1436 4376 sexta
1475 4339 1639 4394 usque
1679 4326 1748 4378 ad
1778 4340 1972 4379 nonam

391 4423 548 4474 super
579 4424 783 4463 outnem
806 4419 1022 4475 terram,
1072 4412 1312 4484 intellige
1340 4412 1485 4482 quod
1535 4428 1701 4484 super
1749 4429 1971 4470 omnem

2079 3237 2136 3280 ut
2159 3227 2440 3293 mortiﬁcet
2472 3226 2594 3280 me?
2637 3224 2775 3279 Vivit
2828 3223 2971 3279 Deus
3011 3235 3163 3290 tuus,
3209 3224 3258 3278 si
3303 3233 3380 3278 est
3414 3239 3535 3294 gens
3562 3234 3656 3280 aut

2079 3335 2296 3388 regnum
2317 3317 2406 3372 ubi
2433 3334 2537 3382 non
2578 3319 2722 3372 misit
2762 3318 3010 3371 dominus
3050 3333 3193 3371 meus
3228 3334 3461 3387 querere
3487 3328 3556 3384 te,
3605 3326 3656 3372 et

2075 3411 2192 3465 dixi
2221 3425 2239 3463 :
2277 3406 2400 3462 Non
2424 3417 2522 3472 est,
2542 3416 2592 3460 et
2618 3407 2905 3460 combussit
2941 3423 3156 3476 regnum
3179 3416 3228 3461 et
3257 3409 3488 3477 regiones
3516 3409 3654 3476 ejus,

2074 3499 2325 3572 quoniam
2346 3514 2448 3551 non
2478 3497 2709 3552 inveniat
2742 3506 2790 3549 te
2815 3495 2884 3550 3’.
2939 3496 3075 3562 Quis
3096 3496 3242 3550 enim
3272 3506 3380 3550 tam
3410 3497 3653 3565 lapideus

2075 3593 2148 3647 sit
2174 3590 2358 3661 legens
2411 3590 2558 3654 ista,
2595 3597 2654 3643 ut
2699 3587 2976 3642 existimet
3027 3587 3287 3656 quoniam
3334 3601 3432 3640 rex
3483 3586 3650 3643 lsracl

2073 3683 2262 3738 Achab
2305 3681 2358 3736 in
2388 3695 2606 3736 omnem
2631 3687 2844 3750 gentem
2869 3677 3057 3732 mundi
3079 3675 3204 3731 etin
3232 3691 3396 3732 omne
3421 3690 3649 3744 regnum

2075 3775 2226 3831 orbis
2247 3783 2407 3830 terrae
2433 3771 2582 3828 misit
2609 3785 2861 3842 quaerens
2895 3768 3092 3834 Eliam,
3123 3780 3178 3823 et
3203 3767 3506 3822 combussit
3532 3767 3649 3821 ubi-

2074 3880 2291 3936 cunque
2321 3865 2528 3921 dictum
2567 3873 2686 3920 est:
2725 3859 2842 3916 Non
2871 3870 2955 3916 est
2991 3859 3172 3915 Elias?
3203 3857 3308 3914 Sed
3335 3859 3454 3915 sine
3485 3858 3654 3914 dubio

2073 3956 2486 4031 exaggeratorie
2515 3956 2659 4012 dicta
2685 3962 2815 4011 sunt
2845 3953 2955 4016 illa,
2977 3951 3316 4008 ostendentia
3341 3951 3486 4022 quod
3520 3951 3655 4006 satis

2072 4065 2200 4106 eum
2229 4048 2478 4119 quaesivit
2516 4047 2570 4100 in
2621 4043 2876 4116 gentibus
2920 4058 3044 4112 qua:
3088 4041 3310 4097 fuerunt
3351 4041 3500 4096 circa
3550 4039 3651 4096 Ju-

2073 4140 2274 4204 daaam,
2312 4139 2611 4194 secundum
2640 4135 2786 4207 quod
2835 4135 3012 4206 potuit
3051 4133 3348 4202 requirere.
3397 4130 3651 4187 Diximus

2073 4236 2256 4282 autem
2283 4225 2447 4281 etiam
2479 4224 2532 4280 in
2568 4224 2691 4279 aliis
2720 4223 2876 4288 locis,
2911 4221 3057 4292 quod
3095 4236 3218 4276 cum
3242 4220 3363 4276 duae
3388 4229 3651 4276 creaturae

2075 4319 2352 4391 generales
2374 4319 2428 4373 in
2459 4326 2610 4374 sexta
2641 4315 2730 4371 die
2758 4315 2913 4370 factae
2946 4314 3176 4370 fuissent
3201 4353 3214 4376 ,
3244 4313 3480 4383 primum
3521 4313 3650 4383 qui-

2074 4410 2199 4465 dem
2241 4407 2521 4473 animalia,
2552 4405 2746 4462 deinde
2788 4405 2953 4461 homo
3004 4403 3302 4460 secundum
3355 4403 3649 4475 imaginem

391 4509 590 4554 terram
615 4498 859 4556 Judaeum
890 4512 1019 4559 sunt
1055 4502 1230 4568 factae,
1260 4513 1356 4559 aut
1391 4513 1538 4561 certe
1567 4521 1732 4576 super
1757 4505 1974 4563 Jerusa.
2005 4507 2049 4563 υ
2080 4498 2176 4553 Dei
2201 4497 2400 4564 factus,
2433 4509 2774 4566 consequens
2803 4502 2888 4549 est
2922 4502 2980 4548 ut
3009 4501 3064 4548 et
3101 4494 3216 4548 dies
3245 4493 3334 4548 ille
3355 4502 3543 4548 sextus
3570 4493 3649 4549 di-

391 4593 497 4648 lem
527 4601 760 4648 tantum.
797 4595 887 4650 Sic
920 4611 1051 4668 ergo
1080 4598 1174 4668 qui
1220 4597 1490 4669 intelligit,
1529 4597 1649 4654 sine
1681 4599 1839 4671 culpa
1883 4601 1970 4655 in-

391 4684 605 4758 telligit,
657 4695 880 4752 utnon,
919 4689 1348 4758 magnitudinem
1392 4690 1641 4746 miraculi
1683 4693 1974 4748 ostendere

392 4777 603 4844 volens,
630 4779 835 4835 incidat
863 4780 916 4835 in
965 4781 1132 4836 risum
1181 4781 1511 4852 sapientium
1548 4783 1732 4840 saeculi
1785 4784 1969 4854 hujus,

391 4879 446 4924 et
470 4869 642 4940 magis
666 4871 1040 4927 inﬁdelitatem
1074 4871 1126 4926 in
1149 4872 1462 4928 hominibus
1483 4873 1823 4942 sapientibus
1849 4889 1972 4943 ope-

393 4970 543 5016 retur
568 4977 731 5031 quam
761 4961 943 5018 ﬁdem.
984 4961 1125 5018 Dicit
1154 4973 1333 5020 autem
1369 4965 1568 5035 aliquis
1595 4973 1786 5020 contra
1819 4966 1967 5020 haec:

393 5053 450 5107 Si
477 5069 584 5108 non
612 5070 678 5108 ex
708 5053 1016 5110 defectione
1040 5057 1172 5112 solis
1204 5057 1361 5113 facta!
1393 5067 1522 5112 sunt
1563 5058 1802 5112 tenebrze
1841 5067 1972 5113 tunc

392 5158 556 5214 super
583 5159 802 5199 omnem
840 5156 1040 5200 terram
1070 5144 1315 5202 Judzeam
1340 5157 1394 5202 et
1430 5147 1754 5212 Jerusalem,
1785 5148 1877 5203 sed
1903 5164 1967 5202 ex

392 5233 562 5287 altera
592 5250 780 5298 causa,
809 5235 1034 5292 ostende
1067 5251 1312 5292 causam.
1353 5237 1453 5292 Cui
1491 5237 1616 5291 talia
1667 5238 1967 5307 responde-

393 5335 516 5374 mus
546 5335 560 5372 :
590 5318 834 5376 Primum
881 5324 1136 5392 quidem,
1181 5326 1325 5394 quod
1366 5325 1591 5381 omnino
1625 5327 1970 5398 evangelista:

392 5427 492 5466 nec
522 5413 944 5470 nominaverunt
989 5416 1157 5470 solem
1198 5416 1250 5470 in
1295 5416 1574 5484 istoloco,
1627 5419 1720 5473 sed
1757 5427 1967 5474 tantum

391 5501 521 5572 quia
550 5503 794 5560 tenebrae
815 5503 969 5560 facta:
995 5517 1122 5561 sunt
1159 5521 1322 5575 super
1365 5521 1582 5561 omnem
1627 5516 1850 5562 terram.
1910 5505 1968 5561 Si

492 5771 536 5804 "
567 5770 699 5827 Luc.
733 5789 888 5840 χχιιι,
924 5775 1012 5840 M,
1049 5773 1134 5830 45.

2077 4589 2228 4645 visus
2259 4587 2428 4643 fuisse
2460 4587 2792 4656 intelligatur
2821 4585 2875 4639 in
2921 4583 3062 4639 duas
3095 4583 3303 4654 species
3332 4593 3596 4639 creaturae
3632 4602 3646 4639 :

2079 4690 2140 4736 ut
2160 4689 2287 4736 ante
2313 4689 2522 4736 sextam
2543 4678 2763 4749 quidem
2793 4676 3050 4731 animalia
3084 4676 3452 4747 intelligantur
3481 4676 3650 4731 fuisse

2071 4782 2300 4836 creata;
2353 4771 2408 4826 in
2460 4780 2612 4826 sexta
2665 4776 2846 4822 autem
2891 4767 3025 4821 hora
3065 4766 3272 4822 dixisse
3313 4765 3644 4821 Dominum:

2079 4862 2369 4918 Faciamus
2397 4863 2658 4918 hominem
2689 4860 2758 4915 ad
2781 4861 3064 4930 imaginem
3101 4869 3338 4914 nostram
3374 4860 3420 4892 ⁸³
3443 4899 3460 4926 ,
3493 4870 3548 4916 et
3573 4859 3656 4914 fe-

2079 4952 2222 5008 cisse
2245 4967 2370 5007 eum
2399 4959 2547 5006 tunc.
2581 4949 2808 5019 Propter
2834 4949 2981 5008 uuod
3018 4948 3376 5004 conveniebat
3416 4966 3518 5020 pro
3562 4967 3656 5006 sa-

2074 5046 2187 5100 lute
2237 5043 2483 5115 ejusdem
2541 5043 2782 5098 hominis
2838 5044 3184 5110 morientem,
3238 5045 3293 5098 in
3349 5044 3466 5113 ipsa
3515 5045 3648 5100 hora

2073 5146 2226 5193 sexta
2258 5135 2540 5206 suspendi,
2570 5151 2634 5190 ac
2660 5151 2691 5189 a
2728 5143 2881 5190 sexta
2919 5136 3052 5190 hora
3090 5143 3312 5205 propter
3359 5135 3462 5190 hoc
3495 5143 3654 5191 tene-

2073 5231 2201 5286 bras
2231 5227 2400 5284 fuisse
2429 5227 2603 5282 factas
2641 5242 2804 5298 super
2844 5241 3062 5282 omnem
3110 5235 3310 5281 terram
3357 5241 3533 5298 usque
3583 5229 3648 5284 ad

2074 5337 2300 5377 nonam.
2337 5320 2404 5374 Et
2426 5320 2571 5374 sicut
2597 5319 2782 5392 Moyse
2803 5335 2999 5374 manus
3029 5318 3353 5375 extendente
3378 5321 3432 5374 in
3451 5321 3647 5376 crelum

2079 5412 2234 5467 facta:
2264 5423 2393 5466 sunt
2422 5411 2659 5465 tenebrae
2689 5425 2854 5480 super
2897 5408 3182 5480 Egyptios
3223 5423 3410 5467 servos
3445 5409 3538 5466 Dei
3575 5421 3656 5470 lc.-

2079 5514 2269 5562 nentes
2306 5506 2359 5559 in
2392 5504 2734 5569 servitutem,
2768 5503 2947 5573 imago
2975 5501 3285 5559 futurarum
3305 5506 3646 5563 tenebrarum

1216 5776 1260 5809 ⁸ο
1289 5775 1460 5832 Exod.
1492 5791 1546 5843 ιι,
1577 5775 1668 5840 22,
1694 5775 1783 5830 23.
1861 5775 1902 5806 ⁸¹
1937 5774 1979 5828 ιι

2100 5771 2291 5828 εει-25.
2367 5773 2410 5804 ⁸³
2445 5769 2510 5826 Ill
2539 5769 2670 5844 Reg.
2706 5786 2859 5839 xvtn,
2890 5770 2942 5838 9,
2979 5771 3059 5828 l0.
3137 5771 3181 5804 ⁸³
3210 5770 3343 5826 Gen.
3380 5784 3418 5834 ι,
3453 5771 3523 5825 ‘26
