4112 6472
454 402 593 460 1⁸1δῖ

1577 393 1953 453 COMMENTA
1963 392 2232 451 ιιιοιιυιι
2273 393 2538 450 SEllIES.

3565 391 3702 450 1786

451 529 573 583 quae
622 514 1100 585 comprehensum
1138 511 1356 568 fuerant
1396 511 1682 584 Egyptios
1719 528 1732 564 :
1776 511 2028 567 similiter
2054 512 2103 572 Α
2132 509 2271 562 servi
2303 507 2543 575 suscepit
2577 506 2716 572 ",et
2753 505 2999 560 videntes
3024 503 3078 558 in
3115 503 3202 560 his
3227 503 3558 560 voluntatem
3583 509 3705 578 ejus

449 606 739 662 ctChristt:
771 607 824 661 in
852 615 1004 662 sexta
1039 607 1168 660 hora
1203 621 1400 661 manus
1430 606 1752 660 extendente
1784 606 1837 658 in
1864 619 2002 659 erue.

2129 600 2220 668 qui
2247 599 2312 652 ad
2349 600 2462 653 [nec
2486 598 2612 651 talia
2647 612 2771 652 eum
2815 596 2998 661 misit,
3039 595 3392 666 intelligimus
3420 598 3702 666 quoniam,

445 696 511 750 ad
542 697 740 752 caelum
772 713 934 767 super
962 698 1220 767 populum
1256 697 1350 767 qui
1376 697 1708 752 clamaverat
1735 714 1747 750 ε
1791 695 1937 750 Tolle
1959 697 2025 749 de

444 794 584 840 terra
615 787 786 852 hunc,
823 798 876 842 et
907 807 921 842 :
981 786 1276 858 Cruciﬁge,
1317 789 1566 858 cruciﬁge
1602 805 1721 842 eum
1749 788 1796 819 “
1821 830 1835 854 ,
1871 786 2026 840 facta:

442 885 567 929 sunt
600 878 855 942 tenebrae,
889 885 944 932 et
990 877 1059 932 ab
1097 879 1245 933 omni
1276 878 1480 932 lumine
1516 887 1646 933 sunt
1689 877 1922 948 privati,
1970 887 2025 933 et

441 964 622 1037 imago
652 967 753 1022 fuit
778 969 1125 1023 tenebrarum
1155 971 1243 1025 illa
1275 969 1580 1025 futurarum
1619 986 1741 1040 qua
1768 985 2022 1040 compre-

437 1051 690 1109 hensurat
717 1054 935 1111 fuerant
959 1068 1169 1127 gentem
1209 1057 1450 1112 Judaeam
1473 1099 1487 1121 ,
1525 1059 1682 1129 quasi
1735 1060 1854 1114 ausi
1889 1069 2018 1115 sunt

434 1145 628 1200 lumini
651 1161 779 1203 vero
810 1165 1006 1204 manus
1035 1165 1163 1205 suas
1197 1149 1417 1206 inferre.
1456 1151 1611 1208 Unde
1634 1168 1697 1207 ex
1733 1159 1862 1206 tunc
1898 1169 2022 1206 om-

433 1236 522 1291 nis
557 1236 647 1292 illa
689 1253 821 1308 gens
867 1240 1106 1295 tenebris
1128 1250 1212 1295 est
1251 1242 1473 1310 repleta,
1513 1242 1655 1298 sicut
1696 1243 1827 1297 dicit
1875 1242 2012 1298 Pro-

433 1325 591 1394 pheta
616 1327 662 1358 ⁸⁵
695 1345 709 1381 :
755 1327 1116 1382 Obscurentur
1137 1329 1276 1383 oculi
1302 1347 1483 1385 eorum
1506 1347 1568 1385 ne
1611 1332 1842 1386 videant.
1883 1331 2010 1387 Item

433 1415 539 1470 sub
569 1414 754 1487 Moyse
783 1416 936 1474 facta:
965 1431 1094 1475 sunt
1119 1421 1357 1476 tenebrae
1395 1432 1448 1476 et
1481 1422 1655 1492 caligo
1690 1439 1854 1493 super
1898 1439 2013 1478 om-

431 1520 556 1560 nem
599 1517 798 1562 terram
834 1510 1050 1582 Egypti
1099 1513 1274 1569 tribus
1299 1515 1534 1570 diebus:
1580 1525 1635 1571 et
1665 1531 1825 1571 nemo
1877 1518 2012 1572 vidit

431 1595 652 1651 fratrem
681 1613 866 1666 suum,
912 1617 1090 1672 neque
1115 1605 1352 1659 surrexit
1391 1605 1458 1661 de
1488 1606 1629 1661 lecto
1670 1623 1771 1662 suo
1810 1609 2009 1678 aliquis

430 1686 608 1742 tribus
642 1688 854 1744 diebus.
884 1689 1151 1748 Omnibus
1172 1703 1351 1748 autem
1386 1696 1510 1751 filiis
1556 1695 1719 1752 Israel
1762 1709 1881 1753 erat
1919 1702 2006 1754 lu-

428 1791 553 1831 men
584 1779 638 1831 in
675 1781 931 1837 omnibus
969 1783 1102 1838 locis
1149 1786 1200 1838 in
1250 1785 1453 1855 quibus
1499 1789 2000 1844 eommorabantur.

429 1864 545 1921 Sub
570 1867 790 1925 Christo
811 1881 989 1926 autem
1030 1854 1280 1930 tenebrae
1317 1873 1473 1931 factae
1511 1888 1639 1932 sunt
1687 1893 1856 1948 super
1885 1896 2004 1934 om-
2036 1854 2078 1909 Β

428 1970 553 2009 nem
599 1964 798 2013 terram
847 1959 1088 2017 Iudaeam
1147 1965 1323 2021 tribus
1364 1967 1553 2037 horis,
1607 1969 1788 2024 lumen
1821 1982 2003 2026 autem

429 2042 531 2099 fuit
575 2060 742 2116 super
788 2063 1006 2106 omnem
1037 2053 1300 2124 reliquam
1349 2065 1583 2123 terram,
1629 2061 1772 2128 quod
1805 2062 2005 2130 ui-ique

425 2132 698 2192 illuminat
741 2153 959 2196 omnem
1003 2141 1303 2199 Eeelesiam
1339 2145 1431 2201 Dei
1477 2148 1530 2202 in
1566 2147 1803 2204 Christo.
1850 2149 1914 2204 Et
1957 2153 2002 2207 si

425 2239 601 2297 usque
621 2228 688 2284 ad
721 2246 922 2286 nonam
960 2233 1150 2289 horam
1179 2238 1415 2293 tenebrae
1445 2239 1667 2295 fuerunt
1698 2259 1862 2313 super
1887 2260 2006 2298 om-

423 2331 548 2372 nem
581 2327 782 2374 terram
807 2320 1074 2386 Jualzeam,
1099 2325 1448 2385 manifestum
1489 2338 1573 2386 est
1606 2335 1866 2401 quoniam
1905 2335 2004 2390 ite-

417 2428 541 2469 rum
577 2410 759 2473 lumen
800 2414 919 2488 ejus
950 2415 1182 2488 refulsit,
1214 2422 1341 2492 quia
1391 2439 1515 2478 cum
1554 2424 1845 2478 multitudo
1873 2441 2005 2495 gen-

416 2507 557 2562 tium
588 2508 912 2577 intraverit,
963 2522 1094 2567 tunc
1123 2516 1304 2570 omnis
1339 2513 1504 2569 Israel
1549 2517 1734 2571 salvus
1783 2518 2002 2574 futurus

420 2609 527 2654 est.
559 2598 712 2666 Quod
755 2612 936 2657 autem
973 2605 1148 2660 tribus
1184 2605 1338 2662 horis
1390 2605 1547 2661 facta:
1595 2619 1724 2663 sunt
1767 2611 2003 2665 tetu-bra:

417 2704 585 2760 super
611 2701 810 2748 terram
844 2693 1108 2761 Judteam,
1141 2698 1271 2752 illud
1307 2701 1546 2754 ostendit
1577 2701 1838 2771 quoniam
1875 2720 2000 2772 ιιι-ο-

415 2790 540 2853 pter
563 2795 787 2852 peccata
833 2801 932 2840 sua
963 2787 1158 2856 privati
1188 2800 1316 2844 sunt
1339 2807 1368 2844 a
1398 2788 1603 2846 lumine
1657 2791 1750 2847 Dei
1799 2794 1997 2860 Patris,

416 2884 471 2927 et
496 2888 527 2928 a
559 2875 848 2944 splendore
879 2877 1107 2945 Christi,
1130 2889 1185 2936 et
1216 2883 1285 2936 ab
1314 2883 1724 2942 illuminatione-
1762 2887 1998 2958 Spiritus

413 2966 612 3020 sancﬁ.

488 3057 612 3112 135.
659 3057 816 3114 Circa
852 3078 1044 3117 nonam
1095 3075 1272 3120 autem
1306 3067 1492 3122 harant
1538 3069 1789 3126 clamavit
1841 3073 1996 3129 Iesus

414 3164 536 3253 voce
579 3166 772 3253 magna
798 3192 812 3216 ,
855 3153 1033 3208 dicens
1056 3154 1234 3253 :“Eli,
1290 3157 1408 3225 Eli,
1443 3160 1588 3215 lania
1629 3164 1947 3221 sabactlmni
1977 3184 1996 3232 ;
2025 3196 2068 3253 ο

414 3238 511 3292 Itoc
550 3251 627 3294 est
656 3255 676 3292 :
706 3240 842 3296 Deus
878 3260 1044 3308 meus,
1078 3245 1220 3301 Deus
1243 3264 1407 3315 meus,
1440 3262 1494 3305 ut
1524 3253 1652 3320 quid
1697 3271 1777 3308 nte
1802 3257 1998 3311 dereli-

411 3331 574 3400 quisti
597 3333 624 3386 .9
655 3331 760 3397 Qui
797 3344 975 3388 autent
1003 3338 1114 3392 illic
1132 3348 1332 3394 stantes
1361 3352 1549 3408 erant,
1605 3353 1654 3397 et
1699 3348 1993 3415 audientes,

412 3424 680 3487 dicebant,
713 3428 842 3498 quia
859 3430 1042 3484 Eliam
1070 3445 1215 3488 vocat
1239 3435 1340 3489 iste
1361 3435 1429 3490 ⁸⁸.
1465 3436 1635 3508 Digne
1663 3439 1774 3496 Deo
1814 3445 1998 3514 requi-

410 3517 641 3571 rendum
667 3530 890 3590 estquae
931 3522 1034 3578 fuit
1053 3524 1143 3580 illa
1167 3543 1362 3598 magna
1389 3543 1494 3584 vos
1533 3531 1774 3602 Christi,
1810 3545 1992 3592 utrum

410 3620 608 3678 magna
641 3609 806 3667 rebus
840 3616 1316 3684 magnitieautibus
1336 3635 1532 3691 magna
1567 3627 1856 3695 mysteria,
1901 3639 1997 3684 aut

397 3710 609 3766 magna
644 3701 893 3755 sensibili
933 3712 990 3756 et
1039 3708 1312 3775 corporali
1348 3724 1560 3778 magna:
1602 3715 1752 3769 vocis
1779 3717 1992 3772 auditu.

408 3781 550 3839 Puto
574 3797 756 3841 autem
792 3790 936 3858 quod
967 3793 1150 3848 omnis
1173 3810 1277 3850 vox
1299 3796 1498 3851 Christi
1528 3798 1648 3854 Filii
1678 3800 1768 3857 Dei
1797 3821 1995 3877 magna

408 3885 510 3941 est,
543 3877 645 3931 etsi
681 3877 845 3934 fuerit
871 3881 1008 3937 lenis
1033 3901 1048 3950 ;
1075 3894 1129 3939 et
1162 3894 1392 3942 testatur
1425 3889 1494 3944 de
1528 3891 1632 3948 hoc
1680 3894 1800 3964 ipso
1845 3896 1996 3953 Scri-

409 3974 590 4034 ptura,
645 3967 699 4022 in
735 3969 870 4027 locis
899 3972 1137 4028 maxime
1165 3975 1273 4031 illis
1305 3977 1357 4032 in
1399 3981 1602 4050 quibus
1643 3986 1757 4040 vult
1784 3988 1995 4059 erigere

407 4059 738 4125 auditorem,
774 4071 830 4117 ut
885 4066 1318 4137 trausgrediatnr
1360 4071 1493 4127 illud
1528 4076 1675 4144 quod
1720 4080 1877 4135 multi
1909 4081 1994 4136 in-

408 4151 652 4222 telligere
710 4166 942 4224 possunt
989 4156 1044 4212 in
1107 4160 1283 4227 locis,
1320 4171 1375 4218 et
1423 4181 1530 4220 non
1567 4179 1749 4225 manet
1797 4172 1850 4227 in
1902 4189 1991 4242 eo,

407 4245 662 4312 quamvis
706 4249 1008 4305 secundum
1052 4251 1357 4323 simplicem
1409 4257 1744 4318 intellectum
1793 4265 1994 4323 habeat

495 4352 560 4393 eo
582 4338 822 4409 aliquam
850 4343 1156 4411 veritatem,
1189 4357 1248 4402 ut
1271 4350 1574 4424 intelligere
1598 4357 1772 4424 possit
1806 4358 1991 4430 aliqua

405 4425 568 4498 digne
618 4440 842 4502 propter
888 4449 1140 4505 magnam
1178 4436 1392 4495 Domini
1442 4459 1654 4499 vocem.
1717 4425 1988 4514 Quoniam

2126 702 2390 762 quantum
2423 693 2488 745 ad
2518 691 2607 745 illa
2633 691 2686 742 in
2718 689 2920 759 quibus
2944 689 3122 743 fuerat
3145 687 3315 742 forma
3338 689 3428 743 Dei
3457 691 3703 746 invisibi-

2123 784 2214 848 lis,
2241 793 2296 838 et
2319 785 2498 852 imago
2534 781 2835 838 secundum
2875 779 3114 844 Patrem,
3152 779 3445 834 derelictus
3481 795 3511 832 a
3542 778 3702 834 Patre

2121 881 2206 927 est
2267 873 2485 942 quando
2547 870 2789 939 suscepit
2861 869 3002 925 servi
3070 869 3349 931 formam,
3419 877 3474 922 et
3543 868 3700 922 dere-

2121 964 2282 1021 lictus
2334 980 2434 1034 pro
2489 963 2806 1017 hominibus
2839 999 2854 1024 ,
2917 969 2978 1013 ut
3028 959 3157 1012 talia
3214 967 3269 1012 et
3313 965 3463 1012 tanta
3521 959 3699 1012 susci-

2119 1065 2304 1127 peret,
2368 1064 2424 1111 et
2483 1069 2658 1124 usque
2723 1054 2788 1107 ad
2852 1061 3082 1106 mortem
3139 1051 3376 1115 veniret,
3437 1059 3491 1104 et
3550 1064 3698 1102 mor-

2120 1158 2225 1203 tem
2301 1147 2524 1210 crueis,
2606 1160 2728 1215 quae
2806 1143 2948 1196 inter
3035 1142 3287 1196 homines
3380 1139 3703 1208 turpissima.

2115 1254 2237 1293 esse
2285 1238 2515 1293 videtur.
2576 1235 2890 1290 Extremum
2957 1234 3101 1287 enim
3154 1232 3524 1287 derelictiouis
3575 1223 3696 1301 eius

2113 1326 2276 1398 925
2308 1326 2508 1382 factum
2540 1335 2623 1380 est
2651 1327 2870 1394 quando
2910 1323 3300 1378 erueiiixerunt
3334 1336 3482 1384 eum,
3516 1330 3569 1374 et
3598 1335 3696 1388 po-

2113 1426 2342 1471 suerunt
2383 1431 2551 1485 super
2598 1423 2762 1485 caput
2800 1414 2940 1483 ejus,
2987 1412 3144 1483 quasi
3190 1411 3498 1465 deridentes
3545 1425 3692 1473 eum,

2111 1509 2322 1564 litteras
2367 1509 2648 1563 dicentes:
2699 1507 2800 1560 Hic
2831 1516 2907 1558 est
2933 1505 3089 1559 Jesus
3137 1519 3228 1558 rea:
3269 1502 3584 1557 Judworum
3625 1500 3692 1554 ⁸⁸.

2110 1601 2424 1655 Extremum
2471 1609 2650 1654 autem
2703 1599 3075 1654 derelictionis
3119 1597 3237 1666 ejus
3291 1603 3408 1650 erat
3455 1601 3510 1646 et
3564 1591 3695 1645 illud

2107 1694 2251 1764 quod
2284 1693 2422 1746 inter
2447 1692 2687 1746 latrones
2723 1699 2806 1744 est
2850 1688 3172 1751 crucilixus,
3208 1697 3262 1740 et
3298 1685 3444 1754 quod
3477 1692 3698 1752 praster-

2105 1792 2297 1840 euntes
2350 1781 2799 1851 blasphemabant
2845 1795 2970 1833 eum
3031 1786 3310 1832 moventes
3357 1791 3521 1848 super
3567 1789 3694 1828 eum

2107 1877 2305 1944 capita,
2354 1884 2408 1928 et
2454 1873 2596 1943 quod
2644 1874 2918 1942 principes
2963 1886 3088 1924 eum
3138 1869 3347 1923 Scribis
3397 1867 3692 1922 dicebant:

2107 1966 2256 2020 Alios
2281 1965 2450 2018 salvos
2471 1965 2616 2033 fecit,
2635 1964 2860 2032 seipsum
2888 1978 2989 2014 non
3007 1971 3174 2031 potest
3199 1959 3398 2013 salvum
3419 1959 3591 2028 facere
3623 1957 3691 2010 ⁸⁸.

2107 2059 2299 2114 Adhuc
2357 2067 2537 2111 autem
2592 2065 2647 2110 et
2698 2056 2852 2120 illud,
2908 2055 3050 2124 quod
3090 2054 3254 2108 etiam
3303 2053 3543 2106 latrones
3587 2050 3693 2104 im—

2109 2154 2469 2225 properabant
2493 2153 2543 2208 ei
2578 2153 2630 2206 iu
2666 2167 2851 2207 cruce.
2894 2149 3038 2219 Ergo
3071 2147 3359 2203 manifeste
3393 2146 3695 2216 intelligere

2107 2247 2310 2318 poteris
2349 2246 2478 2316 qttid
2512 2245 2584 2300 sit
2626 2243 2770 2315 quod
2813 2242 2966 2296 dicit.
3024 2240 3202 2305 Quare
3240 2256 3320 2292 me
3362 2237 3693 2307 dereliquisti

2106 2340 2192 2393 ὀἳ
2222 2339 2429 2394 faciens
2465 2338 2927 2407 comparationem
2973 2333 3160 2404 gloriae
3195 2333 3342 2387 illius
3383 2346 3546 2400 quam
3593 2331 3694 2384 ha-

2105 2433 2225 2487 buit
2253 2431 2395 2500 apud
2440 2429 2680 2493 Patrem,
2720 2428 2786 2480 ad
2828 2424 3209 2480 confusionem
3241 2439 3406 2492 quam
3449 2432 3695 2476 contem-

2105 2541 2242 2580 nens
2274 2523 2535 2578 sustinuit
2575 2536 2815 2576 crucem.
2847 2518 3014 2573 Sedes
3047 2518 3191 2572 enim
3231 2518 3376 2571 illius
3407 2526 3523 2569 erat
3554 2515 3693 2568 sicut

2102 2614 2183 2668 sol
2220 2616 2272 2668 in
2309 2623 2585 2682 conspectu
2624 2610 2742 2675 Dei,
2770 2618 2819 2663 et
2849 2609 2986 2663 sicut
3018 2610 3146 2661 luna
3179 2607 3410 2677 perfecta
3445 2608 3497 2659 in
3540 2615 3694 2659 teter-

2102 2723 2248 2770 num,
2281 2715 2329 2760 et
2360 2712 2479 2758 erat
2503 2704 2650 2756 testis
2675 2701 2791 2769 ejus
2830 2698 3002 2769 ﬁdelis
3035 2701 3088 2751 in
3118 2698 3247 2753 ctelo
3277 2699 3344 2763 9‘,
3379 2706 3563 2768 postea
3597 2713 3694 2751 au-

2103 2809 2208 2854 tem
2241 2809 2294 2854 et
2323 2814 2422 2869 pro
2451 2797 2652 2868 quibus
2682 2794 2852 2850 dicit:
2883 2793 3060 2858 Quare
3083 2810 3164 2846 me
3193 2790 3519 2861 dereliquisti
3541 2791 3566 2843 ?
3600 2805 3696 2845 su-

2104 2891 2409 2960 peraddidit
2436 2890 2658 2944 dicens:
2696 2887 2775 2942 Tu
2809 2897 2986 2940 autem
3023 2885 3290 2955 repulisti.
3317 2893 3365 2937 et
3394 2900 3491 2952 pro
3527 2881 3695 2936 nihilo

2099 2984 2391 3046 deduxisti,
2423 2990 2472 3036 et
2497 2979 2758 3034 distulisti
2787 2977 3061 3033 Christum
3086 2985 3256 3038 tuum,
3278 2975 3510 3030 evcrtisti
3533 2984 3695 3027 testa-

2100 3087 2332 3130 mentum
2377 3075 2513 3129 servi
2549 3075 2650 3136 tui,
2696 3071 2999 3141 profanasti
3049 3070 3104 3123 in
3168 3078 3308 3122 terra
3348 3067 3690 3122 sanctitatem

2100 3168 2236 3236 ejus,
2265 3175 2317 3220 et
2350 3175 2545 3221 caetera
2579 3166 2645 3218 ⁹¹.
2680 3163 2747 3218 Et
2781 3161 3024 3233 quandiu
3055 3159 3274 3229 quidem
3313 3156 3414 3210 fuit
3443 3155 3574 3210 solis
3603 3155 3692 3207 lu—

2105 3276 2228 3315 men
2272 3259 2436 3313 etiam
2482 3267 2632 3312 tanta
2672 3263 2727 3311 et
2769 3255 2896 3309 talia
2941 3251 3244 3314 sustinens,
3281 3264 3389 3303 non
3433 3246 3688 3302 dicebat:

2104 3353 2284 3418 Quare
2317 3365 2397 3403 nte
2430 3347 2758 3418 dereliquisti
2782 3347 2806 3402 ξ)
2835 3343 3134 3412 Postquam
3165 3348 3345 3394 autem
3373 3337 3504 3392 vidit
3530 3351 3693 3402 super

2103 3458 2323 3500 omnem
2355 3450 2555 3495 terram
2585 3437 2828 3494 Judaaam
2861 3450 3034 3506 usque
3065 3434 3132 3488 ad
3162 3433 3352 3488 horam
3388 3445 3587 3485 nonam
3620 3436 3696 3484 te-

2104 3537 2302 3592 nebras
2334 3533 2526 3598 factas,
2561 3531 2697 3585 dixit
2730 3543 2924 3598 magna
2958 3541 3091 3581 voce
3116 3539 3215 3580 sua
3243 3541 3256 3576 :
3292 3523 3472 3587 Quare
3494 3537 3575 3574 me
3598 3520 3693 3573 de-

2103 3625 2365 3697 reliquisti
2387 3626 2413 3677 .9
2434 3622 2568 3678 lllud
2603 3621 2890 3676 ostendere
2917 3618 3107 3672 volens
3140 3630 3235 3684 per
3263 3615 3397 3678 haec,
3425 3613 3686 3683 quoniam

2101 3721 2292 3777 volens
2318 3713 2656 3784 dereliquisti
2689 3726 2800 3774 me.
2823 3708 3005 3773 Pater,
3039 3717 3093 3761 et
3123 3706 3321 3760 talibus
3348 3703 3689 3758 exinanitum

2102 3805 2510 3866 calamitatibus
2537 3799 2832 3863 tradidisti,
2857 3807 2919 3852 ut
2946 3796 3180 3868 populus
3212 3793 3305 3861 qui
3341 3794 3519 3848 fuerat
3545 3793 3688 3860 apud

2103 3913 2170 3957 te-
2205 3901 2534 3959 honoratus,
2585 3890 2810 3961 recipiat
2841 3903 2964 3958 quae
2997 3887 3051 3940 in
3100 3899 3187 3939 me
3229 3899 3399 3938 ausus
3438 3891 3542 3949 est,
3587 3882 3691 3937 im-

2100 3995 2256 4066 plens
2285 4001 2602 4045 mensuram
2629 3993 2845 4054 patrum
2873 3993 3130 4044 suorum,
3156 3986 3211 4032 et
3237 3990 3360 4047 qua:
3381 3991 3544 4046 super
3565 3991 3692 4046 pro-

2100 4085 2299 4155 phetas
2328 4079 2478 4145 fecit,
2509 4084 2569 4131 ut
2609 4075 2855 4145 privetur
2885 4087 2916 4126 a
2959 4069 3167 4124 lumine
3210 4078 3317 4123 tua:
3351 4068 3688 4137 prospectio-

2100 4177 2212 4241 nis,
2245 4183 2301 4230 et
2327 4171 2594 4228 efﬁciatur
2630 4171 2686 4224 in
2725 4167 2969 4224 tenebris
3010 4163 3169 4235 quasi
3209 4172 3260 4218 te
3300 4161 3410 4216 Deo
3435 4161 3549 4232 jam
3593 4175 3689 4214 ne-

2098 4281 2378 4339 quaquam
2422 4265 2504 4321 eis
2543 4270 2831 4334 praesente.
2865 4257 2971 4313 Sed
3001 4265 3058 4313 et
3102 4270 3200 4326 pro
3235 4254 3411 4309 salute
3440 4251 3685 4323 gentium

2098 4357 2436 4429 dereliquisti
2470 4371 2577 4424 me,
2619 4362 2679 4410 ut
2720 4349 3000 4408 derelictio
3039 4346 3202 4403 Israel
3244 4346 3395 4401 fleret
3440 4343 3682 4414 gentium

2099 4453 2250 4510 salus
2278 4452 2346 4530 'f.
2390 4449 2535 4517 Quid
2580 4455 2764 4502 autem
2804 4453 2915 4500 tam
2943 4443 3152 4498 bonum
3192 4439 3438 4495 fecerunt
3474 4437 3566 4508 qui
3613 4450 3684 4492 ex

403 4533 534 4590 ergo
571 4520 656 4577 his
697 4523 878 4579 verbis
928 4529 1171 4584 ostendit
1195 4531 1401 4603 aliquid
1446 4550 1570 4592 esse
1608 4537 1990 4602 absconditum
2025 4547 2070 4602 D
2097 4520 2352 4616 gentibus
2387 4540 2758 4602 crediderunt,
2792 4543 2852 4590 ut
2883 4533 3123 4606 pretioso
3157 4530 3420 4600 sanguine
3447 4544 3569 4584 meo
3598 4544 3686 4584 su-

405 4627 664 4683 niagnum
696 4616 840 4684 quod
870 4617 1068 4674 clamat
1100 4622 1166 4676 ad
1204 4621 1373 4679 Deum
1404 4627 1590 4686 dicens
1628 4647 1642 4683 :
1689 4636 1866 4699 Quare
1911 4656 1991 4694 me

404 4703 778 4798 dereliquisti?
803 4708 923 4763 ideo
967 4713 1354 4781 requirendum
1401 4729 1484 4774 est
1511 4722 1642 4791 quid
1674 4735 1758 4780 est
1779 4729 1926 4798 quod
1959 4747 1990 4787 a

405 4793 516 4850 Deo
539 4798 831 4854 derelictus
861 4810 945 4856 est
973 4802 1243 4861 Christus.
1287 4807 1398 4866 Nec
1438 4813 1584 4868 enim
1629 4814 1711 4873 fas
1751 4793 1836 4875 est
1867 4837 1989 4880 cre—

401 4883 532 4980 dere
554 4901 678 4940 eum
713 4890 931 4945 mentiri
970 4892 1239 4949 dicentem
1265 4913 1278 4948 :
1305 4897 1485 4962 Quare
1510 4919 1592 4956 me
1620 4905 1950 4980 dereliquisti
1968 4915 1994 4968 ἵ)

403 4973 471 5029 Et
492 4977 716 5046 quidam
745 4983 933 5039 colore
984 4986 1267 5058 religionis
1299 5007 1397 5060 pro
1444 4993 1572 5050 Jesu
1594 5037 1610 5062 ,
1640 5009 1695 5054 et
1719 4973 1848 5072 quia
1877 5021 1986 5062 non

402 5080 949 5166 possunt-exponere
1001 5079 1133 5148 quid
1181 5082 1254 5136 sit
1304 5082 1586 5142 Christum
1612 5090 1920 5166 derelinqui
1956 5116 1986 5155 a

405 5156 533 5260 Deo,
552 5163 890 5223 arbitrantur
909 5178 966 5224 et
992 5170 1182 5228 dicunt
1208 5191 1221 5228 :
1248 5173 1451 5232 Verum
1479 5181 1700 5250 quidem
1731 5198 1816 5243 est
1840 5156 1986 5260 quod

402 5252 607 5311 dictant
643 5270 747 5330 est,
776 5272 956 5322 tamen
979 5282 1076 5338 per
1107 5267 1471 5326 humilitatem
1506 5274 1713 5332 dictum
1741 5252 1988 5341 esu-Nos

402 5355 584 5404 autem
613 5353 855 5415 videntes
878 5375 1004 5416 eum
1034 5363 1124 5432 qui
1155 5362 1206 5417 in
1238 5363 1409 5422 forma
1445 5367 1537 5423 Dei
1573 5370 1749 5428 fuerat
1775 5379 1984 5434 consti-

403 5445 573 5506 tutus,
607 5443 677 5498 ab
713 5445 1029 5518 bujusmodi
1057 5453 1432 5524 magnitudine
1454 5458 1898 5530 descendentem,
1928 5479 1982 5525 et

402 5535 754 5604 semetipsum
804 5541 1208 5600 exinanieutem
1266 5561 1364 5616 per
1414 5548 1519 5606 hoc
1559 5555 1703 5622 quod
1749 5554 1982 5616 formam

470 5693 518 5726 “
555 5694 685 5748 Luc.
735 5711 903 5761 χχιιι,
935 5700 1020 5764 18,
1046 5701 1135 5757 21.

404 5778 573 5824 uvu.
604 5765 690 5821 57.

402 5847 524 5889 xxv:
546 5876 561 5903 ,
590 5836 676 5890 58.
755 5837 803 5869 9'
831 5836 976 5894 Psal.
1010 5857 1135 5897 xxix
1161 5884 1174 5904 ,
1210 5845 1293 5900 lt).

1243 5705 1460 5778 "Psal.
1499 5727 1687 5778 vaut,
1715 5714 1806 5770 24,

800 5718 1020 5799 35.16,
1046 5718 1135 5757 τι.
1243 5718 1460 5788 δεχνβςιι.
1499 5727 1687 5778 vaut,
1715 5718 1806 5770 ‘24.
1917 5721 1963 5752 ⁸⁸
2000 5769 2002 5776 λ

800 5839 803 5860 ί
835 5770 1125 5860 “ibridae;
1204 5776 1420 5860 '.°ntbtd.
1459 5782 1528 5836 46
1624 5785 1664 5816 θ’
1699 5783 1836 5841 Psal.
1874 5806 2002 5847 LXX]

2104 5725 2192 5779 .th.
2221 5737 2395 5784 χχιιι,
2423 5718 2492 5774 46
2521 5726 2573 5773 et
2601 5731 2755 5785 seqq.
2833 5718 2874 5744 ⁵⁷
2905 5718 3106 5778 Philip.
3141 5722 3205 5772 ιι,
3236 5718 3286 5758 ι.
3400 5718 3446 5779 ’τ’
3474 5718 3666 5756 manu.

2104 5811 2139 5860 ι,
2170 5794 2261 5849 58.
2338 5793 2383 5825 ³³
2407 5790 2538 5846 ibid.
2575 5789 2663 5853 59,
2693 5787 2779 5843 40.
2856 5785 2902 5815 ’³
2935 5780 3090 5837 lium.
3124 5794 3199 5844 XI,
3233 5774 3316 5828 ll.
3393 5772 3438 5806 "
3472 5771 3666 5827 Matth.

2097 4653 2191 4708 per
2224 4644 2428 4690 terram
2476 4632 2653 4688 effuso
2681 4644 2782 4700 pro
2824 4629 2928 4694 eis,
2973 4639 3210 4682 emerem
3256 4638 3352 4678 eos
3379 4637 3410 4676 a
3443 4621 3682 4692 maligno

2094 4730 2187 4800 qui
2214 4735 2464 4783 tenuerat
2487 4724 2627 4780 eos?
2653 4733 2707 4778 et
2731 4736 2903 4793 quare
2930 4720 3126 4775 faciem
3154 4726 3302 4773 tuam
3333 4715 3600 4775 avertisti,
3627 4722 3680 4768 et

2093 4818 2272 4875 iactus
2297 4831 2420 4872 sum
2450 4813 2830 4874 conturbatus,
2867 4818 2925 4864 ut
2955 4809 3133 4863 dicam
3165 4824 3178 4860 :
3227 4803 3416 4858 Tristis
3448 4811 3526 4858 est
3563 4802 3682 4854 aui-

2096 4927 2183 4965 nta
2215 4924 2329 4962 mea
2367 4921 2530 4977 usque
2561 4903 2630 4957 ad
2662 4910 2884 4956 mortem
2903 4899 2985 4953 “i
3008 4897 3116 4952 Aut
3145 4895 3274 4966 quid
3321 4895 3426 4949 tale
3453 4893 3678 4962 dignum

2095 5002 2292 5059 facturi
2326 5009 2457 5056 sunt
2486 4996 2739 5054 homines
2769 5008 2870 5065 pro
2901 4992 3102 5063 quibus
3125 4988 3301 5060 patior
3327 4987 3451 5049 ista,
3485 4993 3546 5040 ut
3580 4998 3680 5054 pro

2094 5097 2176 5153 eis
2203 5111 2304 5166 ego
2336 5093 2514 5164 patiar
2546 5087 2700 5144 lueet
2727 5086 2868 5141 sicut
2891 5094 2946 5139 et
2977 5082 3251 5153 Pmpheta-
3289 5079 3402 5149 jam
3441 5086 3567 5132 ante
3611 5075 3681 5128 de

2095 5195 2202 5249 hoc
2231 5191 2351 5261 ipso
2391 5184 2661 5259 praedixit,
2698 5179 2857 5252 quasi
2898 5177 3145 5232 clamans
3182 5171 3248 5227 ad
3294 5180 3364 5236 te,
3394 5178 3449 5224 et
3487 5169 3678 5261 dicens

2095 5287 2184 5338 ηε
2233 5258 2366 5350 Qua:
2395 5258 2638 5342 utilitas,
2680 5289 2714 5330 ο
2761 5272 2942 5335 Pater,
2982 5265 3298 5323 hominibus
3326 5261 3468 5316 facta
3497 5266 3582 5350 est
3621 5258 3676 5310 in

2095 5347 2352 5446 sanguine
2385 5372 2676 5435 meo,'dum
2697 5362 2951 5420 descendo
2977 5361 3031 5414 in
3055 5356 3442 5426 corruptionem
3461 5354 3487 5407 7
3519 5347 3572 5402 Ν
3577 5365 3676 5400 ινι-

2087 5444 2215 5539 quid
2243 5461 2578 5533 conﬁtebitur
2606 5458 2702 5512 tibi
2730 5456 2924 5528 pulvis,
2969 5463 3063 5507 aut
3107 5447 3446 5505 annuntiabit
3481 5444 3672 5500 verita-

2090 5536 2191 5616 tem
2225 5560 2417 5614 tuam?
2447 5553 2698 5610 Forsitan
2724 5561 2905 5607 autem
2941 5556 2996 5602 et
3026 5545 3213 5600 videns
3245 5549 3464 5612 peccata
3493 5536 3672 5592 homi-

2833 5713 2876 5744 ⁸⁷
2904 5707 3106 5778 Philip.
3141 5722 3205 5772 ιι,
3234 5704 3286 5778 7.
3394 5702 3446 5778 ξέ
3473 5699 3666 5778 Matth.
