4112 6430
465 353 609 411 1787
1663 358 1989 416 ORIGENIS
2027 358 2099 415 IN
2136 358 2558 416 MATTIIEUM
3603 374 3739 430 “33

461 488 592 526 num
645 489 744 543 pro
798 474 1001 545 quibus
1048 476 1373 546 patiebatur,
1430 476 1645 532 dicebat
1680 494 1694 531 :
1745 476 1926 540 Quare
1967 491 2048 530 me
2083 480 2122 537 Α
2150 474 2339 530 vivunt
2364 482 2545 530 autem
2579 474 2739 540 male,
2773 476 2907 530 dant
2940 478 2988 531 ei
3025 480 3207 533 vinum
3240 479 3423 534 bibere
3464 480 3585 537 felle
3615 444 3741 554 per-

454 562 787 634 dereliquiin
838 566 911 632 ⁸⁸,
963 575 1022 621 ιιι
1080 566 1267 621 ﬁerem
1316 568 1471 637 quasi
1535 571 1625 638 qui
1692 568 1893 639 colligit
1949 569 2047 622 sti-

460 657 643 723 pulam
689 659 747 713 in
781 675 984 723 messe,
1036 672 1084 715 et
1138 662 1276 716 sicut
1316 662 1407 732 qui
1442 661 1643 731 colligit
1698 678 1930 716 racemos
1987 662 2040 714 in

461 748 748 813 vindemia,
809 762 929 803 cum
987 767 1095 805 non
1150 752 1222 806 sit
1276 752 1449 806 botrio
1506 752 1575 806 ad
1619 744 2043 806 manducandum

456 840 723 908 primitiva
768 842 851 894 '7?
908 841 971 897 Et
1012 843 1126 898 hac
1167 843 1309 907 dico,
1360 845 1488 915 quia
1543 845 1701 915 periit
1758 846 2041 901 timoratus

455 945 489 982 a
518 939 679 997 terra,
719 940 771 985 et
814 933 908 1002 qui
957 935 1195 1005 corrigat
1245 935 1381 989 inter
1427 935 1657 990 homines
1701 953 1803 990 non
1853 945 1931 990 est
1971 935 2038 993 ’⁸.

458 1020 611 1076 Unde
638 1037 747 1078 non
780 1025 1058 1080 existimes
1093 1026 1335 1082 humano
1380 1042 1532 1083 more
1561 1025 1902 1084 Salvatorcm
1936 1028 2037 1083 ista

450 1112 656 1169 dixisse
697 1123 917 1185 propter
962 1117 1327 1172 calamitatem
1384 1134 1509 1187 quae
1555 1119 2041 1188 comprehenderat

416 1217 576 1258 .eum
635 1204 689 1258 in
750 1220 934 1263 cruce.
988 1206 1046 1263 Si
1096 1208 1243 1263 enim
1296 1208 1370 1263 ita
1424 1209 1722 1276 acceperis,
1767 1222 1874 1264 non
1926 1211 2039 1266 eris

447 1296 684 1352 audiens
715 1312 968 1369 magnam
1017 1314 1207 1353 vocem
1262 1300 1316 1354 in
1365 1316 1473 1370 qua
1514 1290 1617 1355 ista
1666 1301 1879 1356 locutus
1926 1309 2031 1367 est,

447 1402 548 1443 nec
598 1388 765 1459 digna
831 1405 967 1446 voce
1015 1390 1199 1446 divina
1264 1392 1530 1461 requires.
1588 1391 1729 1463 Ergo
1798 1395 2034 1450 tene-bne

445 1478 664 1547 quidem
698 1494 729 1534 a
770 1489 923 1535 sexta
953 1480 1087 1535 hora
1132 1481 1287 1536 facta:
1313 1492 1445 1536 sunt
1478 1497 1643 1551 super
1669 1499 1889 1537 omnem
1922 1492 2031 1537 ter-

444 1580 563 1622 ram
615 1582 789 1639 usque
837 1570 905 1625 ad
954 1586 1157 1625 nonam
1201 1588 1216 1624 :
1265 1570 1418 1639 prius
1464 1580 1644 1626 autem
1691 1587 1857 1641 quam
1907 1574 2028 1626 lini-

443 1666 595 1710 retur
638 1673 803 1721 nona,
835 1658 1091 1714 clamavit
1117 1658 1384 1716 Dominus
1410 1660 1554 1715 circa
1588 1676 1707 1715 eam
1744 1674 1874 1716 voce
1917 1678 2027 1717 ma-

441 1761 570 1816 gna,
600 1749 787 1804 dicens
821 1764 943 1819 qua:
983 1752 1185 1820 scripta
1229 1760 1379 1818 sunt,
1427 1752 1587 1822 quasi
1632 1753 1915 1821 postulans
1967 1763 2027 1808 ut

2158 564 2420 630 mistum;
2462 564 2556 634 qui
2601 575 2781 620 autem
2836 566 3043 622 alienas
3089 582 3123 621 a
3168 568 3394 624 veritate
3436 572 3739 641 sapientius

2155 654 2426 724 applicant
2450 654 2691 721 Christo,
2722 657 2880 725 quasi
2912 673 2979 711 eo
3011 672 3074 711 ea
3108 658 3329 726 dicenti,
3360 660 3412 713 bi
3449 664 3734 733 spongiam

2152 744 2439 815 implentes
2466 755 2619 801 aceto
2664 747 2951 817 imponunt
2980 750 3218 816 calamo,
3253 758 3311 805 et
3352 761 3542 820 potant
3584 771 3731 812 eum.

2152 833 2293 889 Sunt
2322 842 2502 890 autem
2528 837 2623 907 qui
2652 848 2707 892 et
2726 847 2938 894 acetum
2969 849 3023 894 et
3048 839 3140 907 fel,
3164 840 3307 896 sicut
3329 839 3570 900 Joannes
3597 847 3734 901 scri-

2150 927 2249 991 bit,
2288 927 2525 983 olferuut
2566 928 2651 983 ori
2676 929 2825 1000 ejus;
2857 938 2913 985 et
2950 928 3181 986 forsitan
3222 931 3317 1000 qui
3365 933 3586 1003 sapiunt
3614 946 3734 990 tau-

2150 1019 2429 1073 tummodo
2460 1018 2627 1091 926
2668 1020 2829 1086 male,
2871 1020 3154 1092 spongiam
3198 1022 3427 1092 implent
3474 1035 3649 1089 aceto,
3679 1037 3732 1081 et

2148 1107 2434 1178 imponunt
2483 1110 2697 1166 calamo
2747 1110 3031 1180 scripturae
3073 1126 3208 1176 sure,
3248 1121 3302 1166 et
3340 1120 3532 1182 potant
3566 1132 3725 1173 eum:

2143 1199 2235 1268 qui
2290 1208 2471 1253 autem
2522 1208 2577 1255 et
2638 1201 2860 1270 sapiunt
2914 1200 3055 1255 male
3112 1201 3179 1256 de
3229 1202 3725 1272 dispensationibus

2140 1289 2369 1354 Christi,
2403 1299 2457 1345 et
2492 1292 2679 1346 vivunt
2710 1293 2976 1362 nequiter,
3008 1292 3065 1347 hi
3100 1295 3383 1366 spongiam
3420 1296 3628 1365 plenam
3655 1316 3723 1355 ex

2139 1391 2293 1436 aceto
2322 1398 2444 1437 cum
2481 1382 2604 1437 felle
2634 1394 2688 1437 et
2721 1384 2956 1455 byssopo
2984 1384 3325 1454 imponentes
3348 1388 3560 1442 calamo
3586 1388 3726 1444 Scri-

2137 1482 2329 1543 ptura‘,
2373 1474 2608 1529 oll'erunt
2639 1475 2725 1529 ori
2766 1475 2909 1546 ejus.
2936 1475 3040 1541 Qui
3082 1487 3263 1532 autem
3309 1494 3485 1548 neque
3528 1481 3715 1537 vinum

2134 1565 2257 1635 ejus
2287 1566 2474 1620 bibere
2500 1567 2615 1620 vult
2646 1578 2869 1637 propter
2891 1566 3036 1625 fellis
3064 1570 3527 1636 comntistionem,
3554 1572 3725 1627 multo

2136 1655 2309 1724 magis
2350 1672 2456 1709 non
2493 1656 2640 1711 bibet
2678 1666 2919 1725 acetum,
2964 1675 3140 1729 neque
3186 1672 3400 1716 acetum
3442 1661 3564 1717 felle
3595 1678 3718 1732 per-

2136 1746 2379 1800 mistum.
2429 1745 2720 1817 Propterea
2763 1764 2864 1804 nos
2906 1748 3093 1805 vinum
3140 1752 3403 1807 mundum
3449 1754 3519 1807 ab
3562 1755 3718 1809 omni

439 1838 650 1893 oriatur
675 1839 757 1894 sol
789 1848 970 1905 terrae,
1000 1841 1218 1896 solvens
1244 1841 1299 1895 in
1333 1856 1397 1896 ea
1433 1842 1684 1897 tenebras
1717 1843 1882 1896 trium
1923 1844 2025 1899 ho-
2057 1840 2099 1894 ιι
2127 1836 2418 1891 acerbitate
2446 1849 2499 1892 et
2529 1839 2918 1908 amaritudine,
2949 1839 3138 1895 vinum
3170 1842 3316 1912 quod
3343 1844 3581 1911 laetiﬁcat
3624 1859 3718 1899 θον

436 1944 647 1997 rarum,
682 1931 985 1987 secundum
1011 1933 1158 2003 quod
1192 1932 1517 1989 tradidimus
1549 1948 1737 2003 supra.

506 2021 630 2077 156.
656 2022 887 2087 Quidam
924 2033 1101 2079 autem
1133 2024 1248 2079 illic
1278 2034 1503 2087 stantes,
1526 2036 1578 2078 et
1615 2026 1907 2085 audientes.
1938 2027 2023 2079 di-

434 2110 640 2178 cebant,
678 2113 806 2180 quia
846 2110 1023 2166 Etiam
1066 2122 1215 2167 vocat
1256 2114 1375 2170 iste.
1424 2114 1617 2168 Crateri
1666 2124 1841 2168 autem
1879 2116 2015 2170 dice-

434 2200 600 2254 bant:
644 2200 772 2258 Siue
805 2203 1073 2259 videamus
1119 2205 1167 2258 si
1203 2207 1339 2259 venit
1376 2204 1546 2269 Elius,
1586 2216 1636 2261 et
1680 2206 1863 2260 liberet
1901 2223 2019 2260 eum

432 2291 498 2345 ’9.
542 2291 824 2365 Tanquam
877 2295 925 2351 si
974 2296 1261 2351 audissent
1301 2296 1561 2367 quoniam
1619 2297 1787 2353 Deum
1835 2308 2016 2364 vocat,

433 2384 625 2455 utique
651 2386 833 2441 mirati
861 2385 1097 2442 fuissent
1124 2389 1429 2444 orationem
1459 2388 1581 2459 ejus
1613 2390 1667 2444 in
1706 2405 1873 2446 cruce
1898 2407 2015 2446 ma-

426 2475 603 2542 jorem
635 2491 801 2546 quam
836 2475 938 2532 fuit
970 2478 1153 2532 oratio
1181 2477 1335 2534 Jonee
1361 2480 1570 2535 orantis
1605 2480 1658 2534 in
1698 2490 1855 2537 utero
1888 2482 2014 2541 ceti,

428 2576 483 2619 et
513 2566 822 2636 prudiﬁcati
852 2567 1105 2633 fuissent,
1132 2578 1191 2624 ut
1229 2571 1392 2625 etiam
1430 2570 1486 2625 in
1512 2572 1772 2628 extremis
1794 2574 2016 2628 calami-

431 2657 632 2713 tatibus
657 2658 939 2716 constitutl
966 2674 1127 2716 orare
1174 2676 1282 2717 non
1315 2662 1570 2718 desinant
1601 2663 1791 2719 Deum.
1842 2663 2009 2733 Majo-

430 2760 542 2799 rem
570 2754 751 2801 autem
791 2747 915 2802 dico
939 2752 1247 2806 orationem
1272 2750 1475 2806 Christi
1507 2751 1701 2816 fuisse,
1729 2769 1891 2823 quam
1922 2753 2013 2807 Jo-

430 2852 513 2892 ua'
537 2838 591 2892 in
621 2846 779 2894 utero
813 2839 942 2903 ceti,
966 2849 1187 2910 propter
1219 2843 1650 2913 magnitudinem
1687 2860 1867 2899 rerum
1890 2862 2012 2915 qua:

429 2929 881 2985 demonstrantur
909 2947 976 2987 ex
1009 2948 1095 2994 ea,
1122 2942 1176 2987 et
1201 2942 1421 3003 propter
1455 2950 1713 3006 magnum
1752 2936 2008 2992 allectum

429 3018 748 3075 voluntariae
769 3022 1045 3092 passionis
1075 3023 1216 3093 ejus.

496 3110 623 3166 157.
658 3110 732 3168 Et
760 3114 1009 3169 continuo
1051 3132 1332 3172 accurrens
1374 3134 1510 3172 unus
1553 3135 1618 3174 ea
1659 3121 1755 3184 eis,
1795 3129 2007 3192 accepta

2131 1928 2391 1993 hominis,
2434 1939 2487 1983 et
2517 1946 2612 1984 eor
2643 1931 2816 2001 ipsius
2858 1930 2979 1989 Filii
3020 1932 3138 2001 Dei,
3175 1936 3502 2005 accipientes
3536 1952 3601 1989 ex
3651 1951 3720 1991 eo

2128 2019 2246 2083 ipso
2281 2020 2560 2076 Salvatore
2584 2031 2771 2078 nostro
2803 2022 2955 2089 Jesu,
2990 2025 3086 2096 qui
3116 2035 3198 2081 est
3227 2026 3356 2083 vitis
3382 2043 3529 2093 vera,
3566 2038 3720 2098 pote-4

2127 2124 2250 2165 mus
2278 2124 2404 2164 eum
2435 2119 2490 2165 et
2518 2112 2816 2182 discipulos
2840 2114 2981 2181 ejus,
3016 2122 3078 2168 ut
3104 2114 3255 2170 dicat
3277 2114 3347 2170 de
3386 2117 3545 2172 nobis
3581 2118 3720 2173 bene

2125 2199 2439 2268 potantibus
2468 2217 2593 2255 eum
2622 2210 2679 2255 et
2707 2202 3008 2273 discipulos
3034 2204 3154 2273 ejus
3180 2222 3195 2259 ε
3227 2204 3374 2271 Silii,
3403 2216 3451 2260 et
3489 2207 3716 2262 dedistis

2125 2290 2253 2342 mihi
2280 2301 2461 2359 potum
2492 2293 2535 2344 ⁸.
2560 2291 2906 2361 Accipiamns
2932 2303 2986 2348 et
3008 2310 3208 2364 aquam
3236 2295 3548 2351 refectionis
3580 2313 3704 2352 cum

2123 2396 2231 2450 qua
2259 2382 2428 2437 nutrit
2464 2382 2645 2451 justos
2686 2383 2879 2441 Pastor
2926 2386 3127 2453 bonus,
3172 2396 3231 2442 ut
3275 2388 3369 2456 qui
3416 2399 3715 2459 pascuntur

2122 2472 2191 2525 ab
2244 2487 2310 2526 co
2365 2472 2593 2529 dicant:
2647 2473 2817 2545 Super
2872 2493 3065 2546 aquam
3116 2465 3424 2545 i'efeclt'onis
3475 2479 3717 2534 educavit

2123 2578 2225 2618 nos
2259 2563 2303 2616 ⁸.

2194 2654 2315 2707 158.
2348 2652 2506 2710 Iesus
2531 2665 2709 2709 autem
2738 2657 2925 2710 iterum
2950 2657 3187 2712 clamans
3212 2675 3329 2714 voce
3355 2676 3569 2730 magna,
3592 2661 3717 2715 cnti-

2118 2746 2187 2798 sit
2220 2746 2473 2815 spiritum
2499 2748 2541 2800 ⁷.
2592 2747 2865 2813 Quantum
2908 2750 2974 2803 ad
3025 2748 3338 2806 Mattltteum
3371 2752 3590 2821 quidem
3632 2751 3715 2807 di-

2117 2846 2359 2903 centem,
2417 2837 2612 2892 iterum
2663 2838 2935 2896 clamasse
2983 2840 3169 2896 Jesum
3223 2857 3355 2898 voce
3404 2858 3603 2914 magna
3654 2852 3708 2897 et

2115 2929 2365 2984 emisisse
2398 2929 2672 2999 spiritum,
2706 2945 2816 2985 non
2865 2939 3048 2985 autem
3093 2931 3532 2988 manifestantem
3578 2948 3701 3001 qua:

2116 3019 2282 3077 fuerit
2311 3037 2415 3078 vox
2443 3022 2533 3078 illa
2570 3039 2761 3094 magna
2797 3039 2904 3092 qua
2930 3024 3189 3080 clamavit
3227 3026 3447 3091 iterum,
3473 3038 3591 3082 erat
3611 3025 3703 3081 di-

2114 3124 2238 3165 cere
2260 3112 2521 3181 qnoniam
2551 3113 2796 3168 eamdem
2825 3130 3011 3170 vocem
3036 3116 3293 3172 clamavit
3319 3118 3514 3172 iterum
3542 3130 3704 3186 quam
3804 3114 3808 3119 λ

426 3203 643 3273 spongia
680 3204 916 3275 implevit
947 3215 1117 3271 aceto,
1147 3216 1196 3262 et
1230 3209 1483 3279 imposuit
1534 3212 1806 3279 aruudiui,
1836 3224 1884 3268 et
1911 3212 2011 3267 da-

2124 3217 2286 3270 supra
2330 3202 2664 3257 claruaverat
2705 3204 2933 3261 dicens:
2970 3205 3134 3273 Deus,
3167 3206 3304 3262 Deus
3335 3222 3480 3262 uicus
3514 3208 3556 3262 ⁸.
3601 3204 3709 3263 Sed

366 3326 371 3332 ς
424 3293 515 3348 bat
541 3295 592 3349 ei
618 3294 787 3349 bibere
815 3296 854 3350 ί.
888 3297 950 3352 Et
989 3297 1234 3368 implevit
1274 3300 1615 3370 prophetiam
1646 3302 1698 3356 in
1736 3318 1795 3358 se
1825 3303 2011 3358 dicen-

425 3391 534 3439 tem
565 3385 634 3441 de
656 3400 716 3441 se
742 3387 763 3418 '
790 3404 805 3442 :
835 3384 904 3440 Et
939 3388 1198 3444 dederunt
1239 3390 1293 3443 iu
1328 3406 1503 3445 escam
1531 3408 1700 3445 meam
1732 3391 1824 3461 fel,
1860 3404 1910 3447 et
1953 3394 2008 3447 in

424 3476 515 3531 siti
543 3493 658 3533 mea
705 3489 1016 3549 potuerunt
1062 3497 1143 3535 me
1193 3490 1364 3537 aceto.
1419 3481 1547 3538 Ideo
1601 3491 1656 3537 et
1702 3483 2005 3539 secundum

422 3566 688 3625 Joannem
722 3586 849 3626 cum
893 3571 1189 3642 accepisset
1220 3572 1383 3629 Jesus
1429 3583 1643 3629 acetum
1689 3590 1813 3629 cum
1862 3574 2007 3642 felle,

420 3659 598 3716 dixit:
636 3659 1075 3716 Consummatum
1108 3673 1188 3718 est
1218 3664 1238 3695 ³
1268 3664 1431 3719 etiam
1480 3665 1584 3719 hoc
1630 3665 1778 3735 quod
1813 3665 1881 3719 de
1922 3681 2009 3720 me

423 3751 699 3823 Scriptura
747 3754 1098 3823 predixerat.
1150 3755 1402 3812 iucunde
1442 3767 1621 3810 autem
1669 3756 1794 3827 quis
1833 3765 2011 3827 potest

421 3844 499 3898 uti
532 3843 639 3899 hoe
658 3852 808 3899 textu
840 3846 1109 3901 adversus
1132 3849 1229 3902 eos
1256 3846 1352 3916 qui
1382 3847 1619 3918 maligna
1651 3848 1733 3902 vel
1766 3848 2007 3918 scripse-

420 3944 554 3989 runt
582 3934 665 3988 vel
700 3937 950 3991 scribunt
971 3937 1236 3993 adversus
1264 3936 1572 4004 Christum,
1595 3938 1662 3992 de
1689 3939 1889 4007 quibus
1922 3938 2009 3994 di-

422 4026 500 4081 cit
541 4026 709 4082 Isaias
745 4029 801 4082 δε
857 4026 947 4083 Va:
984 4029 1075 4099 qui
1118 4028 1357 4084 scribunt
1401 4029 1658 4099 maligna.
1708 4028 2006 4105 Scribentes

419 4118 559 4170 enim
584 4117 821 4189 maligna
848 4120 1104 4175 scribunt.
1132 4118 1267 4175 Dico
1289 4128 1473 4174 autem
1510 4120 1577 4175 de
1609 4120 1715 4175 illis
1747 4121 1841 4190 qui
1869 4136 2006 4176 con-

424 4209 753 4280 scriptiones
794 4211 1008 4281 aliquas
1052 4210 1404 4276 dimiserunt,
1442 4210 1781 4282 iniquitatem
1813 4210 1866 4264 in
1913 4227 2008 4267 ex-

420 4301 629 4356 celsum
664 4301 968 4371 loquentes.
1005 4302 1071 4356 Et
1118 4310 1300 4358 utetur
1326 4302 1450 4372 quis
1505 4303 1609 4357 hoc
1639 4310 1786 4357 textu
1818 4302 2007 4359 videns

419 4407 517 4447 eos
535 4408 602 4447 ex
627 4393 955 4463 quibusdam
980 4393 1352 4449 auditionibus
1382 4393 1496 4449 sive
1516 4393 1863 4449 ethnicorum
1887 4409 2006 4449 ver-

423 4482 643 4551 borum,
667 4483 782 4538 sive
804 4484 1214 4540 barbaricorum
1243 4499 1560 4541 sermonum
1587 4492 2003 4555 congregantes,

419 4585 474 4630 et
503 4573 763 4629 facientes
785 4570 1155 4631 narrationem
1180 4576 1340 4646 quasi
1371 4576 1658 4645 spongiam
1683 4575 2001 4646 quamdam,

420 4662 780 4733 mlimplentes
810 4677 929 4717 eam
961 4678 1069 4718 non
1100 4663 1167 4718 de
1194 4663 1360 4718 verbo
1391 4661 1635 4733 potabili,
1670 4678 1844 4732 neque
1878 4663 2005 4717 vino

422 4753 728 4810 laetificaute
758 4768 858 4809 cor
891 4753 1155 4821 hominis,
1189 4768 1365 4823 neque
1389 4753 1457 4807 de
1493 4768 1632 4826 aqua
1666 4754 2001 4822 refectionis,

419 4844 514 4900 sed
544 4844 613 4901 de
654 4845 841 4915 aliquo
879 4844 1183 4911 contrario,
1210 4853 1266 4900 et
1292 4845 1507 4909 nocivo,
1543 4854 1598 4900 et
1646 4861 1755 4900 non
1792 4845 2015 4917 potabili

419 4945 575 4992 aceto
606 4936 967 5007 intelligibili;
996 4942 1052 4992 et
1100 4936 1242 4992 hanc
1271 4936 1557 5006 spongiam
1595 4934 1887 5007 imponunt
1918 4951 2014 4991 ca-

431 5028 576 5082 lamo
618 5028 903 5098 scriptum
946 5044 1081 5094 suae,
1127 5037 1184 5084 et
1225 5036 1491 5099 quantum
1529 5026 1594 5082 ad
1620 5043 1723 5097 se,
1768 5027 2019 5083 hesiones

424 5117 668 5173 inierunt
684 5117 822 5175 Jesu
840 5135 907 5197 ex
935 5118 1248 5191 bujusmodi
1278 5129 1427 5190 potu.
1453 5117 1519 5174 Et
1544 5118 1765 5190 quidam
1792 5119 2015 5188 quidem

418 5210 553 5266 dant
575 5208 704 5266 Jesu
741 5210 928 5268 bibere
958 5212 1145 5266 vinum
1175 5228 1299 5268 cum
1329 5210 1452 5267 felle
1484 5209 1831 5281 permistum,
1862 5209 2015 5281 quod

419 5316 531 5357 non
573 5303 691 5358 vult
733 5303 920 5359 bibere
948 5301 1120 5374 {Jesus
1163 5302 1336 5358 Filius
1372 5302 1504 5367 Dei;
1548 5300 1638 5356 alii
1684 5309 1866 5358 autem
1901 5317 2011 5358 non

427 5393 636 5465 riuum,
678 5395 773 5451 sed
816 5405 1053 5451 acetum.
1097 5394 1162 5452 Et
1206 5394 1435 5451 forsitan
1467 5394 1879 5465 quanticunque
1925 5408 2013 5449 se-

427 5487 667 5557 cundum
700 5488 1007 5544 doctrinam
1051 5488 1270 5558 quidem
1316 5484 1743 5543 ecclesiasticam
1776 5485 2014 5556 sapiunt,

501 5651 547 5682 "
574 5648 741 5704 Matth
805 5665 973 5710 xxv",
1008 5648 1098 5702 i6.
1235 5648 1278 5680 ’7
1317 5646 1478 5702 \Iicb.
1514 5664 1585 5701 vu
1612 5687 1624 5708 ,
1663 5648 1708 5700 Ι.

434 5735 605 5776 txvrn
635 5758 650 5778 .
674 5720 766 5773 22.
870 5720 889 5750 ³
920 5707 1077 5771 nam.
1119 5735 1234 5775 xx.
1268 5719 1357 5771 230.
1463 5719 1482 5748 ⁸
1516 5718 1618 5773 lsa.
1655 5735 1685 5771 x
1716 5758 1731 5777 .
1766 5717 1814 5769 l.
1924 5716 1943 5748 '
1970 5713 2156 5768 Matth.
2195 5728 2321 5781 xxv,
2347 5712 2437 5767 '55.
2544 5711 2563 5743 °
2595 5709 2739 5765 Psal.
2766 5722 2902 5774 xm,
2936 5707 2989 5762 2.

433 5793 454 5823 ⁸
493 5784 620 5841 ibid.
651 5790 739 5841 ιε.
800 5786 835 5820 ἐί
868 5786 997 5841 Lm.
1031 5806 1185 5842 xxiii.
1218 5789 1305 5841 liti.
1386 5788 1428 5819 ¹⁶
1446 5790 1599 5846 Joan.
1627 5809 1734 5857 xix,
1760 5791 1849 5847 ὅθ.

2115 3288 2243 3361 quia
2277 3288 2457 3347 Lucas
2484 3293 2772 3350 manifeste
2812 3296 3002 3353 scribit
3038 3313 3201 3368 quam
3230 3314 3417 3354 vocem
3450 3297 3708 3353 clamavit

2114 3396 2241 3436 cum
2287 3382 2561 3439 emitteret
2598 3385 2876 3453 spiritum,
2929 3386 3117 3442 dicens
3161 3405 3174 3440 :
3228 3387 3296 3441 lu
3345 3404 3533 3442 manus
3588 3386 3707 3443 tu'as

2114 3472 2421 3527 commendo
2467 3473 2714 3543 spiritum
2764 3491 2936 3528 uicum
2983 3474 3039 3541 ’ς
3086 3485 3169 3530 est
3212 3477 3514 3545 intelligere
3550 3488 3605 3532 et
3633 3479 3705 3545 ,in

2115 3567 2225 3623 isto
2260 3566 2382 3622 loco
2415 3565 2563 3636 quod
2594 3581 2695 3620 vox
2719 3564 2809 3620 illa
2835 3579 3001 3637 quam
3041 3562 3237 3621 iterum
3262 3567 3517 3621 clamavit
3539 3567 3699 3620 emit-

2117 3665 2237 3712 tens
2284 3657 2560 3727 Spiritum,
2595 3652 2697 3712 fuit
2738 3655 2842 3711 ista
2873 3674 2887 3710 :
2923 3654 2988 3711 In
3025 3674 3214 3711 manus
3255 3665 3373 3712 tuas
3402 3656 3705 3710 commendo

2112 3751 2363 3821 spiritum
2392 3765 2586 3803 meum.
2615 3745 2670 3803 Si
2701 3762 2832 3819 ergo
2857 3748 3106 3802 emittere
3132 3748 3405 3818 spiritum,
3437 3757 3554 3811 aut,
3593 3748 3703 3803 sic—

2115 3852 2175 3899 ut
2233 3839 2475 3898 Joannes
2536 3839 2727 3896 scribit
2768 3840 2835 3908 ‘°,
2876 3839 3091 3895 tradere
3140 3840 3416 3910 spiritum,
3467 3839 3706 3910 idipsum

2112 3943 2231 3990 erat
2270 3932 2418 4004 quod
2464 3941 2549 3987 est
2578 3933 2738 3997 mori,
2785 3929 3110 4001 simpliciter
3141 3938 3258 3985 erat
3300 3930 3703 4001 intelligendum

2112 4024 2259 4097 quod
2302 4025 2504 4081 dicitur
2547 4024 2601 4078 in
2648 4024 2752 4079 hoc
2803 4022 2953 4079 loco.
3007 4020 3203 4074 Emisit
3244 4021 3514 4090 spiritum.
3547 4017 3705 4077 Nunc

2112 4126 2318 4185 autem,
2344 4131 2469 4172 cum
2512 4124 2744 4170 mortem
2785 4113 2924 4167 nihil
2968 4113 3116 4168 aliud
3158 4127 3280 4169 esse
3330 4112 3591 4167 deﬁniant
3619 4127 3705 4167 sa-

2114 4208 2323 4279 pientes
2357 4207 2461 4261 nisi
2499 4204 2898 4275 separatiouem
2950 4204 3145 4257 anima:
3172 4218 3204 4257 a
3239 4218 3489 4272 corpore,
3526 4202 3703 4255 videa-

2115 4313 2237 4351 rnns
2262 4314 2328 4353 ne
2357 4296 2497 4353 forte
2520 4294 2667 4350 aliud
2695 4304 2781 4350 est
2803 4294 3124 4365 simpliciter
3153 4294 3313 4359 mori,
3343 4292 3491 4347 aliud
3520 4300 3702 4346 autem

2113 4402 2246 4442 voce
2303 4401 2501 4457 magna
2548 4385 2806 4450 clamare,
2857 4395 2911 4439 et
2953 4387 3203 4439 emittere
3237 4383 3512 4453 spiritum,
3564 4381 3705 4436 sicut

2116 4492 2360 4549 praesens
2392 4476 2617 4547 exponit
2654 4474 2974 4541 Maltbteus;
3012 4484 3107 4529 aut
3134 4476 3189 4527 in
3216 4489 3413 4529 manus
3440 4474 3528 4528 Dei
3551 4486 3701 4527 com-

2115 4570 2375 4625 mendare
2409 4568 2686 4639 spiritum,
2709 4575 2763 4621 et
2791 4565 3064 4621 dimittere
3095 4564 3374 4636 spiritum,
3400 4563 3699 4620 secundum

2111 4661 2255 4731 quod
2304 4660 2436 4715 dicit
2470 4658 2678 4726 Lucas;
2723 4666 2819 4715 aut
2866 4657 3130 4712 inclinare
3170 4664 3355 4727 caput,
3396 4665 3451 4710 et
3493 4654 3707 4709 tradere

2111 4752 2389 4822 spiritum,
2436 4751 2579 4806 sicut
2617 4748 2857 4805 Joannes
2907 4748 3154 4819 exponit.
3190 4746 3257 4803 Et
3297 4745 3438 4802 mori
3483 4743 3702 4815 quidem

2112 4842 2358 4899 Omnium
2406 4841 2692 4898 hominum
2740 4850 2844 4905 est,
2884 4839 3047 4895 etiam
3090 4838 3400 4903 malorum,
3445 4834 3704 4907 quoniam

2113 4933 2359 4989 omnium
2385 4933 2585 4988 animae
2609 4937 2935 5001 separantur
2959 4945 2990 4986 a
3016 4943 3266 5000 corpore,
3295 4927 3457 4981 etiam
3490 4924 3705 4993 iniquo-

2114 5038 2261 5091 rum,
2309 5026 2403 5095 qui
2451 5023 2634 5079 dicere
2675 5037 2785 5077 non
2832 5028 3065 5091 possunt
3106 5034 3229 5090 qua:
3274 5014 3412 5071 dixit
3454 5014 3705 5069 Christus

2114 5117 2305 5173 exiens
2344 5116 2411 5172 de
2443 5129 2675 5185 corpore
2718 5127 2840 5170 suo.
2876 5109 3126 5183 Magnam
3157 5118 3338 5165 autem
3367 5121 3558 5162 vocem
3590 5106 3698 5161 cla-

2119 5222 2293 5272 mare,
2325 5216 2381 5262 et
2416 5206 2497 5262 sic
2527 5205 2777 5261 emittere
2804 5204 3080 5276 spiritum,
3109 5201 3256 5274 quod
3301 5208 3386 5256 est
3427 5200 3481 5255 in
3512 5216 3709 5255 manus

2121 5300 2338 5355 Domini
2366 5297 2754 5355 commendare
2795 5297 3072 5368 spiritum,
3101 5303 3155 5351 et
3189 5296 3271 5350 sic
3296 5294 3566 5349 dimittere
3595 5291 3706 5363 spi-

2124 5393 2320 5456 ritum;
2347 5401 2443 5444 aut
2471 5388 2734 5444 inclinare
2756 5394 2939 5456 caput,
2963 5394 3018 5441 et
3047 5383 3271 5440 tradere
3288 5382 3561 5452 spiritum,
3599 5394 3704 5433 non

2123 5491 2210 5538 est
2240 5482 2345 5537 nisi
2370 5490 2577 5536 tantum
2608 5488 2922 5535 sanctorum
2947 5476 3042 5548 qui
3067 5475 3228 5531 bonis
3252 5473 3509 5545 operibus
3537 5470 3706 5525 Deum

1848 5645 1893 5677 ⁸⁸
1930 5644 2017 5699 ἰιιίι

2124 5652 2148 5698 '..
2258 5642 2302 5674 ”
2330 5640 2520 5696 Matth.
2550 5655 2699 5694 xxvu
2722 5681 2735 5699 .
2779 5636 2867 5701 47,
2906 5636 2995 5691 49.
3086 5637 3099 5667 ¹
3135 5634 3263 5701 ibid.
3298 5632 3385 5688 48.
3506 5632 3527 5663 ’
3561 5629 3702 5701 Psal.

3097 5700 3331 5761 'llattb.
3388 5717 3560 5769 xxvn,
3618 5698 3703 5756 δυ.
