4112 6478
433 427 571 487 1789

1558 427 2213 487 COMMENTARIORUM
2255 428 2521 485 SERIES.

3555 430 3686 488 I790

431 553 534 608 Sibi
587 560 1031 622 praeparaverunt
1080 551 1223 609 sicut
1270 561 1325 609 et
1373 551 1653 621 Christus,
1688 563 1749 610 ut
1800 553 2011 625 possint
2041 558 2082 612 Α
2112 552 2310 623 aliquis
2332 552 2425 623 qui
2469 567 2576 607 non
2608 550 2942 622 negligenter
2987 547 3237 619 intelligit
3273 547 3599 617 Scripturas,
3635 558 3688 603 et

432 658 691 702 exeuntes
723 649 791 705 de
818 652 1024 706 mundo
1062 651 1385 707 llducialitcr
1414 653 1469 706 in
1499 668 1696 708 manus
1727 651 1819 707 Dei
1860 668 2012 706 com-

435 739 689 794 mendare
720 741 802 796 vel
840 741 1053 797 tradere
1093 743 1346 812 spiritum
1382 758 1564 797 suum.
1599 741 1656 797 Si
1687 758 1817 814 ergo
1850 744 2011 796 intul-

432 829 666 884 leximus
706 831 837 901 quid
876 841 960 887 est
1002 847 1253 903 magnam
1299 849 1483 889 vocem
1532 834 1792 901 clamare,
1837 843 1889 887 et
1934 834 2014 888 sic

430 922 674 977 emittere
694 924 971 992 spiritum,
999 924 1055 980 id
1073 935 1157 981 est
1178 927 1232 980 in
1255 942 1452 983 manus
1473 926 1569 981 Dei
1595 926 2007 983 commendare:

429 1010 511 1066 sic
536 1012 679 1067 enim
714 1013 1069 1082 exposuimus
1104 1031 1267 1085 supra
1321 1015 1657 1086 proferentcs
1707 1016 2011 1086 expositio-

429 1113 553 1153 nem
584 1103 931 1172 evangelista:
958 1104 1120 1159 Luca:
1147 1124 1159 1160 :
1194 1106 1239 1160 si
1269 1107 1638 1164 intelleximus
1664 1109 1794 1178 quid
1828 1120 1909 1162 est
1936 1108 2013 1162 in-

427 1190 632 1245 clinare
652 1200 839 1262 caput,
863 1202 917 1249 et
947 1196 1157 1252 tradere
1181 1198 1455 1267 spiritum,
1490 1198 1811 1255 festinemus
1844 1201 2008 1255 vitam

426 1290 673 1334 nostram
698 1296 939 1345 servare,
971 1291 1031 1336 ut
1056 1284 1110 1337 in
1133 1285 1283 1339 exitu
1315 1295 1504 1341 nostro
1534 1286 1811 1356 possimus
1832 1295 1885 1342 et
1910 1302 2011 1341 nos

426 1385 683 1439 magnam
713 1386 903 1425 vocem
932 1371 1191 1441 clamare,
1225 1386 1279 1431 et
1324 1376 1404 1431 sic
1446 1377 1695 1431 emittere
1723 1376 2005 1446 spiritum;

425 1468 518 1514 aut
552 1460 817 1516 inclinare
845 1469 1035 1531 caput,
1060 1471 1114 1518 et
1143 1465 1356 1521 tradere
1378 1466 1652 1535 spiritum,
1681 1466 1823 1522 sicut
1849 1465 2009 1521 .lesus

424 1551 518 1617 qui
547 1549 831 1606 inclinavit
852 1562 1034 1622 caput,
1062 1563 1119 1608 et
1145 1556 1304 1625 quasi
1334 1571 1499 1626 supra
1533 1556 1713 1613 Patris
1742 1558 2006 1628 gremium

425 1638 555 1693 illud
587 1654 887 1710 repausans
920 1643 1075 1707 exiit,
1113 1644 1208 1713 qui
1239 1655 1451 1715 poterat
1481 1647 1612 1701 illud
1647 1648 1703 1701 in
1748 1648 1871 1701 sinu
1907 1663 2008 1703 suo

426 1726 628 1795 fovere,
652 1737 708 1783 et
728 1729 1065 1788 confortare.
1096 1731 1254 1798 Quod
1281 1734 1327 1788 si
1371 1735 1453 1790 vis
1484 1736 1677 1790 audire
1702 1735 1835 1806 quid
1882 1751 2008 1806 pro-

426 1816 529 1873 fuit
553 1817 773 1875 Christo
802 1837 1054 1892 magnam
1100 1838 1287 1878 vocem
1327 1826 1616 1892 clamasse,
1647 1835 1699 1881 et
1743 1828 1824 1882 sic
1870 1827 2007 1881 emi-

425 1909 565 1966 sisse
609 1910 888 1979 spiritum,
919 1913 969 1967 id
1011 1923 1096 1970 est
1129 1915 1183 1969 in
1224 1931 1423 1972 manus
1465 1917 1678 1972 Domini
1722 1933 2003 1972 commcn-

424 1999 587 2056 dasse
627 2002 901 2071 spiritum,
932 2012 987 2059 et
1019 2006 1101 2061 sic
1131 2007 1411 2074 emisisse;
1452 2019 1546 2063 aut
1589 2008 1882 2064 inclinasse
1909 2026 1995 2065 ca-

424 2099 520 2160 put
551 2105 715 2161 super
754 2094 1020 2163 gremium
1063 2095 1263 2157 Patris.
1294 2106 1348 2151 et
1390 2098 1681 2154 tradidisse
1721 2100 1998 2170 spiritum,

427 2182 553 2237 audi
580 2184 726 2252 quod
747 2185 878 2241 dicit
915 2184 1185 2256 Propheta
1219 2190 1259 2221 ¹¹
1288 2206 1302 2242 :
1334 2188 1563 2259 Propter
1590 2191 1686 2244 hoc
1711 2192 1855 2246 enim
1896 2208 2001 2247 non

422 2270 701 2341 dereliquit
745 2274 977 2328 animam
1011 2275 1135 2345 ejus
1174 2277 1227 2330 in
1258 2278 1488 2346 inferno,
1532 2295 1624 2334 nec
1676 2283 1818 2335 dedit
1873 2298 1997 2337 cum

421 2362 596 2416 videre
634 2366 1044 2433 corruptionem.
1080 2365 1136 2423 Si
1169 2383 1301 2439 ergo
1330 2379 1385 2425 et
1424 2386 1524 2427 nos
1570 2373 1640 2426 ita
1683 2387 1785 2428 nos
1818 2389 2001 2442 gesse-

425 2451 620 2517 rimus,
660 2461 720 2507 ut
762 2455 1038 2523 possimus
1082 2459 1467 2514 commendare
1510 2460 1735 2529 spiritus
1779 2471 1998 2517 nostros

420 2540 477 2595 in
513 2559 709 2599 nianus
748 2542 863 2609 Dei,
896 2555 991 2601 aut
1034 2546 1298 2602 inclinare
1326 2557 1490 2618 caput
1526 2566 1690 2619 super
1728 2553 1997 2621 gremium

423 2632 539 2700 Dei,
567 2645 625 2689 et
654 2636 735 2691 sic
774 2637 990 2692 tradere
1026 2639 1300 2709 spiritum,
1334 2642 1453 2696 sine
1486 2642 1653 2698 dubio
1686 2659 1864 2713 neque
1895 2662 1997 2703 no—

420 2732 563 2780 stras
590 2730 802 2783 animas
834 2728 1171 2801 derelinquet
1201 2731 1257 2785 in
1288 2730 1527 2798 inferno,
1562 2748 1665 2789 nec
1710 2734 1862 2790 dabit
1894 2752 1997 2793 nos

420 2815 476 2870 in
509 2820 861 2888 corruptione
891 2819 943 2874 in
983 2832 1301 2891 perpetuum
1337 2840 1560 2882 manere
1598 2843 1613 2880 :
1657 2827 1749 2882 sed
1796 2828 1889 2897 qui
1926 2829 1995 2883 il-

419 2908 533 2963 lum
577 2919 703 2979 post
726 2912 870 2966 diem
901 2913 1118 2969 tertium
1149 2917 1425 2971 revocavit
1460 2918 1530 2972 ab
1563 2917 1774 2985 inferis,
1809 2928 1865 2975 et
1895 2934 1996 2977 nos

418 3001 693 3057 revocabit
719 3003 777 3059 in
802 3013 1047 3075 tempore
1076 3015 1386 3076 opportuno
1410 3026 1427 3065 :
1457 3019 1511 3065 et
1543 3012 1638 3080 qui
1664 3011 1740 3066 illi
1773 3012 1996 3067 donavit

418 3100 477 3146 ut
507 3107 615 3147 non
638 3093 820 3149 videat
841 3110 970 3151 caro
999 3092 1118 3165 ejus
1151 3099 1582 3169 corruptionem,
1621 3104 1780 3161 nobis
1819 3105 1993 3162 dona-

417 3183 515 3287 bit,
547 3199 655 3240 non
682 3186 1003 3287 quideman
1022 3204 1131 3244 non
1154 3190 1337 3247 videat
1366 3207 1497 3287 caro
1535 3205 1723 3252 nostra
1765 3212 1993 3270 eorrup-
2018 3223 2062 3287 ο

417 3275 643 3343 tionem,
671 3277 767 3333 sed
795 3286 857 3333 ut
892 3279 1154 3336 liberetur
1181 3296 1215 3337 a
1250 3285 1597 3354 corruptione
1626 3295 1869 3357 tempore
1892 3306 1996 3363 0p-

412 3376 684 3437 portuno:
719 3368 978 3439 quoniam
1008 3371 1099 3426 ille
1128 3372 1350 3443 quidem
1386 3385 1668 3445 peccatum
1700 3394 1810 3434 non
1847 3382 1997 3453 iecit,

413 3471 593 3527 neque
619 3457 777 3514 dolus
817 3458 1074 3517 inventus
1115 3471 1201 3517 est
1239 3463 1295 3518 in
1343 3480 1440 3521 ore
1482 3465 1640 3537 ejus:
1685 3485 1788 3527 nos
1812 3482 1996 3531 autem

406 3542 541 3612 justi
572 3544 799 3614 erimus,
832 3548 881 3604 si
906 3549 990 3605 vel
1021 3549 1320 3621 aliquando
1348 3568 1383 3608 a
1420 3559 1660 3624 peccatis
1704 3566 1998 3619 recesseri-

412 3649 556 3689 nius.
603 3633 810 3692 Deinde
854 3647 1035 3694 autem
1075 3643 1335 3710 quoniam
1379 3643 1577 3699 iterum
1626 3662 1758 3703 voce
1799 3666 1994 3722 magna

413 3725 666 3781 clamans
682 3736 739 3782 et
756 3728 949 3785 dicens
968 3749 982 3761 ο
1012 3728 1197 3796 Pater,
1223 3734 1280 3786 iu
1316 3748 1505 3789 manus
1531 3745 1651 3790 tuas
1690 3742 1994 3796 commendo

410 3815 658 3885 spiritum
690 3832 883 3881 nicum,
935 3818 1118 3874 emisit
1148 3821 1422 3889 spiritum,
1463 3823 1584 3879 ideo
1626 3840 1694 3880 eo
1739 3829 1992 3896 spiritum

410 3906 695 3961 emittente
726 3907 885 3977 signa
919 3909 1059 3964 facta
1098 3918 1229 3965 sunt
1270 3926 1437 3981 super
1472 3928 1620 3978 eum,
1660 3925 1715 3970 ct
1744 3918 1993 3989 prodigia

412 3997 754 4061 testilicantia
795 3997 1111 4067 dignitatem
1150 3998 1271 4068 ejus
1304 4000 1411 4055 hoc
1438 4002 1633 4057 modo:
1668 4002 1734 4056 Et
1756 4021 1873 4060 ecce
1901 4021 1990 4060 re-

410 4090 523 4144 lum
549 4090 730 4160 templi
754 4091 978 4146 scissum
1003 4104 1080 4147 est
1103 4094 1158 4145 in
1180 4093 1314 4147 duas
1342 4102 1518 4161 partes
1543 4111 1576 4147 a
1598 4112 1802 4151 summa
1830 4115 1991 4169 usque

411 4184 659 4237 deorsum
687 4182 757 4236 ¹².
801 4183 1057 4248 Quaudiu
1085 4182 1306 4252 quidem
1333 4183 1494 4241 Jesus
1537 4202 1645 4243 non
1675 4200 1990 4260 susceperat

411 4287 511 4342 pro
547 4272 861 4327 hominibus
903 4282 1158 4342 mortem,
1207 4274 1323 4344 ipse
1366 4280 1701 4346 exspectatio
1746 4282 1989 4349 gentium

409 4360 766 4424 constitutus,
794 4359 974 4415 velum
1006 4362 1190 4431 templi
1226 4364 1486 4420 interiora
1523 4369 1705 4437 templi
1733 4370 1984 4427 velabat:

408 4450 695 4520 oportebat
740 4451 885 4505 enim
917 4466 984 4505 ea
1027 4453 1218 4518 velari,
1247 4453 1422 4511 donec
1464 4457 1554 4512 ille
1598 4460 1692 4527 qui
1730 4461 1880 4517 solus
1922 4478 1985 4519 ea

2114 643 2310 712 aspicit
2333 644 2439 698 duo
2456 658 2576 697 csse
2594 643 2731 705 vela,
2752 656 2916 695 unum
2942 641 3161 710 quidem
3192 640 3421 693 interius
3438 639 3581 708 quod
3604 656 3688 691 vc-

2117 732 2363 804 lat927
2387 733 2586 787 Sancta
2607 741 2939 797 sanctorum,
2970 731 3198 784 alterum
3228 739 3406 784 autem
3426 730 3684 793 exterius,

2113 826 2228 880 sive
2285 823 2650 887 tabernaculi,
2700 823 2813 876 sive
2863 821 3081 890 templi,
3133 835 3256 890 quae
3302 819 3489 887 figurae
3530 829 3687 874 erant

2114 908 2668 975 tabernaculisancti,
2700 911 2843 981 quod
2877 910 3198 980 przeparavit
3227 909 3296 962 ab
3328 908 3484 962 initio
3502 907 3682 964 Pater.

2112 1003 2356 1072 Quorum
2394 1004 2633 1058 velorum
2666 1003 2848 1070 templi
2885 1017 3048 1055 unum
3083 1001 3316 1056 scissum
3353 1009 3435 1053 est
3465 1000 3516 1052 in
3547 1000 3685 1055 duas

2112 1106 2293 1166 partes
2323 1111 2351 1149 a
2380 1110 2596 1151 summu
2633 1109 2806 1163 usque
2837 1094 3114 1157 deorsum,
3150 1090 3369 1161 quando
3396 1104 3528 1143 voce
3564 1104 3681 1142 nia-

2111 1200 2214 1255 gna
2242 1185 2487 1239 clamans
2513 1181 2674 1239 Jesus
2699 1183 2882 1237 emisit
2910 1183 3162 1253 spiritum
3192 1200 3204 1235 :
3228 1182 3333 1235 hoc
3367 1180 3679 1244 ostendens,

2111 1276 2255 1330 sicut
2294 1282 2454 1344 puto,
2502 1275 2852 1346 mysterium,
2888 1274 3145 1345 quoniam
3194 1276 3251 1329 in
3283 1275 3541 1344 passione
3576 1273 3683 1328 Do-

2111 1366 2249 1420 mini
2276 1365 2574 1421 Salvatoris
2606 1367 2783 1421 velum
2822 1365 2971 1436 quod
3014 1374 3132 1421 erat
3178 1380 3208 1420 a
3250 1365 3403 1431 foris,
3442 1365 3684 1422 conscis-

2109 1473 2231 1515 sum
2276 1465 2361 1512 est
2413 1472 2443 1511 a
2479 1473 2695 1512 summo
2745 1472 2920 1527 usque
2964 1457 3259 1520 deorsum,
3311 1465 3371 1510 ut
3414 1456 3482 1509 ab
3524 1455 3681 1509 initio

2109 1548 2299 1602 mundi
2342 1562 2516 1617 usque
2551 1548 2618 1601 ad
2660 1548 2942 1611 deorsum,
2981 1547 3033 1601 id
3079 1554 3163 1602 est
3202 1560 3375 1616 usque
3411 1548 3477 1599 ad
3518 1544 3679 1600 linem

2107 1637 2248 1707 ejus,
2300 1638 2582 1692 conscisse
2649 1636 2918 1690 velamine
2997 1634 3254 1713 mysteria
3312 1635 3679 1705 publicentur,

2107 1744 2229 1797 quae
2259 1742 2432 1797 usque
2469 1728 2535 1803 ad
2570 1727 2774 1783 Christi
2804 1728 3097 1781 adventum
3138 1727 3536 1780 rationabiliter
3564 1726 3682 1781 fue-

2108 1828 2231 1874 rant
2262 1820 2492 1874 occulta.
2545 1819 2611 1875 Et
2654 1819 2759 1874 nisi
2803 1834 2868 1873 ex
2894 1828 3047 1888 parte
3073 1833 3552 1888 cognosceremus,
3585 1818 3677 1873 sed

2100 1913 2212 1983 jam
2241 1928 2387 1966 nunc
2415 1912 2892 1968 manilestarentur
2920 1911 3127 1975 omnia,
3159 1911 3337 1965 adhuc
3365 1911 3418 1964 in
3448 1926 3679 1980 corpore

2104 2002 2419 2058 constitutis
2473 2004 2686 2058 dilectis
2728 2001 2933 2057 Christi
2984 2000 3308 2069 discipulis,
3383 2012 3679 2069 utrumque

2103 2099 2279 2149 vrlum
2336 2094 2517 2149 fuerat
2568 2094 3058 2159 conscindendum,
3092 2092 3142 2147 id
3184 2094 3439 2162 estquod
3476 2109 3507 2147 a
3541 2092 3677 2151 furis

2101 2196 2187 2242 est
2213 2196 2266 2240 et
2293 2186 2545 2241 interlus.
2577 2184 2732 2240 Nunc
2769 2194 2948 2239 autem
2981 2185 3242 2255 quoniam
3287 2186 3355 2239 ad
3388 2185 3676 2241 scientiam

2101 2293 2283 2332 rerum
2338 2292 2601 2332 novarum
2654 2276 3028 2347 producimur.
3076 2276 3198 2330 ideo
3246 2276 3394 2348 quod
3457 2292 3488 2331 a
3540 2277 3675 2334 foris

2099 2369 2316 2439 quidem
2361 2367 2541 2423 fuerat
2584 2369 2783 2432 velum,
2821 2367 3037 2422 interim
3085 2368 3461 2422 conscinditur
3492 2382 3525 2423 a
3553 2384 3674 2423 sur-

2098 2474 2221 2515 sum
2261 2475 2438 2530 usque
2475 2458 2757 2521 deorsum,
2794 2466 2854 2511 ut
2880 2456 3102 2526 quando
3132 2456 3338 2511 venerit
3366 2457 3510 2526 quod
3551 2472 3674 2526 pcr-

2104 2550 2311 2607 fectum
2358 2559 2467 2617 est,
2496 2556 2552 2604 et
2578 2550 2812 2604 revelata
2861 2545 3062 2600 fuerint
3104 2558 3296 2601 caetera
3340 2562 3462 2615 qua:
3498 2556 3673 2601 resta-

2101 2643 2253 2708 bant,
2298 2651 2431 2709 tunc
2481 2639 2760 2696 auferatur
2813 2641 2979 2695 etiam
3029 2639 3328 2696 secundum
3376 2640 3578 2701 velum,
3617 2646 3677 2693 ut

2096 2735 2382 2797 videamus
2438 2734 2602 2788 etiam
2631 2747 2757 2803 qua:
2794 2728 2934 2785 intra
2994 2730 3297 2786 secundum
3327 2734 3506 2783 velum
3543 2737 3673 2784 sunt

2096 2826 2390 2888 occultata,
2440 2838 2625 2878 veram
2679 2838 2865 2877 arcam
2914 2821 3245 2887 testamenti,
3291 2829 3345 2875 et
3373 2821 3515 2876 sicut
3552 2820 3671 2890 ipsa

2096 2930 2155 2971 se
2180 2914 2344 2969 habet
2371 2920 2597 2973 natura,
2625 2910 2908 2967 videamus
2929 2909 3235 2974 cherubim,
3259 2918 3313 2964 ct
3349 2909 3668 2979 pr0pitiato-

2098 3007 2243 3062 rium
2303 3019 2535 3068 verum,
2581 3010 2637 3058 et
2682 3002 3069 3071 repositionem
3116 3015 3336 3055 mannze
3388 3000 3444 3053 in
3499 3013 3670 3053 aureo

2095 3111 2253 3160 vase,
2293 3103 2355 3151 et
2389 3093 2574 3150 omnia
2612 3091 2903 3148 manifesta
2942 3101 3107 3162 atque
3141 3091 3348 3161 majora
3391 3091 3522 3154 illis,
3547 3104 3672 3157 qua;

2094 3203 2191 3257 per
2223 3187 2396 3259 legem
2438 3184 2640 3258 Moysis
2672 3183 2889 3240 fuerant
2929 3183 3340 3248 demonstrata,
3381 3181 3437 3235 in
3471 3181 3671 3250 quibus

2096 3279 2235 3335 dixit
2270 3277 2417 3335 Deus
2455 3278 2526 3333 ad
2561 3292 2732 3333 eum:
2771 3274 2971 3329 Facias
3018 3275 3197 3328 omnia
3238 3273 3525 3328 secundum
3555 3273 3671 3342 for-

2096 3387 2240 3425 mant
2294 3385 2516 3435 eorum,
2550 3384 2670 3440 quae
2703 3378 2916 3425 ostensa
2951 3373 3073 3422 suat
3115 3367 3173 3419 in
3214 3374 3386 3418 monte
3411 3363 3477 3417 “.
3525 3362 3673 3419 Nihil

2094 3477 2225 3532 ergo
2267 3468 2353 3518 est
2397 3460 2622 3525 mirum,
2668 3457 2815 3529 quod
2863 3457 3039 3513 velum
3093 3456 3277 3525 templi
3329 3456 3669 3511 conscissum

2094 3561 2204 3620 est,
2234 3551 2380 3622 quod
2403 3550 2665 3604 interiora
2695 3546 2912 3602 velabat
2937 3547 3215 3617 mysteria,
3249 3555 3309 3600 ut
3335 3546 3553 3600 videant
3581 3545 3668 3600 di-

2094 3642 2289 3714 scipuli
2334 3639 2538 3695 Christi
2562 3678 2581 3704 ,
2627 3638 2958 3707 accipientes
3021 3636 3212 3691 oculos
3257 3636 3552 3706 spiritales,
3603 3650 3668 3689 ea

2092 3747 2216 3804 qua
2252 3730 2385 3787 nulli
2422 3739 2549 3785 ante
2574 3727 2761 3783 Jesum
2790 3728 3005 3784 fuerant
3044 3727 3438 3782 demonstrata.
3495 3723 3667 3779 Nemo

2092 3824 2239 3881 enim
2271 3822 2375 3877 nisi
2420 3822 2572 3877 solus
2597 3821 2851 3890 princeps
2893 3820 3258 3883 sacerdotum,
3291 3832 3415 3887 qua:
3451 3815 3666 3870 fuerant

2094 3925 2227 3970 ante
2267 3914 2447 3969 velum
2499 3912 2805 3968 secundum
2848 3911 3011 3966 videt.
3066 3909 3173 3967 Sed
3200 3909 3384 3963 Aaron
3422 3908 3664 3978 quidem,

2090 4017 2146 4064 et
2172 4007 2267 4075 qui
2294 4022 2360 4060 ex
2391 4021 2460 4061 eo
2486 4014 2662 4072 erant,
2696 4018 2874 4074 neque
2905 4003 3198 4069 virtutem,
3225 4019 3400 4072 neque
3427 4002 3654 4071 dignita-

2092 4107 2198 4154 tem
2228 4098 2501 4153 habebant
2530 4099 2777 4153 revelare
2802 4111 2925 4164 qua:
2968 4095 3072 4165 ipsi
3099 4094 3356 4151 videbant
3389 4093 3550 4149 alicui
3585 4093 3666 4147 al-

2090 4191 2189 4247 teri
2226 4206 2242 4243 :
2281 4190 2433 4245 solus
2463 4197 2645 4243 autem
2673 4189 2767 4257 qui
2810 4203 2936 4242 cum
2973 4184 3336 4256 jurejurando
3374 4184 3552 4239 lactus
3582 4191 3667 4238 est

2090 4281 2346 4352 princeps
2389 4279 2737 4351 sacerdotum
2779 4278 2835 4332 in
2874 4287 3138 4332 mter-num
3181 4275 3479 4330 secundum
3518 4273 3664 4327 ordi-

2088 4385 2212 4424 nem
2241 4367 2623 4433 Hclcbisedec,
2648 4367 2828 4437 potuit
2854 4382 2951 4437 per
2974 4364 3436 4433 dispensationem
3471 4361 3665 4417 mortis

2089 4474 2205 4514 sua:
2246 4458 2605 4512 conscindere
2654 4456 2837 4510 velum
2891 4454 3075 4524 templi
3122 4456 3177 4508 in
3226 4455 3369 4510 duas
3419 4465 3601 4522 partes
3629 4469 3663 4505 ιι

411 4550 623 4610 poterat
660 4542 920 4608 revelare,
952 4542 1239 4599 manifesta
1265 4544 1467 4601 faceret
1494 4563 1557 4603 ea
1587 4550 1769 4605 videre
1798 4553 1984 4607 volen-
2017 4551 2061 4607 D
2093 4566 2314 4608 sursum
2346 4562 2523 4618 usque
2569 4551 2852 4615 deorsum,
2880 4559 2939 4602 ut
2965 4549 3250 4603 videantur
3280 4562 3413 4617 quae
3447 4545 3666 4601 fuerant

411 4631 580 4695 tibus,
612 4639 674 4685 ut
713 4646 810 4702 per
846 4640 1074 4688 mortem
1115 4632 1317 4690 Christi
1346 4635 1475 4691 Jesu
1510 4638 1840 4697 destrucntis
1868 4659 1988 4698 cre-

407 4721 656 4777 dentium
683 4732 939 4786 mortem,
962 4724 1056 4794 qui
1092 4725 1302 4782 liberati
1345 4726 1545 4784 fuerint
1581 4745 1613 4783 a
1644 4740 1839 4795 morte,
1862 4747 1990 4802 pos-

408 4812 523 4867 sint
561 4813 810 4882 aspicere
852 4828 974 4884 qua:
1016 4824 1146 4869 sunt
1190 4814 1333 4871 intra
1384 4817 1585 4875 velum.
1624 4819 1756 4884 Quae
1803 4830 1988 4877 autem

410 4900 614 4958 fuerint
650 4904 741 4958 illa
768 4919 877 4959 non
913 4913 999 4960 est
1027 4906 1290 4975 temporis
1323 4907 1487 4977 hujus
1517 4924 1810 4979 exponere,
1853 4927 1988 4982 quo-

410 4993 559 5050 niam
604 4996 832 5050 multam
882 5005 938 5051 et
986 4995 1255 5052 difficilem
1300 4998 1803 5070 interpretationem
1855 5009 1985 5059 sunt

411 5083 687 5142 habentia.
721 5086 1094 5158 Dpportunius
1122 5098 1305 5145 autem
1337 5093 1589 5148 convenit
1616 5110 1679 5150 ea
1711 5111 1987 5166 exponere

412 5172 466 5226 in
492 5175 653 5231 tertio
675 5177 821 5233 libro
844 5177 1177 5249 Regnorum,
1204 5180 1332 5235 etin
1362 5184 1603 5239 secundo
1627 5185 1767 5241 libro
1785 5185 1987 5243 Parali-

412 5278 706 5333 pomenon,
720 5269 777 5323 in
793 5271 998 5340 quibus
1017 5271 1278 5341 scriptum
1302 5281 1386 5328 est
1405 5273 1473 5330 de
1497 5276 1718 5345 templo,
1733 5287 1788 5333 ct
1808 5278 1874 5333 de
1897 5278 1985 5336 his

411 5371 530 5425 qua:
550 5358 727 5425 posita
748 5371 878 5418 sunt
903 5364 1046 5418 intra
1077 5364 1290 5419 velum:
1322 5366 1412 5424 hic
1430 5376 1612 5423 autem
1638 5369 1742 5425 hoc
1770 5379 1983 5424 tantum

409 5450 675 5519 scriptum
695 5462 799 5519 est,
838 5456 969 5525 quia
1005 5457 1183 5513 velum
1216 5459 1402 5528 templi
1429 5462 1772 5517 conscissam
1806 5473 1892 5518 est
1924 5462 1985 5517 in

407 5538 546 5597 duas
565 5551 765 5611 partes,
783 5559 813 5598 a
837 5560 1054 5603 sursum
1074 5564 1246 5619 usque
1270 5550 1546 5608 deorsum.
1564 5552 1776 5620 Qurcrct
1797 5564 1979 5611 autem

517 5744 557 5775 ιι
587 5744 728 5800 Psal.
754 5763 841 5813 xv,
876 5749 953 5803 ιο.

410 5807 454 5846 η
518 5760 557 5775 ··
587 5760 728 5800 rsal.
754 5763 841 5813 xv,
876 5760 953 5803 lU.
1071 5760 1112 5783 "
1145 5760 1330 5813 Matth.
1366 5775 1536 5824 xxvn,
1572 5761 1661 5817 5|.
1773 5763 1815 5795 ¹³
1842 5760 1986 5820 llcbr

486 5812 628 5870 l‘sal.
660 5833 816 5883 thn,
848 5818 902 5885 9,
927 5819 1021 5874 .10.

1071 5752 1112 5783 "
1145 5754 1330 5813 Matth.
1366 5775 1536 5824 xxvn,
1572 5761 1661 5817 5|.

1992 5802 2007 5821 .
2038 5778 2155 5830 \‘lll,
2186 5766 2219 5821 5
2246 5782 2261 5833 ι
2304 5763 2473 5821 Exod.
2501 5781 2639 5830 xxv,
2687 5763 2776 5818 40.

2086 4644 2233 4698 intus
2264 4640 2444 4695 oeulis
2472 4639 2567 4709 qui
2597 4639 2727 4694 talia
2758 4648 2994 4709 possunt
3020 4639 3227 4693 videre.

2157 4732 2280 4786 159.
2339 4729 2411 4783 Et
2458 4738 2605 4785 terra
2643 4740 2787 4784 motu
2832 4741 2934 4795 est,
2980 4738 3030 4785 et
3078 4740 3240 4799 petra:
3289 4729 3470 4782 scissa:
3514 4737 3660 4790 sunt,

2082 4833 2132 4879 et
2162 4831 2499 4877 monumenta
2531 4833 2718 4891 aperta
2744 4832 2889 4888 sunt,
2920 4832 2971 4877 et
2997 4821 3164 4875 multa
3194 4834 3419 4888 corpora
3448 4829 3660 4872 salicto-

2087 4930 2203 4968 rum
2233 4914 2610 4969 denuieutium
2648 4923 3069 4976 resurrexerunt,
3096 4922 3146 4966 et
3175 4920 3418 4965 exeuntes
3453 4912 3517 4965 de
3543 4927 3658 4962 mo.

2086 5007 2352 5060 nutrientis
2396 5014 2513 5073 post
2558 5005 2992 5058 resurrectionem
3037 5003 3208 5072 ipsius
3246 5002 3560 5054 introierunt
3606 5003 3661 5055 in

2085 5105 2325 5149 sanctam
2353 5095 2637 5160 civitatem,
2662 5104 2714 5149 et
2738 5105 3097 5163 apparuerunt
3122 5093 3302 5147 multis
3330 5093 3391 5146 “.
3420 5091 3488 5146 Et
3517 5104 3660 5148 terra

2086 5197 2233 5240 mota
2275 5194 2390 5251 est,
2437 5185 2491 5240 id
2520 5194 2607 5240 est
2637 5186 2816 5241 omnis
2849 5201 2988 5242 caro
3025 5202 3173 5241 novo
3192 5186 3377 5251 verbo,
3410 5194 3464 5239 et
3505 5183 3660 5238 novis

2085 5276 2252 5331 rebus
2308 5274 2612 5331 secundum
2679 5291 2880 5333 novum
2949 5284 3373 5338 testamentum,
3418 5284 3477 5328 et
3517 5286 3660 5329 novo

2087 5368 2327 5431 cantico,
2349 5380 2401 5423 et
2429 5369 2589 5424 nevis
2612 5368 3073 5438 omnibus,-atque
3099 5367 3413 5423 cmicstibus
3441 5367 3660 5420 venien-

2089 5461 2235 5517 tibus
2276 5476 2439 5531 super
2484 5475 2707 5526 terranr,
2741 5462 2880 5515 sicut
2919 5471 2978 5516 et
3000 5459 3269 5530 Propheta
3307 5460 3374 5513 de
3405 5462 3508 5513 hoc
3539 5459 3659 5527 ipso

2090 5554 2143 5609 in
2180 5556 2365 5625 aliquo
2401 5555 2533 5610 dicit
2572 5554 2693 5609 loco
2719 5554 2760 5586 ¹³
2791 5568 2804 5605 :
2831 5551 3144 5609 Conturbati
3177 5560 3299 5606 sunt
3340 5564 3537 5613 omnes,
3569 5549 3659 5617 qui

2893 5761 2933 5796 ⁸⁵
2965 5761 3155 5817 Matth.
3194 5774 3339 5814 xxvu
3361 5798 3375 5827 ,
3407 5759 3470 5814 51
3505 5775 3658 5830 seqq.
