4112 6468
434 384 572 436 1791

1633 369 1959 427 ()RIGENIS
2000 368 2064 423 IN
2106 367 2520 424 MATTIL'EUM

3547 371 3685 426 {792

439 491 678 544 videbant
722 507 830 550 eos,
882 489 932 542 id
980 496 1062 542 cst
1105 485 1402 554 discipulos
1453 481 1677 544 Christi,
1731 490 1782 534 et
1834 480 2008 532 timuit
2042 482 2079 535 Α
2108 477 2276 547 928
2319 478 2509 546 Magna
2554 492 2686 547 ergo
2729 487 2854 531 sunt
2900 477 3040 532 facta
3083 495 3144 532 ex
3194 493 3261 532 eo
3307 481 3453 548 quod
3489 497 3684 551 magna

436 584 605 636 omnis
644 583 818 637 homo.
855 581 980 634 Item
1019 594 1113 648 per
1143 578 1370 631 alterum
1403 575 1720 645 prophetam
1747 572 2007 627 Dominus

438 674 573 728 dicit
600 673 643 705 η
671 690 686 728 :
711 674 893 726 Adhuc
924 670 1103 733 semel,
1133 678 1181 722 et
1213 685 1303 737 ego
1344 670 1553 722 movebo
1587 666 1793 730 caelum,
1823 672 1871 717 et
1904 677 2008 717 ter-

437 782 573 830 ram,
614 775 663 819 et
692 780 858 824 mare,
887 773 932 815 et
957 763 1190 815 aridam.
1237 761 1486 814 [licentes
1518 769 1697 814 autem
1735 772 1905 827 pauca
1942 757 2009 810 de

439 862 589 907 motu
645 863 820 918 terrm,
868 866 974 906 non
1024 849 1296 904 inutiliter
1342 849 1588 904 dicamus
1638 839 1691 900 et
1733 847 1800 899 dc
1842 845 2008 915 petris

430 942 627 997 scissis
670 941 722 994 in
759 941 1012 1010 passione
1047 939 1258 994 Domini
1292 935 1613 1001 Salvator-is,
1653 951 1774 1005 qua;
1804 943 2006 1005 mystc-

437 1034 577 1086 rium
610 1030 849 1097 luerunt,
884 1032 1025 1086 sicut
1060 1031 1315 1088 arbitror.
1359 1031 1742 1100 prophetatum
1775 1045 1787 1080 :
1833 1028 2008 1080 mani-

436 1117 645 1172 festata:
690 1127 821 1171 sunt
867 1118 1012 1172 enim
1067 1118 1119 1172 in
1149 1117 1352 1172 Christi
1401 1119 1631 1172 adventu
1673 1119 1757 1172 lex
1801 1125 1854 1170 et
1883 1131 2009 1185 pro-

435 1209 650 1276 phetae:
693 1217 912 1277 propter
941 1209 1087 1277 quod
1134 1208 1199 1261 ad
1232 1208 1519 1263 Dominum
1567 1207 2008 1264 converteutibus

433 1314 558 1354 cum
603 1298 797 1369 legitur
825 1297 1058 1370 Moyses,
1091 1299 1334 1353 velamen
1371 1299 1516 1370 quod
1556 1299 1790 1368 positum
1834 1297 2009 1352 fuerat

435 1406 600 1458 super
628 1405 722 1445 cor
747 1405 960 1454 eorum,
993 1390 1224 1457 tollitur,
1251 1401 1304 1445 et
1329 1389 1471 1460 quod
1504 1391 1556 1443 in
1587 1391 1818 1445 lectione
1851 1388 2009 1443 Vete-

438 1479 514 1533 ris
545 1479 875 1534 Testamenti
932 1481 1166 1550 positum
1220 1489 1340 1535 erat
1381 1481 1648 1544 velamen,
1697 1482 1750 1533 in
1789 1480 2008 1534 Christo

437 1569 708 1625 aboletur.
742 1571 953 1639 Aperta:
994 1580 1121 1625 sunt
1162 1585 1291 1640 ergo
1339 1586 1484 1624 nunc
1524 1579 1707 1639 petrae,
1735 1577 1788 1622 et
1823 1568 2008 1624 scissae

437 1668 586 1717 sunt.
627 1669 683 1714 ut
731 1661 782 1713 in
826 1660 1109 1729 profundis
1140 1675 1327 1714 eorum
1371 1660 1546 1729 posita
1581 1659 1844 1729 spiritalia
1891 1675 2008 1731 my-

440 1747 604 1801 steria
638 1746 938 1800 videamus.
977 1746 1276 1801 Probamus
1307 1757 1484 1802 autem
1521 1749 1725 1802 scissas
1763 1755 1890 1800 tunc
1916 1762 2008 1816 pe-

437 1843 568 1899 tras,
603 1851 723 1890 esse
752 1837 1081 1905 prophetas:
1117 1836 1352 1906 primum
1387 1836 1602 1906 quidem
1659 1852 1724 1890 cx
1762 1851 1828 1889 eo
1860 1834 2005 1905 quod
2041 1819 2080 1875 Β

436 1926 687 1982 Christus
735 1927 936 1981 dicitur
985 1935 1136 1997 petra
1198 1927 1499 1996 spiritalis,
1549 1936 1604 1982 et
1649 1927 1876 1981 rationis
1926 1934 2008 1981 est

435 2032 626 2072 omnes
654 2018 955 2073 imitatores
981 2017 1186 2073 Christi
1214 2019 1320 2074 dici
1353 2018 1603 2073 similiter
1629 2026 1831 2088 petras,
1866 2017 2009 2072 sicut

435 2115 490 2161 et
537 2106 630 2159 lux
679 2107 866 2160 mundi
918 2107 1178 2160 dicuntur
1207 2122 1272 2160 ex
1308 2121 1373 2161 eo
1410 2107 1554 2176 quod
1596 2107 1710 2176 ipse
1744 2106 2008 2161 Dominus

436 2212 628 2250 corum
683 2197 776 2251 lux
829 2206 912 2252 est
961 2197 1148 2252 mundi
1179 2197 1412 2253 :deinde
1454 2197 1617 2251 etiam
1662 2213 1726 2251 ex
1761 2213 1828 2252 eo
1861 2198 2007 2267 quod

439 2287 556 2356 ipse
585 2287 780 2342 Petrus
832 2303 860 2340 a
894 2287 1126 2342 Domino
1179 2301 1328 2357 petra
1381 2296 1466 2344 est
1509 2288 1831 2357 appellatus,
1881 2304 2006 2342 cum

439 2377 640 2431 dicitur
666 2378 714 2431 ei
744 2379 829 2431 "z
871 2377 948 2432 Tu
1001 2395 1054 2431 es
1083 2377 1294 2444 Petrus,
1340 2387 1388 2432 et
1435 2395 1592 2447 super
1629 2379 1765 2432 hanc
1804 2388 2008 2448 petram

432 2467 711 2536 aediﬁcabo
747 2467 1042 2522 Ecclesium
1075 2485 1266 2536 meam,
1293 2479 1344 2523 et
1371 2479 1541 2540 porta!
1573 2471 1863 2540 inferorum
1905 2488 2008 2525 non

432 2557 790 2628 prcralebunt
821 2560 889 2612 ei.
907 2558 1138 2613 Maxime
1165 2569 1342 2614 autem
1373 2561 1476 2616 hoc
1505 2560 1909 2616 demonstratur
1941 2579 2007 2617 ex

436 2663 502 2701 eo
531 2647 677 2717 quod
702 2662 894 2703 omnes
923 2649 1124 2718 quibus
1151 2666 1260 2704 non
1291 2651 1583 2721 praevalent
1614 2661 1782 2722 portae
1813 2651 2009 2709 infero-

437 2751 580 2801 rum,
612 2737 707 2806 qui
750 2752 891 2805 opus
925 2738 1166 2795 nominis
1196 2749 1362 2809 petra:
1393 2740 1595 2795 habent
1637 2741 1691 2795 in
1721 2757 1801 2806 se,
1836 2741 1886 2795 id
1927 2751 2011 2796 est

433 2827 661 2898 apostoli
707 2838 761 2884 et
799 2829 1106 2899 prophetae,
1141 2841 1306 2900 petra:
1355 2841 1484 2887 sunt
1525 2845 1579 2887 et
1630 2833 1756 2902 ipsi,
1788 2841 1841 2886 et
1881 2841 2012 2888 sunt

435 2919 789 2974 fundamenta
827 2935 1014 2976 eorum
1062 2922 1156 2992 qui
1203 2937 1368 2992 super
1405 2938 1501 2980 eos
1530 2924 1885 2992 aediﬁcantur,
1917 2939 2008 2979 se-

433 3010 672 3064 cundum
707 3011 850 3079 quod
887 3011 962 3065 ait
984 3011 1278 3081 Apostolus
1303 3013 1346 3046 ¹⁸
1371 3031 1383 3067 :
1407 3012 1828 3084 Supertediﬁcati
1853 3031 2011 3084 super

435 3098 841 3168 fundamentum
905 3102 1266 3170 apostolorum
1331 3112 1380 3158 et
1439 3105 1832 3173 prophetarum,
1894 3108 2007 3176 ipso

434 3205 639 3244 summo
671 3191 920 3261 angulari
946 3191 1121 3262 lapide
1146 3192 1274 3248 Iesu
1303 3194 1514 3249 Christo
1545 3195 1771 3250 Domino
1801 3208 2002 3253 nostra.

438 3278 952 3348 Superzedilicantur
978 3290 1161 3336 autem
1197 3284 1460 3352 apostolis
1492 3293 1548 3338 et
1575 3285 1856 3354 prophetis
1892 3303 2008 3341 ma-

434 3371 580 3425 xime
607 3371 700 3440 qui
733 3379 860 3425 sunt
887 3372 953 3425 de
974 3373 1214 3429 Ecclesia
1255 3374 1623 3438 immaculata,
1651 3383 1706 3429 et
1729 3377 2007 3445 apostolos

437 3460 637 3515 Christi
691 3460 993 3528 imitantur,
1033 3473 1087 3518 et
1113 3465 1406 3535 prophetas
1453 3480 1561 3518 non
1593 3475 1878 3534 spernunt,
1913 3470 2006 3523 sed

433 3559 746 3606 scrutantur
799 3553 960 3608 etiam
1008 3569 1198 3609 eorum
1247 3555 1578 3625 Scripturas.
1636 3555 1793 3612 Nunc
1836 3567 1891 3613 et
1939 3559 2007 3614 de

432 3643 800 3698 monumentis
852 3645 1055 3714 apertis
1109 3646 1378 3700 dicamus.
1444 3643 1596 3700 Venit
1641 3658 1821 3702 autem
1871 3650 2004 3702 Iwra

433 3733 734 3787 secundum
773 3735 919 3804 quod
949 3736 1273 3805 promiserat
1303 3737 1577 3800 Christus,
1604 3746 1660 3790 ut
1689 3738 1780 3807 qui
1811 3738 1865 3790 in
1895 3755 2009 3792 mo-

433 3825 695 3877 numentis
741 3835 896 3891 sunt,
945 3819 1169 3880 audiant
1214 3843 1388 3882 vocem
1440 3826 1596 3885 Filii.
1653 3838 1700 3880 et
1743 3829 1916 3882 vivant
1943 3830 2006 3884 ".

431 3908 720 3981 Pmpterea
768 3914 1114 3971 audientibus
1155 3917 1237 3972 eis
1275 3932 1461 3972 vocem
1505 3917 1628 3972 Filii
1662 3917 1778 3982 Dei,
1816 3934 2012 3974 monu-

434 4011 614 4054 menta
665 4011 794 4057 sunt
843 4013 1066 4072 aperta,
1116 4020 1238 4074 quae
1281 4005 1470 4062 clausa
1519 4007 1737 4075 quidem
1789 4006 2010 4064 fuerunt

433 4091 676 4160 quandiu
711 4096 916 4149 mortui
957 4104 1112 4151 erant
1153 4096 1208 4150 in
1252 4096 1373 4151 eis:
1405 4105 1590 4168 aperta
1635 4106 1764 4152 sunt
1805 4108 2006 4166 autem,

431 4191 493 4237 ut
531 4183 625 4254 qui
669 4196 1083 4243 resurrexerant
1132 4189 1482 4259 egrediantur
1512 4205 1579 4245 ex
1613 4191 2006 4258 monumentis,

433 4289 541 4329 non
594 4284 723 4332 ante
762 4280 1213 4334 resurrectionem
1248 4278 1596 4351 Primogeniti
1651 4297 1718 4336 ex
1753 4283 2006 4347 mortuis,

433 4361 528 4416 sed
565 4373 685 4432 post
712 4367 1170 4424 resurreCtionem
1216 4369 1410 4440 ipsius,
1443 4377 1498 4424 et
1526 4380 1868 4440 resurgentes
1909 4372 2008 4426 de—

2110 587 2242 625 voce
2269 568 2527 624 clamavit
2547 568 2729 630 Jcsus.
2759 580 2812 624 ct
2844 569 3026 624 emisit
3060 569 3338 638 spiritum,
3379 580 3434 626 et
3469 587 3684 642 semper

2109 663 2225 717 lucc
2251 661 2437 716 eadem
2469 675 2660 730 magna
2695 661 2936 730 quotidie
2967 661 3121 716 llunt.
3154 660 3348 716 Velum
3371 663 3517 717 enim
3549 673 3686 718 tem-

2109 753 2180 822 pli
2216 751 2280 805 ad
2313 752 2596 806 rcvelanda
2637 768 2759 823 qua:
2801 751 2949 806 intus
2980 751 3272 818 habentur,
3307 753 3530 823 quando
3575 770 3680 810 non

2109 841 2378 896 scinditur
2422 843 2627 898 sanctis
2667 859 2697 896 a
2732 857 2953 897 sursum
3012 857 3190 912 usque
3234 844 3517 909 deorsum,
3553 854 3606 899 et
3652 861 3682 900 a

2108 931 2381 1000 principio
2411 946 2586 1000 usque
2619 931 2685 984 ad
2719 929 2922 983 linem?
2960 930 3182 999 quando
3209 939 3264 984 et
3295 938 3439 984 terra
3475 930 3558 985 eis
3588 931 3682 999 qui

2108 1025 2284 1078 salute
2329 1030 2457 1078 sunt
2503 1023 2675 1092 digni,
2728 1038 2837 1077 non
2893 1014 3161 1086 mo'vetur,
3211 1031 3267 1076 et
3313 1022 3516 1084 tremit,
3563 1039 3683 1092 quae

2107 1125 2232 1168 ante
2276 1114 2478 1168 Christi
2536 1124 2764 1168 mortem
2825 1112 3122 1168 immobilis
3168 1113 3322 1166 erat?
3369 1114 3588 1182 quando
3626 1123 3681 1167 et.

2105 1215 2289 1274 petrae,
2321 1204 2616 1259 secundum
2654 1201 2800 1272 quod
2838 1203 3186 1264 tradidimus,
3224 1219 3332 1256 non
3364 1202 3678 1258 ﬁnduntur?

2109 1294 2201 1348 Sic
2253 1309 2468 1364 semper
2512 1301 2568 1347 et
2616 1300 2970 1347 monumenta
3024 1291 3368 1362 aperiuntur,
3419 1299 3471 1344 et
3509 1291 3674 1345 multa

2107 1401 2338 1454 corpora
2374 1395 2688 1440 sanctorum
2719 1383 2939 1454 quidem
2989 1382 3374 1438 dormientium
3427 1391 3675 1450 surgunt,

2106 1487 2159 1532 et
2183 1476 2530 1540 egrediuntur
2554 1477 2620 1530 de
2647 1473 3039 1537 monumentis,
3069 1484 3192 1542 post
3220 1472 3677 1527 resurrectionem

2107 1576 2288 1620 tamen
2327 1565 2447 1635 ejus
2494 1565 2547 1618 in
2591 1565 2671 1619 eis
2714 1565 2808 1634 qui
2851 1571 3102 1618 mortuus
3144 1569 3228 1616 est
3266 1577 3365 1632 pro
3411 1556 3602 1625 nobis,
3629 1570 3682 1614 et

2107 1666 2411 1726 sequuntur
2458 1671 2582 1710 cum
2634 1656 2727 1724 qui
2779 1663 3218 1715 resurrexerunt,
3263 1662 3318 1707 et
3348 1653 3404 1706 in
3443 1653 3681 1707 novitate

2107 1746 2230 1800 vitae
2259 1745 2539 1798 ambulant
2567 1758 2690 1798 cum
2720 1757 2806 1798 eo.
2837 1742 2929 1798 Sic
2955 1751 3008 1797 et
3035 1741 3126 1812 qui
3157 1742 3303 1812 digni
3331 1750 3459 1796 sunt
3482 1741 3682 1794 habere

2109 1835 2578 1890 com'crsationem
2629 1833 2681 1886 in
2730 1833 2906 1896 caelis,
2935 1833 3218 1887 dicentes:
3263 1830 3470 1885 Nostra
3505 1840 3679 1883 autem

2107 1936 2182 1980 est
2213 1927 2536 1980 conversatio
2575 1929 2628 1978 in
2661 1924 2802 1978 caelis
2829 1925 2898 1992 ὀ,
2933 1924 3309 1993 ingrediuntur
3341 1923 3395 1976 in
3436 1931 3678 1976 sanctam

2107 2021 2378 2075 civitatem
2432 2036 2525 2088 per
2580 2018 2794 2088 singula
2852 2026 3130 2086 tempora,
3174 2024 3227 2069 et
3278 2015 3460 2068 lumen
3491 2027 3679 2067 eorum

2109 2109 2251 2162 lucet
2281 2123 2463 2163 coram
2492 2109 2828 2173 hominibus,
2860 2116 2914 2161 et
2940 2105 3130 2160 multis
3157 2111 3421 2173 apparent
3446 2102 3678 2156 videnti-

2107 2200 2211 2254 bus
2241 2209 2296 2252 et
2323 2199 2748 2269 intelligentibus
2786 2214 2948 2268 opera
2985 2199 3126 2252 bona
3170 2197 3435 2266 ipsorum,
3468 2204 3521 2249 et
3551 2211 3680 2264 pro.

2108 2303 2293 2363 ptcrca
2344 2294 2775 2365 gloriﬁcantihus
2807 2293 3022 2348 Patrem
3069 2295 3309 2364 ipsorum
3356 2292 3447 2362 qui
3497 2299 3580 2346 est
3625 2292 3679 2344 in

2108 2385 2280 2441 οιιιιῑε.
2331 2383 2436 2438 Sed
2487 2394 2540 2440 et
2585 2386 2766 2440 dicere
2804 2385 3065 2440 debemus
3107 2384 3174 2438 de
3205 2383 3346 2446 istis,
3381 2391 3435 2437 et
3469 2397 3678 2451 sapere,

2109 2474 2368 2543 quoniam
2403 2475 2584 2529 omnis
2615 2474 2832 2544 quidem
2879 2475 3059 2528 littera
3089 2472 3365 2542 Evangelii
3398 2472 3554 2542 quasi
3590 2471 3679 2524 lit-

2109 2573 2223 2618 tera
2273 2565 2510 2619 viviﬁcat
2560 2565 2933 2636 evangelicos,
2994 2577 3054 2620 ut
3104 2565 3178 2620 ita
3243 2579 3337 2618 eos
3390 2563 3679 2634 appellem,

2114 2652 2337 2709 Scribas
2364 2671 2377 2706 :
2416 2654 2642 2724 spiritus
2675 2664 2878 2718 autem,
2909 2655 3001 2726 qui
3034 2654 3445 2726 supergreditur
3473 2654 3681 2707 littera-

2108 2761 2230 2801 rum
2264 2755 2539 2811 naturam,
2568 2747 2926 2803 divinioribus
2955 2747 3194 2802 motibus
3225 2745 3398 2816 magis
3427 2759 3523 2799 eos
3553 2744 3681 2798 illu-

2109 2839 2282 2893 minat
2317 2839 2517 2909 quibus
2545 2838 2896 2910 Evangelium
2934 2855 3040 2892 non
3069 2847 3153 2894 est
3183 2838 3418 2894 velatum
3447 2853 3462 2891 :
3498 2835 3681 2891 omnia

2109 2930 2254 2984 enim
2300 2939 2466 3000 agunt
2497 2938 2555 2983 ut
2588 2929 2808 2984 videant
2847 2945 2970 3000 quae
3009 2931 3062 2983 in
3102 2929 3284 2984 anima
3325 2943 3424 2983 sua
3467 2942 3564 2997 per
3599 2941 3684 2980 re-

2110 3019 2504 3074 surrectionem
2551 3020 2754 3076 Christi
2805 3019 2941 3074 ﬁunt
2993 3019 3270 3091 mysteria.
3324 3016 3684 3072 Prodilicatur

2109 3108 2255 3162 enim
2289 3108 2520 3177 quadam
2556 3108 2969 3177 proditicatione
3006 3117 3060 3163 et
3101 3106 3196 3177 qui
3233 3106 3408 3162 credit
3438 3105 3681 3174 Scriptu-

2109 3200 2210 3264 ris,
2244 3199 2442 3269 majori
2479 3208 2660 3254 autem
2702 3199 2942 3269 repletur
2978 3199 3205 3255 scientia
3238 3197 3331 3268 qui
3361 3197 3506 3252 videt
3535 3193 3679 3264 quod

2109 3291 2484 3345 conscinditur
2513 3291 2690 3345 velum
2715 3290 3013 3362 Scriptum
3035 3305 3065 3344 a
3093 3306 3309 3346 sursum
3334 3305 3508 3358 usque
3524 3290 3682 3343 deor—

2107 3395 2250 3443 sum,
2292 3390 2346 3434 et
2384 3379 2533 3433 videt
2575 3394 2698 3448 quae
2741 3389 2869 3434 sunt
2917 3379 3057 3433 intra
3110 3381 3311 3447 ipsum.
3363 3377 3561 3432 Beatus
3600 3389 3684 3432 est

2107 3472 2288 3517 autem
2340 3471 2394 3518 et
2443 3463 2531 3517 ουί
2581 3473 2722 3518 terra
2769 3475 2823 3518 8|.
2872 3466 3056 3518 omnia
3108 3475 3319 3519 terrena
3362 3473 3678 3518 moventur:

2106 3561 2391 3624 propterea
2424 3552 2568 3608 enim
2604 3560 2659 3606 et
2695 3568 2725 3607 a
2756 3553 2976 3607 Christo
3011 3561 3138 3608 sunt
3185 3560 3363 3618 mota;
3416 3567 3519 3606 nec
3564 3568 3683 3606 mo-

2107 3647 2377 3700 vebuntur
2418 3646 2584 3716 pedes
2626 3645 2766 3714 eius,
2813 3661 2916 3700 nec
2948 3645 3092 3700 dicet
3135 3659 3148 3696 :
3203 3643 3306 3698 Mei
3348 3653 3523 3696 autem
3555 3658 3682 3713 pene

2109 3738 2241 3790 moti
2284 3746 2406 3792 sunt
2437 3737 2592 3806 pedes
2621 3737 2688 3791 ".
2745 3735 2965 3802 Quanto
3003 3743 3184 3790 autem
3231 3735 3443 3790 beatior
3477 3733 3680 3803 estqui

2106 3814 2256 3883 videt
2305 3829 2480 3885 oculis
2524 3828 2721 3883 animae
2767 3828 2970 3883 scissas
3014 3837 3216 3898 petras,
3266 3841 3432 3897 quam
3474 3825 3551 3878 illi
3588 3826 3680 3894 qui

2108 3931 2238 3976 tunc
2269 3921 2629 3991 corporaliter
2659 3921 2774 3977 ﬁeri
2809 3921 2911 3974 ista
2940 3918 3232 3974 viderunt?
3261 3916 3320 3971 Si
3351 3927 3529 3971 autem
3559 3917 3684 3987 quis

2108 4013 2298 4069 videns
2351 4022 2406 4068 et
2455 4023 2806 4068 monumenta
2855 4023 3078 4080 aperta,
3129 4019 3184 4065 et
3233 4024 3462 4081 corpora
3511 4011 3680 4065 multa

2107 4105 2495 4159 dormientium
2557 4113 2868 4159 sanctorum
2955 4101 3230 4172 surgentia
3280 4110 3334 4157 ct
3378 4102 3444 4156 de
3490 4118 3685 4156 monu-

2110 4195 2307 4250 mentis
2351 4193 2709 4266 egredientia,
2756 4203 2880 4262 post
2931 4194 3388 4247 resurrectionem
3434 4194 3684 4262 corporis

2108 4282 2335 4348 Christi,
2380 4283 2605 4338 omnino
2631 4282 2843 4336 alienus
2875 4280 3104 4337 ellicitur
3148 4299 3178 4337 a
3209 4281 3596 4344 monumentis,
3631 4292 3686 4335 et

2109 4372 2443 4428 domesticus
2474 4372 2704 4428 cllicitur
2730 4370 2966 4426 civitatis
2997 4371 3090 4427 Dei
3136 4372 3414 4440 ingressus
3454 4372 3506 4426 in
3538 4387 3680 4434 cam,

433 4449 746 4550 relinquant
774 4454 991 4521 quidem
1016 4465 1394 4522 monumenta,
1420 4456 1793 4527 ingrediantur
1822 4467 2000 4515 autem
2042 4493 2089 4550 υ
2115 4471 2320 4532 quanto
2350 4464 2523 4534 magis
2553 4461 2961 4533 prodilicabitur
3009 4461 3243 4531 amplius
3274 4461 3342 4517 iis
3369 4462 3459 4532 qui
3490 4477 3686 4530 corpo-

433 4540 489 4594 in
517 4540 787 4597 civitatem
811 4553 1079 4607 sanctam.
1107 4556 1162 4600 et
1189 4557 1487 4617 appareant
1515 4558 1569 4602 et
1590 4549 2009 4606 manifestentur

436 4631 620 4687 multis
647 4633 955 4688 volentibus
986 4644 1040 4689 et
1068 4639 1383 4705 potentibus
1440 4649 1689 4695 sanctam
1723 4641 1998 4696 civitatem

441 4724 530 4779 Dei
558 4725 775 4792 videre,
810 4735 865 4782 et
892 4743 1015 4797 quae
1059 4727 1114 4783 in
1147 4745 1210 4784 ea
1243 4731 1564 4787 resuscitata
1605 4744 1733 4790 sunt
1775 4751 2004 4806 corpora

439 4822 780 4874 sanctorum.
845 4815 1196 4872 Monumenta
1259 4818 1405 4872 enim
1469 4820 1725 4876 dicuntur
1775 4839 2006 4894 corpora

443 4905 808 4972 peccatricum
862 4907 1212 4972 animarum,
1261 4905 1315 4960 id
1359 4915 1444 4961 est
1487 4918 1827 4964 mortuarum
1875 4911 2008 4967 Deo.

434 4991 572 5046 Cum
605 5001 786 5047 autem
813 5009 909 5062 per
933 4995 1160 5064 gratiam
1196 4994 1290 5050 Dei
1319 4994 1516 5050 animae
1548 4995 1860 5066 huiusmodi
1895 4998 2010 5054 lue-

439 5082 547 5137 rint
590 5083 868 5138 suscitaue
905 5085 972 5139 ad
1010 5085 1172 5140 ﬁdem
1211 5101 1442 5156 corpora
1491 5095 1678 5140 earum
1727 5103 1848 5157 quze
1899 5088 2014 5144 lue-

440 5182 564 5238 rant
586 5175 739 5244 prius
772 5189 1126 5232 monumenta
1167 5188 1508 5236 mortuarum
1550 5180 1882 5245 animarum,
1909 5183 2016 5237 elli-

443 5265 667 5320 ciuntur
698 5281 928 5337 corpora
959 5279 1306 5334 sanctarum,
1347 5279 1402 5326 et
1459 5271 1714 5327 videntur
1756 5289 1786 5328 a
1818 5274 2012 5344 seipsis

438 5357 588 5412 exire
635 5374 759 5412 cum
804 5359 1068 5414 desierint
1111 5376 1234 5416 esse
1281 5372 1630 5418 monumenta
1671 5373 2010 5420 mortuarum

439 5446 746 5504 animarum
769 5490 784 5516 ,
839 5457 894 5505 et
932 5461 1198 5520 coeperint
1234 5466 1465 5522 corpora
1506 5468 1628 5510 esse
1664 5465 2004 5513 sanctarum.

993 5680 1033 5710 "
1063 5679 1252 5734 Matth.
1313 5695 1422 5744 xw,
1463 5681 1542 5733 l8.

515 5679 554 5708 Μ
590 5679 716 5723 Aug-
752 5695 808 5723 ll.
844 5680 872 5723 7

587 5678 718 5748 Agg.
752 5695 813 5741 lt,
844 5680 892 5731 7.
993 5680 1033 5710 ⁸⁷
1063 5679 1252 5734 Matth.
1313 5695 1422 5744 xw,
1463 5681 1542 5733 l8.
1626 5683 1666 5712 "‘
1698 5681 1896 5751 Ephcs.

610 5786 624 5811 ,
651 5749 705 5806 ‘2.
781 5751 827 5782 "
862 5748 1051 5805 Matth.
1087 5765 1265 5815 xxv",
1305 5751 1392 5806 54.
1469 5753 1513 5782 ’³
1537 5752 1701 5810 Marc.
1725 5759 1923 5822 M359.

440 5759 584 5801 tua
610 5786 624 5811 ,
651 5749 705 5806 ‘2.

1626 5683 1666 5712 "‘
1698 5681 1896 5751 Ephcs.
1931 5701 1988 5750 ll,
2016 5684 2104 5740 ΕΟ.

2115 4555 2302 4610 raliter
2347 4555 2593 4626 prodigia
2641 4556 2742 4610 ista
2790 4554 3076 4607 viderunt?
3129 4554 3274 4608 Satis
3325 4563 3502 4608 autem
3555 4561 3685 4621 puto

2113 4649 2317 4704 distare
2349 4649 2495 4703 hunc
2531 4649 2624 4718 qui
2660 4648 2964 4720 ingreditur
3012 4645 3066 4700 in
3109 4647 3381 4701 civitatem
3415 4656 3683 4708 sanctam,

2107 4749 2162 4794 et
2188 4749 2412 4809 apparet
2445 4739 2631 4794 multis
2658 4740 2784 4810 quia
2814 4746 2898 4794 est
2940 4739 2994 4793 in
3024 4740 3110 4801 ca',
3142 4737 3212 4791 ah
3245 4737 3338 4792 illo
3367 4736 3460 4807 qui
3490 4752 3684 4790 secun-

2109 4831 2238 4886 dum
2288 4830 2571 4884 historiam
2611 4829 2783 4885 credit
2825 4838 3018 4884 etnon
3062 4831 3305 4885 ascendit
3347 4845 3378 4883 a
3407 4829 3509 4882 tide
3550 4827 3682 4883 sim-

2113 4921 2236 4992 plici
2277 4921 2342 4975 ad
2374 4921 2566 4975 altiora
2603 4921 2884 4992 mysteria.

2187 5011 2308 5064 140.
2352 5011 2600 5064 Centurio
2635 5023 2833 5077 autent,
2867 5021 2919 5065 et
2945 5013 3036 5081 qui
3067 5027 3186 5065 cum
3223 5027 3284 5064 eo
3313 5020 3466 5064 erant
3509 5019 3683 5064 custo-

2111 5101 2309 5153 dientes
2333 5097 2538 5163 Jesum,
2579 5101 2690 5154 viso
2733 5109 2887 5154 terras
2925 5110 3101 5165 motu,
3137 5111 3186 5154 et
3213 5100 3291 5152 his
3319 5116 3437 5169 quc
3465 5100 3684 5167 ﬁebant.

2115 5192 2402 5243 timuerunt
2457 5190 2627 5254 valde,
2677 5193 2908 5246 dicentes
2951 5207 2970 5246 :
3026 5190 3153 5244 Vere
3200 5189 3374 5244 Filius
3421 5190 3516 5244 Dei
3570 5199 3684 5244 erat

2113 5281 2211 5333 iste
2235 5281 2303 5332 ".
2335 5278 2551 5335 Marcus
2583 5280 2628 5311 "
2659 5289 2840 5336 autem
2884 5281 2964 5337 sic
3007 5281 3236 5335 scribit:
3275 5279 3465 5334 Videns
3502 5289 3684 5334 centu-

2114 5373 2193 5424 rio
2245 5371 2334 5434 qui
2401 5371 2614 5425 astabat
2660 5372 2732 5426 ibi
2781 5373 3029 5442 quoniam
3082 5372 3318 5426 clamans
3375 5373 3683 5443 exspiravit,

2111 5459 2292 5513 dixit:
2342 5457 2466 5514 Vere
2513 5461 2596 5514 hic
2631 5462 2783 5516 homo
2826 5455 3001 5514 Filius
3045 5470 3159 5514 erat
3203 5461 3322 5517 Dei.
3361 5461 3536 5517 Lucas
3585 5477 3682 5515 au-

2186 5688 2227 5720 "
2253 5685 2409 5743 Joan.
2437 5704 2489 5755 v,
2517 5687 2587 5742 ‘28
2616 5697 2664 5743 et
2693 5687 2784 5742 25.
2877 5686 2923 5718 ¹⁰
2955 5684 3150 5756 Philip.
3182 5699 3264 5744 ut.
3293 5682 3383 5738 ‘20.
3460 5685 3499 5716 ²¹
3534 5681 3680 5738 Psal.
