4112 6462
425 413 447 468 Ι
461 414 560 468 793

1542 402 2193 460 COMMENTARIOHUM
2237 403 2498 464 SERIES.

3531 408 3670 466 17⁵94

422 535 530 580 tem
563 525 610 556 “
637 543 649 578 :
696 522 886 577 Videtis
922 523 1157 576 centurio
1179 537 1296 590 qua:
1325 519 1469 588 facta
1505 530 1648 580 sunt,
1677 518 1992 587 glori/ienuit
2027 521 2070 577 Α
2101 516 2206 572 tius
2241 517 2481 586 pendens
2513 517 2566 570 in
2612 531 2773 572 cruce
2808 519 3044 588 amplius
3075 521 3412 576 cruciaretur
3433 564 3446 584 .
3493 543 3670 598 neque

428 617 614 680 Deum,
645 618 824 669 dicens
855 630 874 667 .'
914 613 1040 667 Vere
1076 613 1160 665 hic
1203 613 1357 664 homo
1391 611 1569 679 justus
1613 620 1746 663 erat.
1788 608 1996 663 Secun—

424 708 552 761 dum
603 706 842 762 Marcum
889 705 1132 774 quidem,
1185 704 1454 767 centurio,
1504 717 1610 754 non
1660 703 1786 769 quia
1817 700 1995 752 velum

426 799 609 867 templi
642 797 816 852 fuerat
849 796 1083 851 scissum
1130 809 1160 848 a
1207 808 1428 847 sursqu
1489 807 1661 860 usque
1715 791 1992 851 deorsum,

428 902 528 942 nec
569 887 695 955 quia
748 887 851 940 alia
909 885 1049 940 facta
1104 893 1232 939 sunt
1274 883 1451 952 signa,
1501 880 1799 935 secundum
1851 880 1993 949 quod

431 973 596 1028 refert
645 973 950 1040 Mattharus,
1008 973 1060 1027 id
1112 981 1196 1027 est
1243 972 1371 1041 quia
1427 979 1571 1024 mota
1619 979 1703 1023 est
1750 978 1916 1033 terra,
1944 979 1998 1021 et

425 1062 554 1130 quia
602 1073 764 1130 petrae
805 1070 935 1116 sunt
982 1061 1191 1123 scissa‘,
1247 1069 1342 1114 aut
1392 1068 1575 1128 aperta
1627 1068 1752 1113 sunt
1803 1073 1997 1111 monu«

426 1161 626 1214 menta,
656 1163 737 1206 est
765 1152 1062 1206 admirans.
1119 1150 1351 1220 Dignum
1384 1159 1624 1219 estergo
1659 1149 1840 1203 videre
1866 1149 1997 1218 quid

424 1252 612 1311 postea
662 1242 863 1297 factum
906 1253 989 1297 est
1035 1258 1198 1312 super
1249 1242 1378 1296 illttd
1411 1242 1554 1310 quod
1602 1241 1867 1308 scriptum
1915 1248 1999 1293 est

425 1337 565 1403 apud
603 1334 864 1400 Marcum,
899 1346 955 1388 nt
991 1334 1282 1388 miraretur
1315 1331 1564 1387 centurio
1591 1332 1817 1385 dicens:
1870 1329 1998 1384 Vere

424 1428 508 1481 hic
539 1427 711 1482 Filius
751 1437 866 1480 erat
894 1427 1010 1480 Dei.
1059 1425 1124 1479 Et
1157 1426 1277 1480 vide
1308 1428 1353 1479 si
1385 1424 1566 1480 dicere
1594 1439 1888 1493 possumus
1919 1439 2001 1479 se-

425 1521 662 1574 cundum
701 1535 868 1573 unum
904 1519 1121 1588 quidem
1179 1517 1426 1581 modum,
1463 1517 1724 1586 quoniam
1767 1517 1998 1570 miratus

422 1620 506 1665 est
540 1612 592 1664 in
625 1611 706 1664 his
737 1625 857 1680 quae
899 1609 1039 1663 dicta
1091 1607 1306 1663 fuerant
1352 1607 1420 1662 ab
1464 1621 1531 1660 eo
1564 1607 1629 1660 ad
1659 1606 1826 1660 Deum
1871 1621 1996 1659 cum

423 1700 662 1755 clamore
706 1711 758 1754 et
796 1698 1169 1768 magnitudine
1208 1712 1491 1760 sensuum,
1522 1695 1822 1751 secundum
1853 1695 1996 1765 quod

423 1791 671 1859 capiebat
719 1790 1041 1858 intelligere.
1096 1787 1385 1856 suspicans
1432 1786 1734 1840 admiratus
1784 1795 1887 1852 est,
1943 1797 1997 1842 et

422 1880 595 1934 dixit:
646 1880 774 1934 Vere
821 1881 904 1932 hic
946 1880 1099 1932 homo
1145 1887 1258 1932 erat
1296 1875 1474 1930 Filius
1515 1877 1628 1930 Dei.
1685 1875 1996 1932 Secundum

423 1971 652 2024 alterum
715 1979 894 2025 autem
949 1969 1194 2033 modum,
1242 1966 1500 2036 quoniam
1554 1965 1693 2021 forte
1741 1976 2000 2036 praestare

424 2061 612 2116 volens
639 2061 844 2116 Pilatus
876 2060 1077 2130 populo
1108 2059 1367 2113 universo
1397 2058 1490 2128 qui
1527 2057 1780 2112 dixerat:
1810 2057 1998 2111 Cruci-

429 2154 552 2222 ﬁge,
590 2153 838 2224 eruciﬁge
859 2169 978 2207 eum
1003 2154 1071 2218 ",
1102 2152 1368 2206 cttimcns
1395 2152 1576 2220 populi
1605 2151 1772 2206 totius
1795 2151 1998 2206 tumul-

425 2254 562 2308 tum,
597 2260 702 2299 non
739 2243 924 2312 jussit,
964 2244 1264 2297 secundum
1308 2243 1761 2298 consuetudinem
1794 2243 1999 2297 Roma-

425 2350 618 2388 norum
661 2335 727 2388 de
771 2334 857 2389 his
895 2335 988 2403 qui
1035 2334 1452 2405 crucifiguntur,
1484 2333 1694 2403 percuti
1749 2334 1851 2388 sub
1884 2334 1998 2388 alas

423 2427 673 2494 corporis
719 2424 847 2479 Jesu
877 2445 888 2478 :
921 2425 1068 2495 quod
1124 2424 1332 2480 faciunt
1379 2425 1675 2494 aliquando
1721 2425 1814 2494 qui
1870 2439 1999 2478 con-

423 2516 681 2568 demnant
719 2531 813 2569 eos
844 2517 936 2584 qui
971 2515 1024 2569 in
1069 2514 1367 2582 majoribus
1414 2513 1708 2567 sceleribus
1748 2522 1876 2566 sunt
1913 2513 1995 2564 in-

425 2604 593 2658 venti.
626 2603 893 2670 Quoniam
937 2621 1069 2675 ergo
1096 2606 1358 2675 majorem
1391 2605 1662 2659 sustinent
1694 2605 1998 2659 cruciatum

425 2695 517 2763 qui
572 2711 677 2749 non
726 2695 1102 2764 percutiuntur
1149 2703 1271 2765 post
1319 2694 1611 2759 fixionem,
1664 2693 1760 2749 sed
1813 2695 2000 2748 vivunt

425 2801 550 2839 cum
604 2786 840 2854 plurimo
889 2786 1157 2852 cruciatu,
1211 2786 1508 2856 aliquando
1557 2796 1737 2841 autem
1785 2795 1839 2841 et
1887 2794 2000 2841 tota

427 2884 604 2939 nocte,
632 2883 688 2929 et
715 2876 894 2929 adhuc
921 2883 1044 2945 post
1070 2889 1188 2930 eam
1231 2883 1340 2930 tota
1375 2875 1481 2930 die.
1516 2874 1677 2930 Jesus
1716 2890 1844 2946 ergo
1873 2889 1996 2929 cum

426 2980 532 3018 non
565 2964 758 3019 fuisset
785 2981 1098 3035 percussus,
1127 2974 1181 3020 et
1209 2975 1521 3034 speraretur
1546 2966 1639 3020 diu
1670 2967 1911 3036 pendens
1943 2965 1997 3019 in

425 3071 588 3108 cruce
643 3056 850 3124 tuajoxa
897 3054 1007 3124 pati
1068 3063 1362 3117 tormenta,
1417 3056 1594 3110 oravit
1648 3054 1886 3120 Patrem,
1945 3063 2002 3110 et

2099 607 2438 670 interfectus.
2474 623 2648 677 neque
2675 609 3003 677 depositus?
3030 611 3234 666 Tamen
3273 623 3450 668 centu:
3469 616 3543 681 io,
3580 634 3668 672 se—

2097 699 2334 752 cundum
2363 697 2701 764 Matthzeum,
2730 713 2836 752 non
2860 709 3070 754 tantum
3097 702 3233 756 dixit
3261 704 3327 758 de
3346 703 3474 760 Jesn
3498 726 3511 760 :
3547 706 3671 762 Vere

2098 789 2148 843 F
2151 790 2276 844 ilius
2315 789 2415 844 Dei
2441 799 2558 844 erat
2591 791 2713 855 iste,
2746 791 2840 846 sed
2869 800 2923 846 et
2952 792 3130 846 timuit
3155 809 3304 858 eum,
3334 804 3490 850 terra:
3522 809 3674 853 motu

2097 897 2223 936 eum
2252 881 2306 935 in
2334 881 2583 935 timorem
2619 881 2884 936 mittente.
2923 883 3174 937 Forsitan
3211 893 3391 939 autem
3431 897 3484 941 et
3511 905 3676 958 expe-

2098 972 2332 1026 rimento
2365 971 2570 1026 sciebat
2601 987 2767 1042 super
2803 981 2959 1028 terra:
3000 985 3180 1028 motus
3211 976 3302 1044 qui
3337 976 3388 1030 in
3425 981 3677 1046 gentibus

2099 1063 2254 1129 ﬁunt,
2289 1078 2414 1117 eum
2467 1072 2623 1117 terra:
2657 1074 2862 1118 motum
2913 1064 3115 1130 fuisse,
3163 1075 3218 1120 et
3251 1067 3303 1120 in
3341 1070 3442 1123 hoc
3469 1073 3680 1140 stupuit

2098 1154 2307 1209 videns.
2335 1153 2401 1208 Et
2426 1154 2655 1208 observa
2681 1157 2939 1224 quoniam
2971 1158 3111 1226 apud
3141 1157 3406 1225 Marcum,
3432 1161 3520 1213 ubi
3549 1178 3678 1214 cett-

2099 1247 2243 1300 turio
2277 1246 2485 1300 nullum
2518 1245 2842 1300 miraculum
2879 1249 3078 1302 vidisse
3112 1249 3366 1316 refertur,
3402 1251 3676 1306 hominem

2097 1334 2428 1391 dicitJesum
2451 1333 2649 1389 Filium
2680 1334 2801 1391 Dei:
2827 1338 2918 1407 qui
2944 1349 3124 1392 autem
3149 1341 3526 1394 conscissione
3549 1341 3674 1406 veli,

2096 1426 2180 1481 vel
2208 1441 2238 1481 a
2270 1436 2428 1480 terra:
2451 1435 2601 1480 motu
2629 1429 2857 1497 stupuit,
2881 1429 3159 1483 hominem
3197 1431 3343 1484 illum
3375 1430 3544 1487 fuisse
3566 1447 3675 1486 non

2076 1516 2264 1583 dicit,
2322 1517 2416 1572 sed
2462 1517 2658 1571 Filium
2713 1517 2827 1573 Dei.
2871 1519 3155 1574 Cnuscntit
3203 1529 3382 1574 autem
3427 1522 3584 1577 nobis
3611 1523 3678 1576 ad

2101 1616 2390 1661 tractatum
2428 1623 2590 1676 quem
2626 1607 2853 1662 fecimus
2888 1609 2954 1662 de
2986 1608 3262 1678 Scriptura
3300 1612 3486 1675 Marci,
3515 1613 3678 1667 etiam

2098 1714 2280 1754 sermo
2322 1697 2742 1768 conscriptionis
2799 1697 2991 1762 Lucae,
3038 1700 3298 1768 quoniam
3347 1711 3399 1755 et
3447 1702 3563 1771 ipse
3595 1704 3677 1758 sic

2101 1789 2288 1846 scribit
2313 1790 2398 1842 ’τε
2444 1787 2572 1843 Vere
2608 1789 2692 1842 In'e
2723 1791 2876 1842 homo
2911 1790 3092 1858 justus
3133 1801 3286 1854 eral;
3335 1793 3478 1861 apud
3519 1809 3680 1863 quem

2103 1882 2238 1935 nihil
2267 1881 2412 1934 aliud
2439 1881 2666 1944 dicitur,
2699 1879 2802 1934 nisi
2828 1881 2893 1933 de
2922 1881 3062 1934 velo.
3103 1879 3316 1942 Vident,
3343 1882 3537 1952 inquit,
3565 1899 3683 1952 qua:

2100 1973 2244 2042 facta
2269 1983 2413 2037 sunt,
2449 1972 2687 2024 centurio
2716 1970 3033 2040 gloriﬁcauit
3070 1971 3257 2032 Deum,
3287 1972 3464 2025 dicens
3485 1987 3504 2024 :
3551 1971 3682 2025 Vere

2090 2067 2270 2135 justus
2297 2075 2410 2118 erat
2443 2064 2528 2118 In'e
2569 2064 2744 2116 homo.
2783 2062 3052 2128 Quoniam
3088 2073 3268 2118 autem
3318 2064 3426 2118 ta'le
3473 2063 3681 2133 aliquid

2101 2156 2304 2211 factum
2350 2165 2435 2210 est
2473 2155 2525 2208 in
2556 2165 2801 2224 tempore
2835 2153 3310 2210 condcmnationis
3343 2153 3584 2219 Christi,
3629 2165 3684 2208 et

2107 2262 2214 2301 non
2245 2246 2415 2316 jussit
2442 2244 2654 2300 Pilatus
2682 2245 3132 2299 consuetudinem
3159 2259 3376 2299 scrvare
3401 2252 3460 2299 ut
3488 2259 3686 2314 percu-

2103 2337 2272 2391 tiatur
2301 2351 2499 2405 corpus
2530 2334 2757 2396 Christi,
2788 2332 3099 2388 manifestat
3126 2335 3288 2388 etiam
3317 2331 3555 2388 Joannes
3582 2335 3684 2388 hoc.

2102 2427 2265 2481 modo
2319 2427 2601 2485 scribens.
2653 2428 2911 2496 quoniam
2969 2434 3281 2497 rogaverunt
3338 2424 3576 2478 Pilatum
3627 2433 3684 2478 ut

2101 2516 2476 2585 frangerentur
2504 2531 2662 2568 crura
2689 2532 2870 2568 eorum
2902 2526 2950 2569 et
2983 2515 3295 2568 tollerentur
3320 2513 3385 2566 ³⁸.
3418 2513 3556 2580 Quid
3587 2529 3678 2567 au-

2102 2615 2210 2660 tem
2243 2606 2613 2660 necessarium
2649 2605 2825 2660 fuerat
2851 2621 3046 2675 rogare
3075 2613 3128 2659 et
3164 2619 3350 2674 preces
3397 2604 3590 2658 oﬂ'erre
3617 2604 3684 2658 de

2100 2697 2206 2752 hoc
2230 2737 2244 2761 ,
2279 2697 2323 2751 si
2356 2697 2654 2751 secundum
2688 2695 3137 2750 consuetudinem
3191 2693 3394 2748 factum
3437 2692 3630 2748 fuisset
3662 2695 3684 2746 ’ἓ

2099 2788 2304 2842 Miserti
2332 2797 2460 2842 sunt
2480 2801 2611 2856 ergo
2629 2785 2798 2840 Judaei
2821 2797 2941 2854 post
2963 2787 3236 2841 crudelem
3259 2786 3643 2840 condemnatio
3659 2815 3678 2826 -

2101 2896 2223 2936 nem
2242 2896 2454 2946 eorum,
2483 2880 2576 2949 qui
2607 2887 2872 2948 quantum
2898 2879 2964 2934 ad
2992 2880 3451 2935 existimationem
3483 2896 3677 2936 eorum

2101 2973 2354 3027 vivebant
2404 2971 2459 3024 in
2504 2971 2749 3025 cruciatu
2795 2970 3041 3025 terribili.
3093 2970 3158 3025 Et
3210 2972 3408 3041 prioris
3457 2971 3678 3042 quidem
3769 3000 3774 3006 -

2102 3080 2264 3120 crura
2297 3062 2596 3132 fregerunt,
2634 3061 2888 3116 similiter
2920 3072 2976 3116 et
3008 3063 3228 3117 secundi
3259 3081 3273 3117 :
3304 3061 3464 3118 Jesus
3498 3073 3680 3118 autem

424 3144 712 3199 exauditus
762 3153 864 3211 est,
915 3153 970 3199 et
1015 3145 1198 3199 statim
1242 3153 1303 3198 ut
1351 3145 1607 3200 clamavit
1660 3147 1725 3201 ad
1757 3145 1997 3210 Patrem,
2026 3169 2067 3226 ο
2103 3172 2210 3211 non
2255 3171 2395 3224 opus
2431 3153 2622 3208 habuit,
2669 3152 3156 3208 intercessionibus
3205 3169 3395 3208 eorum
3440 3163 3535 3208 aut
3563 3169 3672 3223 pre.

427 3240 673 3298 receptus
720 3240 804 3286 cst
852 3249 865 3286 :
919 3238 1013 3285 aut
1057 3231 1201 3287 sicut
1248 3233 1341 3303 qui
1388 3242 1710 3303 potestatem
1762 3235 1997 3291 habebat

426 3325 659 3396 ponendi
699 3325 938 3380 animam
972 3342 1149 3393 suam,
1199 3327 1382 3398 posuit
1424 3343 1544 3384 eam
1577 3329 1797 3400 quando
1827 3329 2000 3384 voluit

427 3421 572 3490 ipse;
607 3423 750 3491 quod
789 3423 1099 3493 prodigium
1141 3425 1348 3493 stupuit
1388 3424 1636 3479 centurio
1677 3423 1905 3487 factum,
1944 3433 1998 3479 ct

423 3510 558 3564 dixit
595 3529 609 3565 :
652 3510 776 3564 Vere
817 3512 901 3566 hic
938 3512 1091 3565 homo
1122 3512 1298 3567 Filius
1347 3523 1461 3567 erat
1515 3514 1626 3570 Dei.
1670 3513 1994 3568 Miraculum

423 3603 568 3656 enim
614 3613 731 3658 erat
771 3605 1030 3673 quoniam
1075 3614 1199 3674 post
1245 3613 1354 3660 tres
1404 3605 1565 3659 horas
1613 3613 1860 3675 receptus
1892 3613 1995 3666 est,

422 3694 514 3761 qui
552 3691 690 3747 forte
721 3694 944 3749 biduum
979 3695 1223 3749 victurus
1256 3703 1374 3748 erat
1415 3696 1468 3748 in
1501 3711 1664 3749 cruce
1695 3696 1995 3750 secundum

423 3785 872 3839 consuetudinem
920 3801 1110 3840 eorum
1151 3786 1245 3856 qui
1296 3786 1704 3854 suspenduntur
1755 3785 1994 3854 quidem,

423 3890 532 3928 non
577 3884 755 3929 autem
802 3877 1181 3946 percutiuntur
1216 3893 1229 3930 :
1269 3882 1327 3928 ut
1355 3874 1627 3930 videretur
1671 3875 1995 3928 beneficium

425 3963 517 4019 Dei
560 3964 730 4020 fuisse
776 3967 922 4036 quod
966 3966 1282 4035 exspiravit,
1330 3974 1384 4020 et
1428 3965 1679 4020 meritum
1731 3964 1997 4018 orationis

420 4054 540 4123 ejus
566 4055 738 4126 magis
769 4071 934 4126 quam
968 4056 1222 4111 violentia
1255 4055 1456 4110 crucis.
1487 4053 1620 4108 illud
1655 4054 1817 4108 etiam
1850 4054 1996 4123 quod

424 4145 478 4199 in
534 4147 890 4216 sequentibus
939 4147 1164 4217 exponit
1213 4145 1452 4212 Marcus,
1505 4160 1629 4200 cum
1657 4144 1856 4214 Joseph
1908 4145 1995 4199 in-

425 4246 622 4292 trasset
659 4237 724 4292 ad
765 4237 1023 4304 Pilatum,
1072 4248 1126 4294 et
1170 4238 1415 4308 petiisset
1462 4252 1662 4306 corpus
1691 4235 1840 4302 Jesu,
1893 4237 1997 4292 hoc

423 4329 599 4397 ipsum
643 4329 934 4398 significat.
984 4329 1076 4384 Sic
1118 4330 1264 4384 enim
1304 4329 1458 4396 dicit,
1500 4331 1757 4398 quoniam
1791 4326 1996 4384 Pilatus

423 4418 652 4472 miratus
685 4427 768 4472 est
793 4418 841 4473 si
875 4419 988 4488 jam
1018 4427 1268 4474 mortuus
1292 4425 1458 4482 esset,
1492 4426 1544 4471 et
1573 4431 1777 4472 vocans
1806 4425 1996 4472 centu-

2100 3246 2256 3302 eibus
2287 3259 2426 3314 quas
2455 3243 2773 3299 obtulerunt
2795 3242 2968 3297 Pilato
2999 3260 3012 3298 :
3042 3255 3262 3313 propter
3290 3243 3435 3313 quod
3464 3244 3679 3299 venien-

2102 3345 2182 3392 tes
2213 3336 2279 3390 ad
2320 3334 2545 3401 Jesum,
2576 3334 2837 3404 quoniam
2870 3335 2983 3403 jam
3028 3343 3278 3388 mortuus
3321 3343 3475 3398 erat,
3523 3349 3683 3390 crura

2105 3427 2226 3498 cjus
2268 3441 2376 3481 non
2408 3425 2706 3496 fregerunt.
2745 3423 2856 3479 Aut
2886 3422 3023 3480 forte
3055 3439 3161 3480 non
3199 3433 3419 3494 propter
3467 3425 3685 3480 miseri-

2099 3520 2340 3572 cordiam
2372 3516 2477 3572 hoc
2511 3514 2758 3570 fecerunt
2782 3513 2987 3580 Judrei,
3025 3514 3116 3568 sed
3149 3513 3518 3582 principaliter
3546 3528 3681 3583 pro-

2099 3617 2219 3678 pter
2268 3607 2602 3670 Sabbatum,
2658 3614 2718 3658 ut
2767 3619 2874 3658 non
2921 3613 3177 3658 maneant
3223 3619 3452 3672 corpora
3507 3619 3672 3673 super

2099 3711 2316 3752 crucem
2364 3696 2416 3750 in
2465 3695 2722 3750 Sabbato.
2773 3693 2901 3747 Erat
2943 3693 3088 3746 enim
3143 3708 3372 3762 magnus
3421 3692 3537 3746 dies
3585 3693 3676 3747 ille

2102 3786 2348 3842 Sabbati.
2385 3784 2510 3839 Haec
2533 3783 2890 3839 tractavimus
2922 3790 3209 3851 propterea
3232 3781 3378 3850 quod
3411 3781 3675 3850 scriptum

2097 3884 2201 3940 est,
2233 3875 2377 3943 quod
2411 3873 2670 3938 centurio,
2703 3883 2752 3925 et
2775 3871 2864 3941 qui
2902 3886 3019 3924 cum
3055 3887 3114 3924 eo
3153 3868 3429 3924 seruabant
3459 3867 3640 3923 Iesum
3665 3911 3680 3934 ,

2097 3974 2151 4020 ct
2175 3974 2389 4026 caetera,
2423 3963 2652 4017 ridentes
2685 3973 2840 4018 teme
2870 3973 3101 4026 malum,
3147 3971 3195 4014 et
3232 3976 3552 4032 quacunque
3587 3963 3682 4031 ﬁe-

2099 4056 2221 4109 bam
2242 4093 2256 4117 ,
2309 4055 2615 4108 timuerunt.
2645 4050 2950 4108 Verisimile
2977 4060 3061 4106 est
3086 4050 3230 4121 quod
3262 4050 3515 4105 viderunt
3542 4067 3681 4121 quo.

2099 4146 2263 4201 modo
2289 4147 2466 4201 velum
2497 4145 2681 4214 templi
2706 4151 2823 4198 erat
2842 4141 3184 4198 conscissum
3206 4154 3379 4210 usque
3395 4139 3676 4204 deorsum,

2098 4249 2150 4294 et
2185 4247 2382 4292 caetera
2415 4237 2733 4308 mysterium
2765 4232 3106 4290 ostendentia
3140 4245 3331 4286 eorunt
3360 4245 3482 4300 quae
3515 4245 3679 4300 supra

2101 4327 2455 4388 tradidimus,
2484 4333 2538 4379 et
2565 4325 2864 4378 timuerunt
2890 4320 3079 4376 valde:
3107 4319 3210 4374 hoc
3234 4319 3377 4374 enim
3409 4319 3681 4390 significat

2098 4415 2245 4485 quod
2267 4414 2486 4480 dicitur,
2509 4412 2678 4466 valde.
2702 4409 2834 4465 Vide
2862 4418 3042 4463 autem
3069 4424 3135 4464 ne
3153 4407 3292 4462 forte
3334 4418 3389 4463 et
3415 4408 3673 4462 moraleu

423 4508 632 4563 rionem
671 4509 1029 4578 interrogavit
1059 4526 1184 4564 eum
1228 4511 1273 4564 si
1301 4509 1414 4579 jam
1452 4517 1697 4562 mortuus
1728 4516 1906 4574 esset;
1941 4518 1995 4563 et
2027 4485 2069 4548 ῧ
2100 4503 2497 4574 θιροείιίοηεηι
2541 4499 2768 4569 suscipit
2815 4513 2997 4552 sermo
3029 4498 3132 4553 hoc
3170 4496 3372 4552 modo:
3417 4497 3674 4566 quoniam

425 4615 548 4653 cum
589 4601 832 4656 audisset
876 4617 907 4655 a
953 4601 1310 4662 centurione.
1357 4599 1580 4654 donavit
1631 4613 1831 4667 corpus
1876 4598 1995 4668 ejus

423 4689 645 4761 Jaseph.
701 4692 756 4745 Si
811 4691 955 4746 enim
1006 4692 1344 4748 consuetudo
1388 4706 1510 4761 qua:
1551 4689 1692 4760 apud
1727 4690 1997 4745 Romanos

424 4780 599 4837 fuerat
658 4783 724 4837 de
781 4781 1056 4838 crncifixis
1101 4792 1264 4852 atque
1319 4781 1627 4852 percussis,
1685 4780 1738 4834 in
1781 4781 1997 4835 Christo

425 4883 635 4928 servata
671 4871 891 4940 fuisset,
919 4873 1194 4944 quomodo
1234 4873 1463 4928 miratus
1491 4872 1685 4927 fuisset
1712 4871 1915 4926 Pilatus
1947 4871 1994 4925 si

419 4962 531 5031 jam
577 4974 824 5020 mortuus
864 4965 993 5020 est?
1050 4962 1186 5017 Vide
1231 4978 1362 5034 ergo
1394 4963 1498 5018 nisi
1530 4977 1735 5017 novum-
1768 4961 1995 5016 demon-

426 5061 563 5108 strat
615 5054 940 5109 miraculum
980 5053 1124 5124 quod
1157 5053 1269 5122 jam
1301 5061 1553 5108 mortuus
1596 5061 1736 5117 erat,
1767 5061 1820 5106 et
1847 5051 1992 5120 quod

427 5145 640 5198 vocavit
662 5145 1035 5200 centurionem
1068 5141 1298 5209 Pilatus,
1336 5149 1392 5196 et
1423 5141 1784 5209 interrogavit
1815 5141 1859 5196 si
1879 5140 1992 5210 jam

431 5244 679 5289 mortuus
706 5246 807 5292 est.
860 5235 990 5290 Vide
1036 5242 1216 5288 autent
1270 5232 1376 5288 nisi
1430 5232 1748 5302 hujusmodi
1788 5232 1997 5286 crucia-

430 5335 542 5379 tum
575 5325 742 5382 fuisse
763 5327 964 5382 Christi
988 5327 1150 5382 etiam
1175 5324 1458 5379 Matthatus
1491 5323 1748 5388 ostendit,
1773 5322 1992 5377 dicens:

427 5416 593 5489 929
639 5416 890 5474 Centurio
941 5430 990 5474 et
1043 5420 1131 5489 qui
1186 5434 1306 5472 cum
1354 5433 1413 5470 eo
1465 5426 1657 5482 erant,
1717 5412 1994 5468 servabant

435 5509 610 5563 Iesum
637 5509 703 5564 ’⁸.
735 5509 913 5577 Quare
950 5522 1130 5567 autem
1165 5527 1288 5567 eum
1317 5509 1626 5574 servabant,
1655 5506 1756 5562 nisi
1789 5515 1846 5562 ut
1869 5508 1993 5561 diu-

429 5771 471 5801 “
495 5770 626 5825 Luc.
650 5784 801 5834 “ut,
828 5767 964 5821 i7."
999 5772 1105 5826 ibid
1136 5773 1226 5826 21.
1308 5773 1352 5804 ⁸⁸
1383 5771 1570 5828 Matth.
1605 5785 1776 5834 uvn,
1813 5768 1902 5822 54.

2101 4601 2230 4649 sunt
2271 4591 2492 4662 quidam
2534 4589 2628 4660 qui
2660 4587 2966 4658 suscipiunt
2997 4587 3272 4641 Christum
3320 4595 3376 4641 et
3418 4595 3672 4642 servant:

2102 4684 2261 4755 quasi
2296 4681 2517 4754 quando
2556 4679 2790 4735 viderint
2827 4678 3128 4736 secundum
3172 4677 3316 4748 quod
3354 4677 3677 4732 tradidimus

2104 4777 2282 4833 velum
2317 4773 2526 4840 scindi,
2561 4781 2614 4828 et
2645 4781 2828 4843 petras
2871 4771 3014 4827 sicut
3050 4769 3404 4840 exposuimus
3437 4768 3584 4832 findi,
3623 4779 3677 4823 et

2107 4878 2466 4924 monumenta
2512 4865 2812 4919 secundum
2850 4860 3002 4932 quod
3033 4858 3388 4930 exposuimus
3435 4859 3672 4927 aperiri,

2097 4969 2152 5018 et
2181 4972 2413 5030 corpora
2447 4961 2787 5011 mortuorum
2819 4959 3132 5007 sanctorum
3163 4950 3417 5004 exeuntia
3459 4950 3527 5003 de
3555 4964 3674 5003 mo-

2099 5049 2376 5107 numentis
2397 5088 2412 5114 ,
2442 5056 2497 5103 et
2525 5043 2856 5100 introeuntia
2888 5043 2942 5096 in
2991 5041 3262 5097 civitatem
3299 5048 3540 5094 sanctam
3563 5079 3579 5105 ,
3621 5039 3672 5092 id

2096 5152 2181 5200 est
2209 5132 2532 5204 Ecclesium,
2559 5137 2906 5192 adducuntur
2934 5134 2987 5188 in
3017 5135 3265 5188 timorem
3301 5131 3415 5196 Dei,
3441 5140 3494 5186 et
3521 5131 3674 5185 testi-

2099 5232 2344 5290 monium
2368 5229 2653 5302 perhibent
2680 5227 2937 5299 quoniam
2972 5223 3143 5280 Filius
3173 5223 3265 5279 Dei
3297 5232 3380 5278 est
3412 5222 3506 5293 qui
3539 5223 3672 5276 talia

2101 5340 2296 5398 passus
2327 5332 2428 5379 est.
2468 5320 2536 5376 Et
2569 5337 2677 5379 non
2704 5319 2805 5374 erit
2841 5319 3039 5373 mirum
3088 5317 3135 5373 si
3171 5315 3455 5372 confessus
3498 5313 3676 5371 fuerat

2102 5414 2304 5485 aliquis
2335 5411 2533 5468 Filium
2573 5410 2702 5476 Dei,
2729 5407 3001 5471 Verbum,
3033 5417 3086 5462 et
3124 5405 3470 5476 sapientiam,
3499 5414 3552 5459 et
3579 5421 3673 5459 ve-

2104 5505 2346 5570 ritatem,
2375 5511 2429 5559 et
2458 5501 2644 5556 omnia
2674 5514 3012 5570 quaecunque
3035 5496 3234 5553 dicitur
3261 5495 3434 5551 Filius
3463 5493 3580 5550 Dei.
3609 5493 3674 5552 lit

1981 5767 2025 5797 "
2055 5780 2212 5830 mu,
2246 5763 2336 5818 47.
2411 5761 2457 5794 ⁸⁸
2483 5760 2641 5814 Joan.
2664 5775 2777 5821 tux,
2806 5759 2894 5814 bi.
