4112 6450
449 404 589 461 1795

1628 399 1956 457 OﬂiGENlS
1995 399 2062 454 IN
2102 398 2520 456 MATT'IIASUM

3577 401 3715 459 1796

448 516 739 572 laudabilis
771 524 855 572 est
885 517 976 587 qui
1014 530 1124 570 non
1173 514 1533 569 conturbatur
1567 515 1622 568 in
1659 515 1746 571 his
1777 530 1901 586 quin
1945 516 2029 570 vi-
2065 520 2105 577 Α
2136 515 2232 568 filii
2261 515 2510 570 tonitrui.
2544 512 2714 572 Erant
2742 515 2890 570 enim
2920 513 3015 570 lilii
3050 515 3172 585 ejus
3199 512 3442 569 Joannes
3475 522 3529 568 et
3555 511 3718 569 Jaco-

445 608 647 662 dentur
692 609 989 679 contigisse
1031 607 1079 661 ei
1132 621 1284 660 more
1332 606 1608 671 humano,
1635 616 1691 661 et
1740 608 2033 662 confitetur

447 702 573 772 quia
607 699 778 754 Filius
806 708 924 753 erat
953 699 1064 754 Dei.

518 791 642 845 Mi.
678 790 845 843 Erant
879 799 1055 842 autem
1102 788 1177 842 ibi
1213 787 1458 843 mulieres
1491 805 1522 842 a
1566 789 1717 860 longe
1757 789 2027 855 videntes,

444 897 562 950 quae
592 891 786 936 secum
823 881 1034 950 fuerant
1058 880 1244 935 Jesum
1287 899 1319 935 a
1362 881 1592 936 Galilwa
1613 924 1635 947 ,7
1658 883 2029 938 ministrantes

442 974 492 1026 ei
513 987 532 1035 ;
555 973 695 1026 inter
712 989 843 1043 quas
862 984 979 1026 erat
1002 966 1181 1027 Maria
1205 972 1542 1043 Magdalene,
1567 981 1617 1027 et
1639 972 1816 1028 Maria
1839 974 2028 1029 Jacobi

442 1071 490 1114 et
525 1060 719 1130 Ioseph
751 1072 952 1124 mater.
992 1074 1041 1117 et
1086 1073 1258 1117 mater
1296 1063 1529 1131 ﬁliorum
1576 1062 1902 1120 Zebedwi”.
1954 1065 2030 1122 De

444 1153 566 1209 istis
598 1154 918 1212 mulieribus
944 1156 1303 1226 pr0phetasse
1335 1155 1581 1212 referunt
1612 1156 1808 1214 isaiam
1841 1160 2027 1214 dicen-

445 1254 549 1300 tem
585 1247 663 1300 “z
724 1246 972 1302 Mulieres
1018 1249 1275 1304 venientes
1311 1252 1381 1304 ad
1419 1250 1776 1325 spectaculum
1822 1252 2026 1305 venite:

440 1352 540 1390 non
600 1338 872 1395 eninuest
928 1340 1153 1408 populus
1206 1339 1400 1394 habens
1460 1341 1798 1410 sapientiam.
1854 1339 2029 1397 Vocat

438 1429 584 1482 enim
622 1430 880 1484 mulieres
923 1446 1046 1499 quae
1081 1429 1296 1486 fuerant
1340 1432 1408 1486 de
1440 1431 1633 1503 longe,
1668 1442 1723 1487 et
1767 1432 1833 1487 de
1868 1432 2027 1502 longe

436 1520 695 1575 videbant
725 1519 935 1587 Jesum,
972 1531 1131 1577 vocat
1167 1537 1264 1578 cas
1301 1523 1367 1578 ad
1408 1524 1632 1579 verbum
1654 1565 1670 1591 ,
1699 1532 1759 1579 ut
1790 1524 2028 1579 derelin-

437 1620 610 1679 quant
642 1610 861 1679 quidem
897 1611 1158 1680 populum
1192 1612 1530 1666 insensatum
1572 1620 1628 1667 et
1665 1612 2023 1680 derelictum,

435 1708 489 1753 et
525 1703 787 1757 accedant
828 1704 894 1758 ad
929 1718 1128 1758 novum
1164 1711 1575 1758 testamentum.
1617 1702 1811 1760 Beatus
1839 1713 2022 1760 autem

437 1791 677 1846 arbitror
705 1808 827 1848 esse
872 1793 1134 1848 mulieres
1168 1808 1289 1864 quae
1321 1794 1659 1850 aedificantur
1691 1795 1760 1850 ad
1790 1796 2024 1852 beatitu-

2133 607 2237 661 bus
2265 623 2280 661 :
2315 607 2436 660 ideo
2462 604 2702 660 Joannes
2725 605 2934 660 audivit
2962 616 3167 674 septem
3197 605 3498 663 tonitruum
3527 604 3716 670 verba,

2132 713 2256 769 qua
2306 697 2464 767 quasi
2513 697 2877 753 eminentiora
2922 696 3074 751 omni
3126 696 3439 766 scriptura.
3490 703 3552 752 ut
3604 709 3714 751 non

2131 789 2397 846 scriberet
2422 787 2623 857 accipit
2651 789 2991 842 mandatum.
3021 788 3116 843 Sin
3144 795 3325 843 autem
3348 796 3566 857 oportet
3590 788 3713 857 opi-

2132 878 2275 940 nari.
2295 886 2350 933 et
2370 878 2554 932 dicere
2572 877 2741 933 etiam
2758 893 2954 935 nomen
2973 878 3164 933 matris
3185 877 3423 933 ﬁliorum
3443 875 3711 941 Zebedzei,

2129 968 2255 1024 dico
2283 966 2544 1038 quoniam
2576 968 2697 1022 haec
2722 968 2838 1037 ipsa
2870 966 3049 1028 [itcrat
3083 967 3306 1026 Salone
3339 969 3572 1038 paciﬁca
3621 984 3714 1038 ap~

2130 1060 2346 1131 peltata.
2396 1057 2666 1129 Opinatus
2717 1073 2838 1114 sum
2891 1069 3072 1114 autem
3134 1062 3273 1126 hoc,
3325 1060 3518 1116 videns
3570 1061 3712 1131 apud

2130 1153 2438 1208 Matthaaum
2473 1162 2529 1209 et
2569 1153 2811 1210 Marcum
2851 1163 2963 1210 tres
2994 1154 3298 1224 praecipuas
3328 1154 3585 1209 mulieres
3615 1168 3713 1207 no-

2129 1247 2388 1313 minatas,
2413 1247 2480 1302 de
2505 1246 2704 1317 quibus
2728 1260 2970 1317 praesens
2995 1259 3180 1301 sermo
3204 1245 3457 1300 habetur.
3485 1243 3551 1299 Et
3575 1245 3708 1300 duas

2128 1337 2346 1407 quidem
2391 1353 2514 1393 esse
2552 1352 2793 1407 praesens
2832 1337 3163 1405 evangelista
3194 1337 3450 1406 exponit,
3484 1335 3707 1391 Mariam

2128 1428 2527 1499 Magdalenam,
2560 1428 2857 1485 ethlariam
2878 1426 3066 1483 Jacobi
3099 1447 3112 1481 :
3142 1429 3357 1482 tertiam
3392 1436 3571 1483 autem
3602 1426 3710 1483 dici

2126 1535 2356 1577 matrem
2412 1522 2648 1576 filiorum
2709 1519 2978 1574 Zebedzei.
3027 1518 3181 1589 Apud
3235 1518 3479 1574 Marcum
3527 1528 3709 1574 autem

2125 1615 2283 1670 tertia
2313 1615 2402 1668 illa
2433 1612 2651 1667 Salome
2675 1611 3007 1681 appellatur:
3036 1620 3091 1665 et
3112 1611 3411 1666 secundum
3442 1609 3710 1674 Marcum,

2126 1723 2249 1778 quae
2275 1718 2478 1763 secutae
2505 1706 2722 1761 fuerant
2759 1703 2946 1760 Jesum
2975 1719 3007 1759 a
3040 1703 3259 1761 Galilaea
3280 1745 3296 1770 ,
3338 1720 3461 1759 cum
3490 1704 3712 1758 Christo

2125 1798 2495 1853 ascenderunt
2525 1797 2579 1850 in
2601 1794 2927 1850 Jerusalem.
2960 1792 3065 1850 iste
3091 1806 3176 1850 est
3193 1795 3338 1851 enim
3372 1793 3498 1849 linis
3514 1808 3709 1848 eorum

436 1880 621 1936 dinem
655 1897 684 1936 a
712 1884 1025 1952 spectaculo
1053 1882 1239 1947 Verbi,
1265 1891 1319 1939 et
1344 1899 1375 1938 a
1402 1892 1580 1941 morte
1600 1887 1848 1956 corporis
1868 1885 2020 1943 Jesu.
2057 1878 2096 1933 Β
2126 1891 2219 1959 qui
2254 1871 2646 1957 derelinquunt
2674 1885 2953 1941 Galileam
2995 1886 3234 1955 gentium
3257 1926 3272 1950 ,
3307 1895 3361 1940 ct
3405 1893 3712 1954 sequuntur

434 1972 609 2031 Omne
634 1976 782 2030 enim
808 1976 954 2047 quod
987 1987 1073 2031 est
1101 1972 1157 2030 in
1191 1975 1419 2033 Christo
1439 2018 1455 2045 ,
1492 1977 1539 2033 si
1575 1993 1701 2033 vere
1732 1978 2017 2044 videatur,

435 2060 654 2120 beatum
685 2066 818 2122 facit
842 2066 1141 2123 videntem.
1170 2068 1459 2139 Aspiciunt
1485 2085 1616 2140 ergo
1644 2070 2023 2126 mortiﬁcatio-

434 2173 559 2211 nem
606 2159 856 2228 corporis
887 2156 1015 2214 Jesu
1067 2166 1122 2214 et
1165 2160 1388 2214 modum
1442 2175 1552 2230 quo
1587 2175 1713 2214 cum
1765 2160 2021 2231 precibus

434 2249 690 2319 spiritum
746 2266 907 2305 suum
955 2251 1361 2306 commendavit
1408 2250 1574 2308 Patri.
1639 2251 1730 2307 lite
1781 2255 2018 2323 primum

435 2351 637 2396 secuta:
684 2350 813 2395 sunt
846 2356 877 2395 a
923 2340 1146 2397 Galilaea
1169 2384 1185 2408 ,
1216 2352 1270 2397 et
1303 2350 1362 2397 ut
1394 2343 1604 2398 audens
1633 2343 1812 2398 dicam
1862 2352 2020 2398 utens

433 2431 759 2488 auctoritate
780 2432 1078 2502 Scriptura:
1095 2433 1329 2489 dicentis
1351 2434 1396 2466 "
1425 2452 1440 2489 :
1468 2451 1499 2488 a
1523 2434 1742 2489 Galilaea
1777 2435 2021 2505 gentium

432 2531 634 2577 secutas
661 2531 819 2587 sunt,
855 2537 965 2577 non
1002 2538 1033 2577 a
1062 2531 1212 2577 recta
1235 2562 1251 2588 ,
1288 2538 1465 2594 neque
1494 2539 1524 2578 a
1562 2523 1719 2579 llrma
1738 2565 1754 2591 ,
1785 2524 1879 2579 sed
1910 2525 2021 2579 cir-

430 2615 641 2670 cuitum
690 2614 982 2684 quemdam
1031 2615 1302 2671 habente:
1347 2616 1454 2671 hoc
1499 2617 1647 2671 enim
1700 2616 2023 2688 intelligitur

431 2703 676 2770 Galilaea,
702 2706 754 2760 id
779 2715 866 2762 est
888 2706 1146 2762 volutatio
1170 2707 1255 2762 vel
1275 2708 1496 2777 uertigo,
1515 2723 1679 2778 quam
1709 2708 2023 2779 relinquen-

434 2806 517 2853 tes
546 2809 749 2853 secutae
796 2805 926 2853 sunt
952 2796 1139 2853 Jesum
1163 2839 1178 2872 ,
1206 2814 1313 2854 non
1358 2800 1586 2863 otiosae,
1620 2800 1714 2855 sed
1757 2799 2022 2856 facientes

431 2904 556 2960 quae
588 2889 992 2945 mandabantur
1023 2890 1092 2945 ab
1125 2906 1224 2958 eo,
1252 2900 1308 2946 et
1332 2891 1677 2947 delectabant
1705 2906 1831 2946 eum
1863 2907 1879 2946 :
1911 2890 2021 2945 mi-

433 2978 732 3034 nistrantes
782 2979 932 3033 enim
980 2979 1351 3049 sequebantur
1396 2995 1543 3035 eum.
1592 2977 1786 3035 Omnis
1837 2988 2019 3035 autem

434 3072 616 3128 anima
649 3072 977 3128 divisionem
1005 3071 1246 3142 aliquam
1274 3072 1574 3143 gratiarum
1603 3081 1662 3127 et
1689 3072 1869 3142 ipsum
1908 3071 2018 3127 Do-

433 3166 645 3218 minum
675 3165 1048 3234 participans,
1081 3164 1358 3220 ministrat
1379 3164 1512 3219 Jesu
1539 3162 1905 3219 ministerium
1940 3164 2019 3219 si-

433 3258 563 3312 mile
617 3257 936 3312 ministeriis
984 3258 1326 3328 angelorum,
1380 3256 1446 3313 de
1498 3256 1701 3326 quibus
1751 3257 2018 3327 scriptum

435 3357 518 3402 est
545 3347 613 3413 ³¹,
647 3347 911 3417 quoniam
944 3349 1263 3402 accedentes
1296 3347 1474 3419 angeli
1521 3348 1909 3403 ministrabant
1945 3348 2016 3402 ei.

437 3439 621 3495 Multa:
648 3453 778 3513 ergo
811 3448 967 3493 erant
996 3446 1378 3510 exspectantes
1405 3448 1536 3495 tunc
1561 3437 1750 3494 Jesum
1777 3457 1792 3493 :
1829 3440 2020 3509 praeci—

431 3545 556 3603 puae
579 3539 764 3586 autem
798 3529 1092 3583 nominatae
1125 3537 1284 3594 sunt,
1315 3537 1370 3583 et
1411 3530 1571 3600 quasi
1601 3531 1865 3585 attentius
1896 3545 2020 3598 spe-

433 3628 667 3687 ctantes,
685 3629 739 3676 et
755 3619 992 3690 amplius
1009 3618 1402 3686 ministrantes,
1421 3631 1475 3675 et
1493 3621 1687 3677 melius
1705 3632 2016 3691 sequentes,

434 3711 605 3767 Maria
656 3711 1017 3785 Magdalena,
1077 3712 1252 3781 magis
1290 3712 1724 3782 interpretationi
1780 3713 2019 3768 nominis

435 3805 623 3873 patrize
650 3819 763 3859 suae
793 3804 1147 3869 conveniens,
1187 3819 1311 3872 quae
1339 3801 1655 3873 Magdalena
1689 3806 2015 3877 appellatur.
2052 3833 2057 3837 ~

434 3894 832 3964 interpretatur
858 3903 1040 3948 autem
1077 3895 1443 3965 magni/icatio
1473 3896 1627 3951 locus
1655 3897 1764 3951 ille.
1809 3897 1874 3951 Et
1901 3908 2020 3954 erat

438 3987 555 4040 haec
611 3983 783 4050 Maria
834 3972 1151 4056 Magdalcna
1200 3985 1267 4049 de
1314 3987 1751 4057 magniﬁcatione
1800 3999 2020 4059 propter

437 4077 575 4132 nihil
613 4076 760 4133 aliud
798 4078 903 4132 nisi
934 4078 1062 4157 quia
1107 4089 1290 4133 secuta
1329 4077 1507 4143 fuerat
1531 4077 1741 4145 Jesum,
1770 4089 1826 4135 et
1852 4081 2021 4135 mini-

436 4178 707 4235 straverat
759 4169 807 4223 ei
833 4212 848 4239 ,
885 4181 938 4224 et
992 4178 1334 4247 spectaverat
1381 4172 1700 4242 mysterium
1750 4171 2020 4240 passionis

437 4261 629 4332 ipsius.
664 4258 796 4315 Erat
824 4271 1009 4325 autem
1036 4261 1179 4315 inter
1199 4260 1501 4337 praecipuas
1529 4270 1584 4316 et
1610 4261 1799 4324 Maria,
1829 4258 2019 4316 Jacobi

436 4362 494 4408 et
513 4352 722 4428 Joseph
773 4362 981 4418 mater,
1022 4359 1151 4419 aut,
1192 4351 1338 4413 sicut
1382 4350 1597 4409 Marcus
1631 4352 1796 4416 dicit,
1831 4349 2018 4405 Jacobi

440 4445 666 4506 minoris
694 4456 746 4498 ct
775 4442 975 4512 Joseph
1005 4450 1198 4508 mater,
1225 4440 1528 4497 secundum
1561 4457 1757 4496 nomen
1786 4440 2021 4511 patriar-

2122 1980 2310 2038 Jesum
2337 2023 2352 2047 ,
2383 1990 2441 2036 ut
2476 1996 2583 2036 non
2620 1980 2797 2035 solum
2826 1979 3124 2034 ascendant
3153 1980 3208 2033 in
3242 1977 3543 2033 Jerusalem
3564 2017 3579 2042 ,
3614 1976 3711 2032 sed

2124 2075 2288 2130 etiam
2323 2089 2446 2129 cum
2478 2071 2610 2127 Jesu
2637 2072 2935 2126 ascendant
2961 2069 3015 2124 in
3044 2085 3187 2126 eam.
3216 2068 3332 2125 Hoc
3360 2070 3506 2125 enim
3539 2068 3710 2138 signi-

2124 2166 2250 2223 iicat
2278 2165 2423 2236 quod
2447 2165 2611 2219 simul
2633 2162 2952 2219 ascendisse
2978 2162 3293 2218 referuntur
3321 2177 3446 2217 cum
3464 2160 3706 2217 Christo.

2201 2255 2325 2310 142.
2363 2255 2496 2310 Cum
2517 2272 2634 2309 sero
2658 2264 2833 2308 autem
2861 2256 3064 2323 factum
3090 2254 3300 2323 fuisset,
3325 2252 3463 2307 venit
3489 2249 3708 2320 quidam

2128 2347 2286 2401 homo
2309 2347 2452 2401 dives
2475 2348 2540 2401 ab
2576 2348 2902 2409 Arimatln'a,
2929 2346 3139 2399 nomine
3165 2343 3382 2413 Ioseph,
3406 2342 3496 2412 qui
3520 2350 3568 2395 et
3600 2341 3711 2407 ipse

2121 2438 2417 2508 discipulus
2466 2448 2581 2492 erat
2622 2436 2773 2491 Jesu.
2816 2437 2919 2491 Hie
2959 2437 3181 2491 accessit
3221 2434 3290 2488 ad
3339 2432 3614 2497 Pilatum,
3658 2439 3709 2484 et

2121 2530 2275 2597 petiit
2296 2545 2487 2599 corpus
2500 2528 2534 2582 J
2539 2546 2653 2584 esu.
2679 2528 2826 2583 Tunc
2846 2526 3058 2582 Pilatus
3071 2526 3241 2597 jussit
3262 2525 3413 2580 reddi
3432 2539 3620 2593 corpus
3638 2520 3705 2577 “.

2122 2621 2226 2689 Qui
2253 2622 2388 2693 petit
2415 2636 2617 2691 corpus
2645 2621 2860 2676 Domini
2885 2634 2915 2675 a
2944 2618 3140 2684 Pilato,
3172 2633 3281 2673 non
3310 2615 3710 2687 qualiscunque

2122 2712 2324 2783 aliquis
2350 2719 2489 2777 erat,
2520 2711 2617 2767 sed
2653 2710 3020 2767 laudabilibus
3049 2708 3256 2765 divitiis
3282 2708 3471 2782 dives:
3499 2714 3555 2760 et
3578 2704 3708 2776 quia

2122 2803 2351 2860 decurio
2407 2804 2773 2870 constitutus,
2830 2802 3150 2875 mysterium
3212 2799 3453 2855 nominis
3499 2798 3706 2854 Christi

2122 2897 2378 2967 portabat
2400 2897 2455 2951 in
2483 2896 2714 2952 veritate
2735 2937 2751 2962 ,
2779 2895 2924 2966 quod
2955 2904 3040 2950 est
3069 2894 3254 2949 decem
3272 2934 3288 2959 ,
3319 2892 3441 2948 ideo
3474 2891 3709 2946 libenter

2123 3005 2223 3058 pro
2250 2988 2514 3043 beneﬁcio
2536 3002 2736 3059 magno
2760 2985 3055 3057 postulavit
3081 2979 3283 3051 corpus
3299 2982 3428 3039 Jesu
3452 2998 3482 3037 a
3506 2981 3705 3047 Pilato,

2121 3092 2176 3137 et
2216 3096 2325 3137 non
2371 3082 2620 3151 permisit
2663 3096 2788 3136 eum
2829 3081 3064 3151 pendere
3104 3078 3157 3132 in
3208 3077 3375 3148 ligno.
3414 3075 3706 3147 Propterea

2126 3173 2380 3227 laudatur
2417 3173 2486 3227 ab
2516 3156 2868 3243 evangelistis
2899 3171 3028 3241 quia
3060 3169 3243 3240 justus
3274 3176 3330 3224 et
3373 3168 3456 3222 vir
3498 3167 3708 3230 bonus,

2123 3276 2179 3319 et
2210 3265 2517 3335 discipulus
2543 3264 2719 3319 fuerat
2745 3264 2897 3327 Jesu,
2927 3278 2980 3319 et
3005 3263 3215 3317 fructus
3236 3260 3598 3330 discipulatus
3620 3258 3706 3313 sui

2121 3356 2359 3411 reddidit
2393 3355 2535 3411 forte
2558 3395 2574 3418 ,
2612 3356 2754 3411 sicut
2788 3357 2842 3409 in
2876 3356 3096 3418 multis,
3148 3354 3229 3409 sic
3265 3363 3320 3408 et
3373 3355 3427 3407 in
3474 3365 3709 3421 corpore

2119 3445 2347 3511 Christi,
2375 3446 2504 3516 quia
2531 3456 2856 3516 exspectans
2884 3443 3002 3501 erat
3028 3460 3256 3515 regnum
3291 3443 3409 3510 Dei,
3437 3445 3582 3499 sicut
3608 3444 3709 3499 do-

2120 3545 2309 3590 cuerat
2337 3535 2517 3592 Jesus.

2194 3626 2318 3680 MS.
2355 3625 2425 3679 Et
2448 3637 2659 3694 accepto
2685 3642 2900 3695 corpore
2928 3624 3123 3696 Ioseph
3147 3625 3365 3680 involvit
3395 3625 3453 3679 in
3484 3623 3705 3678 sindone

2122 3718 2345 3783 munda,
2373 3729 2421 3772 et
2445 3719 2620 3788 posuit
2643 3718 2818 3786 ipsum
2847 3718 2901 3772 in
2922 3728 3255 3773 monumento
3274 3732 3370 3771 suo
3391 3731 3545 3780 novo,
3566 3716 3704 3776 quod

2123 3806 2324 3861 excidit
2376 3809 2428 3862 in
2475 3817 2664 3877 petra,
2703 3816 2752 3860 et
2796 3807 3027 3861 advolrit
3076 3807 3307 3877 lapidem
3354 3821 3603 3876 magnum
3637 3809 3706 3859 ad
3754 3792 3757 3795 λ

2124 3900 2323 3954 ostium
2348 3899 2695 3964 monumenti,
2720 3910 2767 3953 et
2791 3900 2923 3954 abiit
2946 3899 3013 3953 ³³.
3048 3898 3107 3953 in
3136 3899 3370 3956 sindone
3390 3898 3597 3952 munda
3624 3896 3710 3950 in-

2121 3989 2327 4055 volvit,
2366 3997 2423 4043 et
2470 3989 2528 4043 in
2579 3999 2933 4044 monumento
2979 3990 3161 4060 posuit
3210 4002 3353 4043 novo
3407 3987 3499 4041 ubi
3546 3998 3709 4040 nemo

2122 4087 2376 4137 mortuus
2402 4088 2522 4146 erat
2540 4120 2556 4145 ,
2600 4096 2828 4135 servans
2855 4096 3056 4151 corpus
3079 4078 3206 4136 Jesu
3234 4079 3302 4134 ad
3344 4077 3707 4134 resurrectio-
3809 4103 3818 4110 -

2122 4189 2244 4228 nem
2301 4173 2656 4242 prmelpuam.
2718 4171 2859 4227 Puto
2914 4182 3095 4228 autem
3150 4172 3325 4242 magis
3380 4170 3705 4225 munditiam

2122 4260 2284 4315 sindo
2322 4259 2413 4313 illa
2462 4261 2697 4316 habebat
2744 4278 2811 4316 ex
2860 4277 2971 4331 quo
3018 4261 3320 4315 involutum
3371 4269 3456 4314 est
3506 4273 3708 4328 corpus

2120 4350 2329 4406 Christi
2376 4367 2542 4422 quam
2589 4354 2782 4423 prius:
2835 4368 3035 4424 corpus
3068 4354 3213 4407 enim
3259 4348 3387 4407 Jesu
3434 4349 3597 4405 etiam
3649 4350 3704 4402 in

2124 4452 2301 4500 morte
2352 4447 2741 4513 constitutum,
2783 4446 2939 4517 quasi
2989 4461 3189 4515 corpus
3230 4442 3359 4499 Jesu
3409 4442 3709 4522 mundabat

438 4536 553 4595 clue
576 4533 746 4592 Jacob
766 4533 1194 4613 supplantatoris
1217 4531 1402 4588 fratris
1424 4532 1530 4597 sui,
1554 4541 1608 4587 et
1626 4514 1827 4603 Joseph
1856 4547 2020 4602 super

2125 4537 2308 4591 omnia
2355 4553 2695 4608 quaecunque
2742 4514 3033 4607 tangebat,
3083 4514 3138 4590 et
3187 4537 3359 4605 magis
3414 4518 3708 4587 innoVahat

439 4642 600 4697 quem
646 4634 830 4691 natum
866 4624 1099 4695 genitrix
1132 4623 1265 4678 dicit
1294 4623 1372 4678 ’τε
1406 4624 1643 4693 Adjiciat
1672 4624 1803 4677 mihi
1838 4623 2021 4685 Domi-

441 4734 539 4770 nus
561 4715 735 4786 ﬁlium
763 4715 1011 4777 alterum.
1041 4712 1106 4767 Et
1128 4714 1242 4767 llEBC
1264 4713 1427 4787 igitur
1448 4729 1681 4783 sequens
1704 4712 2020 4779 Dominum,

440 4819 495 4867 ct
516 4811 861 4879 ministratus,
894 4818 947 4862 et
976 4815 1230 4877 spectans
1256 4807 1716 4879 dispensationem
1748 4807 2022 4880 passionis

443 4904 650 4973 ipsius,
681 4901 941 4979 quoniam
977 4899 1152 4954 fidelis
1181 4899 1416 4979 alicujus
1450 4897 1629 4954 fuerat
1666 4909 1868 4964 mater,
1910 4915 2019 4953 non

445 4995 624 5072 magni
653 4977 883 5064 alicujus
903 5035 917 5057 ,
950 4994 1129 5062 qualis
1156 4977 1336 5069 fuerat
1364 4991 1668 5062 patriarcha
1698 4990 1889 5054 Jacob,
1924 4992 2019 5046 sed

444 5083 697 5149 minoris,
727 5083 892 5159 930
922 5092 976 5137 ct
1002 5081 1200 5153 Joseph
1232 5081 1476 5136 alterius.
1510 5080 1639 5134 Erat
1667 5090 1848 5137 autem
1884 5082 2023 5147 inter

446 5175 704 5234 muticres
730 5185 781 5231 et
813 5182 987 5229 mater
1019 5173 1253 5229 filiorum
1286 5170 1552 5235 Zebedaai,
1583 5168 1811 5227 forsitan
1841 5171 2021 5245 aliqua

444 5265 750 5321 consistens
800 5264 855 5319 in
906 5263 1167 5335 mysterio
1211 5264 1449 5327 tonitrus
1492 5271 1714 5332 propter
1762 5248 2027 5319 fidem-et

443 5357 608 5427 vitam
642 5364 887 5417 sanctam
910 5395 924 5418 ,
958 5364 1012 5410 et
1061 5354 1190 5426 quia
1241 5352 1533 5411 Dominum
1569 5353 1935 5427 sequebatur,
1970 5362 2018 5409 et

447 5448 813 5511 ministrabat,
839 5456 895 5503 et
923 5446 1218 5516 spectatrix
1250 5445 1427 5499 fuerat
1452 5444 1696 5498 omnium
1723 5461 1844 5514 qum
1870 5455 2020 5517 gesta

448 5540 665 5595 fuerant
696 5542 840 5594 circa
890 5554 1051 5605 cum,
1085 5540 1211 5609 quia
1248 5537 1343 5592 lilii
1380 5536 1625 5592 Zebedaei
1662 5538 1839 5592 vocati
1893 5550 2022 5595 sunt

559 5736 604 5804 f9
633 5734 823 5789 Matth.
862 5752 1039 5798 xxv",
1089 5737 1180 5799 55,
1235 5736 1322 5792 56.
1400 5734 1594 5791 “Isai.
1652 5755 1821 5804 xxv",
1862 5745 1940 5797 ll.

457 5802 504 5834 ³⁸
528 5801 714 5854 Matth.
763 5821 906 5857 uvn
929 5845 943 5868 ,
972 5806 1071 5868 57,
1112 5806 1200 5859 58.
1279 5806 1323 5839 ³³
1355 5806 1483 5861 ibid.
1530 5809 1597 5861 59
1624 5847 1636 5870 ,
1671 5808 1761 5863 60.

2047 5744 2086 5775 ³¹
2125 5743 2247 5800 lsai.
2299 5761 2372 5810 ix,
2412 5745 2461 5801 l.

2129 4636 2548 4682 monumentum
2588 4628 2719 4682 illud
2751 4643 2954 4683 novum
2984 4626 3129 4695 quod
3159 4625 3337 4679 fuerat
3368 4624 3614 4680 excisum
3651 4623 3703 4675 in

2129 4731 2304 4791 petra.
2339 4722 2406 4777 Et
2436 4737 2504 4775 nc
2532 4720 2816 4775 existimes
2856 4718 2986 4788 quia
3034 4717 3259 4772 fortuito
3292 4715 3557 4785 scriptum
3584 4721 3701 4773 est.

2126 4823 2175 4868 et
2228 4824 2423 4876 eventu
2472 4813 2681 4868 dictum
2718 4818 2836 4875 est,
2864 4810 3127 4880 quoniam
3162 4806 3386 4862 involvit
3420 4819 3620 4873 corpus
3652 4805 3705 4857 in

2128 4909 2357 4967 sindone
2399 4906 2603 4962 munda
2624 4946 2640 4972 ,
2670 4916 2725 4960 et
2753 4905 2808 4959 in
2840 4911 3197 4958 monumento
3227 4898 3409 4971 posuit
3435 4910 3578 4949 novo
3602 4933 3617 4958 ,
3652 4906 3707 4949 et

2129 4999 2257 5069 quia
2289 5006 2703 5052 monumentum
2740 4995 2870 5050 illud
2895 5003 3013 5049 erat
3039 4993 3282 5049 excisum
3312 4990 3367 5042 in
3393 4994 3566 5056 petra,
3588 5002 3706 5040 mo-

2128 5101 2448 5151 numentum
2483 5089 2746 5145 mundum
2781 5088 2923 5156 quod
2970 5103 3000 5141 a
3031 5097 3260 5153 corpore
3291 5080 3417 5135 Jesu
3448 5079 3705 5132 mundius

2126 5192 2244 5236 erat
2269 5182 2470 5235 factum
2502 5196 2666 5251 quam
2694 5180 2869 5243 fuerat
2916 5179 3233 5250 priusquam
3263 5182 3551 5244 poneretur
3573 5168 3703 5228 Jesu

2129 5286 2331 5340 corpus
2361 5271 2413 5324 in
2448 5286 2532 5325 eo.
2570 5269 2794 5345 Quaeres
2827 5279 3008 5324 autem
3042 5268 3087 5322 si
3120 5273 3249 5321 sunt
3279 5263 3531 5318 homines
3566 5259 3701 5315 nihil

2129 5362 2365 5431 amplius
2401 5362 2662 5417 habentes
2706 5376 2870 5431 quam
2915 5372 3116 5427 corpus
3140 5352 3291 5418 Jesu,
3329 5353 3454 5407 novi
3482 5353 3699 5422 quidem

2131 5463 2184 5507 et
2208 5453 2377 5511 excisi
2408 5457 2460 5510 in
2497 5463 2646 5524 petra
2669 5492 2683 5518 ,
2714 5460 2769 5508 et
2800 5457 3212 5505 monumentum
3242 5455 3369 5502 sunt
3392 5447 3512 5523 ejus
3538 5460 3703 5498 mun-

2128 5544 2289 5609 dum,
2321 5554 2373 5599 et
2403 5545 2523 5599 ideo
2550 5544 2684 5600 salvi
2716 5541 3041 5597 efﬁciuntur.
3086 5538 3496 5607 Consequenter
3522 5545 3704 5589 autem

2578 5744 2621 5777 ³¹
2654 5741 2841 5798 Matth.
2882 5757 2954 5807 tv,
3003 5740 3083 5795 ll.
3195 5739 3239 5771 ³³
3270 5738 3405 5791 Cen
3445 5748 3582 5801 im,
3611 5730 3704 5787 24,
