4112 6438
392 381 522 437 1797

1533 366 2184 429 COMMENTARIORUM
2216 366 2479 426 SERIES.

3504 377 3640 433 1798

386 509 439 555 et
474 496 564 551 alii
592 505 719 551 sunt
753 502 907 550 extra
936 508 1033 549 eos
1063 493 1158 564 qui
1192 492 1393 548 habent
1426 489 1614 547 Jesum
1652 490 1919 544 viventem
1948 505 1961 543 :
1994 495 2038 546 Α
2065 496 2114 542 et
2137 483 2240 541 erit
2265 487 2579 539 novissimus
2609 501 2758 540 error
2789 487 2935 556 pejor
2969 490 3165 557 priore.
3201 492 3286 545 Ait
3319 501 3496 547 autem
3526 494 3636 549 illis

385 602 438 646 et
472 588 693 660 quidam
721 603 911 645 eorum
940 588 1142 643 habent
1174 586 1383 651 Jcsum,
1412 598 1467 639 et
1497 592 1623 638 ante
1645 583 1956 653 passionem

387 682 676 743 viventem,
720 680 939 750 quidam
973 688 1154 732 autem
1189 689 1560 747 resurgentem
1612 694 1642 732 a
1690 673 1960 738 mortuis,

388 770 609 839 quidam
641 768 940 827 secundum
966 768 1110 838 quod
1140 767 1325 822 multis
1351 777 1593 836 apparet.
1621 781 1728 819 non
1757 767 1960 820 haben-

390 872 495 915 tem
532 860 766 930 speciem
802 874 976 931 neque
1010 859 1281 915 decorem.
1313 860 1414 913 Alii
1450 869 1630 918 autem
1670 858 1866 912 habent
1902 858 1957 912 in

390 949 616 1019 gloriam
649 949 1028 1014 reformatum,
1067 950 1158 1004 alii
1188 960 1368 1005 autem
1396 951 1579 1005 vident
1609 965 1732 1004 eum
1764 963 1957 1003 ascen-

390 1040 628 1105 dentem,
656 1048 710 1094 et
740 1048 959 1105 sperant
989 1055 1112 1095 cum
1148 1056 1213 1095 eo
1240 1040 1355 1109 rapi
1389 1040 1442 1094 in
1469 1041 1632 1103 nube,
1661 1049 1720 1093 ιιι
1746 1054 1959 1109 semper

393 1129 692 1182 habeantur
722 1144 845 1184 cum
892 1129 1030 1201 ipso.
1063 1126 1210 1197 Ergo
1261 1127 1545 1183 Mattheus
1587 1141 1789 1180 novum
1839 1140 1961 1180 esse

392 1230 806 1273 monumentum
841 1218 1189 1288 conscripsit,
1224 1227 1277 1271 et
1310 1218 1364 1272 in
1394 1225 1547 1287 petra
1574 1216 1816 1271 excisum
1848 1229 1956 1268 non

389 1311 642 1379 exposuit
689 1309 995 1364 manifeste.
1028 1311 1095 1366 Et
1141 1310 1284 1381 quod
1321 1324 1519 1364 novum
1552 1317 1669 1362 erat
1710 1306 1779 1361 ab
1809 1306 1959 1360 omni

389 1414 614 1473 corpore
653 1411 872 1456 mortuo
899 1401 1386 1457 maniicstaverunt
1410 1400 1588 1455 Lucas
1617 1408 1671 1453 et
1698 1398 1958 1463 Joannes,

388 1507 621 1559 quorum
669 1508 813 1547 unus
855 1492 1075 1562 quidem
1109 1492 1284 1547 dixit:
1323 1490 1387 1545 In
1416 1507 1519 1562 quo
1571 1490 1800 1544 nondum
1844 1502 1955 1543 crat

389 1580 582 1648 aliquis
614 1581 817 1650 positus
843 1581 889 1612 “
918 1598 930 1634 :
965 1578 1202 1636 Joannes
1243 1592 1425 1635 autem
1453 1598 1466 1634 :
1496 1578 1562 1633 In
1592 1594 1693 1649 quo
1729 1579 1959 1632 nondum

388 1672 585 1740 aliquis
633 1671 836 1738 pasitus
884 1680 996 1724 erat
1025 1671 1108 1737 '7;
1142 1670 1305 1740 plane
1335 1670 1380 1724 si
1428 1684 1709 1738 nunquam
1761 1668 1960 1737 aliquis

389 1763 597 1832 positus
628 1760 805 1816 fuerat
845 1761 955 1826 ibi,
988 1770 1177 1832 postea
1208 1769 1389 1817 autem
1430 1762 1590 1831 positi
1625 1769 1792 1828 sunt;
1833 1776 1957 1815 nam

2067 576 2281 630 Pilatus
2308 590 2327 628 :
2366 575 2581 629 Habetis
2625 579 2902 643 custodes;
2948 581 3039 647 ite,
3080 584 3340 639 custodite
3366 586 3500 641 sicut
3535 590 3639 642 sei-

2070 668 2160 719 tis.
2210 665 2306 719 Illi
2330 676 2507 719 autem
2535 675 2716 720 euntes
2748 670 3047 725 munierunt
3079 673 3399 740 sepulcrum,
3423 678 3642 746 signau-

2071 768 2148 811 tes
2187 756 2422 824 lapidem
2459 771 2578 808 cum
2608 758 2915 818 custodibus
2949 760 3016 813 ‘°.
3054 760 3301 819 Rationis
3351 776 3435 820 est
3476 769 3645 821 inter-

2062 863 2253 919 rogare
2271 849 2545 919 principes
2571 849 2913 905 sacerdotum
2956 853 3052 922 qui
3100 866 3361 910 venerunt
3399 858 3465 910 ad
3497 857 3639 912 Pila-

2066 947 2203 1003 tum,
2233 927 2559 994 ut'dicerent
2592 940 2706 995 haec
2749 955 2872 1009 quae
2920 942 3199 998 dixerunt.
3235 942 3423 1013 Dicite,
3458 962 3639 1002 sacer-

2060 1029 2237 1096 dotes,
2265 1045 2390 1085 cum
2415 1030 2647 1086 dixisset
2683 1029 2845 1087 Jcsus
2868 1032 2911 1065 “
2948 1051 2961 1087 ε
3005 1031 3205 1088 Soluite
3227 1037 3477 1106 templum
3518 1039 3635 1099 hoc,

2058 1129 2108 1173 et
2139 1135 2232 1189 ego
2256 1120 2309 1174 iu
2330 1119 2506 1173 triduo
2534 1120 2670 1174 illud
2697 1123 2986 1186 suscitabo,
3024 1123 3090 1176 aal
3121 1124 3266 1193 quod
3299 1128 3637 1196 propositum

2060 1224 2185 1265 eum
2217 1211 2423 1265 dixisse
2448 1212 2720 1280 putastis?
2776 1227 2845 1267 an
2881 1212 2950 1267 de
2996 1214 3267 1268 solutione
3294 1225 3349 1270 et
3396 1232 3639 1275 resurrev

2060 1299 2249 1354 ctione
2272 1301 2519 1370 corporis
2556 1301 2679 1356 sui?
2722 1317 2790 1356 an
2834 1303 2902 1356 de
2951 1304 3134 1373 templi
3189 1305 3557 1363 destructione
3585 1320 3638 1364 et

2060 1394 2405 1460 reparatione
2424 1392 2638 1462 ipsius?
2669 1392 2725 1448 Si
2751 1394 2897 1448 enim
2927 1393 3271 1452 intellexistis
3295 1398 3398 1463 sic,
3418 1401 3547 1467 quia
3571 1402 3639 1457 de

2061 1483 2466 1538 resurrectione
2508 1499 2608 1538 sua
2655 1484 2761 1540 ista
2786 1485 3022 1560 dicebat,
3064 1487 3342 1557 quomodo
3390 1491 3636 1546 testimoo

2061 1573 2211 1627 nium
2236 1573 2429 1628 dantes
2450 1573 2714 1629 adversus
2740 1590 2867 1630 eum
2895 1575 3131 1644 dixistis,
3154 1578 3416 1649 quoniam
3441 1579 3530 1635 hic
3556 1581 3638 1637 di—

2061 1662 2179 1718 xit:
2238 1662 2465 1717 Possunt
2513 1665 2782 1719 destruere
2836 1667 3086 1736 templum
3139 1668 3259 1733 Itoc,
3295 1680 3344 1724 et
3384 1671 3641 1729 iutriduo

2062 1755 2384 1822 retudi/icore
2404 1755 2538 1810 illud
2560 1757 2606 1791 ⁸⁸
2626 1758 2650 1811 't
2673 1756 2728 1811 Si
2751 1767 2932 1813 autem
2959 1773 3087 1813 vere
3115 1760 3183 1814 de
3215 1762 3414 1831 templo
3443 1762 3539 1817 illo
3558 1764 3640 1818 in-

386 1855 534 1924 qnod
577 1854 749 1909 dicit:
788 1851 853 1907 In
880 1870 981 1924 quo
1033 1853 1265 1907 nondum
1309 1854 1504 1925 aliquis
1558 1855 1761 1925 positus
1811 1864 1960 1919 erat,
1996 1858 2038 1916 Β
2067 1843 2373 1908 ιειιοιῖδιῖδ,
2430 1847 2728 1901 secundum
2790 1847 2936 1917 quod
2984 1858 3038 1902 et
3092 1851 3462 1906 teatimonium
3503 1868 3641 1922 pra:-

389 1951 546 1996 raute
584 1942 1061 1997 considerantibus
1094 1943 1317 1997 verbum
1348 1943 1453 1997 hoc
1479 1942 1833 2013 significatur.
1874 1942 1961 1996 Di-

390 2027 565 2081 cimus
593 2041 722 2097 ergo
758 2044 824 2083 ne
852 2026 994 2083 forte
1026 2029 1344 2099 simpliciter
1379 2030 1676 2100 intelligere
1700 2030 1961 2084 debemus

390 2117 535 2171 hunc
562 2117 763 2182 locum,
788 2118 1047 2187 quoniam
1068 2118 1160 2187 qui
1184 2118 1323 2173 dixit
1343 2118 1417 2172 ³⁸ε
1445 2116 1752 2188 Consepulti
1779 2135 1959 2172 sumus

390 2207 601 2262 Christo
640 2224 731 2276 per
782 2207 1133 2276 baptismum,
1184 2218 1233 2263 et
1282 2211 1709 2263 consurreximus
1762 2210 1852 2277 ei,
1905 2210 1959 2264 in

390 2309 749 2353 monumento
804 2314 947 2353 novo
995 2309 1047 2356 et
1098 2299 1420 2369 intelligibili
1468 2300 1655 2359 exciso
1704 2299 1757 2353 in
1811 2308 1960 2369 petra

391 2391 746 2458 consepultus
773 2400 856 2445 est
897 2400 952 2445 et
993 2390 1107 2459 ipse
1149 2401 1270 2460 post
1313 2390 1592 2445 Christum
1624 2406 1747 2447 cum
1800 2390 1961 2444 Chri-

395 2489 511 2543 sto,
536 2490 590 2533 et
622 2496 814 2536 omnes
846 2483 938 2550 qui
981 2481 1284 2551 consepulti
1320 2489 1449 2536 sunt
1490 2480 1709 2535 Christo
1759 2481 1814 2541 in
1859 2480 1959 2539 ba-

396 2571 594 2638 ptismo
631 2580 688 2625 ut
739 2581 1025 2641 resurgant
1069 2586 1193 2625 cum
1226 2587 1292 2625 eo
1321 2586 1387 2626 ex
1429 2586 1572 2625 novo
1608 2579 1959 2625 monumento

398 2660 742 2733 primogeniti
791 2676 857 2716 ex
913 2661 1176 2724 mortuis,
1232 2670 1285 2716 et
1348 2662 1409 2715 in
1469 2662 1725 2718 omnibus
1759 2662 1960 2731 prima-

392 2762 506 2805 tum
567 2752 819 2808 tenentis.
878 2748 1060 2807 Volvit
1119 2759 1300 2805 autem
1346 2750 1548 2822 Joscpb
1597 2766 1705 2806 non
1750 2751 1958 2821 lapides

393 2841 593 2897 multos
625 2841 691 2896 ad
720 2842 921 2896 ostium
962 2842 1333 2909 monumenti,
1364 2841 1457 2897 sed
1491 2857 1695 2906 unum,
1742 2851 1797 2897 et
1843 2858 1961 2897 ma-

391 2946 555 2998 gnum
576 2971 592 2995 ,
627 2940 680 2985 et
707 2930 970 3009 majorem
994 2947 1156 3002 quam
1182 2940 1393 3001 poterat
1422 2946 1545 2987 esse
1582 2932 1955 2987 insidiantium

393 3023 587 3086 virtus,
614 3037 723 3076 non
750 3030 929 3076 tamen
958 3024 1217 3091 majorem
1244 3037 1405 3093 quam
1431 3022 1607 3078 virtus
1638 3032 1754 3078 erat
1783 3023 1956 3094 angeli

392 3111 771 3167 descendentis
797 3113 865 3168 de
886 3114 1048 3176 coelo,
1084 3122 1138 3168 et
1165 3113 1488 3169 revolventis
1516 3115 1585 3170 ab
1613 3130 1679 3170 eo
1701 3116 1954 3185 lapidem,

388 3213 440 3258 et
470 3203 707 3258 sedentis
734 3219 897 3273 super
938 3205 1117 3278 ipsum
1145 3223 1159 3260 :
1190 3207 1446 3276 quoniam
1474 3206 1655 3261 omnia
1686 3222 1807 3277 quae
1831 3217 1958 3262 sunt
1983 3182 2027 3239 ‘3

390 3296 533 3349 circa
569 3311 770 3365 corpus
803 3296 1007 3351 Christi
1040 3296 1190 3363 Jesu,
1217 3298 1417 3353 munda
1449 3308 1599 3363 sunt,
1635 3302 1690 3353 et
1718 3314 1876 3367 nova,
1907 3311 1960 3354 et

391 3401 494 3440 non
524 3387 844 3458 simpliciter
871 3404 1087 3458 magna,
1128 3390 1219 3445 sed
1250 3389 1402 3445 valde
1435 3390 1616 3444 omnia
1652 3407 1869 3462 magna.

416 3543 420 3547 ,
459 3479 582 3533 144.
623 3478 757 3533 Erat
790 3490 967 3535 autem
1001 3480 1072 3533 ibi
1104 3479 1281 3535 Maria
1320 3479 1671 3552 Magdaleua,
1710 3490 1759 3535 et
1790 3482 1958 3535 altera

388 3566 588 3633 Maria,
609 3571 839 3625 sedentes
854 3580 1035 3624 contra
1049 3570 1344 3640 sepulcrum
1362 3571 1427 3624 ³⁸.
1442 3571 1572 3627 Post
1588 3573 1702 3626 haec
1722 3573 1821 3627 cha
1830 3573 1960 3626 ritas

386 3660 619 3714 duarum
650 3660 966 3726 Mariarum,
1006 3660 1354 3731 Magtlalenaz,
1384 3669 1435 3714 et
1471 3662 1663 3716 matris
1689 3660 1875 3715 Jacobi
1904 3669 1960 3715 et

386 3748 623 3818 Joseph,
678 3750 951 3819 colligavit
1001 3765 1095 3804 eas
1141 3752 1207 3804 ad
1258 3759 1671 3804 monumentum
1722 3765 1953 3811 novum,

393 3850 612 3909 propter
632 3855 832 3908 corpus
858 3839 984 3893 Jesu
1012 3841 1156 3909 quod
1184 3839 1362 3895 fuerat
1388 3840 1482 3895 ibi.
1508 3841 1574 3895 Et
1599 3841 1701 3895 hoc
1728 3841 1955 3896 observa

387 3932 647 3999 quoniam
671 3933 924 4000 superius
944 3932 1062 3985 dua:
1085 3931 1200 3986 istte
1229 3930 1430 3995 Mariaa,
1454 3942 1509 3987 et
1529 3941 1701 3987 mater
1721 3933 1955 3988 ﬁliorum

388 4020 654 4088 Zebedati,
685 4036 850 4091 quam
878 4020 1257 4083 existimamus
1289 4022 1460 4090 ipsam
1495 4036 1616 4077 esse
1647 4020 1919 4077 Salomem
1939 4063 1955 4088 ,

388 4114 453 4168 de
503 4114 660 4183 longe
716 4113 1035 4182 spectabant
1082 4112 1348 4178 mirabilia
1409 4127 1531 4182 qua:
1589 4113 1645 4181 in
1701 4114 1956 4183 passione

385 4202 586 4258 Christi
623 4202 843 4267 iiebant,
875 4210 929 4256 et
966 4216 1166 4271 corpus
1194 4201 1313 4271 ejus
1343 4217 1667 4271 suspensum
1700 4203 1753 4256 in
1786 4203 1953 4273 ligno.

389 4292 488 4349 llic
539 4302 720 4355 autem
755 4307 863 4359 non
917 4302 1334 4364 permanserunt
1385 4302 1536 4348 tres:
1582 4302 1757 4347 mater
1808 4295 1954 4363 enim

389 4384 623 4440 ﬁliorum
654 4382 897 4442 Zebedtei
928 4398 1035 4444 non
1075 4383 1334 4445 scribitur
1374 4398 1499 4441 cum
1539 4380 1708 4451 Maria
1738 4381 1955 4453 Magda-

388 4478 507 4531 lena
541 4485 596 4531 et
627 4491 753 4531 cum
793 4475 984 4541 Maria,
1013 4484 1186 4529 matre
1211 4473 1397 4530 Jacobi
1429 4483 1484 4530 et
1511 4472 1744 4542 Joseph,
1789 4473 1951 4529 simul

385 4568 546 4651 931
600 4567 788 4625 sedere
843 4575 1033 4622 contra
1105 4565 1437 4633 sepulcrum.
1496 4563 1745 4619 Forsitan
1806 4565 1951 4619 enim

390 4677 560 4733 usque
589 4661 693 4715 hoc
748 4658 1031 4730 pervenire
1079 4657 1256 4727 potuit
1303 4665 1478 4710 mater
1515 4656 1748 4710 ﬁliorum
1785 4654 1955 4715 Zebe-

386 4752 519 4817 daei;
548 4751 666 4807 istm
716 4759 921 4811 autem,
948 4746 1107 4817 quasi
1154 4745 1391 4815 majores
1433 4745 1488 4800 in
1530 4745 1817 4811 charitate,
1854 4761 1952 4802 ne-

386 4860 492 4916 que
522 4844 608 4898 his
639 4857 760 4912 quia
791 4850 979 4911 postea
1005 4848 1154 4909 gesta
1191 4846 1321 4891 sunt
1358 4834 1670 4897 defuerunt.

455 4935 580 4993 145.
617 4932 800 4999 Altera
832 4940 1006 4985 autent
1045 4928 1151 4991 die,
1189 4942 1307 5001 quae
1329 4937 1405 4983 est
1436 4934 1553 4997 post
1585 4923 1947 4990 Paron-event,

385 5012 727 5080 conuenerunt
775 5021 1030 5091 principes
1084 5017 1416 5073 sacerdotum
1472 5027 1522 5072 et
1561 5015 1827 5077 Pbaristci
1880 5023 1948 5071 att

388 5115 646 5180 Pilatum,
679 5116 908 5169 dicentes
936 5126 955 5164 :
988 5108 1228 5170 Domine,
1263 5105 1595 5161 rememorati
1614 5122 1794 5159 sumus
1814 5105 1952 5175 quod

386 5209 476 5263 ille
509 5207 750 5277 seductor
778 5205 912 5261 dixit
952 5202 1123 5261 adhuc
1148 5201 1319 5267 vivens
1352 5215 1370 5253 :
1412 5198 1543 5265 Post
1571 5198 1785 5253 tertium
1812 5198 1951 5251 diem

385 5313 674 5368 resurgam.
730 5295 864 5350 Jubc
894 5310 1017 5365 ergo
1064 5292 1321 5357 custodiri
1360 5290 1660 5360 sepulcrum
1708 5305 1869 5359 usque
1898 5288 1953 5357 in

384 5391 521 5447 diem
548 5388 781 5451 tertium,
810 5402 874 5440 ne
902 5386 1036 5455 forte
1077 5385 1288 5438 veniant
1317 5382 1566 5452 discipuli
1614 5381 1751 5450 ejus,
1783 5391 1833 5434 et
1866 5380 1953 5449 fu-

386 5491 565 5537 rentur
585 5493 726 5544 cum,
749 5484 798 5533 et
835 5476 1015 5537 dicunt
1039 5475 1176 5546 plebi
1208 5466 1246 5530 τ’
1276 5474 1585 5539 Resurrexit
1619 5489 1652 5526 a
1688 5472 1951 5536 mortuis;

489 5603 533 5633 ³⁸
565 5601 697 5654 Luc.
731 5613 894 5660 χχιιι,
933 5598 1021 5653 53.
1129 5598 1172 5631 "'
1209 5596 1365 5651 Joan.
1416 5612 1529 5659 ius,
1579 5595 1666 5648 il.

381 5674 422 5703 "
448 5670 606 5725 Joan.
634 5685 692 5729 ll.
728 5669 816 5723 l9.
891 5669 937 5698 “
968 5666 1157 5721 Matth.
1206 5683 1352 5730 xxvi,
1384 5669 1472 5722 6|.

385 5758 443 5797 ιι.
476 5741 561 5795 i9.
637 5739 680 5771 ⁸⁷
712 5738 901 5792 Matth.
934 5752 1104 5796 xxvn.
1131 5737 1219 5791 63.

1778 5594 1823 5629 ³⁸
1845 5592 2003 5646 Rom.

1570 5665 1612 5697 δ’
1646 5663 1834 5723 Matth.
1862 5678 2030 5727 χχιιι,
2058 5662 2147 5716 65.

2065 1933 2281 1998 bnistis,
2316 1934 2459 1989 unde
2490 1936 2656 1992 modo
2704 1937 2859 1993 scitis
2887 1938 3148 2009 quoniam
3183 1939 3320 1996 dixit
3375 1951 3499 2011 post
3529 1953 3640 1999 tres

2060 2027 2178 2081 dies
2204 2041 2232 2079 a
2264 2027 2495 2082 mortuis
2523 2042 2581 2082 se
2632 2033 3111 2086 resurrecturum?
3167 2031 3301 2088 Vide
3348 2049 3478 2105 ergo
3502 2051 3640 2105 quo-

2063 2115 2227 2171 modo
2259 2116 2507 2186 impietas
2546 2117 2780 2187 seipsam
2838 2120 2955 2175 suis
3000 2120 3180 2177 verbis
3212 2132 3506 2192 expugnat.
3537 2123 3640 2180 Per

2064 2207 2179 2262 hate
2200 2207 2343 2261 enim
2377 2207 2541 2263 verba
2572 2208 2675 2278 ipsi
2730 2209 3103 2266 testimonium
3158 2228 3319 2268 suum
3346 2214 3476 2268 illud
3507 2230 3639 2270 con-

2064 2297 2344 2363 damnant,
2373 2299 2634 2369 quoniam
2670 2316 2797 2357 vere
2820 2302 3183 2373 intelligentes
3209 2319 3336 2360 cum
3362 2305 3429 2361 de
3460 2323 3641 2363 resur-

2064 2386 2302 2440 rectione
2336 2388 2582 2456 corporis
2606 2388 2691 2442 sui
2716 2388 2807 2443 illa
2835 2389 3035 2454 dicere,
3067 2400 3121 2445 et
3152 2391 3387 2447 scientes
3410 2408 3640 2449 conver»

2062 2485 2244 2537 terunt
2295 2492 2577 2533 sermones
2616 2478 2737 2547 ejus
2765 2480 2835 2534 ad
2879 2480 3304 2537 destructionem
3336 2492 3392 2538 et
3419 2500 3636 2554 reparav

2065 2569 2267 2624 tionem
2301 2569 2449 2624 illius
2478 2570 2809 2626 inscusibilis
2859 2573 3065 2641 templi.
3109 2574 3302 2630 Adhuc
3333 2588 3514 2631 autent
3556 2578 3639 2631 in-

2065 2668 2280 2730 tet-rogo
2306 2677 2320 2714 ε
2354 2658 2497 2725 Quid
2529 2661 2732 2724 dicitis,
2763 2663 3110 2727 sacerdotes?
3148 2680 3341 2739 nempe
3391 2667 3520 2737 quia
3548 2668 3637 2723 di-

2063 2750 2218 2805 ccbat
2256 2750 2618 2806 hominibus:
2670 2751 2799 2806 Post
2863 2765 2965 2808 tres
3018 2753 3131 2810 dies
3182 2772 3452 2827 resurgam
3482 2756 3551 2824 “,
3583 2767 3639 2813 et

2061 2849 2272 2896 secreto
2318 2842 2612 2898 mandabat
2650 2842 2933 2914 discipulis
2974 2845 3091 2901 suis
3139 2855 3198 2901 ut
3232 2845 3484 2904 furentur
3509 2865 3636 2905 eum

2062 2940 2226 2987 noctu
2257 2940 2313 2987 et
2335 2932 2521 2988 dicant
2547 2942 2669 3005 post
2689 2942 2801 2990 tres
2831 2935 2948 2990 dies
2971 2937 3099 3006 quia
3129 2939 3368 2994 surrexit
3408 2955 3440 2994 a
3488 2956 3635 2996 mor-

2062 3024 2192 3079 tuis.
2220 3022 2324 3078 Sed
2354 3025 2458 3079 hoc
2486 3041 2551 3080 ex
2581 3024 2689 3081 hoc
2726 3026 2845 3097 ipso
2874 3027 3194 3085 incredibile
3225 3038 3330 3094 est,
3363 3038 3486 3100 post
3512 3039 3632 3086 tan-

2064 3125 2147 3171 tos
2174 3130 2458 3170 sermones
2489 3117 2725 3173 moralcs
2759 3132 2899 3186 quos
2951 3118 3003 3171 in
3051 3120 3254 3189 populo
3299 3119 3485 3177 docuit
3510 3122 3632 3175 uni-

2062 3222 2243 3275 verso,
2273 3219 2326 3262 et
2358 3217 2484 3278 post
2514 3207 2650 3263 tales
2675 3217 2730 3263 et
2766 3217 2948 3266 tantas
2991 3210 3222 3265 virtutes
3254 3227 3393 3280 quas
3437 3211 3638 3281 ubique

2066 3315 2118 3351 In
2152 3298 2303 3352 omni
2329 3295 2515 3352 Judaca
2549 3297 2808 3363 ostendit,
2840 3308 2899 3353 ut
2928 3296 3139 3353 falleret
3170 3298 3468 3368 discipulos
3507 3314 3637 3357 suos

2061 3389 2265 3455 verbis,
2298 3400 2356 3444 ut
2393 3389 2556 3444 etiam
2589 3389 2690 3460 ipsi
2719 3390 2999 3460 cuiparent
3032 3390 3133 3446 ista
3182 3391 3555 3458 mandantem,
3584 3402 3637 3447 et

2062 3480 2182 3536 ideo
2212 3494 2554 3550 nequaquam
2591 3478 2828 3534 facerent
2858 3481 3004 3549 quod
3032 3480 3345 3545 mandabat,
3392 3482 3633 3537 maxime

2062 3579 2280 3639 propter
2304 3568 2605 3639 periculum
2644 3570 2790 3638 quod
2823 3569 3143 3625 imminebat
3166 3570 3247 3627 eis
3283 3586 3313 3625 a
3336 3573 3556 3641 populo,
3584 3573 3632 3627 si

2058 3659 2446 3714 confiterentur
2470 3673 2596 3713 eum
2630 3658 2723 3726 qui
2760 3668 2887 3712 ante
2936 3659 3212 3713 modicum
3246 3659 3422 3714 fuerat
3449 3661 3630 3717 cruci-

2060 3748 2219 3806 fixus.
2250 3756 2304 3801 et
2329 3748 2607 3801 doctorem
2633 3760 2692 3800 se
2726 3746 2926 3801 habere
2953 3755 3007 3800 et
3033 3746 3337 3803 Christum.
3364 3748 3422 3802 Si
3449 3757 3631 3806 autem

2060 3839 2163 3893 hoc
2191 3837 2397 3892 dixisse
2425 3851 2550 3891 cum
2595 3835 2912 3893 incredibile
2964 3844 3071 3902 est,
3107 3836 3234 3893 vide
3286 3839 3388 3895 nisi
3438 3853 3634 3899 conse-

2055 3945 2230 4000 quens
2261 3938 2343 3989 est
2367 3937 2427 3983 ut
2474 3927 2617 3983 sicut
2656 3926 2903 3998 prodigia
2936 3926 3085 3992 fecit.
3126 3937 3185 3983 ut
3211 3928 3356 3989 sicut
3384 3928 3632 4001 Evange—

2057 4022 2188 4079 lium
2213 4035 2375 4078 suum
2424 4018 2826 4090 praedicandum
2884 4019 2939 4079 in
2984 4028 3098 4073 toto
3126 4035 3254 4077 mun
3269 4020 3332 4083 io
3355 4022 3628 4091 pradixit,

2055 4122 2110 4171 ct
2133 4113 2275 4169 sicut
2299 4131 2313 4167 :
2340 4111 2475 4169 Ante
2508 4110 2754 4181 pt'tvsides
2785 4118 2833 4167 et
2869 4126 3010 4179 reges
3037 4108 3335 4175 stabitii‘“,
3370 4120 3423 4166 et
3447 4114 3627 4177 sicut:

2055 4202 2354 4258 Jerusalem
2390 4202 2689 4255 destruetur
2740 4199 2805 4253 ab
2848 4203 3080 4255 exercitu
3110 4199 3193 4265 ης
3248 4202 3329 4256 sic
3365 4210 3420 4257 et
3446 4203 3513 4257 de
3543 4220 3630 4258 re-

2057 4293 2393 4350 surrectione
2418 4305 2515 4346 sua
2548 4290 2797 4361 praedixit
2826 4291 2971 4363 quod
2999 4291 3074 4345 ait
3100 4309 3114 4345 :
3155 4289 3354 4351 Solvite
3379 4294 3628 4364 templum

2056 4385 2172 4453 hoc,
2202 4394 2251 4438 et
2276 4399 2369 4453 ego
2420 4383 2474 4436 in
2510 4382 2686 4437 triduo
2722 4380 2988 4441 suscitabo
3021 4383 3193 4455 ipsum
3230 4381 3295 4438 ⁵⁸.
3334 4382 3628 4455 Propterea

1988 4509 2031 4563 ο
2059 4484 2107 4529 ct
2146 4475 2200 4528 in
2229 4472 2600 4563 prtejndicium
2636 4486 2796 4563 suum
2839 4469 3005 4526 locuti
3053 4482 3183 4530 sunt
3240 4474 3549 4533 sacerdotes
3573 4484 3630 4537 et

2062 4563 2314 4619 Pharisaei
2345 4563 2411 4623 ad
2459 4562 2689 4616 Pilatum
2719 4561 2982 4627 dicentes,
3037 4563 3295 4632 quoniam
3351 4565 3441 4619 ille
3474 4566 3630 4621 sedu-

2058 4663 2171 4710 ctor
2192 4655 2328 4711 dixit
2365 4654 2540 4713 adhuc
2572 4654 2765 4720 vivens,
2794 4654 3045 4724 quoniam
3106 4666 3222 4723 post
3269 4664 3372 4709 tres
3409 4656 3519 4717 dies
3552 4671 3629 4721 re-

2056 4764 2269 4818 surgam
2302 4747 2369 4801 ".
2400 4746 2589 4804 Adhuc
2618 4755 2798 4803 autem
2838 4746 2960 4807 vide
2995 4746 3254 4815 quoniam
3289 4745 3509 4815 quidam
3535 4762 3627 4805 ve-

2057 4838 2267 4893 aientes
2288 4835 2355 4891 de
2385 4837 2704 4891 custodibus
2752 4836 2808 4889 in
2865 4836 3160 4900 civitatem,
3215 4836 3624 4902 nuntiaverunt,

2058 4944 2164 4985 non
2194 4927 2336 4995 aliis,
2371 4925 2465 4991 sed
2500 4926 2631 4999 ipsis
2659 4925 2997 4995 principibus
3036 4924 3399 4990 sacerdotum,
3439 4925 3624 4991 omnia

2058 5030 2393 5088 quaecunque
2422 5002 2638 5070 fuerant
2670 5013 2833 5079 facta,
2860 5024 2918 5068 ut
2948 5030 3014 5071 ex
3038 5014 3186 5068 omni
3219 5026 3370 5083 parte
3401 5014 3625 5071 inexcu-

2059 5108 2245 5165 sabilis
2266 5122 2457 5162 eorum
2483 5104 2847 5160 constituatur
2875 5103 3164 5172 impietas:
3209 5104 3287 5158 iiii
3309 5114 3489 5160 autem
3525 5121 3624 5161 nec

2057 5199 2137 5255 sic
2188 5195 2479 5257 miserrimi
2528 5192 2913 5267 acquieverunt
2956 5192 3299 5247 documentis
3348 5194 3534 5259 tantis,
3565 5202 3625 5250 ut

2057 5289 2397 5361 susciperent
2422 5285 2552 5359 quia
2594 5283 2755 5345 Jesus
2781 5282 3207 5348 eratChristus;
3262 5283 3356 5339 sed
3406 5293 3460 5343 et
3500 5295 3619 5353 post

2058 5380 2242 5436 omnia
2273 5380 2387 5434 haec
2407 5374 2845 5446 malignabantur
2888 5383 3108 5444 propter
3153 5373 3410 5429 duritiam
3444 5375 3625 5431 cordis

2058 5471 2165 5528 sui.
2202 5469 2353 5524 Sicut
2407 5468 2718 5533 induratum
2758 5464 2935 5531 fuerat
2976 5479 3076 5522 cor
3114 5463 3416 5519 Pharaonis
3463 5481 3627 5534 super

2056 5609 2130 5656 vt,
2180 5592 2232 5646 ι.
2314 5591 2358 5623 ³⁹
2397 5589 2583 5645 Matth.
2640 5605 2810 5653 xxvu,
2872 5590 2961 5643 6i.
3036 5588 3083 5622 ⁶⁰
3119 5586 3248 5642 ibid.
3297 5585 3622 5656 molstum.

2251 5667 2297 5701 δι
2333 5660 2495 5715 Marc.
2534 5676 2627 5715 xm
2656 5701 2670 5724 ,
2699 5662 2753 5714 9.
2831 5660 2876 5693 ⁸³
2909 5658 3040 5714 Luc.
3070 5673 3188 5724 xxI,
3219 5656 3309 5714 24.
3390 5657 3436 5687 ⁸⁸
3462 5654 3623 5714 Joan.
