4112 6426
470 368 495 423 ί
508 366 608 424 799

1940 351 2262 409 ORICENIS

3597 357 3734 416 1800

466 485 634 541 tantis
655 491 710 537 et
743 481 945 537 talibus
973 477 1234 551 prodigiis
1281 486 1402 546 qu:e
1451 475 1504 528 in
1562 471 1795 543 {Egyptu
1828 468 2039 523 fuerant
2083 479 2131 535 Α
2165 468 2367 524 milites
2422 467 2705 522 dormiunt
2754 465 3145 536 abundantius,
3209 466 3375 551 et‘sic
3423 465 3738 530 furarentur

467 576 610 632 facta
636 574 701 640 “,
727 573 807 628 sic
832 581 886 627 et
915 572 1004 625 isti
1037 579 1165 626 sunt
1199 567 1457 630 indurati,
1489 575 1546 619 ut
1575 562 1888 633 congregati
1921 575 2045 614 cum

466 663 799 726 senioribus,
831 671 886 716 et
913 660 1203 715 consilium
1254 656 1607 726 accipientes,
1647 654 1842 707 darent
1883 665 2050 720 pecu-

468 757 612 810 niam
640 753 841 818 avaris,
877 760 938 806 ut
968 751 1185 805 dicant:
1217 749 1354 814 Quia
1381 743 1633 814 discipuli
1654 744 1767 812 ejus
1789 741 2047 796 venientes

466 857 646 909 noctu,
693 844 861 913 furati
907 850 1030 894 sunt
1075 856 1220 903 eum,
1264 837 1647 892 dormientibus
1698 833 1846 888 nobis
1877 831 1961 896 ”;
2001 840 2056 886 et

467 937 561 1006 qui
591 935 842 1004 legebant
871 933 923 985 in
955 931 1070 1000 lege
1123 930 1171 964 '°
1208 948 1221 983 :
1283 927 1406 982 Non
1455 927 1653 996 falsum
1697 923 2054 978 testimonium

465 1029 627 1090 dices,
648 1025 811 1080 etiam
838 1023 976 1076 alios
992 1022 1058 1076 ad
1090 1020 1289 1075 falsum
1318 1017 1696 1073 testimonium
1726 1013 2052 1076 invitabant,

468 1120 835 1189 expendentes
862 1116 1150 1187 pecuniam
1207 1113 1458 1174 multam,
1506 1119 1566 1164 ut
1598 1107 1800 1163 milites
1831 1103 2051 1176 quidem

467 1208 664 1264 falsum
705 1209 1076 1263 testimonium
1103 1207 1314 1270 dicant,
1369 1211 1590 1272 propter
1635 1197 1920 1254 avaritiam
1963 1211 2055 1265 pe-

467 1300 660 1355 riculis
694 1315 753 1354 se
793 1300 1092 1355 subdentes
1118 1297 1163 1352 si
1192 1295 1433 1350 furatum
1485 1301 1630 1346 esset
1661 1305 1862 1360 corpus
1901 1285 2053 1350 Jesu,

466 1393 751 1462 praesidem
783 1403 966 1446 autem
1001 1391 1174 1444 umlto
1215 1387 1388 1456 magis
1416 1387 1720 1456 placarent,
1751 1390 1807 1436 et
1836 1379 1885 1435 ei
1927 1395 2056 1434 sua-

466 1485 658 1538 derent
695 1484 864 1538 tantis
890 1482 1137 1555 pecuniis
1182 1479 1405 1550 quantis
1439 1485 1658 1547 poterat
1705 1488 1906 1544 praeses
1933 1471 2052 1542 pla-

467 1573 584 1628 cari
619 1591 633 1626 :
663 1572 778 1626 sive
805 1582 988 1626 autem
1042 1580 1095 1624 et
1141 1569 1419 1641 precibus,
1448 1565 1694 1620 volentes
1738 1578 1931 1618 eruere
1959 1575 2054 1615 eos

467 1663 534 1718 de
556 1663 814 1734 periculis
859 1662 1122 1716 adversus
1169 1661 1382 1729 seipsos
1417 1657 1618 1712 falsum
1675 1653 2050 1710 testimonium

465 1754 837 1826 prabuerunt,
860 1753 1106 1808 dicentes
1161 1760 1355 1806 contra
1383 1748 1732 1818 disciplinam
1759 1745 2051 1800 militarem

2155 568 2352 623 corpus
2375 551 2525 608 Jesu.
2553 551 2620 607 Et
2652 553 2766 609 haec
2787 554 2969 608 omnia
2996 549 3324 625 gerebantur
3361 556 3431 611 ab
3461 561 3739 628 operanti-

2157 644 2260 698 bus
2285 644 2578 698 contrariis
2609 643 2903 698 virtutibus
2931 653 3122 699 contra
3151 644 3358 701 Christi
3404 647 3736 719 doctrinam,

2155 732 2599 787 existimantibus
2625 733 2882 802 quoniam
2907 741 3159 797 poterant
3182 733 3532 806 exstinguere
3563 753 3592 792 a
3624 737 3738 794 vita

2157 824 2461 888 hominum,
2497 822 2564 876 de
2623 832 3020 878 resurrectione
3067 823 3284 879 Domini
3333 826 3734 897 providentiam

2156 914 2272 977 Dei,
2302 922 2354 968 et
2401 914 2582 968 ﬁdem.
2633 911 2700 968 Et
2745 913 2886 970 sicut
2938 914 3105 970 nimia
3165 915 3372 972 duritia
3429 916 3736 977 Pharaonis

2156 1021 2264 1060 non
2291 1015 2375 1060 est
2406 1005 2612 1060 mollita
2646 1005 2828 1061 multis
2878 1007 3141 1077 prodigiis
3166 1005 3325 1064 lactis
3357 1024 3456 1079 per
3485 1009 3732 1083 Moysen,

2157 1099 2260 1166 sic,
2297 1108 2392 1153 aut
2421 1100 2676 1169 amplius,
2707 1100 2911 1156 duritia
2935 1101 3118 1156 cordis
3143 1101 3378 1157 istorum
3411 1120 3521 1159 non
3555 1107 3738 1163 solum

2156 1189 2318 1246 factis
2343 1190 2514 1261 signis
2555 1201 2606 1245 et
2657 1191 2919 1263 prodigiis
2961 1208 3070 1247 non
3105 1203 3188 1249 est
3217 1192 3377 1259 ﬁexa,
3408 1196 3502 1250 sed
3558 1212 3739 1267 neque

2155 1283 2478 1339 custodibus
2509 1285 2886 1340 nuntiantibus
2927 1285 3294 1353 crediderunt,
3331 1287 3426 1358 qui
3470 1297 3738 1345 venerunt

2156 1376 2210 1430 in
2241 1376 2546 1444 civitatem,
2603 1387 2657 1433 et
2706 1377 3096 1433 nuntiaverunt
3149 1378 3333 1433 omnia
3391 1395 3736 1450 quaecunque

2155 1467 2376 1524 fuerant
2423 1469 2588 1525 facta.
2641 1469 2708 1524 Et
2755 1468 3026 1523 Pharaoni
3051 1469 3271 1538 quidem
3295 1470 3502 1525 dictum
3530 1479 3614 1525 est
3641 1471 3685 1502 "
3716 1487 3734 1525 :

2156 1559 2239 1613 Ad
2263 1559 2358 1614 hoc
2389 1561 2560 1630 ipsum
2596 1569 2646 1614 te
2675 1559 2951 1623 suscitavi,
3008 1566 3064 1610 ut
3097 1557 3372 1611 ostendam
3403 1558 3456 1610 in
3485 1567 3534 1612 te
3569 1557 3737 1610 virtu-

2157 1659 2259 1704 tem
2288 1667 2480 1716 nteam,
2511 1660 2560 1705 et
2603 1660 2662 1704 ut
2700 1651 3047 1704 annuntietur
3093 1665 3280 1702 nomen
3305 1665 3474 1703 meum
3526 1649 3578 1702 in
3613 1649 3735 1703 uni—

2156 1759 2305 1796 versa
2333 1752 2512 1805 terra;
2554 1742 2688 1798 istos
2722 1750 2902 1795 autem
2935 1741 3277 1810 supportavit
3312 1740 3738 1810 magnanimitas

465 1845 807 1900 obdormisse
833 1860 892 1899 se
942 1859 1073 1899 tunc
1109 1851 1262 1898 tanto
1291 1855 1508 1904 somno,
1539 1849 1599 1894 ut
1629 1837 1882 1908 discipuli
1933 1838 2052 1892 ausi
2089 1827 2127 1880 Β
2158 1832 2274 1896 Dei,
2305 1841 2365 1887 ut
2391 1847 2488 1903 per
2520 1849 2648 1886 vasa
2674 1831 2770 1886 ira?
2797 1839 3099 1902 pra’parala
3142 1831 3194 1883 in
3241 1831 3516 1885 interitum
3548 1831 3594 1863 "
3641 1830 3740 1886 ﬁat

466 1944 652 1991 essent
672 1934 856 1990 venire
878 1935 1065 1999 simul,
1115 1942 1171 1989 et
1199 1932 1379 1996 multi,
1421 1931 1758 1987 conﬁdentes
1784 1927 2046 1999 quoniam

2155 1928 2304 1982 salus
2337 1927 2389 1980 in
2421 1924 2692 1995 gentibus.

2944 2091 3689 2125 m—

465 2099 2074 2136 Wa

1105 2221 1779 2374 SANCTI
1987 2217 3096 2371 HIERONYMI

1615 2466 2355 2580 PROLOGUS
2433 2444 2557 2524 (θο)
3225 2617 3236 2628 κ

741 2678 861 2766 ΙΝ
940 2665 1984 2764 EXPLANATIONEM
2068 2668 2161 2753 S.
2236 2671 2577 2758 LUC/E
2655 2671 2794 2756 AB
2867 2669 3450 2772 ORIGENE,

1000 2825 1013 2875 l
1022 2823 1092 2873 Ex
1114 2822 1332 2872 editione
1356 2819 1584 2878 Vallarsi,
1610 2816 1735 2880 Opp.
1762 2816 1812 2867 S.
1852 2814 2166 2876 Hieronymi.
2191 2815 2420 2876 Veronae,
2451 2817 2678 2880 ηδε-τε,
2707 2827 2824 2869 tom.
2849 2818 2952 2880 Vll,
2982 2833 3031 2882 p.
3055 2820 3192 2883 245.)

541 2999 707 3070 ,ι32
744 2999 878 3051 Ante
911 3013 1108 3066 paucos
1147 2997 1258 3051 dies
1296 2996 1647 3067 quorumdam
1677 2997 1730 3050 in
1761 2995 2078 3052 Matt/twum
2102 3009 2150 3051 et
2183 2998 2238 3050 in
2270 2995 2469 3050 Lucam
2507 2998 2927 3051 Commentarios
2961 3013 3048 3051 vos
3090 2997 3274 3067 legisse
3301 2995 3539 3066 dixistis,
3569 3013 3594 3051 t'
3619 2995 3736 3068 qui-

471 3088 564 3143 bus
590 3091 726 3144 alter
757 3099 804 3142 et
834 3090 1070 3144 sensibus
1099 3089 1248 3142 hebes
1278 3097 1432 3153 esset,
1461 3102 1508 3143 et
1561 3089 1771 3153 verbis;
1821 3089 1960 3144 alter
2005 3091 2059 3142 in
2095 3089 2263 3143 verbis
2313 3089 2538 3151 luderet,
2573 3091 2626 3143 in
2676 3091 2952 3144 sententiis
2994 3089 3331 3144 dormitaret.
3380 3089 3736 3155 Quamobrem

469 3187 674 3252 petistis
711 3194 768 3237 ut
830 3185 1140 3254 contemptis
1170 3183 1477 3238 istiusmodi
1511 3183 1687 3254 nugis,
1709 3183 1900 3238 saltem
1927 3185 2150 3252 triginta
2173 3195 2223 3239 et
2251 3201 2431 3238 novem
2461 3184 2570 3254 (9t)
2598 3183 2908 3238 Adamantii
2940 3185 3110 3240 nostri
3141 3185 3196 3238 in
3227 3183 3431 3240 Lucam
3463 3184 3732 3248 homilias,

471 3279 608 3331 sicut
633 3279 686 3330 in
711 3276 894 3331 Grtrco
918 3277 1196 3343 habentur,
1230 3280 1584 3347 interpreter:
1615 3279 1892 3333 molestam
1929 3295 2036 3332 rem
2059 3290 2108 3332 et
2141 3291 2400 3334 tormento
2427 3279 2676 3344 similem,
2707 3280 2902 3345 alieno,
2930 3289 2986 3334 ut
3011 3283 3088 3335 ait
3123 3280 3351 3347 Tullius,
3383 3280 3655 3334 stomacho
3684 3289 3735 3332 et

474 3389 574 3425 non
611 3390 706 3426 suo
731 3371 954 3426 scribere
984 3388 1003 3425 :
1031 3390 1186 3442 quam
1223 3382 1396 3427 tamen
1427 3374 1627 3428 idcirco
1655 3391 1793 3428 nunc
1823 3378 2042 3444 faciam,
2067 3377 2194 3447 quia
2229 3373 2545 3429 sublimiora
2567 3391 2673 3428 non
2701 3376 2940 3443 poscitis.
2974 3374 3250 3445 Siquidem
3275 3373 3411 3427 illud
3430 3373 3572 3444 quod
3606 3373 3734 3424 olim

472 3465 652 3520 Ronta:
679 3475 862 3519 sancta
907 3465 1149 3520 Blwsilla
1172 3466 1529 3537 ﬂagitaverat,
1562 3477 1618 3520 ut
1653 3468 1839 3540 viginti
1873 3469 2104 3538 quinque
2135 3468 2249 3537 (92)
2283 3476 2451 3520 tomos
2480 3467 2629 3520 illius
2672 3467 2726 3521 in
2770 3467 3106 3532 Matthzeum,
3135 3475 3184 3520 et
3229 3467 3454 3537 quinque
3492 3465 3629 3519 alios
3677 3463 3730 3516 in

471 3559 699 3627 Lucam,
728 3571 778 3615 et
812 3561 1033 3630 triginta
1060 3561 1193 3616 duos
1224 3562 1338 3633 (93)
1377 3561 1428 3614 in
1456 3560 1750 3628 Joannem,
1780 3574 1974 3616 nostra:
2008 3562 2204 3633 linguae
2230 3561 2516 3628 traderem,
2551 3577 2642 3615 nec
2671 3561 2862 3615 virium
2895 3576 3155 3626 mearum,
3187 3575 3276 3612 nec
3309 3559 3430 3623 otii,
3463 3573 3556 3612 nec
3581 3555 3733 3609 labo-

472 3651 548 3704 ris
589 3661 687 3704 est.
721 3651 1036 3720 Perspicitis
1072 3651 1233 3714 enim,
1269 3659 1528 3722 quantum
1563 3651 1704 3720 apud
1739 3667 1820 3704 me
1860 3659 1909 3704 et
1951 3651 2244 3704 auctoritas
2289 3659 2483 3714 vestra,
2517 3657 2567 3702 et
2613 3647 2854 3702 voluntas
2887 3645 3043 3702 valet.
3078 3645 3410 3700 Prtetermisi
3452 3644 3733 3714 paululum

473 3743 866 3798 Bebraicarum
908 3740 1284 3806 Quaestionum
1329 3743 1516 3808 libros,
1546 3751 1603 3795 ut
1642 3742 1712 3794 ad
1756 3741 2042 3795 arbitrium
2075 3751 2304 3796 vestrum
2333 3740 2615 3795 lucrativis
2657 3741 2827 3810 operis
2875 3740 3006 3801 haec,
3039 3738 3426 3809 qualiacunque
3456 3746 3601 3800 sunt,
3630 3752 3732 3791 non

473 3856 610 3902 mea,
639 3839 732 3893 sed
757 3839 935 3892 aliena
953 3838 1214 3890 dictarem
1248 3853 1266 3890 :
1294 3839 1592 3906 prwsertim
1615 3853 1736 3890 cum
1759 3854 1792 3890 a
1824 3836 2044 3890 sinistro
2067 3838 2297 3891 oscinem
2333 3853 2548 3892 corvum
2589 3837 2808 3890 audiam
2834 3837 3178 3889 crocitantem
3205 3831 3339 3905 (9i),
3367 3841 3418 3887 et
3454 3833 3647 3886 mirum
3678 3834 3736 3886 in

473 3935 688 3987 modum
715 3933 779 3987 de
812 3942 1122 3987 cunctarum
1154 3933 1328 3986 avium
1371 3933 1541 3987 ridere
1573 3932 1858 3996 coloribus,
1891 3949 2012 3986 cum
2059 3942 2200 3987 totus
2239 3934 2350 4003 ipse
2379 3934 2681 3988 tenebrosus
2725 3933 2816 3986 sit.
2851 3930 3052 3986 Fateor
3098 3931 3276 4000 itaque
3323 3939 3603 4001 antequam
3643 3929 3737 3984 ille

472 4027 714 4095 adjiciat,
749 4027 800 4080 in
826 4027 904 4080 Itis
933 4025 1211 4096 Origenem
1239 4028 1557 4082 tractatibus
1587 4028 1740 4097 quasi
1766 4043 1988 4096 puerum
2016 4027 2128 4099 (95)
2160 4029 2285 4084 talis
2315 4028 2496 4083 ludere
2519 4043 2538 4082 :
2567 4028 2679 4082 alia
2705 4037 2830 4081 sunt
2865 4026 3043 4081 virilia
3067 4027 3203 4097 ejus,
3226 4033 3278 4079 et
3315 4023 3427 4080 alia
3453 4025 3734 4083 senectutis

545 4143 592 4175 ⁸⁸
628 4143 797 4198 Exod.
834 4159 928 4210 vn,
956 4143 1008 4198 5.
1086 4143 1129 4176 ⁸⁸
1155 4143 1346 4200 Matth.
1379 4145 1684 4210 xxvm,13.
1761 4145 1808 4176 ⁸⁸
1843 4143 2016 4200 Exod.
2049 4162 2141 4214 xx,
2176 4145 2260 4202 l5.
2336 4146 2381 4179 "
2417 4144 2591 4201 Exod.
2629 4161 2704 4211 Ix,
2737 4144 2824 4201 l6.
2899 4142 2947 4176 ⁸⁸
2986 4141 3144 4198 Rom.
3179 4157 3254 4209 ix,
3288 4141 3378 4195 ’22.

545 4264 657 4333 (90)
679 4262 831 4346 Hanc
852 4265 1025 4346 ipsam
1047 4265 1351 4346 expintegro
1372 4265 1745 4346 praelationem
1771 4275 2045 4346 postrema
2073 4279 2115 4337 ο
2150 4267 2309 4346 bant,
2342 4269 2562 4346 triginta
2594 4283 2774 4346 novem
2795 4306 2811 4332 ,
2840 4274 2944 4346 aut
2970 4265 3468 4346 trigintaguatuor,
3507 4278 3609 4346 pro
3635 4263 3735 4344 tri-

472 4335 737 4388 duntaxat
777 4335 1000 4403 periodo
1045 4335 1398 4394 detruncata.
1451 4339 1643 4391 recitat
1677 4336 1744 4390 ad
1787 4336 2045 4390 invidiam

473 4404 785 4476 Qrigeniani
833 4403 1072 4476 nominis
1125 4405 1452 4476 Hieronymo
1489 4407 1778 4461 creandam
1817 4404 2046 4461 Ruﬁnus

473 4474 863 4530 lnvectivarum
901 4475 991 4527 lib.
1024 4489 1087 4540 tt,
1118 4491 1271 4528 num.
1303 4474 1394 4528 Ἡ.

547 4545 660 4611 (9i)
702 4542 1028 4597 Suﬁ‘ecimus
1061 4561 1126 4599 ex
1158 4545 1338 4598 Ruﬁni
1375 4545 1604 4600 lectione
1632 4560 1919 4600 numerum
1947 4548 2048 4600 tri-

475 4613 626 4684 ginta
650 4623 699 4665 et
727 4629 903 4666 novem
922 4652 936 4675 ,
981 4615 1072 4682 qui
1110 4615 1164 4668 in
1193 4615 1426 4683 vulgatis
1458 4624 1612 4668 antea
1659 4614 1813 4670 libris
1841 4617 2044 4681 deerat,

385 4730 391 4734 .
477 4683 539 4736 ut
568 4698 787 4747 onmes,
833 4693 996 4751 atque
1028 4683 1164 4738 adeo
1190 4687 1360 4738 multo
1386 4685 1468 4737 his
1498 4685 1678 4752 plures
1713 4685 1966 4740 homilias
1992 4689 2046 4740 in

476 4752 679 4807 Lucam
709 4767 772 4806 ex
818 4753 1142 4809 Adamantio
1174 4753 1362 4807 Latine
1403 4754 1703 4808 reddidisse
1750 4755 2044 4811 videretur.

476 4821 610 4877 Nam
661 4824 832 4894 multo
873 4825 1056 4893 plures
1088 4823 1257 4878 luisse
1298 4823 1366 4876 ab
1403 4821 1636 4894 0rigene
1680 4821 2046 4890 elucubratas,

476 4908 600 4948 cum
646 4893 811 4958 alibi,
859 4894 1073 4964 tumﬂin
1115 4896 1354 4964 praellxa
1380 4893 1507 4964 huic
1549 4894 2048 4964 tom9_pra:l'atione

476 4908 600 4948 cum
646 4907 811 4958 altbt,
859 4907 970 4947 tum
1020 4911 1073 4948 tn
1115 4907 1333 4964 praettxa
1380 4907 1507 4946 nunc
1549 4907 2046 5015 tomoiiraztattone

474 4963 835 5033 ostendimus.
861 4963 1083 5033 —:Vf'i:le
1127 4963 1278 5017 Patr.
1322 4961 1533 5017 Latinte
1574 4973 1614 5016 t.
1660 4961 1704 5015 Χ
1765 4962 1862 5028 Vl,
1908 4965 2046 5033 Opp.

477 5031 538 5087 S.
572 5031 793 5086 Hieron.
827 5044 865 5086 t.
903 5032 1010 5085 VII.
1047 5032 1203 5087 Eutr.

551 5101 664 5173 (92)
708 5100 912 5156 Vitiose
937 5112 990 5156 et
1016 5102 1156 5173 falso
1185 5103 1274 5158 hic
1307 5102 1587 5172 legebatur
1612 5111 1792 5173 antea,
1826 5103 2049 5173 triginta

475 5185 599 5242 sex,
622 5172 860 5240 itemque
888 5187 1051 5240 penes
1080 5172 1336 5226 Ruﬁnum
1358 5214 1373 5236 ,
1401 5173 1587 5242 viginti
1610 5188 1719 5227 sex.
1746 5172 2049 5227 Nihil’vero

474 5241 843 5312 dubitavimus
873 5244 1157 5296 restituere
1177 5284 1192 5308 ,
1242 5243 1425 5310 viginti
1454 5241 1692 5312 quinque
1713 5284 1727 5308 ,
1771 5243 1920 5312 quod
1951 5257 2050 5298 nec

515 5311 669 5383 lures
713 5327 812 5365 nec
861 5315 1147 5383 pauciores
1177 5313 1404 5380 ipsemet
1443 5311 1806 5383 Hieronymus
1838 5313 1892 5367 in
1923 5327 2050 5383 pro-

493 5396 599 5450 ogo
631 5380 923 5435 Comment.
946 5381 1000 5434 in
1036 5380 1349 5436 Hattharum
1387 5380 1937 5450 numeretiLegisse,
1966 5381 2050 5435 in-

516 5452 622 5514 uit,
664 5467 742 5502 me
775 5451 945 5518 fateor
977 5465 1097 5506 ante
1129 5467 1296 5504 annos
1331 5452 1585 5519 plurimos
1627 5454 1682 5505 in
1731 5452 2048 5505 Mattltteum

529 5519 720 5588 rigenis
744 5535 952 5592 victuri
978 5537 1205 5584 QUlNQUE
1241 5521 1509 5592 volumina
1535 5537 1552 5575 :
1575 5521 1816 5592 iniquem
1852 5536 2046 5592 nume-

478 5605 597 5642 rum
650 5600 703 5642 et
743 5588 1008 5645 Eusebius
1050 5591 1319 5645 consentit
1371 5591 1464 5645 lib.
1513 5607 1564 5645 vt
1621 5588 1818 5646 Eccles.
1874 5589 2044 5653 ΗΜ..

474 5671 598 5734 cap.
625 5658 726 5734 36._
751 5657 875 5734 Haec
907 5675 1123 5734 quoque
1147 5671 1300 5715 vetus
1325 5670 1446 5734 erat
1479 5661 1760 5734 verissima
1803 5662 1962 5716 lectio
1993 5663 2046 5714 in

477 5725 606 5777 olim
639 5727 870 5786 vulgatis
897 5725 1287 5783 Invectivarum
1323 5729 1502 5784 Ruﬁni
1531 5732 1832 5786 codicibus.

553 5793 665 5860 (95)
707 5793 804 5847 Hic
833 5811 1051 5866 quoque
1080 5797 1218 5854 falso
1250 5801 1378 5856 editi
1425 5800 1545 5853 libri
1572 5815 1763 5856 omnes
1796 5799 2049 5870 pra'l‘ere-

2149 4333 2299 4407 ginta
2328 4333 2492 4403 ducis,
2545 4353 2709 4407 quam
2747 4333 3057 4407 lectionem
3078 4350 3146 4407 ex
3189 4333 3733 4407 _Rulln_i_‘testilnonio

2149 4401 2518 4477 reposuimus.
2564 4401 2838 4462 Eusebius
2868 4406 3044 4477 modo
3077 4405 3300 4477 laudato
3339 4402 3483 4477 Hist.
3525 4401 3730 4477 Eccles.

2149 4471 2290 4532 libro
2340 4477 2481 4555 duos
2499 4486 2708 4532 tantum
2743 4484 2796 4529 et
2829 4475 3018 4555 viginti
3050 4489 3118 4528 ex
3153 4474 3255 4528 hac
3277 4474 3543 4555 pniversa
3568 4471 3730 4555 ῼςιηι.

2147 4549 2541 4601 mentariorum
2589 4556 2739 4602 strue
2783 4542 2933 4600 novit
2971 4560 2986 4596 :
3033 4559 3221 4598 verum
3274 4542 3506 4598 fortasse
3533 4553 3589 4597 et
3621 4543 3732 4604 ibi,

2150 4618 2370 4686 triginta
2413 4620 2576 4682 duos,
2621 4615 2907 4688 legendum
2959 4625 3063 4669 est.
3109 4612 3268 4670 Nunc
3303 4613 3393 4668 vix
3437 4624 3733 4684 supersunt

2149 4700 2370 4740 novem.

2218 4757 2331 4827 (94)
2370 4755 2751 4827 Calumniatur
2775 4753 3035 4827 Ruﬁnus,
3068 4755 3248 4827 notari
3283 4753 3372 4809 hic
3401 4753 3498 4827 abs
3533 4752 3731 4808 Hiero-

2150 4823 2320 4895 nymo
2342 4827 2446 4880 sub
2471 4825 2619 4895 corvi
2641 4825 2860 4880 nomine
2887 4823 2944 4878 S.
2969 4826 3322 4880 Ambrosium
3349 4839 3362 4876 :
3392 4823 3626 4895 primum
3650 4838 3726 4895 ex

2148 4891 2236 4962 eo,
2261 4895 2401 4964 quod
2428 4895 2570 4964 apud
2595 4893 2815 4948 Latinos
2850 4896 3020 4963 ipsius
3045 4904 3252 4948 tantum
3287 4904 3337 4947 et
3379 4907 3481 4964 non
3503 4891 3728 4964 alterius

2150 4959 2229 5017 in'
2257 4959 2472 5018 Lucam'
2499 4959 2924 5018 Commentarius
2969 4964 3238 5032 ferebatur
3260 4979 3278 5016 :
3316 4959 3535 5032 deinde,
3579 4962 3728 5031 quod

2151 5033 2437 5103 ipsiusmet
2459 5033 2771 5104 Hieronymi
2796 5030 3045 5104 penes’se
3080 5035 3332 5104 haberet,
3347 5030 3646 5104 epistolam,
3673 5032 3727 5086 in

2149 5101 2254 5174 qua
2281 5105 2377 5174 Itoc
2409 5105 2582 5172 ipsunt
2612 5101 2679 5158 de
2701 5101 2825 5159 aliis
2851 5119 3110 5159 excusans
3135 5145 3151 5174 ,ν
3178 5105 3232 5156 in
3273 5101 3424 5155 illum
3456 5101 3728 5174 (Ambroo

2151 5171 2317 5245 sium)
2350 5171 2659 5245 converterit
2707 5175 3080 5245 suspicionem.
3115 5173 3283 5245 Nemo
3313 5180 3493 5245 autem
3525 5171 3728 5245 ve|_ju-

2151 5255 2270 5312 rato
2297 5240 2502 5297 'llulino
2532 5245 2736 5312 credat,
2760 5240 2812 5298 id
2837 5243 3044 5301 sentire
3077 5245 3144 5298 de
3169 5240 3456 5312 Ambrosio
3482 5241 3726 5312 potuisse

2153 5311 2211 5366 S.
2245 5311 2498 5384 Patrem,
2528 5313 2622 5384 qui
2667 5309 2791 5368 eum
2841 5313 3064 5383 plurimi
3112 5313 3373 5384 continuo
3415 5309 3576 5376 fecit,
3624 5327 3724 5366 nec

2151 5383 2356 5453 raroin
2378 5384 2502 5453 suis
2533 5381 2686 5438 libris
2715 5399 2812 5453 pro
2841 5381 2903 5439 i'e
2930 5394 3054 5438 nata
3085 5381 3344 5437 laudavit.

2224 5452 2336 5523 (95)
2378 5449 2772 5523 Rcstituimus,
2849 5470 3103 5523 puerum,
3151 5465 3251 5523 pro
3303 5465 3412 5520 quo
3465 5449 3723 5523 mendose

2153 5519 2449 5592 legebatur,
2475 5525 2691 5594 iterum.
2706 5521 2830 5580 Mox
2849 5519 3093 5594 quoque,
3116 5519 3719 5594 ludere,’emcndamus,

2155 5590 2253 5661 pro
2278 5602 2566 5662 corrupto,
2600 5593 2838 5665 luderem
2873 5590 2892 5648 Ξ
2934 5590 3071 5665 quas
3102 5592 3362 5647 lectiones
3381 5605 3456 5665 _ex
3487 5590 3564 5643 rei
3598 5605 3723 5665 seno

2157 5659 2361 5734 susque
2407 5659 2662 5727 veritate,
2717 5661 2899 5718 Ruﬁni
2952 5659 3524 5734 insumi-accedente
3556 5659 3724 5734 Atesti-

2157 5731 2378 5853 1112039,
2416 5735 2862 5804 comprobemus.
2901 5735 3006 5791 Pro
3036 5730 3160 5788 talis
3209 5733 3264 5786 in
3299 5730 3419 5786 aliis
3445 5730 3600 5785 libris
3622 5734 3726 5789 est,

2159 5813 2212 5853 ta
2253 5817 2282 5853 u
2311 5817 2374 5853 is.

2159 5813 2374 5856 ιιιοιιιιδ.
