4132 6458
407 366 541 423 IB'JD

1639 355 1706 411 lN
1744 350 1987 412 LUCAM’
2019 346 2303 408 llOMlLl.\
2331 349 2420 408 IV.

3530 339 3671 395 ΒΜ

408 480 655 552 angelus,
690 488 745 532 et
772 491 832 532 se
861 474 962 549 [αι’.
1002 474 1086 545 si]
1121 471 1413 529 vidrmlum
1448 470 1777 542 praebuerit,
1816 477 1871 524 et
1900 467 2061 526 illeA
2091 464 2178 519 cui
2209 473 2293 519 est
2337 461 2521 533 gloria—
2552 469 2607 516 et
2632 459 2918 530 imperium
2972 444 3029 513 in
3071 456 3280 512 saecula
3317 452 3665 511 saeculorum.

408 571 502 641 qui
533 585 657 624 vere
690 568 996 631 desiderat,
1044 581 1151 620 non
1185 563 1408 618 videbit.
1451 561 1635 631 Itaque
1677 559 1987 627 ubicunque

410 662 674 732 scriptum
706 658 905 725 fuerit,
949 656 1202 727 apparuit
1241 654 1385 710 Deus
1434 654 1532 720 illi,
1586 652 1669 707 vel
1699 651 1797 713 illi,
1844 658 1906 703 ut
1934 658 1990 704 et

409 766 597 808 nunc:
631 749 891 819 Apparuit
917 748 966 802 ei
990 746 1206 817 angelus
1242 745 1484 811 Domini,
1519 754 1666 799 stans
1711 759 1745 796 a
1784 740 1988 794 dextris

378 842 600 913 iallaris
622 837 843 901 incensi,
879 838 952 892 ita
992 844 1053 891 ut
1079 835 1214 901 dixi,
1237 834 1497 903 intelligo.
1527 832 1657 888 Sive
1686 831 1853 895 Deus,
1873 830 1996 886 sive

412 931 639 1001 angelus
679 928 914 982 Abrahae
957 927 1049 982 vei
1082 926 1360 982 Zacharias
1385 965 1400 990 ,
1447 940 1573 981 cum
1630 924 1863 979 Voluerit
1907 922 1999 978 vei

416 1021 667 1087 noluerit,
695 1028 793 1075 aut
832 1034 945 1075 non
968 1018 1260 1085 videbitur,
1292 1026 1387 1072 aut
1432 1016 1725 1072 videbitur.
1783 1014 1850 1070 Et
1887 1015 1992 1072 hoc

414 1129 523 1169 non
559 1121 771 1168 tantum
808 1113 862 1167 in
901 1111 1156 1183 praesenti
1187 1110 1387 1167 saeculo
1409 1110 1667 1177 dicimus,
1701 1109 1799 1165 sed
1824 1110 1989 1165 etiam

414 1202 471 1257 in
502 1201 706 1267 futuro,
731 1217 858 1257 cum
893 1201 1311 1272 migraverimus
1337 1215 1368 1255 e
1401 1199 1607 1255 mundo
1630 1239 1652 1267 ,
1695 1198 1841 1270 quod
1883 1213 1992 1253 non

412 1294 672 1350 omnibus
704 1296 788 1351 vel
822 1294 987 1359 Deus,
1020 1295 1102 1350 vel
1131 1295 1307 1366 angeli
1336 1304 1652 1366 appareant,
1696 1294 1841 1365 quod
1880 1294 1992 1349 sci-

414 1383 543 1440 licet
567 1395 622 1441 et
646 1385 894 1457 angelos,
929 1396 986 1439 et
1014 1384 1281 1456 Spiritum
1307 1395 1595 1449 sanctum,
1613 1395 1667 1440 et
1700 1384 1993 1440 Dominum

417 1472 777 1541 Salvatorcm,
803 1485 859 1529 et
893 1474 1070 1544 ipsum
1100 1474 1267 1530 Deum
1296 1474 1535 1540 Patrem,
1566 1475 1613 1529 is
1641 1474 1735 1544 qui
1770 1475 1838 1529 de
1869 1458 1994 1528 eor-

416 1580 547 1635 pore
571 1566 784 1628 exierit,
816 1567 1002 1621 statim
1033 1574 1307 1621 mereatur
1339 1566 1523 1620 videre
1555 1583 1573 1620 :
1594 1574 1647 1620 et
1676 1566 1762 1621 ille
1784 1573 1993 1620 tantum

418 1655 625 1711 videbit
649 1697 665 1722 ,
712 1657 806 1727 qui
855 1656 1121 1711 mundum
1153 1656 1409 1711 habuerit
1436 1671 1532 1711 cor
1559 1656 1627 1720 ⁸⁸,
1650 1666 1705 1710 et
1739 1655 1897 1711 talem
1937 1670 2000 1711 se

420 1747 734 1816 praebuerit,
767 1756 826 1801 ut
848 1747 1045 1817 dignus
1068 1745 1164 1801 Dei
1194 1746 1266 1802 sit
1289 1755 1533 1816 aspectu.
1566 1745 1630 1801 Et
1660 1746 1912 1817 quamvis
1938 1746 1994 1801 in

2089 556 2282 609 Amen.

2679 640 2962 697 HOMILIA
2992 639 3081 696 IV.

2091 757 2168 812 De
2189 773 2248 811 eo
2281 756 2421 827 quod
2450 755 2703 827 scriptum
2743 764 2820 807 est
2844 767 2877 827 εΔ
2903 771 2922 804 ‹
2951 750 3044 827 ΑΝς
3071 752 3281 827 timeas,
3311 749 3599 827 Zacltnriu,
3640 769 3665 803 ι

2162 820 2323 897 usque
2345 827 2414 879 ad
2434 820 2878 897 ettm'locumulti
2909 823 2986 875 uit
3008 822 3074 897 de
3108 820 3316 897 Joanne
3344 837 3366 875 :
3402 841 3421 873 ι
3461 822 3675 897 ξηειρ-

2161 891 2249 951 dei
2273 913 2455 950 coram
2487 896 2601 965 ipso
2624 897 2675 948 in
2698 894 2893 963 spiritu
2917 902 2967 948 et
2997 893 3189 946 virtute
3222 891 3381 946 Elite.
3413 892 3585 962 iCap.
3624 909 3677 948 ι..

2163 1008 2481 1073 Zacharias,
2506 1024 2632 1065 cum
2664 1010 2919 1079 angelum
2950 1006 3201 1071 vidisset,
3236 1006 3476 1076 expavit.
3516 1003 3680 1060 Nova

2090 1105 2294 1175 quippe
2322 1100 2492 1157 facies
2524 1099 2791 1155 humanis
2806 1098 3089 1153 obtutibus
3112 1112 3173 1153 se
3195 1097 3444 1167 pratbcns
3488 1094 3678 1150 turbat

2094 1203 2333 1249 mentem
2376 1191 2733 1262 animumque
2787 1198 3125 1246 consternat.
3195 1187 3347 1244 Unde
3397 1188 3674 1258 angelus,

2093 1285 2278 1341 sciens
2310 1284 2453 1338 hanc
2478 1298 2601 1339 esse
2630 1284 2929 1338 humanam
2960 1290 3235 1348 naturam,
3263 1281 3498 1351 primum
3545 1295 3677 1349 per-
3728 1278 3731 1281 ’

2094 1375 2395 1434 turbationi
2427 1374 2677 1429 medetur
2711 1374 2900 1429 dicens
2935 1389 2950 1426 :
2985 1371 3114 1427 Noli
3137 1374 3337 1438 timere,
3365 1371 3631 1425 Zachariu
3653 1384 3676 1423 :

2094 1467 2532 1537 ettrepidautem
2565 1464 2834 1521 rcfocillat
2859 1503 2881 1527 ν
2919 1480 3174 1534 novoque
3216 1464 3454 1519 laetiﬁcat
3480 1462 3682 1516 nuutio'

2096 1559 2379 1616 inferens:
2419 1556 2695 1611 Exaudita
2725 1566 2802 1612 est
2824 1558 3000 1611 oratio
3032 1566 3146 1624 tua,
3171 1566 3222 1611 et
3258 1571 3396 1610 umor
3437 1566 3532 1610 tua
3554 1551 3682 1609 Eli-

2097 1653 2281 1707 sabetlt
2319 1651 2488 1720 pariet
2520 1648 2713 1719 ﬁlium,
2737 1658 2786 1702 et
2816 1648 3239 1703 vocabisnomen
3262 1647 3377 1718 ejus
3392 1645 3683 1707 Joannem.

2097 1756 2144 1801 et
2193 1744 2300 1797 erit
2338 1741 2434 1795 tibi
2486 1741 2745 1812 gaudium
2791 1749 2844 1794 et
2887 1740 3196 1794 exsultatio.
3242 1738 3473 1806 Quando
3495 1739 3681 1810 justus

416 1834 610 1889 eodem
630 1835 751 1890 loco
777 1836 869 1901 sit,
897 1836 992 1904 qui
1016 1836 1221 1890 mundo
1242 1836 1407 1891 corde
1432 1844 1536 1901 est,
1559 1835 1682 1890 etis
1701 1838 1795 1906 qui
1819 1836 2001 1892 adhuc
2030 1834 2072 1889 Β
2101 1834 2224 1906 quis
2251 1833 2429 1888 oritur
2462 1831 2688 1897 mundo,
2725 1839 2780 1885 et
2808 1830 3045 1885 stadium
3080 1830 3242 1900 huius
3285 1831 3411 1886 vitae
3444 1830 3687 1901 ingredi-

417 1924 602 1994 aliqua
641 1926 803 1980 sorde
848 1925 1184 1996 respergitur
1207 1965 1223 1991 ,
1262 1942 1407 1982 unus
1461 1924 1613 1981 iocus
1649 1940 1749 1981 nec
1797 1940 1997 1982 nocere

419 2017 731 2087 quempiam
761 2017 993 2086 poterit,
1020 2031 1121 2073 nec
1137 2016 1329 2087 iuvare
1359 2032 1374 2070 :
1428 2018 1555 2087 quia
1596 2016 1690 2087 qui
1734 2018 1995 2073 mundum

418 2121 517 2161 cur
548 2106 820 2174 habuerit,
852 2105 1020 2161 Deum
1047 2107 1272 2173 videbit,
1303 2107 1397 2177 qui
1423 2117 1604 2162 autem
1646 2108 1770 2162 talis
1811 2107 1997 2173 fuerit,

421 2197 474 2252 id
507 2197 652 2267 quod
690 2197 782 2251 alii
808 2206 1060 2261 cernunt,
1089 2197 1255 2269 936
1286 2212 1397 2252 non
1422 2197 1644 2253 videbit.
1692 2197 1824 2254 Tale
1865 2199 1997 2269 quid

421 2290 554 2344 mihi
594 2288 1001 2358 intelligendum
1031 2298 1086 2344 et
1114 2289 1183 2344 dc
1213 2288 1433 2345 Christo
1455 2331 1470 2356 ,
1499 2289 1592 2360 qui
1638 2290 1914 2360 quondam
1943 2291 1998 2345 in

418 2396 648 2451 corpore
670 2382 971 2447 videbatur,
1000 2380 1147 2451 quod
1168 2398 1280 2437 non
1309 2382 1623 2454 quicunque
1672 2396 1797 2437 eum
1846 2382 2000 2437 vide-

422 2474 596 2536 bant,
653 2483 911 2544 poterant
960 2473 1165 2528 videre.
1206 2462 1474 2530 Videbam
1530 2473 1729 2544 quippe
1786 2483 2001 2529 tantum

419 2580 623 2633 corpus
667 2566 852 2620 illius:
892 2565 1189 2620 secundum
1231 2581 1360 2622 vero
1406 2566 1510 2621 hoc
1548 2566 1696 2637 quod
1747 2567 2003 2623 Christus

419 2664 561 2718 erat,
592 2670 718 2709 eum
752 2654 933 2708 videre
962 2669 1070 2709 non
1101 2664 1369 2723 poterant.
1397 2653 1570 2710 Porro
1599 2656 1852 2726 discipuli
1874 2671 2001 2712 eum

422 2744 699 2811 videbant,
727 2755 782 2800 et
810 2745 1241 2816 magnitudinem
1264 2746 1564 2803 divinitatis
1590 2747 1736 2803 illius
1757 2758 2005 2805 contem-

423 2837 737 2907 plabantur.
772 2835 1000 2905 Propter
1022 2837 1169 2907 quod
1196 2848 1328 2906 puto
1351 2846 1405 2893 et
1435 2839 1502 2893 ad
1547 2838 1855 2909 Philippum
1909 2841 2005 2896 de-

423 2939 737 3000 precantem
766 2938 930 2999 atque
956 2929 1267 2985 dicentem:
1304 2930 1533 2987 Ostende
1575 2932 1723 2987 nobis
1765 2931 2004 2998 Patrem,

423 3035 473 3077 et
529 3024 717 3092 stt/ﬁcit
760 3021 943 3090 nobis,
1000 3024 1349 3092 respondisse
1400 3025 1783 3080 Salvatorem:
1838 3027 2010 3082 Tanto

427 3124 657 3183 tempore
677 3114 942 3167 vobiscum
973 3130 1113 3179 sum,
1146 3122 1199 3168 et
1226 3131 1329 3168 non
1360 3118 1674 3187 cognovistis
1713 3120 1833 3172 nte?
1869 3118 2004 3173 Plri-

424 3202 583 3270 lippe,
612 3203 703 3272 qui
732 3203 866 3256 videt
889 3219 989 3271 me,
1027 3202 1164 3257 videt
1192 3215 1244 3257 et
1277 3203 1495 3259 Patrem
1533 3206 1595 3260 ⁸⁸.
1636 3204 1823 3277 Neque
1857 3208 2003 3263 enim

425 3293 655 3359 Pilatus,
686 3295 780 3364 qui
811 3295 1027 3350 videbat
1056 3292 1267 3359 Jesum,
1296 3295 1611 3350 intuebatur
1644 3299 1880 3365 Patrem,
1907 3315 2007 3357 nec

424 3389 673 3457 proditor
701 3389 910 3445 ludas:
943 3391 1071 3461 quia
1115 3406 1216 3447 nec
1249 3390 1365 3461 ipse
1402 3391 1611 3448 Pilatus
1639 3434 1654 3458 ,
1704 3409 1807 3450 nec
1837 3393 2006 3452 Judas

423 3481 702 3536 Christum
734 3483 1035 3538 secundum
1076 3483 1178 3539 hoc
1222 3483 1371 3554 quod
1415 3494 1533 3541 erat
1571 3486 1826 3544 Christus
1853 3489 2007 3545 vide-

424 3566 578 3633 bant,
616 3583 718 3624 nee
745 3571 1039 3627 multitudo
1066 3587 1190 3641 qua:
1221 3573 1535 3629 coarctabat
1573 3589 1719 3629 eum.
1770 3576 1848 3631 Illi
1885 3586 2006 3632 tau-

424 3663 542 3713 tum
568 3659 822 3713 videbant
854 3659 1064 3726 Jesum,
1098 3676 1239 3731 quos
1258 3670 1480 3731 aspectu
1517 3678 1621 3719 suo
1663 3664 1857 3734 dignos
1886 3678 2010 3721 esse

426 3750 651 3805 sciebat.
679 3748 1018 3806 Laboremus
1046 3766 1177 3820 ergo
1204 3761 1259 3806 et
1285 3767 1406 3817 nos,
1444 3760 1505 3806 ut
1525 3762 1581 3807 et
1612 3753 2006 3823 impraesentia-

426 3850 549 3893 rum
581 3839 740 3894 nobis
774 3839 919 3895 Deus
952 3849 1230 3909 appareat.
1269 3846 1503 3897 Sanctus
1525 3842 1726 3912 quippe
1762 3843 2010 3916 Scriptu-

424 3942 612 3983 rarum
640 3944 823 3984 sermo
855 3930 1131 3999 promisit,
1163 3931 1306 4000 quod
1342 3931 1651 3987 invenietur
1690 3934 1761 3989 ab
1794 3934 1880 3991 his
1913 3937 2008 4007 qui

428 4035 537 4074 non
572 4028 783 4075 tentant
808 4036 932 4074 eum
967 4039 980 4075 :
1019 4030 1242 4092 apparet
1267 4031 1452 4078 autem
1484 4023 1570 4079 his
1595 4024 1691 4095 qui
1730 4042 1839 4082 non
1879 4038 2010 4088 sunt

429 4112 694 4168 increduli
722 4110 776 4166 in
818 4126 943 4167 eum
977 4129 992 4166 :
1030 4121 1084 4166 et
1114 4117 1166 4165 in
1208 4110 1394 4167 futuro
1426 4128 1532 4167 non
1581 4115 1950 4174 abscondatur
1977 4136 2007 4175 a

429 4205 630 4271 nobis;
657 4205 753 4260 sed
785 4205 1069 4260 videamus
1092 4222 1217 4261 eum
1265 4206 1405 4261 facie
1448 4207 1517 4263 ad
1556 4206 1788 4278 faciem,
1828 4223 1882 4269 et
1912 4214 2010 4270 ha-

429 4300 659 4353 beamus
687 4296 942 4352 ﬁduciam
973 4297 1128 4352 bona:
1153 4298 1299 4364 vitae,
1329 4296 1688 4370 lruamurque
1715 4316 2008 4374 conspectu

431 4387 822 4456 omnipotentis
856 4385 948 4441 Dei
973 4386 1030 4441 in
1056 4386 1278 4443 Christo
1304 4386 1458 4457 Jesu,
1481 4405 1534 4446 et
1560 4390 1768 4462 Spiritu
1796 4406 2007 4465 saneto,

2104 1937 2215 1992 tur,
2240 1924 2478 1980 ministri
2505 1922 2806 1979 nativitatis
2825 1923 2945 1993 ejus
2974 1924 3246 1991 laetantur,
3273 1932 3328 1979 et
3356 1939 3416 1979 se
3448 1923 3690 1978 eﬂ‘erunt

2097 2018 2152 2073 in
2186 2017 2440 2073 sublime.
2463 2014 2699 2082 Quando
2737 2029 2867 2071 vero
2900 2015 2991 2070 ille
3037 2016 3286 2071 nascitur
3310 2054 3326 2080 ,
3374 2016 3469 2087 qui
3522 2016 3688 2072 mala:

2097 2111 2219 2166 vitae
2247 2116 2587 2180 praeparatus
2616 2115 2721 2170 est,
2750 2114 2806 2161 et
2826 2107 2983 2176 quasi
3008 2107 3080 2162 ob
3106 2122 3298 2178 papas
3324 2107 3402 2180 (ετ)
3442 2108 3496 2162 in
3525 2123 3685 2179 erga-

2097 2202 2299 2259 stulum
2335 2186 2640 2271 relegatus,
2682 2198 2931 2255 minister
2976 2208 3362 2256 eonsternatur
3401 2208 3457 2256 et
3494 2202 3686 2257 concio

2097 2294 2195 2351 dit.
2226 2292 2320 2349 Vis
2352 2292 2661 2363 exemplum
2692 2290 2941 2361 accipere
2987 2291 3160 2347 sancti
3205 2291 3330 2359 viri,
3363 2291 3524 2363 cujus
3564 2307 3686 2349 om-

2098 2385 2186 2442 nis
2236 2383 2449 2439 l'ruetus
2498 2383 2554 2437 in
2596 2381 2759 2437 laude
2816 2381 2942 2438 sit?‘
2984 2383 3120 2438 Vide
3178 2382 3352 2438 Jacob
3393 2383 3693 2440 duodecim

2099 2475 2354 2548 genuisse
2379 2487 2580 2539 mares,
2600 2472 2697 2543 qui
2721 2488 2912 2529 omnes
2931 2473 3116 2545 populi
3134 2474 3230 2528 Dei
3256 2474 3505 2543 et-partis
3537 2474 3689 2531 illius

2099 2566 2423 2639 patriarchae
2460 2574 2515 2619 et
2543 2564 2814 2636 principes
2842 2564 3169 2621 exstiterunt
3193 2580 3207 2616 :
3233 2564 3289 2619 in
3318 2565 3684 2623 hisomnibus

2100 2657 2272 2713 Jacob
2304 2658 2591 2715 laetabatur
2632 2667 2825 2728 pater,
2875 2657 3017 2713 sicut
3052 2665 3117 2712 et.
3142 2672 3290 2713 nunc
3336 2658 3406 2713 de
3454 2657 3692 2716 Joannis

2103 2749 2387 2805 nativitate
2415 2749 2631 2805 cunctis
2658 2750 2916 2819 gaudium
2948 2752 3228 2805 nuntiatur
3263 2765 3278 2802 :
3307 2763 3361 2805 et
3391 2751 3485 2819 qui
3517 2751 3695 2806 semcl’

2102 2842 2173 2900 ob
2203 2841 2488 2897 utilitatem
2537 2840 2772 2896 aliorum
2816 2840 2885 2895 ad
2922 2839 3230 2895 liberorum
3251 2854 3418 2910 opera
3455 2840 3687 2896 descen-

2106 2933 2265 2999 derit,
2295 2941 2349 2986 et
2373 2947 2433 2987 se
2462 2931 2697 2988 voluerit
2730 2932 2860 2987 huic
2881 2931 3190 2987 ministerio
3220 2933 3554 3002 mancipare,
3588 2931 3691 2986 ob-

2109 3036 2289 3083 secret
2310 3025 2502 3091 Deum,
2525 3034 2589 3081 ut
2617 3024 2742 3081 talis
2771 3024 2821 3079 ei
2857 3023 3001 3080 illius
3034 3022 3373 3096 ingrediatur
3399 3021 3691 3084 saeculum,

2110 3133 2276 3189 super
2304 3119 2464 3188 cujus
2490 3117 2771 3171 nativitate
2793 3117 2968 3172 laetior
2998 3117 3089 3172 sit.
3131 3114 3405 3172 Scribitur
3446 3129 3577 3184 ergo
3620 3113 3695 3167 de

2106 3209 2360 3265 Joanne:
2399 3208 2477 3280 (8)
2521 3207 2641 3261 Erit
2679 3223 2902 3277 magnus
2941 3208 2997 3261 in
3041 3213 3322 3274 conspectu
3361 3202 3577 3257 Domini
3614 3201 3687 3256 "t

2107 3300 2534 3372 Magnitudinem
2562 3298 2760 3353 anima:
2785 3296 3015 3353 Joannis
3042 3296 3320 3360 ostendit,
3361 3310 3485 3366 qum
3513 3292 3693 3348 oculis

2111 3393 2203 3448 Dei
2229 3401 2412 3464 pateat
2439 3411 2452 3448 :
2478 3403 2529 3448 et
2552 3392 2757 3465 aliquid
2781 3391 2987 3457 minus,
3004 3389 3152 3460 quod
3176 3387 3393 3459 proprie
3411 3386 3464 3440 in
3494 3384 3701 3440 anima:

2109 3485 2309 3542 virtute
2330 3485 2684 3555 conspicitur.
2723 3483 2836 3555 Ego
2861 3483 2933 3536 ita
2965 3480 3206 3551 intcliigo
3231 3488 3287 3534 et
3332 3478 3464 3533 illud
3485 3517 3503 3544 ,
3542 3475 3694 3547 quod

2109 3578 2165 3631 in
2216 3575 2510 3646 Evangelia
2545 3575 2787 3629 dicitur:
2826 3570 3009 3627 Nolite
3050 3580 3380 3625 contemnere
3424 3584 3588 3623 unum
3626 3570 3695 3623 ds

2110 3664 2342 3719 minimis
2368 3664 2510 3727 istis,
2532 3663 2624 3732 qui
2648 3662 2705 3715 in
2735 3660 2976 3714 Ecclesia
3002 3670 3123 3714 sunt
3145 3660 3214 3712 τι.
3239 3657 3499 3713 Minimus
3525 3657 3595 3712 ibi
3621 3658 3699 3714 ad

2109 3754 2515 3811 distinctionem
2548 3752 2776 3821 majoris
2804 3752 3146 3822 intelligitur.
3179 3749 3297 3805 Non
3339 3749 3473 3804 mihi
3502 3751 3694 3820 praeci-

2109 3846 2278 3916 pitur,
2309 3853 2368 3900 ut
2389 3858 2516 3898 eum
2548 3842 2643 3913 qui
2671 3841 2893 3912 grandis
2915 3854 2999 3897 est
3023 3848 3397 3906 contemnam,
3427 3839 3553 3910 quia
3579 3854 3691 3893 non

2110 3945 2287 4007 potest
2328 3933 2605 3991 contemni
2646 3933 2738 3988 ille
2790 3932 2885 4003 qui
2919 3932 3139 4002 grandis
3187 3940 3300 3999 est;
3352 3931 3447 3986 sed
3490 3930 3693 3986 dicitur

2113 4028 2279 4095 mihi,
2309 4042 2379 4082 ne
2414 4035 2737 4082 contemnas
2767 4039 2936 4079 uatum
2980 4037 3047 4078 ex
3075 4022 3341 4078 minimis.
3409 4020 3474 4078 Ut
3508 4031 3688 4077 autem

2110 4125 2291 4192 scias,
2327 4122 2474 4194 quod
2520 4121 2781 4177 minimus
2805 4128 2861 4175 et
2888 4134 3089 4191 parvus
3121 4132 3229 4174 non
3264 4117 3490 4173 fortuitu
3542 4118 3693 4173 dica-

2111 4225 2229 4283 tur,
2260 4215 2355 4270 sed
2379 4228 2504 4269 eum
2534 4228 2599 4268 ea
2626 4213 2857 4278 ratione,
2887 4227 3051 4281 quam
3085 4209 3399 4279 posuimus,
3425 4208 3689 4278 scriptum

2109 4314 2238 4361 est:
2288 4303 2600 4373 Quicunque
2633 4301 3082 4356 scandalizat-erit
3136 4315 3298 4354 unum
3340 4298 3406 4352 de
3450 4298 3695 4353 minimis

2111 4396 2230 4450 istis
2258 4396 2329 4450 ".
2356 4393 2617 4450 Minimus
2650 4392 3076 4461 scandalizatur,
3115 4390 3337 4464 grandis
3367 4407 3475 4447 non
3514 4399 3695 4474 potest

501 4503 548 4535 ⁸⁸
570 4500 759 4556 Matth.
782 4517 836 4556 v.
912 4501 959 4535 ”
975 4499 1133 4557 Jnan.
1167 4518 1278 4567 xxv,
1305 4504 1362 4570 8,
1385 4504 1438 4561 9.
1514 4507 1560 4540 '°
1577 4506 1709 4563 Luc.
1733 4524 1771 4574 ι,
1806 4507 1896 4563 15.
1968 4509 2013 4541 ⁷⁸
2046 4507 2238 4564 Matth.
2273 4505 2532 4573 “111,10.
2609 4506 2655 4536 τ’
2676 4504 2804 4560 ibid.
2836 4505 2891 4561 ϐ.

504 4594 584 4664 (7)
604 4591 725 4648 Non
751 4602 833 4680 est
862 4607 961 4675 cur
989 4593 1175 4649 multis
1206 4594 1411 4680 hancce
1431 4595 2002 4680 Qrigcnisreprclien-

2110 4600 2214 4680 χῇς
2236 4598 2358 4680 καῖ’
2384 4595 2728 4680 ἀρετὴνικςιὶ
2747 4594 2863 4677 Ea}:
2875 4611 2970 4680 Et;
3001 4594 3315 4680 cpt‘x’pémi
3329 4593 3533 4680 grex-71;.
3551 4594 3692 4664 Ἐγὼ

436 4667 644 4738 damus
662 4663 985 4738 sententiam
1009 4703 1024 4727 ,
1057 4680 1164 4734 qua
1184 4666 1509 4738 _ah_angelis
1536 4663 1735 4721 statuit
1757 4663 2005 4738 corpori-

434 4734 540 4789 bus
570 4732 771 4806 illigari
791 4732 1006 4787 animas
1030 4732 1235 4806 e'cmlo
1271 4732 1642 4806 depiomptas,
1671 4732 1876 4806 easque
1912 4748 2008 4795 aut

434 4820 536 4875 pro
572 4803 1052 4877 peccatissursum
1094 4803 1354 4860 admissis
1396 4806 1449 4858 in
1496 4803 1722 4876 corpora
1756 4803 1911 4877 quasi
1949 4809 2004 4863 in

432 4872 783 4945 ergastulum
802 4872 1013 4926 demitti
1035 4880 1190 4945 ,aut
1234 4883 1454 4945 propter
1485 4872 1632 4931 recte
1664 4872 1791 4931 ante
1833 4877 2002 4932 vitam

434 4942 585 5014 gesta
606 4982 622 5005 ,
650 4942 816 5014 variis
849 4956 913 4995 ac
945 4944 1113 4997 variis
1159 4944 1212 4997 in
1237 4942 1606 5014 corporibus,
1642 4946 1874 5002 decretis
1913 4947 2007 5001 Dei

436 5012 804 5086 exsequendis
827 5028 1025 5066 navare
1045 5027 1294 5086 cperam.
1329 5012 1505 5069 llocce
1526 5014 1853 5084 Origcnismi
1879 5031 2009 5086 pro-

439 5082 725 5149 pemodum
757 5082 1240 5137 characteristicon
1276 5084 1551 5138 innumeri
1583 5082 1793 5140 veteres
1822 5082 2005 5141 recen-

442 5151 715 5222 tioresquc
749 5161 1003 5207 auctores
1044 5153 1435 5222 impugnarunt
1482 5170 1497 5206 :
1539 5155 1780 5209 diximus
1812 5164 1871 5211 et
1908 5173 2008 5212 nos

438 5221 684 5296 quaedam
727 5237 852 5296 cum
883 5222 1012 5296 alibi
1037 5263 1053 5287 ,
1102 5221 1216 5276 tum
1251 5224 1532 5296 prtecipue
1576 5226 1643 5279 ad
1690 5226 2007 5296 synodicam

440 5289 725 5365 epistolam
776 5291 918 5365 inth
952 5289 1403 5365 llieronymianas
1429 5289 1536 5365 9‘2,
1572 5289 1747 5365 quam
1800 5296 2008 5365 publici

434 5358 578 5432 juris
606 5359 847 5432 primum
863 5360 1118 5425 fecimus,
1136 5358 1705 5432 quaqucOrigeniatm
1735 5358 2007 5421 hairescos

439 5427 780 5500 placitafcre
808 5430 1022 5499 singula
1052 5427 1511 5487 condemnamur.

513 5498 590 5569 (8)
630 5497 857 5575 Schedae
902 5497 1096 5557 Crabii
1130 5513 1182 5556 et
1230 5502 2006 5575 MacariusChrysoeephalus

440 5567 548 5643 ms.
577 5576 719 5643 orat.
740 5567 771 5643 _l
805 5570 857 5620 in
880 5580 1060 5643 ortum
1093 5575 1269 5627 sancti
1314 5571 1542 5643 Joannis
1563 5615 1577 5636 ,
1615 5567 1729 5628 lucc
1761 5567 2013 5643 Oi-igeuis

438 5639 602 5714 verba
628 5637 853 5714 laudant
884 5656 897 5691 :
937 5638 1148 5714 Ἔστᾳι
1177 5644 1288 5714 γὰρ
1310 5642 1515 5712 μέγας.
1561 5645 1650 5695 Ἐν
1684 5637 1891 5707 τυύτοιξ
1920 5644 2015 5714 μέ-

477 5707 601 5789 ξεοοί
643 5708 899 5789 ὲμφαξνες.
941 5707 1340 5789 τῇςῌΊοῄγῇρὺ
1382 5707 1595 5789 ψυχῆς,
1642 5715 1735 5789 κα)
1786 5707 2013 5789 parebo;

477 5726 596 5770 ευος
643 5726 899 5795 εμφαενει
941 5726 1041 5789 aq;
1099 5726 1340 5765 ἰωαννου
1382 5726 1595 5782 ψυχης,
1642 5726 1735 5767 και
1786 5726 2011 5783 μεγευος

433 5726 769 5849 ἔλεπὸμενον
799 5778 904 5832 υπὸ
933 5795 1024 5833 ~:0":
1051 5783 1206 5841 Θεοῦ.
1238 5785 1391 5836 ’Ἐστι
1422 5788 1527 5855 γάρ
1564 5800 1615 5836 τι
1656 5784 1883 5855 μέγεθος
1909 5785 2011 5856 'ij-

2108 4664 2289 4732 ὂῦτως
2320 4664 2504 4722 ἀκοῦω
2530 4664 2626 4737 ’ἑοῖο
2668 4667 2726 4719 ὲν
2757 4664 2834 4737 τῷ
2875 4664 3194 4737 Εὑαήελίιρ
3213 4683 3226 4696 ·
3254 4664 3356 4737 Μὴ
3384 4664 3694 4737 ῌὸεᾲταφρος-

2113 4738 2344 4805 νήσητε
2376 4737 2514 4802 ἐνὸς
2542 4735 2662 4789 τῶν
2689 4733 2959 4805 σμιᾶιρῶν
2990 4733 3219 4805 soon)»
3239 4736 3310 4788 ἐν
3334 4733 3421 4805 τῇ-
3447 4735 3693 4805 Freun—

2113 4802 2241 4876 σίᾳ.
2261 4802 2471 4877 ικρδν
2486 4805 2595 4877 γᾴρ
2628 4802 2744 4877 ἐκεῖ
2766 4802 2858 4859 “cev
2889 4806 3128 4877 ἐναντίον
3149 4804 3233 4877 ςιξῷ
3265 4802 3666 4877 με-γᾱλῳῌλέγεὶ
3680 4848 3693 4859 .

2115 4872 2238 4955 :O‘ct
2278 4876 2336 4929 δὲ
2366 4872 2405 4955 6_
2424 4872 2605 4955 192m
2640 4876 2701 4955 90
2738 4875 2931 4955 μικρός
2956 4872 3393 4955 ὲστιηδῆλόνβκ
3425 4872 3699 4955 zs§;_'o¢

2112 4944 2189 5001 ἂν
2211 4943 2595 5015 σκανδωῑῖὰῃ
2632 4943 2749 4999 sm
2773 4943 2894 5015 τῶν
2917 4943 3458 5015 σ’μιξῳῶντούτῳν.
3499 4943 3621 5012 Μέγ
3636 4963 3701 5008 at;

2112 4963 2189 5001 αν
2211 4963 2595 5066 exarmatth
2632 4963 2742 4999 ενα
2773 4963 2894 4997 των
2917 4963 3184 5021 σμιξφων
3211 4963 3458 4997 τουτων.
3500 4963 3696 5012 meyer;

2110 5016 2218 5088 γὰρ
2246 5018 2307 5069 οὔ
2339 5015 2572 5088 σκανδαλ
2596 5017 2786 5088 (stay
2812 5013 2986 5088 mis
3019 5014 3191 5086 μέγας
3224 5013 3421 5088 παναςὸς
3454 5015 3696 5088 auaritia.-

2110 5082 2202 5140 λοι)
2238 5087 2503 5158 κρείττων
2536 5084 2817 5158 sati._|£rit
2857 5082 3289 5158 enim'magnus.
3328 5082 3396 5137 In
3436 5084 3689 5158 nisuma-

2113 5153 2443 5227 gnitudinem
2465 5155 2657 5227 animm
2670 5153 2896 5227 Joannis
2928 5155 3243 5227 ostendit,“
3271 5153 3689 5227 magnitudinem

2110 5222 2228 5295 qua:
2247 5243 2279 5279 a
2303 5226 2405 5278 Deo
2423 5226 2674 5278 cernitur.
2693 5223 2788 5277 Est
2805 5223 2945 5295 enim
2972 5224 3151 5295 aliqua
3172 5222 3477 5295 magnitudo
3493 5225 3688 5295 auium:

2112 5293 2397 5349 secundum
2422 5296 2686 5358 virtutem,
2701 5302 2749 5364 et
2771 5302 2848 5346 est
2871 5293 3270 5364 aliqna‘agnima:
3291 5293 3546 5364 paruitas.
3574 5293 3685 5362 Ego

2113 5368 2189 5418 sic
2213 5365 2415 5446 accipio
2445 5365 2585 5434 quod
2612 5364 2668 5416 in
2691 5360 2980 5446 Evangelii?
3007 5362 3263 5446 scriptum
3286 5372 3382 5446 est
3404 5360 3688 5446 :_‘Ne_co_h~

2112 5431 2368 5489 temnatis
2400 5431 2568 5488 unum
2596 5449 2660 5487 ex
2690 5433 2775 5503 his
2800 5431 3012 5503 pnsillis
3039 5431 3132 5503 qui
3175 5439 3304 5487 sunt
3333 5434 3386 5487 iu
3418 5431 3681 5489 Ecclesia.

2115 5503 2385 5573 Pusillum
2416 5507 2555 5557 enim
2595 5503 2691 5556 hoc
2725 5502 2840 5556 loco
2872 5503 3003 5557 dicit
3033 5519 3152 5557 eum
3186 5504 3280 5573 qui
3315 5518 3500 5571 magno
3526 5517 3688 5571 oppo-

2114 5575 2282 5628 nitur.
2307 5572 2464 5636 Quod
2497 5582 2800 5627 autemnon
2826 5573 3046 5641 quilibet
3077 5572 3270 5643 parcus
3308 5572 3408 5637 sit,
3435 5572 3593 5642 liquet
3619 5586 3687 5626 ex

2113 5645 2236 5698 his:
2267 5644 2591 5713 Quicunque
2634 5643 3082 5698 scandalizavcrit
3117 5659 3285 5698 uinum
3320 5657 3385 5696 cx
3427 5644 3512 5697 his
3554 5657 3680 5711 par-

2116 5715 2273 5769 vulis.
2310 5712 2536 5781 Magnus
2562 5714 2702 5781 enini
2728 5728 2832 5765 non
2856 5713 3288 5779 scandalizatur,
3315 5714 3404 5768 sed
3440 5722 3514 5767 est
3543 5712 3688 5770 omni

2114 5784 2366 5840 scandala
2402 5780 2656 5855 superior.
2689 5780 2906 5839 Rusius.
