4132 6422
478 315 619 375 1815

1930 294 2257 381 emensis

3611 330 3749 389 1816

477 444 630 509 p'nm
690 446 885 508 report,
930 437 1203 511 iguatium
1236 436 1359 498 dico
1397 437 1710 515 episcopum
1751 443 2030 499 Antiochia

2159 445 2233 499 ait
2258 457 2274 499 :
2300 445 2422 508 Ave,
2441 446 2618 515 gratia
2646 444 2821 516 plena,
2847 445 2990 515 quod
3012 444 3061 514 (i
3075 445 3133 515 7)
3145 437 3330 501 erm
3348 443 3750 517 dicitur,~uexa-

479 535 603 600 post
632 528 852 584 Petrum
879 534 1199 598 secundum,
1222 535 1314 602 qui
1363 535 1418 589 itt
1466 536 1845 605 persecutione
1876 533 2063 592 Romae

2168 533 2462 609 ριτωμένη,
2498 537 2588 592 ubi
2642 538 2695 592 in
2727 532 3026 608 Scripturis
3069 538 3201 593 alibi
3240 538 3462 606 legerim
3507 551 3615 593 non
3662 556 3750 595 re-

482 622 741 693 pugnavit
762 620 828 676 ad
862 620 1105 678 bestias:
1141 621 1446 695 Pt-inclpem
1491 626 1676 682 saeculi
1710 626 1874 696 lmjus
1906 627 2061 682 latuit
2163 632 2399 699 ent-dor;
2433 631 2527 686 sed
2563 644 2738 700 neque
2767 630 2833 685 sd
2872 630 3050 685 virum
3078 622 3388 684 istiusmodi
3429 644 3612 685 sermo
3638 639 3745 694 est.

480 713 767 782 virginitas
800 708 983 768 Maria:
1008 731 1022 769 :
1048 706 1205 769 latuit
1227 725 1444 787 propter
1475 713 1676 787 Ioseph
1711 735 1724 772 :
1753 717 1917 772 latuit
1937 734 2063 787 pro-

479 807 598 874 pter
626 807 841 878 nuptias
870 827 883 863 :
920 801 1081 863 latuit
1109 807 1241 878 quia
1283 807 1462 863 virum
1501 810 1701 864 habere
1737 811 2052 880 putabatur.

481 889 538 952 Si
574 891 717 953 enim
750 907 858 953 non
913 898 1195 955 habuisset
1225 913 1509 968 sponsum,
1554 908 1610 955 et
1646 910 1706 955 ut
1743 904 2055 971 putabatur,

431 980 445 1063 ξ
481 985 683 1049 virum,
712 997 1055 1058 nequaquam
1086 990 1355 1059 potuisset
1403 991 1632 1061 principi
1679 990 1869 1048 mundi
1893 992 2056 1063 hujus

429 1050 445 1104 ί
473 1079 756 1136 abscondi.
791 1050 985 1137 Statim
1022 1050 1165 1138 enim
1197 1050 1454 1155 cogitatio
1493 1050 1693 1139 diaboli
1728 1086 1889 1141 tacita
1925 1050 2056 1143 sub;

469 1165 769 1241 repsisset:
818 1175 1095 1244 quomodo
1138 1174 1262 1238 ista,
1292 1190 1413 1244 qua:
1453 1189 1563 1230 non
1603 1176 1897 1232 concubuit
1927 1186 2051 1233 cum

466 1260 611 1333 viro,
642 1276 930 1337 pregnans
952 1264 1077 1323 est?
1133 1261 1299 1323 Debet
1338 1268 1441 1323 iste
1493 1277 1790 1338 conceptus
1821 1284 1944 1326 esse
1968 1270 2053 1324 di-

466 1348 651 1418 vinus,
681 1350 841 1411 debet
861 1357 1066 1427 aliquid
1100 1358 1337 1412 humana
1363 1368 1559 1414 natura
1585 1374 1706 1416 esse
1738 1360 2047 1416 sublimius.

470 1437 791 1503 Econtrario
842 1445 1189 1518 diSposuerat
1240 1448 1527 1514 Salvator,
1586 1451 2048 1521 dispensationem

467 1547 624 1592 suam
654 1547 709 1593 et
731 1540 1158 1609 assumptionem
1182 1540 1427 1610 corporis
1453 1541 1702 1613 ignorare
1729 1542 2044 1599 diabolum:

466 1629 611 1683 ttnde
643 1636 697 1684 et
738 1630 790 1684 in
818 1632 1167 1702 generatione
1198 1644 1297 1688 sua
1337 1633 1533 1689 celavit
1588 1649 1742 1705 eam;
1794 1645 1848 1691 et
1880 1636 2048 1690 disci-

463 1716 607 1789 pulis
649 1727 833 1790 postea
887 1716 1255 1792 prtecipiebat,
1300 1740 1366 1779 ne
1424 1724 1775 1782 manifestum
1800 1740 1924 1781 eum
1959 1727 2044 1783 la-

462 1816 666 1867 cerent.
693 1805 757 1868 Et
783 1824 907 1869 eum
939 1812 1007 1869 ab
1035 1814 1154 1885 ἰρςο
1182 1810 1399 1871 diabolo
1424 1823 1740 1881 tentaretur,
1768 1829 2037 1888 nusquam

461 1901 748 1958 confessus
774 1914 856 1958 est
892 1903 984 1958 Dei
1013 1920 1071 1959 se
1099 1919 1220 1960 esse
1253 1905 1475 1970 Filium,
1519 1907 1612 1961 sed
1662 1909 2041 1964 tantummodo

459 1991 824 2063 respondebat
849 2012 867 2050 :
888 1992 1004 2049 Non
1035 2005 1250 2065 oportet
1276 2007 1336 2052 ut
1368 1997 1588 2052 adorem
1618 2004 1690 2062 te,
1728 2012 1828 2054 nec
1862 2009 1921 2054 ut
1955 2001 2040 2055 la~

457 2080 617 2157 pides
649 2086 785 2142 istos
838 2097 1006 2157 panes
1054 2085 1274 2150 iaciam,
1327 2097 1385 2141 ttt
1417 2102 1505 2143 me
1533 2087 1599 2142 de
1651 2089 1760 2143 alto
1789 2090 2038 2160 praecipi-

462 2172 658 2232 tem".
701 2170 915 2234 Etcum
952 2173 1054 2233 ista
1098 2172 1322 2244 diceret,
1355 2179 1525 2233 tacuit
1571 2191 1785 2249 semper
1834 2197 1894 2236 se
1916 2196 2039 2237 esse

456 2257 658 2322 Filium
692 2269 810 2325 Dei.
847 2269 1039 2338 Quazre
1072 2274 1126 2326 et
1152 2270 1204 2324 in
1252 2270 1356 2323 alia
1383 2266 1687 2338 Scriptura,
1711 2280 1764 2325 et
1797 2271 2037 2341 reperies

453 2358 759 2416 Voluntatis
781 2358 985 2417 Christi
1014 2361 1205 2425 fuisse,
1242 2370 1303 2417 ut
1331 2361 1623 2417 adventum
1651 2361 1771 2417 Filii
1805 2362 1894 2418 Dei
1918 2363 2036 2418 dia-

456 2446 624 2505 boitts‘
670 2449 962 2521 ignoraret.
1010 2450 1306 2523 Apostolus
1363 2451 1511 2506 enim
1569 2453 1879 2524 passionem
1915 2454 2037 2524 ejus

453 2550 707 2599 esserens
759 2540 1023 2601 nesciisse
1055 2547 1361 2604 contrarias
1402 2541 1769 2610 fortitudines,
1804 2548 1881 2603 ait
1922 2549 2031 2604 ’νς

455 2631 789 2703 Sapientiam
814 2636 1081 2707 loquimur
1108 2636 1249 2691 inter
1280 2640 1556 2709 perfectos.
1591 2636 1921 2707 Sapientiam
1943 2656 2035 2694 au-

453 2727 557 2779 tem
586 2739 690 2778 non
721 2722 909 2779 s’a'culi
952 2725 1132 2795 hujus,
1174 2737 1336 2797 neque
1374 2728 1676 2798 principum
1728 2729 1913 2782 σατυΙὶ
1939 2728 2036 2782 Itu-

441 2806 537 2887 jus
560 2813 657 2885 qui
675 2812 1066 2883 destruantur;
1098 2817 1188 2872 sed
1216 2818 1483 2888 (equitnm-
1511 2814 1610 2874 Dei
1641 2818 1954 2890 sapientiam
1974 2824 2031 2876 in

449 2906 705 2976 tnysterio
736 2903 1124 2973 nﬁsconditam,
1152 2926 1311 2980 quam
1346 2910 1527 2965 nullus
1550 2905 1849 2982 principum
1871 2914 2028 2984 hujus

448 2996 635 3053 seaculi
681 3000 945 3070 cognorit.
1006 2997 1065 3054 Si
1106 3001 1246 3054 enim
1308 3002 1706 3071 cognovissent,
1756 3020 2028 3076 nunquam

2163 716 2337 780 Salve,
2368 718 2546 788 gratia
2580 717 2755 787 plena.
2790 715 2903 771 Soli
2940 716 3123 771 Mariae
3184 716 3301 772 haec
3341 717 3603 772 salutatio
3630 734 3748 773 ser-

2159 816 2337 862 vatur.
2369 807 2424 862 Si
2456 808 2600 862 enim
2638 809 2833 864 scisset
2861 806 3031 863 Maria
3064 816 3119 863 et
3141 808 3208 863 ad
3240 808 3408 864 alium
3433 810 3743 879 quempiam

2160 900 2396 955 similem
2433 899 2637 956 laetum
2688 916 2811 957 esse
2870 916 3204 968 sermonem,
3261 901 3498 957 habebat
3543 903 3745 974 quippe

2159 989 2294 1060 legis
2328 990 2636 1058 scientiam,
2664 1002 2720 1047 et
2749 999 2870 1046 erat
2892 1005 3102 1057 sancta,
3132 1000 3186 1047 et
3222 992 3608 1062 prophetarum
3643 1010 3742 1049 va-

2157 1079 2346 1135 ticinia
2397 1079 2717 1153 quotidiana
2770 1079 3127 1137 mcditatione
3175 1089 3533 1152 cognoverat,
3596 1099 3742 1139 nun-

2153 1186 2320 1241 quam
2374 1170 2533 1242 quasi
2593 1172 2880 1243 peregrina
2930 1187 3051 1227 eam
3113 1172 3376 1229 salutatio
3431 1174 3741 1230 terruisset.

2153 1258 2382 1330 Propter
2403 1260 2547 1331 quod
2569 1261 2811 1330 loquitur
2840 1262 2889 1317 ei
2921 1262 3190 1333 angelus:
3227 1261 3310 1318 Nc
3369 1264 3583 1331 timeas,
3615 1265 3741 1319 Ma-

2153 1353 2257 1418 ria,
2296 1354 2545 1408 invenisti
2592 1353 2734 1408 enim
2783 1356 3012 1425 gratiam
3060 1371 3242 1409 coram
3294 1355 3543 1410 Domino.
3600 1354 3739 1412 Ecce

2151 1444 2411 1513 concipies
2443 1445 2499 1498 in
2530 1454 2701 1508 utero,
2743 1455 2792 1500 et
2840 1447 3014 1514 paries
3044 1446 3243 1516 filium,
3276 1456 3327 1501 et
3379 1446 3587 1501 vocabis
3645 1463 3737 1501 no-

2148 1552 2266 1590 men
2298 1536 2413 1605 ejus
2438 1535 2645 1591 Iesum.
2683 1536 2741 1592 Is
2767 1538 2868 1592 erit
2895 1554 3140 1609 magnus,
3175 1549 3225 1593 et
3254 1538 3430 1596 Filius
3463 1539 3733 1594 Altissims'

2147 1626 2439 1681 vocabitur.
2465 1626 2675 1681 Dicitur
2694 1638 2749 1682 et
2779 1627 2847 1683 de
2870 1626 3099 1696 Joanne,
3124 1630 3225 1683 erit
3253 1645 3479 1700 magnus
3503 1647 3523 1685 :
3550 1640 3606 1686 et
3625 1631 3733 1687 hoe

2147 1717 2325 1787 ipsum
2388 1717 2608 1774 Gabriel
2663 1719 2889 1790 angelus
2932 1729 3307 1788 contestatur;
3366 1722 3459 1777 sed
3503 1722 3728 1791 quando

2145 1810 2292 1865 venit
2333 1808 2495 1866 Jesus
2539 1826 2664 1867 vere
2720 1827 2980 1883 magnus,
3027 1829 3155 1868 vere
3200 1814 3470 1874 sublimis,
3503 1813 3594 1869 ille
3630 1815 3727 1883 qui

2144 1902 2294 1971 prius
2324 1919 2558 1973 magnus
2590 1906 2790 1971 fuerat,
2840 1905 3022 1960 minor
3046 1905 3271 1961 effectus
3298 1914 3402 1962 est.
3434 1906 3527 1962 Ille
3552 1905 3725 1971 enim,

2144 1992 2327 2065 inquit
2355 1995 2424 2060 δι,
2463 1995 2567 2051 fuit
2590 1997 2809 2052 lucerna
2842 1997 3039 2053 ardens
3067 2008 3122 2052 et
3152 1998 3362 2061 lucens,
3403 2006 3459 2052 et
3502 2015 3600 2056 vos
3628 2015 3726 2056 vo-

2141 2082 2321 2139 luistis
2356 2084 2422 2139 ad
2461 2084 2651 2139 horam
2682 2086 2962 2141 exsultare
2987 2086 3041 2141 in
3087 2086 3296 2142 lumine
3329 2088 3470 2157 ejus.
3512 2088 3722 2160 Magni-

2138 2174 2272 2231 tudo
2303 2174 2600 2233 Salvatoris
2634 2178 2807 2233 nostri
2856 2193 2962 2232 non
3022 2189 3153 2233 tunc
3208 2181 3457 2249 apparuit
3504 2182 3726 2251 quando

2138 2274 2302 2322 natus
2333 2276 2449 2332 est;
2476 2268 2569 2322 sed
2612 2282 2758 2322 nunc
2816 2277 3105 2343 postquam
3133 2283 3395 2339 oppressa
3428 2271 3497 2325 ab
3524 2273 3720 2327 advero

2137 2356 2300 2412 sariis
2328 2356 2637 2423 videbatur,
2662 2357 2907 2412 emicuit.
2950 2354 3079 2412 Vide
3133 2359 3562 2429 magnitudinetu
3610 2354 3717 2415 Do-

2135 2448 2270 2502 mini
2306 2466 2320 2502 :
2362 2446 2419 2501 In
2475 2463 2695 2505 omnem
2747 2456 2948 2502 terram
3004 2449 3174 2503 exivit
3237 2464 3412 2506 sonus
3457 2450 3718 2507 doctrinm

2134 2539 2276 2609 ejus,
2311 2548 2366 2594 et
2397 2539 2452 2593 iu
2486 2540 2623 2594 lines
2645 2538 2800 2594 orbis
2826 2550 3092 2594 terrarum
3122 2540 3287 2595 verba
3312 2540 3460 2595 illius
3482 2540 3551 2594 ⁸⁸.
3612 2539 3722 2596 ῡοο

2134 2632 2318 2687 minus
2348 2640 2534 2687 noster
2557 2629 2740 2695 lcsus,
2790 2632 2884 2701 qui
2919 2632 3094 2688 virtus
3120 2640 3206 2688 est
3261 2633 3374 2704 (18)
3417 2632 3511 2689 Dei
3551 2634 3620 2697 ⁸⁸,
3654 2634 3716 2689 in

2132 2738 2350 2778 omnem
2385 2722 2616 2778 dill'usus
2645 2730 2731 2778 est
2755 2723 2965 2790 orbem,
2991 2733 3046 2778 et
3081 2723 3569 2794 impraesentiarum
3600 2740 3703 2780 ηοα

2133 2812 2342 2871 biscum
2375 2825 2479 2879 est,
2503 2815 2659 2884 juxta
2713 2814 2846 2868 illud
2897 2815 3042 2884 quod
3087 2815 3141 2869 in
3191 2816 3715 2888 Apostololcgitur:

2130 2908 2472 2978 Congregatis
2506 2907 2650 2962 vobis
2686 2917 2738 2961 et
2782 2907 2982 2977 spiritu
3033 2923 3146 2962 meo
3203 2925 3324 2963 cum
3365 2910 3559 2964 uirtute
3608 2910 3718 2963 Do-

2129 3000 2263 3054 mini
2294 3000 2462 3054 nostri
2482 2998 2613 3053 Jcsu
2642 2998 2849 3055 Christi
2871 2999 2940 3052 ⁸⁸.
2972 2998 3160 3055 Virtus
3204 2999 3416 3054 Domini
3466 3000 3707 3056 Salvato-

446 3085 739 3143 Do‘min'um
778 3090 965 3160 gloria:
996 3091 1408 3160 cruciﬁxissent.
1450 3093 1841 3148 Absconditum
1864 3095 2031 3166 igitur
2057 3108 2099 3167 ο
2133 3090 2211 3145 ris
2231 3098 2287 3146 et
2318 3098 2442 3144 cum
2480 3090 2565 3144 his
2595 3098 2698 3152 est,
2732 3089 2827 3160 qui
2857 3088 2925 3144 ab
2959 3089 3092 3144 orbe
3128 3098 3317 3144 nostro
3346 3089 3400 3143 in
3431 3089 3711 3145 Britannia

446 3176 556 3235 fuit
611 3195 641 3235 a
695 3181 1037 3252 principlbus
1089 3183 1275 3238 saeculi
1329 3185 1648 3255 mysterium
1702 3184 2022 3244 Salvatoris.

446 3269 605 3340 Quod
656 3275 839 3326 autem
894 3260 1205 3328 econtrarlo
1259 3273 1420 3343 objici
1451 3284 1646 3346 potest,
1703 3277 2024 3334 solvendum

447 3356 838 3418 mihi‘videtur‘
887 3368 1180 3434 antequam
1234 3365 1304 3421 ab
1356 3365 1464 3421 alio
1515 3373 1882 3438 praeponatur,
1916 3383 2025 3440 qua

446 3454 659 3510 ratione
685 3456 829 3525 quod
890 3456 1166 3528 principes
1194 3451 1360 3527 hujus
1404 3460 1589 3515 saeculi
1621 3460 1798 3526 latuit,
1822 3462 2026 3517 dtemo-

442 3556 568 3601 ttem
592 3557 699 3601 non
742 3542 918 3614 latuit,
942 3561 1067 3602 eum
1096 3549 1397 3618 prmscrtim
1429 3550 1519 3621 qui
1547 3551 1601 3605 in
1630 3550 1921 3623 Evangelia
1944 3554 2026 3609 lo-

441 3636 713 3707 quebatur
746 3655 761 3691 :
815 3637 1016 3693 Venisti
1068 3648 1190 3693 ante
1228 3644 1426 3708 tempus
1487 3651 1726 3712 torquere
1762 3656 1878 3711 nos,
1913 3646 2021 3700 sci-

442 3737 560 3781 ntus
593 3723 651 3782 te
666 3722 794 3799 quia
822 3728 895 3781 sis
934 3726 1107 3782 Filius
1163 3728 1264 3783 Dei
1301 3724 1370 3784 “.
1404 3728 1508 3784 Sed
1537 3730 1846 3797 considera,
1886 3732 2018 3804 quia

442 3818 625 3873 minor
646 3819 700 3872 in
730 3815 936 3874 malitia
968 3820 1182 3875 noverit
1208 3818 1545 3877 Salvatorem
1571 3842 1584 3878 :
1618 3823 1712 3894 qui
1743 3834 1870 3878 vero
1906 3839 2022 3879 ma-

435 3904 530 3981 jor
565 3919 647 3967 est
679 3911 732 3965 lu
774 3911 1000 3978 scelere,
1028 3919 1083 3967 et
1116 3912 1445 3983 versipellis,
1480 3918 1535 3968 et
1563 3925 1822 3983 nequam,
1855 3928 1924 3968 ex
1954 3928 2021 3970 eo

440 3999 583 4074 ipso,
640 4004 784 4071 quod
840 4004 894 4059 in
937 4004 1083 4059 malo
1136 4004 1313 4075 major
1366 4005 1533 4076 939
1581 4014 1687 4073 est,
1732 4006 2022 4076 impeditur

440 4111 607 4152 nosse
632 4096 671 4152 F
677 4096 837 4152 ilium
886 4097 1004 4153 Dei.
1038 4095 1151 4154 Nos
1180 4112 1398 4168 quoque
1431 4097 1558 4167 ipsi,
1613 4097 1659 4153 si
1708 4097 1890 4153 minus
1920 4099 2020 4153 ba-

435 4180 723 4244 bucrimus
754 4188 906 4255 mali,
934 4188 1154 4245 facilius
1178 4203 1473 4259 possumus
1504 4189 1572 4243 ad
1600 4189 1852 4245 virtutem
1885 4204 2018 4260 pro-

2127 3182 2465 3248 dividuntur,
2507 3189 2563 3236 et
2608 3196 2733 3235 cum
2770 3180 2855 3235 his
2886 3181 2978 3251 qui
3011 3182 3062 3235 in
3105 3180 3454 3247 Mauritania,
3499 3189 3553 3236 et
3585 3197 3710 3238 cum

2127 3273 2398 3328 universis
2432 3271 2525 3341 qui
2552 3271 2655 3327 sub
2690 3271 2807 3327 sole
2834 3272 2888 3325 in
2915 3271 3137 3326 nomine
3181 3273 3301 3341 ejus
3341 3272 3711 3328 crediderunt.

2126 3360 2263 3419 Vide
2310 3377 2440 3434 ergo
2488 3360 2919 3433 magnitudinem
2957 3359 3280 3425 Salvatoris,
3334 3362 3611 3431 quomodo
3651 3362 3703 3417 is

2126 3464 2242 3510 toto
2273 3456 2406 3511 orbe
2430 3454 2628 3510 diil'usa
2683 3454 2776 3520 sit,
2833 3462 2888 3508 et
2925 3462 3070 3508 certe
3108 3451 3337 3508 necdum
3377 3452 3498 3521 ejus
3521 3468 3705 3509 verarn

2124 3548 2556 3619 magnitudinem
2586 3546 2837 3616 exposui.
2873 3543 3123 3600 Ascende
3153 3544 3208 3597 in
3238 3544 3430 3607 caelos,
3479 3552 3533 3597 et
3584 3545 3702 3600 vide

2124 3654 2275 3707 eum,
2304 3641 2581 3711 quomodo
2606 3639 2851 3695 coelestia
2899 3639 3205 3709 repleverit.
3241 3639 3506 3709 Apparuit
3532 3639 3707 3709 siquis

2118 3736 2245 3790 dem
2276 3733 2505 3804 angelis.
2549 3730 2826 3786 Descende
2872 3730 3202 3801 cogitatione
3250 3730 3306 3784 in
3361 3730 3614 3801 abyssos,
3648 3740 3706 3786 et

2120 3825 2336 3880 videbis
2383 3837 2509 3879 cum
2566 3821 2730 3875 etiam
2785 3820 2915 3876 illuc
2968 3820 3336 3877 descendisse.
3399 3819 3506 3886 Qui
3562 3821 3701 3877 enim

2119 3915 2405 3978 descendit,
2435 3914 2546 3982 ipse
2562 3921 2641 3967 est
2662 3920 2712 3966 et
2735 3911 2826 3982 qui
2855 3912 3116 3974 ascendit,
3145 3922 3201 3965 ut
3231 3911 3469 3979 impleret
3499 3913 3699 3978 omnia,

2118 4019 2177 4061 ut
2206 4007 2259 4059 in
2296 4004 2507 4059 nomine
2547 3999 2677 4056 Iesu
2711 4016 2864 4055 onme
2894 4018 3029 4072 genu
3077 4002 3350 4070 ﬂectatur,
3388 4002 3700 4069 ctelestium,

2120 4094 2455 4154 terrestrium
2502 4106 2552 4150 et
2605 4094 2934 4164 infernarum
2982 4094 3049 4146 ⁸⁸.
3101 4092 3700 4150 Considera-virtutem

2118 4191 2358 4256 Domini,
2391 4189 2538 4261 quod
2574 4187 2881 4258 impleverit
2923 4187 3214 4251 mundum,
3244 4186 3296 4241 id
3326 4194 3411 4241 est
3433 4185 3699 4251 coelestia,

434 4277 650 4335 cedere.
689 4279 746 4335 Si
779 4293 911 4335 vero
945 4280 1122 4352 magis
1152 4280 1207 4334 in
1238 4280 1398 4336 nobis
1429 4279 1594 4337 fuerit
1622 4281 1772 4346 mali,
1809 4281 2014 4353 ingenti
2115 4281 2416 4345 terrestria,
2445 4288 2499 4334 et
2529 4275 2838 4342 infernalia,
2898 4277 3174 4347 quomodo
3209 4288 3263 4331 et
3283 4277 3483 4331 coelum
3520 4276 3701 4347 ipsum

435 4363 625 4425 labore
651 4370 959 4426 sudandum
989 4376 1095 4437 est,
1135 4377 1195 4425 ut
1226 4370 1423 4440 majori
1461 4373 1664 4428 malitia
1691 4374 2009 4433 liberemur.

434 4455 562 4515 ηερε
590 4460 659 4516 de
699 4475 765 4515 eo
799 4461 946 4530 quod
974 4477 1233 4531 sponsum
1266 4463 1516 4518 habuerit
1541 4463 1731 4522 Maria.

509 4548 624 4620 (16)
655 4549 797 4617 Quia
825 4564 959 4604 vero
992 4551 1219 4622 angelus
1284 4567 1427 4607 novo
1481 4568 1734 4613 sermone
1782 4554 2010 4611 Mariam

434 4640 715 4706 salutavit,
750 4653 918 4712 quem
949 4641 1002 4697 in
1027 4644 1175 4697 omni
1202 4640 1480 4713 Scriptura
1505 4645 1747 4702 invenire
1778 4664 1885 4702 non
1914 4664 2014 4719 po-

436 4732 539 4801 tui,
571 4741 629 4789 et
655 4733 725 4793 de
751 4735 860 4790 hoc.
881 4749 1056 4804 pauca
1109 4732 1336 4791 dicenda
1361 4744 1493 4791 sunt
1563 4735 1616 4792 td
1672 4738 1817 4794 enim
1866 4741 2009 4811 quod

496 4843 542 4883 τ’
579 4846 771 4907 Matth.
802 4858 876 4902 tv.
953 4846 1024 4880 ⁷⁸⁸
1061 4844 1233 4902 lCor.
1265 4862 1327 4915 ll,
1357 4848 1477 4905 6-8.
1552 4850 1602 4882 ”
1630 4850 1820 4906 Matth.
1863 4869 1983 4922 vnt,
2025 4861 2030 4909 ‘.

496 4912 614 4977 Cor.
646 4932 686 4982 ι,
744 4918 831 4975 18.
907 4918 957 4952 ⁸⁵
994 4917 1014 4972 Σ
1043 4917 1171 4973 Cor.
1197 4932 1250 4982 ν,
1272 4919 1326 4973 4.
1436 4920 1481 4952 ⁸⁸
1514 4919 1712 4982 Ephes.
1746 4938 1822 4982 tv.
1847 4924 1935 4980 t0.

2194 4856 2238 4888 ‘“
2270 4853 2430 4910 Joan.
2455 4870 2510 4919 v,
2538 4852 2631 4909 ὃὸ.

2130 4925 2280 4982 llebr.
2314 4941 2389 4982 tv.
2412 4924 2468 4978 4.

2163 4941 2280 4982 cur.
2314 4941 2389 4991 tv,
2412 4941 2468 4978 ο.

430 4911 453 4974 1
485 4912 614 4977 Cor.
646 4932 686 4988 ι,
744 4918 831 4975 18.
907 4918 957 4952 ⁸⁵
994 4917 1014 4972 Σ
1043 4917 1171 4973 Cor.
1197 4932 1250 4983 ν,
1272 4911 1326 4973 4.
1436 4920 1481 4952 ⁸⁸
1514 4919 1712 4991 Ephes.
1746 4938 1822 4989 tv,
1847 4924 1935 4980 ω.

528 5034 615 5101 16)
656 5033 882 5089 δειιθὼη
903 5034 1089 5089 Grabii
1118 5043 1173 5090 et
1195 5033 1505 5091 Combciisii
1539 5052 1553 5089 :
1591 5032 1752 5101 Ξένος
1782 5039 1811 5091 ὀ
1831 5037 2008 5093 ἀσπαο

432 5103 570 5177 σμθὺς
594 5105 957 5229 τὲἓπαρθινῳ,
981 5103 1216 5175 οὐδαμοῦ
1240 5106 1338 5174 τῆς
1362 5106 1579 5178 Γιραφῆς
1599 5109 2007 5179 εὑρισκόμενος,

432 5176 600 5229 ταύτή
723 5175 857 5229 μόνη
886 5175 1223 5229 ’πηρούμενος
1243 5191 1257 5206 ⁸
1275 5174 1471 5229 Χαῖοε.
1495 5179 1954 5229 xeniola-amem)-
1976 5183 2007 5229 d

427 5174 602 5248 essen
630 5174 687 5229 δὲ
722 5174 858 5248 μόνῃ
886 5174 1223 5248 inpediunt);
1243 5191 1257 5206 °
1275 5174 1471 5244 Χαῖρε,
1495 5174 1954 5248 κὲχαριτωμέιηι,
1970 5174 2010 5233 γὸ

428 5237 647 5331 Κιῖρῷς
662 5237 814 5328 μέτά
830 5237 989 5331 ἐτ
1009 5237 1159 5331 Νιῖηξο
1181 5237 1713 5331 sermonssalutat'ur
1736 5237 1903 5331 uirgo,

430 5313 621 5371 nullibi
666 5317 721 5369 in
760 5316 903 5369 omni
949 5313 1232 5385 Scriptura
1270 5318 1561 5387 reperitur,
1613 5318 1704 5371 sed
1740 5313 1861 5372 huic
1889 5313 2006 5373 soli

427 5396 669 5440 seruatur
686 5396 705 5439 :
720 5387 851 5448 Ave,
871 5387 1042 5456 gratia
1062 5387 1243 5455 plena,
1268 5387 1531 5442 Dominus
1559 5396 1761 5443 tecum.
1783 5388 2001 5443 “Udi-US.

498 5456 611 5528 (l7)
653 5456 965 5528 Hieronymi
990 5492 1006 5522 ,
1042 5468 1102 5510 ut
1134 5473 1294 5514 nemo
1340 5473 1447 5512 non
1480 5460 1677 5523 sentit,
1726 5460 2007 5514 adnotatio

430 5527 545 5581 haec
585 5535 702 5589 est,
750 5534 811 5579 nt
852 5527 1028 5595 ipsum
1076 5528 1421 5584 salutationis
1455 5527 1701 5582 Graecum
1739 5530 1965 5583 verbum
1991 5568 2006 5593 ,

427 5596 882 5716 κεχαριτωίιένη,
946 5597 1093 5664 quod
1147 5599 1308 5722 1plane
1364 5597 1683 5653 inusitatum
1750 5596 2012 5669 Origenes

427 5667 673 5722 dixerat.
751 5666 895 5720 atine
930 5673 1113 5721 autem
1170 5684 1259 5722 ere
1289 5666 1511 5722 obvium
1537 5677 1620 5722 est
1655 5709 1668 5722 .
1706 5667 1895 5722 lectori
1928 5669 2012 5722 iu-

427 5667 639 5718 rlixerat
660 5705 673 5724 ,
703 5666 895 5720 Latine
930 5673 1113 5721 autem
1149 5666 1259 5723 fere
1289 5666 1511 5724 obvium
1537 5677 1620 5725 est
1655 5709 1668 5734 ,
1706 5666 1895 5725 lectori
1928 5669 2012 5725 in-

429 5742 737 5789 notesceret

2116 4372 2499 4447 penetraverit,
2537 4378 2592 4426 et
2648 4370 2703 4423 in
2759 4383 2996 4439 superna
3056 4367 3382 4424 ascenderit.
3444 4365 3701 4443 Legimus

2045 4445 2091 4502 θ
2118 4445 2264 4524 enim
2296 4468 2364 4534 ⁸⁸,
2387 4463 2530 4538 quod
2566 4459 2943 4537 pertransicrit
2963 4461 3133 4521 caelos
3154 4462 3325 4521 Filius
3359 4464 3472 4520 Dei.
3501 4466 3558 4519 Si
3586 4466 3697 4520 haec

2117 4561 2344 4625 videris,
2380 4558 2586 4631 pariter
2620 4552 2918 4612 intueberis
2954 4572 3062 4612 non
3101 4555 3413 4613 transitorle
3441 4557 3646 4612 dictum
3676 4576 3694 4612 :

2120 4649 2350 4722 Magnus
2394 4651 2534 4716 erit;
2571 4648 2666 4705 sed
2695 4648 2921 4703 verbum
2982 4663 3149 4718 opere
3200 4648 3553 4718 completum.
3584 4645 3696 4700 Ma-

2118 4756 2260 4817 gnus
2300 4751 2388 4800 est
2424 4736 2693 4798 Dominus
2732 4749 2919 4795 noster
2976 4737 3158 4804 Jesus,
3218 4748 3275 4797 et
3323 4754 3584 4811 praesens,
3639 4747 3693 4790 et

2739 4851 2784 4885 ⁸⁸
2807 4845 2954 4908 Psal.
2980 4867 3134 4919 svnt,
3166 4851 3220 4907 5.
3304 4851 3351 4883 ⁸³
3371 4847 3530 4903 Rom.
3566 4862 3603 4910 t,
3625 4843 3691 4908 ιε

2190 5039 2302 5110 (l8)
2344 5036 2548 5111 Legere
2591 5034 2811 5111 malim,
2840 5050 2946 5107 qua
2974 5037 3142 5111 virtus
3173 5040 3280 5111 est,
3318 5036 3376 5084 ut
3411 5027 3459 5083 ei
3510 5026 3689 5111 mani-

2120 5097 2313 5165 festius
2343 5097 2644 5178 opinationi
2677 5097 3015 5178 opponatur,
3058 5106 3144 5159 eui
3188 5100 3472 5169 Origenem
3503 5097 3688 5178 adlisa.

2098 5182 2260 5236 ‘sisse
2321 5169 2957 5248 Génebrardus'aliique
2999 5169 3074 5248 ζει
3127 5178 3356 5227 tractatu
3409 5183 3593 5248 sunt:
3634 5169 3688 5248 in

2120 5249 2432 5304 Mattlueum
2463 5246 2846 5319 criminantur,
2869 5237 3014 5319 quod
3045 5255 3238 5319 nett_tpe
3270 5239 3503 5319 senserit
3531 5237 3693 5294 Chria

2118 5332 2285 5386 stum,
2320 5335 2427 5388 qua
2450 5318 2701 5373 Christus
2729 5312 2838 5379 est,
2867 5312 2980 5371 sive
3009 5329 3117 5388 qua
3144 5312 3537 5388 humanitatem
3560 5324 3693 5388 icor-

2106 5378 2285 5463 poreis
2304 5378 2677 5463 usurpandum
2702 5378 2876 5463 oculis
2901 5378 3373 5463 pum-regnumque
3401 5378 3685 5463 exsistere.

2107 5453 2207 5530 llic
2229 5453 2509 5514 eninwdro
2536 5453 3041 5530 Adatnau‘tius’soli
3057 5453 3360 5506 divinitatis
3383 5453 3683 5530 praesentiu-

2109 5528 2213 5585 hoc
2246 5530 2472 5601 tribuit,
2507 5526 2886 5601 acverissime
2914 5523 3194 5601 Clu-istum
3240 5535 3347 5589 qua
3375 5519 3487 5601 .Dei
3513 5519 3681 5573 virtus

2111 5610 2215 5663 est,
2244 5599 2294 5653 in
2322 5613 2538 5653 Olllllt‘m
2570 5597 2828 5651 ditl‘usum
2859 5609 2981 5650 esse
3009 5593 3535 5663 orbem,omniaque
3564 5603 3681 5657 pcr-

2114 5660 2308 5726 vadcrc
2330 5678 2518 5733 docet,
2547 5666 2812 5735 celestis,
2844 5665 3119 5723 terrestria
3148 5671 3314 5733 atque
3344 5660 3577 5715 interna.
