4132 6484
463 369 598 426 1817

1668 364 1738 423 IN
1776 365 2010 425 LUCAM
2048 362 2330 420 lIOMILIA
2370 360 2484 421 VII.

3586 370 3727 428 iSIS

462 495 683 548 absens.
715 485 1014 556 tribuitque
1038 484 1376 541 consortium
1403 483 1740 539 fortitudinis
1764 498 1878 539 ειιιε
1907 482 2033 537 huic
2064 484 2109 541 A
2137 482 2315 552 infans
2340 485 2394 535 in
2417 492 2564 536 utero
2597 481 2886 546 Elisabeﬁt,
2917 491 2968 537 et
3012 483 3210 554 repleta
3245 492 3332 539 est
3364 484 3570 555 Spiritu
3592 504 3722 543 san—

456 575 622 633 (εαξιυὶ
645 586 834 631 nostro
864 586 1027 646 atque
1054 577 1384 630 conventui:
1448 573 1592 645 quod
1633 584 1692 629 ut
1741 585 1793 630 et
1835 575 2033 645 singuli

456 683 768 727 mereamur
794 672 1064 742 accipere,
1106 670 1463 740 deprecemur
1505 669 1796 724 Dominum
1838 667 2035 736 Deum,

459 762 542 818 cui
576 770 660 817 est
684 762 854 834 gloria
903 770 959 819 et
1005 757 1294 834 imperium
1343 762 1398 817 in
1430 762 1628 818 saecula
1681 764 2033 818 saeculorum.

416 813 429 909 ξ
462 851 650 908 Amen.

1013 960 1297 1021 IIOMlLIA
1355 963 1465 1022 VII.

452 1077 532 1133 De
556 1094 615 1132 eo
648 1078 789 1149 quod
808 1078 1067 1147 scriptum
1102 1087 1178 1132 est
1207 1094 1226 1132 :
1261 1099 1279 1129 ι
1314 1077 1618 1149 Exsurgens
1647 1090 1823 1132 autem
1855 1079 2033 1134 Maria

518 1164 641 1219 eum
671 1150 1013 1219 festinatione
1038 1150 1172 1219 venit
1198 1149 1251 1200 in
1277 1158 1583 1211 montana,»
1614 1165 1778 1219 usque
1810 1152 1878 1203 ad
1912 1167 2031 1203 eam

516 1217 693 1291 locum
741 1218 831 1272 ubi
873 1219 949 1291 ait
978 1233 997 1271 :
1058 1236 1077 1269 ι
1110 1218 1224 1272 Erit
1278 1220 1665 1274 consummatio
1692 1217 1885 1274 eorum
1915 1236 2033 1291 quat

517 1284 661 1342 dicta
691 1297 867 1343 sunt.»
904 1287 1039 1357 Cap.
1073 1303 1116 1342 ι.

518 1397 769 1455 Meliores
807 1398 873 1455 ad
906 1400 1210 1474 deteriores
1232 1401 1478 1466 veniunt,
1507 1409 1567 1455 ιιι
1588 1401 1668 1457 eis
1700 1416 1764 1456 ex
1791 1402 2027 1457 adventu

447 1505 551 1548 suo
594 1490 797 1562 aliquid
860 1491 1102 1547 tribuant
1145 1492 1523 1549 emolumenti.
1564 1493 1655 1549 Sic
1683 1503 1736 1549 et
1779 1494 2029 1550 Salvator

445 1582 594 1636 Venit
639 1582 704 1637 ad
727 1580 1013 1649 Joannem,
1044 1591 1102 1637 ut
1138 1584 1504 1639 sanctiticaret
1535 1585 1803 1655 baptisma
1841 1586 2026 1643 illius:

446 1683 503 1728 et
552 1672 719 1727 Maria
759 1673 937 1728 statim
990 1682 1050 1728 ut
1099 1673 1308 1728 audivit
1354 1676 1605 1745 angelum
1658 1677 2023 1743 nuntiantem,

444 1765 589 1834 quod
619 1764 930 1835 conceperit
961 1763 1295 1820 Salvatorem
1314 1807 1330 1834 ,
1360 1776 1416 1821 et
1443 1766 1589 1836 quod
1620 1777 1847 1839 cognata
1880 1769 2026 1824 illius

446 1850 722 1912 Elisabeth
764 1857 987 1911 haberet
1031 1856 1085 1911 in
1120 1864 1313 1921 utero,
1341 1873 1680 1924 consurgens
1711 1874 1834 1913 cum
1869 1859 2022 1915 festi-

444 1946 666 2002 natione
696 1948 844 2003 venit
878 1949 933 2002 in
981 1957 1266 2013 montana,
1296 1959 1349 2004 et
1393 1949 1637 2018 ingressa
1670 1959 1754 2005 est
1796 1952 2021 2007 domum

442 2031 741 2112 Elisabeth.
773 2034 932 2096 Jesus
973 2056 1123 2104 vero,
1159 2040 1254 2109 qui
1301 2040 1354 2094 in
1407 2049 1566 2096 utero
1590 2040 1737 2098 illius
1764 2051 1902 2108 erat,
1943 2042 2023 2098 fe-

442 2124 681 2183 stinabat
725 2130 905 2184 adhuc
948 2130 1001 2188 in
1033 2139 1221 2185 ventre
1252 2131 1445 2186 matris
1485 2124 1751 2187 Joannem
1783 2132 2021 2201 positum

441 2221 804 2277 sanctiﬁcare.
851 2222 1094 2294 Denique
1142 2232 1434 2293 antequam
1483 2224 1691 2281 veniret
1735 2224 1905 2280 Maria
1969 2234 2024 2282 et

440 2313 706 2368 salutaret
733 2315 1033 2381 Elisabeth,
1068 2332 1174 2371 non
1204 2317 1497 2372 exsultavit
1527 2316 1708 2373 infans
1738 2318 1793 2372 in
1824 2326 2018 2372 utero:

440 2405 535 2459 sed
569 2406 753 2460 statim
783 2416 841 2462 ut
870 2404 1037 2464 Maria
1072 2408 1249 2464 locuta
1282 2421 1365 2464 est
1394 2405 1639 2474 verbum,
1675 2412 1821 2480 quod
1850 2410 2022 2469 Filius

443 2496 535 2550 Dei
566 2496 618 2551 in
653 2506 842 2554 ventre
887 2500 1077 2555 matris
1120 2509 1486 2572 suggesserat,
1516 2502 1809 2556 exsultavit
1840 2503 2021 2559 infans

438 2579 494 2640 in
522 2586 739 2656 gaudio,
767 2596 820 2642 et
852 2598 979 2643 tunc
1011 2588 1246 2658 primum
1274 2604 1666 2658 praecursorem
1702 2604 1861 2645 suum
1897 2606 2024 2659 pro-

439 2676 657 2745 phetam
689 2676 815 2732 fecit
837 2677 1016 2734 Jesus.
1061 2678 1354 2749 Oportebat
1384 2695 1602 2751 quoque
1634 2679 1858 2735 Mariam
1892 2697 2017 2737 cum

439 2765 534 2821 Dei
568 2770 718 2838 prole
751 2769 1093 2839 dignissima.
1124 2778 1246 2840 post
1284 2770 1585 2840 alloquium
1619 2770 1735 2836 Dei,
1765 2772 1830 2825 ad
1862 2787 2021 2826 tuon-

439 2865 564 2913 tana
594 2861 959 2915 conscendere
979 2903 994 2927 ,
1033 2871 1087 2916 et
1121 2862 1173 2915 in
1221 2862 1633 2917 sublimioribus
1663 2864 2017 2920 commorari.

440 2941 593 3005 Unde
617 2958 674 3006 et
697 2951 961 3022 scriptum
992 2962 1075 3008 est
1106 2969 1119 3005 ι
1149 2952 1482 3025 Consurgens
1518 2954 1698 3009 Maria
1745 2957 1799 3009 in
1833 2955 2018 3010 diebus

434 3041 565 3105 illis,
602 3045 739 3097 venit
781 3061 836 3099 in
874 3056 1144 3099 montana.
1182 3045 1452 3101 Debuerat
1498 3049 1683 3113 etiam,
1719 3064 1844 3103 cum
1871 3058 2020 3105 esset

434 3134 687 3199 sollicita,
723 3152 828 3190 nor.
860 3137 1033 3207 pigra,
1061 3154 1350 3208 properare
1374 3140 1760 3206 sollicitudine,
1799 3152 1850 3196 et
1888 3142 2014 3211 Spi—

434 3228 540 3282 ritu
568 3237 759 3284 saneto
792 3231 949 3299 plena
992 3232 1057 3285 ad
1096 3231 1416 3287 sublimiora
1451 3233 1697 3303 perduci,
1732 3242 1787 3288 et
1814 3235 2015 3291 virtute

431 3315 528 3371 Dei
559 3321 788 3390 protegi,
823 3336 853 3375 a
882 3337 986 3389 qua
1020 3320 1196 3375 fuerat
1227 3322 1570 3377 obumbrata.
1618 3323 1766 3379 Venit
1796 3341 1919 3394 ergo
1959 3326 2014 3379 in

429 3407 697 3464 civitatem
732 3409 912 3474 οἰκίαν,
939 3422 988 3466 et
1023 3413 1077 3466 in
1106 3413 1321 3466 domum
1346 3413 1646 3480 Zaeltaritv,
1678 3426 1726 3469 et
1757 3416 2010 3471 salutavit

429 3499 728 3557 Elisabeth.
788 3502 1015 3557 Factum
1063 3514 1140 3558 est
1189 3521 1306 3558 eum
1358 3506 1593 3560 audisset
1634 3508 2012 3562 salutationem

431 3587 624 3650 Maria:
653 3593 946 3657 Elisabetlt,
974 3590 1257 3651 exsultavit
1288 3599 1465 3668 infans
1510 3600 1563 3653 in
1611 3610 1759 3655 utero
1794 3600 1930 3668 ejus,
1961 3610 2013 3655 et

428 3683 626 3752 repleta
659 3694 735 3738 est
770 3685 971 3755 Spiritu
1025 3699 1229 3743 sancto.
1277 3687 1395 3742 Non
1441 3700 1527 3744 est
1571 3689 1755 3759 itaque
1782 3691 2010 3746 dubium

427 3773 560 3841 quin
594 3789 716 3842 qua;
766 3785 895 3829 tunc
925 3777 1129 3845 repleta
1173 3785 1257 3832 est
1294 3777 1498 3846 Spiritu
1539 3788 1752 3845 sancto,
1788 3791 2012 3850 propter

429 3863 600 3917 tilium
637 3864 710 3918 sit
755 3866 978 3934 repleta.
1018 3864 1206 3935 Neque
1239 3867 1385 3922 enim
1421 3878 1593 3923 mater
1621 3869 1858 3940 primum
1890 3872 2012 3942 Spi-

428 3953 593 4008 ritum
645 3964 894 4010 sanctum
946 3957 1162 4020 meruit,
1225 3960 1319 4013 sed
1375 3976 1497 4015 cum
1546 3959 1787 4019 Joannes
1833 3966 2012 4021 adhuc

427 4043 653 4099 clausus
683 4044 737 4099 in
774 4054 931 4100 utero
964 4045 1226 4115 Spiritum
1257 4060 1504 4104 sanctum
1535 4054 1846 4123 recrpissct,
1879 4067 2010 4114 tunc

425 4143 482 4189 et
511 4136 600 4189 illa
634 4147 758 4206 post
787 4138 1272 4193 sanetitieationem
1320 4142 1413 4195 lilii
1446 4143 1648 4211 repleta
1685 4157 1768 4202 est
1800 4147 2007 4216 Spiritu

427 4233 637 4280 sancto.
668 4225 878 4281 Poteris
907 4227 1009 4282 hoc
1043 4228 1283 4292 credere,
1310 4232 1354 4285 si
1382 4232 1560 4288 simile
1585 4235 1715 4304 quid
1743 4238 1908 4291 etiam
1940 4240 2010 4294 de

428 4310 710 4371 Salvatore
749 4319 1091 4388 cognoveris.
1126 4317 1292 4391 940
1325 4321 1597 4376 Invenitur
1632 4324 1788 4381 beata
1815 4325 2007 4395 Maria,

427 4405 571 4461 sicut
620 4407 673 4459 in
726 4408 1022 4477 aliquantis
1069 4412 1471 4480 exemplaribus
1506 4414 1618 4484 (I9)
1667 4417 2005 4486 reperimus,

2138 584 2242 636 cto,
2271 585 2319 628 et
2346 575 2594 630 clamavit
2630 592 2749 628 voce
2775 591 2965 645 magna
2998 585 3046 629 et
3081 576 3221 630 dixit
3252 593 3272 632 :

2208 660 2491 719 Benedicta
2519 676 2573 719 tu
2603 668 2741 721 inter
2767 667 3035 720 mulieres.
3057 667 3331 724 Debemus
3358 671 3412 723 in
3444 670 3548 726 hoc
3572 672 3726 743 loco,

2137 771 2207 810 ne
2235 756 2512 827 simplices
2544 758 2747 829 quique
2776 759 3140 828 decipiantur,
3172 776 3243 815 ea»
3267 777 3388 829 qua:
3415 763 3593 818 solent
3621 778 3721 832 op-

2134 861 2339 917 ponere
2368 850 2628 915 hatrctici,
2660 849 2971 905 eontutare.
2998 850 3055 904 lu
3081 859 3285 905 tantam
3312 852 3511 922 quippe
3537 854 3728 908 nescio

2135 938 2260 1006 quis
2291 940 2540 1008 prorupit
2573 941 2868 1004 insaniam,
2891 951 2948 995 ut
2973 950 3245 996 assereret
3270 951 3519 1011 negatam
3550 941 3721 997 fuisse

2134 1028 2360 1084 Mariam
2396 1046 2428 1086 a
2464 1027 2770 1096 Salvatore,
2800 1048 2865 1087 eo
2887 1033 3031 1103 quod
3062 1044 3183 1102 post
3209 1033 3544 1087 nativitatem
3574 1034 3720 1089 illius

2131 1120 2322 1192 juncta
2356 1121 2521 1177 fuerit
2547 1122 2659 1193 (20)
2684 1116 2885 1194 Joseph
2915 1143 2928 1179 :
2958 1133 3012 1180 et
3040 1124 3256 1180 locutus
3283 1134 3398 1191 est,
3425 1142 3548 1196 quae
3570 1127 3719 1197 quali

2135 1221 2317 1268 mente
2366 1208 2567 1268 dixerit
2623 1214 2737 1284 ipse
2786 1215 3000 1270 noverit
3062 1215 3156 1285 qui
3218 1216 3432 1272 locutus
3488 1225 3592 1273 est.
3657 1213 3715 1271 Si

2134 1306 2358 1376 quando
2387 1305 2552 1375 igitur
2584 1307 2824 1362 lueretici
2860 1308 3014 1363 vobis
3063 1308 3169 1363 tale
3214 1309 3345 1378 quid
3391 1309 3717 1379 objecerint,

2134 1395 2456 1464 respondete
2484 1397 2584 1459 eis,
2616 1406 2671 1452 et
2695 1397 2860 1453 dicite
2887 1416 2898 1448 :
2928 1396 3089 1453 Certe
3119 1397 3323 1468 Spiritu
3349 1411 3536 1454 sancto
3560 1400 3718 1469 plena

2135 1480 2412 1540 Elisabeth
2443 1484 2519 1540 ait
2546 1502 2559 1539 :
2593 1487 2879 1543 Benedicta
2902 1497 2958 1542 tu
2980 1489 3117 1543 inter
3144 1489 3407 1544 mulieres.
3443 1489 3499 1544 Si
3524 1498 3719 1546 sancto

2133 1574 2339 1643 Spiritu
2368 1574 2653 1631 benedicta
2684 1578 2900 1633 canitur
2928 1578 3115 1641 Maria,
3147 1580 3422 1650 quomodo
3449 1596 3568 1635 eam
3596 1580 3716 1634 Sal-

2129 1675 2289 1721 vator
2324 1667 2580 1738 negavit?
2610 1662 2782 1722 Porro
2821 1671 2966 1739 quod
3010 1682 3266 1727 asserunt
3296 1686 3416 1726 eam
3464 1671 3716 1742 nupsisse

2129 1768 2253 1829 post
2285 1767 2521 1829 partum,
2550 1760 2693 1815 unde
2717 1761 3019 1831 approbent
3054 1777 3163 1816 non
3200 1762 3423 1817 habent.
3458 1762 3524 1816 lli
3564 1763 3716 1818 enim

2055 1835 2098 1890 Β
2127 1853 2245 1919 lilii,
2281 1852 2374 1923 qui
2424 1848 2626 1923 Joseph
2661 1852 3005 1918 dicebantur,
3048 1868 3155 1908 non
3186 1863 3343 1909 erant
3371 1855 3475 1908 orti
3500 1854 3568 1910 de
3599 1854 3715 1913 Ma:

2125 1945 2231 2008 ria,
2262 1961 2439 2015 neque
2461 1953 2544 2000 est
2568 1945 2675 1999 ulla
2712 1944 2992 2014 Scriptura
3017 1962 3139 2014 quae
3164 1946 3267 2001 ista
3292 1955 3715 2001 commemoret.

2124 2036 2405 2091 Benedicta
2455 2045 2511 2089 tu
2561 2037 2704 2089 inter
2757 2037 3033 2101 mulieres,
3078 2044 3129 2091 et
3174 2034 3472 2091 benedictus
3503 2037 3714 2105 fractus

2124 2124 2316 2182 ventris
2338 2127 2435 2181 tui.
2469 2122 2536 2179 Et
2568 2126 2704 2180 unde
2725 2124 2856 2180 mihi
2877 2128 2994 2191 hoc,
3019 2138 3076 2181 ut
3107 2128 3276 2183 veniat
3298 2126 3474 2181 Mater
3499 2126 3710 2181 Domini

2121 2221 2222 2273 mei
2248 2220 2316 2273 ad
2345 2220 2466 2274 me?
2491 2218 2644 2286 Quod
2676 2220 2753 2275 ait
2788 2237 2802 2276 ι
2838 2217 2987 2276 Unde
3009 2221 3139 2274 mihi
3170 2220 3287 2281 hoc,
3313 2236 3422 2276 non
3453 2220 3714 2289 ignorans

2121 2314 2252 2369 dicit
2281 2329 2296 2366 :
2322 2321 2377 2369 et
2405 2315 2641 2369 maxime
2668 2312 2873 2384 Spiritu
2902 2323 3093 2369 sancto
3116 2314 3295 2384 plena,
3317 2314 3474 2384 quasi
3502 2314 3713 2369 nesciat

2121 2405 2265 2476 quod
2289 2405 2446 2474 juxta
2475 2405 2566 2461 Dei
2589 2408 2924 2461 voluntatem
2957 2405 3128 2461 Mater
3155 2406 3369 2460 Domini
3404 2414 3612 2461 venerit
3640 2404 3710 2459 ad

2119 2511 2280 2564 eam;
2315 2497 2410 2552 scd
2444 2497 2548 2551 isto
2577 2513 2742 2552 sensu
2776 2498 3018 2568 loquitur
3046 2515 3061 2554 :
3087 2496 3227 2563 Quid
3261 2499 3389 2552 boni
3414 2497 3555 2552 feci?
3587 2513 3710 2567 qua

2119 2603 2281 2657 opera
2318 2603 2435 2642 mea
2472 2597 2619 2643 tanta
2651 2597 2801 2652 sunt,
2839 2598 2893 2643 ut
2927 2587 3098 2644 Mater
3128 2589 3341 2645 Domini
3384 2590 3451 2644 ad
3500 2606 3585 2644 me
3618 2606 3710 2645 vc-

2120 2679 2274 2732 niat?
2309 2694 2589 2748 perquam
2617 2680 2911 2749 justitiam,
2944 2695 3010 2735 ex
3044 2681 3244 2749 quibus
3290 2681 3467 2747 bonis,
3499 2682 3567 2736 de
3597 2698 3707 2751 qua

2120 2771 2378 2826 ﬁdelitate
2410 2771 2606 2826 mentis
2657 2772 2759 2827 hoc
2793 2772 3002 2834 merui,
3048 2781 3106 2825 ut
3141 2771 3312 2826 Mater
3349 2772 3563 2826 Domini
3600 2773 3707 2827 mei

2117 2863 2298 2917 veniat
2333 2863 2398 2918 ad
2431 2863 2556 2917 me?
2586 2861 2720 2918 Ecce
2750 2866 2888 2918 enim
2925 2874 2980 2918 ut
3008 2864 3156 2933 facta
3202 2875 3276 2918 est
3325 2863 3578 2918 salutatio
3614 2874 3708 2918 tua

2118 2956 2173 3008 in
2209 2968 2362 3008 aures
2398 2971 2558 3020 ineas,
2594 2954 2883 3009 exsultavit
2933 2955 2986 3009 in
3031 2954 3385 3009 exsultatione
3437 2953 3614 3021 infans
3648 2953 3706 3006 in

2118 3057 2266 3101 utero
2297 3064 2431 3103 meo.
2467 3046 2664 3101 Sancta
2704 3056 2821 3101 erat
2862 3046 3044 3101 anima
3078 3046 3216 3101 beati
3245 3044 3494 3108 Joannis,
3523 3054 3576 3098 et
3606 3043 3706 3097 ad-

2042 3172 2084 3227 C
2121 3130 2226 3193 huc
2254 3138 2308 3191 in
2345 3138 2535 3192 matris
2559 3148 2713 3192 utero
2736 3138 2940 3203 clausa,
2964 3148 3303 3208 venturaque
3332 3140 3386 3192 in
3414 3138 3707 3203 mundum,

2121 3230 2278 3300 quasi
2330 3245 2427 3299 per
2465 3231 2813 3299 experientiae
2852 3247 3111 3297 sensum,
3146 3231 3351 3287 sciebat
3382 3230 3704 3299 quat-Israel

2121 3322 2431 3392 ignorabat.
2462 3315 2617 3375 Unde
2644 3322 2881 3376 exsilivit
2912 3336 2925 3374 :
2966 3331 3020 3377 et
3054 3339 3161 3376 non
3200 3322 3522 3397 simpliciter
3555 3322 3705 3376 exsi-

2120 3413 2259 3478 livit,
2297 3416 2388 3469 sed
2431 3414 2485 3468 in
2525 3415 2746 3487 gaudio.
2785 3414 3045 3469 Senserat
3078 3414 3224 3470 enim
3269 3416 3484 3469 venisse
3514 3412 3703 3466 Domi-

2120 3521 2250 3558 nunt
2280 3522 2460 3567 suum,
2490 3516 2545 3559 ut
2566 3505 2929 3560 sanetilicaret
2955 3520 3170 3559 servum
3198 3520 3381 3568 suum,
3406 3514 3697 3573 antequam

2119 3594 2187 3649 de
2223 3596 2415 3650 matris
2449 3604 2603 3649 utero
2647 3598 2982 3664 procederet.
3029 3593 3248 3650 Utinam
3287 3594 3417 3647 mihi
3461 3595 3697 3659 eveniat,

2120 3692 2179 3737 ut
2212 3685 2281 3737 ab
2324 3684 2633 3740 inﬁdelibus
2667 3685 2867 3740 stultus
2898 3686 3069 3751 dicar,
3114 3684 3208 3753 qui
3244 3685 3443 3739 talibus
3468 3684 3696 3738 crelidi.

2118 3773 2300 3845 Ipsum
2342 3791 2478 3845 nptts
2526 3775 2758 3830 ostendit
2806 3786 2862 3830 ct
2902 3776 3123 3846 veritas,
3155 3791 3263 3829 non
3303 3792 3390 3830 me
3429 3775 3695 3842 stultitiae,

2118 3870 2211 3924 sed
2247 3868 2529 3938 sapientiae
2558 3868 2890 3934 credidisse;
2919 3878 2972 3922 et
2993 3869 3121 3938 quia
3159 3869 3261 3924 hoc
3292 3869 3435 3938 quod
3466 3872 3694 3923 stultum

2120 3963 2263 4032 apud
2314 3964 2438 4016 illos
2482 3972 2725 4031 putatur,
2761 3960 2889 4013 mihi
2940 3959 3131 4015 salutis
3177 3962 3395 4016 occasio
3444 3962 3535 4016 sit.
3580 3960 3697 4016 Nisi

2116 4055 2262 4108 enim
2300 4051 2491 4107 fuisset
2526 4050 2765 4106 cmlestis
2807 4059 2859 4104 et
2885 4050 3038 4105 beata
3084 4051 3340 4108 nativitas
3374 4051 3697 4121 Salvatoris,

2117 4145 2221 4199 nisi
2250 4144 2532 4199 habuisset
2559 4141 2729 4198 divini
2757 4142 2983 4211 aliquid,
3006 4151 3060 4198 et
3090 4143 3483 4199 immanitatem
3517 4146 3691 4200 homi-

2118 4251 2248 4290 num
2275 4234 2759 4306 superegrediens,
2790 4250 3067 4303 nunquam
3105 4244 3276 4290 totum
3327 4237 3514 4292 orbem
3550 4238 3696 4293 illius

2115 4331 2362 4386 doctrina
2393 4337 2744 4400 penetrasset.
2781 4328 2836 4382 Si
2874 4329 3250 4383 tantummodo
3274 4326 3466 4384 fuisset
3495 4331 3551 4384 in
3580 4328 3696 4382 Ma-

2115 4423 2210 4478 ria:
2241 4435 2416 4489 utero,
2448 4432 2502 4478 et
2538 4440 2646 4479 non
2674 4424 2767 4481 Dci
2794 4424 2986 4491 Filius,
3021 4425 3295 4496 quomodo
3321 4432 3531 4493 poterat
3553 4423 3697 4491 ﬁeri,

426 4498 769 4567 prophetare.
821 4498 937 4554 Non
981 4500 1125 4556 enim
1163 4502 1497 4573 ignoramus,
1531 4507 1675 4576 quod
1707 4510 2006 4565 secundum
2038 4521 2087 4581 ί)
2118 4523 2175 4567 ιιι
2205 4525 2259 4568 et
2304 4514 2398 4570 illo
2435 4525 2678 4584 tempore
2726 4525 2779 4571 et
2817 4533 2984 4583 nunc,
3023 4532 3131 4573 non
3164 4517 3341 4573 solum
3374 4532 3692 4586 corporum,

424 4589 563 4644 alios
608 4590 823 4646 codices
866 4600 920 4646 et
968 4592 1083 4647 hate
1128 4595 1292 4649 verba
1328 4594 1603 4652 Elisabcth
1652 4600 1998 4657 vaticinetur.

425 4679 632 4751 Spiritu
665 4682 848 4753 itaque
872 4695 1063 4740 sancto
1085 4696 1214 4741 tunc
1242 4689 1441 4757 repleta
1464 4699 1547 4744 est
1570 4689 1758 4758 Maria,
1782 4697 2003 4764 quando

423 4772 591 4842 ccepit
622 4773 676 4827 in
714 4783 868 4829 utero
903 4775 1102 4831 habere
1134 4777 1492 4836 Salvatorem.
1541 4783 1737 4841 Statim
1769 4791 1913 4844 enim
1946 4801 2005 4847 ut

425 4859 689 4933 Spiritqu
718 4876 966 4921 sanctum
1012 4868 1250 4938 accepit,
1283 4869 1552 4928 Dominici
1596 4880 1840 4946 corporis
1871 4897 2005 4936 con»

423 4953 677 5021 ditorcm,
719 4967 776 5012 et
821 4957 992 5014 Filius
1043 4958 1137 5014 Dei
1171 4976 1291 5016 esse
1319 4963 1483 5032 cwpit
1518 4965 1571 5018 in
1619 4976 1795 5031 utero,
1837 4973 2000 5028 etiam

426 5043 543 5113 ipsa
579 5048 852 5118 completa
889 5058 971 5106 est
1007 5047 1211 5121 Spiritu
1263 5063 1473 5109 saneto.
1518 5054 1822 5115 Exsultavit
1870 5080 2003 5135 ergo

404 5218 415 5255 l

396 5274 408 5326 ι
442 5343 446 5344 ν
499 5260 874 5344 glutinauit,
924 5267 1117 5344 opinor
1135 5308 1163 5344 ,_
1193 5270 1358 5325 verba
1395 5273 1793 5344 subsequentis
1833 5282 2006 5337 versi-

427 5328 534 5409 culi
580 5332 682 5395 45,
715 5336 810 5388 καὶ
845 5328 1092 5409 pexam
1217 5328 1995 5404 metatio-aeasatietates-

699 5412 804 5458 etc.
845 5396 920 5458 Ὲι
947 5396 1096 5489 (velata
1129 5396 1546 5489 q'ttteere‘didisti
1567 5453 1582 5475 ,
1611 5396 2005 5489 pe}-

427 5468 674 5552 ﬂcientur
712 5489 776 5552 ea
809 5491 926 5552 qua:
960 5478 1106 5532 dicta
1141 5468 1276 5552 sunt
1305 5483 1402 5535 tibi
1432 5499 1464 5534 α
1494 5468 1855 5552 Ποίιίὶηὸξῖιι

425 5542 650 5628 quantis
691 5542 775 5595 sui
817 5542 1387 5628 levinexemplaribus'
1418 5568 1484 5628 ett
1524 5552 1707 5609 Maria:
1738 5542 2002 5628 'Vtrginis

424 5621 658 5731 persona
679 5649 694 5673 ,
736 5627 843 5666 non
877 5612 1151 5672 Elisabeth
1181 5620 1307 5674 dici.
1344 5619 1502 5676 Nulla
1533 5640 1659 5680 vero
1686 5642 1833 5682 nunc
1855 5612 1998 5699 "ejus

447 5689 675 5731 ecttonts
702 5682 820 5731 vola
853 5695 945 5731 aut
970 5687 1250 5731 vestiarium
1284 5704 1523 5731 αιιιιιηιρςι

447 5682 820 5759 ectio‘nis'vola
853 5695 945 5737 aut
970 5687 1250 5759 vestigium
1283 5704 1548 5759 superest.

499 5749 613 5820 (20)
653 5747 803 5807 Hanc
832 5763 1020 5822 postea
1059 5747 1305 5814 hiresiut
1337 5747 1613 5820 Helvidius
1650 5766 1994 5837 instauravit,

2114 4606 2207 4661 sed
2240 4607 2403 4662 etiam
2430 4609 2738 4663 anitnarum
2772 4610 2947 4665 morbi
2976 4612 3303 4681 multiplices
3332 4611 3694 4666 curarentur?

2111 4696 2248 4763 Quis
2282 4708 2530 4752 nostrum
2561 4713 2668 4753 non
2703 4700 2966 4771 insipiens
3004 4703 3125 4770 fuit,
3159 4705 3253 4774 qui
3285 4720 3431 4758 nunc
3471 4714 3694 4774 propter

2110 4788 2543 4843 misericordiam
2595 4788 2691 4845 Dei
2725 4792 2993 4849 habemus
3028 4794 3459 4866 intelligentiam,
3495 4805 3549 4850 et
3572 4796 3692 4850 siti-

2113 4895 2237 4935 mus
2268 4880 2475 4936 Deum?
2506 4881 2643 4949 Quis
2673 4895 2920 4939 nostrum
2964 4902 3071 4940 non
3103 4887 3415 4942 incredulus
3440 4887 3691 4956 justititr,

2112 4972 2205 5040 qui
2239 4988 2386 5027 nunc
2419 4982 2639 5046 prepter
2669 4975 2946 5032 Christum
2973 4977 3241 5047 justitiam
3284 4979 3568 5046 habemus,
3601 4995 3689 5034 se-

2110 5065 2441 5136 quinturque
2463 5067 2760 5122 iustitiam?
2783 5068 2916 5136 Quis
2942 5079 3187 5125 nostrum
3211 5088 3317 5127 non
3343 5073 3691 5129 errabundus

2113 5284 2556 5360 hancqueipsam
2586 5303 2695 5360 prae
2718 5288 2944 5360 reliquis
2961 5305 3183 5346 causam
3214 5290 3682 5360 praetexuit,an

2109 5356 2303 5429 fratres
2354 5357 2564 5429 Dontini
2620 5359 2673 5429 in
2727 5356 3024 5428 Eva—ngelio
3070 5356 3437 5415 nominentur.
3494 5356 3688 5429 Operae

2111 5428 2357 5500 pretiuur
2398 5428 2470 5481 sit
2521 5428 2580 5482 S.
2632 5426 2939 5500 llieronyni
3001 5446 3123 5483 vere
3166 5447 3390 5484 aureum
3441 5426 3687 5486 ιίῒιιιΙΙιιιιι

2106 5506 2296 5549 contra
2345 5497 2492 5552 lnn‘tc
2532 5497 2847 5553 luereticuui
2878 5500 3194 5554 recoluisse.
3244 5500 3364 5553 Mox
3401 5502 3688 5569 perturba-

2106 5572 2221 5618 tum
2255 5577 2569 5637 contextum
2603 5584 2703 5621 nos
2741 5569 3101 5634 restituitnus,
3143 5587 3268 5624 cum
3315 5581 3439 5625 ante
3471 5570 3682 5637 legere-

2106 5642 2195 5687 tur
2226 5650 2238 5686 :
2276 5636 2425 5707 quali
2463 5648 2628 5692 mente
2657 5639 2885 5707 dixerit,
2916 5641 3036 5711 qui,
3072 5641 3179 5711 ipse
3206 5643 3400 5695 noverit
3423 5679 3437 5704 ,
3474 5636 3682 5695 loiutus

2104 5713 2199 5757 est.
