4132 6504
472 390 607 446 ιεξιι

1672 387 1737 442 ΓΝ
1780 387 2020 444 [ΕΟᾹΜ
2061 378 2335 441 “OMU.”
2382 385 2470 439 lX.

3586 388 3731 443 f8”!

471 520 585 563 tare
613 522 725 562 non
750 520 1059 576 possemus.
1086 504 1228 570 Q‘uia
1256 505 1501 572 respexit,
1536 504 1734 574 inquit,
1762 503 1819 557 in
1839 502 2058 556 Itumili-
2086 508 2129 563 Α
2160 501 2303 555 citur
2328 499 2470 570 quod
2508 509 2753 569 nnpcrct‘.
2790 501 2901 556 sive
2929 500 3030 553 sub
3062 516 3118 555 se
3150 502 3400 556 universa
3436 508 3735 560 contineat.

473 612 633 657 tatem
674 600 888 655 ancilla:
922 615 1055 653 sure.
1081 597 1138 651 ιιι
1164 612 1328 667 quam
1361 596 1722 650 humilitatem
1749 594 1933 649 Mariae
1968 610 2054 649 rc-

470 691 649 761 spexit
681 687 983 744 Dominus?
1004 684 1145 752 Quid
1170 685 1405 739 habebat
1429 682 1596 737 Mater
1630 681 1928 736 Salvatoris
1962 681 2058 734 hu-

471 780 599 836 mile
644 788 810 848 atque
843 778 1112 846 dejeetum
1138 813 1153 835 ,
1196 790 1318 843 qua:
1361 772 1453 829 Dei
1492 773 1688 828 Filium
1720 772 1967 842 gestabat
1996 771 2050 825 in

472 871 661 926 utero?
688 870 842 937 Quod
870 883 1002 938 ergo
1032 867 1164 922 dicit
1190 883 1202 918 :
1232 865 1474 934 Respexit
1503 866 1933 920 inbumilitatem
1957 882 2054 919 an-

472 960 610 1014 cilla
645 975 775 1019 suae,
805 959 908 1012 tale
940 964 1023 1012 est
1050 956 1207 1025 quasi
1245 956 1442 1010 dixerit
1474 973 1486 1008 :
1520 954 1776 1023 Respexit
1810 955 1862 1008 in
1891 954 2054 1024 justi-

474 1052 603 1105 tiam
633 1050 845 1104 ancilla:
870 1064 1003 1114 sine,
1022 1047 1257 1117 respexit
1280 1046 1333 1099 in
1360 1046 1793 1115 temperantiam,
1815 1045 2051 1115 respexit

474 1143 529 1196 in
575 1140 949 1195 fortitudinem
1000 1150 1165 1210 atque
1210 1138 1556 1208 sapientiam.
1592 1136 1833 1204 Dignum
1853 1136 2054 1206 quippe

470 1239 576 1294 est,
611 1238 670 1284 ut
699 1230 926 1284 virtutes
953 1229 1227 1299 respiciat.
1266 1226 1610 1297 Respondeat
1652 1227 1851 1296 aliquis
1884 1234 1938 1281 et
1968 1224 2053 1280 di~

472 1326 562 1372 eat
589 1335 603 1371 :
646 1315 888 1386 Intelligo
913 1316 1190 1387 quomodo
1229 1315 1370 1370 Deus
1394 1313 1663 1384 justitiam
1690 1311 1901 1366 ancillae
1939 1325 2053 1365 sua!

472 1407 909 1477 sapientiamque
959 1408 1241 1477 respiciat;
1274 1404 1555 1477 quomodo
1589 1413 1777 1459 autem
1808 1401 2056 1457 intendat

470 1496 860 1561 humilitatem,
889 1512 997 1551 non
1022 1497 1155 1551 satis
1179 1495 1368 1565 liquet.
1396 1492 1719 1549 Consideret
1740 1493 1834 1563 qui
1860 1491 2052 1563 quzerit

471 1585 622 1650 talia,
652 1586 913 1656 quoniam
963 1586 1180 1655 preprie
1221 1584 1274 1639 in
1320 1584 1617 1654 Scripturis
1643 1599 1749 1638 una
1780 1583 1846 1637 de
1882 1582 2055 1637 virtu-

470 1678 617 1731 tibus
651 1677 932 1731 lnnnilitas
980 1677 1322 1746 prmdicetur.
1368 1677 1457 1730 Ait
1521 1675 1721 1747 quippe
1757 1674 2051 1730 Salvator:

469 1767 673 1823 Discite
698 1786 729 1822 a
768 1786 847 1822 me
872 1770 998 1839 quia
1029 1778 1335 1825 mansuetus
1366 1785 1505 1832 sum,
1546 1777 1595 1821 et
1624 1768 1840 1823 humilis
1872 1769 2047 1832 corde,

469 1871 517 1914 et
557 1862 829 1915 invenietis
871 1862 1098 1931 requiem
1131 1862 1410 1915 animabus
1463 1862 1645 1916 vestris
1685 1861 1751 1916 “.
1794 1859 1948 1927 Quod
2004 1859 2050 1916 si
2083 1846 2125 1900 Β

471 1953 553 2006 vis
602 1968 799 2008 nomen
850 1954 1012 2023 hujus
1058 1954 1247 2009 audire
1284 1954 1531 2019 virtutis,
1572 1953 1848 2022 quomodo
1887 1951 2051 2006 etiam

469 2059 502 2097 a
531 2045 872 2115 philosophis
902 2046 1225 2116 appellatur,
1252 2046 1501 2101 ausculta
1527 2046 1772 2101 eamdem
1806 2060 1927 2099 esse
1950 2044 2055 2098 hu-

470 2136 756 2190 militatem
782 2153 945 2204 quam
971 2138 1226 2207 respiciat
1256 2138 1419 2201 Deus,
1446 2153 1569 2207 quae
1596 2137 1665 2191 ab
1696 2137 1801 2191 illis
1828 2137 2050 2206 ἀτυφία,

470 2226 586 2280 sive
635 2227 964 2298 μετριότης.
1011 2228 1233 2283 dicitur.
1283 2227 1389 2283 Sed
1436 2238 1491 2283 et
1538 2244 1640 2283 nos
1669 2228 1900 2298 quodam
1931 2244 2050 2283 eam

470 2332 764 2386 possumus
792 2320 1065 2389 appellare
1114 2320 1371 2383 circuitu,
1407 2335 1529 2374 cum
1578 2320 1779 2391 aliquis
1822 2334 1933 2374 non
1971 2328 2055 2376 est

471 2406 725 2468 inﬂatus.
758 2410 850 2464 sed
885 2412 998 2481 ipse
1039 2427 1099 2466 se
1137 2411 1342 2481 dejicit.
1379 2410 1480 2477 Qui
1512 2411 1658 2465 enim
1694 2410 1937 2476 inﬂatur,
1964 2426 2055 2465 ca-

471 2497 586 2562 dit,
626 2500 924 2554 secumlum
974 2501 1336 2570 Apostolum,
1386 2501 1441 2554 in
1488 2499 1756 2570 judicium
1800 2500 2049 2555 diaboli:

471 2590 742 2657 siquidem
773 2600 826 2645 et
860 2593 949 2645 ille
971 2593 1040 2646 ab
1070 2592 1346 2647 inﬂatione
1374 2593 1539 2662 coepit
1580 2600 1744 2660 atque
1772 2592 2048 2661 superbia.

477 2678 544 2734 Ut
568 2699 694 2747 non,
720 2683 916 2752 inquit,
942 2684 1160 2753 inﬂatus
1182 2686 1238 2737 in
1251 2684 1512 2753 judicium
1540 2684 1741 2738 incidat
1764 2682 1962 2737 diaboli
1981 2686 2047 2743 ⁸⁸.

472 2770 733 2842 Respexit
762 2790 925 2844 super
966 2774 1323 2829 humilitatem
1365 2775 1575 2830 ancillre
1608 2790 1739 2830 suae.
1779 2774 2050 2831 Humilem

471 2878 593 2930 me,
630 2864 839 2933 inquit,
876 2874 932 2919 et
967 2865 1402 2921 mansuetudinis
1448 2875 1747 2921 sectantem
1793 2867 2052 2938 dejectio.

470 2953 667 3022 nisque
725 2955 978 3009 virtutem
1033 2956 1270 3025 respexit
1325 2955 1493 3011 Deus.
1543 2956 1674 3027 (24)
1728 2955 1864 3012 Ecce
1911 2959 2051 3012 enim

472 3042 662 3095 mutulo
694 3043 901 3096 beatam
924 3060 1004 3098 me
1026 3045 1205 3100 dicunt
1230 3063 1406 3101 omnes
1429 3049 1810 3118 generationes.
1841 3046 1899 3103 Si
1921 3046 2052 3103 sim-

470 3133 681 3201 pliciter
717 3135 1013 3206 intelligam
1057 3153 1251 3194 omnes
1292 3140 1703 3210 generationes,
1738 3156 1900 3212 super
1929 3156 2051 3197 cre—
2074 3176 2122 3240 ϐ

469 3223 727 3280 dentibus
770 3226 900 3281 illud
948 3227 1291 3298 interpretor.
1334 3229 1392 3283 Si
1432 3239 1614 3285 autem
1646 3231 1809 3287 altius
1843 3232 2049 3302 aliquid

471 3313 628 3371 fuero
656 3326 951 3384 scrutatus,
979 3320 1407 3393 animadvertam
1453 3322 1642 3391 quanti
1678 3320 1957 3393 profectus
1982 3324 2054 3378 sit

468 3407 652 3462 dicere
678 3425 691 3461 :
725 3409 866 3473 Quia
891 3410 1011 3479 fecit
1039 3412 1169 3465 mihi
1194 3429 1386 3483 magna
1421 3416 1512 3485 qui
1539 3423 1617 3468 est
1645 3425 1829 3485 potens
1864 3431 1889 3468 .'
1907 3430 2052 3484 quon

468 3499 617 3553 niam
660 3503 832 3555 omnis
859 3501 949 3569 qui
981 3515 1036 3554 se
1074 3502 1318 3557 Itumiliat
1349 3498 1674 3554 excitabitur
1703 3504 1769 3559 ﬂ.
1797 3502 2054 3576 Respexit

467 3600 648 3643 autem
687 3587 831 3643 Deus
855 3591 908 3642 in
935 3590 1295 3647 humilitatem
1324 3593 1496 3649 beata:
1530 3592 1736 3658 Mariae,
1767 3606 2052 3665 propterea

470 3680 602 3735 fecit
634 3680 707 3733 illi
753 3696 949 3749 magna
987 3683 1079 3751 qui
1115 3695 1307 3754 potens
1337 3695 1421 3739 est
1481 3696 1532 3741 et
1574 3699 1818 3745 sanctum
1859 3678 2050 3742 nomen

463 3782 597 3834 ejus.
647 3766 709 3819 Et
735 3769 1099 3823 misericordia
1137 3771 1250 3838 ejus
1275 3773 1330 3824 in
1361 3773 1721 3842 generationes
1752 3777 2049 3841 generatio-

469 3873 615 3910 ιιιιιιι.
643 3853 1010 3911 Misericordia
1042 3856 1137 3911 Dei
1173 3874 1281 3911 non
1322 3859 1375 3912 in
1421 3875 1585 3914 unam
1621 3860 2052 3930 generationem,

469 3960 570 3998 nec
598 3941 763 4015 942
793 3946 849 4000 in
878 3944 1038 4011 duas,
1073 3962 1249 4017 neque
1281 3948 1334 4001 in
1371 3957 1511 4011 tres,
1549 3949 1643 4003 sed
1670 3966 1769 4004 nec
1798 3949 1851 4004 in
1890 3953 2053 4021 quin-

469 4048 598 4102 que,
628 4049 819 4088 verum
867 4033 923 4089 in
967 4035 1360 4105 sempiternum
1403 4035 1715 4090 extenditur
1745 4037 1797 4090 in
1824 4052 2052 4105 genera-

469 4123 648 4180 tiones
691 4125 1141 4195 generationum,
1194 4128 1515 4183 timentibus
1566 4129 1865 4198 potentiam
1906 4130 2048 4201 ejus.

468 4211 620 4268 Fecit
665 4217 915 4271 virtutem
964 4218 1020 4272 in
1067 4218 1283 4272 brachio
1329 4235 1447 4274 suo.
1509 4217 1660 4275 Licet
1693 4221 1944 4278 inlirmus
1981 4221 2049 4277 ad

466 4304 762 4361 Dominum
796 4307 1133 4375 accesseris,
1160 4308 1206 4364 si
1251 4309 1497 4366 timueris
1537 4326 1664 4366 eum
1685 4351 1701 4376 ,
1735 4310 1924 4366 audire
1953 4326 2050 4382 po-

470 4399 605 4454 teris
652 4401 1131 4470 repromissionem
1163 4418 1327 4472 quam
1365 4403 1460 4457 tibi
1501 4403 1571 4457 ob
1615 4404 1863 4459 timorem
1895 4413 2051 4460 tuum

2156 590 2213 644 Si
2263 606 2393 662 ergo
2442 590 2687 645 timueris
2714 589 3027 657 Do:i.inuin,
3064 592 3153 645 dat
3190 593 3282 646 tibi
3339 592 3733 661 fortitudinem,

2154 683 2268 738 sive
2290 683 2601 751 imperium,
2637 682 2729 735 dat
2757 697 3006 751 regnum,
3043 692 3101 735 ut
3132 680 3306 736 factus
3331 683 3432 738 sub
3468 683 3611 753 Rege
3641 701 3733 739 te-

2154 790 2319 843 gum,
2397 774 2677 842 possideas
2739 789 2969 842 regnum
3038 775 3347 841 cmlorum,
3403 775 3454 828 in
3510 774 3733 830 Christo

2151 861 2302 929 Jesu,
2339 865 2425 919 cui
2462 873 2545 919 est
2572 863 2744 936 gloria
2766 873 2823 918 et
2853 864 3141 933 imperium
3191 865 3244 917 in
3276 866 3473 920 saecula
3503 867 3733 922 saeculo-

2154 971 2298 1010 rum.
2340 956 2543 1009 Amen.

2734 1043 3019 1100 HOMlLlA
3054 1043 3149 1102 1X.

2153 1155 2239 1210 De
2289 1172 2349 1210 eo
2395 1155 2535 1225 quod
2576 1156 2831 1222 scriptum
2871 1166 2949 1210 est
2973 1173 2992 1209 :
3020 1174 3039 1208 ε
3072 1155 3331 1212 Manebat
3347 1172 3466 1210 cum
3496 1172 3556 1210 ea
3588 1173 3736 1211 mena-

2226 1226 2369 1295 sibus
2411 1228 2600 1295 tribus,
2642 1245 2660 1276 ι
2705 1242 2867 1295 usque
2894 1227 2963 1279 ad
2986 1244 3104 1279 eum
3127 1228 3299 1279 locant
3326 1227 3414 1279 ubi
3447 1228 3523 1279 ait
3556 1243 3574 1281 :
3608 1248 3625 1278 ι
3663 1225 3739 1281 Et

2218 1294 2531 1365 loquebatur
2564 1294 2863 1349 benedicens
2897 1296 3197 1351 Dominum.
3231 1315 3250 1346 ι
3289 1295 3421 1365 Cap.
3452 1311 3488 1350 ι.

2225 1404 2357 1461 Tam
2392 1422 2582 1462 eorum
2630 1424 2751 1479 quae
2793 1408 2938 1463 dicta
2969 1418 3120 1475 sunt,
3153 1424 3316 1479 quam
3371 1408 3583 1463 illorum
3610 1424 3739 1480 qua

2154 1498 2291 1553 iacta
2321 1498 2650 1565 referuntur,
2685 1499 2847 1554 debet
2878 1500 3018 1552 ratio
3043 1515 3165 1555 esse
3193 1511 3385 1554 sancto
3411 1499 3614 1569 Spiritu
3648 1499 3733 1554 di-

2153 1605 2257 1659 gna
2282 1629 2297 1653 ,
2333 1599 2386 1643 et
2414 1588 2614 1643 Christi
2644 1589 2749 1645 ﬁde
2771 1628 2789 1655 ,
2841 1590 2907 1644 ad
2934 1606 3099 1659 quam
3135 1590 3416 1646 credentes
3448 1606 3738 1646 vocamur.

2153 1675 2307 1733 Unde
2334 1687 2386 1733 et
2422 1694 2567 1732 nunc
2608 1693 2773 1733 causa
2825 1678 3117 1748 quaarenda
3167 1688 3283 1745 est,
3337 1695 3507 1750 quare
3559 1678 3733 1735 Maria

2153 1773 2277 1837 post
2322 1776 2640 1836 conceptum
2690 1768 2897 1821 venerit
2926 1768 2992 1821 ad
3019 1766 3329 1833 Elisabeth,
3379 1775 3433 1821 et
3463 1771 3729 1825 manserit

2152 1873 2277 1912 cum
2307 1873 2370 1911 ea
2400 1857 2678 1912 mensibus
2713 1857 2921 1922 tribus,
2950 1867 3043 1911 aut
3072 1858 3205 1927 quid
3233 1874 3413 1913 causa:
3445 1858 3642 1925 fuerit,
3672 1868 3733 1916 ut

2154 1943 2357 2009 Lucas,
2389 1945 2481 2015 qui
2515 1943 2792 2017 Evangelii
2824 1946 3094 2000 scribebat
3118 1946 3597 2011 bistoriam,etiam
3627 1946 3735 2001 hoc

2153 2038 2439 2100 scriberet,
2471 2037 2617 2108 quod
2662 2036 2924 2091 manserit
2958 2052 3080 2091 cum
3116 2051 3182 2092 ea
3211 2036 3494 2091 mensibus
3532 2037 3727 2100 tribus,

2152 2140 2207 2189 et
2233 2141 2419 2203 postea
2454 2148 2701 2203 regressa
2729 2132 2798 2189 sit
2827 2133 2881 2187 in
2906 2132 3129 2188 domum
3161 2149 3339 2189 suam.
3407 2130 3604 2204 Utique
3634 2133 3737 2188 de-

2152 2225 2242 2281 bet
2283 2226 2464 2296 aliqua
2495 2240 2618 2282 esse
2658 2227 2817 2293 ratio,
2858 2241 3046 2297 quam,
3082 2225 3131 2282 si
3161 2225 3423 2282 Dominus
3456 2227 3733 2297 aperuerit

2152 2331 2248 2371 cor
2282 2325 2552 2380 nostrum,
2608 2328 2842 2385 sequens
2872 2330 3054 2370 sermo
3084 2316 3428 2371 monstrabit.
3487 2316 3542 2370 Si
3577 2316 3725 2370 enim

2150 2420 2218 2461 eo
2258 2405 2405 2477 quod
2447 2414 2656 2461 tantum
2689 2407 2839 2461 venit
2867 2404 3035 2461 Maria
3061 2406 3127 2461 ad
3162 2404 3459 2470 Elisaheth,
3491 2417 3544 2461 et
3574 2405 3728 2461 salu-

2154 2498 2288 2552 tavit
2327 2514 2482 2560 eam,
2527 2498 2819 2553 exsultavit
2854 2497 3035 2552 infans
3079 2497 3133 2552 in
3183 2498 3410 2569 gaudio,
3443 2506 3493 2552 et
3520 2496 3724 2568 Spiritu

2156 2597 2346 2643 sancto
2375 2589 2531 2658 plena
2549 2586 2821 2643 Elisabeth
2860 2589 3200 2659 prophetavit
3229 2605 3291 2643 ea
3316 2589 3514 2660 quaein
3550 2589 3729 2643 Evan—

2152 2680 2291 2751 gelio
2334 2682 2540 2752 scripta
2571 2690 2729 2747 sunt,
2784 2691 2832 2735 et
2866 2681 2925 2739 in
2949 2696 3054 2734 una
3079 2681 3215 2736 hora
3247 2689 3424 2736 tantos
3456 2680 3733 2752 profectus

2152 2771 2367 2837 habuit,
2417 2781 2622 2828 nostra:
2644 2769 2972 2841 conjectura:
3001 2771 3325 2842 relinquitur
3345 2812 3359 2837 ,
3385 2773 3514 2843 quid
3543 2773 3596 2826 in
3633 2771 3730 2826 tri-

2151 2862 2256 2917 bus
2278 2863 2559 2919 mensibus
2606 2861 2844 2917 Joannes
2893 2862 3157 2934 profecit,
3213 2865 3504 2919 assistente
3558 2862 3729 2920 Maria

2152 2953 2453 3009 Elisabeth.
2532 2952 2700 3009 Valde
2745 2955 2944 3025 quippe
2992 2955 3271 3027 indignum
3309 2965 3392 3011 est
3430 2956 3484 3011 in
3527 2966 3733 3026 puncto

2152 3047 2301 3102 hora:
2331 3057 2495 3115 atque
2522 3055 2801 3100 momento
2839 3046 3115 3100 exsultare
3156 3046 3416 3101 inlantcm
3439 3086 3454 3111 ,
3506 3056 3560 3101 et
3590 3062 3730 3115 quo-

2152 3135 2449 3191 dammodo
2468 3135 2667 3206 gaudio
2702 3135 3005 3199 lascivisse,
3046 3137 3415 3207 repletamquc
3445 3152 3566 3192 esse
3601 3136 3730 3205 Spi-

2153 3228 2263 3282 ritu
2315 3239 2506 3281 sancto
2550 3227 2825 3283 Eiisabeth
2858 3247 2872 3283 :
2904 3244 2999 3299 per
3032 3239 3144 3283 tres
3174 3243 3303 3283 vero
3340 3243 3558 3284 menses
3579 3269 3592 3292 ,
3630 3243 3731 3282 nec

2157 3318 2425 3374 Joannem
2448 3357 2463 3381 ,
2512 3333 2612 3373 nec
2656 3318 2928 3374 Elisabeth
2948 3362 2968 3386 ,
2999 3334 3063 3374 ex
3097 3319 3276 3375 vicina
3305 3317 3490 3375 Matris
3516 3318 3735 3374 Domini

2150 3418 2205 3464 et
2232 3409 2403 3480 ipsius
2439 3408 2745 3465 Salvatoris
2778 3410 3067 3481 praasentia
3115 3411 3434 3482 profecisse.
3495 3408 3729 3466 Exerce-

2150 3499 2314 3556 batur
2356 3514 2523 3571 ergo,
2564 3510 2618 3556 et
2656 3502 3060 3571 quodammodo
3108 3502 3162 3555 in
3195 3502 3453 3556 athletico
3484 3517 3515 3556 a
3541 3511 3732 3557 sancta

2152 3602 2348 3658 matre,
2380 3607 2476 3662 per
2503 3600 2613 3646 tres
2639 3608 2854 3648 menses
2884 3593 3179 3663 urgebatur
3207 3591 3468 3654 Joannes,
3502 3601 3555 3645 et
3590 3609 3728 3661 pra:-

2150 3682 2450 3752 parabatur
2475 3682 2529 3736 in
2555 3681 2744 3736 matris
2774 3693 2944 3743 utero,
2979 3690 3037 3735 ut
3066 3681 3384 3736 mirabiliter
3418 3692 3598 3743 natus,
3628 3682 3734 3735 mi-

2151 3774 2379 3830 rabilius
2415 3773 2733 3827 nutriretur.
2797 3771 2951 3837 Quod
2998 3772 3141 3825 enim
3173 3782 3325 3826 extra
3374 3771 3729 3827 consuetudi-

2150 3878 2275 3916 nem
2310 3862 2545 3916 nutritus
2569 3868 2675 3924 est,
2729 3875 2837 3913 non
2870 3859 3103 3914 refertur
3131 3859 3414 3929 scriptum,
3450 3861 3729 3932 quomodo

2154 3952 2343 4007 matris
2389 3950 2550 4005 fuerit
2594 3950 2828 4004 iactatus
2872 3949 3163 4013 uberibus,
3204 3950 3478 4018 quomodo
3512 3950 3567 4003 in
3600 3950 3723 4004 sinu

2150 4043 2351 4113 gerulae
2378 4043 2729 4106 constitutus,
2776 4041 2868 4096 sed
2896 4041 3077 4096 statim
3108 4043 3354 4111 sequitur
3385 4058 3400 4096 :
3437 4039 3645 4095 Eterat
3672 4042 3731 4094 in

2151 4132 2407 4199 desertis,
2441 4149 2604 4203 usque
2643 4132 2711 4185 ad
2737 4131 2874 4185 diem
2915 4130 3230 4185 ostensionis
3264 4142 3375 4184 sua!
3420 4127 3489 4183 ad
3530 4127 3730 4183 Israel.

2154 4222 2354 4280 Deinde
2396 4224 2626 4293 legimus
2675 4240 2690 4278 :
2746 4219 3019 4275 Elisabeth
3063 4229 3239 4274 autem
3285 4219 3593 4287 completum
3650 4228 3731 4273 est

2154 4324 2356 4384 tempus
2408 4322 2463 4367 ut
2507 4325 2748 4383 pareret,
2796 4322 2844 4367 et
2888 4310 3088 4382 peperit
3114 4311 3309 4380 ﬁlium.
3345 4308 3495 4364 Multi
3538 4316 3733 4379 putant

2153 4406 2422 4476 superﬂue
2455 4406 2556 4459 dici
2593 4424 2607 4460 :
2648 4404 2917 4459 Elisabeth
2955 4414 3130 4459 autem
3153 4401 3465 4472 completum
3495 4413 3571 4456 est
3601 4412 3735 4454 tem-

469 4488 734 4547 Dominus
762 4492 1069 4562 pollicetur.
1111 4492 1244 4559 Quae
1271 4504 1356 4548 est
1385 4494 1487 4550 ista
1522 4496 1915 4565 repromissio?
1951 4496 2045 4551 Ti-
2080 4521 2124 4578 ι)
2152 4511 2249 4564 pus
2281 4506 2338 4549 at
2369 4507 2599 4565 pareret,
2635 4503 2682 4549 et
2712 4495 2909 4564 peperit
2942 4493 3136 4563 ﬁlium.
3182 4491 3314 4558 Qua:
3347 4492 3492 4545 enim
3538 4490 3731 4543 mulier

464 4580 783 4643 mentibus,
834 4581 1048 4651 inquit,
1093 4599 1150 4639 se
1185 4582 1314 4638 fecit
1344 4584 1618 4639 virtutem.
1661 4584 1884 4653 Virtus,
1933 4588 2049 4644 sive

468 4668 780 4738 imperium,
827 4681 1069 4740 potestas
1110 4681 1196 4728 est
1240 4674 1408 4745 regia.
1448 4675 1660 4729 Etenim
1695 4676 1897 4748 κράτος
1932 4676 2045 4749 (‘25)

462 4758 613 4826 quod
643 4773 746 4813 nos
791 4759 1074 4829 imperium
1106 4776 1402 4831 possumus
1430 4765 1702 4834 appellare
1725 4808 1741 4832 ,
1774 4767 1845 4821 ab
1871 4780 1938 4823 eo
1963 4766 2048 4821 di~

535 4850 580 4882 ἰ
620 4847 810 4905 Matth.
837 4866 914 4913 xt,
937 4852 1027 4909 29.
1105 4852 1150 4887 θ’
1184 4852 1367 4909 l'l'im.
1398 4871 1482 4924 ιιι,
1517 4856 1570 4913 6.
1644 4858 1692 4891 ’³
1716 4858 1851 4917 Luc.
1876 4876 1986 4927 xlv,
2015 4860 2106 4917 ll.

464 4941 897 5035 {satureia
910 4946 1313 5035 ξύρφνεμδβὲ
1344 4951 1562 5035 mare
1581 4953 1755 5035 αὐγῆς
1783 4954 2045 5035 unus:

467 5028 596 5096 qatq
620 5015 718 5096 ent
737 5015 816 5096 eff)
855 5016 975 5096 Θειξε
1001 5015 1354 5096 static-citet.
1386 5015 1610 5096 Πρῶτον
1643 5015 1986 5096 citavi-iuvst
2011 5026 2045 5096 ἡ

459 5080 611 5166 *ξυκὴ
658 5080 865 5166 «me.
892 5080 1450 5166 ,εῖτςίὴγαλλέᾇσαῖά
1497 5093 1559 5166 τὸ
1596 5080 1814 5166 mitium
1852 5080 2047 5165 αὐτῆςῖ

471 5153 664 5234 Anima
691 5153 855 5224 igitur
880 5153 1472 5234 diaritejnagniﬁfabat
1501 5153 1804 5234 Dominum,
1826 5153 2049 5234 spiritus

466 5234 586 5273 rere
608 5226 722 5291 ejus
744 5226 1045 5282 exsultabat
1076 5230 1129 5283 in
1162 5226 1585 5290 Deo'Satcatore.
1605 5226 2049 5289 Primum'anima

465 5298 985 5414 ltlnsugnificubat
1011 5337 1026 5363 ,
1062 5300 1248 5355 deinde
1295 5303 1518 5371 spiritus
1564 5304 1679 5374 ejus
1720 5306 2045 5360 exsultabat.

522 5375 690 5418 usus.

539 5430 657 5512 (“lit
692 5431 901 5512 Facilem
933 5438 1146 5512 schftle
1178 5455 1192 5491 :
1231 5439 1607 5512 Μακαριοῦσί
1645 5460 1724 5512 με
1761 5442 1951 5498 πᾶσαι
1989 5449 2049 5499 αὶ

534 5500 694 5586 few},
716 5502 953 5586 δηλενύτι
985 5508 1093 5562 τῶν
1127 5500 1507 5586 πισξιιῖευόνίων,
1536 5513 1598 5565 οὐ
1635 5500 1699 5565 ab
1722 5514 1782 5565 δὲ
1819 5516 1980 5585 μόνον
2013 5517 2047 5586 ἠ

519 5573 778 5652 iliceti-st.
818 5573 1034 5652 Bi-azam
1084 5596 1171 5633 me
1194 5573 1612 5652 dicrntiomgnes
1642 5573 2038 5652 generationes,

462 5640 795 5724 credentium
822 5646 1081 5724 pidalicet,
1111 5666 1215 5724 non
1244 5651 1448 5724 tnsola
1486 5640 1778 5724 Elisabetft.
1817 5653 1893 5709 lo.

556 5712 669 5776 (23)
741 5712 961 5795 Videtur
1009 5726 1066 5795 et
1108 5720 1211 5795 hoc
1256 5722 1497 5776 additum
1567 5722 1667 5777 abs
1712 5722 2044 5795 lbet-(mylae

466 5794 699 5847 (smnus,
728 5784 865 5852 quod
893 5801 984 5840 nos
1014 5787 1288 5856 imperiam
1312 5807 1589 5861 passman
1613 5793 1900 5862 appellare.

2152 4594 2332 4657 potest
2363 4602 2552 4657 parete
2571 4626 2586 4651 ,
2616 4586 2720 4641 nisi
2756 4594 2972 4655 tempus
3002 4582 3242 4654 pariendi
3268 4592 3394 4637 ante
3429 4582 3735 4651 complevc-o

2153 4676 2255 4731 rit?
2294 4675 2409 4746 (26)
2436 4675 2541 4730 Sed
2567 4677 2661 4745 qui
2696 4674 3007 4745 Scripturas
3032 4672 3447 4743 diligentissime
3489 4682 3733 4726 contem-

2152 4767 2364 4838 platur,
2400 4776 2458 4823 et
2489 4768 2644 4822 audit
2685 4767 2947 4838 populum
2978 4767 3325 4837 loquentem,
3361 4763 3605 4818 attendat
3657 4764 3735 4816 le—

2218 4952 2332 5024 (26)
2370 4950 2583 5024 Ezeilcm
2624 4949 2870 5024 S_Cl10dll!_2
2891 4948 3126 5024 9:19:31}
3138 4938 3403 5024 pip-acuat
3436 4942 3516 4996 δεῖ
3548 4943 3610 5024 ἐγ
3630 4938 3733 5024 ὅλῃ

2146 5008 2445 5097 τῇῗπᾳλαιᾷ
2474 5020 2570 5097 atati.
2593 5021 2662 5097 Eii
2693 5021 2855 5097 καινῇ
2890 5017 2928 5069 Γ
2935 5008 3080 5097 ρᾰερῇ
3100 5008 3126 5077 ,’
3139 5008 3207 5097 ἐἰ
3231 5029 3345 5097 ’που⁹
3363 5008 3514 5097 Exitu
3540 5008 3729 5097 stipiti

2148 5080 2244 5149 ὲὲἱὶ
2295 5080 2949 5168 ἁμαρτωλοῦ”γενέσέως’
2973 5080 3260 5210 εὲρῆμςνον
3286 5081 3347 5135 τό
3364 5098 3402 5170 ἠ
3418 5080 3731 5168 Ἐπλιήσθγι

2148 5169 2182 5210 τι
2212 5163 2429 5210 νηόν-ορ
2461 5162 2568 5210 τοῦ
2609 5174 2827 5210 texam.
2859 5158 2973 5210 Οὐκ
3045 5173 3075 5208 ν
3098 5170 3206 5210 γαρ
3237 5168 3321 5210 τις
3347 5169 3517 5210 suam,
3545 5168 3618 5210 ως
3643 5146 3729 5203 οἷ·-

2146 5146 2568 5235 Ατοῦ
2609 5146 2827 5235 ζεὶιεῖν.
2859 5146 2978 5235 Οὖιε
3008 5146 3206 5235 ἇνξῇἀρ
3237 5168 3327 5235 tu;
3347 5151 3517 5235 εὖροι,
3545 5151 3618 5235 ὡς
3643 5146 3729 5203 οῑσὲ

2151 5220 2270 5307 pit,
2300 5220 2421 5286 60.)."
2442 5231 2579 5285 ὅπου
2608 5228 2921 5310 {attenuarat
2952 5226 3034 5310 ἔτι
3065 5220 3271 5310 stage;
3299 5220 3425 5310 me
3455 5220 3727 5310 ζεννεῦμε-

2147 5293 2266 5368 θος(
2282 5304 2439 5356 Οὕτω
2466 5302 2561 5354 καὶ
2580 5300 2675 5354 νῦν
2701 5293 3041 5370 etputare-cr
3062 5298 3129 5367 τῇ
3164 5293 3497 5370 tissime:th
3520 5293 3612 5343 τοῦ
3638 5307 3726 5342 τε-

2148 5361 2264 5428 κεῗν
2296 5373 2483 5443 χρόνος
2516 5361 2782 5440 ὲπλήσθηζ
2805 5361 2989 5438 ἐπειδὴ
3016 5361 3169 5443 ἆγίὸν
3203 5365 3399 5418 ἔτικτε.
3433 5361 3727 5443 Qbset'tvrtzt-

2149 5445 2279 5497 dum
2297 5431 2385 5497 'e'st
2417 5431 2485 5494 an
2519 5443 2574 5494 in
2610 5431 2891 5493 omnitum
2915 5431 3103 5502 veteri,
3136 5446 3248 5488 tum
3285 5450 3415 5487 nora
3447 5431 3725 5498 Scriptura

2152 5514 2351 5567 alicubt
2381 5514 2676 5580 reperiatur
2711 5510 2775 5562 de
2820 5507 3107 5580 peccatoris
3151 5507 3425 5580 ttatiritnte
3482 5502 3719 5580 dictum:

2150 5565 2448 5652 impletum.
2480 5591 2563 5635 est
2608 5565 3120 5652 tetnpus'jpatiendi.
3154 5574 3277 5652 Non
3308 5586 3435 5652 puto
3466 5565 3616 5652 ullibi
3654 5588 3727 5625 re~

2148 5642 2334 5723 periri,
2361 5654 2462 5723 nisi
2489 5650 2700 5723 quando
2714 5642 3025 5723 fasti—ortus
3048 5647 3380 5701 describitur.
3405 5642 3493 5723 I_ta
3518 5651 3564 5723 et
3588 5658 3726 5694 nunc

2145 5713 2344 5777 dicitur
2362 5713 2633 5776 Elisabctlt
2655 5713 2925 5788 impletum
2954 5735 3064 5772 esse
3090 5728 3288 5785 tempus
3309 5713 3573 5786 pariendi,
3593 5729 3726 5782 quo-

2146 5796 2292 5848 uiam
2319 5804 2558 5848 sanctum
2591 5790 2849 5862 pariebat.
2880 5789 2960 5846 lo.
