4132 6484
446 466 579 521 1829
1570 461 1636 515 IN
1677 460 1913 517 LUCAM
1956 461 1996 515 Il

2096 462 2241 517 LlLIA
2278 463 2417 517 Xltl.
3560 459 3692 511 tam

431 582 716 638 annuutiet
746 583 900 637 vobis
925 583 1184 651 quoniam
1206 590 1372 635 natus
1396 590 1479 635 est
1512 582 1668 636 vobis
1694 581 1855 637 hodie
1888 582 2010 635 Salo
2041 590 2082 646 Α
2115 583 2413 652 provinciis
2459 581 2922 652 cognoscendum.
2966 580 3105 633 Ante
3150 578 3441 634 adventum
3474 579 3688 633 Domini

428 681 588 725 \ator
611 713 626 739 ,
658 674 752 741 qui
792 680 879 725 est
910 670 1165 724 Christus
1199 669 1481 724 Dominus.
1517 669 1732 725 Etenim
1762 678 2007 740 pastores
2113 674 2411 729 Salvatoris
2432 716 2447 739 ,
2484 675 2575 728 isti
2619 673 2793 744 angeli
2822 688 3014 742 parum
3044 683 3295 742 poterant
3317 673 3538 728 creditis
3580 672 3689 725 sibi

427 765 802 820 licclesiarum
828 804 842 828 ,
886 763 993 817 nisi
1032 763 1124 817 ille
1158 771 1345 832 pastor
1372 763 1617 827 venerit,
1653 778 1748 833 per
1780 777 1839 817 se
1874 765 2010 817 bene

423 873 645 927 gregem
693 869 911 911 servare
959 867 1068 908 non
1117 863 1412 924 poterunt,
1461 854 1677 908 infirma
1708 863 2006 909 esteorum

422 948 675 1001 mistodia
704 988 718 1013 ,
752 946 857 1001 nisi
882 945 1144 1001 Christus
1176 960 1301 1000 cum
1335 945 1414 1001 eis
1444 944 1655 1015 paverit
1698 955 1862 1007 atque
1892 960 2010 1001 ser-

427 1054 485 1089 va
500 1039 654 1092 venit.
688 1036 901 1091 Dudum
935 1036 990 1091 in
1020 1036 1285 1106 Apostolo
1318 1034 1523 1093 lectum
1558 1046 1642 1093 est
1665 1039 1717 1101 ⁸,
1752 1036 1846 1091 Dei
1880 1052 2010 1092 coo-

424 1139 708 1200 peratores
741 1145 955 1186 sumus.
983 1127 1179 1185 Pastor
1203 1129 1401 1197 bonus,
1434 1130 1528 1201 qui
1559 1130 1803 1185 imitatur
1829 1139 2011 1200 pasto-

431 1234 543 1275 rem
592 1222 796 1276 bonum
821 1220 889 1288 ν,
945 1229 1270 1292 cooperator
1297 1229 1386 1278 est
1432 1221 1527 1277 Dei
1570 1230 1622 1277 et
1672 1221 1900 1276 Christi.
1943 1220 2008 1277 Et

424 1320 713 1382 propterea
749 1319 938 1383 pastor
980 1314 1157 1369 bonus
1200 1321 1283 1369 est
1306 1355 1326 1380 ,
1357 1314 1451 1385 qui
1496 1314 1661 1369 habet
1692 1328 1877 1368 secum
1911 1329 2008 1384 pa-

420 1411 631 1457 storem
665 1403 935 1472 optimum
980 1412 1417 1472 compascentem
1460 1404 1587 1460 sibi.
1621 1403 1811 1459 Posuit
1858 1405 2005 1458 enim

418 1491 573 1550 'Dcus
599 1493 654 1547 in
687 1491 929 1548 Ecclesia
954 1493 1255 1564 apostolos,
1284 1496 1600 1566 prophetas,
1620 1497 2003 1568 evangelistas,

424 1594 711 1655 pastores,
763 1584 1053 1651 doctores,
1104 1588 1289 1641 omnia
1329 1587 1383 1640 in
1418 1587 1751 1656 perfectione
1781 1598 2007 1643 sancto-

419 1690 547 1731 rum
566 1677 607 1730 °.
634 1674 701 1731 Et
718 1677 831 1731 hare
854 1674 1073 1747 quidem
1092 1687 1220 1732 sunt
1237 1676 1378 1733 dicta
1394 1679 1719 1748 simplicius.
1734 1680 2003 1737 Caeterum

424 1767 473 1821 si
503 1767 569 1822 ad
601 1768 955 1823 sacratiorem
987 1776 1202 1838 oportet
1234 1770 1533 1825 ascendere
1561 1771 2001 1841 intelligentiam,

420 1861 605 1916 dicam
628 1863 893 1932 quosdam
922 1861 1091 1918 fuisse
1117 1870 1364 1932 pastores
1396 1865 1618 1934 angelos
1650 1866 1743 1936 qui
1776 1881 1863 1921 res
1889 1866 1996 1920 bu-

2112 767 2363 822 utilitatis
2426 764 2660 831 aderre,
2725 774 2782 820 et
2838 773 3071 819 conatus
3126 780 3316 819 eorum
3377 764 3532 835 sequi
3577 780 3687 818 non

2109 858 2323 913 valebat
2388 857 2635 912 cll‘ectus.
2692 853 2977 921 Quoddam
3038 864 3124 909 est
3190 855 3454 923 signum,
3520 869 3688 922 qnam

2108 964 2302 1020 parum
2344 947 2605 1020 prodesse
2642 955 2898 1018 poterant
2933 946 3211 1015 subjectis.
3249 945 3511 1001 Ausculta
3539 946 3688 1013 quod

2108 1041 2386 1097 dicimus:
2437 1038 2669 1106 Quando
2704 1040 2932 1110 angelus
2974 1038 3358 1109 Aigyptiorum
3397 1036 3688 1107 Egyptios

2108 1132 2431 1203 adiuvabat,
2466 1132 2556 1186 vix
2587 1148 2736 1190 unus
2766 1132 3077 1202 proselytus
3106 1130 3361 1186 credebat
3394 1129 3450 1185 in
3478 1128 3647 1183 Deum
3668 1170 3685 1195 ,

2109 1232 2162 1280 et
2189 1224 2292 1279 hoc
2319 1224 2502 1290 ﬁebat,
2523 1223 2809 1297 Egyptios
2832 1225 3024 1295 angelo
3044 1224 3412 1293 dispensante.
3443 1219 3688 1290 Denique

2107 1316 2235 1387 quia
2265 1316 2513 1387 plerique
2542 1318 2609 1371 de
2640 1316 2914 1388 Egyptiis
2944 1324 2997 1370 et
3025 1314 3279 1371 ldumzeis
3309 1314 3567 1385 proselyti
3592 1328 3687 1367 ac-

2107 1407 2384 1475 cipiebant
2412 1407 2571 1462 tidem
2605 1408 2832 1471 Christi,
2866 1416 3152 1478 propterea
3198 1406 3476 1477 Scriptura
3505 1405 3637 1459 dicit
3668 1420 3683 1459 :

2110 1496 2163 1551 Ν
2167 1513 2234 1551 οη
2252 1498 2644 1552 abominaberis
2668 1497 3008 1568 Afygptium,
3024 1499 3275 1568 quoniam
3296 1497 3511 1551 advena!
3525 1499 3686 1549 erat's

2107 1588 2160 1640 in
2192 1598 2334 1640 terra
2364 1584 2607 1656 zEgypti,
2636 1595 2689 1640 et
2717 1585 3016 1640 Idumcum
3040 1626 3060 1651 ,
3084 1585 3213 1654 quia
3238 1584 3406 1653 frater
3441 1593 3561 1636 tuus
3585 1594 3686 1635 est.

2108 1676 2245 1732 Filii
2275 1678 2322 1731 si
2352 1677 2468 1730 nati
2513 1677 2707 1745 fuerint
2740 1676 2849 1743 eis,
2874 1677 2929 1730 in
2961 1676 3293 1745 generatione
3330 1675 3487 1728 tertia
3517 1673 3687 1727 intra-

2107 1766 2232 1820 bunt
2276 1768 2333 1819 in
2383 1766 2678 1820 Ecclesth
2724 1765 2822 1819 Dei
2846 1765 2889 1818 ⁸.
2938 1764 3116 1834 Atque
3162 1763 3237 1817 ita
3283 1762 3478 1831 (lebat,
3519 1773 3579 1817 ut
3616 1762 3689 1817 do

2107 1858 2363 1914 omnibus
2391 1857 2647 1928 gentibus
2673 1856 2921 1911 nonnulli
2956 1854 3213 1926 proselyti
3248 1854 3474 1920 fierent,
3503 1863 3556 1907 et
3584 1853 3687 1909 hoc

418 1968 617 2008 manas
644 1928 911 2024 regerent.
941 1953 1008 2008 Et
1040 1928 1165 2010 cum
1204 1954 1400 2010 horum
1432 1928 1809 2027 unusquisque
1841 1972 1996 2012 suam
2031 1928 2072 1983 Β
2102 1954 2281 2023 ipsum
2312 1952 2542 2022 angelis,
2574 1950 2671 2021 qui
2702 1960 2894 2021 gentes
2924 1948 3198 2004 habebant
3226 1947 3497 2009 subditas,
3526 1946 3684 2001 adni-

417 2044 731 2098 eustodiam
768 2055 1138 2113 conservaret,
1169 2055 1224 2101 et
1252 2047 1448 2104 diebus
1488 2062 1552 2103 ac
1582 2048 1836 2103 noctibus
1862 2049 1999 2119 vigi-

416 2134 544 2190 lans
578 2135 691 2206 jam
732 2135 974 2193 laborem
1006 2136 1149 2194 ferre
1199 2153 1307 2194 non
1339 2148 1558 2210 posset,
1601 2148 1656 2195 et
1688 2140 1792 2195 hoc
1817 2151 2002 2212 ageret

416 2228 712 2296 industrie,
746 2240 809 2285 ut
836 2241 1022 2301 gen-tes
1055 2246 1177 2302 quae
1216 2231 1319 2287 sibi
1363 2232 1584 2287 creditas
1614 2232 1864 2296 fuerant,
1895 2249 2001 2303 gu-

418 2321 698 2386 bernaret,
732 2324 945 2378 venisse
979 2308 1230 2394 angelum
1256 2333 1388 2380 nato
1412 2323 1667 2392 Domino,
1700 2334 1754 2380 et
1780 2340 1998 2380 annun-

423 2414 593 2468 tiasse
625 2414 957 2483 pastoribus,
990 2415 1135 2485 quod
1146 2431 1328 2501 'verus
1361 2425 1507 2473 esset
1538 2425 1726 2486 pastor
1751 2425 1994 2471 exortus.

425 2502 587 2558 Verbi
618 2508 814 2576 gratia,
848 2516 905 2561 ιιι
930 2507 996 2561 ad
1025 2507 1333 2578 exemplum
1362 2508 1599 2571 veniam,
1627 2516 1742 2562 erat
1770 2507 1994 2578 quidam

420 2604 609 2663 pastor
642 2596 992 2663 Macedoniae,
1032 2598 1123 2654 bic
1153 2599 1523 2654 necessarium
1568 2598 1803 2653 habebat
1836 2598 1996 2652 auxi-

421 2687 555 2741 lium
601 2687 865 2742 Domini:
914 2699 1197 2759 propterca
1248 2690 1500 2759 apparuit
1550 2690 1605 2744 in
1657 2690 1866 2745 somnis
1911 2693 1998 2745 vir

425 2778 649 2835 Macedo
678 2779 880 2846 Paulo,
921 2784 1143 2839 dicens:
1179 2782 1463 2840 Transieiis
1485 2785 1539 2837 in
1589 2782 1954 2838 Macedonian
1977 2823 1992 2847 ,

418 2872 619 2942 adjuca
646 2892 741 2929 nos
768 2875 807 2928 τ.
841 2864 979 2942 Quid
1010 2877 1078 2930 de
1103 2874 1275 2931 Paulo
1305 2876 1544 2947 loquar?
1569 2892 1693 2933 cum
1738 2876 1855 2932 haec
1881 2892 1993 2934 non

416 2957 624 3027 faulo,
669 2963 763 3018 sed
800 2965 894 3034 qui
944 2964 999 3019 in
1036 2963 1206 3021 Paulo
1237 2977 1385 3034 erat,
1421 2968 1639 3023 locutus
1685 2969 1756 3024 sit
1791 2966 1998 3024 Jesus?

420 3049 668 3123 ludigent
703 3055 888 3125 itaque
913 3065 1160 3126 pastores
1187 3060 1474 3128 prmsentia
1507 3059 1733 3117 Christi.
1784 3061 1994 3128 Quam-

412 3144 604 3199 obrem
650 3147 876 3217 angelus
919 3150 1198 3205 descendit
1237 3152 1305 3207 de
1341 3154 1502 3218 ctelo,
1549 3163 1604 3209 ct
1642 3155 1759 3210 ait:
1811 3154 1994 3211 Nolite

420 3237 621 3290 timere.
658 3236 794 3292 Ecce
821 3241 960 3293 enim
991 3244 1250 3296 annuntio
1282 3245 1424 3300 vobis
1445 3245 1697 3316 gaudium
1721 3263 1989 3317 magnum.
2018 3268 2065 3327 α

410 3324 556 3382 ‘Vere
580 3330 837 3398 gaudium
863 3346 1142 3399 magnum,
1162 3335 1248 3390 his
1279 3336 1481 3406 quibus
1513 3337 1796 3392 hominum
1820 3339 1999 3395 fuerat

414 3428 473 3471 et
512 3420 918 3488 provinciarum
949 3440 1080 3479 cura
1128 3428 1425 3495 permissa,
1467 3427 1748 3484 Christum
1783 3431 1997 3488 venisse

412 3508 474 3564 in
512 3514 798 3569 mundum.
837 3513 1064 3569 Multum
1099 3517 1347 3574 utilitatis
1380 3520 1589 3589 accepit
1621 3522 1866 3593 angelus,
1900 3523 1995 3595 qui

417 3603 769 3671 dispensabat
799 3604 1084 3678 Egyptias
1116 3624 1237 3670 res,
1266 3619 1555 3680 postquam
1590 3611 1853 3669 Dominus
1895 3616 1994 3670 de-

413 3693 627 3747 scendit
649 3709 677 3747 e
698 3694 856 3758 casio,
883 3704 942 3749 ut
968 3695 1204 3767 IEgyptii
1230 3699 1526 3753 Christiani
1555 3700 1763 3756 flexerit.
1782 3701 1994 3759 Profuit

414 3786 469 3831 et
527 3781 780 3846 cunctis,
848 3783 940 3851 qui
998 3784 1243 3841 diversas
1292 3789 1603 3857 provincias
1658 3790 1992 3849 obtinebant.

414 3865 581 3923 Verbi
615 3886 803 3937 causa,
830 3874 1045 3943 praesidi
1075 3873 1429 3947 Macedoniae,
1477 3882 1692 3951 prazsidi
1736 3882 1992 3950 Achaiae,

415 3959 867 4032 reliquarumque
894 3966 1209 4042 regionum.
1254 3965 1441 4040 Neque
1481 3972 1625 4027 enim
1656 3971 1740 4028 fas
1763 3984 1849 4030 est
1871 3991 1992 4032 cre-

412 4047 546 4103 dere
595 4048 767 4105 malos
822 4053 1043 4124 angelos
1098 4056 1216 4110 suis
1261 4073 1496 4128 praeesse
1552 4063 1885 4132 provinciis,
1939 4075 1994 4122 et

416 4138 593 4195 bonos
614 4155 721 4194 non
743 4143 960 4198 easdem
987 4147 1298 4215 provincias
1322 4149 1521 4206 habere
1543 4155 1858 4222 permissas.
1879 4155 1992 4215 Hoc

416 4239 598 4285 autem
634 4235 780 4303 quod
812 4234 878 4289 de
904 4236 1134 4306 singulis
1152 4240 1450 4308 provinciis
1482 4243 1634 4311 dicit,
1667 4256 1802 4316 puto
1825 4249 1989 4304 etiam

415 4321 484 4375 de
512 4324 783 4380 universis
818 4326 1132 4385 hominibus
1164 4333 1487 4401 generaliter
1515 4334 1715 4394 debere
1746 4340 1986 4396 credere.

416 4410 723 4484 Unicuique
754 4416 862 4472 duo
890 4420 1155 4476 assistunt
1184 4423 1362 4494 angeli
1400 4425 1544 4497 (52),
1576 4428 1711 4484 alter
1729 4430 1987 4500 iustitiae,

415 4503 554 4560 alter
605 4506 928 4576 iniquitatis.
984 4510 1040 4566 Si
1098 4513 1256 4569 bona:
1307 4518 1664 4588 cogitationes
1719 4521 1773 4576 in
1827 4525 1990 4580 corde

2104 2043 2368 2098 tentibus.
2412 2041 2568 2098 Nunc
2603 2052 2784 2096 autem
2823 2039 3007 2111 populi
3039 2039 3380 2094 credentium
3414 2039 3687 2094 accedunt

2101 2136 2169 2189 ad
2223 2135 2384 2190 iidem
2427 2132 2557 2188 Jesn
2585 2175 2601 2198 ,
2636 2144 2692 2188 et
2736 2132 2914 2202 angeli
2964 2131 3167 2200 quibus
3211 2130 3434 2185 credite
3481 2127 3686 2185 fuerint

2101 2225 2378 2290 Ecclesiae,
2411 2224 2652 2280 roborati
2684 2221 2975 2294 praesentia
3001 2219 3326 2286 Salvatoris,
3357 2219 3559 2274 multos
3583 2221 3684 2274 ad-

2099 2317 2308 2372 ducunt
2348 2315 2691 2386 proselytos,
2738 2322 2800 2368 ut
2834 2319 3239 2383 congregemur
3274 2310 3329 2364 in
3360 2310 3511 2365 omni
3553 2309 3686 2363 orbe

2098 2407 2480 2463 conventicula
2527 2406 2988 2462 Christianorum.
3048 2401 3393 2472 Quapropter
3444 2415 3684 2455 consur-

2099 2511 2284 2572 gentes
2315 2500 2605 2555 laudemus
2650 2498 2942 2554 Dominum
2968 2536 2985 2559 ,
3018 2504 3073 2550 et
3106 2495 3303 2548 [lamus
3343 2508 3445 2562 pro
3473 2492 3684 2548 carnali

2099 2591 2265 2649 lsrael
2291 2631 2307 2657 ,
2347 2591 2612 2662 spiritalis
2657 2589 2847 2644 lsrael.
2888 2587 3286 2643 Benedicamus
3319 2583 3680 2653 omnipotenti

2099 2681 2209 2739 Deo
2231 2697 2415 2754 opere,
2432 2682 2787 2754 cogitatione,
2805 2694 3078 2745 sermone,
3104 2678 3158 2730 in
3177 2675 3399 2731 Christo
3418 2673 3572 2740 Jesu,
3592 2675 3681 2730 cui

2096 2786 2179 2831 est
2204 2774 2382 2846 gloria
2405 2784 2462 2831 et
2482 2774 2778 2844 imperium
2805 2772 2860 2826 in
2887 2770 3086 2826 saecula
3116 2769 3461 2825 saeculorum.
3480 2767 3677 2828 Amen.

2663 2884 2948 2941 HOMILIA
2979 2881 3115 2937 XIII.

2098 3003 2177 3060 De
2208 3021 2267 3059 eo
2301 3004 2439 3075 quod
2475 3004 2733 3075 scriptum
2761 3010 2837 3055 est
2862 3017 2882 3053 :
2912 3020 2935 3051 ι
2982 2997 3345 3075 Etjactasst
3396 2996 3695 3075 nntttinido‘

2164 3068 2427 3130 exercitus
2458 3068 2680 3128 caelestis
2702 3113 2716 3137 ,
2757 3090 2778 3123 ι
2812 3085 2979 3139 usque
3003 3069 3072 3121 ad
3094 3084 3215 3139 eum
3243 3069 3416 3121 locum
3442 3068 3530 3120 ubi
3560 3068 3634 3120 ait
3660 3081 3679 3120 :

2165 3145 2532 3270 alma-tm:
2547 3142 2785 3197 Matium
2796 3151 2844 3194 et
2859 3138 3043 3195 Iesum
3057 3138 3290 3208 positum
3308 3140 3359 3193 in
3372 3153 3625 3208 ιιι-ωερε.
3655 3157 3674 3191 ι

2217 3231 2306 3270 ao.
2337 3231 2399 3270 ιι.

2217 3231 2306 3284 ap.
2337 3231 2399 3271 ιι.

2155 3317 2424 3375 Dominus
2482 3326 2668 3375 noster
2693 3327 2854 3388 atque
2885 3318 3135 3376 Salvator
3158 3322 3401 3377 nascitur
3424 3322 3475 3377 in
3508 3322 3669 3379 Both.

2084 3411 2284 3474 lehem,
2309 3420 2370 3466 et
2406 3411 2698 3467 multitudo
2727 3412 2964 3468 caelestis
2987 3414 3259 3469 exercitus
3290 3416 3471 3473 laudat
3496 3417 3664 3472 Deum

2085 3512 2141 3557 et
2165 3502 2299 3557 dicit
2326 3519 2339 3554 :
2372 3503 2557 3559 Gloria
2583 3504 2640 3557 in
2664 3504 2881 3559 excelsis
2911 3505 3039 3569 Deo,
3074 3516 3124 3560 et
3150 3522 3309 3575 super
3334 3516 3531 3562 terram
3553 3524 3668 3577 pa:

2085 3594 2378 3648 hominibus
2407 3595 2553 3648 bent:
2576 3594 2880 3649 uoluntatis.
2910 3595 3039 3651 limo
3066 3605 3244 3652 autem
3274 3598 3511 3667 loquitur
3534 3603 3668 3655 ntul-

2085 3686 2257 3741 titudo
2280 3685 2518 3740 calcatis
2538 3685 2827 3752 exercitus,
2850 3688 2975 3755 quia
2993 3688 3103 3754 jam
3130 3688 3404 3744 defecerat
3425 3693 3666 3759 ναίειν-ιθ

2086 3777 2396 3833 hominibus
2437 3776 2731 3843 auxilium,
2763 3786 2820 3833 et
2862 3779 3079 3834 videbat
3109 3796 3169 3836 se
3199 3796 3337 3851 opus
3382 3784 3529 3853 quod
3560 3784 3664 3840 sibi

2083 3871 2349 3926 creditum
2380 3869 2579 3936 fuerat,
2616 3869 2846 3941 implere
2889 3886 3002 3926 non
3038 3887 3199 3942 posse
3229 3874 3432 3945 absque
3462 3890 3529 3930 eo
3568 3879 3663 3943 qui

2088 3982 2221 4022 vere
2252 3967 2469 4023 salvare
2496 3976 2711 4039 poterat
2730 4007 2745 4033 ,
2778 3977 2836 4024 et
2865 3966 3123 4037 praesules
3165 3980 3384 4035 quoque
3409 3964 3559 4036 ipsos
3582 3962 3675 4031 ju~

2095 4076 2258 4127 vare,
2319 4071 2382 4117 ut
2437 4060 2689 4115 homines
2739 4059 3104 4113 salvareutur.
3164 4055 3455 4123 Quomodo
3509 4056 3673 4126 igitur

2092 4155 2357 4223 scriptum
2404 4163 2488 4210 est
2537 4152 2595 4207 iu
2642 4149 2935 4222 Evangelia
2955 4151 2998 4217 ’,
3026 4148 3178 4219 quod
3228 4148 3449 4217 quidam
3499 4148 3671 4201 remis

2086 4245 2366 4300 sulcantes
2390 4257 2541 4299 mare
2558 4241 2827 4296 adversus
2851 4239 3162 4295 contrarios
3186 4246 3376 4293 ventos
3396 4237 3509 4307 jam
3540 4236 3668 4292 fessi

2084 4345 2282 4401 erant,
2317 4344 2372 4390 et
2419 4333 2610 4405 viginti
2644 4332 2926 4402 quinque,
2964 4330 3083 4385 sive
3111 4328 3334 4401 triginta
3363 4327 3553 4385 stadiis
3590 4327 3671 4382 la-

2092 4428 2384 4491 borantes,
2412 4434 2630 4495 portum
2674 4432 2857 4477 tenere
2890 4436 3001 4477 non
3052 4429 3339 4491 poterant,
3382 4426 3435 4474 et
3480 4427 3667 4489 postea

2093 4518 2363 4573 Dominus
2394 4513 2749 4585 supervenit,
2777 4522 2832 4568 et
2856 4513 3140 4584 quiescere
3184 4510 3315 4567 fecit
3344 4510 3545 4564 ﬂuctus
3579 4519 3668 4565 ιιι-

415 4605 606 4650 nostro
632 4595 855 4664 fuerint,
884 4606 938 4654 et
968 4601 1021 4654 in
1049 4601 1231 4658 animo
1258 4605 1470 4674 iustitia
1494 4607 1809 4677 pullularit,
1839 4611 1986 4666 haud
2017 4603 2063 4658 D
2094 4616 2324 4671 mentes,
2352 4618 2655 4673 navemque
2684 4602 2844 4672 cuius
2868 4603 2999 4663 hinc
3025 4602 3148 4658 inde
3168 4601 3337 4656 latera
3366 4588 3668 4655 tondeban-

412 4684 643 4741 dubium
688 4689 821 4759 quin
867 4692 1027 4748 nobis
1076 4693 1334 4764 loquatur
1376 4699 1601 4769 angelus
1634 4697 1871 4756 Domini.
1924 4700 1985 4757 Si

415 4792 548 4832 vero
577 4780 719 4834 mala
753 4778 955 4837 fuerint
980 4784 1033 4837 in
1064 4793 1254 4840 nostro
1284 4787 1451 4841 corde
1478 4798 1712 4855 versata,
1744 4790 1987 4861 loquitur

416 4866 575 4922 nobis
600 4869 825 4939 angelus
857 4869 1078 4926 diaboli.
1114 4871 1402 4939 Quomodo
1425 4875 1588 4943 igitur
1616 4891 1713 4944 per
1739 4876 1984 4948 singulos

410 4957 666 5016 homines
688 4961 855 5034 946
875 4962 984 5017 bini
1016 4972 1145 5019 sunt
1170 4965 1366 5034 angeli,
1395 4966 1477 5021 sic
1501 4966 1696 5036 opinor
1715 4978 1773 5022 et
1800 4969 1853 5022 in
1879 4970 1985 5025 sin-

419 5053 559 5117 gulis
584 5055 829 5122 dispares
855 5070 975 5109 esse
1007 5055 1324 5124 provinciis,
1356 5066 1416 5111 ut
1448 5058 1559 5112 sint
1594 5068 1648 5113 et
1680 5058 1807 5114 boni
1828 5099 1845 5127 ,
1878 5061 1988 5116 sint

417 5151 472 5194 et
512 5144 659 5198 ntali.
716 5144 872 5201 Verbi
917 5147 1090 5216 gratia
1117 5187 1132 5210 ,
1166 5147 1221 5201 in
1251 5147 1466 5218 Epheso
1507 5160 1727 5221 propter
1766 5166 1863 5208 eos
1886 5154 1983 5221 qui

420 5232 472 5287 iu
508 5234 597 5288 illa
642 5237 775 5290 urbe
814 5247 1126 5307 peccatores
1154 5250 1333 5305 erant,
1377 5242 1601 5308 pessimi
1640 5244 1813 5312 angeli
1843 5261 1984 5315 prte—

419 5325 686 5381 sidebant.
716 5327 930 5385 Rursus
954 5331 1087 5401 quia
1120 5332 1278 5387 multi
1310 5341 1468 5387 erant
1497 5334 1779 5390 credentes
1806 5336 1863 5390 in
1890 5352 1984 5403 ea,

416 5426 605 5471 eratet
628 5420 852 5489 angelus
876 5420 1132 5478 Ecclesia:
1162 5422 1542 5493 Ephesiorum,
1570 5425 1759 5496 utique
1786 5427 1979 5483 bonus.

416 5508 529 5563 lioe
552 5519 730 5564 autent
755 5516 898 5580 quod
922 5515 992 5569 de
1018 5514 1231 5585 Epheso
1253 5516 1509 5579 diximus,
1537 5532 1703 5586 super
1728 5519 1983 5574 omnibus

2093 4708 2201 4764 tur,
2235 4698 2305 4752 ab
2328 4696 2639 4751 imminenti
2664 4694 2986 4751 discrimine
3012 4693 3290 4758 liberavit;
3325 4693 3406 4746 sic
3431 4691 3668 4764 intelligo

2085 4788 2350 4858 quoniam
2378 4794 2429 4840 et
2458 4785 2635 4855 angeli
2664 4785 2918 4840 volebant
2940 4784 3160 4853 quidem
3190 4781 3503 4837 hominibus
3527 4796 3667 4852 prae-

2091 4882 2218 4936 bere
2244 4879 2533 4945 auxilium,
2549 4886 2604 4933 et
2628 4878 2710 4932 eis
2728 4877 2797 4931 ab
2821 4875 3266 4947 aigrotatiouibus
3287 4875 3406 4929 suis
3427 4873 3664 4928 tribuere

2093 4972 2415 5033 sanitatem,
2452 4970 2579 5039 quia
2612 4985 2789 5022 omnes
2820 4978 2947 5021 sunt
2984 4967 3313 5036 apparitores
3348 4965 3563 5033 spiritus
3607 4966 3664 5019 in

2091 5063 2448 5117 ministerium
2474 5061 2628 5116 missi
2656 5068 2869 5128 propter
2895 5075 2980 5113 eos
3009 5058 3098 5129 qui
3125 5059 3392 5113 consecuti
3418 5069 3538 5110 sunt
3569 5075 3661 5110 sa-

2090 5154 2253 5208 lutent
2280 5153 2359 5205 ὀε
2405 5152 2499 5222 qui
2533 5158 2796 5221 quantum
2839 5149 2892 5202 in
2934 5150 3049 5203 suis
3094 5148 3301 5203 viribus
3329 5158 3466 5214 erat,
3502 5147 3661 5216 adju-

2084 5246 2286 5301 vabant
2322 5244 2588 5299 homines.
2624 5240 2894 5296 Videbam
2932 5227 3319 5294 autemamulto
3350 5238 3658 5292 inferiorem

2084 5354 2240 5395 suam
2266 5353 2386 5393 esse
2414 5336 2761 5400 medicinam,
2787 5349 2950 5403 quam
2976 5333 3190 5387 illorum
3221 5347 3349 5385 cura
3375 5330 3657 5401 poscebat.

2087 5429 2256 5483 Porro
2289 5435 2349 5481 ut
2397 5428 2463 5481 de
2506 5426 2756 5495 exemplo
2788 5424 2966 5495 possis
3010 5423 3306 5493 uitelligerc
3345 5422 3489 5490 quod
3523 5421 3659 5475 dici-

2085 5535 2231 5584 mus,
2264 5518 2386 5575 vide
2417 5518 2550 5572 inilii
2583 5517 2771 5570 urbem
2806 5516 2859 5569 iu
2888 5530 2994 5585 qua
3025 5522 3282 5585 tegi-olent
3322 5512 3563 5583 plurimi,
3603 5522 3658 5565 ct

487 5625 818 5704 imor-tl).
846 5630 900 5683 9.
966 5630 1280 5689 "scamx.
1337 5633 1579 5704 "Epiros.
1621 5633 1933 5698 w,1t,ts.
2002 5634 2165 5688 Ἀρι.
2197 5650 2308 5698 xvi,
2341 5634 2395 5689 9.
2465 5628 2998 5695 'Deut.xxm,7,‘8.
3069 5625 3314 5683 ’Joann.
3343 5624 3654 5694 νι,19,2σί.

416 5695 459 5728 ⁸ο
484 5695 691 5762 llcbm,
722 5699 808 5753 li.

486 5790 601 5860 (δῖ)
630 5790 702 5845 De
743 5793 950 5863 angelis
974 5793 1258 5848 hominum
1297 5794 1827 5864 provinciarumque
1852 5793 2114 5849 custodia!
2156 5791 2427 5862 praefectis
2458 5808 2530 5847 ex
2559 5792 2827 5864 Origenis
2868 5791 3135 5849 sententia
3188 5788 3308 5861 (qui
3345 5796 3522 5842 tamen
3577 5784 3659 5844 sie

412 5857 798 5931 bitnct'parum
821 5857 1083 5918 constans
1118 5864 1254 5935 fuit)
1286 5857 1529 5919 dicemus
1556 5857 1973 5934 paulo'inl’erius
2008 5864 2077 5919 ad
2116 5857 2308 5919 liomil.
2337 5864 2407 5918 23
2434 5872 2487 5919 et
2518 5862 2610 5919 55.
