4132 6464
478 436 605 493 1851

1933 440 2262 497 OIHGENIS

3597 449 3623 503 l
3634 448 3736 505 $52

473 554 808 609 medicorum
828 554 1083 625 frequens
1106 553 1429 610 adhibeatur
1453 570 1680 612 manus:
1704 557 1815 612 sint
1836 557 2052 614 diversa
2082 565 2124 620 Α
2156 570 2367 630 patens.
2406 560 2471 616 Et
2501 562 2777 633 quomodo
2810 563 2972 619 homo
3003 564 3050 618 si
3080 562 3430 618 commissam
3472 563 3577 617 sibi
3622 566 3736 618 dis-

472 645 721 712 vulnera,
755 646 998 715 quotidie
1029 647 1082 698 in
1113 655 1419 700 einortuam
1446 662 1666 702 carnem
1697 662 1924 718 serpens
1950 665 2053 718 pu-

474 738 627 792 tredo
654 749 930 807 penetret:
960 747 1014 792 et
1039 749 1218 791 tamen
1243 738 1437 793 medici
1461 740 1555 809 qui
1582 739 1808 794 adhibiti
1834 751 1962 796 sunt
1983 741 2050 795 ad

473 829 800 892 curandum,
820 839 1095 898 nequeant
1115 830 1223 883 alia
1242 830 1384 884 ultra
1408 829 1651 887 invenire
1669 833 2050 896 medicamina,

472 929 525 973 et
563 920 698 973 artis
723 935 839 974 suae
884 920 1111 975 scientia
1166 921 1595 991 magnitudinem
1626 924 1754 978 mali
1792 925 2049 990 vincere;

472 1027 595 1064 cum
634 1012 746 1065 haec
789 1012 841 1065 in
880 1013 1081 1066 talibus
1107 1013 1250 1067 nacti
1296 1013 1442 1077 sint,
1485 1015 1701 1070 eveniat
1731 1015 1929 1086 aliquis
1964 1033 2053 1070 ar-

471 1103 682 1157 chiater
708 1102 799 1173 qui
837 1103 1034 1157 habeat
1067 1120 1341 1159 summam
1376 1105 1428 1158 in
1452 1116 1568 1161 arte
1596 1107 1865 1172 notitiam,
1897 1123 1945 1162 et
1975 1108 2049 1162 illi

468 1195 561 1264 qui
616 1196 767 1264 prius
814 1200 1013 1253 sanare
1062 1197 1425 1268 nequiverant
1470 1211 1755 1254 cernentes
1806 1201 2050 1269 magistri

468 1302 633 1341 manu
665 1289 981 1358 putredines
1015 1305 1234 1346 cessare
1266 1290 1574 1356 vulnerum,
1610 1308 1718 1346 non
1752 1293 2050 1358 invideant,

468 1391 578 1431 non
616 1378 785 1434 livore
818 1382 1167 1445 crucientur,
1196 1383 1289 1438 sed
1333 1384 1387 1437 in
1419 1384 1608 1438 laudes
1636 1394 1926 1453 erumpant
1954 1400 2045 1439 ar-

467 1467 686 1533 chiatri,
711 1478 767 1523 et
800 1471 1097 1539 praedicent
1125 1471 1293 1526 Deum
1323 1472 1416 1542 qui
1440 1481 1495 1527 et
1523 1473 1627 1528 sibi
1650 1482 1706 1527 et
1735 1475 2051 1544 aegrotanti-

468 1559 757 1615 bustantae
780 1562 1021 1617 scientiae
1056 1563 1332 1619 hominem
1366 1565 1596 1620 miserit.
1649 1564 1705 1619 In
1747 1565 1890 1622 hanc
1921 1581 2051 1638 ergo

469 1651 884 1707 similitudinem
946 1662 1000 1708 et
1056 1655 1353 1711 multitudo
1405 1657 1682 1713 exercitus
1728 1658 2046 1728 angelorum

469 1744 651 1797 audita
682 1753 765 1799 est
794 1746 1018 1801 dicens:
1057 1746 1243 1801 Gloria
1279 1750 1332 1801 in
1365 1748 1589 1804 excelsis
1630 1750 1768 1815 Deo,
1811 1760 1860 1805 et
1891 1768 2050 1821 super

468 1845 664 1889 terram
689 1852 797 1906 pax
818 1837 871 1890 in
905 1837 1205 1893 hominibus
1232 1840 1381 1895 bona?
1411 1842 1721 1897 voluntatis.
1746 1840 2045 1912 Postquam

465 1927 609 1981 enim
652 1929 913 1983 Dominus
959 1932 1109 1985 Venit
1153 1932 1221 1986 ad
1275 1942 1512 1996 terram,
1556 1950 1742 2003 pacem
1784 1936 1910 1991 fecit
1955 1951 2049 2005 per

466 2022 788 2089 sanguinem
826 2024 1006 2079 crucis
1054 2040 1189 2089 sunt,
1233 2027 1350 2082 sive
1397 2041 1587 2082 eorum
1619 2044 1739 2099 quae
1800 2030 1852 2084 in
1902 2039 2047 2086 terra

466 2119 642 2176 craul,
662 2112 778 2187 sive
804 2128 995 2167 eorum
1028 2131 1150 2184 qute
1181 2118 1233 2171 in
1263 2118 1427 2172 caelis
1460 2120 1522 2170 ιι.
1551 2117 1832 2189 Siquidem
1862 2122 2049 2176 volen-

467 2211 550 2255 tes
574 2203 750 2272 angeli
778 2213 834 2259 ut
863 2207 1286 2262 recordarentur
1328 2210 1580 2264 homines
1629 2210 1894 2266 creatoris
1938 2212 2045 2278 sui,

468 2307 592 2345 eum
623 2292 883 2349 fecissent
913 2298 1095 2351 omnia
1130 2314 1254 2368 quae
1302 2299 1354 2353 in
1388 2301 1506 2354 suis
1536 2300 1743 2356 viribus
1765 2311 1941 2366 erant,
1991 2311 2052 2358 ut

468 2396 819 2451 sanarentur,
856 2396 910 2441 et
956 2390 1260 2445 noluissent
1301 2392 1376 2444 illi
1420 2393 1690 2462 respicere
1733 2395 2047 2463 sanitatem,

466 2488 701 2531 cernunt
739 2495 860 2532 eum
893 2481 985 2549 qui
1017 2497 1215 2535 sanare
1239 2485 1435 2553 potuit,
1466 2494 1520 2540 et
1565 2486 1936 2556 gloriﬁcantes
1973 2488 2050 2543 di-

466 2578 600 2622 cant
635 2583 651 2620 :
707 2567 891 2624 Gloria
942 2572 997 2624 in
1027 2573 1248 2628 excelsis
1281 2574 1385 2629 Deo
1437 2587 1485 2630 et
1517 2594 1674 2647 super
1701 2588 1895 2632 terram
1917 2594 2050 2649 pas).

467 2658 708 2729 Diligens
732 2660 1035 2729 Scriptura:
1071 2664 1242 2719 lector
1270 2666 1511 2736 inquii-at
1543 2668 1822 2738 quomodo
1855 2669 2047 2726 Salva-

467 2757 553 2803 tor
581 2751 824 2821 loquitur
860 2753 904 2784 ¹²
938 2771 951 2807 :
988 2752 1109 2808 Non
1148 2758 1259 2809 veni
1291 2774 1472 2827 pacem
1514 2761 1720 2815 mittere
1756 2778 1912 2831 super
1945 2774 2051 2818 ter-

468 2858 606 2907 iam,
647 2843 735 2896 sed
770 2842 1117 2913 gladiummt
1146 2862 1292 2903 nunc
1317 2851 1493 2920 angeli
1531 2852 1585 2905 in
1617 2852 1737 2922 ejus
1769 2855 2049 2910 nativitate

468 2935 790 3001 decantauit,
818 2951 978 3002 super
1000 2947 1198 2991 terram
1230 2955 1361 3011 pax.
1415 2940 1695 3013 Siquidem
1737 2953 1792 3000 et
1839 2945 1895 3000 in
1942 2947 2049 3005 alio

468 3028 589 3081 loco
633 3043 698 3081 ex
748 3044 982 3098 persona
1026 3030 1199 3099 ipsius
1238 3033 1478 3089 dicitur:
1528 3034 1725 3091 Pacem
1775 3055 1942 3093 meam
1980 3039 2048 3094 do

468 3117 632 3180 vobis,
665 3133 844 3185 pacem
879 3119 1114 3190 relinquo
1144 3121 1306 3177 vobis.
1352 3122 1474 3177 Non
1513 3126 1649 3180 sicut
1693 3129 1920 3183 mundus
1950 3130 2050 3185 iste

467 3214 561 3262 dat
587 3226 790 3279 pacem,
822 3226 914 3279 ego
945 3212 1013 3264 do
1044 3229 1225 3281 pacem
1256 3215 1319 3270 ³³.
1354 3216 1545 3272 Videat
1577 3234 1707 3291 ergo
1737 3223 1883 3291 quod
1912 3222 2050 3278 infc-

466 3305 663 3367 rimus,
696 3318 767 3356 an
802 3304 976 3371 possit
1010 3306 1220 3361 solvere
1262 3310 1642 3377 quaestionem.
1686 3311 1744 3367 Si
1785 3316 2045 3384 scriptum

466 3407 632 3461 esset,
675 3411 831 3465 super
883 3405 1080 3449 terram
1120 3412 1250 3467 pax,
1279 3409 1335 3454 et
1368 3400 1652 3471 hucusque
1702 3414 1847 3460 esset
1894 3408 2048 3461 linita

466 3488 756 3552 sententia,
794 3498 937 3543 recte
966 3494 1196 3559 quiestio
1248 3503 1584 3548 nasceretur.
1628 3493 1786 3551 Nunc
1836 3513 1963 3552 vero
1993 3500 2049 3553 in

467 3593 535 3634 eo
565 3580 708 3648 quod
745 3579 992 3634 additum
1015 3590 1118 3646 est,
1152 3582 1257 3636 hoc
1273 3591 1379 3648 est,
1409 3585 1549 3653 quod
1578 3596 1700 3654 post
1742 3603 1930 3657 pacem
1965 3589 2050 3643 di-

468 3674 633 3741 citur,
654 3676 709 3727 in
734 3673 1032 3728 hominibus
1066 3674 1215 3728 bona:
1235 3674 1523 3730 voluntatis
1542 3678 1679 3748 (55),
1714 3679 1876 3733 solvit
1901 3696 2051 3749 quic-

468 3767 723 3820 stionem.
760 3764 869 3818 Pax
903 3766 1046 3819 enim
1079 3781 1244 3835 quam
1283 3782 1390 3821 non
1436 3769 1529 3822 dat
1575 3767 1838 3826 Dominus
1883 3787 2051 3841 super

467 3866 688 3921 terram,
720 3872 826 3910 non
860 3864 945 3909 est
971 3869 1075 3915 pax
1118 3857 1276 3910 bona:
1317 3857 1638 3913 voluntatis.
1673 3857 1861 3929 Neque
1902 3862 2046 3915 enim

465 3949 543 4002 ait
570 3949 908 4017 simpliciter,
965 3947 1086 4000 Non
1137 3949 1251 4002 veni
1289 3964 1472 4019 pacem
1523 3951 1759 4016 mittere,
1790 3952 1885 4007 sed
1923 3968 2048 4008 eum

468 4041 862 4108 additamenta,
892 4058 1047 4113 super
1067 4052 1265 4096 terram
1288 4058 1308 4096 :
1337 4058 1513 4112 usque
1544 4044 1857 4097 econtrario
1890 4045 2046 4109 dixit,

471 4131 594 4187 Non
616 4134 729 4186 veni
748 4149 929 4203 pacem
954 4135 1165 4187 mittere
1180 4149 1337 4202 super
1362 4143 1560 4186 terram
1576 4132 1876 4188 hominibus
1900 4134 2050 4189 bona:

466 4224 779 4278 uoluntatis.
819 4222 944 4278 Haec
974 4223 1138 4295 947
1172 4223 1339 4277 locuti
1369 4233 1498 4278 sunt
1541 4226 1717 4293 angeli
1755 4225 1821 4279 ad
1866 4235 2050 4294 pasto-

466 4330 577 4380 res,
609 4317 702 4385 qui
744 4330 851 4370 non
885 4316 1062 4370 solum
1097 4330 1164 4381 eo
1213 4323 1457 4383 tempore
1507 4314 1912 4385 loquebantur,
1951 4316 2047 4370 sed

468 4423 645 4477 usque
675 4407 836 4462 hodie
871 4408 974 4462 nisi
1010 4407 1174 4461 locuti
1214 4404 1421 4460 fuerint
1457 4407 1524 4461 ad
1560 4416 1825 4476 pastores,
1864 4417 1917 4461 et
1950 4422 2049 4462 sua

464 4498 548 4553 eis
574 4513 738 4569 opera
769 4498 1099 4568 copularint,
1130 4497 1333 4553 dicitur
1362 4498 1430 4553 ad
1468 4513 1564 4553 eos
1596 4517 1610 4552 :
1641 4499 1765 4552 Nisi
1794 4498 2047 4552 Dominus

465 4591 809 4658 ludiﬁcaverit
831 4592 1066 4653 domum,
1094 4591 1148 4642 in
1176 4605 1371 4644 uanum
1399 4589 1771 4643 laboraverunt
1798 4591 1887 4658 qui
1914 4591 2045 4644 trdi-

465 4682 628 4749 ﬁcant
658 4697 795 4734 eam.
842 4679 967 4735 Nisi
1000 4674 1259 4735 Dominus
1302 4682 1612 4735 custodierit
1650 4683 1947 4746 civitatem,
1989 4684 2043 4734 in

467 4790 656 4829 ratium
700 4773 965 4828 laborabit
1002 4774 1092 4844 qui
1133 4773 1365 4828 custodit
1412 4790 1529 4828 eam
1572 4771 1638 4829 ιδ.
1678 4772 1735 4826 Si
1784 4774 2044 4829 audacter

449 4885 514 4922 es
537 4868 684 4936 pedit
716 4866 863 4937 loqui
899 4865 1310 4935 Scripturarum
1356 4881 1578 4920 sensum
1630 4865 1906 4934 sequenti,
1951 4880 2044 4933 per

449 4960 572 5028 sing
594 4958 710 5012 ulas
741 4957 1016 5012 Ecclesias
1039 4957 1153 5026 (54)
1183 4958 1296 5011 bini
1337 4966 1466 5011 sunt
1493 4957 1753 5027 episcopi,
1786 4957 1927 5012 alius
1960 4955 2043 5010 vi~

449 5052 665 5117 sibilis,
700 5051 840 5107 alius
874 5050 1199 5123 invisibilis:
1237 5051 1328 5105 ille
1357 5050 1498 5105 visui
1528 5049 1731 5112 carnis,
1751 5049 1838 5105 hic
1855 5049 2040 5106 sensui

542 5193 583 5226 “
613 5192 826 5248 Coloss.
864 5207 901 5257 ι,
952 5191 1042 5247 20.
1094 5224 1099 5231 ο
1149 5194 1191 5225 ¹²
1223 5192 1409 5248 Matth.
1450 5208 1516 5257 ι,
1585 5191 1675 5248 54.
1747 5184 1827 5225 ’³³
1872 5188 2034 5249 Joan.

2148 5188 2292 5259 527.
2368 5185 2442 5258 δι’
2468 5180 2614 5238 Psal.
2655 5193 2860 5247 cxxvit,
2904 5177 2955 5231 l.

469 5265 515 5298 “
543 5263 646 5321 lsa.
690 5280 729 5331 ι,
767 5263 820 5317 5.

541 5361 655 5430 (35)
686 5356 1069 5430 Genebrardus
1095 5355 1170 5430 ait
1199 5352 1401 5430 :_Legit
1444 5368 1573 5430 ergo
1613 5352 1874 5430 Origenes
1919 5368 2044 5408 eum

467 5424 698 5499 Latinis,
729 5430 877 5485 bona:
900 5427 1202 5490 voluntatis,
1226 5424 1348 5480 'non
1377 5434 1435 5479 ut
1457 5425 1686 5480 Graeculi
1709 5467 1724 5492 ,
1759 5424 1896 5477 bona
1943 5440 2033 5477 vo-

465 5504 668 5643 ιωίξῦ·
688 5570 887 5624 Demus
914 5567 1221 5643 Adamantii
1253 5564 1493 5636 ingenio,
1524 5565 1676 5635 quod
1722 5566 1791 5620 ita
1836 5565 2047 5631 Apoca-

471 5639 642 5711 lypsis
671 5655 791 5711 cap.
842 5655 899 5711 _xi
926 5640 1128 5711 locum
1182 5639 1607 5711 interpretetur,
1650 5647 1713 5711 _et
1763 5648 2077 5706 geminum.

471 5706 700 5777 singulis
733 5706 990 5762 Ecclesiis
1013 5710 1327 5776 episcopum
1349 5708 1591 5776 deputet,
1615 5706 1844 5761 alterum
1879 5721 2040 5773 aspe-

473 5776 748 5837 ctaba-Iem.
777 5778 1004 5831 alterum
1040 5782 1144 5830 sub
1172 5776 1358 5830 oculos
1381 5778 1695 5844 neutiquam
1731 5776 2036 5834 cadentem,

475 5847 619 5915 quod
646 5847 874 5901 inferius
910 5847 1097 5901 homil.
1131 5846 1204 5900 ‘23
1227 5849 1449 5915 replicat
1484 5855 1579 5899 :at
1624 5847 1752 5900 illud
1792 5845 1878 5915 pio
1919 5845 2039 5900 uni-

2154 653 2534 721 pensationem
2572 654 2711 709 bene
2763 655 2967 725 egerit,
3006 655 3263 709 laudatur
3300 670 3333 708 a
3367 653 3600 707 Domino
3638 670 3650 705 :
3689 655 3736 709 si

2153 745 2317 808 male,
2345 746 2519 816 culpa:
2548 755 2602 800 et
2631 746 2763 800 vitio
2786 747 3066 818 subiacet;
3093 747 3175 802 sic
3204 755 3258 800 et
3295 747 3546 810 angelus.
3583 746 3735 801 Seri-

2153 846 2304 906 ptum
2340 848 2424 893 est
2465 839 2608 894 enim
2667 838 2720 893 in
2761 840 3085 910 Apocalypsi
3114 837 3379 893 Joannis:
3427 837 3531 893 Sed
3572 838 3732 890 habes

2152 928 2227 981 ibi
2258 930 2473 983 nomina
2505 946 2676 999 pauca
2719 946 2839 1001 quae
2881 929 3179 999 polluerunt
3221 927 3394 993 illud,
3429 926 3510 982 vel
3574 926 3730 982 illud.

2156 1021 2220 1075 Et
2250 1037 2442 1076 rursus
2476 1038 2489 1073 :
2531 1020 2704 1076 Habes
2727 1023 2802 1075 ibi
2837 1022 2928 1091 qni
2977 1022 3275 1075 doctrinam
3330 1018 3729 1076 Nicolaitarnm

2152 1113 2372 1167 doceant
2411 1113 2498 1166 ης
2541 1128 2606 1168 ac
2652 1114 2845 1168 deinde
2875 1113 3041 1174 habes
3088 1112 3177 1167 illa
3231 1110 3313 1167 vel
3370 1111 3460 1167 illa
3506 1118 3727 1180 peccata

2153 1202 2456 1269 facientes,
2520 1210 2576 1256 et
2632 1213 2962 1258 accusantur
3011 1201 3187 1272 angeli
3217 1242 3233 1263 ,
3281 1201 3480 1270 quibus
3509 1199 3730 1253 credita!

2153 1301 2282 1347 sunt
2328 1291 2604 1347 Ecclesiae.
2642 1290 2700 1346 Si
2759 1301 2939 1347 autem
2989 1291 3200 1361 angelis
3255 1289 3563 1345 sollicitudo
3620 1297 3724 1353 est,

2150 1384 2426 1452 quomodo
2453 1382 2711 1439 Ecclesia:
2743 1383 3133 1452 gubernentur,
3157 1382 3286 1453 quid
3314 1394 3537 1436 necesse
3559 1379 3726 1433 estde

2151 1473 2466 1529 hominibus
2517 1475 2743 1541 dicere,
2777 1483 3039 1543 quantum
3097 1482 3300 1527 metum
3359 1470 3615 1532 habeant,
3667 1475 3727 1524 ut

2150 1566 2366 1637 possint
2393 1581 2516 1620 enm
2540 1566 2748 1638 angelis
2770 1565 3143 1621 laborantibus
3162 1564 3472 1619 laborantes
3493 1561 3725 1617 salutem

2147 1656 2579 1729 consequiiEgo
2604 1667 2735 1727 puto
2758 1657 2991 1713 inveniri
3020 1655 3173 1712 simul
3203 1669 3363 1724 posse
3392 1661 3444 1708 et
3470 1651 3724 1722 angelum

2149 1757 2205 1801 ct
2235 1748 2509 1803 hominem
2545 1749 2722 1805 bonos
2760 1746 3015 1804 Ecclesia:
3046 1746 3350 1818 episcopos,
3380 1752 3432 1797 et
3459 1743 3727 1813 qundam-

2153 1843 2316 1897 modo
2349 1843 2513 1897 unius
2533 1842 2713 1912 operis
2733 1856 2856 1899 esse
2874 1840 3187 1911 participes.
3204 1836 3360 1906 Quod
3383 1851 3506 1891 cum
3529 1835 3603 1887 ita
3628 1833 3722 1899 sit,

2152 1945 2401 2004 petamus
2416 1934 2843 2005 omnipotentem
2872 1933 3060 1998 Deum,
3089 1940 3144 1985 ut
3175 1929 3349 1999 angeli
3369 1936 3423 1983 et
3451 1925 3725 1984 homines,

2151 2026 2520 2082 Ecclesiarum
2571 2024 2848 2095 episcopi,
2897 2023 3214 2093 adjumento
3261 2020 3372 2075 sint
3429 2016 3616 2078 nobis,
3673 2023 3729 2070 et

2151 2120 2392 2176 sciamus
2408 2117 2667 2188 quoniam
2701 2117 2919 2185 utrique
2938 2130 3039 2189 pro
3067 2113 3225 2170 nobis
3256 2127 3285 2170 a
3324 2109 3552 2165 Domino
3578 2107 3729 2178 judi-

2148 2221 2363 2269 eentur.
2400 2209 2559 2277 Quod
2587 2208 2633 2264 si
2663 2208 2738 2263 illi
2768 2205 3236 2274 luerintjudicati,
3266 2213 3319 2259 et
3349 2202 3538 2257 vitium
3564 2213 3729 2270 atque

2150 2310 2436 2374 peccatum
2473 2300 2661 2354 nonin
2690 2313 2883 2354 eorum
2918 2295 3148 2374 incuria,
3176 2294 3268 2349 sed
3304 2293 3356 2349 in
3405 2300 3589 2346 nostra
3633 2305 3730 2345 ne-

2151 2372 2408 2465 gligeutia
2465 2391 2632 2447 fuerit
2691 2384 3001 2455 inventum,
3058 2372 3160 2442 nos
3221 2400 3514 2455 arguemnr
3564 2393 3728 2452 atque

2151 2488 2468 2556 plectemur.
2521 2483 2632 2540 lllis
2678 2483 2821 2538 enim
2863 2481 3117 2536 universa
3151 2476 3496 2538 facientibus,
3531 2484 3584 2528 et
3633 2487 3728 2543 pro

2153 2584 2341 2634 nostra
2376 2577 2553 2633 salute
2598 2573 2929 2639 nitentibus,
2964 2587 3064 2627 nos
3115 2569 3469 2627 nihilominus
3514 2580 3545 2620 a
3600 2580 3725 2635 pcco

2152 2672 2290 2728 catis
2321 2669 2652 2726 vacabimus.
2687 2666 2858 2722 Porro
2891 2662 3203 2735 frequenter
3231 2660 3432 2725 evenit,
3477 2670 3538 2714 ut
3571 2659 3728 2712 nobis

2152 2764 2551 2826 laborantibus,
2580 2761 2653 2817 illi
2685 2774 2845 2815 sumn
2875 2755 3109 2812 cilicium
3141 2768 3251 2808 non
3289 2752 3541 2824 expleant
3586 2759 3639 2805 et
3671 2749 3724 2802 in

2151 2858 2329 2928 culpis
2362 2856 2491 2911 sint.
2526 2853 2594 2907 Et
2629 2853 2829 2923 factum
2858 2859 2955 2916 est,
2985 2847 3182 2917 inquit,
3224 2860 3342 2899 cum
3377 2844 3628 2898 abiissent
3658 2844 3722 2895 ab

2152 2955 2229 3005 eis
2274 2949 2451 3019 angeli
2497 2948 2553 3004 iis
2602 2945 2780 3007 caelos,
2820 2956 3057 3012 pastores
3088 2939 3334 2995 dixerunt
3367 2937 3436 2991 ad
3464 2938 3725 2991 invicem:

2156 3042 2507 3097 Transeamus
2524 3053 2682 3108 usque
2695 3035 3027 3107 .Betlileltem,
3046 3043 3094 3088 et
3118 3033 3385 3091 rideamus
3398 3031 3494 3084 hoc
3515 3030 3727 3084 uerbum

2151 3137 2290 3207 quod
2316 3136 2519 3204 factum
2547 3130 2803 3201 cst,quod
2832 3128 3086 3182 Dominus
3115 3126 3342 3181 ostendit
3363 3123 3537 3181 'nobis.
3567 3120 3729 3175 Vene-

2077 3251 2120 3308 C
2155 3237 2275 3282 runt
2302 3226 2633 3295 festinantes,
2663 3237 2709 3276 et
2734 3224 3039 3277 invenerunt
3081 3218 3311 3274 Mariam
3357 3223 3405 3271 et
3439 3213 3626 3282 Ioseph
3676 3220 3728 3269 et

2150 3320 2394 3374 l‘uerum.
2430 3317 2567 3383 Quia
2600 3314 2919 3371 festinantes
2942 3320 3222 3375 venerant,
3253 3318 3308 3365 et
3337 3324 3443 3362 non
3474 3306 3724 3376 pedeten-

2153 3409 2272 3469 tim,
2308 3420 2479 3474 neque
2501 3404 2645 3459 fesso
2663 3403 2855 3474 gradu,
2885 3402 3006 3460 ideo
3040 3401 3362 3453 invenerunt
3394 3394 3593 3463 Joseph
3617 3394 3729 3448 dis-

2152 3505 2495 3568 pensatorem
2539 3502 2693 3548 ortus
2730 3491 3018 3555 Dominici,
3056 3499 3109 3544 et
3140 3487 3363 3545 Mariam
3387 3502 3509 3555 qua:
3539 3483 3726 3543 Jesum

2153 3585 2291 3641 fudit
2322 3585 2374 3639 in
2418 3592 2633 3653 partum
2655 3623 2671 3648 ,
2709 3590 2763 3634 ct
2800 3580 2974 3652 ipsum
3003 3578 3341 3634 Salvatorem
3362 3575 3633 3646 jacentem
3673 3575 3727 3631 itt

2152 3678 2433 3749 praesepio.
2482 3674 2619 3729 lllud
2662 3682 2800 3738 erat,
2836 3673 2902 3727 de
2942 3688 3051 3742 quo
3090 3670 3353 3742 pl'OphL‘la
3399 3668 3730 3723 vaticinatus

2151 3781 2235 3825 est
2265 3771 2489 3825 dicens:
2525 3767 2777 3840 Cognovit
2807 3766 2896 3823 bos
2927 3779 3277 3839 possessorem
3315 3777 3492 3825 suum,
3529 3770 3576 3813 et
3613 3759 3728 3812 asi-

2153 3879 2249 3928 nus
2279 3878 2505 3932 prwsepe
2545 3859 2744 3916 domini
2786 3858 2892 3912 sui.
2927 3856 3032 3911 Bos
3069 3853 3272 3910 animal
3305 3852 3571 3906 mundum
3619 3859 3724 3914 est,

2153 3954 2342 4008 asinus
2358 3949 2563 4006 animal
2591 3949 2954 4006 iminunlum.
2975 3944 3242 4015 Cognovit
3271 3943 3459 3996 asinus
3486 3954 3728 4011 prazsepc

2141 4032 2367 4099 domini
2419 4039 2524 4093 sui.
2563 4035 2681 4091 Non
2716 4034 2950 4106 populus
2997 4033 3164 4089 lsrael
3201 4030 3452 4102 cognovit
3487 4044 3729 4103 praesepe

2139 4134 2348 4192 domini
2409 4131 2532 4197 sui,
2575 4129 2670 4184 sed
2710 4127 3054 4181 immundum
3104 4123 3305 4178 animal
3336 4138 3402 4177 ex
3451 4121 3724 4196 gentibus.

2153 4223 2325 4278 Israel
2351 4198 2467 4277 itero
2496 4237 2574 4274 me
2597 4236 2698 4273 nou
2723 4218 2984 4289 cognovit,
3013 4227 3059 4270 et
3084 4214 3312 4287 populus
3346 4228 3488 4266 meus
3516 4228 3596 4264 tne
3623 4226 3727 4270 non

2150 4314 2411 4368 intellexit
2447 4312 2510 4365 ¹⁶.
2542 4310 2903 4382 Intelligentes
2938 4311 3042 4365 hoc
3061 4323 3322 4382 pra‘scpe,
3357 4308 3594 4359 nitamur
3630 4320 3726 4358 ei-

2151 4422 2414 4480 gnoscere
2446 4403 2763 4469 Dominum,
2788 4411 2842 4456 et
2866 4402 3013 4472 digni
3041 4400 3155 4458 licri
3178 4399 3405 4454 scicntia
3434 4398 3552 4467 ejus
3576 4437 3592 4462 ,
3634 4411 3726 4452 as-

2153 4516 2372 4556 sumere
2399 4513 2619 4569 quaque
2654 4495 2994 4553 nativitatem
3035 4505 3087 4547 et
3119 4491 3575 4552 resurrectionem
3607 4502 3730 4548 cars-

2087 4585 2129 4639 D
2155 4596 2240 4649 nis
2266 4593 2409 4663 ejus,
2451 4591 2544 4645 sed
2574 4598 2626 4645 et
2674 4587 2933 4660 inclytum
2978 4600 3043 4640 ac
3085 4584 3387 4644 secundum
3431 4578 3728 4650 majestatis

2152 4688 2273 4756 ejus
2306 4687 2622 4747 adventum,
2658 4679 2747 4734 cui
2775 4686 2861 4734 est
2890 4677 3061 4749 gloria
3099 4686 3154 4733 et
3187 4675 3475 4747 imperium
3532 4674 3584 4732 in
3628 4686 3732 4733 sa:-

2151 4779 2277 4836 cula
2310 4775 2657 4834 saeculorum.
2697 4772 2892 4827 Amen.

3065 5174 3108 5207 is
3133 5173 3303 5240 Apoc.
3333 5160 3502 5231 "1,4;
3535 5176 3595 5227 ll.
3637 5164 3723 5224 15.

2151 5353 2350 5421 cuique
2380 5348 2777 5420 repudiandum
2808 5344 3032 5421 omnino
3076 5346 3173 5421 est“
3187 5343 3348 5421 atque
3378 5347 3407 5421 a
3439 5330 3731 5421 iidehal—ist):

2153 5407 2304 5487 num,
2334 5407 2478 5492 quod
2511 5421 2674 5489 paulo
2721 5427 2847 5492 po-t
2876 5413 3058 5492 subdit
3085 5452 3118 5492 ,_
3149 5407 3475 5492 ireque-nter
3509 5407 3728 5492 even-ire

2149 5476 2323 5546 honos
2345 5476 2601 5546 custodes
2632 5476 2875 5559 angelos,
2911 5476 3722 5559 nobis'_|aboraiitiliu§i.>599?

2148 5542 2800 5631 stlattaria;simae,
2834 5542 2987 5631 cinia
3022 5550 3368 5631 cq‘P=‘,°$S°'
3424 5542 3724 5631 ΥΨῩἭῩΫΒ

2148 5613 2671 5689 ἑὸῖιὶίέινέοῖέιηηειῖι
2709 5613 2851 5696 hanc
2879 5613 3162 5696 Origenisu
3183 5618 3268 5696 deA
3278 5615 3599 5696 angelorum
3643 5613 3726 5696 la—

2147 5684 2339 5772 psibus
2362 5684 2676 5773 opinionem
2710 5695 2851 5753 infra
2894 5696 2963 5751 ad
2978 5684 3189 5749 'homil.
3235 5687 3309 5743 25
3338 5684 3732 5742 animadvetti-

2146 5788 2290 5828 inus.
