4132 6482
421 405 563 461 1953

961 522 1239 583 IIOMILIA
1295 528 1436 585 XIV.

416 658 488 717 De
508 680 569 741 eo
596 665 735 741 quod
759 669 1014 741 scriptum
1040 678 1149 741 est:
1186 688 1203 718 ι
1239 668 1374 723 Cum
1399 680 1571 723 autem
1604 672 1806 741 imp/cli
1826 680 1997 727 essent

483 736 593 809 dies
623 738 1041 809 circumcisionis
1064 739 1198 805 ejus,
1230 758 1247 789 ι
1277 757 1441 809 usque
1469 747 1536 794 ad
1558 736 1872 795 eum'locum
1905 744 1995 797 ubi

481 806 555 879 ait
578 823 596 859 :
633 824 651 856 ι
684 808 799 860 ‘l’ar
831 817 1100 861 turturum
1122 819 1170 863 et
1197 810 1331 864 duos
1355 806 1530 879 pullos
1555 813 1940 868 columbarum.
1971 834 1991 867 ι

478 876 610 945 Cap.
643 892 705 930 tt.

478 986 634 1054 Quod
669 1000 919 1047 mortuus
940 1002 1023 1050 est
1047 992 1324 1060 Christus,
1353 1011 1454 1066 pro
1478 1006 1703 1067 peccato
1739 1009 1995 1055 mortuus

406 1092 505 1135 cst.
542 1079 660 1135 Non
687 1084 814 1151 quia
846 1084 962 1154 ipse
987 1088 1312 1155 peccaverit,
1336 1103 1511 1158 neque
1530 1089 1678 1143 enim
1709 1099 1995 1160 peccatum

407 1170 555 1235 fecit,
594 1190 693 1228 nec
718 1177 974 1230 inventus
998 1187 1081 1231 est
1111 1177 1269 1232 dolus
1307 1178 1360 1232 in
1389 1192 1484 1233 ore
1512 1179 1671 1249 ejus;
1703 1180 1796 1236 sed
1845 1197 1996 1235 mor-

408 1274 533 1315 tuus
584 1274 690 1330 est,
733 1276 791 1318 ut
815 1282 915 1321 nos
957 1268 1052 1337 qui
1091 1269 1293 1323 mortui
1342 1285 1570 1334 sumus,
1608 1271 1701 1328 illo
1727 1273 1995 1328 moriente

406 1354 663 1420 peccatis,
689 1371 1036 1426 nequaquam
1078 1368 1306 1429 peccato
1332 1368 1388 1415 et
1418 1361 1563 1416 vitiis
1589 1362 1898 1418 viveremus
1926 1366 1990 1417 ³⁷.

408 1443 560 1500 Unde
623 1450 934 1503 scribitur:
972 1450 1128 1506 Sicut
1183 1453 1352 1522 igitur
1404 1455 1735 1511 commortui
1772 1471 1995 1513 sumus

403 1546 534 1590 tunc
559 1537 655 1591 illo
707 1540 997 1602 moriente,
1040 1548 1094 1596 et
1137 1546 1597 1601 consurreximus
1627 1548 1936 1617 resurgenti
1972 1565 1989 1604 :

401 1627 480 1681 sic
498 1645 620 1682 eum
645 1645 709 1683 co
732 1633 1044 1686 circumcisi
1070 1646 1347 1696 sumus,et
1374 1645 1495 1705 post
1512 1638 1989 1695 circumcisionem

400 1723 630 1776 solemni
664 1726 986 1794 purgatione
1016 1728 1281 1783 mundati.
1314 1728 1467 1785 Unde
1498 1746 1608 1786 non
1638 1732 1752 1801 jam
1783 1733 1992 1804 indige-

401 1828 523 1867 mus
549 1816 969 1873 circumcisione
998 1821 1229 1873 carnali.
1269 1820 1335 1875 Et
1368 1835 1426 1877 ut
1453 1825 1599 1878 scias
1648 1834 1868 1895 propter
1890 1839 1990 1880 nos

1622 410 1688 470 IN
1722 418 1960 476 LUCAM
1999 421 2285 477 iIOMILIA
2323 414 2462 479 XIV.

2026 547 2071 603 Α
2105 546 2215 629 ium
2243 541 2420 609 fuerat
2440 541 2506 597 ab
2527 546 2711 616 angelo
2735 559 3018 619 antequam
3042 552 3097 608 in
3124 564 3274 610 utero
3302 560 3690 629 conciperetur.

3555 440 3693 505 tsst

2107 625 2318 691 Dehinc
2347 633 2596 701 sequitur
2619 651 2634 690 :
2664 634 2797 690 Cum
2809 639 2927 707 jam
2952 643 3154 711 impleti
3177 658 3350 702 essent
3368 625 3479 705 dies
3494 667 3691 724 purga-

2105 720 2265 773 tionis
2292 737 2473 777 eorum
2499 729 2785 782 secundum
2812 731 2977 801 legem
3026 735 3201 805 Moysi
3225 778 3242 802 ,
3272 741 3537 797 duxerunt
3569 720 3691 800 eum

2103 809 2515 882 lerosolymam.
2542 815 2769 888 Propter
2798 824 3201 894 purgationem,
3233 828 3434 901 inquit,
3470 850 3684 890 eorum.

2104 901 2348 967 Quorum
2383 910 2610 962 eorum?
2644 909 2701 965 Si
2737 913 3000 984 scriptum
3030 928 3176 973 esset
3210 933 3434 992 prepter
3482 942 3688 998 purga-

2104 993 2304 1050 tionem
2329 998 2469 1067 ejus,
2503 1000 2556 1055 id
2578 1012 2681 1068 est,
2703 1002 2885 1060 Mariae
2901 1023 3024 1077 qua:
3044 1023 3345 1080 pepererat,
3370 993 3502 1070 nihil
3534 993 3688 1088 qua:-

2102 1088 2297 1142 stionis
2319 1090 2577 1159 oriretur,
2602 1102 2654 1147 et
2672 1096 2931 1153 audacter
2948 1097 3276 1169 diceremus,
3297 1103 3547 1174 Mariam,
3570 1110 3686 1181 (55)

2101 1194 2222 1248 qua:
2258 1181 2424 1236 homo
2455 1193 2593 1248 erat,
2613 1189 2938 1255 purgatione
2963 1190 3267 1264 indiguisse
3292 1207 3418 1267 post
3442 1210 3681 1269 partum.

2100 1270 2258 1326 Nunc
2273 1289 2401 1328 vero
2424 1275 2477 1329 in
2494 1292 2560 1332 eo
2577 1281 2723 1347 quod
2745 1282 2843 1349 ait,
2866 1282 2977 1338 dies
2998 1289 3332 1356 purgationis
3346 1290 3461 1364 (56)
3475 1308 3683 1358 eorum,

2100 1379 2207 1418 non
2240 1368 2454 1423 videtur
2479 1386 2650 1426 unum
2705 1374 3054 1445 significare,
3112 1380 3208 1435 sed
3260 1384 3491 1440 alterum
3515 1428 3532 1453 ,
3568 1388 3684 1445 sive

2098 1454 2302 1525 plures.
2327 1457 2467 1529 Ergo
2483 1459 2645 1517 Iesus
2666 1466 2987 1534 purgatione
3006 1470 3262 1542 indiguit,
3283 1484 3337 1530 et
3364 1476 3682 1538 immundus

2098 1542 2220 1611 fuit,
2246 1557 2337 1601 aut
2358 1549 2541 1618 aliqua
2574 1553 2737 1608 sorde
2778 1556 3039 1624 pollutus.
3089 1560 3403 1622 Temerarie
3447 1568 3679 1628 forsitan

2095 1635 2284 1691 videor
2322 1636 2509 1695 dicere
2534 1681 2549 1706 ,
2591 1642 2684 1697 sed
2718 1644 3126 1715 Scripturarum
3170 1658 3497 1715 auctoritate
3525 1677 3680 1718 eom-

2096 1737 2299 1784 motus.
2354 1728 2485 1786 Vide
2535 1733 2667 1802 quid
2715 1736 2770 1789 in
2803 1735 2908 1793 Job
2936 1741 3201 1812 scriptum
3251 1751 3450 1805 cst":
3510 1753 3681 1810 Nemo

2096 1821 2324 1874 mundus
2357 1838 2388 1875 a
2419 1824 2596 1888 sorde,
2628 1842 2720 1879 nec
2746 1830 2793 1881 si
2817 1832 2974 1885 unius
3004 1835 3215 1903 quidem
3241 1838 3351 1894 diei
3374 1841 3537 1911 fuerit
3570 1848 3683 1900 uita

401 1902 573 1961 fuisse
608 1907 760 1962 illum
797 1910 1210 1977 circumcisum,
1236 1915 1362 1968 audi
1393 1914 1625 1969 Paulum
1656 1915 1991 1970 manifestis-
2022 1908 2063 1966 Β
2091 1913 2226 1981 ejus.
2262 1912 2382 1970 Non
2412 1917 2574 1982 dixit,
2616 1936 2778 1976 nemo
2804 1902 3044 1982 mundus
3074 1944 3105 1983 a
3129 1902 3387 1999 peccato;
3407 1938 3502 1993 sed
3525 1954 3679 1994 nemo

401 1996 538 2052 sime
571 2000 955 2069 prtedicauteni
995 2004 1058 2059 ".
1094 2003 1160 2059 In
1190 2022 1293 2075 quo
1323 2006 1553 2073 habitat,
1589 2006 1787 2076 inquit,
1820 2010 1991 2063 omnis

398 2090 671 2157 plenitudo
697 2095 995 2150 divinitatis
1026 2098 1396 2167 corporaliter,
1435 2110 1485 2152 et
1515 2100 1643 2154 estis
1676 2102 1733 2154 in
1766 2101 1863 2154 illo
1905 2119 1990 2156 re.

397 2184 546 2251 p!cti,
571 2186 662 2254 qui
685 2198 760 2241 est
786 2197 940 2255 caput
970 2189 1139 2243 omnis
1162 2190 1496 2258 principatus
1523 2200 1574 2244 et
1604 2192 1903 2259 potestatis,
1933 2193 1991 2246 iu

397 2288 498 2344 quo
529 2287 576 2330 et
612 2281 912 2333 circumcisi
943 2281 1068 2335 estis
1091 2282 1492 2338 circumcisione
1517 2284 1631 2336 sine
1658 2284 1901 2338 manibus
1934 2284 1990 2338 in

396 2369 784 2437 exspoliatione
799 2373 1035 2441 corporis
1056 2374 1255 2443 carnis,
1273 2374 1328 2427 in
1350 2376 1750 2429 circumcisione
1764 2375 1989 2444 Christi,

396 2465 690 2533 consepulti
716 2465 763 2517 ei
796 2465 850 2517 in
883 2466 1223 2535 baptismate,
1259 2469 1316 2521 in
1353 2482 1455 2538 quo
1478 2476 1528 2523 et
1559 2470 1988 2525 consurreximus

394 2563 487 2624 per
540 2558 699 2625 ﬁdem
741 2560 1065 2626 Operationis
1124 2559 1253 2627 Dei,
1310 2564 1401 2631 qui
1442 2562 1723 2616 suscitavit
1776 2576 1895 2616 eum
1954 2579 1987 2617 ιι

397 2649 641 2701 mortuis.
703 2650 765 2703 Et
794 2667 944 2705 mors
971 2652 1158 2721 igitur,
1192 2662 1247 2707 et
1278 2654 1630 2719 resurrectio,
1661 2662 1717 2709 et
1749 2653 1986 2713 circumv

395 2739 534 2792 cisio
591 2740 731 2807 ejus.
773 2756 870 2809 pro
928 2744 1087 2797 nobis
1144 2742 1299 2799 factae
1362 2754 1513 2800 sunt.
1553 2744 1688 2799 Cum
1737 2744 1981 2814 impleti,

394 2828 593 2898 inquit,
628 2844 796 2885 essent
834 2834 951 2886 ’dies
1002 2835 1414 2889 circumcidendi
1473 2852 1714 2907 puerum,
1740 2847 1983 2891 vocatum

398 2920 572 2990 fuerat
600 2938 787 2979 nomen
821 2927 937 2995 ejus
964 2923 1145 2994 Iesus,
1178 2930 1318 2999 quod
1346 2938 1588 2983 vocatum
1608 2940 1686 2984 est
1711 2930 1775 2985 ob
1796 2928 1982 3001 angelo

395 3028 678 3083 antequam
708 3022 1087 3091 conciperetur.
1126 3020 1469 3079 Vocabulum
1516 3023 1644 3079 Jcsu
1680 3024 1978 3093 gloriosum

397 3111 545 3162 omni
583 3112 810 3166 adorata
860 3113 1117 3184 cultuque
1145 3116 1427 3184 appellari,
1460 3131 1639 3185 neque
1679 3118 1749 3170 ab
1782 3115 1864 3171 cis
1899 3115 1981 3170 ef-

397 3201 522 3255 ferri
552 3202 605 3256 in
643 3206 929 3267 mundum,
968 3207 1061 3261 sed
1085 3208 1154 3262 ab
1180 3209 1549 3263 excellentiori
1580 3210 1815 3278 quadam
1859 3224 1977 3263 ma-

388 3288 604 3363 jorique
629 3306 843 3352 natura.
888 3294 1042 3353 Unde
1073 3300 1353 3371 signanter
1372 3302 1706 3371 evangelista
1747 3300 1974 3366 addidit,

389 3386 578 3443 dicens
603 3396 616 3441 ὲ
650 3387 720 3443 Et
750 3401 990 3446 vocatum
1016 3402 1092 3447 est
1124 3409 1308 3447 nomen
1325 3393 1440 3462 ejus
1460 3391 1639 3455 Iesus.
1667 3394 1805 3465 quod
1823 3409 1977 3448 uoca-

380 3575 387 3580 -
465 3551 507 3582 "
538 3549 697 3606 Rom.
735 3566 810 3617 VI,
840 3552 893 3607 5.
972 3553 1017 3584 “
1036 3550 1251 3609 Coloss.
1277 3570 1343 3621 ll,
1370 3554 1527 3609 9-H.

462 3722 576 3792 (’55)
606 3721 750 3775 Satis
789 3722 1019 3791 benigne
1047 3723 1114 3777 de
1143 3724 1466 3781 Adamantio
1498 3724 1729 3792 senserit
1774 3724 1968 3781 Hiero-

384 3788 608 3863 nymus,
631 3807 756 3845 cum
792 3788 942 3863 illuni
973 3793 1048 3845 ait
1072 3792 1123 3844 in
1150 3792 1460 3863 praefatione
1484 3788 1761 3863 hujusmet
1786 3805 1967 3850 trans-

391 3852 628 3920 la'iionis,
665 3858 817 3927 quasi
842 3877 1059 3928 puerum
1092 3852 1216 3914 talis
1243 3860 1441 3914 ludere.
1485 3852 1574 3917 Ut'
1594 3865 1738 3917 enim
1795 3867 1964 3920 multa

390 3934 443 3984 io
476 3930 699 4002 reliquis
722 3931 773 3983 in
804 3929 1007 3984 Lucam
1044 3932 1284 3985 homiliis
1323 3933 1526 3985 absona
1556 3935 1919 4002 pronuntiarit
1947 3954 1961 3990 :

389 4017 511 4069 quae
544 4002 599 4053 in
648 4000 749 4054 hac
783 4002 850 4054 M
898 4002 1270 4069 elue_ubran:la
1315 4000 1567 4066 eIIntivit,
1600 4004 1748 4058 nullo
1796 4021 1965 4061 excu—

390 4064 497 4124 sari
533 4083 692 4139 pacto
722 4081 946 4141 queunt.
992 4064 1084 4127 llic
1118 4070 1343 4125 Mariam
1385 4064 1584 4141 quippe
1625 4089 1748 4127 cum
1800 4074 1964 4130 homo

388 4150 527 4206 crat,
561 4143 883 4213 purgatione
904 4141 1224 4213 indiguisse,
1252 4143 1493 4211 adeoque
1524 4143 1694 4198 fuisse
1742 4156 1966 4213 peccato

387 4212 1103 4285 obnoxiam,audacissime
1127 4212 1373 4285 h_laterat.
1421 4214 1547 4267 Scio
1590 4212 1749 4285 quod
1788 4218 1966 4285 proje-

388 4290 529 4336 ctam
549 4282 904 4336 temeritatem
931 4283 1118 4337 Sixtus
1142 4282 1401 4339 Senensis
1427 4285 1520 4339 lib.
1541 4301 1591 4337 Vl
1622 4282 1964 4340 Bibliotheca:

390 4351 740 4424 adnotatione
794 4350 895 4406 I36
930 4352 1035 4424 his
1085 4352 1279 4406 nititur
1342 4370 1650 4409 excusare:
1698 4354 1959 4424 Intelligit

388 4422 613 4492 fortasse
648 4420 894 4492 Origenes
924 4420 1025 4476 non
1060 4423 1124 4476 de
1149 4426 1462 4492 purgatione
1490 4426 1553 4478 ab
1606 4420 1959 4479 immunditiis

386 4501 440 4565 ei
469 4490 716 4565 sordibus
732 4490 932 4558 portus,
962 4492 1150 4563 quibus
1175 4490 1309 4565 nulli
1338 4495 1554 4548 dubium
1576 4505 1650 4548 est
1676 4512 1777 4549 non
1797 4496 1962 4565 fuisse

393 4559 994 4633 lilort'am__obnoxiam,°
1047 4567 1137 4617 sed
1166 4564 1229 4617 de
1272 4566 1462 4618 ritibus
1511 4566 1569 4619 ct‘
1606 4559 1955 4633 caeremoniis,

386 4631 573 4704 quibus
608 4630 811 4702 Moyses
846 4650 1126 4704 puerperas
1163 4634 1387 4688 lustrari
1431 4636 1698 4693 iusserat:
1740 4636 1833 4689 ltus
1870 4630 1960 4691 ne;

372 4714 525 4761 cesse
551 4717 660 4755 erat
687 4707 885 4757 servari
908 4722 939 4755 a
971 4715 1138 4757 matre
1168 4704 1336 4776 illius,
1361 4708 1450 4775 qui
1484 4707 1619 4776 leges
1645 4707 1955 4775 impleturus

385 4782 617 4845 venerat,
647 4791 745 4827 non
783 4776 1172 4829 deslrttcturus.
1203 4775 1302 4828 (lui
1337 4787 1392 4830 et
1424 4775 1702 4845 suppetias
1749 4780 1958 4831 accedit

386 4846 452 4898 cl.
483 4842 729 4915 liuetius,
765 4846 813 4897 id
840 4859 997 4914 psum
1033 4847 1364 4915 confirmans
1389 4862 1452 4900 ex
1471 4842 1542 4900 eo
1562 4848 1706 4915 quod
1760 4848 1950 4900 homil.

385 4916 418 4970 8
468 4915 519 4967 in
551 4913 854 4969 Leviticnni
888 4916 1075 4970 scribit
1109 4913 1389 4983 Origenes,
1427 4932 1520 4971 cas
1554 4913 1731 4969 solum
1766 4918 1956 4969 mulie-

387 5001 474 5038 res
530 4985 581 5037 in
625 4987 886 5053 paieudo
915 5000 1036 5040 esse
1068 4987 1408 5049 immundus,
1440 5000 1562 5056 qum
1607 4987 1818 5041 semine
1865 4988 1957 5041 nd-

389 5057 556 5127 misso
582 5057 898 5125 concipiunt
928 5066 978 5110 ct
1009 5057 1262 5124 pariunt;
1290 5072 1412 5127 quae
1435 5057 1798 5111 verosemiue
1831 5072 1958 5111 neu-

388 5125 877 5197 tiqnantsuseepto
909 5127 1134 5196 peperit,
1167 5141 1286 5181 eam
1312 5125 1436 5180 vere
1474 5128 1812 5180 immundam
1848 5143 1954 5180 non

385 5211 506 5268 esse
531 5211 544 5245 :
567 5196 1032 5268 nbietjnsigncin
1064 5198 1305 5266 ejusdem
1331 5198 1741 5268 locumirecitat
1763 5212 1827 5250 ex
1862 5198 1959 5251 ho-

389 5265 546 5337 inilia
573 5264 715 5337 12in
744 5264 918 5321 Levii.
955 5281 1065 5337 quo
1094 5264 1473 5337 generationis
1510 5267 1718 5321 Christi
1757 5275 1810 5320 et
1847 5268 1957 5320 vit--

388 5333 581 5406 ginaiis
615 5335 793 5406 marite
822 5333 1069 5406 corporis
1105 5333 1402 5392 inunditics
1429 5338 1788 5393 disertissime
1827 5352 1960 5405 prte-

388 5403 627 5476 dicalur:
674 5402 779 5459 Sed
834 5402 935 5462 etsi
986 5418 1128 5462 recte
1199 5408 1325 5461 alibi
1381 5409 1620 5462 sensisse
1683 5402 1959 5476 colligitur

390 5473 553 5548 homo
613 5470 953 5548 immoderati
1021 5477 1221 5548 ingenii
1276 5479 1603 5544 incert-seque
1652 5470 1955 5548 sententias,

390 5544 610 5595 minime
646 5546 784 5596 lianc
806 5547 963 5601 diluit
1007 5544 1348 5603 manifestam
1395 5562 1617 5600 noxam.
1660 5545 1794 5600 Nam
1832 5560 1955 5600 cum

387 5613 513 5686 alibi
537 5628 777 5686 quoque,
802 5615 991 5671 homil.
1022 5618 1313 5673 scilicetﬁt)
1335 5619 1388 5671 in
1424 5620 1569 5670 hunc
1593 5617 1771 5686 ipsum
1794 5631 1960 5671 evan-

386 5682 987 5752 gelistain,’injuriosus
1018 5689 1070 5741 in
1103 5689 1327 5743 Mariam
1371 5682 1645 5756 Virginem
1679 5689 1771 5749 sit,
1792 5703 1956 5756 quam

386 5756 563 5806 dnbne
594 5764 817 5827 accusati
854 5758 1181 5827 incertaeque
1215 5760 1356 5823 fidei,
1377 5759 1526 5827 pium
1553 5759 1810 5811 lectorem
1843 5770 1958 5809 uio-

386 5839 515 5879 net'c
539 5839 760 5879 necesse
794 5825 917 5891 fuit,
942 5842 1048 5895 quo
1071 5825 1172 5881 sibi
1210 5825 1524 5884 senttdalunt
1560 5837 1767 5885 caveat.
1793 5837 1959 5896 atque

664 5921 939 5984 PATROL.
970 5922 1086 5982 Gn.
1120 5922 1293 5987 XIII.

1610 3555 1650 3587 ¹⁹
1677 3569 1799 3623 cap.
1835 3570 1948 3621 xxv,
1984 3568 2129 3609 vers.
2156 3554 2214 3620 4,
2246 3552 2301 3606 5.

2090 2005 2260 2102 ξω
2288 2009 2514 2102 mundus
2544 2030 2577 2067 a
2599 2014 2771 2070 sorde.
2800 2016 2987 2088 Neque
3031 2023 3178 2077 enim
3229 2025 3466 2095 idipsum
3504 2030 3680 2102 signi-

2093 2098 2259 2155 ﬁcant
2295 2101 2485 2157 sordes
2513 2112 2680 2176 atque
2706 2119 2950 2176 peccata.
2980 2109 3049 2167 Et
3088 2122 3147 2168 ut
3171 2116 3317 2172 scias
3353 2119 3503 2176 aliud
3551 2098 3680 2178 sor-

2091 2187 2237 2251 dem,
2266 2191 2413 2246 aliud
2442 2209 2640 2250 sonare
2660 2208 2967 2267 peccatum,
2996 2200 3168 2261 Isaias
3190 2207 3480 2266 manifeste
3495 2212 3673 2278 docet,

2090 2280 2280 2373 dicens
2306 2284 2385 2338 ὀε
2422 2283 2644 2343 Lauabit
2680 2289 2938 2347 Dominus
2960 2297 3168 2351 sordem
3189 2298 3424 2366 ﬁliorum
3446 2312 3500 2357 et
3528 2305 3675 2373 filimL

2091 2388 2209 2426 rum
2244 2371 2407 2441 Sion,
2435 2386 2484 2430 et
2515 2383 2824 2448 sanguinem
2850 2386 3127 2442 mundabit
3160 2390 3224 2446 de
3264 2394 3437 2447 medio
3464 2371 3672 2466 eorum,

2088 2463 2284 2531 spiritu
2301 2466 2502 2533 judicii
2536 2472 2769 2539 sordem,
2790 2482 2851 2527 et
2879 2477 3074 2543 spiritu
3121 2482 3498 2538 combustionis
3541 2463 3671 2539 san4

2088 2559 2317 2626 guinem.
2369 2555 2564 2616 Omnis
2583 2564 2767 2620 anima
2791 2582 2915 2636 quae
2947 2569 3190 2627 humano
3234 2588 3465 2645 corpore
3506 2576 3673 2637 fuerit

2088 2653 2301 2727 induta,
2336 2655 2499 2711 habet
2521 2658 2712 2715 sordes
2750 2676 2914 2728 suas.
2948 2662 3020 2719 Ut
3056 2676 3236 2722 autem
3289 2670 3435 2727 scias
3474 2670 3669 2729 Jesum

2086 2760 2305 2814 quoque
2329 2747 2672 2805 sordidatum
2701 2753 3044 2810 sentiendum
3074 2760 3378 2815 secundum
3425 2762 3665 2833 ignomir-

2086 2836 2233 2890 niam
2265 2839 2468 2904 crucia,
2500 2854 2607 2894 non
2640 2844 2941 2899 secundum
2969 2847 3143 2916 ipsam
3171 2865 3337 2920 quam
3366 2856 3670 2925 assumpsit

2084 2937 2330 2983 sanctam
2367 2945 2612 2996 carnem,
2641 2933 2709 2988 de
2728 2950 2836 3004 qua
2851 2936 3141 3006 Aposwlus
3162 2942 3241 2996 ait
3266 2960 3280 2995 :
3312 2941 3377 2996 In
3409 2945 3669 3001 similitu-

2081 3022 2259 3075 dinem
2291 3024 2468 3078 carnis
2501 3027 2704 3094 peccati
2726 3026 2898 3084 fuisse
2928 3031 3146 3099 propria
3173 3034 3454 3091 voluntate
3474 3077 3491 3101 ,
3534 3039 3667 3108 quia

2083 3129 2183 3182 pro
2220 3115 2396 3170 salute
2446 3124 2633 3172 nostra
2677 3118 2978 3175 humanum
3022 3138 3224 3193 corpus
3267 3140 3665 3198 assumpserat,

2085 3204 2409 3260 Zachariam
2462 3208 2786 3276 prophetam
2816 3212 3066 3268 ausculta
3095 3214 3367 3270 dicentem
3396 3218 3440 3249 ¹¹
3468 3217 3665 3275 :Jesus

2084 3306 2203 3352 erat
2229 3299 2447 3354 indutus
2477 3301 2704 3356 vestibus
2730 3303 2982 3359 sordidis.
3023 3305 3179 3373 Quod
3220 3309 3439 3378 quidem
3474 3322 3530 3367 et
3568 3314 3667 3368 ad»

2085 3406 2277 3448 versus
2301 3406 2397 3447 eos
2425 3392 2541 3464 (37)
2568 3392 2718 3460 facit,
2748 3396 2841 3467 qui
2881 3411 3080 3469 negant
3101 3399 3391 3458 Dominum
3415 3414 3662 3461 nostrum

2406 3552 2451 3637 ’ξ
2485 3568 2603 3623 cap.
2638 3570 2711 3620 iv,
2743 3570 2884 3610 vers.
2922 3560 2974 3612 4.
3081 3561 3120 3592 ’¹
3163 3577 3283 3632 cap.
3317 3578 3398 3629 tu,
3434 3577 3577 3620 vers.
3602 3565 3657 3621 5.

2079 3725 2398 3780 orthodoxae
2428 3714 2705 3788 Ecclesiae,
2742 3734 2864 3791 quae
2894 3721 3105 3793 beatam
3139 3710 3413 3793 Virginem
3436 3720 3659 3793 speciali

2074 3794 2174 3848 Dei
2197 3794 2471 3865 privilegio
2517 3795 2725 3865 nullum
2759 3790 2997 3865 unquam
3029 3790 3081 3843 in
3125 3805 3184 3865 se
3213 3790 3500 3865 admisisse
3534 3811 3659 3864 pec-

2075 3861 2259 3919 catum
2313 3861 2492 3926 docet,
2546 3863 2704 3918 fidem
2737 3871 2928 3917 contra
2983 3861 3365 3915 haereticorum
3403 3861 3658 3935 blasphea

2070 3937 2214 3990 mias
2243 3944 2441 3990 teneat.

2147 4005 2266 4074 (56)
2292 4005 2477 4060 Graeca
2509 4004 2669 4060 lectio
2697 4001 3053 4074 abuiiv,qua3
3078 4014 3226 4074 nunc
3255 4016 3475 4074 quoque
3507 4003 3653 4059 obti—

2074 4085 2183 4139 net,
2212 4071 2308 4144 pro
2337 4075 2527 4146 αὐτῆς,
2560 4077 2613 4129 in
2632 4089 2871 4146 errorem
2901 4071 3278 4126 Adamantium
3299 4071 3484 4146 traxit,
3506 4076 3653 4143 quod

2072 4142 2389 4201 etnotatum
2414 4142 2724 4205 IIueliocst,
2753 4144 2846 4213 qui
2869 4153 3180 4210 corruptam
3212 4157 3332 4213 eam
3365 4142 3654 4199 lectionem

2075 4228 2253 4279 vocat,
2291 4217 2517 4286 vultque
2548 4215 2624 4286 illi
2672 4212 2813 4268 hanc
2842 4214 3071 4286 alterum
3115 4212 3340 4266 omnino
3369 4213 3650 4286 substitui,

2071 4286 2263 4356 αὐτῆς.
2298 4281 2511 4354 nempe,
2552 4285 2686 4356 ejus,
2742 4286 2897 4356 juxta
2940 4281 3225 4356 vulgatam
3265 4292 3319 4336 et
3355 4282 3653 4356 drahicum

2071 4351 2582 4423 interpretationem
2606 4351 2927 4423 Erpt-iiianm
2957 4351 3234 4423 editionis,
3274 4354 3477 4422 quibus
3507 4355 3653 4411 addo

2067 4437 2118 4480 et
2146 4420 2452 4495 deticam.
2491 4425 2556 4479 Et
2591 4420 2717 4495 vero
2738 4421 3024 4490 Origenem
3057 4420 3260 4495 erroris
3284 4420 3398 4491 ipse
3428 4438 3652 4479 monere

2070 4492 2338 4565 potuisset
2362 4495 2584 4575 Levitici
2614 4494 2768 4575 iocus
2797 4506 3038 4575 captiin.
3064 4492 3159 4561 qui
3207 4505 3489 4575 puerperas.
3531 4502 3651 4575 ian-

2069 4563 2208 4631 tum,
2241 4581 2349 4620 non
2369 4567 2532 4619 etiam
2567 4564 2759 4619 infanti
2795 4563 3040 4616 adhiberi
3073 4563 3449 4633 purgationem
3471 4563 3646 4633 jubet.

2059 4634 2234 4701 Nunc,
2260 4650 2574 4705 quanquam
2615 4648 2723 4705 non
2756 4634 2842 4705 οι)
2874 4640 3156 4705 peccatum
3186 4632 3364 4702 (quod
3405 4632 3650 4705 cogitare

2056 4707 2126 4761 de
2153 4701 2373 4759 Clu-isto
2405 4701 2560 4759 mens
2594 4701 3176 4772 refugit),purgatione
3197 4701 3387 4756 tamen
3419 4701 3500 4757 ob'
3520 4719 3648 4758 sor-

2057 4778 2155 4829 des
2209 4775 2510 4838 iudiguissc
2541 4771 2768 4839 Iesum”,
2802 4771 2866 4826 et
2898 4771 3227 4842 immundum
3257 4810 3272 4835 ,
3323 4780 3417 4825 aut
3462 4772 3646 4842 aliqua

2059 4845 2213 4899 sorde
2268 4844 2553 4915 pollutum,
2588 4842 2935 4915 pronuntiat._
2963 4839 3277 4915 Perperanl
3315 4839 3561 4910 quoque
3588 4851 3646 4897 tn

2059 4931 2222 4970 suum
2242 4908 2797 4992 sensumudet'otquet
2816 4911 2938 4966 Jobi
2961 4908 3140 4965 locum
3167 4908 3393 4992 suNemo
3416 4908 3645 4992 mundus

2061 5003 2093 5039 a
2127 4986 2302 5050 sorde,
2325 4997 2426 5040 etc.
2449 4980 2806 5063 .NequiSSinte
2830 4996 2957 5036 vero
2982 4980 3298 5063 suum-illud
3333 4980 3422 5035 hic
3444 4980 3645 5063 ingerit

2061 5058 2307 5111 solemne
2356 5050 2799 5117 deliranientum,
2847 5061 2979 5105 tunc
3027 5050 3346 5106 sordescere
3377 5050 3643 5116 animam,

2046 5142 2184 5179 cum
2217 5127 2445 5180 mortale
2480 5138 2679 5193 corpus
2725 5123 2923 5193 induit,
2968 5121 3192 5193 parique
3244 5131 3404 5193 pacto
3455 5117 3644 5176 Iesum

2058 5211 2262 5265 quoque
2277 5190 2611 5248 sordidatum
2633 5192 2969 5265 sentiendum
2984 5190 3281 5265 secundum
3292 5192 3643 5265 ignominiam

2060 5261 2251 5329 crucis,
2286 5268 2430 5334 quod
2465 5266 2584 5334 ejus
2621 5264 2830 5343 scilicet
2856 5261 3129 5343 animiin.
3174 5261 3433 5343 muliebri
3483 5270 3641 5343 utero

2060 5337 2169 5412 sibi
2195 5328 2396 5412 corpus
2423 5328 2753 5412 adiunxerit,
2788 5330 2939 5412 Unde
2968 5342 3025 5412 ct_
3046 5328 3278 5412 inferius
3322 5330 3515 5412 psalmi
3560 5331 3644 5385 vi-

2060 5407 2252 5476 gesimi
2293 5403 2649 5476 'primi'iloco
2697 5403 2971 5465 abutitur,
2996 5403 3332 5476 loquentem
3375 5403 3643 5457 inducens

2064 5471 2443 5531 Salvatorem:
2507 5475 2617 5544 Ego
2665 5490 2782 5526 sum
2844 5475 3031 5526 vermis
3085 5480 3135 5525 et
3168 5486 3273 5544 non
3307 5471 3489 5544 homo,
3527 5481 3635 5526 etc.

2062 5547 2216 5612 Quod
2244 5548 2449 5601 videbat
2505 5541 2572 5598 ιη’
2602 5544 2789 5601 matris
2825 5553 2973 5596 utero
3009 5541 3404 5596 immunditiam
3451 5556 3641 5609 carpas

2063 5633 2203 5677 rum,
2237 5617 2520 5671 visceribus
2550 5616 2663 5684 ejus
2685 5615 2806 5667 hinc
2848 5614 2967 5667 inde
3002 5613 3232 5667 uallatus
3253 5650 3270 5677 ,
3322 5622 3373 5665 et
3414 5621 3641 5666 terrente

2064 5687 2211 5755 fiscis
2249 5688 2554 5755 patiebatur
2586 5687 2883 5754 angustias,
2918 5694 3024 5739 etc.

2135 5752 2257 5826 (δη
2276 5756 2413 5812 Puta
2447 5752 2794 5837 Marcionitas
2828 5752 3327 5835 :uque'f'lbionitas,
3356 5766 3498 5876 quos
3525 5760 3638 5806 iras

2135 5826 2641 5876 .Gcmiadiushhro
2681 5825 2752 5876 De
2784 5824 3119 5876 dogmatibus
3146 5864 3162 5876 .
3214 5837 3337 5876 can.
3424 5863 3440 5876 .
3488 5822 3636 5876 allii-

2062 5822 2481 5884 dit‘Gcnnadius
2503 5827 2641 5881 Ii'uro
2681 5825 2752 5880 De
2784 5822 3119 5896 dogmatibus
3146 5864 3162 5891 ,
3214 5837 3337 5891 cap.
3363 5822 3401 5876 2
3424 5863 3440 5890 ,
3488 5822 3636 5878 aliis"

3279 5913 3358 5977 58
