4132 6452
423 399 557 465 1331

1619 396 1687 452 IN
1723 397 1961 455 LUCAM
2001 399 2287 457 HOMILIA
2330 401 2445 459 XV.

3548 419 3687 473 1858

421 513 787 571 venerandum
819 521 945 571 ante
979 512 1315 573 nativitatem
1349 510 1554 568 Christi
1585 512 1863 571 masculus
1886 530 2000 569 om-
2027 521 2074 578 Α
2105 531 2221 581 nes,
2252 517 2340 570 ille
2367 518 2457 586 qui
2494 533 2589 587 pro
2615 526 2728 575 tot‘o
2762 518 2968 576 mundo
3001 524 3347 591 nascebatur,
3375 537 3427 582 ct
3456 531 3561 597 pati
3590 531 3685 587 ha-

418 607 549 661 nino
584 621 691 659 non
741 605 934 675 tetigit.
972 603 1162 657 Audeo
1203 604 1333 673 quid
1358 603 1534 673 loqui,
1564 603 1694 673 quia
1745 613 1801 659 et
1849 604 1901 659 in
1936 620 2002 660 eo

424 696 571 769 quod
608 697 870 765 scriptum
902 703 1023 750 est:
1066 692 1299 764 Spiritus
1342 693 1437 748 Dei
1476 694 1640 748 veniet
1672 711 1829 765 super
1856 706 1923 761 te,
1953 703 2002 749 et

417 789 582 843 virtus
614 786 878 841 Altissimi
907 784 1239 839 obumbrabit
1275 792 1325 839 te
1356 784 1423 852 ³⁸,
1452 784 1784 855 principium
1832 788 2003 841 semi-

418 877 503 932 nis
535 886 588 930 et
634 883 929 947 conceptus
976 872 1160 939 fuerit,
1203 882 1255 933 et
1287 873 1407 929 sine
1443 876 1619 931 vulva:
1666 877 2003 934 reseratione

418 983 594 1022 novus
640 967 694 1020 in
736 974 891 1021 utero
923 965 1066 1022 fctus
1097 965 1416 1023 adoleverit.
1468 966 1622 1022 Unde
1652 976 1706 1023 et
1754 968 2003 1025 Salvator

417 1055 694 1127 loquitur:
734 1055 847 1129 Ego
881 1073 997 1111 sum
1022 1056 1212 1115 vermis
1234 1065 1283 1110 et
1308 1074 1409 1112 non
1442 1061 1618 1127 homo,
1660 1060 2001 1131 opprobrium

416 1147 709 1212 hominum,
754 1157 803 1203 et
845 1147 1068 1221 abjectio
1113 1150 1280 1219 plebis
1326 1151 1390 1205 ”.
1437 1149 1672 1206 Videbat
1720 1150 1776 1206 in
1812 1154 2002 1210 matris

416 1247 573 1295 utero
598 1240 998 1295 immunditiam
1036 1257 1348 1313 corporum,
1383 1242 1686 1299 visceribus
1719 1244 1839 1317 ejus
1872 1245 2000 1301 hinc

415 1332 541 1387 inde
573 1333 828 1401 vallatus,
872 1343 1103 1391 terrenae
1148 1334 1298 1391 faacis
1340 1336 1650 1406 patiebatur
1695 1342 1998 1410 angustias,

415 1423 559 1475 unde
586 1424 853 1478 a-similat
896 1439 956 1479 se
983 1425 1180 1491 vermi,
1220 1434 1274 1480 et
1299 1424 1465 1481 dicit:
1501 1423 1614 1495 Ego
1645 1442 1762 1479 sum
1786 1428 1997 1494 vermis,

413 1520 462 1565 et
489 1528 589 1565 non
620 1514 794 1567 homo.
826 1512 905 1568 Ex
937 1531 1087 1570 mare.
1110 1516 1311 1587 quippe
1335 1530 1400 1572 ac
1425 1514 1626 1571 femina
1653 1515 1817 1573 homo
1849 1519 1999 1575 nasci

415 1604 574 1667 solet,
605 1619 706 1675 ego
737 1620 866 1659 vero
898 1621 1004 1661 non
1035 1622 1101 1662 ex
1124 1607 1373 1664 masculo
1397 1616 1451 1663 et
1473 1606 1676 1663 femina
1697 1610 1998 1669 secundum

413 1695 579 1750 ritum
627 1695 925 1754 humanum
959 1708 1123 1770 atque
1160 1708 1439 1767 naturam,
1472 1699 1566 1755 sed
1602 1698 1655 1752 in
1687 1701 1998 1771 exemplum

412 1788 617 1843 vermis
667 1796 828 1845 natus
873 1806 1018 1858 sum,
1053 1793 1213 1863 cujus
1242 1808 1354 1848 non
1396 1805 1483 1849 est
1528 1794 1749 1849 aliunde
1787 1810 1993 1863 semen,

414 1881 508 1934 sed
554 1881 608 1935 in
652 1880 805 1951 ipsis,
839 1891 892 1938 et
937 1899 1002 1939 cx
1032 1883 1201 1959 949
1241 1885 1375 1957 ipsis
1420 1885 1473 1940 in
1501 1887 1704 1956 quibus
1737 1887 1998 1944 coalescit

411 1970 735 2039 corporibus
763 1973 918 2045 origo
939 1982 1043 2028 est.
1079 1972 1307 2049 Propter
1334 1975 1481 2047 quod
1505 1977 1635 2049 quia
1666 1991 1828 2031 omne
1852 1992 1998 2033 mas-

412 2059 655 2124 culinum
690 2063 835 2132 quod
863 2065 1036 2134 aperit
1070 2065 1312 2131 vulvam,
1347 2076 1600 2122 sanctum
1638 2065 1871 2123 Domino
1900 2083 1997 2123 vo-

411 2151 647 2219 cabitur,
676 2153 873 2212 ductus
904 2164 988 2212 est
1035 2157 1092 2215 in
1141 2155 1560 2229 Jerosolymam,
1603 2167 1663 2215 ut
1712 2168 1997 2231 appareret

410 2253 538 2301 ante
577 2256 931 2317 conspectum
962 2247 1076 2317 Dei,
1112 2259 1167 2309 et
1208 2259 1432 2322 propter
1463 2251 1595 2308 illud
1632 2253 1778 2323 quod
1814 2252 1998 2323 sequi-

411 2345 502 2391 tur
530 2356 544 2392 :
579 2337 649 2392 Ut
689 2332 908 2395 daretur
950 2359 1140 2401 munus
1163 2359 1260 2414 pro
1284 2359 1344 2398 eo
1378 2344 1518 2414 quod
1544 2345 1597 2397 in
1624 2342 1735 2414 lege
1785 2343 1996 2399 Domini

410 2430 669 2498 scriptum
696 2440 773 2487 est
800 2448 819 2486 :
855 2431 964 2487 Par
990 2444 1258 2489 turturum
1295 2444 1392 2489 aut
1426 2436 1559 2490 duos
1594 2436 1767 2504 pullos
1795 2435 1997 2491 colum-

411 2519 621 2576 barum.
647 2522 948 2583 Turturum
971 2542 1094 2599 par,
1127 2527 1351 2583 et'duos
1383 2527 1562 2597 pullos
1590 2528 1990 2601 columbarum,

410 2628 509 2682 pro
555 2611 836 2670 Salvatore
883 2616 1132 2672 videmus
1165 2616 1403 2672 oblatos.
1437 2616 1550 2687 Ego
1593 2625 1648 2672 et
1681 2633 1810 2674 aves
1859 2618 1995 2676 istas

408 2701 598 2759 beatas
630 2712 761 2775 puto
790 2720 913 2775 quae
943 2721 1043 2776 pro
1088 2716 1210 2760 ortu
1260 2704 1473 2760 Domini
1517 2706 1712 2762 oblatae
1759 2715 1905 2774 sunt,
1941 2718 1995 2764 et

409 2796 690 2877 quomodo
720 2796 931 2852 asinam
977 2795 1195 2852 Balaam
1228 2796 1421 2863 miror,
1450 2807 1505 2853 et
1546 2796 1803 2855 felicitate
1829 2815 1993 2857 accu-

411 2888 581 2954 mulo,
621 2889 749 2960 quia
777 2889 940 2960 digna
976 2888 1136 2945 fuerit
1163 2905 1270 2946 non
1307 2892 1487 2951 solum
1516 2890 1701 2946 videre
1734 2892 1992 2963 angelum

406 2979 525 3046 Dei,
560 2981 653 3035 sed
682 2981 847 3036 etiam
872 2996 969 3037 ore
993 2990 1233 3037 reserato
1256 2983 1310 3037 in
1342 2981 1646 3045 humanum
1681 2999 1991 3041 sermonem

407 3087 694 3142 erumpere
720 3090 735 3127 :
758 3072 840 3130 sic
862 3073 1033 3131 multo
1063 3073 1298 3143 amplius
1327 3072 1427 3133 has
1452 3073 1703 3133 volucres
1732 3072 1989 3143 praedico,

406 3179 612 3235 easque
638 3164 889 3231 sustolle,
920 3165 1064 3236 quod
1092 3181 1191 3237 pro
1224 3165 1453 3220 Domino
1484 3176 1678 3221 nostro
1718 3171 1773 3220 ct
1801 3164 1991 3220 Salva-

409 3264 529 3311 tore
550 3256 744 3311 oblata:
771 3264 919 3312 sunt.
965 3256 1033 3311 Ut
1063 3257 1312 3326 oﬁ'errent
1348 3274 1444 3327 pro
1472 3274 1532 3313 eo
1561 3274 1661 3327 par
1701 3266 1990 3325 turturum,

407 3359 503 3400 aut
549 3347 683 3401 duos
715 3348 888 3410 pullos
927 3348 1313 3405 columbarum.
1348 3347 1562 3411 Novum
1595 3347 1727 3420 quid
1759 3347 1990 3404 forsitan

408 3439 595 3493 videar
624 3440 847 3505 inferre,
894 3441 987 3495 sed
1018 3456 1117 3512 pro
1166 3440 1452 3512 majestate
1501 3456 1695 3512 parum
1745 3440 1989 3512 dignum.

408 3528 564 3586 Sicut
588 3546 729 3586 nova
756 3528 859 3586 fuit
894 3532 1172 3604 generatio
1201 3530 1529 3600 Salvatoris,
1566 3548 1675 3589 non
1707 3548 1775 3589 ex
1800 3533 1919 3589 viro
1939 3541 1995 3589 et

406 3622 656 3690 muliere,
706 3622 799 3677 sed
846 3638 911 3678 es
947 3624 1061 3679 sola
1110 3635 1321 3679 tantum
1362 3622 1627 3696 Virgine:
1667 3624 1748 3680 sic
1790 3633 1846 3679 et
1892 3638 1993 3694 par

406 3723 682 3769 turturum
713 3723 766 3768 et
796 3713 906 3767 duo
937 3714 1066 3782 pulli
1108 3713 1486 3775 columbarum
1523 3729 1635 3768 non
1659 3711 1881 3767 fuerunt
1908 3719 1993 3768 ta-

407 3805 486 3860 les
518 3806 709 3875 quales
735 3805 910 3859 oculis
941 3806 1124 3865 carnis
1154 3806 1484 3877 aspicimus;
1519 3804 1615 3861 sed
1646 3806 1834 3877 quales
1866 3803 1991 3877 Spi-

406 3899 548 3952 ritus
586 3904 809 3953 sanctus
841 3905 947 3961 est,
980 3897 1070 3968 qui
1102 3897 1155 3953 in
1192 3898 1373 3972 specie
1406 3898 1673 3954 columbae
1714 3896 1992 3955 descendit

406 3997 461 4043 et
490 3989 640 4043 venit
681 4004 843 4057 super
875 3987 1241 4054 Salvatorem,
1274 3984 1494 4059 quando
1528 3987 1585 4042 in
1614 3986 1851 4043 Iordane
1892 3987 1991 4042 ba-

407 4082 642 4149 ptizatus
663 4082 854 4135 est"'.
876 4081 1008 4137 Tale
1036 4080 1137 4136 fuit
1160 4089 1213 4136 et
1230 4096 1326 4151 par
1345 4088 1618 4139 turturum
1644 4094 1658 4131 :
1693 4093 1802 4133 non
1835 4087 1989 4133 erant

388 4160 511 4228 illae
546 4172 796 4229 volucres
829 4173 939 4245 (il)
973 4181 1030 4227 ut
1068 4172 1188 4229 ista:
1229 4187 1350 4243 qua:
1391 4185 1487 4241 per
1526 4183 1707 4224 aerem
1739 4168 1987 4233 volitant,

405 4266 498 4321 sed
546 4265 789 4321 divinum
838 4265 1098 4337 quiddam
1147 4273 1203 4319 et
1248 4264 1490 4319 humana
1535 4260 1990 4332 contemplatione

406 4356 712 4426 augustius,
760 4356 864 4411 sub
896 4356 1078 4426 specie
1106 4354 1374 4410 columbus
1405 4363 1462 4410 et
1495 4351 1727 4408 turturis
1758 4365 1989 4423 appare-

388 4438 518 4514 bat,
555 4456 614 4502 ut
643 4464 753 4503 non
789 4447 990 4504 talibus
1020 4447 1256 4509 victimis
1296 4444 1552 4518 qualibus
1583 4459 1776 4500 omnes
1811 4444 1990 4500 homi-

2106 609 2284 672 behat,
2309 626 2493 663 coram
2527 608 2755 666 Domino
2784 613 3164 679 mumlaretur,
3195 618 3289 671 sed
3320 627 3376 672 ut
3402 619 3685 692 dispensa-

2104 696 2179 750 tio
2212 697 2331 766 ejus
2376 713 2512 751 nova
2539 699 2743 762 omnia,
2768 699 2842 759 ita
2878 718 3048 757 novas
3075 720 3295 775 quoque
3330 707 3554 763 haberet
3586 709 3685 762 lio-

2103 788 2259 853 stias,
2316 791 2615 843 secundum
2662 791 2996 848 voluntatem
3048 795 3437 865 omnipotentis
3489 797 3579 853 Dei
3630 800 3684 853 in

2101 877 2322 933 Christo
2351 878 2502 947 Jesu,
2531 882 2619 936 cui
2663 890 2747 938 est
2772 883 2943 955 gloria
2974 892 3029 941 et
3067 884 3355 955 imperium
3394 888 3445 942 in
3481 892 3683 949 sarcula

2102 970 2445 1027 saeculorum.
2481 972 2675 1029 Amen.

2679 1082 2964 1140 HOMILIA
2999 1084 3117 1145 Χν.

2101 1197 2180 1253 De
2231 1191 2500 1263 Simeone,
2544 1199 2684 1269 quod
2735 1198 2791 1255 in
2821 1200 3016 1265 spiritu
3047 1200 3119 1257 ad
3171 1201 3421 1268 templum
3462 1182 3683 1269 venerit,

2168 1285 2333 1340 usque
2362 1270 2431 1323 ad
2463 1268 2582 1340 eum
2604 1268 2798 1340 locum,
2823 1270 2915 1325 ubi
2945 1271 3063 1326 ait:
3094 1288 3113 1321 ι
3148 1269 3304 1325 Nunc
3332 1271 3558 1326 dimittis
3580 1268 3681 1327 m’.

2169 1338 2289 1392 eum
2320 1349 2488 1405 tuum,
2523 1338 2765 1403 Domine,
2791 1341 2845 1393 in
2872 1354 3018 1407 pace.
3058 1360 3077 1392 ι
3110 1340 3242 1409 Cap.
3277 1356 3338 1394 ιι.

2166 1428 2338 1501 Digna
2364 1428 2457 1483 Dei
2488 1443 2713 1486 munere
2740 1431 3033 1501 quaerenda
3062 1439 3145 1486 est
3176 1432 3333 1487 ratio.
3362 1430 3573 1486 Simean
3601 1432 3683 1486 vir

2097 1529 2315 1573 sanctus
2348 1527 2399 1572 et
2441 1518 2667 1575 Domino
2693 1520 2927 1588 placens,
2964 1520 3107 1577 sicut
3138 1520 3191 1574 in
3230 1520 3520 1592 Evangelio
3550 1523 3671 1577 seri-

2097 1617 2252 1679 ptum
2285 1619 2390 1675 est,
2426 1620 2737 1678 exspectans
2778 1611 3192 1666 consolationem
3226 1610 3420 1679 Israel,
3465 1629 3683 1683 respon-

2097 1715 2213 1752 sum
2245 1711 2516 1769 acceperat
2542 1716 2576 1753 a
2605 1698 2811 1769 Spiritu
2839 1711 3044 1767 sancto,
3077 1718 3180 1755 non
3206 1717 3261 1755 se
3287 1704 3436 1771 prius
3464 1713 3684 1758 mortem

2098 1789 2364 1844 obiturum
2395 1807 2555 1860 quam
2603 1791 2803 1845 videret
2846 1789 3117 1848 Christum
3160 1791 3399 1848 Domini.
3449 1792 3593 1859 Quid
3634 1792 3684 1849 ei

2096 1881 2320 1952 profuit,
2351 1889 2411 1937 ut
2435 1881 2639 1936 videret
2662 1880 2981 1938 Christum?
3008 1880 3204 1936 Utrum
3243 1882 3352 1938 hoc
3384 1890 3595 1937 tantum
3628 1884 3682 1937 in

2098 1973 2464 2051 promissione
2511 1971 2719 2037 habuit,
2757 1982 2817 2028 ut
2860 1973 3067 2028 videret
3112 1973 3288 2039 illum,
3337 1975 3584 2045 nihilque
3613 1991 3682 2031 ex

2097 2066 2217 2121 visu
2251 2065 2370 2136 ejus
2400 2073 2825 2136 consequeretur
2846 2066 3098 2122 utilitatis
3120 2064 3146 2117 ?
3174 2080 3242 2120 an
3287 2065 3421 2121 latet
3459 2066 3684 2136 aliquod

2096 2157 2300 2217 donum
2331 2157 2554 2229 dignum
2594 2155 2711 2223 Dei,
2741 2156 2887 2230 quod
2911 2156 3106 2213 beatus
3140 2155 3361 2213 Simcon
3389 2165 3445 2213 et
3487 2158 3685 2214 meruit

2097 2259 2151 2305 et
2180 2249 2428 2319 accepit?
2454 2247 2752 2305 Fimbriam
2780 2248 3093 2305 vestimenti
3125 2246 3255 2304 lesu
3292 2249 3489 2305 mulier
3512 2250 3686 2319 tetigit
3763 2289 3772 2297 .

2096 2350 2151 2397 et
2175 2349 2364 2397 sanata
2395 2349 2480 2396 est
2510 2341 2577 2394 ⁸⁸.
2618 2338 2675 2396 Si
2706 2340 2796 2395 illa
2838 2339 2905 2395 ad
2931 2348 3232 2395 extremam
3276 2347 3485 2410 partem
3513 2340 3686 2395 vesti-

2096 2433 2264 2491 menti
2312 2440 2520 2489 tantum
2555 2431 2910 2491 emolumenti
2957 2431 3171 2496 habuit,
3216 2432 3347 2502 quid
3381 2432 3683 2503 putandum

2094 2534 2178 2582 est
2198 2524 2264 2583 de
2293 2522 2566 2593 Simeone,
2599 2525 2694 2597 qui
2729 2524 2783 2578 in
2809 2539 2941 2587 suas
2970 2523 3130 2579 ulnas
3154 2523 3366 2593 accepit
3393 2522 3681 2591 infantem,

2094 2628 2149 2673 et
2173 2615 2414 2675 brachiis
2446 2624 2637 2671 tenens
2670 2614 2954 2675 laetabatur
2987 2620 3150 2683 atque
3183 2612 3455 2683 gaudebat
3483 2612 3679 2668 videns

2095 2709 2386 2780 parvulum
2422 2724 2454 2769 a
2493 2722 2553 2762 se
2591 2706 2816 2779 gestari,
2852 2706 2947 2777 qui
2983 2705 3049 2760 ad
3079 2706 3293 2761 vinctos
3319 2713 3543 2759 venerat
3592 2719 3684 2758 re-

2092 2799 2406 2865 solvendos,
2440 2814 2608 2873 seque
2632 2798 2808 2871 ipsum
2842 2798 2998 2853 nodis
3023 2796 3274 2867 corporis
3303 2794 3680 2851 liberandum:

2095 2896 2277 2949 sciens
2303 2893 2575 2953 neminem
2608 2905 2771 2962 posse
2803 2890 2871 2946 de
2918 2891 3163 2946 claustro
3196 2888 3445 2960 corporis
3485 2903 3681 2959 quem-

2094 2983 2240 3054 piam
2272 2983 2521 3043 emittere
2544 2997 2668 3037 cum
2704 2997 2801 3051 spe
2829 2980 3031 3038 futura:
3058 2983 3201 3047 vitae,
3227 2981 3334 3036 nisi
3364 2996 3489 3036 eum
3516 2995 3683 3050 quem

2096 3078 2154 3133 in
2206 3076 2448 3133 brachiis
2496 3074 2831 3137 continebat.
2879 3071 3037 3129 Unde
3087 3073 3155 3128 ad
3210 3088 3336 3129 eum
3389 3072 3679 3142 loquitur:

2099 3168 2257 3223 Nunc
2281 3167 2530 3237 dimittis,
2554 3166 2799 3233 Domine,
2825 3181 3029 3220 servum
3058 3173 3205 3219 tuum
3231 3167 3289 3219 in
3310 3181 3457 3234 pace.
3499 3163 3683 3230 Quan-

2094 3260 2187 3316 diu
2230 3259 2376 3321 enim
2423 3257 2707 3313 Christum
2755 3271 2862 3311 non
2908 3255 3184 3325 tenebam,
3235 3255 3480 3333 quandiu
3527 3255 3680 3309 illum

2094 3350 2232 3407 meis
2258 3347 2501 3404 brachiis
2544 3363 2654 3401 non
2695 3345 2995 3411 arctabam,
3042 3344 3266 3400 clausus
3312 3360 3486 3415 eram,
3514 3353 3568 3399 et
3613 3344 3683 3400 de

2093 3442 2330 3498 vinculis
2359 3441 2509 3498 exire
2545 3454 2651 3495 non
2691 3450 2957 3511 poteram.
2988 3435 3103 3493 Hoc
3141 3448 3321 3492 autem
3366 3453 3474 3493 non
3500 3436 3682 3494 solum

2094 3533 2163 3589 de
2187 3532 2463 3598 Simeone,
2496 3530 2591 3586 sed
2621 3529 2688 3585 de
2716 3529 2865 3583 omni
2900 3528 3145 3581 humano
3179 3542 3373 3597 genere
3399 3527 3680 3582 sciendum

2094 3635 2197 3688 est,
2236 3624 2294 3679 Si
2329 3622 2454 3694 quis
2487 3622 2768 3692 egreditur
2792 3636 2824 3675 e
2870 3621 3098 3683 mundo,
3143 3618 3189 3673 si
3225 3618 3349 3687 quis
3395 3632 3428 3673 e
3460 3632 3681 3672 carcere

2095 3716 2401 3777 vinctorum
2434 3714 2598 3768 domo
2646 3711 2958 3774 dimittitur,
2990 3719 3050 3765 ut
3088 3708 3156 3764 ad
3201 3707 3539 3779 regnandum
3584 3724 3680 3763 va-

2092 3808 2204 3877 dat,
2253 3813 2435 3861 sumat
2460 3802 2648 3859 Jesum
2702 3807 2759 3858 in
2803 3802 3058 3858 manibus
3102 3799 3240 3868 suis,
3287 3808 3343 3854 ct
3375 3799 3680 3855 circumdet

2092 3916 2216 3956 eum
2251 3898 2490 3957 brachiis
2531 3897 2670 3960 suis,
2719 3904 2890 3951 totum
2932 3894 3132 3949 habeat
3178 3893 3232 3947 in
3281 3890 3428 3957 sinu,
3458 3900 3514 3946 et
3542 3900 3676 3947 tunc

2090 3992 2374 4048 exsultans
2426 3990 2507 4043 ire
2558 3987 2777 4058 poterit,
2821 4000 2931 4056 quo
2972 3983 3265 4039 desiderat.
3319 3981 3678 4039 Considerate

2092 4089 2295 4152 quanta
2334 4076 2669 4147 dispensatio
2706 4072 3066 4146 praecesserit,
3102 4078 3159 4125 ut
3202 4068 3399 4123 Filium
3457 4066 3550 4122 Dei
3596 4063 3680 4123 8i-

2091 4185 2252 4226 mcon
2288 4177 2589 4223 mereretur
2621 4175 2823 4221 tenere.
2855 4162 3097 4216 Primum
3123 4175 3445 4231 responsum
3477 4175 3507 4213 a
3535 4174 3668 4214 san-

2090 4271 2179 4318 cto
2224 4258 2434 4332 Spiritu
2486 4266 2787 4337 acceperat,
2842 4271 2954 4313 non
3000 4270 3124 4310 eum
3176 4254 3360 4309 videre
3411 4262 3664 4320 mortem,

2092 4353 2197 4413 nisi
2249 4355 2400 4424 prius
2440 4352 2669 4415 vidisset
2705 4349 2986 4414 Christum
3035 4345 3272 4403 Domini.
3316 4344 3519 4407 Deinde
3557 4359 3667 4403 non

2090 4445 2317 4501 fortuitu
2348 4460 2412 4501 se
2454 4442 2778 4514 simpliciter
2815 4441 3098 4511 ingressus
3128 4445 3214 4494 est
3255 4437 3541 4507 templum,
3575 4436 3672 4493 sed

475 4606 522 4640 “
556 4605 689 4662 Luc.
730 4621 769 4673 I,
800 4604 896 4661 35.
972 4606 1018 4641 ⁸⁸
1057 4605 1205 4663 Psal.
1256 4623 1370 4675 χιιι,
1413 4604 1468 4662 6.
1546 4606 1615 4643 ”°
1653 4605 1845 4664 Matth.
1886 4622 1973 4663 ιιι.
2051 4607 2099 4640 ³ο
2140 4604 2328 4661 Matth.
2356 4619 2435 4670 ts,
2461 4600 2556 4670 9.0,
2584 4597 2680 4657 22.

405 4764 565 4821 carne
606 4747 830 4810 Christi,
853 4761 1004 4821 _cap._
1027 4744 1117 4804 25.
1164 4744 1329 4821 atque
1372 4757 1588 4821 eorum.
1618 4758 1759 4821 quos
1806 4741 1983 4821 Cene-
2015 4749 2061 4811 ο
2087 4757 2261 4821 eoque
2289 4737 2589 4821 Ezechielis
2611 4736 2839 4821 oraculo
2871 4729 3538 4821 corroboratumilg’oitg

406 4818 638 4877 hrardus
664 4829 828 4885 atque
852 4812 1078 4873 Huetius
1105 4812 1431 4885 praetexunt,
1448 4812 1724 4885 Ambrosii
1748 4812 1977 4885 scilicet,

404 4888 708 4954 Athanasii,
735 4883 939 4950 Basilii,
974 4887 1069 4956 qui
1095 4883 1164 4940 de
1187 4884 1418 4953 virginei
1445 4883 1669 4956 claustri
1699 4883 1981 4956 apertione

407 4960 461 5013 in
488 4970 646 5029 partu
676 4951 976 5029 disserunt.
995 4951 1184 5029 'Probe
1221 4951 1642 5029 adtem___linetio
1667 4953 1976 5029 notandum

388 5022 508 5093 est;
551 5028 809 5087 omnibus
862 5027 930 5082 iis
972 5025 1348 5095 exceptionem
1400 5023 1549 5095 illam
1614 5022 1978 5079 adhibendam

404 5112 547 5164 esse,
575 5114 684 5168 qua
720 5099 787 5153 ad
820 5093 1140 5153 solvendum
1181 5093 1459 5149 Ambrosii
1500 5093 1700 5157 locmn,
1735 5106 1869 5147 usus
1897 5101 1982 5148 est

406 5164 646 5222 Thomas
674 5179 822 5233 p.m,
856 5183 910 5233 q.
944 5164 1036 5229 28,
1061 5164 1169 5229 a3,
1203 5163 1276 5218 ita
1312 5178 1512 5233 nempe
1534 5164 1753 5219 locutos
1788 5160 1980 5218 Patres

493 5182 646 5222 omas
674 5179 822 5231 p.m,
856 5183 910 5231 q.
945 5179 1036 5229 ιδ,
1061 5179 1169 5229 arz,
1203 5179 1276 5218 Ita
1312 5179 1439 5219 nem

407 5183 646 5222 'I’nomas
674 5183 822 5250 p.0lll,
856 5183 910 5237 (ι.
945 5183 1036 5229 ιδ,
1061 5183 1169 5246 ειςι,
1203 5183 1276 5218 Ila
1312 5183 1512 5233 nempe
1536 5183 1753 5219 locutos
1788 5183 1977 5218 resres

405 5237 553 5299 illos,
579 5251 704 5292 eum
730 5238 862 5291 tilud
883 5234 1228 5304 evangehstte
1249 5243 1629 5304 exponerent_:
1665 5233 1833 5290 tlmne
1860 5248 1977 5289 man-

395 5305 667 5367 -seulinum
696 5306 1008 5376 θάρρει-ἕεις
1030 5301 1264 5376 ualeant,
1292 5301 1537 5376 sanctum
1572 5301 1797 5376 Domino
1825 5318 1981 5361 vaca-

409 5376 590 5447 bitur:
625 5377 770 5443 quod
796 5372 1016 5447 quidem
1046 5391 1111 5429 ex
1142 5374 1358 5447 vulgata
1400 5372 1653 5447 loquendi
1688 5381 1981 5447 consuetu:

405 5441 878 5515 dinegustirpatu'm
908 5455 1027 5515 est,
1050 5461 1157 5499 non
1194 5441 1260 5498 ad
1307 5441 1977 5515 signiﬁcandamvirgjnei

408 5485 1981 5583 ἔῑξῆιῖἷῖἶὗιῖἑῗῦὲτῖὅᾘξῖὅιιὲἶηΓὲἕέί’ἒᾶιῖιῖἱῖιὲρῇῗᾶἓέΞί

447 5580 574 5638 ralis
605 5582 674 5637 de
689 5580 882 5640 'utero.
913 5584 1181 5641 Caeterum
1212 5584 1402 5641 eodem
1439 5582 1733 5637 adnotante
1762 5580 1977 5647 Huetio,

447 5600 574 5638 rous
605 5600 674 5637 ae
709 5600 882 5640 utero.
913 5600 1181 5641 Caeterum
1212 5600 1402 5641 eodem
1439 5600 1733 5637 aanomnte
1762 5600 1977 5647 nuntio,

388 5600 513 5709 ‘Roc
550 5662 633 5707 est
670 5652 892 5723 optimae
915 5652 1138 5723 Patrum
1181 5663 1288 5708 tam
1321 5652 1661 5718 (imorum,
1685 5667 1851 5723 quam
1886 5650 1984 5708 La-

407 5725 645 5779 tinorum
671 5721 862 5794 partis,
894 5734 951 5794 et
970 5722 1226 5794 Ephesini
1257 5734 1516 5794 praterea
1541 5721 1981 5794 conciliidecre-

409 5803 546 5862 tum,
603 5791 865 5865 perpetuo
913 5791 1170 5851 Ecclesiae
1213 5791 1487 5852 consensu
1544 5792 1978 5864 comprobatum,

2087 4802 2272 4865 clausa
2303 4811 2405 4865 erit
2435 4824 2455 4862 :
2487 4824 2589 4863 non
2625 4808 2910 4877 aperietur,
2940 4814 2989 4859 et
3007 4806 3113 4877 _rir
3152 4820 3254 4877 non
3290 4802 3538 4857 transibit
3579 4819 3675 4872 per

2085 4896 2243 4945 eam;
2270 4881 2521 4951 quoniam
2547 4873 2805 4951 Dominus
2827 4873 3171 4951 Deus_lsrgel
3190 4875 3458 4951 ingressus
3480 4880 3561 4926 est
3576 4888 3674 4947 per

2085 4941 2236 5032 eum:
2279 4941 2481 5032 ἐξέτινε
2525 4945 3006 5032 devertimus
3038 4941 3311 5032 ,ίιξὶιξιξὲεξὲη
3341 4941 3671 5032 εελξξξὲῐιῖ

2088 5010 2245 5090 ceptu
2289 5029 2343 5075 ct
2390 5010 2441 5091 in
2486 5027 2666 5091 partu_
2696 5010 2881 5091 Mariae
2917 5010 3305 5091 virginitatem,
3351 5010 3669 5091 Christique

2087 5081 2290 5160 corpus
2319 5081 2511 5160 eodem
2543 5087 2706 5160 modo
2735 5086 2883 5141 foras
2909 5081 3237 5160 prodidisse,
3269 5096 3381 5152 quo
3410 5081 3477 5135 ad
3506 5082 3669 5137 disci-

2086 5155 2247 5230 pulos
2274 5159 2566 5230 obseratis,
2578 5156 2790 5230 foribus
2817 5155 3137 5230 penetravit.

2159 5231 2274 5300 (41)
2315 5228 2506 5285 Merito
2532 5222 2837 5300 Origenes;
2857 5225 3001 5300 quod
3038 5226 3094 5279 in
3125 5222 3430 5300 Scripturis
3464 5222 3669 5300 edisse-

2087 5293 2293 5363 rendis,
2321 5293 2673 5369 pessumdatb
2712 5293 2911 5369 saepius
2949 5294 3210 5369 historico
3242 5293 3666 5369 s'ensu,_allegoo

2078 5370 2215 5425 'ricis
2258 5363 2694 5439 expositionibus
2736 5363 2811 5421 rei
2867 5366 3149 5439 veritatem
3199 5364 3492 5439 pratvertit,
3524 5363 3668 5416 male

2085 5441 2228 5510 apud
2272 5431 2529 5494 Ecclesia:
2571 5437 2763 5510 Patres
2801 5431 3304 5510 continuo‘audiit.
3341 5431 3492 5510 llaud
3519 5442 3668 5510 certe

2042 5540 2053 5547 ι
2084 5503 2225 5575 scio,
2256 5526 2365 5580 qua
2409 5510 2584 5579 possit
2611 5509 2727 5563 base
2753 5503 3504 5580 interpretatioexcusatione
3535 5503 3667 5557 obli-

2089 5572 2219 5643 niri,
2248 5572 2374 5636 c'um
2407 5572 2651 5635 iurtures
2678 5591 2777 5647 pro
2804 5572 3024 5630 Cltristo
3054 5575 3266 5630 oblatos
3288 5572 3457 5647 fuisse
3485 5582 3665 5647 negat,

2088 5641 2344 5714 volucres,
2367 5659 2424 5704 ut
2453 5650 2573 5704 ista:
2620 5641 2763 5710 sunt,
2793 5661 2912 5716 qua:
2951 5661 3047 5715 per
3088 5642 3533 5716 acrempolitaut,
3560 5641 3667 5695 sed

2088 5712 2339 5776 divinum
2365 5719 2620 5791 quiddam
2662 5725 2713 5791 et
2741 5712 2973 5791 humana
3023 5712 3464 5791 contemplatione
3495 5728 3667 5783 auguo

2088 5802 2242 5856 unus,
2279 5785 2564 5858 sub'spccie
2603 5786 2860 5843 columbae
2883 5796 2931 5840 et
2959 5785 3183 5839 tut-turis
3205 5786 3537 5853 apparuisse.
