4132 6436
465 442 601 496 18Ἶ9

1952 427 2274 486 ORIGENIS

3597 422 3734 478 184)

462 560 610 612 venit
634 559 686 611 in
720 555 980 626 templum
1010 553 1061 608 in
1091 551 1296 620 Spiritu
1326 549 1438 602 Dei.
1468 547 1732 618 Quotquot
1758 546 1894 599 enim
1923 544 2038 612 Spi-
2073 547 2119 602 A
2147 542 2435 612 vigilantes
2463 552 2516 598 et
2571 544 2926 599 observantes
2986 539 3265 597 custodias
3318 539 3496 596 noctis
3562 555 3733 612 supra

464 652 574 704 ritu
597 649 693 703 Dei
725 659 976 718 aguntur,
1011 644 1064 697 Ιιὶ
1095 643 1195 711 ﬁlii
1227 649 1348 694 sunt
1377 640 1469 693 Dei
1505 641 1570 693 ³¹.
1606 638 1844 708 Spiritus
1879 636 2045 707 igitur

464 752 688 797 sanctus
730 756 853 794 eum
899 736 1058 792 duxit
1107 735 1160 788 in
1207 731 1489 803 templum.
1524 730 1604 786 Tu
1637 745 1856 802 quoque
1884 730 1929 785 si
1965 729 2047 784 vis

465 839 650 885 tenere
673 829 883 894 Jesum,
917 838 971 882 et
995 825 1306 897 amplexare
1329 823 1600 889 manibus,
1626 833 1680 878 et
1707 823 1904 894 dignus
1929 820 2048 876 ﬁeri

463 923 613 978 exire
643 920 709 976 de
738 936 978 984 carcere,
1017 916 1169 974 omni
1197 916 1384 972 labore
1406 917 1600 980 nitere,
1633 925 1691 969 ut
1719 913 1912 969 ducem
1949 913 2049 966 ha-

466 1017 596 1070 beas
645 1015 932 1084 Spiritum,
973 1013 1272 1082 veniasque
1315 1010 1381 1065 ad
1431 1008 1691 1080 templum
1750 1003 1864 1062 Dei.
1913 1004 2053 1060 Ecce

468 1122 612 1160 nunc
641 1115 756 1160 stas
800 1106 853 1159 in
888 1105 1091 1174 templo
1121 1102 1340 1159 Domini
1378 1099 1528 1165 Jesu,
1571 1101 1675 1154 hoc
1707 1107 1810 1162 est,
1852 1097 1906 1151 in
1952 1095 2054 1151 Ec-

464 1197 631 1252 clesia
659 1197 801 1265 ejus,
836 1197 939 1250 hoc
967 1206 1049 1250 est
1083 1194 1344 1265 templum
1369 1193 1436 1248 de
1472 1192 1614 1245 vivis
1656 1179 1927 1260 lapidibus
1966 1203 2056 1242 ex~

467 1297 754 1344 structum.
793 1289 916 1343 Stas
958 1287 1237 1341 autem~in
1288 1285 1490 1354 templo
1547 1282 1782 1344 Domini,
1835 1280 2055 1350 quando

464 1381 574 1436 vita
611 1389 722 1443 tua,
759 1388 811 1434 et
841 1379 1188 1434 conversatio
1216 1374 1472 1431 Ecclesia:
1509 1373 1672 1427 fuerit
1695 1371 2056 1441 appellatione

467 1471 809 1543 dignissima.
847 1469 904 1524 Si
933 1470 1146 1525 veneris
1170 1468 1364 1538 spiritu
1399 1467 1463 1520 ad
1500 1467 1782 1534 templum,
1815 1460 2057 1518 invenies

466 1563 754 1630 parvulum
793 1560 1004 1627 Jesum,
1050 1560 1254 1614 levabis
1288 1559 1440 1612 illum
1471 1557 1713 1612 brachiis
1748 1557 1857 1611 tuis
1902 1564 1958 1611 et
1981 1555 2059 1609 di—

469 1669 600 1710 ccs:
647 1653 804 1707 Nunc
842 1654 1066 1706 dintittis
1095 1668 1300 1705 servum
1343 1661 1514 1715 tuum,
1552 1649 1796 1712 Domine,
1827 1649 1882 1702 in
1911 1664 2056 1718 pace,

472 1746 760 1799 secundum
791 1745 1003 1798 verbum
1033 1753 1201 1796 tuum.
1238 1742 1520 1811 Simulque
1547 1742 1766 1796 attende
1789 1740 1934 1811 quod
1971 1754 2062 1794 so-

473 1835 665 1889 lutioni
699 1842 753 1888 et
792 1833 1102 1888 dimissioni
1143 1849 1248 1902 pax
1290 1833 1474 1887 addita
1510 1833 1600 1888 sit.
1635 1831 1753 1887 Non
1782 1833 1927 1887 enim
1962 1833 2057 1896 ait,

473 1926 682 1980 Dimitti
709 1926 852 1992 volo,
883 1925 978 1980 sed
1003 1941 1130 1980 cum
1162 1924 1557 1991 additamento,
1586 1924 1641 1978 in
1671 1939 1806 1994 pace
1835 1925 2055 1978 dimitti.

468 2016 604 2072 Nam
643 2027 697 2072 et
740 2017 898 2072 beato
931 2016 1164 2071 Abrahae
1211 2015 1316 2070 hoc
1363 2015 1507 2069 idem
1561 2016 1895 2084 promissum
1929 2023 2056 2069 est:

474 2110 553 2166 Tu
585 2121 760 2164 autem
789 2110 946 2164 vades
991 2109 1062 2162 ad
1091 2119 1269 2175 patres
1312 2117 1428 2160 tuos
1466 2107 1520 2161 in
1549 2123 1697 2176 pace,
1740 2105 1974 2159 nutritus
2006 2105 2061 2159 in

470 2215 680 2259 senecta
711 2202 866 2257 bona.
909 2200 1043 2267 Quis
1085 2209 1169 2254 est
1211 2198 1305 2270 qui
1347 2197 1619 2252 moriatur
1649 2198 1702 2251 in
1749 2213 1901 2266 pace,
1955 2195 2060 2251 nisi

472 2297 566 2365 qui
600 2295 760 2349 habet
786 2309 972 2363 pacem
1004 2292 1120 2356 Dei,
1152 2307 1274 2361 quae
1307 2305 1526 2345 omnem
1563 2304 1784 2344 sensum
1817 2296 2060 2358 superat,

473 2385 823 2456 custoditque
867 2399 963 2438 cor
1004 2381 1342 2452 possessoris
1381 2380 1506 2435 sui?
1545 2379 1680 2447 Quis
1729 2387 1813 2434 est
1859 2378 1952 2448 qui
1997 2378 2064 2434 de

473 2477 675 2532 saeculo
725 2477 829 2530 isto
866 2474 1072 2530 recedit
1116 2474 1170 2526 in
1223 2487 1380 2542 pace,
1425 2471 1532 2527 nisi
1583 2472 1628 2527 is
1666 2471 1759 2541 qui
1807 2469 2064 2541 intelligit

473 2567 620 2635 quod
672 2565 816 2620 Deus
863 2575 975 2619 erat
1014 2564 1070 2618 in
1109 2563 1332 2619 Christo
1379 2563 1643 2617 mundum
1699 2561 2063 2617 reconcilians

473 2659 601 2720 sibi,
642 2658 883 2727 nihilque
913 2656 1194 2710 inimicum
1225 2655 1390 2710 habet
1419 2653 1793 2710 adversarium
1831 2652 1945 2721 Dei,
1969 2651 2063 2708 sed

475 2766 693 2806 omnem
729 2764 918 2819 pacem
950 2758 1110 2819 atque
1145 2747 1496 2803 concordiam
1523 2746 1682 2802 bonis
1717 2745 1772 2801 in
1803 2761 1862 2802 se
1885 2746 2066 2817 operi-

476 2843 580 2898 bus
607 2841 925 2912 assumpsit,
959 2849 1011 2896 et
1040 2841 1120 2895 sic
1152 2839 1206 2893 in
1240 2854 1371 2910 pace
1396 2839 1704 2908 ,dimittitur
1745 2854 1970 2910 pergere
1997 2835 2065 2892 ad

477 2947 697 2991 sanctos
731 2935 942 2999 Patres,
981 2935 1046 2988 ad
1087 2949 1226 3004 quos
1268 2942 1322 2988 et
1360 2941 1585 2987 sanctus
1635 2931 1910 2986 Abraham
1940 2947 2068 3002 pro-

477 3025 653 3082 lectus
672 3035 759 3107 est
784 3027 806 3078 ?
837 3025 976 3092 Quid
1000 3026 1066 3080 de
1091 3023 1344 3079 Patribus
1372 3024 1606 3094 loquar?
1630 3023 1696 3077 ad
1731 3023 1908 3092 ipsum
1937 3038 2069 3093 quo-

479 3134 586 3188 que
631 3119 724 3188 qui
759 3118 1201 3188 patriarcharum
1251 3117 1505 3187 princeps
1551 3125 1604 3172 et
1650 3115 1916 3172 Dominus
1959 3125 2063 3184 est,

2149 651 2365 706 gregem
2395 649 2577 690 suum.
2610 636 2766 690 Venit
2793 635 3019 705 angelus
3064 635 3167 690 sub
3204 635 3320 704 ipsa
3362 633 3500 686 hora
3534 635 3734 688 nativi-

2150 729 2277 783 tatis
2305 728 2455 793 Jesu,
2492 737 2545 782 et
2572 727 2642 782 ait
2675 728 2740 783 ad
2777 745 2872 784 eos
2905 747 2919 782 :
2965 729 3239 782 Annuntio
3295 727 3437 780 vobis
3480 727 3736 798 gaudium

2155 837 2428 890 magnum.
2459 816 2564 886 Ite,
2598 833 2643 876 et
2679 820 2948 887 invenietis
2991 821 3251 890 infantem
3279 819 3572 874 involutum
3597 835 3736 889 pan-

2153 915 2256 981 nis,
2288 926 2336 969 et
2367 913 2598 984 positum
2631 915 2687 968 in
2731 913 3004 983 praesepio.
3049 909 3292 968 Necdum
3321 911 3549 980 angelus
3573 910 3738 964 verba

2151 1007 2387 1072 ﬁnierat,
2437 1015 2492 1062 et
2525 1021 2651 1061 ecce
2705 1004 2997 1059 multitudo
3029 1003 3268 1059 caelestis
3315 1001 3590 1057 exercitus
3619 1001 3740 1055 lau-

2154 1099 2285 1156 dare
2315 1098 2481 1171 cwpit
2501 1110 2555 1154 et
2582 1100 2902 1154 benedicere
2932 1097 3125 1154 Deum.
3181 1095 3320 1150 Cum
3353 1095 3458 1150 hoc
3485 1103 3738 1165 pastores

2156 1192 2345 1262 trepidi
2386 1191 2812 1261 perspexissent,
2837 1199 2890 1243 et
2927 1189 3153 1260 angelus
3193 1187 3512 1242 recessisset
3541 1185 3609 1240 ab
3633 1185 3735 1248 eis,

2155 1281 2410 1334 dixerunt
2446 1279 2510 1334 ad
2543 1279 2770 1333 invicem
2804 1298 2816 1332 :
2852 1277 3051 1333 Eamus
3101 1277 3423 1343 Bethlehem,
3454 1285 3504 1332 et
3559 1277 3740 1330 videa-

2158 1387 2272 1423 mus
2305 1372 2509 1439 factum
2540 1371 2679 1439 quod
2711 1368 2968 1422 Dominus
2994 1369 3222 1422 ostendit
3253 1367 3425 1422 nobis.
3457 1366 3741 1422 Venerunt

2157 1468 2211 1514 ct
2243 1461 2571 1514 invenerunt
2601 1459 2911 1527 parvulum.
2966 1456 3101 1512 Tam
3151 1458 3228 1512 illi
3269 1472 3434 1528 quam
3460 1466 3741 1528 parentes,

2159 1551 2405 1604 videntes
2456 1565 2580 1619 quae
2639 1549 2778 1603 facta
2837 1547 3075 1617 fuerant,
3121 1549 3536 1604 admirabantur
3578 1565 3746 1620 super

2160 1640 2283 1697 hoc.
2314 1641 2380 1696 Et
2407 1642 2474 1697 de
2502 1641 2757 1696 Simeone
2800 1641 3074 1708 scribitur,
3132 1643 3278 1712 quod
3309 1657 3586 1696 rumorem
3645 1658 3747 1696 au-

2162 1735 2302 1790 xerit
2355 1735 2626 1799 miraculi,
2676 1735 2762 1791 vel
2811 1751 3006 1807 magna
3061 1751 3189 1805 pars
3227 1734 3411 1800 fuerit,
3464 1736 3748 1805 tenuitque

2162 1843 2390 1898 puerum
2421 1826 2475 1880 in
2508 1827 2746 1882 brachiis
2774 1827 2911 1890 suis,
2937 1836 2990 1881 et
3013 1826 3122 1880 ait:
3156 1823 3314 1880 Nunc
3358 1826 3607 1891 dimittis,
3641 1826 3750 1878 Do-

2113 1911 2135 1934 ⁹
2165 1919 2324 1984 mine,
2349 1935 2553 1972 servum
2586 1927 2731 1970 tuum
2760 1919 2815 1970 in
2841 1934 2989 1987 pace,
3017 1918 3305 1971 secundum
3334 1917 3547 1970 verbum
3574 1927 3749 1980 tuum,

2161 2012 2287 2083 quia
2323 2010 2564 2066 viderunt
2598 2011 2740 2064 oculi
2793 2011 2893 2064 mei
2947 2008 3186 2063 salutare
3216 2020 3387 2064 tuum.
3446 2008 3746 2081 Fastigium

2161 2113 2233 2170 et,
2266 2113 2325 2158 ut
2354 2104 2427 2157 ita
2455 2102 2656 2165 dicam,
2683 2102 2899 2156 culmcn
2935 2116 3102 2171 super
3140 2100 3227 2155 bis
3250 2117 3372 2171 quae
3400 2101 3753 2172 iactabantur

2161 2200 2227 2255 de
2249 2196 2401 2263 Jesu,
2432 2206 2483 2252 et
2513 2206 2666 2268 pater
2703 2207 2756 2251 ct
2802 2206 2977 2252 mater
2999 2195 3145 2250 illius
3171 2195 3535 2259 mirabantur,
3567 2210 3753 2250 sermo

2164 2291 2438 2348 Simeonis
2470 2292 2590 2348 fuit.
2622 2289 2740 2346 Non
2763 2292 2908 2347 enim
2939 2290 3137 2345 suilicit
3160 2290 3208 2344 ei
3235 2297 3416 2345 tenere
3436 2288 3751 2359 parvulum,

2161 2394 2218 2440 et
2247 2400 2307 2439 ea
2331 2400 2455 2456 quae
2483 2384 2550 2440 de
2582 2385 2876 2454 semetipso
2921 2384 3125 2452 scripta
3163 2392 3294 2438 sunt
3343 2383 3621 2452 proloqui,
3657 2381 3757 2438 sed

2167 2476 2443 2531 benedixit
2469 2477 2606 2547 patri
2663 2476 2810 2531 illius
2850 2486 2904 2532 et
2935 2477 3097 2530 matri
3132 2493 3144 2529 :
3195 2483 3249 2530 et
3294 2475 3358 2529 de
3388 2475 3507 2544 ipso
3534 2488 3756 2550 quoque

2165 2569 2508 2639 prophetarit
2531 2567 2755 2634 infante,
2783 2569 2968 2624 dicens
2997 2585 3010 2621 :
3044 2565 3178 2621 Ecce
3203 2567 3288 2620 Itic
3317 2567 3525 2637 positus
3565 2575 3642 2620 est
3697 2567 3754 2619 in

2167 2662 2380 2716 ruinam
2435 2671 2484 2715 et
2529 2662 2964 2715 resurrectionem
3019 2659 3312 2714 multorum
3346 2660 3400 2712 in
3456 2657 3654 2719 Israel,
3700 2670 3750 2711 ct

2166 2754 2221 2807 in
2266 2755 2474 2824 signum
2513 2755 2598 2807 cui
2643 2754 3056 2808 contradicetur.
3121 2752 3288 2806 Tuam
3325 2769 3529 2823 quoque
3584 2752 3752 2820 ipsius

2167 2847 2402 2900 animam
2438 2837 2786 2916 pertransibit
2824 2847 3058 2918 gladius,
3099 2856 3156 2900 ut
3182 2845 3470 2900 revelentur
3500 2845 3564 2897 de
3611 2843 3752 2897 mul-

2169 2938 2234 2991 tis
2262 2937 2507 2991 cordibus
2557 2937 2922 3007 cogitationes.
2963 2935 3103 3003 Quid
3159 2934 3264 2992 sibi
3301 2935 3416 2990 vult
3457 2934 3603 3004 quod
3633 2934 3751 2988 ait:

2166 3020 2307 3083 'Ecce
2343 3030 2428 3083 hic
2465 3029 2670 3100 positus
2727 3039 2804 3083 est
2861 3029 2916 3081 in
2947 3029 3159 3082 ruinam
3207 3037 3258 3082 et
3320 3027 3755 3081 resurrectionem

2169 3118 2456 3172 multarunt
2488 3119 2540 3172 in
2582 3117 2800 3172 Israel?
2847 3116 2985 3172 Huic
3014 3117 3142 3188 quid
3173 3116 3352 3172 simile
3375 3116 3429 3170 in
3463 3115 3758 3186 Evangelio

481 3210 560 3264 ire
584 3207 795 3272 Jesum,
822 3209 889 3264 de
917 3225 1025 3278 quo
1059 3209 1293 3264 dicitur:
1332 3207 1524 3261 Melius
1551 3215 1630 3262 est
1660 3209 1849 3264 resolvi
1879 3218 1927 3264 et
1955 3226 2068 3264 esse
2094 3214 2138 3272 C
2171 3211 2470 3266 secundum
2497 3208 2761 3264 Joannem
2798 3209 2976 3279 reperi
3009 3209 3273 3280 scriptum
3314 3227 3328 3262 :
3371 3206 3437 3261 In
3485 3206 3757 3278 judicium

478 3317 600 3356 cum
630 3300 840 3356 Christo
868 3302 932 3354 ³⁸.
973 3299 1066 3356 Ille
1098 3301 1257 3356 habet
1295 3299 1506 3368 Iesum,
1536 3303 1627 3372 qui
1667 3302 1832 3357 audet
1871 3301 2019 3372 loqui
2049 3319 2064 3356 :

495 3393 617 3447 Vivo
652 3393 769 3462 jam
804 3410 904 3447 non
938 3409 1052 3463 ego,
1081 3394 1207 3446 vivit
1238 3409 1355 3446 vero
1389 3394 1446 3446 in
1483 3410 1562 3447 me
1609 3393 1855 3448 Christus
1899 3394 1964 3449 ³³.
1998 3392 2071 3450 Ut

482 3484 646 3552 igitur
684 3494 738 3538 et
767 3498 868 3540 nos
903 3483 1070 3554 950
1119 3491 1329 3538 stantes
1365 3483 1420 3536 in
1476 3485 1697 3554 templo,
1739 3493 1792 3540 et
1823 3495 2069 3543 tenentes

483 3577 575 3632 Dei
604 3577 826 3643 Filium,
855 3577 1333 3646 amplexantesque
1353 3589 1500 3640 eum,
1535 3575 1683 3646 digni
1719 3577 2064 3641 remissione,

485 3680 535 3726 et
570 3670 906 3741 profectione
945 3669 1011 3723 ad
1061 3667 1289 3725 meliora
1332 3668 1527 3730 simus,
1563 3684 1785 3724 oremus
1819 3669 2069 3740 omnipo-

482 3771 684 3818 tentem
715 3761 905 3827 Deum,
939 3773 1160 3814 oremus
1195 3767 1250 3813 et
1293 3758 1403 3828 (42)
1437 3757 1614 3828 ipsum
1656 3759 1940 3828 parvulum
1980 3759 2070 3816 Je-

484 3869 631 3919 sum,
671 3867 835 3922 quem
870 3851 1074 3919 alloqui
1114 3859 1168 3906 et
1211 3858 1396 3905 tenere
1441 3848 1818 3904 desideramus
1856 3849 1910 3903 in
1943 3849 2070 3904 bra-

485 3945 624 3998 chiis
651 3963 665 3997 :
694 3943 780 3997 cui
813 3951 897 3997 est
920 3941 1092 4014 gloria
1119 3950 1172 3996 et
1203 3939 1493 4011 imperium
1526 3939 1579 3994 in
1613 3941 1809 3996 saecula
1847 3941 2071 3997 smculo-

485 4051 630 4090 rum.
661 4035 857 4089 Amen.

1054 4123 1340 4180 HOMILIA
1363 4121 1502 4177 XVI.

482 4220 563 4276 De
586 4237 644 4274 eo
672 4219 810 4291 quod
847 4219 1101 4288 scriptum
1131 4227 1210 4291 est
1235 4232 1257 4291 _:
1295 4233 1315 4267 ι
1348 4213 1707 4291 ErantApater
1734 4217 1930 4291 ejus_et
1957 4235 2072 4272 ma-

555 4303 635 4345 ter
658 4285 1137 4357 inirantes'super
1191 4287 1271 4342 Itis
1320 4302 1438 4357 qua:
1463 4285 1795 4357 dicebantur
1837 4289 1901 4342 de
1931 4305 2014 4356 eo,
2048 4309 2066 4341 ο

555 4355 718 4432 usque
755 4359 824 4413 ad
860 4355 1158 4413 locum'ubi
1205 4359 1283 4432 ait
1314 4355 1341 4411 ί
1387 4373 1406 4407 ι
1453 4355 1590 4432 Ecce
1632 4360 1731 4412 iste
1752 4360 1964 4432 positus
1994 4355 2071 4432 est

553 4434 611 4485 in
633 4427 848 4484 ruinam
879 4440 926 4482 et
955 4429 1396 4482 resurrectionem
1427 4427 1714 4484 multorum
1743 4431 1797 4483 in
1832 4427 2064 4484 Israel.»

551 4502 685 4569 Cap.
713 4515 772 4554 it.

555 4590 623 4646 Et
644 4600 820 4657 erant,
865 4590 1062 4658 inquit,
1091 4599 1241 4659 pater
1272 4589 1420 4644 illius
1464 4601 1515 4646 et
1549 4599 1720 4644 mater
1741 4591 2069 4646 admirantes

487 4699 640 4753 super
687 4683 766 4736 his
813 4699 931 4753 quae
982 4682 1294 4736 dicebantur
1339 4682 1403 4736 de
1451 4699 1532 4738 eo.
1578 4682 1984 4756 Congregemus
2016 4685 2069 4739 in

488 4793 658 4832 unum
687 4792 750 4831 ea
777 4791 900 4846 qua:
931 4777 984 4829 in
1014 4784 1134 4830 ortu
1173 4773 1302 4830 Jestt
1339 4775 1483 4830 dicta
1513 4775 1826 4847 scriptaque
1854 4786 1984 4832 sunt
2006 4778 2074 4833 de

485 4883 572 4936 eo,
598 4876 656 4922 et
677 4882 823 4922 nunc
857 4867 999 4922 scire
1027 4867 1332 4936 poterimus
1381 4867 1594 4938 singula
1632 4884 1864 4939 qumque
1909 4869 2073 4940 digna

487 4975 612 5015 esse
645 4960 930 5014 miraculo.
962 4957 1329 5024 Quamobrem
1361 4959 1669 5014 mirabatur
1700 4968 1755 5013 et
1789 4968 1942 5030 pater
1968 4959 2073 5030 (sic

489 5053 635 5108 enim
661 5053 965 5122 appellatus
1001 5059 1085 5105 est
1135 5050 1362 5122 Josepb,
1425 5052 1553 5122 quia
1604 5051 1868 5107 nutritius
1898 5052 2072 5122 fuit),

491 5145 793 5200 mirabatur
820 5155 874 5200 et
897 5154 1070 5199 mater
1100 5160 1263 5214 super
1293 5145 1560 5200 omnibus
1585 5161 1708 5215 qua:
1755 5144 2074 5200 dicebantur

494 5237 556 5292 de
589 5254 671 5292 eo.
705 5239 966 5303 Qitaznam
1015 5251 1147 5306 ergo
1198 5246 1346 5301 sunt,
1407 5253 1530 5307 qua:
1565 5237 1634 5292 de
1688 5237 1916 5308 parvulo
1941 5235 2071 5292 Jesu

492 5333 638 5386 tanta
701 5329 1072 5400 disperserat?
1126 5330 1381 5386 Pastores
1418 5329 1661 5384 erantin
1706 5330 1929 5400 regione
1956 5329 2071 5396 illa,

563 5493 605 5526 ³³
642 5493 802 5548 Rom.
831 5507 950 5556 vm,
980 5491 1069 5546 14.
1155 5492 1200 5523 ³²
1231 5490 1376 5545 Phil.
1414 5504 1453 5556 ι,
1483 5489 1576 5544 ‘23.

565 5626 680 5694 (42)
707 5624 972 5694 Colligere
992 5621 1121 5694 hinc
1138 5623 1286 5694 licet,
1313 5621 1552 5679 sensisse
1570 5620 1886 5694 Origenem,
1908 5637 2074 5694 oran-

494 5691 625 5750 dum
655 5691 873 5765 quidem
902 5709 1028 5748 cum
1050 5692 1224 5765 ξριτιξ
1247 5691 1467 5765 Filium,
1492 5693 1584 5765 sed
1619 5691 1837 5748 diverso
1864 5693 2072 5748 oratio-

498 5768 583 5820 nis
610 5763 846 5834 genere:
886 5779 1008 5834 qua:
1047 5763 1374 5834 illimultam
1403 5763 1658 5834 invidiam
1695 5765 1944 5818 doctrina
1981 5779 2074 5832 pc-

496 5829 655 5907 perii.
691 5829 921 5902 perinde
947 5841 1109 5902 atque
1142 5833 1402 5888 sensisset
1433 5851 1446 5886 :
1486 5829 1606 5887 Non
1641 5850 1754 5888 esse
1810 5829 2071 5888 orandum

1655 5491 1700 5521 ³³
1731 5490 1910 5547 Galat.
1946 5506 1987 5556 ι,
2011 5488 2102 5544 20.

2169 3320 2262 3373 ego
2297 3304 2347 3356 in
2383 3301 2636 3355 mundum
2697 3301 2856 3354 istum
2887 3299 3024 3364 veni,
3086 3309 3144 3354 ut
3192 3300 3282 3370 qui
3323 3315 3424 3353 non
3474 3300 3644 3354 vident
3680 3299 3761 3352 vi-

2171 3397 2352 3461 deant,
2393 3403 2441 3448 et
2475 3397 2567 3464 qui
2594 3393 2764 3447 vident
2794 3393 2921 3446 ιτωεὶ
2960 3392 3091 3462 ﬁant
3126 3391 3190 3447 ".
3222 3391 3509 3458 Quomodo
3537 3407 3666 3462 ergo
3702 3391 3758 3445 in

2166 3474 2436 3559 judicium
2471 3485 2638 3552 venit,
2667 3494 2727 3540 ut
2760 3501 2866 3538 non
2898 3484 3141 3540 videntes
3171 3488 3238 3540 de
3262 3484 3577 3539 nationibus
3613 3483 3761 3538 vide-

2171 3589 2312 3642 rent,
2348 3588 2402 3633 et
2430 3577 2522 3648 qui
2560 3577 2713 3648 prius
2745 3577 3002 3632 videbant
3048 3577 3115 3633 de
3154 3575 3320 3632 lsracl
3349 3577 3476 3632 caeci
3526 3576 3757 3631 ﬁerent:

2173 3674 2254 3729 sic
2279 3672 2424 3727 venit
2468 3671 2521 3726 in
2568 3670 2786 3725 ruinam
2821 3680 2874 3726 et
2925 3670 3380 3725 resurrectionem
3435 3669 3758 3722 multorum.

2174 3763 2230 3818 ln
2267 3764 2500 3818 adventu
2534 3761 2678 3818 enim
2718 3759 2932 3815 Domini
2984 3759 3307 3824 Salvatoris,
3337 3759 3429 3830 qui
3477 3759 3629 3830 prius
3651 3767 3762 3813 stc-

2175 3861 2374 3917 terant,
2406 3859 2753 3918 corruerunt,
2784 3859 2838 3904 et
2879 3851 2972 3921 qui
3003 3850 3333 3914 ceciderant,
3380 3863 3759 3906 surrexerunt.

2174 3945 2296 4000 Una
2330 3943 2447 3999 haec
2479 3953 2562 3997 est
2591 3942 2966 4013 interpretatio
2999 3943 3066 3998 de
3111 3958 3177 3997 eo
3221 3943 3366 4014 quod
3396 3942 3601 3997 dictum
3632 3951 3711 3995 est
3743 3959 3758 3996 :

2178 4035 2313 4091 Ecce
2369 4035 2452 4088 Itic
2510 4035 2714 4104 positus
2769 4043 2846 4088 est
2885 4036 2939 4088 in
2996 4035 3206 4089 ruinam
3247 4045 3294 4088 et
3328 4036 3762 4089 resurrectionem

2177 4128 2467 4182 multorum
2505 4127 2560 4180 in
2589 4123 2786 4182 Israel.
2819 4127 2913 4182 Est
2947 4137 3128 4182 autem
3160 4135 3215 4181 et
3243 4127 3408 4181 altius
3445 4125 3574 4196 quid
3607 4125 3766 4180 intel-

2163 4213 2452 4293 ligendum
2481 4222 2745 4280 adversus
2769 4236 2866 4278 eos
2897 4221 2978 4275 vel
3011 4221 3267 4286 maxime,
3290 4221 3380 4290 qui
3412 4230 3602 4274 c0ntra
3625 4219 3767 4273 Con-

2177 4317 2408 4372 ditorem
2446 4316 2665 4382 latrant,
2685 4325 2739 4370 et
2769 4315 2896 4368 hinc
2926 4315 3050 4368 inde
3077 4314 3144 4369 de
3169 4311 3347 4369 Veteri
3391 4311 3762 4376 Testamento,

2177 4425 2298 4479 qua:
2325 4423 2432 4462 non
2460 4408 2790 4479 intelligunt,
2832 4407 3142 4462 teStimonia
3182 4415 3597 4478 congregantes,
3625 4405 3763 4460 sim-

2177 4499 2404 4570 plicium
2445 4497 2610 4554 corda
2639 4495 2939 4567 decipiunt.
2991 4494 3159 4550 Aiunt
3213 4496 3406 4550 enim:
3451 4494 3589 4549 Ecce
3622 4493 3765 4549 Deus

2178 4591 2315 4660 legis
2342 4597 2398 4644 et
2441 4588 2856 4660 prophetarum,
2904 4585 3082 4642 videte
3124 4585 3303 4655 qualis
3340 4584 3452 4638 sit:
3515 4581 3648 4653 Ego,
3677 4582 3764 4636 in-

2181 4682 2302 4750 quit
2327 4681 2395 4745 ³⁸,
2429 4679 2694 4744 occidam,
2729 4678 2898 4732 vivere
2933 4676 3130 4746 faciam
3153 4692 3172 4730 .·
3229 4674 3549 4743 percutiam,
3576 4673 3626 4724 et
3671 4685 3765 4738 ego

2180 4772 2380 4827 sanabo
2412 4787 2430 4826 :
2461 4781 2510 4846 et
2545 4787 2649 4826 non
2671 4779 2746 4825 est
2777 4769 2868 4840 qui
2893 4778 3045 4823 eruat
3074 4768 3137 4822 de
3187 4765 3430 4820 manibus
3473 4765 3620 4818 meis.
3654 4764 3766 4814 Au-

2182 4867 2359 4930 diunt,
2389 4865 2654 4929 occidam,
2685 4873 2741 4919 et
2765 4880 2875 4919 non
2901 4862 3151 4927 audiunt,
3173 4859 3444 4923 viviﬁcabo
3467 4874 3486 4910 :
3511 4855 3760 4919 audiunt,

2182 4957 2502 5026 percutiam,
2533 4963 2589 5010 et
2643 4954 2832 5010 audire
2889 4961 3266 5017 contemnunt,
3316 4959 3366 5004 et
3408 4965 3501 5018 ego
3540 4945 3762 5002 sanabo.

2178 5048 2498 5104 Istiusmodi
2547 5046 2932 5104 occasionibus
2983 5046 3296 5102 Creatorem
3339 5041 3765 5100 calumniantur.

2177 5140 2349 5212 Igitur
2366 5149 2658 5210 antequam
2677 5138 3066 5211 interpretetur
3088 5154 3250 5208 quem
3282 5151 3504 5192 sensum
3529 5135 3726 5188 habeat
3749 5149 3764 5186 :

2177 5231 2294 5304 Ego
2321 5233 2642 5302 interﬁciam
2689 5243 2742 5288 et
2777 5233 3074 5303 viviﬁcabo,
3127 5231 3422 5302 percutiam
3465 5237 3514 5283 et
3545 5225 3766 5286 satiabo,

2177 5337 2452 5394 opponam
2476 5323 2557 5379 eis
2579 5323 2957 5380 testimonium
3003 5321 3305 5394 Evangelii,
3347 5321 3640 5391 dicamque
3665 5315 3764 5369 sd-

2180 5485 2228 5520 "
2257 5483 2416 5542 Joan.
2450 5501 2530 5557 ts,
2552 5485 2648 5544 '59.
2726 5486 2772 5522 ³⁸
2800 5487 2959 5544 Deut.
2994 5499 3170 5549 XXXII,
3212 5481 3302 5540 59.

2186 5616 2414 5701 Filium,
2449 5640 2613 5701 neque
2641 5641 2759 5701 cum
2791 5621 2934 5701 Eilio
2960 5621 3199 5701 Patrem.
3236 5619 3350 5676 Hoc
3375 5620 3631 5701 nimirum
3657 5619 3761 5675 cri-

2179 5693 2425 5764 minatur
2454 5693 2790 5764 Theophilus
2821 5694 2875 5747 in
2929 5693 3265 5764 synodicaa
3323 5693 3482 5764 nobis
3528 5694 3768 5764 primum

2181 5763 2403 5835 vulgata
2464 5760 2623 5819 intcr'
2655 5760 3113 5835 Hieronymianas
3138 5763 3300 5835 epist.
3339 5760 3428 5829 92,
3485 5760 3542 5817 n.
3575 5762 3631 5829 2,
3657 5763 3767 5817 col.

2181 5829 2312 5902 51f,
2349 5847 2516 5906 quam
2547 5835 2757 5907 juvabit
2787 5829 3106 5890 reéoluisse.
3173 5829 3188 5835 ’
3435 5855 3438 5858 ·
3529 5855 3532 5858 ·
