4132 6448
413 440 547 496 {8M

1582 410 1647 465 IN
1687 404 1925 465 LUCAM
1968 397 2248 457 liOMlLlA
2286 391 2443 451 XVII.

3520 370 3692 431 1842

419 560 635 602 versum
689 540 997 598 hereticos.
1030 533 1464 591 lnnumerabiles
1514 534 1715 602 quippe
1765 528 2000 581 haereses
2031 525 2073 580 Α
2104 526 2246 581 ιἐιιιι,
2301 520 2591 585 ροειίιυειιη
2631 499 2912 616 ,Ροηδίηξ
2946 494 3691 616 ωξ¹¹⁶³¹⁰¹ξὶξ¹ξξξέξᾝξῗ

420 646 569 700 sunt,
610 650 733 704 qua
761 631 1115 703 Evangelium
1141 628 1442 684 secundum
1476 622 1680 680 Lucam
1713 616 2002 686 recipiunt.

423 726 481 783 Si
510 737 801 797 propterea
828 727 1114 786 cruentus,
1143 726 1203 774 et
1244 718 1298 772 in
1329 726 1541 771 tantum
1599 724 1777 767 saevus
1802 716 1856 762 et
1883 721 2009 761 cru—

421 819 561 874 delis
598 824 685 873 est
710 813 995 879 Conditor,
1041 810 1172 882 quia
1215 809 1391 865 dicit:
1429 805 1541 877 Ego
1589 801 1928 870 inter/icium,
1955 807 2008 852 et

422 908 696 979 eisiﬁcabo
728 921 749 961 :
802 905 1122 976 percutiam,
1180 911 1230 958 et
1268 900 1495 965 sonabo,
1554 891 2009 953 manifestissime

421 1013 507 1058 est
533 1011 588 1057 et
636 998 827 1056 Iesum
864 997 1040 1068 ipsius
1086 1010 1209 1052 esse
1236 993 1476 1059 Filium;
1513 990 1702 1046 eadem
1736 985 2008 1057 siquidem

426 1094 495 1149 de
518 1104 584 1148 eo
613 1092 821 1162 scripta
851 1097 982 1145 sunt
1010 1108 1028 1144 :
1063 1087 1200 1142 Ecce
1231 1086 1318 1140 hic
1346 1085 1551 1155 positus
1578 1092 1658 1137 est
1701 1082 1761 1135 in
1799 1080 2011 1133 ruinam

421 1193 475 1240 ct
507 1184 942 1239 resurrectionem
974 1181 1265 1235 multorum
1284 1180 1341 1232 in
1365 1176 1559 1232 Israel.
1587 1173 1704 1229 Non
1735 1173 1790 1228 in
1825 1185 2013 1227 resur-

426 1280 726 1336 rectionem
750 1288 986 1341 tantum,
1011 1276 1105 1333 sed
1135 1285 1192 1330 et
1235 1274 1288 1329 in
1324 1274 1564 1329 ruinam.
1599 1268 1656 1324 Si
1691 1267 1896 1323 malum
1926 1272 2013 1319 est

424 1373 751 1437 interﬁcere,
809 1370 1016 1426 malum
1046 1369 1119 1424 sit
1157 1377 1212 1423 et
1253 1366 1310 1420 in
1354 1364 1570 1419 ruinam
1612 1359 1817 1414 venire.
1867 1355 2010 1422 Quid

423 1463 872 1536 respondebunt?
898 1461 1169 1518 Utrumne
1200 1458 1454 1514 recedent
1502 1472 1533 1510 a
1583 1453 1732 1509 cultu
1770 1450 1907 1520 ejus,
1940 1461 2012 1502 an

423 1566 673 1627 qumrent
715 1554 956 1625 aliquam
1008 1550 1537 1621 interpretationem,
1589 1554 1644 1600 et
1676 1544 1743 1599 ad
1774 1540 2012 1610 tropolo-

424 1651 546 1722 gias
570 1648 909 1719 confugient,
939 1654 1001 1701 ut
1032 1644 1178 1714 quod
1219 1644 1275 1697 in
1322 1641 1542 1696 ruinam
1574 1636 1804 1700 venerit,
1861 1632 2014 1688 beni-

425 1742 687 1814 gnitatem
722 1740 897 1810 magis
925 1753 1093 1809 quam
1146 1735 1523 1791 austeritatem
1545 1730 1745 1787 sonet?
1780 1727 1846 1782 Et
1870 1740 2012 1796 quo-

426 1834 591 1889 modo
618 1834 826 1904 justum
882 1832 989 1886 erit
1044 1829 1266 1900 quando
1293 1827 1423 1898 quid
1468 1826 1525 1879 in
1580 1821 1877 1889 Evangelio
1906 1819 2013 1874 tale

427 1925 722 1995 reperitur,
747 1922 815 1978 ad
840 1922 1129 1994 allegorias
1158 1930 1209 1975 et
1237 1933 1408 1974 novas
1452 1913 1846 1986 intelligendas
1877 1927 2004 1967 eon-

428 2019 652 2089 fugere:
682 2016 905 2090 quando
929 2029 1058 2070 vero
1083 2015 1137 2068 in
1171 2011 1354 2067 Veteri
1402 2011 1799 2071 Instrumenta,
1826 2008 2012 2062 statim

428 2123 712 2175 accusare,
745 2116 800 2164 et
822 2108 1027 2162 nullam
1049 2105 1512 2177 explanationem,
1540 2101 1795 2172 quamvis
1816 2099 2015 2169 proba-

430 2201 554 2257 bilis
581 2201 674 2267 sit,
703 2199 982 2271 recipere?
1025 2196 1132 2253 Sed
1191 2206 1247 2252 et
1298 2196 1404 2250 hoc
1443 2195 1592 2265 quod
1623 2192 1912 2263 sequitur:
1949 2189 2014 2245 In

424 2292 691 2365 judicium
720 2308 817 2363 ego
843 2292 958 2347 ueni
981 2292 1037 2346 in
1066 2294 1319 2345 mundum
1356 2290 1541 2353 istum,
1562 2297 1620 2341 ut
1648 2302 1754 2341 non
1782 2286 2015 2340 videntes

429 2386 668 2451 uideant,
711 2395 764 2441 et
795 2385 888 2457 qui
913 2385 1091 2440 rident
1140 2384 1266 2437 eieci
1310 2382 1445 2453 ﬁant
1474 2381 1541 2449 “,
1590 2379 1844 2451 quamvis
1868 2393 2019 2448 quat-

432 2487 558 2534 rant
577 2488 636 2534 ut
662 2479 991 2545 edisseram,
1018 2476 1244 2547 implere
1288 2490 1397 2530 non
1432 2483 1710 2544 poterunt.
1742 2471 1858 2544 Ego
1885 2487 2016 2527 vero

432 2572 563 2641 quia
586 2581 717 2641 opto
740 2586 863 2626 esse
884 2570 1001 2640 (ιδ)
1026 2568 1458 2632 ecclesiasticus,
1509 2575 1564 2623 et
1600 2582 1710 2623 non
1747 2567 1817 2622 ab
1840 2567 2016 2622 haere—

431 2663 651 2719 siarcha
681 2663 885 2733 aliquo,
914 2664 1007 2716 sed
1031 2676 1062 2716 a
1084 2660 1289 2716 Christi
1317 2660 1583 2717 vocabulo
1610 2660 1940 2729 nuncupari,
1965 2669 2020 2714 et

434 2752 634 2807 habere
658 2766 859 2807 nomen
905 2750 1053 2822 quod
1098 2751 1440 2806 benedicitur
1493 2764 1658 2818 super
1699 2759 1923 2812 terram,
1964 2759 2020 2805 et

432 2848 599 2916 cupio
623 2854 734 2901 tam
766 2858 932 2915 opere
981 2859 1148 2914 quam
1180 2858 1347 2898 sensu
1382 2851 1437 2897 et
1464 2857 1587 2898 esse
1615 2853 1669 2897 et
1708 2842 1817 2898 dici
1858 2842 2021 2899 Chri‘

433 2933 667 3000 dianus,
703 2933 969 3004 aequalem
997 2942 1052 2989 et
1077 2933 1130 2987 in
1163 2933 1332 2988 veteri
1356 2944 1409 2988 et
1438 2933 1492 2986 in
1528 2948 1667 2988 nova
1692 2933 1810 3005 lege
1829 2947 2019 3003 quaero

431 3026 725 3082 rationem.
759 3024 1031 3096 Loquitur
1058 3024 1202 3079 Dens
1232 3043 1246 3079 :
1281 3023 1392 3095 Ego
1423 3025 1741 3094 inter/icium
1772 3038 1791 3078 :
1843 3024 2021 3079 liben-

432 3125 520 3172 ter
563 3115 739 3172 habeo
769 3125 832 3173 ut
851 3116 1143 3173 interﬁciat
1168 3131 1255 3172 me
1283 3115 1447 3170 Deus.
1477 3115 1712 3183 Quando
1755 3115 1902 3171 enim
1928 3129 2019 3170 ve-

432 3299 524 3368 pio
551 3307 612 3354 ut
643 3299 860 3355 occidat
884 3299 1046 3371 951
1075 3300 1127 3355 in
1153 3313 1241 3355 me
1275 3297 1420 3355 Deus
1443 3308 1680 3355 veterem
1713 3298 2014 3363 hominem,

428 3398 487 3444 ct
517 3387 750 3445 vitiﬂcet
773 3405 861 3445 me
890 3405 959 3446 ex
984 3390 1238 3445 mortuis.
1274 3388 1493 3444 Primus
1546 3390 1708 3457 enim,
1736 3390 1832 3457 ait,
1864 3388 2018 3443 homo

430 3481 498 3534 de
529 3490 674 3536 terra
699 3489 961 3546 terrenus,
999 3482 1261 3536 secundus
1310 3482 1466 3536 homo
1494 3481 1559 3536 de
1610 3481 1741 3537 caelo
1770 3481 2017 3538 caelestis.

435 3569 596 3626 Sicut
652 3572 983 3644 portavimus
1042 3574 1329 3645 imaginem
1390 3574 1608 3639 terreni,
1666 3582 1934 3646 portemus
1968 3583 2019 3629 et

432 3661 725 3732 imaginem
750 3662 973 3718 coelestia
1003 3664 1069 3718 ⁸⁷.
1102 3664 1416 3721 Secundum
1443 3666 1590 3721 hunc
1622 3679 1845 3721 sensum
1871 3664 2022 3719 intel-

434 3752 623 3825 ligitur
648 3763 704 3809 et
746 3754 922 3811 illud:
975 3753 1042 3809 In
1056 3756 1327 3824 judicium
1365 3772 1460 3826 ego
1495 3757 1613 3810 ueni
1673 3757 1727 3810 in
1763 3756 2017 3810 utendum

434 3843 620 3910 istum,
644 3853 704 3898 ut
728 3844 821 3915 qui
844 3860 949 3898 non
972 3844 1168 3910 uident,
1200 3846 1411 3900 videant
1435 3861 1455 3899 :
1478 3852 1526 3898 et
1551 3844 1643 3915 qui
1665 3843 1862 3908 vident,
1895 3844 2020 3898 arci

438 3934 597 4003 ﬁant.
629 3933 904 3991 llahemus
948 3935 1003 3991 in
1054 3936 1214 3992 nobis
1257 3950 1446 3992 omnes
1477 3935 1750 4004 homines,
1784 3945 1838 3990 et
1863 3950 2019 4005 aspe—

435 4034 587 4081 ctum
615 4034 674 4082 ct
704 4026 1031 4083 caecitatem.
1069 4026 1239 4082 Adam
1266 4035 1324 4084 et
1365 4027 1603 4095 videbat,
1651 4038 1706 4084 et
1738 4042 1845 4082 non
1874 4027 2025 4082 vide-

435 4117 549 4174 bat.
602 4117 715 4174 Eva
744 4133 985 4191 quoque,
1011 4127 1306 4190 antequam
1330 4120 1675 4191 aperirentur
1696 4118 1840 4176 oeuli
1879 4119 2020 4190 ejus,

436 4209 646 4267 vidisse
677 4210 1027 4267 describitur.
1068 4210 1234 4277 Vidit,
1277 4211 1456 4286 inquit
1488 4211 1560 4278 ³⁸,
1584 4210 1775 4266 mulier
1799 4210 2021 4281 lignum,

434 4301 565 4371 quia
591 4302 784 4356 bonum
811 4306 881 4356 ad
908 4302 1306 4368 comedendum,
1360 4312 1411 4358 et
1461 4304 1723 4372 optimum
1754 4301 1925 4355 oculis
1955 4301 2025 4354 ad

436 4394 743 4460 uidendum,
779 4403 829 4449 et
864 4393 1054 4451 tollens
1087 4395 1153 4449 de
1191 4394 1374 4465 {ructu
1402 4394 1556 4466 ligni,
1587 4393 1836 4459 comedit,
1863 4403 1915 4448 et
1934 4392 2026 4447 de—

438 4486 518 4540 dit
543 4486 654 4540 oiro
693 4503 810 4553 suo,
857 4497 908 4542 et
940 4487 1298 4542 comederunt.
1335 4485 1507 4558 Igitur
1548 4501 1659 4541 non
1692 4495 1852 4542 erant
1872 4485 2024 4550 catci,

2107 577 2257 671 sunt,
2282 577 2565 677 cmperunt
2593 599 2778 654 videre
2807 593 2948 649 male
2973 600 3029 645 et
3061 594 3344 658 aspectum
3369 577 3692 678 qbedientize

2107 670 2443 767 subripiente
2474 690 2693 753 delicto,
2722 691 2913 755 postea
2954 677 3345 767 perdiderunt.
3370 670 3485 767 Ego
3507 670 3587 723 sic
3618 670 3694 718 in-

2108 762 2293 859 telligo
2318 796 2372 842 et
2403 783 2534 839 illud
2575 778 2721 852 quod
2747 776 2880 831 dicit
2937 771 3079 824 Deus
3111 769 3155 799 ⁸ο
3185 786 3198 821 :
3242 765 3375 859 Quis
3418 762 3541 833 fecit
3573 773 3692 859 mu-

2111 849 2293 938 tum-et
2321 880 2566 940 surdum,
2593 849 2850 928 uidentem
2877 875 2925 920 et
2963 876 3159 917 crucum
3185 860 3210 913 1’
3254 856 3442 912 Nonne
3469 868 3561 923 ego
3589 849 3698 903 Do-

2110 975 2284 1029 minus
2324 969 2507 1024 Deus?
2538 963 2636 1020 Est
2658 960 2853 1017 oculus
2904 951 3175 1024 corporis,
3206 962 3318 1020 quo
3345 955 3558 1001 terrena
3588 941 3692 995 ista

2110 1061 2505 1132 conspicimus,
2540 1053 2733 1110 oculus
2783 1046 3088 1105 secundum
3138 1054 3360 1095 sensum
3389 1033 3595 1096 carnis,
3627 1031 3696 1085 de

2111 1172 2223 1228 quo
2250 1124 2558 1223 Scriptura
2601 1146 2735 1204 dicit
2788 1146 2879 1199 δίς
2934 1140 3165 1228 Frustra
3216 1129 3427 1225 incedis.
3474 1124 3697 1228 inﬂatus

2111 1223 2267 1302 sensu
2294 1242 2493 1297 curaris.
2546 1237 2649 1293 Cui
2683 1234 2950 1290 habemus
2980 1226 3148 1282 alium
3188 1223 3524 1275 contrarium
3580 1223 3697 1263 me-

2113 1342 2305 1397 liorem
2335 1347 2389 1392 et
2433 1333 2619 1389 divina
2650 1328 2954 1399 sapientem
2984 1341 2999 1377 :
3024 1320 3117 1391 qui
3144 1314 3272 1387 quia
3317 1322 3493 1366 czecus
3518 1303 3575 1359 in
3607 1316 3701 1401 no:-

2112 1432 2199 1487 bis
2228 1437 2368 1493 erat,
2405 1427 2555 1482 venit
2585 1420 2750 1476 Jesus
2778 1414 3067 1471 ntl‘aceret
3117 1419 3243 1462 eum
3277 1401 3482 1493 videre,
3516 1403 3576 1448 ut
3604 1406 3697 1493 qui

2116 1538 2223 1578 non
2258 1491 2535 1580 videbant,
2568 1512 2837 1574 viderent,
2888 1505 2983 1576 qui
3030 1508 3213 1558 autem
3260 1491 3540 1580 videbant,
3570 1491 3699 1541 caeci

2116 1615 2325 1668 tierent.
2360 1606 2524 1663 Juxta
2550 1605 2697 1659 hunc
2722 1614 2855 1670 ergo
2894 1607 3143 1659 sensum,
3179 1597 3234 1644 ct
3255 1587 3360 1641 hoc
3383 1578 3532 1653 quod
3555 1589 3701 1670 nunc

2118 1704 2385 1760 habemus
2412 1699 2466 1753 in
2515 1694 2772 1750 manibus
2794 1669 2886 1745 est
2914 1679 3373 1754 intelligendum:
3415 1671 3552 1727 Ecce
3602 1669 3701 1721 iste

2115 1795 2319 1866 positus
2348 1800 2426 1845 est
2453 1790 2509 1844 in
2539 1787 2773 1848 ruinam,
2803 1780 2930 1836 etin
2958 1760 3703 1866 resurrectionem-multorum

2044 1875 2085 1929 Β
2115 1858 2170 1941 in
2200 1881 2396 1939 Israel.
2430 1878 2620 1935 Habeo
2654 1872 2859 1945 aliquid
2890 1871 2944 1925 in
2977 1883 3066 1923 me
3099 1861 3251 1936 quod
3309 1858 3452 1914 male
3493 1860 3623 1919 stat,
3649 1861 3705 1904 et

2116 1975 2320 2050 peccati
2347 1972 2602 2044 superbia
2637 1983 2698 2025 se
2730 1965 2928 2037 erigit:
2989 1961 3096 2015 hoc
3123 1956 3304 2021 cadat,
3334 1952 3441 2006 hoc
3463 1946 3700 2005 subrua-

2116 2079 2224 2125 tur.
2257 2067 2414 2133 Quod
2463 2064 2509 2120 si
2557 2059 2836 2125 ceciderit,
2892 2052 3041 2126 quod
3077 2057 3203 2105 ante
3233 2050 3440 2108 ruerat,
3468 2051 3703 2133 surgens

2117 2131 2304 2220 stabit.
2329 2158 2562 2213 Interior
2590 2155 2754 2209 homo
2784 2163 2941 2205 meus
2960 2142 3241 2217 quondam
3270 2134 3489 2209 jacebat
3509 2131 3700 2189 elisus,

2116 2263 2170 2311 et
2199 2251 2439 2309 exterior
2469 2249 2652 2306 stabat
2691 2252 2934 2301 erectus.
2979 2240 3287 2306 Antequam
3335 2226 3615 2284 crederem
3647 2222 3703 2277 in

2118 2344 2329 2409 Iesum,
2390 2344 2597 2397 bonum
2652 2338 2708 2392 in
2784 2349 2873 2390 me
2924 2329 3175 2403 jacebat,
3233 2322 3437 2380 malum
3505 2315 3703 2409 stabat.

2119 2404 2420 2508 Postquam
2457 2432 2545 2486 ille
2567 2428 2736 2495 venit,
2765 2434 2896 2481 tunc
2943 2420 3090 2493 quod
3147 2418 3204 2508 in
3239 2404 3705 2508 metnalumiuit,

2120 2499 2349 2595 corruit,
2381 2535 2436 2580 et
2466 2523 2738 2593 expletum
2764 2525 2847 2573 est
2868 2514 3002 2570 illud
3037 2513 3081 2543 "
3109 2530 3124 2566 :
3166 2507 3384 2578 Semper
3414 2499 3710 2595 mortifica-

2125 2591 2476 2677 tionemvlesu
2501 2591 2555 2668 in
2588 2626 2806 2682 corpore
2828 2605 3279 2676 circumferentes.
3316 2599 3379 2652 Et
3432 2594 3564 2651 illud
3611 2591 3656 2622 ⁸³
3692 2607 3704 2642 :

2122 2712 2446 2783 Mortiﬁcate
2482 2705 2713 2762 membra
2747 2711 2923 2760 vestra
2950 2713 3108 2768 super
3143 2703 3363 2755 terram,
3391 2684 3708 2783 fornicatio-

2122 2824 2259 2873 nem,
2286 2793 3013 2864 immunditiam,luxuriam,
3031 2785 3420 2846 idololatriam,
3435 2776 3708 2849 veneﬁcia,

2120 2910 2176 2958 et
2214 2908 2430 2955 caetera.
2488 2892 2697 2950 ﬂorum
2745 2888 2993 2945 omnium
3030 2882 3182 2939 utilis
3233 2878 3397 2935 ruina
3427 2872 3571 2929 iacta
3599 2876 3706 2926 est.

2122 2991 2192 3048 Et
2216 2991 2284 3047 de
2312 2989 2417 3045 hac
2461 2985 2620 3042 ruina
2667 2981 2871 3038 dicitur
2901 2999 2916 3036 :
2983 2974 3288 3043 Ubicunque
3319 2968 3421 3024 erit
3459 2963 3707 3026 cadaver,

2122 3083 2235 3138 illic
2263 3077 2726 3151 congregabantur
2749 3069 2946 3142 aquila:
2981 3069 3046 3120 “.
3090 3065 3337 3121 Cadaver
3366 3057 3477 3131 (44)
3508 3055 3709 3126 quippe

434 3150 507 3172 ω.
564 3150 739 3172 ...πυ
771 3150 832 3173 ...
852 3150 1143 3173 ...ιςηιιωι
1170 3150 1254 3172 ...ς
1283 3150 1447 3170 ντυο.
1478 3150 1712 3183 una...”
1755 3150 1901 3171 ψη...
1934 3150 2019 3170 νσ-
2753 3166 2765 3179 ,
3327 3154 3337 3167 .

431 3217 523 3263 tus
547 3207 601 3263 in
645 3220 731 3263 me
761 3209 926 3264 homo
955 3217 1061 3271 est,
1088 3217 1139 3262 et
1170 3209 1295 3263 vivo
1329 3208 1510 3262 adhuc
1530 3207 1689 3278 quasi
1717 3207 1904 3270 homo,
1930 3221 2021 3260 cu-
2049 3222 2092 3280 ρ
2124 3192 2156 3230 ³
2184 3189 2318 3277 ῗ³⁵ί¹
2346 3150 3707 3280 fmina"‘zt‘iéﬁpftlgnff:lffAEIELIf‘igﬂx

2124 3266 2365 3337 primum
2389 3262 2537 3317 venit
2564 3258 2763 3315 Jesus:
2792 3271 2892 3311 nec
2925 3263 3104 3325 potest
3136 3252 3315 3306 facere
3354 3240 3710 3301 resurrectio-

2122 3372 2270 3423 nem,
2300 3354 2407 3410 nisi
2442 3354 2601 3408 ruina
2648 3348 3011 3421 praecesserit.
3062 3342 3224 3399 Venit
3267 3348 3395 3396 ante
3427 3337 3711 3393 destruere

2116 3452 2269 3526 quod
2297 3451 2353 3507 in
2382 3463 2470 3506 me
2501 3446 2707 3504 malum
2743 3443 2866 3507 fuit,
2897 3448 2977 3507 ut,
3010 3440 3103 3494 illo
3138 3439 3419 3494 destructo
3449 3441 3505 3488 et
3527 3430 3715 3485 morti-

2122 3523 2311 3606 licato,
2337 3549 2636 3609 consurgat
2676 3537 2730 3590 in
2765 3549 2853 3590 me
2903 3543 2960 3589 et
3000 3529 3304 3586 viviﬁcetur
3336 3526 3387 3582 id
3421 3523 3567 3595 quod
3614 3523 3715 3578 ho-

2125 3651 2258 3692 num
2292 3644 2399 3700 est,
2455 3639 2516 3686 ut
2557 3640 2964 3697 consequamur
3019 3636 3245 3691 regnum
3302 3619 3570 3674 ccelorum
3617 3630 3715 3685 per

2124 3727 2423 3783 Dominum
2449 3731 2699 3779 nostrum
2729 3718 2918 3775 Jesum
2974 3716 3279 3780 Christum,
3308 3712 3397 3768 cui
3428 3720 3514 3765 est
3542 3709 3712 3780 gloria

2120 3828 2176 3875 et
2201 3816 2491 3888 imperium
2518 3814 2574 3869 in
2599 3810 2801 3870 saecula
2831 3808 3181 3865 saeculorum.
3211 3806 3405 3861 Amen.

2692 3941 2979 4000 llOMlLlA
3009 3942 3173 3998 XVII.

2125 4069 2201 4123 De
2224 4083 2283 4122 eo
2313 4066 2453 4137 quod
2480 4064 2737 4133 scriptum
2765 4068 2843 4115 est
2863 4075 2941 4137 Α(
2976 4059 3146 4115 Erant
3179 4071 3331 4137 pater
3363 4060 3477 4128 ejus
3517 4067 3567 4137 et
3596 4074 3713 4111 ma-

2195 4150 2274 4193 ter
2295 4128 2623 4190 admirantes
2650 4147 2808 4202 super
2854 4129 2935 4185 his
2993 4147 3109 4202 quae
3155 4128 3470 4202 dicebantur
3499 4128 3565 4182 de
3590 4145 3669 4191 eo,
3688 4148 3706 4181 ι

2194 4218 2247 4331 it
2276 4222 2490 4332 rursétm
2518 4217 2681 4275 usque
2710 4201 2779 4255 ad
2815 4216 2935 4286 eum
2982 4201 3155 4255 locum
3187 4201 3277 4255 ubi
3316 4201 3379 4254 de
3402 4201 3556 4252 Anna
3579 4203 3714 4253 scri-

2230 4290 2360 4333 ttur.
2435 4291 2522 4348 ap.
2558 4291 2618 4333 II.

2198 4392 2375 4447 Lucas
2395 4391 2491 4463 qui
2518 4391 2782 4462 scripsit:
2825 4390 3061 4461 Spiritus
3101 4395 3320 4442 sanctus
3361 4386 3526 4440 veniet
3555 4399 3712 4454 super

2130 4495 2199 4553 te,
2225 4497 2273 4539 et
2307 4485 2473 4539 virtus
2507 4484 2772 4543 Altissimi
2823 4481 3160 4539 obumbrabit
3210 4480 3329 4547 tibi,
3362 4488 3577 4550 propter
3616 4480 3715 4531 hoc

438 4578 535 4634 sed
564 4579 837 4633 videbant.
858 4562 1077 4634 'Deinde
1099 4580 1346 4649 sequitur
1385 4598 1399 4633 ε
1436 4578 1505 4632 Et
1535 4579 1707 4649 aperti
1735 4586 1856 4631 sunt
1886 4576 2027 4631 oculi
2058 4571 2101 4626 D
2129 4577 2338 4649 etquod
2367 4586 2553 4632 natum
2587 4577 2751 4647 fuerit
2776 4585 3044 4641 sanctum,
3074 4572 3350 4629 vocabitur
3372 4569 3551 4625 Filius
3573 4569 3667 4625 Dei
3694 4586 3714 4624 :

437 4684 624 4725 eorum
648 4670 715 4725 ³⁸.
747 4668 891 4741 Ergo
924 4670 1055 4726 caeci
1086 4669 1318 4735 fuerant,
1353 4684 1453 4726 nec
1489 4670 1766 4736 videbant,
1788 4683 2022 4740 quorum

439 4761 586 4818 oculi
621 4769 811 4833 postea
842 4770 971 4819 sunt
1014 4763 1209 4834 aperti.
1247 4760 1352 4817 Sed
1400 4763 1497 4833 qui
1547 4761 1687 4818 bene
1715 4770 1845 4817 ante
1866 4760 2022 4817 vide-

508 4903 557 4936 “
586 4901 747 4958 Joan.
772 4914 851 4968 Ix,
874 4898 966 4955 39.
1039 4898 1086 4968 β’
1116 4896 1135 4952 l
1165 4898 1293 4954 Cor.
1313 4915 1404 4964 xv,
1431 4898 1525 4967 47,
1548 4898 1636 4954 i9.
1715 4899 1759 4933 ³⁸
1781 4899 1918 4956 Gen.
1967 4916 2020 4956 Ill

2118 4941 2132 4959 .
2209 4899 2253 4932 "'
2287 4897 2420 4953 lhid.
2462 4895 2515 4950 7.

2130 4677 2185 4725 et
2212 4668 2307 4740 qui
2341 4665 2634 4724 manifeste
2664 4667 2827 4724 nobis
2880 4664 3126 4732 tradidit,
3173 4663 3432 4736 quoniam
3481 4662 3715 4736 Virginis

2133 4761 2276 4816 illius
2301 4758 2461 4818 Jesus
2491 4767 2600 4828 est,
2629 4774 2731 4815 nec
2769 4759 2837 4816 de
2891 4759 3134 4816 humano
3168 4765 3469 4829 conceptus
3500 4767 3584 4813 est
3626 4773 3686 4812 se

2622 4896 2670 4928 ‘°
2700 4895 2871 4951 Exod.
2906 4910 2980 4960 tv,
3011 4894 3098 4950 Η.
3203 4894 3244 4925 ιί
3268 4891 3481 4949 Coloss.
3522 4908 3584 4958 ιι,
3625 4892 3714 4949 ts.
3804 4871 3808 4873 Δ

440 4971 492 5007 ⁸⁸
514 4972 562 5030 ll
584 4973 719 5030 Cor.
741 4984 818 5039 tv,
841 4968 931 5027 10.
1001 4967 1051 5001 ⁵³
1080 4969 1293 5057 (ἔριοεε.
1319 4985 1403 5038 ιιι,
1437 4970 1491 5027 5.
1568 4969 1617 5003 ⁸⁸
1644 4968 1835 5026 Matth.
1870 4986 2020 5040 utv,
2045 4972 2137 5027 ‘23.

517 5110 631 5182 (43)
667 5110 872 5167 Damus
903 5103 1290 5182 hancAOrige‘ni
1331 5106 1573 5174 laudent,
1602 5106 1748 5179 quod
1781 5108 2027 5182 interne—

443 5177 632 5235 civum
658 5198 782 5237 cum
824 5179 1095 5248 haereticis
1135 5177 1337 5232 bellum
1368 5177 1634 5248 perpetuo
1654 5179 1903 5247 gesserit,
1931 5194 2028 5233 ea-

446 5267 558 5319 que
574 5253 837 5307 continuo
861 5248 1031 5304 teneri
1071 5247 1319 5319 lirmiter_
1340 5263 1405 5303 ac
1443 5247 1593 5303 credi
1626 5249 1876 5319 jusserit,
1906 5263 2029 5317 qua:

448 5317 519 5401 sib
540 5317 791 5401 Ecclesia.
811 5317 1698 5401 proponerenlur.‘Pamphilusin
1726 5319 1985 5401 Apologia
2007 5335 2025 5374 :

449 5388 746 5456 Quomodo,
779 5388 981 5460 inquit,
1003 5389 1246 5443 universa
1268 5389 1635 5444 luereticorum
1648 5388 1910 5460 dogmata
1940 5390 2030 5442 de-

446 5468 681 5531 strucns,
706 5462 815 5524 ipse
851 5458 1156 5531 (Origenes)
1206 5474 1410 5528 semper
1452 5458 2026 5531 apostolicantconﬁr-

447 5529 668 5585 moverit
699 5528 880 5601 ﬁdem,
901 5532 949 5584 si
974 5528 1190 5601 velimus
1241 5545 1416 5583 omnes
1447 5531 1733 5582 sententias
1758 5528 1874 5601 ejus
1904 5528 2031 5601 σὸηέ

445 5599 762 5682 gregum,“
802 5600 1017 5669 longum
1049 5599 1184 5654 satis
1209 5609 1323 5682 est‘,
1356 5607 1405 5652 et
1440 5600 1552 5682 erit
1601 5600 1906 5682 tammobis,
1939 5600 2030 5670 qui

449 5669 753 5741 scribimus,
784 5686 1082 5741 onerosum,
1104 5686 1261 5740 quam
1284 5669 1568 5741 legentibus
1600 5670 1899 5741 twdiosum.

524 5740 639 5812 (44)
670 5739 799 5812 Haec
823 5737 1409 5812 minimenecesseést
1434 5755 1463 5793 a
1509 5737 1705 5812 Latino
1736 5739 2030 5809 interprete

452 5808 630 5866 vcrha'
647 5810 892 5881 suppleta
940 5808 1241 5881 arbitrari:
1292 5810 1532 5881 Cadauer
1585 5811 1773 5881 quippe
1817 5825 1851 5881 ιι
1882 5808 2029 5881 τᾳδα

454 5896 642 5938 nomen
686 5875 905 5953 arrepit.
939 5875 1055 5934 Non
1086 5879 1230 5934 enim
1253 5880 1420 5937 senth
1443 5875 1781 5940 Orine'ncs'in
1817 5879 1916 5934 hac
1944 5880 2025 5934 lu-

2124 5108 2204 5180 dit
2227 5107 2576 5180 etymologia,
2604 5119 2661 5163 ut
2700 5107 2758 5163 ὃ.
2793 5105 3134 5180 Epiphanius
3156 5115 3400 5180 testatur
3429 5104 3603 5180 Epist.
3636 5109 3705 5180 ad

2126 5175 2393 5249 Joannem
2420 5175 2942 5249 lerosolymitanum
2974 5176 3115 5249 int_er
3155 5175 3619 5249 llierpnymiauas
3642 5178 3708 5237 5i

2126 5264 2182 5302 ιι.
2207 5247 2241 5302 4
2270 5265 2284 5301 :
2312 5246 2514 5317 Corpus
2542 5245 2733 5305 hoc-ob
2760 5248 2815 5301 id
2830 5246 2990 5318 juxta
3027 5246 3239 5302 (ἔπεσσε
3280 5245 3474 5318 δέμας.
3521 5248 3714 5318 idest,

2126 5316 2587 5389 vincululn,‘sioe
2645 5319 2808 5389 juxta
2857 5316 3453 5389 aliamiproprietatem
3485 5316 3714 5389 πτῶμα,

2127 5389 2185 5442 id
2222 5396 2325 5451 est,
2360 5387 2615 5452 cadaver,
2647 5388 2776 5452 dici,
2799 5387 2925 5457 quia
2963 5387 3178 5442 animm
3203 5387 3268 5442 de
3316 5387 3446 5442 calo
3485 5387 3715 5445 ruerint.

2126 5457 2420 5530 Enimvero
2448 5461 2528 5517 sic
2556 5468 2752 5516 vocant
2777 5459 2952 5519 Graeci
2991 5475 3191 5530 corpus
3228 5459 3477 5516 exanime
3510 5476 3523 5512 :
3557 5458 3708 5511 διττῶς

2128 5545 2223 5599 μα.
2254 5528 2609 5586 Adamantius
2637 5532 2779 5588 hanc
2807 5528 3147 5587 commodam
3177 5539 3372 5586 nactus
3401 5545 3513 5584 suae
3542 5544 3708 5597 expo-

2125 5599 2309 5654 sitioni
2364 5602 2771 5674 etymologiam,
2824 5616 2985 5674 quam
3035 5600 3169 5674 alias
3221 5601 3290 5674 ad
3337 5599 3707 5674 Opinationem

2127 5683 2278 5742 suam
2327 5668 2681 5742 asserendu'm
2731 5668 3051 5742 torquebal.
3098 5673 3188 5727 hic
3231 5672 3346 5740 ipse
3373 5668 3703 5742 '3cripscritz'

2130 5740 2330 5810 πτῶμα
2359 5741 2488 5811 γοῦν
2529 5742 2636 5796 ἀπὸ
2669 5740 2928 5806 πτώσέως
2959 5740 3173 5810 λέγεται
3194 5787 3210 5813 ,
3250 5744 3477 5798 cadaver
3502 5740 3705 5809 Quippe

2129 5828 2161 5864 a
2189 5828 2311 5867 casu
2343 5829 2523 5869 nomen
2560 5814 2778 5886 accepit.
