  <div class='ocr_page' id='page_1' title='image "/cluster/home/n/w/nwhite01/storage/ocr_20150623/13:no.3/coo.31924054872910/929.png"; bbox 0 0 4132 6496; ppageno 0'>
   <div class='ocr_carea' id='block_1_1' title="bbox 422 404 562 481">
    <p class='ocr_par' dir='ltr' id='par_1_1' title="bbox 422 404 562 481">
     <span class='ocr_line' id='line_1_1' title="bbox 422 404 562 481; baseline 0.014 -2"><span class='ocrx_word' id='word_1_1' title='bbox 422 404 562 481; x_wconf 70' lang='lat' dir='ltr'><strong>isis</strong></span> 
     </span>
    </p>
   </div>
   <div class='ocr_carea' id='block_1_2' title="bbox 1879 418 2204 478">
    <p class='ocr_par' dir='ltr' id='par_1_2' title="bbox 1879 418 2204 478">
     <span class='ocr_line' id='line_1_2' title="bbox 1879 418 2204 478; baseline 0 0"><span class='ocrx_word' id='word_1_2' title='bbox 1879 418 2204 478; x_wconf 72' lang='lat' dir='ltr'><strong>ORIGEMS</strong></span> 
     </span>
    </p>
   </div>
   <div class='ocr_carea' id='block_1_3' title="bbox 3536 416 3679 474">
    <p class='ocr_par' dir='ltr' id='par_1_3' title="bbox 3536 416 3679 474">
     <span class='ocr_line' id='line_1_3' title="bbox 3536 416 3679 474; baseline 0.021 -3"><span class='ocrx_word' id='word_1_3' title='bbox 3536 416 3679 474; x_wconf 51' lang='lat'><strong>1‘8“</strong></span> 
     </span>
    </p>
   </div>
   <div class='ocr_carea' id='block_1_4' title="bbox 420 533 3682 613">
    <p class='ocr_par' dir='ltr' id='par_1_4' title="bbox 420 533 3682 613">
     <span class='ocr_line' id='line_1_4' title="bbox 420 533 3682 613; baseline -0.003 -17"><span class='ocrx_word' id='word_1_4' title='bbox 420 542 566 596; x_wconf 89' lang='lat' dir='ltr'><strong>mine</strong></span> <span class='ocrx_word' id='word_1_5' title='bbox 592 558 607 597; x_wconf 89' lang='lat'><strong>:</strong></span> <span class='ocrx_word' id='word_1_6' title='bbox 637 541 740 597; x_wconf 79' lang='lat' dir='ltr'><strong>iste</strong></span> <span class='ocrx_word' id='word_1_7' title='bbox 768 550 978 611; x_wconf 76' lang='lat' dir='ltr'><strong>patrem</strong></span> <span class='ocrx_word' id='word_1_8' title='bbox 1003 541 1120 612; x_wconf 73' lang='lat' dir='ltr'><strong>ejus</strong></span> <span class='ocrx_word' id='word_1_9' title='bbox 1142 541 1341 613; x_wconf 82' lang='lat' dir='ltr'><strong>.loseph</strong></span> <span class='ocrx_word' id='word_1_10' title='bbox 1380 548 1610 597; x_wconf 87' lang='lat' dir='ltr'><strong>testatus</strong></span> <span class='ocrx_word' id='word_1_11' title='bbox 1636 549 1742 607; x_wconf 89' lang='lat' dir='ltr'><strong>est,</strong></span> <span class='ocrx_word' id='word_1_12' title='bbox 1770 541 1961 597; x_wconf 85' lang='lat' dir='ltr'><strong>dicens</strong></span> <span class='ocrx_word' id='word_1_13' title='bbox 1987 560 2000 597; x_wconf 94' lang='lat'>:</span> <span class='ocrx_word' id='word_1_14' title='bbox 2032 545 2079 601; x_wconf 79' lang='grc' dir='ltr'><strong>Α</strong></span> <span class='ocrx_word' id='word_1_15' title='bbox 2109 538 2264 595; x_wconf 81' lang='lat' dir='ltr'><strong>Nunc</strong></span> <span class='ocrx_word' id='word_1_16' title='bbox 2315 548 2498 597; x_wconf 86' lang='lat' dir='ltr'><strong>autem</strong></span> <span class='ocrx_word' id='word_1_17' title='bbox 2550 536 3018 609; x_wconf 85' lang='lat' dir='ltr'><strong>interpretandum</strong></span> <span class='ocrx_word' id='word_1_18' title='bbox 3068 535 3211 606; x_wconf 83' lang='lat' dir='ltr'><strong>quid</strong></span> <span class='ocrx_word' id='word_1_19' title='bbox 3255 533 3360 592; x_wconf 85' lang='lat' dir='ltr'><strong>sibi</strong></span> <span class='ocrx_word' id='word_1_20' title='bbox 3408 534 3533 590; x_wconf 85' lang='lat' dir='ltr'><strong>velit</strong></span> <span class='ocrx_word' id='word_1_21' title='bbox 3581 535 3682 588; x_wconf 86' lang='lat' dir='ltr'><strong>hoc</strong></span> 
     </span>
    </p>
   </div>
   <div class='ocr_carea' id='block_1_5' title="bbox 419 633 1999 705">
    <p class='ocr_par' dir='ltr' id='par_1_5' title="bbox 419 633 1999 705">
     <span class='ocr_line' id='line_1_5' title="bbox 419 633 1999 705; baseline 0.001 -18"><span class='ocrx_word' id='word_1_22' title='bbox 419 633 593 687; x_wconf 83' lang='lat' dir='ltr'><strong>Erant</strong></span> <span class='ocrx_word' id='word_1_23' title='bbox 632 644 786 702; x_wconf 82' lang='lat' dir='ltr'><strong>pater</strong></span> <span class='ocrx_word' id='word_1_24' title='bbox 833 635 982 689; x_wconf 83' lang='lat' dir='ltr'><strong>illius</strong></span> <span class='ocrx_word' id='word_1_25' title='bbox 1035 643 1084 688; x_wconf 88' lang='lat' dir='ltr'><strong>et</strong></span> <span class='ocrx_word' id='word_1_26' title='bbox 1146 644 1314 687; x_wconf 85' lang='lat' dir='ltr'><strong>mater</strong></span> <span class='ocrx_word' id='word_1_27' title='bbox 1364 635 1695 688; x_wconf 83' lang='lat' dir='ltr'><strong>admirantes</strong></span> <span class='ocrx_word' id='word_1_28' title='bbox 1730 649 1889 705; x_wconf 82' lang='lat' dir='ltr'><strong>super</strong></span> <span class='ocrx_word' id='word_1_29' title='bbox 1918 636 1999 689; x_wconf 79' lang='lat' dir='ltr'><strong>his</strong></span> 
     </span>
    </p>
   </div>
   <div class='ocr_carea' id='block_1_6' title="bbox 418 723 2003 795">
    <p class='ocr_par' dir='ltr' id='par_1_6' title="bbox 418 723 2003 795">
     <span class='ocr_line' id='line_1_6' title="bbox 418 723 2003 795; baseline 0.003 -18"><span class='ocrx_word' id='word_1_30' title='bbox 418 740 540 795; x_wconf 74' lang='lat' dir='ltr'><strong>qua:</strong></span> <span class='ocrx_word' id='word_1_31' title='bbox 570 723 885 779; x_wconf 79' lang='lat' dir='ltr'><strong>dicebantur</strong></span> <span class='ocrx_word' id='word_1_32' title='bbox 911 727 974 779; x_wconf 87' lang='lat' dir='ltr'><strong>de</strong></span> <span class='ocrx_word' id='word_1_33' title='bbox 1002 741 1082 779; x_wconf 89' lang='lat' dir='ltr'><strong>eo.</strong></span> <span class='ocrx_word' id='word_1_34' title='bbox 1108 724 1241 791; x_wconf 63' lang='lat' dir='ltr'><strong>Quae</strong></span> <span class='ocrx_word' id='word_1_35' title='bbox 1268 724 1432 795; x_wconf 78' lang='lat' dir='ltr'><strong>igitur</strong></span> <span class='ocrx_word' id='word_1_36' title='bbox 1462 739 1629 781; x_wconf 88' lang='lat' dir='ltr'><strong>causa</strong></span> <span class='ocrx_word' id='word_1_37' title='bbox 1678 726 1908 792; x_wconf 77' lang='lat' dir='ltr'><strong>exstit&#39;t,</strong></span> <span class='ocrx_word' id='word_1_38' title='bbox 1945 736 2003 782; x_wconf 89' lang='lat' dir='ltr'><strong>ut</strong></span> 
     </span>
    </p>
   </div>
   <div class='ocr_carea' id='block_1_7' title="bbox 420 816 2003 887">
    <p class='ocr_par' dir='ltr' id='par_1_7' title="bbox 420 816 2003 887">
     <span class='ocr_line' id='line_1_7' title="bbox 420 816 2003 887; baseline -0.001 -16"><span class='ocrx_word' id='word_1_39' title='bbox 420 832 546 872; x_wconf 91' lang='lat' dir='ltr'><strong>eum</strong></span> <span class='ocrx_word' id='word_1_40' title='bbox 572 816 665 886; x_wconf 89' lang='lat' dir='ltr'><strong>qui</strong></span> <span class='ocrx_word' id='word_1_41' title='bbox 713 826 866 886; x_wconf 88' lang='lat' dir='ltr'><strong>pater</strong></span> <span class='ocrx_word' id='word_1_42' title='bbox 923 833 1032 870; x_wconf 79' lang='lat' dir='ltr'><strong>neu</strong></span> <span class='ocrx_word' id='word_1_43' title='bbox 1107 816 1229 881; x_wconf 76' lang='lat' dir='ltr'><strong>fuit,</strong></span> <span class='ocrx_word' id='word_1_44' title='bbox 1296 827 1504 887; x_wconf 89' lang='lat' dir='ltr'><strong>patrem</strong></span> <span class='ocrx_word' id='word_1_45' title='bbox 1556 832 1677 873; x_wconf 87' lang='lat' dir='ltr'><strong>esse</strong></span> <span class='ocrx_word' id='word_1_46' title='bbox 1731 831 2003 872; x_wconf 82' lang='lat' dir='ltr'><strong>memora-</strong></span> 
     </span>
    </p>
   </div>
   <div class='ocr_carea' id='block_1_8' title="bbox 420 900 2030 981">
    <p class='ocr_par' dir='ltr' id='par_1_8' title="bbox 420 900 2030 981">
     <span class='ocr_line' id='line_1_8' title="bbox 420 900 2030 981; baseline 0.001 -17"><span class='ocrx_word' id='word_1_47' title='bbox 420 916 505 964; x_wconf 89' lang='lat' dir='ltr'><strong>ret</strong></span> <span class='ocrx_word' id='word_1_48' title='bbox 540 900 691 981; x_wconf 54' lang='grc' dir='ltr'><strong>(ιδῃ</strong></span> <span class='ocrx_word' id='word_1_49' title='bbox 722 907 826 976; x_wconf 85' lang='lat' dir='ltr'><strong>Qui</strong></span> <span class='ocrx_word' id='word_1_50' title='bbox 886 906 1121 978; x_wconf 83' lang='lat' dir='ltr'><strong>simplici</strong></span> <span class='ocrx_word' id='word_1_51' title='bbox 1177 909 1521 979; x_wconf 76' lang='lat' dir='ltr'><strong>expositione</strong></span> <span class='ocrx_word' id='word_1_52' title='bbox 1571 919 1860 966; x_wconf 88' lang='lat' dir='ltr'><strong>contentus</strong></span> <span class='ocrx_word' id='word_1_53' title='bbox 1894 900 2030 975; x_wconf 47' lang='lat' dir='ltr'><strong>est,‘</strong></span> 
     </span>
    </p>
   </div>
   <div class='ocr_carea' id='block_1_9' title="bbox 415 996 2003 1070">
    <p class='ocr_par' dir='ltr' id='par_1_9' title="bbox 415 996 2003 1070">
     <span class='ocr_line' id='line_1_9' title="bbox 415 996 2003 1070; baseline 0.004 -18"><span class='ocrx_word' id='word_1_54' title='bbox 415 998 547 1054; x_wconf 81' lang='lat' dir='ltr'><strong>dicit</strong></span> <span class='ocrx_word' id='word_1_55' title='bbox 583 1019 595 1054; x_wconf 92' lang='lat'><strong>:</strong></span> <span class='ocrx_word' id='word_1_56' title='bbox 633 996 934 1055; x_wconf 83' lang='lat' dir='ltr'><strong>Honoravit</strong></span> <span class='ocrx_word' id='word_1_57' title='bbox 968 1017 1092 1055; x_wconf 89' lang='lat' dir='ltr'><strong>eum</strong></span> <span class='ocrx_word' id='word_1_58' title='bbox 1130 1000 1367 1070; x_wconf 82' lang='lat' dir='ltr'><strong>Spiritus</strong></span> <span class='ocrx_word' id='word_1_59' title='bbox 1416 1010 1641 1059; x_wconf 85' lang='lat' dir='ltr'><strong>sanctus</strong></span> <span class='ocrx_word' id='word_1_60' title='bbox 1677 1001 1856 1058; x_wconf 84' lang='lat' dir='ltr'><strong>Patris</strong></span> <span class='ocrx_word' id='word_1_61' title='bbox 1901 1010 2003 1059; x_wconf 76' lang='lat' dir='ltr'><strong>v0-</strong></span> 
     </span>
    </p>
   </div>
   <div class='ocr_carea' id='block_1_10' title="bbox 411 1091 2004 1163">
    <p class='ocr_par' dir='ltr' id='par_1_10' title="bbox 411 1091 2004 1163">
     <span class='ocr_line' id='line_1_10' title="bbox 411 1091 2004 1163; baseline 0.003 -17"><span class='ocrx_word' id='word_1_62' title='bbox 411 1091 631 1158; x_wconf 88' lang='lat' dir='ltr'><strong>cabulo,</strong></span> <span class='ocrx_word' id='word_1_63' title='bbox 661 1093 790 1163; x_wconf 83' lang='lat' dir='ltr'><strong>quia</strong></span> <span class='ocrx_word' id='word_1_64' title='bbox 823 1095 1093 1148; x_wconf 85' lang='lat' dir='ltr'><strong>nutrierat</strong></span> <span class='ocrx_word' id='word_1_65' title='bbox 1130 1094 1491 1151; x_wconf 89' lang='lat' dir='ltr'><strong>Salvatorem.</strong></span> <span class='ocrx_word' id='word_1_66' title='bbox 1553 1095 1655 1162; x_wconf 90' lang='lat' dir='ltr'><strong>Qui</strong></span> <span class='ocrx_word' id='word_1_67' title='bbox 1706 1105 1887 1151; x_wconf 89' lang='lat' dir='ltr'><strong>autem</strong></span> <span class='ocrx_word' id='word_1_68' title='bbox 1923 1095 2004 1151; x_wconf 88' lang='lat' dir='ltr'><strong>al-</strong></span> 
     </span>
    </p>
   </div>
   <div class='ocr_carea' id='block_1_11' title="bbox 415 1180 2002 1259">
    <p class='ocr_par' dir='ltr' id='par_1_11' title="bbox 415 1180 2002 1259">
     <span class='ocr_line' id='line_1_11' title="bbox 415 1180 2002 1259; baseline 0.004 -24"><span class='ocrx_word' id='word_1_69' title='bbox 415 1180 524 1237; x_wconf 90' lang='lat' dir='ltr'><strong>tius</strong></span> <span class='ocrx_word' id='word_1_70' title='bbox 554 1183 759 1254; x_wconf 83' lang='lat' dir='ltr'><strong>aliquid</strong></span> <span class='ocrx_word' id='word_1_71' title='bbox 819 1185 1069 1255; x_wconf 78' lang='lat' dir='ltr'><strong>inquirit,</strong></span> <span class='ocrx_word' id='word_1_72' title='bbox 1123 1196 1304 1257; x_wconf 86' lang='lat' dir='ltr'><strong>potest</strong></span> <span class='ocrx_word' id='word_1_73' title='bbox 1342 1187 1564 1243; x_wconf 83' lang='lat' dir='ltr'><strong>dicere:</strong></span> <span class='ocrx_word' id='word_1_74' title='bbox 1617 1189 1744 1258; x_wconf 86' lang='lat' dir='ltr'><strong>quia</strong></span> <span class='ocrx_word' id='word_1_75' title='bbox 1775 1203 2002 1259; x_wconf 84' lang='lat' dir='ltr'><strong>genera-</strong></span> 
     </span>
    </p>
   </div>
   <div class='ocr_carea' id='block_1_12' title="bbox 413 1273 1998 1350">
    <p class='ocr_par' dir='ltr' id='par_1_12' title="bbox 413 1273 1998 1350">
     <span class='ocr_line' id='line_1_12' title="bbox 413 1273 1998 1350; baseline 0.004 -23"><span class='ocrx_word' id='word_1_76' title='bbox 413 1273 580 1328; x_wconf 81' lang='lat' dir='ltr'><strong>tionis</strong></span> <span class='ocrx_word' id='word_1_77' title='bbox 610 1275 748 1330; x_wconf 83' lang='lat' dir='ltr'><strong>ordo</strong></span> <span class='ocrx_word' id='word_1_78' title='bbox 777 1291 807 1330; x_wconf 90' lang='lat' dir='ltr'><strong>a</strong></span> <span class='ocrx_word' id='word_1_79' title='bbox 833 1275 1002 1332; x_wconf 73' lang='lat' dir='ltr'><strong>David</strong></span> <span class='ocrx_word' id='word_1_80' title='bbox 1034 1292 1209 1348; x_wconf 85' lang='lat' dir='ltr'><strong>usque</strong></span> <span class='ocrx_word' id='word_1_81' title='bbox 1264 1279 1330 1333; x_wconf 90' lang='lat' dir='ltr'><strong>ad</strong></span> <span class='ocrx_word' id='word_1_82' title='bbox 1379 1277 1582 1350; x_wconf 84' lang='lat' dir='ltr'><strong>Joseph</strong></span> <span class='ocrx_word' id='word_1_83' title='bbox 1613 1279 1900 1335; x_wconf 76' lang='lat' dir='ltr'><strong>deducitur</strong></span> <span class='ocrx_word' id='word_1_84' title='bbox 1930 1278 1998 1342; x_wconf 76' lang='lat'><strong>&quot;.</strong></span> 
     </span>
    </p>
   </div>
   <div class='ocr_carea' id='block_1_13' title="bbox 411 1356 2001 1436">
    <p class='ocr_par' dir='ltr' id='par_1_13' title="bbox 411 1356 2001 1436">
     <span class='ocr_line' id='line_1_13' title="bbox 411 1356 2001 1436; baseline 0.004 -22"><span class='ocrx_word' id='word_1_85' title='bbox 411 1371 467 1416; x_wconf 84' lang='lat' dir='ltr'><strong>et</strong></span> <span class='ocrx_word' id='word_1_86' title='bbox 499 1374 569 1417; x_wconf 85' lang='lat' dir='ltr'><strong>ne</strong></span> <span class='ocrx_word' id='word_1_87' title='bbox 591 1356 867 1420; x_wconf 77' lang='lat' dir='ltr'><strong>videretur</strong></span> <span class='ocrx_word' id='word_1_88' title='bbox 894 1364 1098 1421; x_wconf 78' lang='lat' dir='ltr'><strong>frustra</strong></span> <span class='ocrx_word' id='word_1_89' title='bbox 1131 1364 1334 1436; x_wconf 84' lang='lat' dir='ltr'><strong>Joseph</strong></span> <span class='ocrx_word' id='word_1_90' title='bbox 1386 1367 1681 1431; x_wconf 85' lang='lat' dir='ltr'><strong>nominari,</strong></span> <span class='ocrx_word' id='word_1_91' title='bbox 1711 1367 1805 1436; x_wconf 90' lang='lat' dir='ltr'><strong>qui</strong></span> <span class='ocrx_word' id='word_1_92' title='bbox 1846 1375 2001 1436; x_wconf 87' lang='lat' dir='ltr'><strong>pater</strong></span> 
     </span>
    </p>
   </div>
   <div class='ocr_carea' id='block_1_14' title="bbox 412 1452 2001 1527">
    <p class='ocr_par' dir='ltr' id='par_1_14' title="bbox 412 1452 2001 1527">
     <span class='ocr_line' id='line_1_14' title="bbox 412 1452 2001 1527; baseline 0.004 -21"><span class='ocrx_word' id='word_1_93' title='bbox 412 1467 521 1507; x_wconf 91' lang='lat' dir='ltr'><strong>non</strong></span> <span class='ocrx_word' id='word_1_94' title='bbox 566 1452 743 1510; x_wconf 79' lang='lat' dir='ltr'><strong>fuerat</strong></span> <span class='ocrx_word' id='word_1_95' title='bbox 766 1452 1087 1522; x_wconf 81' lang='lat' dir='ltr'><strong>Salvatoris,</strong></span> <span class='ocrx_word' id='word_1_96' title='bbox 1123 1464 1182 1511; x_wconf 89' lang='lat' dir='ltr'><strong>ut</strong></span> <span class='ocrx_word' id='word_1_97' title='bbox 1205 1457 1575 1527; x_wconf 81' lang='lat' dir='ltr'><strong>generationis</strong></span> <span class='ocrx_word' id='word_1_98' title='bbox 1608 1459 1745 1514; x_wconf 86' lang='lat' dir='ltr'><strong>ordo</strong></span> <span class='ocrx_word' id='word_1_99' title='bbox 1778 1459 2001 1514; x_wconf 83' lang='lat' dir='ltr'><strong>haberet</strong></span> 
     </span>
    </p>
   </div>
   <div class='ocr_carea' id='block_1_15' title="bbox 410 1544 2002 1615">
    <p class='ocr_par' dir='ltr' id='par_1_15' title="bbox 410 1544 2002 1615">
     <span class='ocr_line' id='line_1_15' title="bbox 410 1544 2002 1615; baseline 0.004 -17"><span class='ocrx_word' id='word_1_100' title='bbox 410 1544 595 1599; x_wconf 89' lang='lat' dir='ltr'><strong>locum</strong></span> <span class='ocrx_word' id='word_1_101' title='bbox 622 1562 638 1601; x_wconf 92' lang='lat'><strong>:</strong></span> <span class='ocrx_word' id='word_1_102' title='bbox 664 1552 821 1615; x_wconf 88' lang='lat' dir='ltr'><strong>pater</strong></span> <span class='ocrx_word' id='word_1_103' title='bbox 844 1546 1147 1615; x_wconf 75' lang='lat' dir='ltr'><strong>appellatus</strong></span> <span class='ocrx_word' id='word_1_104' title='bbox 1183 1556 1266 1601; x_wconf 89' lang='lat' dir='ltr'><strong>est</strong></span> <span class='ocrx_word' id='word_1_105' title='bbox 1299 1546 1537 1602; x_wconf 81' lang='lat' dir='ltr'><strong>Domini.</strong></span> <span class='ocrx_word' id='word_1_106' title='bbox 1572 1547 2002 1604; x_wconf 85' lang='lat' dir='ltr'><strong>Admirabantur</strong></span> 
     </span>
    </p>
   </div>
   <div class='ocr_carea' id='block_1_16' title="bbox 412 1635 2003 1710">
    <p class='ocr_par' dir='ltr' id='par_1_16' title="bbox 412 1635 2003 1710">
     <span class='ocr_line' id='line_1_16' title="bbox 412 1635 2003 1710; baseline 0.006 -22"><span class='ocrx_word' id='word_1_107' title='bbox 412 1635 579 1706; x_wconf 83' lang='lat' dir='ltr'><strong>igitur</strong></span> <span class='ocrx_word' id='word_1_108' title='bbox 627 1644 782 1708; x_wconf 87' lang='lat' dir='ltr'><strong>pater</strong></span> <span class='ocrx_word' id='word_1_109' title='bbox 831 1637 977 1694; x_wconf 89' lang='lat' dir='ltr'><strong>illius</strong></span> <span class='ocrx_word' id='word_1_110' title='bbox 1013 1644 1066 1693; x_wconf 87' lang='lat' dir='ltr'><strong>et</strong></span> <span class='ocrx_word' id='word_1_111' title='bbox 1116 1647 1290 1693; x_wconf 89' lang='lat' dir='ltr'><strong>mater</strong></span> <span class='ocrx_word' id='word_1_112' title='bbox 1335 1654 1500 1710; x_wconf 88' lang='lat' dir='ltr'><strong>super</strong></span> <span class='ocrx_word' id='word_1_113' title='bbox 1536 1639 1622 1694; x_wconf 90' lang='lat' dir='ltr'><strong>his</strong></span> <span class='ocrx_word' id='word_1_114' title='bbox 1671 1656 1794 1710; x_wconf 72' lang='lat' dir='ltr'><strong>quae</strong></span> <span class='ocrx_word' id='word_1_115' title='bbox 1852 1641 2003 1697; x_wconf 88' lang='lat' dir='ltr'><strong>dice-</strong></span> 
     </span>
    </p>
   </div>
   <div class='ocr_carea' id='block_1_17' title="bbox 412 1724 2000 1800">
    <p class='ocr_par' dir='ltr' id='par_1_17' title="bbox 412 1724 2000 1800">
     <span class='ocr_line' id='line_1_17' title="bbox 412 1724 2000 1800; baseline 0.004 -20"><span class='ocrx_word' id='word_1_116' title='bbox 412 1724 616 1781; x_wconf 79' lang='lat' dir='ltr'><strong>bantur</strong></span> <span class='ocrx_word' id='word_1_117' title='bbox 658 1727 725 1782; x_wconf 85' lang='lat' dir='ltr'><strong>de</strong></span> <span class='ocrx_word' id='word_1_118' title='bbox 773 1742 860 1791; x_wconf 90' lang='lat' dir='ltr'><strong>eo,</strong></span> <span class='ocrx_word' id='word_1_119' title='bbox 896 1736 1003 1782; x_wconf 88' lang='lat' dir='ltr'><strong>tam</strong></span> <span class='ocrx_word' id='word_1_120' title='bbox 1037 1728 1106 1783; x_wconf 90' lang='lat' dir='ltr'><strong>ah</strong></span> <span class='ocrx_word' id='word_1_121' title='bbox 1129 1730 1340 1798; x_wconf 78' lang='lat' dir='ltr'><strong>angelo,</strong></span> <span class='ocrx_word' id='word_1_122' title='bbox 1373 1745 1538 1800; x_wconf 87' lang='lat' dir='ltr'><strong>quam</strong></span> <span class='ocrx_word' id='word_1_123' title='bbox 1572 1744 1603 1784; x_wconf 89' lang='lat' dir='ltr'><strong>a</strong></span> <span class='ocrx_word' id='word_1_124' title='bbox 1651 1731 2000 1788; x_wconf 81' lang='lat' dir='ltr'><strong>multitudine</strong></span> 
     </span>
    </p>
   </div>
   <div class='ocr_carea' id='block_1_18' title="bbox 411 1816 1997 1891">
    <p class='ocr_par' dir='ltr' id='par_1_18' title="bbox 411 1816 1997 1891">
     <span class='ocr_line' id='line_1_18' title="bbox 411 1816 1997 1891; baseline 0.003 -19"><span class='ocrx_word' id='word_1_125' title='bbox 411 1816 650 1872; x_wconf 67' lang='lat' dir='ltr'><strong>cretestis</strong></span> <span class='ocrx_word' id='word_1_126' title='bbox 703 1816 999 1882; x_wconf 80' lang='lat' dir='ltr'><strong>exercitus,</strong></span> <span class='ocrx_word' id='word_1_127' title='bbox 1060 1830 1272 1874; x_wconf 87' lang='lat' dir='ltr'><strong>necnon</strong></span> <span class='ocrx_word' id='word_1_128' title='bbox 1319 1836 1349 1875; x_wconf 88' lang='lat' dir='ltr'><strong>a</strong></span> <span class='ocrx_word' id='word_1_129' title='bbox 1407 1821 1739 1891; x_wconf 51' lang='lat' dir='ltr'><strong>pastoribus;</strong></span> <span class='ocrx_word' id='word_1_130' title='bbox 1802 1822 1997 1879; x_wconf 88' lang='lat' dir='ltr'><strong>Omnia</strong></span> 
     </span>
    </p>
   </div>
   <div class='ocr_carea' id='block_1_19' title="bbox 408 1891 2070 1977">
    <p class='ocr_par' dir='ltr' id='par_1_19' title="bbox 408 1891 2070 1977">
     <span class='ocr_line' id='line_1_19' title="bbox 408 1891 2070 1977; baseline 0.007 -17"><span class='ocrx_word' id='word_1_131' title='bbox 408 1907 612 1977; x_wconf 77' lang='lat' dir='ltr'><strong>quippe</strong></span> <span class='ocrx_word' id='word_1_132' title='bbox 639 1904 753 1963; x_wconf 75' lang='lat' dir='ltr'><strong>haec</strong></span> <span class='ocrx_word' id='word_1_133' title='bbox 776 1909 1084 1975; x_wconf 86' lang='lat' dir='ltr'><strong>audientes,</strong></span> <span class='ocrx_word' id='word_1_134' title='bbox 1118 1911 1600 1970; x_wconf 88' lang='lat' dir='ltr'><strong>vehementissime</strong></span> <span class='ocrx_word' id='word_1_135' title='bbox 1628 1916 1993 1972; x_wconf 83' lang='lat' dir='ltr'><strong>mirabantur.</strong></span> <span class='ocrx_word' id='word_1_136' title='bbox 2026 1891 2070 1955; x_wconf 70' lang='grc' dir='ltr'><strong><em>Β</em></strong></span> 
     </span>
    </p>
   </div>
   <div class='ocr_carea' id='block_1_20' title="bbox 410 1994 1997 2075">
    <p class='ocr_par' dir='ltr' id='par_1_20' title="bbox 410 1994 1997 2075">
     <span class='ocr_line' id='line_1_20' title="bbox 410 1994 1997 2075; baseline 0.008 -22"><span class='ocrx_word' id='word_1_137' title='bbox 410 1999 619 2056; x_wconf 86' lang='lat' dir='ltr'><strong>Dehine</strong></span> <span class='ocrx_word' id='word_1_138' title='bbox 650 1994 935 2072; x_wconf 82' lang='lat' dir='ltr'><strong>Scriptura</strong></span> <span class='ocrx_word' id='word_1_139' title='bbox 969 2004 1080 2059; x_wconf 88' lang='lat' dir='ltr'><strong>ait:</strong></span> <span class='ocrx_word' id='word_1_140' title='bbox 1113 2004 1395 2062; x_wconf 74' lang='lat' dir='ltr'><strong>Benedixit</strong></span> <span class='ocrx_word' id='word_1_141' title='bbox 1418 2009 1466 2063; x_wconf 87' lang='lat' dir='ltr'><strong>ei</strong></span> <span class='ocrx_word' id='word_1_142' title='bbox 1494 2007 1731 2075; x_wconf 83' lang='lat' dir='ltr'><strong>Simeon,</strong></span> <span class='ocrx_word' id='word_1_143' title='bbox 1768 2019 1819 2065; x_wconf 83' lang='lat' dir='ltr'><strong>et</strong></span> <span class='ocrx_word' id='word_1_144' title='bbox 1856 2012 1997 2066; x_wconf 75' lang='lat' dir='ltr'><strong>dixit</strong></span> 
     </span>
    </p>
   </div>
   <div class='ocr_carea' id='block_1_21' title="bbox 407 2085 1997 2171">
    <p class='ocr_par' dir='ltr' id='par_1_21' title="bbox 407 2085 1997 2171">
     <span class='ocr_line' id='line_1_21' title="bbox 407 2085 1997 2171; baseline 0.009 -27"><span class='ocrx_word' id='word_1_145' title='bbox 407 2091 478 2145; x_wconf 85' lang='lat' dir='ltr'><strong>ad</strong></span> <span class='ocrx_word' id='word_1_146' title='bbox 514 2085 746 2146; x_wconf 75' lang='lat' dir='ltr'><strong>Mariam</strong></span> <span class='ocrx_word' id='word_1_147' title='bbox 775 2107 999 2149; x_wconf 86' lang='lat' dir='ltr'><strong>matrem</strong></span> <span class='ocrx_word' id='word_1_148' title='bbox 1036 2096 1151 2166; x_wconf 88' lang='lat' dir='ltr'><strong>ejus</strong></span> <span class='ocrx_word' id='word_1_149' title='bbox 1185 2113 1205 2151; x_wconf 90' lang='lat'><strong><em>:</em></strong></span> <span class='ocrx_word' id='word_1_150' title='bbox 1255 2097 1393 2154; x_wconf 83' lang='lat' dir='ltr'><strong>Ecce</strong></span> <span class='ocrx_word' id='word_1_151' title='bbox 1447 2101 1547 2155; x_wconf 84' lang='lat' dir='ltr'><strong>iste</strong></span> <span class='ocrx_word' id='word_1_152' title='bbox 1596 2104 1800 2171; x_wconf 78' lang='lat' dir='ltr'><strong>positus</strong></span> <span class='ocrx_word' id='word_1_153' title='bbox 1835 2112 1912 2157; x_wconf 87' lang='lat' dir='ltr'><strong>est</strong></span> <span class='ocrx_word' id='word_1_154' title='bbox 1943 2105 1997 2158; x_wconf 87' lang='lat' dir='ltr'><strong>in</strong></span> 
     </span>
    </p>
   </div>
   <div class='ocr_carea' id='block_1_22' title="bbox 408 2183 1999 2260">
    <p class='ocr_par' dir='ltr' id='par_1_22' title="bbox 408 2183 1999 2260">
     <span class='ocr_line' id='line_1_22' title="bbox 408 2183 1999 2260; baseline 0.011 -26"><span class='ocrx_word' id='word_1_155' title='bbox 408 2183 620 2237; x_wconf 77' lang='lat' dir='ltr'><strong>ruinam</strong></span> <span class='ocrx_word' id='word_1_156' title='bbox 646 2193 694 2240; x_wconf 82' lang='lat' dir='ltr'><strong>et</strong></span> <span class='ocrx_word' id='word_1_157' title='bbox 731 2185 785 2239; x_wconf 88' lang='lat' dir='ltr'><strong>in</strong></span> <span class='ocrx_word' id='word_1_158' title='bbox 811 2189 1248 2242; x_wconf 77' lang='lat' dir='ltr'><strong>resurrectionem</strong></span> <span class='ocrx_word' id='word_1_159' title='bbox 1298 2190 1592 2246; x_wconf 81' lang='lat' dir='ltr'><strong>multarunt</strong></span> <span class='ocrx_word' id='word_1_160' title='bbox 1622 2193 1676 2247; x_wconf 87' lang='lat' dir='ltr'><strong>in</strong></span> <span class='ocrx_word' id='word_1_161' title='bbox 1709 2192 1904 2260; x_wconf 82' lang='lat' dir='ltr'><strong>Israel,</strong></span> <span class='ocrx_word' id='word_1_162' title='bbox 1947 2205 1999 2251; x_wconf 83' lang='lat' dir='ltr'><strong>et</strong></span> 
     </span>
    </p>
   </div>
   <div class='ocr_carea' id='block_1_23' title="bbox 406 2273 1998 2354">
    <p class='ocr_par' dir='ltr' id='par_1_23' title="bbox 406 2273 1998 2354">
     <span class='ocr_line' id='line_1_23' title="bbox 406 2273 1998 2354; baseline 0.011 -28"><span class='ocrx_word' id='word_1_163' title='bbox 406 2273 463 2327; x_wconf 85' lang='lat' dir='ltr'><strong>in</strong></span> <span class='ocrx_word' id='word_1_164' title='bbox 492 2275 699 2345; x_wconf 84' lang='lat' dir='ltr'><strong>signum</strong></span> <span class='ocrx_word' id='word_1_165' title='bbox 726 2279 813 2331; x_wconf 81' lang='lat' dir='ltr'><strong>cui</strong></span> <span class='ocrx_word' id='word_1_166' title='bbox 839 2280 1256 2338; x_wconf 85' lang='lat' dir='ltr'><strong>contradicetur.</strong></span> <span class='ocrx_word' id='word_1_167' title='bbox 1289 2281 1358 2337; x_wconf 82' lang='lat' dir='ltr'><strong>Et</strong></span> <span class='ocrx_word' id='word_1_168' title='bbox 1391 2292 1537 2338; x_wconf 86' lang='lat' dir='ltr'><strong>tuam</strong></span> <span class='ocrx_word' id='word_1_169' title='bbox 1560 2286 1727 2354; x_wconf 83' lang='lat' dir='ltr'><strong>ipsius</strong></span> <span class='ocrx_word' id='word_1_170' title='bbox 1760 2288 1998 2343; x_wconf 82' lang='lat' dir='ltr'><strong>animam</strong></span> 
     </span>
    </p>
   </div>
   <div class='ocr_carea' id='block_1_24' title="bbox 404 2366 1994 2441">
    <p class='ocr_par' dir='ltr' id='par_1_24' title="bbox 404 2366 1994 2441">
     <span class='ocr_line' id='line_1_24' title="bbox 404 2366 1994 2441; baseline 0.011 -22"><span class='ocrx_word' id='word_1_171' title='bbox 404 2366 749 2436; x_wconf 83' lang='lat' dir='ltr'><strong>pertranslbit</strong></span> <span class='ocrx_word' id='word_1_172' title='bbox 774 2368 1006 2441; x_wconf 78' lang='lat' dir='ltr'><strong>gladius,</strong></span> <span class='ocrx_word' id='word_1_173' title='bbox 1032 2383 1090 2428; x_wconf 89' lang='lat' dir='ltr'><strong>ut</strong></span> <span class='ocrx_word' id='word_1_174' title='bbox 1120 2378 1415 2430; x_wconf 76' lang='lat' dir='ltr'><strong>revetentur</strong></span> <span class='ocrx_word' id='word_1_175' title='bbox 1439 2393 1507 2432; x_wconf 80' lang='lat' dir='ltr'><strong>ea:</strong></span> <span class='ocrx_word' id='word_1_176' title='bbox 1532 2379 1719 2434; x_wconf 80' lang='lat' dir='ltr'><strong>multis</strong></span> <span class='ocrx_word' id='word_1_177' title='bbox 1744 2381 1994 2437; x_wconf 75' lang='lat' dir='ltr'><strong>cordibus</strong></span> 
     </span>
    </p>
   </div>
   <div class='ocr_carea' id='block_1_25' title="bbox 405 2458 1998 2532">
    <p class='ocr_par' dir='ltr' id='par_1_25' title="bbox 405 2458 1998 2532">
     <span class='ocr_line' id='line_1_25' title="bbox 405 2458 1998 2532; baseline 0.012 -20"><span class='ocrx_word' id='word_1_178' title='bbox 405 2458 778 2530; x_wconf 80' lang='lat' dir='ltr'><strong>cogitationes.</strong></span> <span class='ocrx_word' id='word_1_179' title='bbox 813 2460 1102 2532; x_wconf 82' lang='lat' dir='ltr'><strong>Quomodo</strong></span> <span class='ocrx_word' id='word_1_180' title='bbox 1132 2465 1386 2524; x_wconf 89' lang='lat' dir='ltr'><strong>Salvator</strong></span> <span class='ocrx_word' id='word_1_181' title='bbox 1420 2470 1475 2525; x_wconf 91' lang='lat' dir='ltr'><strong>in</strong></span> <span class='ocrx_word' id='word_1_182' title='bbox 1504 2472 1719 2528; x_wconf 89' lang='lat' dir='ltr'><strong>ruinam</strong></span> <span class='ocrx_word' id='word_1_183' title='bbox 1761 2483 1816 2529; x_wconf 86' lang='lat' dir='ltr'><strong>et</strong></span> <span class='ocrx_word' id='word_1_184' title='bbox 1838 2475 1891 2529; x_wconf 92' lang='lat' dir='ltr'><strong>in</strong></span> <span class='ocrx_word' id='word_1_185' title='bbox 1916 2488 1998 2532; x_wconf 84' lang='lat' dir='ltr'><strong>re-</strong></span> 
     </span>
    </p>
   </div>
   <div class='ocr_carea' id='block_1_26' title="bbox 404 2554 1997 2630">
    <p class='ocr_par' dir='ltr' id='par_1_26' title="bbox 404 2554 1997 2630">
     <span class='ocr_line' id='line_1_26' title="bbox 404 2554 1997 2630; baseline 0.011 -23"><span class='ocrx_word' id='word_1_186' title='bbox 404 2554 803 2611; x_wconf 87' lang='lat' dir='ltr'><strong>surrectionem</strong></span> <span class='ocrx_word' id='word_1_187' title='bbox 881 2559 1182 2618; x_wconf 88' lang='lat' dir='ltr'><strong>multorum</strong></span> <span class='ocrx_word' id='word_1_188' title='bbox 1252 2564 1503 2630; x_wconf 86' lang='lat' dir='ltr'><strong>venerit,</strong></span> <span class='ocrx_word' id='word_1_189' title='bbox 1596 2572 1681 2621; x_wconf 88' lang='lat' dir='ltr'><strong>est</strong></span> <span class='ocrx_word' id='word_1_190' title='bbox 1749 2576 1997 2624; x_wconf 86' lang='lat' dir='ltr'><strong>contem-</strong></span> 
     </span>
    </p>
   </div>
   <div class='ocr_carea' id='block_1_27' title="bbox 402 2642 689 2714">
    <p class='ocr_par' dir='ltr' id='par_1_27' title="bbox 402 2642 689 2714">
     <span class='ocr_line' id='line_1_27' title="bbox 402 2642 689 2714; baseline 0.021 -17"><span class='ocrx_word' id='word_1_191' title='bbox 402 2642 689 2714; x_wconf 81' lang='lat' dir='ltr'><strong>piandum.</strong></span> 
     </span>
    </p>
   </div>
   <div class='ocr_carea' id='block_1_28' title="bbox 472 2736 1992 2820">
    <p class='ocr_par' dir='ltr' id='par_1_28' title="bbox 472 2736 1992 2820">
     <span class='ocr_line' id='line_1_28' title="bbox 472 2736 1992 2820; baseline 0.011 -28"><span class='ocrx_word' id='word_1_192' title='bbox 472 2736 577 2805; x_wconf 85' lang='lat' dir='ltr'><strong>Qui</strong></span> <span class='ocrx_word' id='word_1_193' title='bbox 610 2737 631 2812; x_wconf 92' lang='lat'>[</span> <span class='ocrx_word' id='word_1_194' title='bbox 661 2740 734 2794; x_wconf 75' lang='lat' dir='ltr'><strong>at.</strong></span> <span class='ocrx_word' id='word_1_195' title='bbox 767 2738 948 2816; x_wconf 89' lang='lat' dir='ltr'><strong>Quid]</strong></span> <span class='ocrx_word' id='word_1_196' title='bbox 971 2743 1295 2817; x_wconf 80' lang='lat' dir='ltr'><strong>simpliciter</strong></span> <span class='ocrx_word' id='word_1_197' title='bbox 1314 2748 1557 2818; x_wconf 78' lang='lat' dir='ltr'><strong>exponit.</strong></span> <span class='ocrx_word' id='word_1_198' title='bbox 1587 2756 1769 2820; x_wconf 87' lang='lat' dir='ltr'><strong>potest</strong></span> <span class='ocrx_word' id='word_1_199' title='bbox 1788 2751 1992 2820; x_wconf 86' lang='lat' dir='ltr'><strong>dicere,</strong></span> 
     </span>
    </p>
   </div>
   <div class='ocr_carea' id='block_1_29' title="bbox 402 2829 1994 2905">
    <p class='ocr_par' dir='ltr' id='par_1_29' title="bbox 402 2829 1994 2905">
     <span class='ocr_line' id='line_1_29' title="bbox 402 2829 1994 2905; baseline 0.009 -21"><span class='ocrx_word' id='word_1_200' title='bbox 402 2829 459 2884; x_wconf 92' lang='lat' dir='ltr'><strong>in</strong></span> <span class='ocrx_word' id='word_1_201' title='bbox 491 2832 707 2887; x_wconf 88' lang='lat' dir='ltr'><strong>ruinam</strong></span> <span class='ocrx_word' id='word_1_202' title='bbox 737 2848 863 2889; x_wconf 85' lang='lat' dir='ltr'><strong>eum</strong></span> <span class='ocrx_word' id='word_1_203' title='bbox 883 2837 1102 2893; x_wconf 84' lang='lat' dir='ltr'><strong>venisse</strong></span> <span class='ocrx_word' id='word_1_204' title='bbox 1131 2836 1456 2905; x_wconf 85' lang='lat' dir='ltr'><strong>inﬁdelium,</strong></span> <span class='ocrx_word' id='word_1_205' title='bbox 1477 2851 1530 2896; x_wconf 85' lang='lat' dir='ltr'><strong>et</strong></span> <span class='ocrx_word' id='word_1_206' title='bbox 1558 2841 1611 2895; x_wconf 92' lang='lat' dir='ltr'><strong>in</strong></span> <span class='ocrx_word' id='word_1_207' title='bbox 1634 2843 1994 2899; x_wconf 86' lang='lat' dir='ltr'><strong>resurrectio-</strong></span> 
     </span>
    </p>
   </div>
   <div class='ocr_carea' id='block_1_30' title="bbox 400 2922 1992 3004">
    <p class='ocr_par' dir='ltr' id='par_1_30' title="bbox 400 2922 1992 3004">
     <span class='ocr_line' id='line_1_30' title="bbox 400 2922 1992 3004; baseline 0.01 -31"><span class='ocrx_word' id='word_1_208' title='bbox 400 2928 526 2974; x_wconf 82' lang='lat' dir='ltr'><strong>nem</strong></span> <span class='ocrx_word' id='word_1_209' title='bbox 563 2922 927 2979; x_wconf 84' lang='lat' dir='ltr'><strong>credentium.</strong></span> <span class='ocrx_word' id='word_1_210' title='bbox 957 2923 1062 2992; x_wconf 88' lang='lat' dir='ltr'><strong>Qui</strong></span> <span class='ocrx_word' id='word_1_211' title='bbox 1121 2942 1254 2982; x_wconf 87' lang='lat' dir='ltr'><strong>vero</strong></span> <span class='ocrx_word' id='word_1_212' title='bbox 1280 2929 1536 2986; x_wconf 88' lang='lat' dir='ltr'><strong>curiosus</strong></span> <span class='ocrx_word' id='word_1_213' title='bbox 1592 2926 1860 3004; x_wconf 84' lang='lat' dir='ltr'><strong>interpres</strong></span> <span class='ocrx_word' id='word_1_214' title='bbox 1887 2942 1992 3001; x_wconf 87' lang='lat' dir='ltr'><strong>est,</strong></span> 
     </span>
    </p>
   </div>
   <div class='ocr_carea' id='block_1_31' title="bbox 400 3010 1991 3090">
    <p class='ocr_par' dir='ltr' id='par_1_31' title="bbox 400 3010 1991 3090">
     <span class='ocr_line' id='line_1_31' title="bbox 400 3010 1991 3090; baseline 0.011 -26"><span class='ocrx_word' id='word_1_215' title='bbox 400 3010 557 3079; x_wconf 81' lang='lat' dir='ltr'><strong>dicit,</strong></span> <span class='ocrx_word' id='word_1_216' title='bbox 586 3020 939 3086; x_wconf 77' lang='lat' dir='ltr'><strong>nequaquam</strong></span> <span class='ocrx_word' id='word_1_217' title='bbox 959 3033 1085 3073; x_wconf 88' lang='lat' dir='ltr'><strong>eum</strong></span> <span class='ocrx_word' id='word_1_218' title='bbox 1104 3019 1313 3075; x_wconf 85' lang='lat' dir='ltr'><strong>cadere</strong></span> <span class='ocrx_word' id='word_1_219' title='bbox 1345 3021 1438 3090; x_wconf 86' lang='lat' dir='ltr'><strong>qui</strong></span> <span class='ocrx_word' id='word_1_220' title='bbox 1467 3030 1593 3077; x_wconf 85' lang='lat' dir='ltr'><strong>ante</strong></span> <span class='ocrx_word' id='word_1_221' title='bbox 1624 3034 1732 3078; x_wconf 89' lang='lat' dir='ltr'><strong>non</strong></span> <span class='ocrx_word' id='word_1_222' title='bbox 1756 3027 1991 3083; x_wconf 82' lang='lat' dir='ltr'><strong>steterit.</strong></span> 
     </span>
    </p>
   </div>
   <div class='ocr_carea' id='block_1_32' title="bbox 402 3102 1995 3184">
    <p class='ocr_par' dir='ltr' id='par_1_32' title="bbox 402 3102 1995 3184">
     <span class='ocr_line' id='line_1_32' title="bbox 402 3102 1995 3184; baseline 0.01 -27"><span class='ocrx_word' id='word_1_223' title='bbox 402 3102 481 3158; x_wconf 82' lang='lat' dir='ltr'><strong>Da</strong></span> <span class='ocrx_word' id='word_1_224' title='bbox 506 3104 642 3159; x_wconf 86' lang='lat' dir='ltr'><strong>mihi</strong></span> <span class='ocrx_word' id='word_1_225' title='bbox 667 3107 855 3177; x_wconf 67' lang='lat' dir='ltr'><strong>igitur,</strong></span> <span class='ocrx_word' id='word_1_226' title='bbox 887 3111 980 3179; x_wconf 86' lang='lat' dir='ltr'><strong>qui</strong></span> <span class='ocrx_word' id='word_1_227' title='bbox 1005 3109 1169 3166; x_wconf 81' lang='lat' dir='ltr'><strong>fuerit</strong></span> <span class='ocrx_word' id='word_1_228' title='bbox 1201 3112 1291 3168; x_wconf 90' lang='lat' dir='ltr'><strong>ille</strong></span> <span class='ocrx_word' id='word_1_229' title='bbox 1323 3113 1417 3184; x_wconf 89' lang='lat' dir='ltr'><strong>qui</strong></span> <span class='ocrx_word' id='word_1_230' title='bbox 1467 3115 1698 3182; x_wconf 88' lang='lat' dir='ltr'><strong>steterit,</strong></span> <span class='ocrx_word' id='word_1_231' title='bbox 1736 3122 1790 3172; x_wconf 89' lang='lat' dir='ltr'><strong>et</strong></span> <span class='ocrx_word' id='word_1_232' title='bbox 1816 3117 1870 3172; x_wconf 93' lang='lat' dir='ltr'><strong>in</strong></span> <span class='ocrx_word' id='word_1_233' title='bbox 1897 3133 1995 3173; x_wconf 60' lang='lat' dir='ltr'><strong>cu:-</strong></span> 
     </span>
    </p>
   </div>
   <div class='ocr_carea' id='block_1_33' title="bbox 2104 631 3666 703">
    <p class='ocr_par' dir='ltr' id='par_1_33' title="bbox 2104 631 3666 703">
     <span class='ocr_line' id='line_1_33' title="bbox 2104 631 3666 703; baseline -0.003 -15"><span class='ocrx_word' id='word_1_234' title='bbox 2104 634 2250 703; x_wconf 88' lang='lat' dir='ltr'><strong>quod</strong></span> <span class='ocrx_word' id='word_1_235' title='bbox 2280 632 2355 687; x_wconf 88' lang='lat' dir='ltr'><strong>ait</strong></span> <span class='ocrx_word' id='word_1_236' title='bbox 2388 650 2402 685; x_wconf 90' lang='lat'><strong>:</strong></span> <span class='ocrx_word' id='word_1_237' title='bbox 2441 632 2573 688; x_wconf 81' lang='lat' dir='ltr'><strong>Ecce</strong></span> <span class='ocrx_word' id='word_1_238' title='bbox 2609 633 2695 686; x_wconf 83' lang='lat' dir='ltr'><strong>hic</strong></span> <span class='ocrx_word' id='word_1_239' title='bbox 2730 633 2935 702; x_wconf 78' lang='lat' dir='ltr'><strong>positus</strong></span> <span class='ocrx_word' id='word_1_240' title='bbox 2962 639 3040 685; x_wconf 80' lang='lat' dir='ltr'><strong>cst</strong></span> <span class='ocrx_word' id='word_1_241' title='bbox 3075 631 3130 685; x_wconf 89' lang='lat' dir='ltr'><strong>in</strong></span> <span class='ocrx_word' id='word_1_242' title='bbox 3156 631 3393 697; x_wconf 78' lang='lat' dir='ltr'><strong>ruinam,</strong></span> <span class='ocrx_word' id='word_1_243' title='bbox 3422 639 3474 684; x_wconf 84' lang='lat' dir='ltr'><strong>et</strong></span> <span class='ocrx_word' id='word_1_244' title='bbox 3512 631 3565 684; x_wconf 88' lang='lat' dir='ltr'><strong>in</strong></span> <span class='ocrx_word' id='word_1_245' title='bbox 3601 647 3666 684; x_wconf 74' lang='lat' dir='ltr'><strong>rs~</strong></span> 
     </span>
    </p>
   </div>
   <div class='ocr_carea' id='block_1_34' title="bbox 2103 721 3760 793">
    <p class='ocr_par' dir='ltr' id='par_1_34' title="bbox 2103 721 3760 793">
     <span class='ocr_line' id='line_1_34' title="bbox 2103 721 3760 793; baseline -0.001 -13"><span class='ocrx_word' id='word_1_246' title='bbox 2103 727 2481 781; x_wconf 75' lang='lat' dir='ltr'><strong>correctionem</strong></span> <span class='ocrx_word' id='word_1_247' title='bbox 2535 725 2825 779; x_wconf 77' lang='lat' dir='ltr'><strong>multorum</strong></span> <span class='ocrx_word' id='word_1_248' title='bbox 2867 725 2929 778; x_wconf 82' lang='lat' dir='ltr'><strong>in</strong></span> <span class='ocrx_word' id='word_1_249' title='bbox 2955 722 3152 779; x_wconf 76' lang='lat' dir='ltr'><strong>Israel.</strong></span> <span class='ocrx_word' id='word_1_250' title='bbox 3192 721 3279 778; x_wconf 74' lang='lat' dir='ltr'><strong>lle</strong></span> <span class='ocrx_word' id='word_1_251' title='bbox 3318 731 3534 793; x_wconf 86' lang='lat' dir='ltr'><strong>oportet</strong></span> <span class='ocrx_word' id='word_1_252' title='bbox 3571 723 3676 792; x_wconf 76' lang='lat' dir='ltr'><strong>pti-</strong></span> <span class='ocrx_word' id='word_1_253' title='bbox 3745 771 3760 793; x_wconf 87' lang='lat'><strong>_.</strong></span> 
     </span>
    </p>
   </div>
   <div class='ocr_carea' id='block_1_35' title="bbox 2104 814 3760 886">
    <p class='ocr_par' dir='ltr' id='par_1_35' title="bbox 2104 814 3760 886">
     <span class='ocr_line' id='line_1_35' title="bbox 2104 814 3760 886; baseline -0.005 -13"><span class='ocrx_word' id='word_1_254' title='bbox 2104 832 2253 873; x_wconf 89' lang='lat' dir='ltr'><strong>mum</strong></span> <span class='ocrx_word' id='word_1_255' title='bbox 2290 818 2514 881; x_wconf 85' lang='lat' dir='ltr'><strong>cadere,</strong></span> <span class='ocrx_word' id='word_1_256' title='bbox 2547 826 2755 872; x_wconf 89' lang='lat' dir='ltr'><strong>etcum</strong></span> <span class='ocrx_word' id='word_1_257' title='bbox 2790 816 3060 882; x_wconf 82' lang='lat' dir='ltr'><strong>cecidero,</strong></span> <span class='ocrx_word' id='word_1_258' title='bbox 3094 822 3285 886; x_wconf 80' lang='lat' dir='ltr'><strong>postea</strong></span> <span class='ocrx_word' id='word_1_259' title='bbox 3316 814 3456 869; x_wconf 83' lang='lat' dir='ltr'><strong>bene</strong></span> <span class='ocrx_word' id='word_1_260' title='bbox 3492 828 3682 868; x_wconf 84' lang='lat' dir='ltr'><strong>resur-</strong></span> <span class='ocrx_word' id='word_1_261' title='bbox 3746 827 3760 839; x_wconf 66' lang='grc' dir='ltr'><strong>ν</strong></span> 
     </span>
    </p>
   </div>
   <div class='ocr_carea' id='block_1_36' title="bbox 2101 904 3680 980">
    <p class='ocr_par' dir='ltr' id='par_1_36' title="bbox 2101 904 3680 980">
     <span class='ocr_line' id='line_1_36' title="bbox 2101 904 3680 980; baseline -0.005 -15"><span class='ocrx_word' id='word_1_262' title='bbox 2101 924 2258 980; x_wconf 89' lang='lat' dir='ltr'><strong>gere,</strong></span> <span class='ocrx_word' id='word_1_263' title='bbox 2311 923 2381 965; x_wconf 89' lang='lat' dir='ltr'><strong>ne</strong></span> <span class='ocrx_word' id='word_1_264' title='bbox 2419 906 2668 964; x_wconf 80' lang='lat' dir='ltr'><strong>Salvator</strong></span> <span class='ocrx_word' id='word_1_265' title='bbox 2717 922 2883 964; x_wconf 85' lang='lat' dir='ltr'><strong>causa</strong></span> <span class='ocrx_word' id='word_1_266' title='bbox 2921 906 3087 962; x_wconf 80' lang='lat' dir='ltr'><strong>fuerit</strong></span> <span class='ocrx_word' id='word_1_267' title='bbox 3127 905 3285 962; x_wconf 59' lang='lat' dir='ltr'><strong>male</strong></span> <span class='ocrx_word' id='word_1_268' title='bbox 3332 906 3542 972; x_wconf 56' lang='lat' dir='ltr'><strong>ruinas;</strong></span> <span class='ocrx_word' id='word_1_269' title='bbox 3586 904 3680 959; x_wconf 84' lang='lat' dir='ltr'><strong>sed</strong></span> 
     </span>
    </p>
   </div>
   <div class='ocr_carea' id='block_1_37' title="bbox 2099 996 3672 1072">
    <p class='ocr_par' dir='ltr' id='par_1_37' title="bbox 2099 996 3672 1072">
     <span class='ocr_line' id='line_1_37' title="bbox 2099 996 3672 1072; baseline -0.003 -19"><span class='ocrx_word' id='word_1_270' title='bbox 2099 1010 2384 1072; x_wconf 86' lang='lat' dir='ltr'><strong>propterea</strong></span> <span class='ocrx_word' id='word_1_271' title='bbox 2412 1000 2608 1056; x_wconf 86' lang='lat' dir='ltr'><strong>cadere</strong></span> <span class='ocrx_word' id='word_1_272' title='bbox 2642 1015 2731 1055; x_wconf 91' lang='lat' dir='ltr'><strong>me</strong></span> <span class='ocrx_word' id='word_1_273' title='bbox 2761 998 2909 1066; x_wconf 81' lang='lat' dir='ltr'><strong>fecit,</strong></span> <span class='ocrx_word' id='word_1_274' title='bbox 2944 1008 3003 1054; x_wconf 89' lang='lat' dir='ltr'><strong>ut</strong></span> <span class='ocrx_word' id='word_1_275' title='bbox 3025 1013 3377 1069; x_wconf 87' lang='lat' dir='ltr'><strong>consurgam,</strong></span> <span class='ocrx_word' id='word_1_276' title='bbox 3411 1002 3468 1052; x_wconf 77' lang='lat' dir='ltr'><strong>et</strong></span> <span class='ocrx_word' id='word_1_277' title='bbox 3496 996 3672 1052; x_wconf 89' lang='lat' dir='ltr'><strong>multo</strong></span> 
     </span>
    </p>
   </div>
   <div class='ocr_carea' id='block_1_38' title="bbox 2102 1089 3682 1160">
    <p class='ocr_par' dir='ltr' id='par_1_38' title="bbox 2102 1089 3682 1160">
     <span class='ocr_line' id='line_1_38' title="bbox 2102 1089 3682 1160; baseline -0.002 -15"><span class='ocrx_word' id='word_1_278' title='bbox 2102 1091 2236 1146; x_wconf 90' lang='lat' dir='ltr'><strong>mihi</strong></span> <span class='ocrx_word' id='word_1_279' title='bbox 2283 1091 2439 1146; x_wconf 89' lang='lat' dir='ltr'><strong>ruina</strong></span> <span class='ocrx_word' id='word_1_280' title='bbox 2487 1092 2675 1147; x_wconf 85' lang='lat' dir='ltr'><strong>utilior</strong></span> <span class='ocrx_word' id='word_1_281' title='bbox 2723 1089 2907 1157; x_wconf 79' lang='lat' dir='ltr'><strong>fuerit,</strong></span> <span class='ocrx_word' id='word_1_282' title='bbox 2953 1104 3117 1160; x_wconf 86' lang='lat' dir='ltr'><strong>quam</strong></span> <span class='ocrx_word' id='word_1_283' title='bbox 3161 1090 3295 1144; x_wconf 89' lang='lat' dir='ltr'><strong>illud</strong></span> <span class='ocrx_word' id='word_1_284' title='bbox 3328 1098 3545 1158; x_wconf 88' lang='lat' dir='ltr'><strong>tempus</strong></span> <span class='ocrx_word' id='word_1_285' title='bbox 3570 1104 3682 1158; x_wconf 89' lang='lat' dir='ltr'><strong>quo</strong></span> 
     </span>
    </p>
   </div>
   <div class='ocr_carea' id='block_1_39' title="bbox 2099 1180 3677 1252">
    <p class='ocr_par' dir='ltr' id='par_1_39' title="bbox 2099 1180 3677 1252">
     <span class='ocr_line' id='line_1_39' title="bbox 2099 1180 3677 1252; baseline -0.002 -15"><span class='ocrx_word' id='word_1_286' title='bbox 2099 1181 2325 1237; x_wconf 85' lang='lat' dir='ltr'><strong>videbar</strong></span> <span class='ocrx_word' id='word_1_287' title='bbox 2354 1191 2519 1237; x_wconf 89' lang='lat' dir='ltr'><strong>stare.</strong></span> <span class='ocrx_word' id='word_1_288' title='bbox 2554 1181 2780 1238; x_wconf 76' lang='lat' dir='ltr'><strong>Stabant</strong></span> <span class='ocrx_word' id='word_1_289' title='bbox 2806 1180 2953 1237; x_wconf 88' lang='lat' dir='ltr'><strong>enim</strong></span> <span class='ocrx_word' id='word_1_290' title='bbox 2984 1181 3041 1235; x_wconf 91' lang='lat' dir='ltr'><strong>in</strong></span> <span class='ocrx_word' id='word_1_291' title='bbox 3067 1188 3293 1252; x_wconf 80' lang='lat' dir='ltr'><strong>peccato</strong></span> <span class='ocrx_word' id='word_1_292' title='bbox 3318 1194 3385 1235; x_wconf 87' lang='lat' dir='ltr'><strong>eo</strong></span> <span class='ocrx_word' id='word_1_293' title='bbox 3414 1190 3677 1249; x_wconf 84' lang='lat' dir='ltr'><strong>tempore,</strong></span> 
     </span>
    </p>
   </div>
   <div class='ocr_carea' id='block_1_40' title="bbox 2099 1273 3677 1346">
    <p class='ocr_par' dir='ltr' id='par_1_40' title="bbox 2099 1273 3677 1346">
     <span class='ocr_line' id='line_1_40' title="bbox 2099 1273 3677 1346; baseline -0.002 -16"><span class='ocrx_word' id='word_1_294' title='bbox 2099 1290 2211 1346; x_wconf 88' lang='lat' dir='ltr'><strong>quo</strong></span> <span class='ocrx_word' id='word_1_295' title='bbox 2249 1283 2479 1346; x_wconf 87' lang='lat' dir='ltr'><strong>peccato</strong></span> <span class='ocrx_word' id='word_1_296' title='bbox 2520 1276 2768 1332; x_wconf 84' lang='lat' dir='ltr'><strong>vivebam</strong></span> <span class='ocrx_word' id='word_1_297' title='bbox 2819 1290 2835 1328; x_wconf 86' lang='lat'><strong>:</strong></span> <span class='ocrx_word' id='word_1_298' title='bbox 2884 1283 2939 1331; x_wconf 90' lang='lat' dir='ltr'><strong>et</strong></span> <span class='ocrx_word' id='word_1_299' title='bbox 2984 1274 3114 1345; x_wconf 84' lang='lat' dir='ltr'><strong>quia</strong></span> <span class='ocrx_word' id='word_1_300' title='bbox 3164 1282 3388 1345; x_wconf 86' lang='lat' dir='ltr'><strong>peccato</strong></span> <span class='ocrx_word' id='word_1_301' title='bbox 3443 1273 3677 1337; x_wconf 85' lang='lat' dir='ltr'><strong>stabam,</strong></span> 
     </span>
    </p>
   </div>
   <div class='ocr_carea' id='block_1_41' title="bbox 2098 1367 3681 1438">
    <p class='ocr_par' dir='ltr' id='par_1_41' title="bbox 2098 1367 3681 1438">
     <span class='ocr_line' id='line_1_41' title="bbox 2098 1367 3681 1438; baseline -0.001 -16"><span class='ocrx_word' id='word_1_302' title='bbox 2098 1368 2275 1438; x_wconf 89' lang='lat' dir='ltr'><strong>prima</strong></span> <span class='ocrx_word' id='word_1_303' title='bbox 2317 1367 2451 1423; x_wconf 87' lang='lat' dir='ltr'><strong>mihi</strong></span> <span class='ocrx_word' id='word_1_304' title='bbox 2503 1368 2711 1424; x_wconf 84' lang='lat' dir='ltr'><strong>utilitas</strong></span> <span class='ocrx_word' id='word_1_305' title='bbox 2763 1367 2867 1423; x_wconf 80' lang='lat' dir='ltr'><strong>fuit</strong></span> <span class='ocrx_word' id='word_1_306' title='bbox 2913 1375 2977 1423; x_wconf 89' lang='lat' dir='ltr'><strong>ut</strong></span> <span class='ocrx_word' id='word_1_307' title='bbox 3025 1368 3302 1434; x_wconf 85' lang='lat' dir='ltr'><strong>caderem,</strong></span> <span class='ocrx_word' id='word_1_308' title='bbox 3352 1374 3409 1422; x_wconf 86' lang='lat' dir='ltr'><strong>et</strong></span> <span class='ocrx_word' id='word_1_309' title='bbox 3457 1375 3681 1436; x_wconf 87' lang='lat' dir='ltr'><strong>peccato</strong></span> 
     </span>
    </p>
   </div>
   <div class='ocr_carea' id='block_1_42' title="bbox 2099 1461 3679 1534">
    <p class='ocr_par' dir='ltr' id='par_1_42' title="bbox 2099 1461 3679 1534">
     <span class='ocr_line' id='line_1_42' title="bbox 2099 1461 3679 1534; baseline -0.004 -16"><span class='ocrx_word' id='word_1_310' title='bbox 2099 1478 2364 1520; x_wconf 87' lang='lat' dir='ltr'><strong>morerer.</strong></span> <span class='ocrx_word' id='word_1_311' title='bbox 2406 1462 2651 1534; x_wconf 87' lang='lat' dir='ltr'><strong>Denique</strong></span> <span class='ocrx_word' id='word_1_312' title='bbox 2680 1474 2738 1519; x_wconf 90' lang='lat' dir='ltr'><strong>et</strong></span> <span class='ocrx_word' id='word_1_313' title='bbox 2772 1463 2945 1519; x_wconf 86' lang='lat' dir='ltr'><strong>sancti</strong></span> <span class='ocrx_word' id='word_1_314' title='bbox 2985 1461 3286 1532; x_wconf 69' lang='lat' dir='ltr'><strong>prophetat,</strong></span> <span class='ocrx_word' id='word_1_315' title='bbox 3318 1461 3537 1530; x_wconf 87' lang='lat' dir='ltr'><strong>quando</strong></span> <span class='ocrx_word' id='word_1_316' title='bbox 3580 1476 3679 1515; x_wconf 88' lang='lat' dir='ltr'><strong>au-</strong></span> 
     </span>
    </p>
   </div>
   <div class='ocr_carea' id='block_1_43' title="bbox 2099 1552 3681 1628">
    <p class='ocr_par' dir='ltr' id='par_1_43' title="bbox 2099 1552 3681 1628">
     <span class='ocr_line' id='line_1_43' title="bbox 2099 1552 3681 1628; baseline -0.003 -17"><span class='ocrx_word' id='word_1_317' title='bbox 2099 1558 2312 1628; x_wconf 85' lang='lat' dir='ltr'><strong>gustius</strong></span> <span class='ocrx_word' id='word_1_318' title='bbox 2356 1556 2562 1628; x_wconf 85' lang='lat' dir='ltr'><strong>aliquid</strong></span> <span class='ocrx_word' id='word_1_319' title='bbox 2599 1556 3143 1626; x_wconf 83' lang='lat' dir='ltr'><strong>contemplabantur,</strong></span> <span class='ocrx_word' id='word_1_320' title='bbox 3189 1553 3460 1611; x_wconf 86' lang='lat' dir='ltr'><strong>cadebant</strong></span> <span class='ocrx_word' id='word_1_321' title='bbox 3502 1552 3556 1607; x_wconf 89' lang='lat' dir='ltr'><strong>in</strong></span> <span class='ocrx_word' id='word_1_322' title='bbox 3600 1552 3681 1607; x_wconf 86' lang='lat' dir='ltr'><strong>l‘a—</strong></span> 
     </span>
    </p>
   </div>
   <div class='ocr_carea' id='block_1_44' title="bbox 2098 1642 3679 1715">
    <p class='ocr_par' dir='ltr' id='par_1_44' title="bbox 2098 1642 3679 1715">
     <span class='ocr_line' id='line_1_44' title="bbox 2098 1642 3679 1715; baseline -0.003 -14"><span class='ocrx_word' id='word_1_323' title='bbox 2098 1646 2236 1703; x_wconf 87' lang='lat' dir='ltr'><strong>ciem</strong></span> <span class='ocrx_word' id='word_1_324' title='bbox 2291 1661 2471 1703; x_wconf 89' lang='lat' dir='ltr'><strong>suam.</strong></span> <span class='ocrx_word' id='word_1_325' title='bbox 2523 1646 2814 1715; x_wconf 85' lang='lat' dir='ltr'><strong>Propterea</strong></span> <span class='ocrx_word' id='word_1_326' title='bbox 2839 1652 3023 1700; x_wconf 86' lang='lat' dir='ltr'><strong>autem</strong></span> <span class='ocrx_word' id='word_1_327' title='bbox 3053 1642 3340 1707; x_wconf 84' lang='lat' dir='ltr'><strong>cadebant,</strong></span> <span class='ocrx_word' id='word_1_328' title='bbox 3373 1650 3433 1698; x_wconf 92' lang='lat' dir='ltr'><strong>ut</strong></span> <span class='ocrx_word' id='word_1_329' title='bbox 3458 1651 3679 1713; x_wconf 80' lang='lat' dir='ltr'><strong>peccata</strong></span> 
     </span>
    </p>
   </div>
   <div class='ocr_carea' id='block_1_45' title="bbox 2099 1732 3682 1808">
    <p class='ocr_par' dir='ltr' id='par_1_45' title="bbox 2099 1732 3682 1808">
     <span class='ocr_line' id='line_1_45' title="bbox 2099 1732 3682 1808; baseline -0.002 -16"><span class='ocrx_word' id='word_1_330' title='bbox 2099 1752 2197 1807; x_wconf 90' lang='lat' dir='ltr'><strong>per</strong></span> <span class='ocrx_word' id='word_1_331' title='bbox 2221 1737 2435 1792; x_wconf 83' lang='lat' dir='ltr'><strong>ruinam</strong></span> <span class='ocrx_word' id='word_1_332' title='bbox 2464 1736 2681 1808; x_wconf 85' lang='lat' dir='ltr'><strong>plenius</strong></span> <span class='ocrx_word' id='word_1_333' title='bbox 2707 1743 3095 1807; x_wconf 86' lang='lat' dir='ltr'><strong>purgarentur.</strong></span> <span class='ocrx_word' id='word_1_334' title='bbox 3123 1733 3238 1790; x_wconf 83' lang='lat' dir='ltr'><strong>Hoc</strong></span> <span class='ocrx_word' id='word_1_335' title='bbox 3272 1734 3451 1805; x_wconf 90' lang='lat' dir='ltr'><strong>ipsum</strong></span> <span class='ocrx_word' id='word_1_336' title='bbox 3481 1742 3537 1789; x_wconf 87' lang='lat' dir='ltr'><strong>et</strong></span> <span class='ocrx_word' id='word_1_337' title='bbox 3558 1732 3682 1789; x_wconf 85' lang='lat' dir='ltr'><strong>Sal-</strong></span> 
     </span>
    </p>
   </div>
   <div class='ocr_carea' id='block_1_46' title="bbox 2099 1822 3682 1899">
    <p class='ocr_par' dir='ltr' id='par_1_46' title="bbox 2099 1822 3682 1899">
     <span class='ocr_line' id='line_1_46' title="bbox 2099 1822 3682 1899; baseline -0.003 -16"><span class='ocrx_word' id='word_1_338' title='bbox 2099 1836 2254 1884; x_wconf 81' lang='lat' dir='ltr'><strong>vator</strong></span> <span class='ocrx_word' id='word_1_339' title='bbox 2288 1828 2385 1883; x_wconf 89' lang='lat' dir='ltr'><strong>tibi</strong></span> <span class='ocrx_word' id='word_1_340' title='bbox 2413 1827 2651 1899; x_wconf 82' lang='lat' dir='ltr'><strong>primum</strong></span> <span class='ocrx_word' id='word_1_341' title='bbox 2700 1826 2972 1892; x_wconf 83' lang='lat' dir='ltr'><strong>concedit,</strong></span> <span class='ocrx_word' id='word_1_342' title='bbox 3003 1834 3064 1879; x_wconf 87' lang='lat' dir='ltr'><strong>ut</strong></span> <span class='ocrx_word' id='word_1_343' title='bbox 3111 1838 3364 1882; x_wconf 86' lang='lat' dir='ltr'><strong>corruas.</strong></span> <span class='ocrx_word' id='word_1_344' title='bbox 3414 1822 3682 1879; x_wconf 83' lang='lat' dir='ltr'><strong>Ethnieus</strong></span> 
     </span>
    </p>
   </div>
   <div class='ocr_carea' id='block_1_47' title="bbox 2099 1913 3683 1987">
    <p class='ocr_par' dir='ltr' id='par_1_47' title="bbox 2099 1913 3683 1987">
     <span class='ocr_line' id='line_1_47' title="bbox 2099 1913 3683 1987; baseline -0.004 -13"><span class='ocrx_word' id='word_1_345' title='bbox 2099 1933 2247 1984; x_wconf 87' lang='lat' dir='ltr'><strong>eras,</strong></span> <span class='ocrx_word' id='word_1_346' title='bbox 2273 1918 2436 1974; x_wconf 84' lang='lat' dir='ltr'><strong>cadat</strong></span> <span class='ocrx_word' id='word_1_347' title='bbox 2464 1919 2518 1974; x_wconf 92' lang='lat' dir='ltr'><strong>in</strong></span> <span class='ocrx_word' id='word_1_348' title='bbox 2538 1926 2591 1973; x_wconf 88' lang='lat' dir='ltr'><strong>te</strong></span> <span class='ocrx_word' id='word_1_349' title='bbox 2620 1917 2878 1973; x_wconf 86' lang='lat' dir='ltr'><strong>ethnicus</strong></span> <span class='ocrx_word' id='word_1_350' title='bbox 2906 1935 2922 1972; x_wconf 89' lang='lat'><strong>:</strong></span> <span class='ocrx_word' id='word_1_351' title='bbox 2954 1915 3224 1987; x_wconf 73' lang='lat' dir='ltr'><strong>diligebas</strong></span> <span class='ocrx_word' id='word_1_352' title='bbox 3270 1922 3536 1980; x_wconf 84' lang='lat' dir='ltr'><strong>scortum,</strong></span> <span class='ocrx_word' id='word_1_353' title='bbox 3570 1913 3683 1983; x_wconf 76' lang='lat' dir='ltr'><strong>pri-</strong></span> 
     </span>
    </p>
   </div>
   <div class='ocr_carea' id='block_1_48' title="bbox 2099 2004 3683 2078">
    <p class='ocr_par' dir='ltr' id='par_1_48' title="bbox 2099 2004 3683 2078">
     <span class='ocr_line' id='line_1_48' title="bbox 2099 2004 3683 2078; baseline -0.004 -12"><span class='ocrx_word' id='word_1_354' title='bbox 2099 2024 2250 2066; x_wconf 90' lang='lat' dir='ltr'><strong>mum</strong></span> <span class='ocrx_word' id='word_1_355' title='bbox 2295 2011 2348 2065; x_wconf 92' lang='lat' dir='ltr'><strong>in</strong></span> <span class='ocrx_word' id='word_1_356' title='bbox 2389 2020 2442 2066; x_wconf 88' lang='lat' dir='ltr'><strong>te</strong></span> <span class='ocrx_word' id='word_1_357' title='bbox 2471 2018 2713 2066; x_wconf 82' lang='lat' dir='ltr'><strong>scortum</strong></span> <span class='ocrx_word' id='word_1_358' title='bbox 2748 2009 2981 2064; x_wconf 74' lang='lat' dir='ltr'><strong>intereat</strong></span> <span class='ocrx_word' id='word_1_359' title='bbox 3012 2024 3027 2061; x_wconf 89' lang='lat'><strong>:</strong></span> <span class='ocrx_word' id='word_1_360' title='bbox 3062 2015 3318 2078; x_wconf 86' lang='lat' dir='ltr'><strong>peccator</strong></span> <span class='ocrx_word' id='word_1_361' title='bbox 3342 2021 3489 2069; x_wconf 85' lang='lat' dir='ltr'><strong>eras,</strong></span> <span class='ocrx_word' id='word_1_362' title='bbox 3521 2004 3683 2061; x_wconf 87' lang='lat' dir='ltr'><strong>cadat</strong></span> 
     </span>
    </p>
   </div>
   <div class='ocr_carea' id='block_1_49' title="bbox 2098 2095 3682 2172">
    <p class='ocr_par' dir='ltr' id='par_1_49' title="bbox 2098 2095 3682 2172">
     <span class='ocr_line' id='line_1_49' title="bbox 2098 2095 3682 2172; baseline -0.004 -16"><span class='ocrx_word' id='word_1_363' title='bbox 2098 2102 2155 2156; x_wconf 86' lang='lat' dir='ltr'><strong>in</strong></span> <span class='ocrx_word' id='word_1_364' title='bbox 2202 2110 2256 2157; x_wconf 91' lang='lat' dir='ltr'><strong>te</strong></span> <span class='ocrx_word' id='word_1_365' title='bbox 2295 2109 2569 2172; x_wconf 70' lang='lat' dir='ltr'><strong>peccator,</strong></span> <span class='ocrx_word' id='word_1_366' title='bbox 2615 2109 2676 2156; x_wconf 86' lang='lat' dir='ltr'><strong>ut</strong></span> <span class='ocrx_word' id='word_1_367' title='bbox 2716 2100 2897 2170; x_wconf 87' lang='lat' dir='ltr'><strong>pessis</strong></span> <span class='ocrx_word' id='word_1_368' title='bbox 2941 2098 3140 2155; x_wconf 84' lang='lat' dir='ltr'><strong>dehinc</strong></span> <span class='ocrx_word' id='word_1_369' title='bbox 3181 2111 3466 2168; x_wconf 86' lang='lat' dir='ltr'><strong>resurgere</strong></span> <span class='ocrx_word' id='word_1_370' title='bbox 3503 2104 3563 2150; x_wconf 90' lang='lat' dir='ltr'><strong>et</strong></span> <span class='ocrx_word' id='word_1_371' title='bbox 3595 2095 3682 2150; x_wconf 82' lang='lat' dir='ltr'><strong>di-</strong></span> 
     </span>
    </p>
   </div>
   <div class='ocr_carea' id='block_1_50' title="bbox 2097 2184 3682 2257">
    <p class='ocr_par' dir='ltr' id='par_1_50' title="bbox 2097 2184 3682 2257">
     <span class='ocr_line' id='line_1_50' title="bbox 2097 2184 3682 2257; baseline -0.007 -6"><span class='ocrx_word' id='word_1_372' title='bbox 2097 2208 2223 2251; x_wconf 85' lang='lat' dir='ltr'><strong>cere</strong></span> <span class='ocrx_word' id='word_1_373' title='bbox 2261 2209 2275 2246; x_wconf 87' lang='lat'><strong>:</strong></span> <span class='ocrx_word' id='word_1_374' title='bbox 2317 2191 2378 2249; x_wconf 87' lang='lat' dir='ltr'><strong>Si</strong></span> <span class='ocrx_word' id='word_1_375' title='bbox 2412 2192 2731 2247; x_wconf 85' lang='lat' dir='ltr'><strong>commortui</strong></span> <span class='ocrx_word' id='word_1_376' title='bbox 2767 2208 2988 2257; x_wconf 76' lang='lat' dir='ltr'><strong>sumus,</strong></span> <span class='ocrx_word' id='word_1_377' title='bbox 3025 2199 3073 2245; x_wconf 86' lang='lat' dir='ltr'><strong>et</strong></span> <span class='ocrx_word' id='word_1_378' title='bbox 3116 2190 3449 2245; x_wconf 75' lang='lat' dir='ltr'><strong>convivemus</strong></span> <span class='ocrx_word' id='word_1_379' title='bbox 3481 2204 3500 2243; x_wconf 89' lang='lat'><strong><em>:</em></strong></span> <span class='ocrx_word' id='word_1_380' title='bbox 3538 2198 3589 2242; x_wconf 75' lang='lat' dir='ltr'><strong>et</strong></span> <span class='ocrx_word' id='word_1_381' title='bbox 3633 2184 3682 2241; x_wconf 85' lang='lat' dir='ltr'><strong>si</strong></span> 
     </span>
    </p>
   </div>
   <div class='ocr_carea' id='block_1_51' title="bbox 2097 2277 3680 2356">
    <p class='ocr_par' dir='ltr' id='par_1_51' title="bbox 2097 2277 3680 2356">
     <span class='ocr_line' id='line_1_51' title="bbox 2097 2277 3680 2356; baseline -0.004 -15"><span class='ocrx_word' id='word_1_382' title='bbox 2097 2287 2283 2341; x_wconf 83' lang='lat' dir='ltr'><strong>mortis</strong></span> <span class='ocrx_word' id='word_1_383' title='bbox 2320 2286 2637 2356; x_wconf 80' lang='lat' dir='ltr'><strong>conformes,</strong></span> <span class='ocrx_word' id='word_1_384' title='bbox 2671 2284 2832 2340; x_wconf 83' lang='lat' dir='ltr'><strong>simul</strong></span> <span class='ocrx_word' id='word_1_385' title='bbox 2868 2293 2917 2338; x_wconf 86' lang='lat' dir='ltr'><strong>et</strong></span> <span class='ocrx_word' id='word_1_386' title='bbox 2947 2280 3349 2337; x_wconf 81' lang='lat' dir='ltr'><strong>resurrectionis</strong></span> <span class='ocrx_word' id='word_1_387' title='bbox 3384 2278 3583 2333; x_wconf 82' lang='lat' dir='ltr'><strong>erimus</strong></span> <span class='ocrx_word' id='word_1_388' title='bbox 3612 2277 3680 2334; x_wconf 81' lang='lat'><strong>&quot;.</strong></span> 
     </span>
    </p>
   </div>
   <div class='ocr_carea' id='block_1_52' title="bbox 2097 2369 3683 2448">
    <p class='ocr_par' dir='ltr' id='par_1_52' title="bbox 2097 2369 3683 2448">
     <span class='ocr_line' id='line_1_52' title="bbox 2097 2369 3683 2448; baseline -0.005 -17"><span class='ocrx_word' id='word_1_389' title='bbox 2097 2379 2205 2434; x_wconf 87' lang='lat' dir='ltr'><strong>Iste</strong></span> <span class='ocrx_word' id='word_1_390' title='bbox 2233 2377 2398 2448; x_wconf 88' lang='lat' dir='ltr'><strong>igitur</strong></span> <span class='ocrx_word' id='word_1_391' title='bbox 2428 2377 2484 2433; x_wconf 93' lang='lat' dir='ltr'><strong>in</strong></span> <span class='ocrx_word' id='word_1_392' title='bbox 2526 2378 2741 2431; x_wconf 87' lang='lat' dir='ltr'><strong>ruinam</strong></span> <span class='ocrx_word' id='word_1_393' title='bbox 2781 2384 2836 2431; x_wconf 90' lang='lat' dir='ltr'><strong>et</strong></span> <span class='ocrx_word' id='word_1_394' title='bbox 2885 2376 2940 2430; x_wconf 93' lang='lat' dir='ltr'><strong>in</strong></span> <span class='ocrx_word' id='word_1_395' title='bbox 2975 2372 3434 2431; x_wconf 83' lang='lat' dir='ltr'><strong>resurrectionem</strong></span> <span class='ocrx_word' id='word_1_396' title='bbox 3478 2369 3683 2425; x_wconf 87' lang='lat' dir='ltr'><strong>multo-</strong></span> 
     </span>
    </p>
   </div>
   <div class='ocr_carea' id='block_1_53' title="bbox 2096 2462 3682 2542">
    <p class='ocr_par' dir='ltr' id='par_1_53' title="bbox 2096 2462 3682 2542">
     <span class='ocr_line' id='line_1_53' title="bbox 2096 2462 3682 2542; baseline -0.005 -17"><span class='ocrx_word' id='word_1_397' title='bbox 2096 2486 2219 2525; x_wconf 88' lang='lat' dir='ltr'><strong>rum</strong></span> <span class='ocrx_word' id='word_1_398' title='bbox 2256 2471 2468 2542; x_wconf 89' lang='lat' dir='ltr'><strong>positus</strong></span> <span class='ocrx_word' id='word_1_399' title='bbox 2496 2476 2583 2524; x_wconf 91' lang='lat' dir='ltr'><strong>est</strong></span> <span class='ocrx_word' id='word_1_400' title='bbox 2613 2469 2668 2522; x_wconf 91' lang='lat' dir='ltr'><strong>in</strong></span> <span class='ocrx_word' id='word_1_401' title='bbox 2695 2468 2885 2534; x_wconf 85' lang='lat' dir='ltr'><strong>lsrael,</strong></span> <span class='ocrx_word' id='word_1_402' title='bbox 2915 2468 3020 2523; x_wconf 88' lang='lat' dir='ltr'><strong>hoc</strong></span> <span class='ocrx_word' id='word_1_403' title='bbox 3049 2474 3155 2530; x_wconf 88' lang='lat' dir='ltr'><strong>est,</strong></span> <span class='ocrx_word' id='word_1_404' title='bbox 3192 2465 3246 2519; x_wconf 91' lang='lat' dir='ltr'><strong>in</strong></span> <span class='ocrx_word' id='word_1_405' title='bbox 3279 2464 3366 2519; x_wconf 89' lang='lat' dir='ltr'><strong>his</strong></span> <span class='ocrx_word' id='word_1_406' title='bbox 3398 2462 3493 2534; x_wconf 87' lang='lat' dir='ltr'><strong>qui</strong></span> <span class='ocrx_word' id='word_1_407' title='bbox 3526 2462 3682 2532; x_wconf 86' lang='lat' dir='ltr'><strong>plena</strong></span> 
     </span>
    </p>
   </div>
   <div class='ocr_carea' id='block_1_54' title="bbox 2097 2555 3683 2632">
    <p class='ocr_par' dir='ltr' id='par_1_54' title="bbox 2097 2555 3683 2632">
     <span class='ocr_line' id='line_1_54' title="bbox 2097 2555 3683 2632; baseline -0.006 -15"><span class='ocrx_word' id='word_1_408' title='bbox 2097 2570 2331 2632; x_wconf 88' lang='lat' dir='ltr'><strong>possunt</strong></span> <span class='ocrx_word' id='word_1_409' title='bbox 2367 2561 2485 2617; x_wconf 88' lang='lat' dir='ltr'><strong>acie</strong></span> <span class='ocrx_word' id='word_1_410' title='bbox 2520 2569 2576 2617; x_wconf 90' lang='lat' dir='ltr'><strong>et</strong></span> <span class='ocrx_word' id='word_1_411' title='bbox 2623 2561 2835 2616; x_wconf 88' lang='lat' dir='ltr'><strong>ratione</strong></span> <span class='ocrx_word' id='word_1_412' title='bbox 2879 2558 3220 2630; x_wconf 87' lang='lat' dir='ltr'><strong>conspicere.</strong></span> <span class='ocrx_word' id='word_1_413' title='bbox 3268 2555 3336 2610; x_wconf 86' lang='lat' dir='ltr'><strong>Et</strong></span> <span class='ocrx_word' id='word_1_414' title='bbox 3378 2556 3437 2609; x_wconf 85' lang='lat' dir='ltr'><strong>in</strong></span> <span class='ocrx_word' id='word_1_415' title='bbox 3475 2556 3683 2625; x_wconf 84' lang='lat' dir='ltr'><strong>signum</strong></span> 
     </span>
    </p>
   </div>
   <div class='ocr_carea' id='block_1_55' title="bbox 2097 2645 3679 2720">
    <p class='ocr_par' dir='ltr' id='par_1_55' title="bbox 2097 2645 3679 2720">
     <span class='ocr_line' id='line_1_55' title="bbox 2097 2645 3679 2720; baseline -0.008 -11"><span class='ocrx_word' id='word_1_416' title='bbox 2097 2656 2184 2709; x_wconf 85' lang='lat' dir='ltr'><strong>cui</strong></span> <span class='ocrx_word' id='word_1_417' title='bbox 2231 2654 2648 2710; x_wconf 83' lang='lat' dir='ltr'><strong>contradicetur.</strong></span> <span class='ocrx_word' id='word_1_418' title='bbox 2712 2652 2982 2708; x_wconf 86' lang='lat' dir='ltr'><strong>Omnibus</strong></span> <span class='ocrx_word' id='word_1_419' title='bbox 3045 2664 3170 2720; x_wconf 68' lang='lat' dir='ltr'><strong>quae</strong></span> <span class='ocrx_word' id='word_1_420' title='bbox 3214 2656 3407 2704; x_wconf 88' lang='lat' dir='ltr'><strong>narrat</strong></span> <span class='ocrx_word' id='word_1_421' title='bbox 3451 2645 3679 2702; x_wconf 74' lang='lat' dir='ltr'><strong>bistOrin</strong></span> 
     </span>
    </p>
   </div>
   <div class='ocr_carea' id='block_1_56' title="bbox 2095 2734 3681 2810">
    <p class='ocr_par' dir='ltr' id='par_1_56' title="bbox 2095 2734 3681 2810">
     <span class='ocr_line' id='line_1_56' title="bbox 2095 2734 3681 2810; baseline -0.006 -11"><span class='ocrx_word' id='word_1_422' title='bbox 2095 2745 2163 2799; x_wconf 89' lang='lat' dir='ltr'><strong>de</strong></span> <span class='ocrx_word' id='word_1_423' title='bbox 2195 2745 2513 2808; x_wconf 89' lang='lat' dir='ltr'><strong>Salvatorc,</strong></span> <span class='ocrx_word' id='word_1_424' title='bbox 2556 2742 2973 2807; x_wconf 77' lang='lat' dir='ltr'><strong>contradicitur.</strong></span> <span class='ocrx_word' id='word_1_425' title='bbox 3027 2739 3196 2810; x_wconf 78' lang='lat' dir='ltr'><strong>Virgo</strong></span> <span class='ocrx_word' id='word_1_426' title='bbox 3229 2747 3405 2793; x_wconf 86' lang='lat' dir='ltr'><strong>mater</strong></span> <span class='ocrx_word' id='word_1_427' title='bbox 3442 2743 3549 2800; x_wconf 87' lang='lat' dir='ltr'><strong>est,</strong></span> <span class='ocrx_word' id='word_1_428' title='bbox 3591 2734 3681 2791; x_wconf 90' lang='lat' dir='ltr'><strong>cui</strong></span> 
     </span>
    </p>
   </div>
   <div class='ocr_carea' id='block_1_57' title="bbox 2097 2828 3683 2899">
    <p class='ocr_par' dir='ltr' id='par_1_57' title="bbox 2097 2828 3683 2899">
     <span class='ocr_line' id='line_1_57' title="bbox 2097 2828 3683 2899; baseline -0.008 -6"><span class='ocrx_word' id='word_1_429' title='bbox 2097 2837 2511 2893; x_wconf 87' lang='lat' dir='ltr'><strong>contradicitur.</strong></span> <span class='ocrx_word' id='word_1_430' title='bbox 2547 2834 2890 2890; x_wconf 68' lang='lat' dir='ltr'><strong>Marcionitae</strong></span> <span class='ocrx_word' id='word_1_431' title='bbox 2921 2831 3308 2888; x_wconf 90' lang='lat' dir='ltr'><strong>contradicunt</strong></span> <span class='ocrx_word' id='word_1_432' title='bbox 3340 2829 3469 2884; x_wconf 86' lang='lat' dir='ltr'><strong>huic</strong></span> <span class='ocrx_word' id='word_1_433' title='bbox 3503 2828 3683 2899; x_wconf 81' lang='lat' dir='ltr'><strong>signo,</strong></span> 
     </span>
    </p>
   </div>
   <div class='ocr_carea' id='block_1_58' title="bbox 2095 2924 3683 2997">
    <p class='ocr_par' dir='ltr' id='par_1_58' title="bbox 2095 2924 3683 2997">
     <span class='ocr_line' id='line_1_58' title="bbox 2095 2924 3683 2997; baseline -0.006 -15"><span class='ocrx_word' id='word_1_434' title='bbox 2095 2937 2150 2982; x_wconf 89' lang='lat' dir='ltr'><strong>et</strong></span> <span class='ocrx_word' id='word_1_435' title='bbox 2183 2927 2357 2994; x_wconf 84' lang='lat' dir='ltr'><strong>aiunt,</strong></span> <span class='ocrx_word' id='word_1_436' title='bbox 2384 2926 2603 2997; x_wconf 85' lang='lat' dir='ltr'><strong>penitus</strong></span> <span class='ocrx_word' id='word_1_437' title='bbox 2631 2940 2756 2980; x_wconf 89' lang='lat' dir='ltr'><strong>eum</strong></span> <span class='ocrx_word' id='word_1_438' title='bbox 2787 2925 2855 2980; x_wconf 90' lang='lat' dir='ltr'><strong>de</strong></span> <span class='ocrx_word' id='word_1_439' title='bbox 2883 2924 3115 2978; x_wconf 89' lang='lat' dir='ltr'><strong>muliere</strong></span> <span class='ocrx_word' id='word_1_440' title='bbox 3165 2937 3275 2976; x_wconf 91' lang='lat' dir='ltr'><strong>non</strong></span> <span class='ocrx_word' id='word_1_441' title='bbox 3307 2936 3430 2978; x_wconf 90' lang='lat' dir='ltr'><strong>esse</strong></span> <span class='ocrx_word' id='word_1_442' title='bbox 3456 2933 3683 2992; x_wconf 85' lang='lat' dir='ltr'><strong>genera-</strong></span> 
     </span>
    </p>
   </div>
   <div class='ocr_carea' id='block_1_59' title="bbox 2098 3011 3682 3085">
    <p class='ocr_par' dir='ltr' id='par_1_59' title="bbox 2098 3011 3682 3085">
     <span class='ocr_line' id='line_1_59' title="bbox 2098 3011 3682 3085; baseline -0.005 -12"><span class='ocrx_word' id='word_1_443' title='bbox 2098 3026 2235 3073; x_wconf 88' lang='lat' dir='ltr'><strong>tum.</strong></span> <span class='ocrx_word' id='word_1_444' title='bbox 2273 3017 2540 3073; x_wconf 72' lang='lat' dir='ltr'><strong>Ehionita:</strong></span> <span class='ocrx_word' id='word_1_445' title='bbox 2571 3015 2950 3072; x_wconf 81' lang='lat' dir='ltr'><strong>contradicunt</strong></span> <span class='ocrx_word' id='word_1_446' title='bbox 2985 3013 3163 3085; x_wconf 78' lang='lat' dir='ltr'><strong>signo,</strong></span> <span class='ocrx_word' id='word_1_447' title='bbox 3189 3014 3436 3070; x_wconf 87' lang='lat' dir='ltr'><strong>dicentes</strong></span> <span class='ocrx_word' id='word_1_448' title='bbox 3467 3027 3536 3067; x_wconf 83' lang='lat' dir='ltr'><strong>ex</strong></span> <span class='ocrx_word' id='word_1_449' title='bbox 3562 3011 3682 3067; x_wconf 83' lang='lat' dir='ltr'><strong>viro</strong></span> 
     </span>
    </p>
   </div>
   <div class='ocr_carea' id='block_1_60' title="bbox 2095 3104 3678 3176">
    <p class='ocr_par' dir='ltr' id='par_1_60' title="bbox 2095 3104 3678 3176">
     <span class='ocr_line' id='line_1_60' title="bbox 2095 3104 3678 3176; baseline -0.008 -10"><span class='ocrx_word' id='word_1_450' title='bbox 2095 3120 2151 3167; x_wconf 91' lang='lat' dir='ltr'><strong>et</strong></span> <span class='ocrx_word' id='word_1_451' title='bbox 2173 3110 2402 3165; x_wconf 89' lang='lat' dir='ltr'><strong>muliere</strong></span> <span class='ocrx_word' id='word_1_452' title='bbox 2438 3110 2511 3165; x_wconf 85' lang='lat' dir='ltr'><strong>ita</strong></span> <span class='ocrx_word' id='word_1_453' title='bbox 2540 3119 2728 3163; x_wconf 87' lang='lat' dir='ltr'><strong>natum</strong></span> <span class='ocrx_word' id='word_1_454' title='bbox 2755 3122 2898 3172; x_wconf 84' lang='lat' dir='ltr'><strong>esse,</strong></span> <span class='ocrx_word' id='word_1_455' title='bbox 2924 3116 2982 3161; x_wconf 91' lang='lat' dir='ltr'><strong>ut</strong></span> <span class='ocrx_word' id='word_1_456' title='bbox 3006 3121 3107 3161; x_wconf 93' lang='lat' dir='ltr'><strong>nos</strong></span> <span class='ocrx_word' id='word_1_457' title='bbox 3129 3120 3348 3176; x_wconf 88' lang='lat' dir='ltr'><strong>quoque</strong></span> <span class='ocrx_word' id='word_1_458' title='bbox 3379 3104 3678 3160; x_wconf 85' lang='lat' dir='ltr'><strong>nascimur.</strong></span> 
     </span>
    </p>
   </div>
   <div class='ocr_carea' id='block_1_61' title="bbox 400 3195 1995 3295">
    <p class='ocr_par' dir='ltr' id='par_1_61' title="bbox 400 3195 1991 3280">
     <span class='ocr_line' id='line_1_61' title="bbox 400 3195 1991 3280; baseline 0.011 -33"><span class='ocrx_word' id='word_1_459' title='bbox 400 3195 492 3265; x_wconf 83' lang='lat' dir='ltr'><strong>jus</strong></span> <span class='ocrx_word' id='word_1_460' title='bbox 515 3196 730 3252; x_wconf 86' lang='lat' dir='ltr'><strong>ruinam</strong></span> <span class='ocrx_word' id='word_1_461' title='bbox 765 3198 1018 3255; x_wconf 82' lang='lat' dir='ltr'><strong>Salvator</strong></span> <span class='ocrx_word' id='word_1_462' title='bbox 1061 3204 1363 3270; x_wconf 89' lang='lat' dir='ltr'><strong>advenerit,</strong></span> <span class='ocrx_word' id='word_1_463' title='bbox 1396 3220 1609 3261; x_wconf 85' lang='lat' dir='ltr'><strong>necnon</strong></span> <span class='ocrx_word' id='word_1_464' title='bbox 1639 3215 1694 3262; x_wconf 90' lang='lat' dir='ltr'><strong>et</strong></span> <span class='ocrx_word' id='word_1_465' title='bbox 1739 3224 1866 3264; x_wconf 90' lang='lat' dir='ltr'><strong>cum</strong></span> <span class='ocrx_word' id='word_1_466' title='bbox 1898 3210 1991 3280; x_wconf 85' lang='lat' dir='ltr'><strong>qui</strong></span> 
     </span>
    </p>
   </div>
   <div class='ocr_carea' id='block_1_62' title="bbox 2097 3195 3680 3295">
    <p class='ocr_par' dir='ltr' id='par_1_62' title="bbox 2099 3196 3680 3269">
     <span class='ocr_line' id='line_1_62' title="bbox 2099 3196 3680 3269; baseline -0.003 -15"><span class='ocrx_word' id='word_1_467' title='bbox 2099 3199 2300 3257; x_wconf 88' lang='lat' dir='ltr'><strong>Habuit</strong></span> <span class='ocrx_word' id='word_1_468' title='bbox 2345 3215 2546 3269; x_wconf 84' lang='lat' dir='ltr'><strong>corpus</strong></span> <span class='ocrx_word' id='word_1_469' title='bbox 2584 3200 2907 3266; x_wconf 88' lang='lat' dir='ltr'><strong>humanum,</strong></span> <span class='ocrx_word' id='word_1_470' title='bbox 2950 3207 3004 3254; x_wconf 89' lang='lat' dir='ltr'><strong>et</strong></span> <span class='ocrx_word' id='word_1_471' title='bbox 3047 3199 3150 3254; x_wconf 90' lang='lat' dir='ltr'><strong>hoc</strong></span> <span class='ocrx_word' id='word_1_472' title='bbox 3195 3199 3411 3269; x_wconf 82' lang='lat' dir='ltr'><strong>signum</strong></span> <span class='ocrx_word' id='word_1_473' title='bbox 3456 3206 3543 3254; x_wconf 88' lang='lat' dir='ltr'><strong>est</strong></span> <span class='ocrx_word' id='word_1_474' title='bbox 3592 3196 3680 3252; x_wconf 90' lang='lat' dir='ltr'><strong>cui</strong></span> 
     </span>
    </p>
   </div>
   <div class='ocr_carea' id='block_1_63' title="bbox 404 3288 1990 3370">
    <p class='ocr_par' dir='ltr' id='par_1_63' title="bbox 404 3288 1990 3370">
     <span class='ocr_line' id='line_1_63' title="bbox 404 3288 1990 3370; baseline 0.011 -30"><span class='ocrx_word' id='word_1_475' title='bbox 404 3295 717 3359; x_wconf 81' lang='lat' dir='ltr'><strong>consurgat.</strong></span> <span class='ocrx_word' id='word_1_476' title='bbox 779 3288 914 3345; x_wconf 78' lang='lat' dir='ltr'><strong>Nam</strong></span> <span class='ocrx_word' id='word_1_477' title='bbox 964 3292 1155 3363; x_wconf 85' lang='lat' dir='ltr'><strong>utique</strong></span> <span class='ocrx_word' id='word_1_478' title='bbox 1199 3294 1291 3351; x_wconf 89' lang='lat' dir='ltr'><strong>ille</strong></span> <span class='ocrx_word' id='word_1_479' title='bbox 1345 3299 1654 3369; x_wconf 84' lang='lat' dir='ltr'><strong>consurgit,</strong></span> <span class='ocrx_word' id='word_1_480' title='bbox 1682 3300 1778 3370; x_wconf 89' lang='lat' dir='ltr'><strong>qui</strong></span> <span class='ocrx_word' id='word_1_481' title='bbox 1827 3309 1990 3357; x_wconf 85' lang='lat' dir='ltr'><strong>antea</strong></span> 
     </span>
    </p>
   </div>
   <div class='ocr_carea' id='block_1_64' title="bbox 402 3380 1994 3460">
    <p class='ocr_par' dir='ltr' id='par_1_64' title="bbox 402 3380 1994 3460">
     <span class='ocr_line' id='line_1_64' title="bbox 402 3380 1994 3460; baseline 0.01 -27"><span class='ocrx_word' id='word_1_482' title='bbox 402 3389 710 3435; x_wconf 84' lang='lat' dir='ltr'><strong>corruerat.</strong></span> <span class='ocrx_word' id='word_1_483' title='bbox 771 3380 1076 3438; x_wconf 79' lang='lat' dir='ltr'><strong>Videndum</strong></span> <span class='ocrx_word' id='word_1_484' title='bbox 1128 3395 1212 3440; x_wconf 79' lang='lat' dir='ltr'><strong>est</strong></span> <span class='ocrx_word' id='word_1_485' title='bbox 1265 3386 1478 3457; x_wconf 77' lang='lat' dir='ltr'><strong>utique,</strong></span> <span class='ocrx_word' id='word_1_486' title='bbox 1529 3388 1695 3460; x_wconf 72' lang='lat'><strong>952</strong></span> <span class='ocrx_word' id='word_1_487' title='bbox 1728 3404 1797 3447; x_wconf 79' lang='lat' dir='ltr'><strong>ue.</strong></span> <span class='ocrx_word' id='word_1_488' title='bbox 1853 3389 1994 3450; x_wconf 77' lang='lat' dir='ltr'><strong>forte</strong></span> 
     </span>
    </p>
   </div>
   <div class='ocr_carea' id='block_1_65' title="bbox 407 3462 1994 3543">
    <p class='ocr_par' dir='ltr' id='par_1_65' title="bbox 407 3462 1994 3543">
     <span class='ocr_line' id='line_1_65' title="bbox 407 3462 1994 3543; baseline 0.008 -21"><span class='ocrx_word' id='word_1_489' title='bbox 407 3462 661 3524; x_wconf 81' lang='lat' dir='ltr'><strong>Salvator</strong></span> <span class='ocrx_word' id='word_1_490' title='bbox 688 3482 795 3527; x_wconf 89' lang='lat' dir='ltr'><strong>non</strong></span> <span class='ocrx_word' id='word_1_491' title='bbox 820 3472 944 3527; x_wconf 87' lang='lat' dir='ltr'><strong>aliis</strong></span> <span class='ocrx_word' id='word_1_492' title='bbox 972 3480 1138 3543; x_wconf 86' lang='lat' dir='ltr'><strong>atque</strong></span> <span class='ocrx_word' id='word_1_493' title='bbox 1161 3473 1286 3530; x_wconf 88' lang='lat' dir='ltr'><strong>aliis</strong></span> <span class='ocrx_word' id='word_1_494' title='bbox 1340 3474 1395 3530; x_wconf 89' lang='lat' dir='ltr'><strong>in</strong></span> <span class='ocrx_word' id='word_1_495' title='bbox 1441 3476 1659 3531; x_wconf 84' lang='lat' dir='ltr'><strong>ruinam</strong></span> <span class='ocrx_word' id='word_1_496' title='bbox 1694 3480 1907 3534; x_wconf 84' lang='lat' dir='ltr'><strong>venerit</strong></span> <span class='ocrx_word' id='word_1_497' title='bbox 1940 3490 1994 3535; x_wconf 89' lang='lat' dir='ltr'><strong>et</strong></span> 
     </span>
    </p>
   </div>
   <div class='ocr_carea' id='block_1_66' title="bbox 402 3560 1990 3631">
    <p class='ocr_par' dir='ltr' id='par_1_66' title="bbox 402 3560 1990 3631">
     <span class='ocr_line' id='line_1_66' title="bbox 402 3560 1990 3631; baseline 0.006 -17"><span class='ocrx_word' id='word_1_498' title='bbox 402 3560 863 3616; x_wconf 80' lang='lat' dir='ltr'><strong>resurrectionem</strong></span> <span class='ocrx_word' id='word_1_499' title='bbox 889 3562 1210 3631; x_wconf 89' lang='lat' dir='ltr'><strong>multorum,</strong></span> <span class='ocrx_word' id='word_1_500' title='bbox 1234 3564 1330 3621; x_wconf 80' lang='lat' dir='ltr'><strong>sed</strong></span> <span class='ocrx_word' id='word_1_501' title='bbox 1350 3565 1541 3621; x_wconf 88' lang='lat' dir='ltr'><strong>iisdem</strong></span> <span class='ocrx_word' id='word_1_502' title='bbox 1577 3574 1632 3622; x_wconf 88' lang='lat' dir='ltr'><strong>et</strong></span> <span class='ocrx_word' id='word_1_503' title='bbox 1671 3567 1725 3622; x_wconf 92' lang='lat' dir='ltr'><strong>in</strong></span> <span class='ocrx_word' id='word_1_504' title='bbox 1770 3569 1990 3625; x_wconf 84' lang='lat' dir='ltr'><strong>ruinam</strong></span> 
     </span>
    </p>
   </div>
   <div class='ocr_carea' id='block_1_67' title="bbox 399 3652 1988 3731">
    <p class='ocr_par' dir='ltr' id='par_1_67' title="bbox 399 3652 1988 3731">
     <span class='ocr_line' id='line_1_67' title="bbox 399 3652 1988 3731; baseline 0.005 -24"><span class='ocrx_word' id='word_1_505' title='bbox 399 3660 456 3707; x_wconf 85' lang='lat' dir='ltr'><strong>et</strong></span> <span class='ocrx_word' id='word_1_506' title='bbox 482 3652 534 3706; x_wconf 92' lang='lat' dir='ltr'><strong>iu</strong></span> <span class='ocrx_word' id='word_1_507' title='bbox 568 3655 1027 3710; x_wconf 86' lang='lat' dir='ltr'><strong>resurrectionem</strong></span> <span class='ocrx_word' id='word_1_508' title='bbox 1050 3656 1282 3711; x_wconf 86' lang='lat' dir='ltr'><strong>venerit.</strong></span> <span class='ocrx_word' id='word_1_509' title='bbox 1323 3655 1389 3711; x_wconf 90' lang='lat' dir='ltr'><strong>In</strong></span> <span class='ocrx_word' id='word_1_510' title='bbox 1405 3657 1700 3728; x_wconf 80' lang='lat' dir='ltr'><strong>judicium.</strong></span> <span class='ocrx_word' id='word_1_511' title='bbox 1737 3661 1838 3725; x_wconf 83' lang='lat' dir='ltr'><strong>ait,</strong></span> <span class='ocrx_word' id='word_1_512' title='bbox 1890 3676 1988 3731; x_wconf 79' lang='lat' dir='ltr'><strong>ego</strong></span> 
     </span>
    </p>
   </div>
   <div class='ocr_carea' id='block_1_68' title="bbox 399 3746 1990 3821">
    <p class='ocr_par' dir='ltr' id='par_1_68' title="bbox 399 3746 1990 3821">
     <span class='ocr_line' id='line_1_68' title="bbox 399 3746 1990 3821; baseline 0.005 -22"><span class='ocrx_word' id='word_1_513' title='bbox 399 3748 537 3802; x_wconf 77' lang='lat' dir='ltr'><strong>ueni.</strong></span> <span class='ocrx_word' id='word_1_514' title='bbox 566 3754 624 3800; x_wconf 87' lang='lat' dir='ltr'><strong>ut</strong></span> <span class='ocrx_word' id='word_1_515' title='bbox 649 3746 741 3817; x_wconf 76' lang='lat' dir='ltr'><strong>qni</strong></span> <span class='ocrx_word' id='word_1_516' title='bbox 768 3760 871 3801; x_wconf 86' lang='lat' dir='ltr'><strong>non</strong></span> <span class='ocrx_word' id='word_1_517' title='bbox 913 3747 1161 3802; x_wconf 73' lang='lat' dir='ltr'><strong>ridebant</strong></span> <span class='ocrx_word' id='word_1_518' title='bbox 1210 3748 1452 3814; x_wconf 80' lang='lat' dir='ltr'><strong>uideant,</strong></span> <span class='ocrx_word' id='word_1_519' title='bbox 1502 3758 1553 3804; x_wconf 81' lang='lat' dir='ltr'><strong>et</strong></span> <span class='ocrx_word' id='word_1_520' title='bbox 1598 3751 1689 3821; x_wconf 75' lang='grc' dir='ltr'><strong>ιμῐὶ</strong></span> <span class='ocrx_word' id='word_1_521' title='bbox 1743 3751 1990 3807; x_wconf 83' lang='lat' dir='ltr'><strong>videbant</strong></span> 
     </span>
    </p>
   </div>
   <div class='ocr_carea' id='block_1_69' title="bbox 400 3837 1989 3913">
    <p class='ocr_par' dir='ltr' id='par_1_69' title="bbox 400 3837 1989 3913">
     <span class='ocr_line' id='line_1_69' title="bbox 400 3837 1989 3913; baseline 0.004 -21"><span class='ocrx_word' id='word_1_522' title='bbox 400 3838 529 3892; x_wconf 69' lang='lat' dir='ltr'><strong>caeci</strong></span> <span class='ocrx_word' id='word_1_523' title='bbox 569 3838 708 3907; x_wconf 77' lang='lat' dir='ltr'><strong>ﬁant</strong></span> <span class='ocrx_word' id='word_1_524' title='bbox 758 3838 825 3894; x_wconf 79' lang='lat'><strong>“.</strong></span> <span class='ocrx_word' id='word_1_525' title='bbox 885 3837 983 3894; x_wconf 85' lang='lat' dir='ltr'><strong>Est</strong></span> <span class='ocrx_word' id='word_1_526' title='bbox 1033 3838 1179 3895; x_wconf 83' lang='lat' dir='ltr'><strong>enim</strong></span> <span class='ocrx_word' id='word_1_527' title='bbox 1244 3840 1299 3894; x_wconf 87' lang='lat' dir='ltr'><strong>in</strong></span> <span class='ocrx_word' id='word_1_528' title='bbox 1366 3840 1525 3897; x_wconf 86' lang='lat' dir='ltr'><strong>nobis</strong></span> <span class='ocrx_word' id='word_1_529' title='bbox 1572 3842 1718 3913; x_wconf 89' lang='lat' dir='ltr'><strong>quod</strong></span> <span class='ocrx_word' id='word_1_530' title='bbox 1772 3840 1989 3903; x_wconf 82' lang='lat' dir='ltr'><strong>videbat</strong></span> 
     </span>
    </p>
   </div>
   <div class='ocr_carea' id='block_1_70' title="bbox 398 3929 1987 4007">
    <p class='ocr_par' dir='ltr' id='par_1_70' title="bbox 398 3929 1987 4007">
     <span class='ocr_line' id='line_1_70' title="bbox 398 3929 1987 4007; baseline 0.007 -24"><span class='ocrx_word' id='word_1_531' title='bbox 398 3929 577 4000; x_wconf 88' lang='lat' dir='ltr'><strong>prius,</strong></span> <span class='ocrx_word' id='word_1_532' title='bbox 608 3939 664 3985; x_wconf 90' lang='lat' dir='ltr'><strong>et</strong></span> <span class='ocrx_word' id='word_1_533' title='bbox 695 3940 884 4001; x_wconf 84' lang='lat' dir='ltr'><strong>postea</strong></span> <span class='ocrx_word' id='word_1_534' title='bbox 916 3932 1101 3987; x_wconf 84' lang='lat' dir='ltr'><strong>videre</strong></span> <span class='ocrx_word' id='word_1_535' title='bbox 1130 3932 1369 3989; x_wconf 87' lang='lat' dir='ltr'><strong>desivit:</strong></span> <span class='ocrx_word' id='word_1_536' title='bbox 1433 3942 1489 3990; x_wconf 89' lang='lat' dir='ltr'><strong>et</strong></span> <span class='ocrx_word' id='word_1_537' title='bbox 1517 3935 1665 3991; x_wconf 90' lang='lat' dir='ltr'><strong>aliud</strong></span> <span class='ocrx_word' id='word_1_538' title='bbox 1697 3938 1843 4007; x_wconf 90' lang='lat' dir='ltr'><strong>quod</strong></span> <span class='ocrx_word' id='word_1_539' title='bbox 1880 3953 1987 3994; x_wconf 87' lang='lat' dir='ltr'><strong>non</strong></span> 
     </span>
    </p>
   </div>
   <div class='ocr_carea' id='block_1_71' title="bbox 401 4010 1986 4099">
    <p class='ocr_par' dir='ltr' id='par_1_71' title="bbox 401 4010 1986 4099">
     <span class='ocr_line' id='line_1_71' title="bbox 401 4010 1986 4099; baseline 0.006 -23"><span class='ocrx_word' id='word_1_540' title='bbox 401 4023 641 4088; x_wconf 76' lang='lat' dir='ltr'><strong>videbat,</strong></span> <span class='ocrx_word' id='word_1_541' title='bbox 696 4030 752 4077; x_wconf 87' lang='lat' dir='ltr'><strong>et</strong></span> <span class='ocrx_word' id='word_1_542' title='bbox 803 4014 994 4093; x_wconf 73' lang='lat' dir='ltr'><strong>postea</strong></span> <span class='ocrx_word' id='word_1_543' title='bbox 1051 4024 1218 4095; x_wconf 77' lang='lat' dir='ltr'><strong>coepit</strong></span> <span class='ocrx_word' id='word_1_544' title='bbox 1270 4010 1477 4081; x_wconf 78' lang='lat' dir='ltr'><strong>videre.</strong></span> <span class='ocrx_word' id='word_1_545' title='bbox 1545 4025 1708 4082; x_wconf 80' lang='lat' dir='ltr'><strong>Verbi</strong></span> <span class='ocrx_word' id='word_1_546' title='bbox 1760 4031 1986 4099; x_wconf 81' lang='lat' dir='ltr'><strong>gratia:</strong></span> 
     </span>
    </p>
   </div>
   <div class='ocr_carea' id='block_1_72' title="bbox 405 4112 1986 4192">
    <p class='ocr_par' dir='ltr' id='par_1_72' title="bbox 405 4112 1986 4192">
     <span class='ocr_line' id='line_1_72' title="bbox 405 4112 1986 4192; baseline 0.007 -25"><span class='ocrx_word' id='word_1_547' title='bbox 405 4112 542 4169; x_wconf 79' lang='lat' dir='ltr'><strong>Volo</strong></span> <span class='ocrx_word' id='word_1_548' title='bbox 589 4113 772 4192; x_wconf 76' lang='lat' dir='ltr'><strong>videre</strong></span> <span class='ocrx_word' id='word_1_549' title='bbox 817 4114 926 4171; x_wconf 88' lang='lat' dir='ltr'><strong>illis</strong></span> <span class='ocrx_word' id='word_1_550' title='bbox 982 4112 1180 4185; x_wconf 85' lang='lat' dir='ltr'><strong>oculis,</strong></span> <span class='ocrx_word' id='word_1_551' title='bbox 1234 4116 1436 4188; x_wconf 82' lang='lat' dir='ltr'><strong>quibus</strong></span> <span class='ocrx_word' id='word_1_552' title='bbox 1475 4126 1635 4174; x_wconf 87' lang='lat' dir='ltr'><strong>antea</strong></span> <span class='ocrx_word' id='word_1_553' title='bbox 1672 4134 1779 4174; x_wconf 93' lang='lat' dir='ltr'><strong>nou</strong></span> <span class='ocrx_word' id='word_1_554' title='bbox 1834 4121 1986 4178; x_wconf 89' lang='lat' dir='ltr'><strong>vide-</strong></span> 
     </span>
    </p>
   </div>
   <div class='ocr_carea' id='block_1_73' title="bbox 399 4204 1990 4282">
    <p class='ocr_par' dir='ltr' id='par_1_73' title="bbox 399 4204 1990 4282">
     <span class='ocr_line' id='line_1_73' title="bbox 399 4204 1990 4282; baseline 0.004 -20"><span class='ocrx_word' id='word_1_555' title='bbox 399 4206 551 4271; x_wconf 88' lang='lat' dir='ltr'><strong>bam,</strong></span> <span class='ocrx_word' id='word_1_556' title='bbox 585 4217 639 4262; x_wconf 88' lang='lat' dir='ltr'><strong>et</strong></span> <span class='ocrx_word' id='word_1_557' title='bbox 676 4207 770 4278; x_wconf 90' lang='lat' dir='ltr'><strong>qui</strong></span> <span class='ocrx_word' id='word_1_558' title='bbox 802 4204 936 4262; x_wconf 82' lang='lat' dir='ltr'><strong>mihi</strong></span> <span class='ocrx_word' id='word_1_559' title='bbox 991 4216 1176 4280; x_wconf 87' lang='lat' dir='ltr'><strong>postea</strong></span> <span class='ocrx_word' id='word_1_560' title='bbox 1225 4210 1454 4266; x_wconf 85' lang='lat' dir='ltr'><strong>reserati</strong></span> <span class='ocrx_word' id='word_1_561' title='bbox 1509 4220 1666 4279; x_wconf 89' lang='lat' dir='ltr'><strong>sunt,</strong></span> <span class='ocrx_word' id='word_1_562' title='bbox 1730 4214 1990 4282; x_wconf 89' lang='lat' dir='ltr'><strong>quoniam</strong></span> 
     </span>
    </p>
   </div>
   <div class='ocr_carea' id='block_1_74' title="bbox 2097 3287 3683 3356">
    <p class='ocr_par' dir='ltr' id='par_1_74' title="bbox 2097 3287 3683 3356">
     <span class='ocr_line' id='line_1_74' title="bbox 2097 3287 3683 3356; baseline -0.004 -8"><span class='ocrx_word' id='word_1_563' title='bbox 2097 3291 2513 3348; x_wconf 87' lang='lat' dir='ltr'><strong>contradicitur.</strong></span> <span class='ocrx_word' id='word_1_564' title='bbox 2564 3289 2675 3344; x_wconf 88' lang='lat' dir='ltr'><strong>Alii</strong></span> <span class='ocrx_word' id='word_1_565' title='bbox 2732 3288 2878 3345; x_wconf 90' lang='lat' dir='ltr'><strong>enim</strong></span> <span class='ocrx_word' id='word_1_566' title='bbox 2936 3288 3147 3356; x_wconf 90' lang='lat' dir='ltr'><strong>dicunt,</strong></span> <span class='ocrx_word' id='word_1_567' title='bbox 3199 3303 3322 3344; x_wconf 89' lang='lat' dir='ltr'><strong>eum</strong></span> <span class='ocrx_word' id='word_1_568' title='bbox 3361 3287 3574 3342; x_wconf 80' lang='lat' dir='ltr'><strong>venisse</strong></span> <span class='ocrx_word' id='word_1_569' title='bbox 3615 3287 3683 3342; x_wconf 87' lang='lat' dir='ltr'><strong>de</strong></span> 
     </span>
    </p>
   </div>
   <div class='ocr_carea' id='block_1_75' title="bbox 2094 3379 3684 3456">
    <p class='ocr_par' dir='ltr' id='par_1_75' title="bbox 2094 3379 3684 3456">
     <span class='ocr_line' id='line_1_75' title="bbox 2094 3379 3684 3456; baseline -0.007 -13"><span class='ocrx_word' id='word_1_570' title='bbox 2094 3386 2251 3443; x_wconf 65' lang='lat' dir='ltr'><strong>caelis</strong></span> <span class='ocrx_word' id='word_1_571' title='bbox 2274 3383 2385 3456; x_wconf 70' lang='grc'><strong>(46)</strong></span> <span class='ocrx_word' id='word_1_572' title='bbox 2414 3402 2428 3437; x_wconf 87' lang='lat'><strong>:</strong></span> <span class='ocrx_word' id='word_1_573' title='bbox 2461 3382 2575 3447; x_wconf 87' lang='lat' dir='ltr'><strong>alii,</strong></span> <span class='ocrx_word' id='word_1_574' title='bbox 2612 3382 2719 3437; x_wconf 88' lang='lat' dir='ltr'><strong>tale</strong></span> <span class='ocrx_word' id='word_1_575' title='bbox 2747 3380 2909 3451; x_wconf 89' lang='lat' dir='ltr'><strong>quale</strong></span> <span class='ocrx_word' id='word_1_576' title='bbox 2949 3396 3051 3435; x_wconf 91' lang='lat' dir='ltr'><strong>nos</strong></span> <span class='ocrx_word' id='word_1_577' title='bbox 3081 3396 3281 3450; x_wconf 88' lang='lat' dir='ltr'><strong>corpus</strong></span> <span class='ocrx_word' id='word_1_578' title='bbox 3313 3379 3592 3446; x_wconf 80' lang='lat' dir='ltr'><strong>habuisse,</strong></span> <span class='ocrx_word' id='word_1_579' title='bbox 3621 3388 3684 3435; x_wconf 83' lang='grc' dir='ltr'><strong>ιιι</strong></span> 
     </span>
    </p>
   </div>
   <div class='ocr_carea' id='block_1_76' title="bbox 2094 3472 3682 3549">
    <p class='ocr_par' dir='ltr' id='par_1_76' title="bbox 2094 3472 3682 3549">
     <span class='ocr_line' id='line_1_76' title="bbox 2094 3472 3682 3549; baseline -0.003 -17"><span class='ocrx_word' id='word_1_580' title='bbox 2094 3494 2194 3549; x_wconf 87' lang='lat' dir='ltr'><strong>per</strong></span> <span class='ocrx_word' id='word_1_581' title='bbox 2241 3475 2654 3532; x_wconf 87' lang='lat' dir='ltr'><strong>similitudinem</strong></span> <span class='ocrx_word' id='word_1_582' title='bbox 2706 3472 2958 3541; x_wconf 88' lang='lat' dir='ltr'><strong>corporis</strong></span> <span class='ocrx_word' id='word_1_583' title='bbox 3001 3473 3167 3527; x_wconf 88' lang='lat' dir='ltr'><strong>etiam</strong></span> <span class='ocrx_word' id='word_1_584' title='bbox 3214 3480 3403 3527; x_wconf 81' lang='lat' dir='ltr'><strong>nostra</strong></span> <span class='ocrx_word' id='word_1_585' title='bbox 3446 3487 3682 3542; x_wconf 83' lang='lat' dir='ltr'><strong>corpora</strong></span> 
     </span>
    </p>
   </div>
   <div class='ocr_carea' id='block_1_77' title="bbox 2096 3564 3683 3637">
    <p class='ocr_par' dir='ltr' id='par_1_77' title="bbox 2096 3564 3683 3637">
     <span class='ocr_line' id='line_1_77' title="bbox 2096 3564 3683 3637; baseline -0.003 -13"><span class='ocrx_word' id='word_1_586' title='bbox 2096 3570 2390 3625; x_wconf 87' lang='lat' dir='ltr'><strong>redimeret</strong></span> <span class='ocrx_word' id='word_1_587' title='bbox 2420 3583 2451 3623; x_wconf 91' lang='lat' dir='ltr'><strong>a</strong></span> <span class='ocrx_word' id='word_1_588' title='bbox 2486 3565 2744 3637; x_wconf 86' lang='lat' dir='ltr'><strong>peccatis,</strong></span> <span class='ocrx_word' id='word_1_589' title='bbox 2777 3573 2832 3620; x_wconf 82' lang='lat' dir='ltr'><strong>et</strong></span> <span class='ocrx_word' id='word_1_590' title='bbox 2857 3565 3013 3619; x_wconf 88' lang='lat' dir='ltr'><strong>daret</strong></span> <span class='ocrx_word' id='word_1_591' title='bbox 3050 3564 3210 3621; x_wconf 88' lang='lat' dir='ltr'><strong>nobis</strong></span> <span class='ocrx_word' id='word_1_592' title='bbox 3241 3579 3396 3636; x_wconf 88' lang='lat' dir='ltr'><strong>spem</strong></span> <span class='ocrx_word' id='word_1_593' title='bbox 3435 3578 3683 3620; x_wconf 80' lang='lat' dir='ltr'><strong>resurre-</strong></span> 
     </span>
    </p>
   </div>
   <div class='ocr_carea' id='block_1_78' title="bbox 2095 3652 3685 3724">
    <p class='ocr_par' dir='ltr' id='par_1_78' title="bbox 2095 3652 3685 3724">
     <span class='ocr_line' id='line_1_78' title="bbox 2095 3652 3685 3724; baseline -0.004 -8"><span class='ocrx_word' id='word_1_594' title='bbox 2095 3658 2318 3716; x_wconf 83' lang='lat' dir='ltr'><strong>ctionis.</strong></span> <span class='ocrx_word' id='word_1_595' title='bbox 2356 3656 2680 3713; x_wconf 80' lang='lat' dir='ltr'><strong>Besurrexit</strong></span> <span class='ocrx_word' id='word_1_596' title='bbox 2722 3670 2753 3710; x_wconf 89' lang='lat' dir='ltr'><strong>a</strong></span> <span class='ocrx_word' id='word_1_597' title='bbox 2786 3652 3140 3710; x_wconf 90' lang='lat' dir='ltr'><strong>mortuis:et</strong></span> <span class='ocrx_word' id='word_1_598' title='bbox 3181 3654 3287 3710; x_wconf 86' lang='lat' dir='ltr'><strong>hoc</strong></span> <span class='ocrx_word' id='word_1_599' title='bbox 3329 3654 3550 3724; x_wconf 84' lang='lat' dir='ltr'><strong>signum</strong></span> <span class='ocrx_word' id='word_1_600' title='bbox 3599 3661 3685 3710; x_wconf 76' lang='lat' dir='ltr'><strong>est</strong></span> 
     </span>
    </p>
   </div>
   <div class='ocr_carea' id='block_1_79' title="bbox 2098 3747 3680 3819">
    <p class='ocr_par' dir='ltr' id='par_1_79' title="bbox 2098 3747 3680 3819">
     <span class='ocr_line' id='line_1_79' title="bbox 2098 3747 3680 3819; baseline -0.004 -11"><span class='ocrx_word' id='word_1_601' title='bbox 2098 3752 2188 3809; x_wconf 91' lang='lat' dir='ltr'><strong>cui</strong></span> <span class='ocrx_word' id='word_1_602' title='bbox 2239 3749 2657 3811; x_wconf 87' lang='lat' dir='ltr'><strong>contradicitur,</strong></span> <span class='ocrx_word' id='word_1_603' title='bbox 2711 3748 2989 3819; x_wconf 90' lang='lat' dir='ltr'><strong>quomodo</strong></span> <span class='ocrx_word' id='word_1_604' title='bbox 3040 3747 3360 3814; x_wconf 81' lang='lat' dir='ltr'><strong>resurrexit,</strong></span> <span class='ocrx_word' id='word_1_605' title='bbox 3400 3754 3455 3803; x_wconf 83' lang='lat' dir='ltr'><strong>ct</strong></span> <span class='ocrx_word' id='word_1_606' title='bbox 3499 3755 3680 3802; x_wconf 69' lang='lat' dir='ltr'><strong>utrum</strong></span> 
     </span>
    </p>
   </div>
   <div class='ocr_carea' id='block_1_80' title="bbox 2097 3840 3685 3917">
    <p class='ocr_par' dir='ltr' id='par_1_80' title="bbox 2097 3840 3685 3917">
     <span class='ocr_line' id='line_1_80' title="bbox 2097 3840 3685 3917; baseline -0.005 -16"><span class='ocrx_word' id='word_1_607' title='bbox 2097 3846 2234 3917; x_wconf 88' lang='lat' dir='ltr'><strong>ipse,</strong></span> <span class='ocrx_word' id='word_1_608' title='bbox 2265 3853 2320 3900; x_wconf 90' lang='lat' dir='ltr'><strong>et</strong></span> <span class='ocrx_word' id='word_1_609' title='bbox 2346 3844 2469 3899; x_wconf 90' lang='lat' dir='ltr'><strong>talis</strong></span> <span class='ocrx_word' id='word_1_610' title='bbox 2492 3843 2672 3914; x_wconf 85' lang='lat' dir='ltr'><strong>qualis</strong></span> <span class='ocrx_word' id='word_1_611' title='bbox 2704 3850 2955 3897; x_wconf 88' lang='lat' dir='ltr'><strong>mortuus</strong></span> <span class='ocrx_word' id='word_1_612' title='bbox 2982 3849 3088 3905; x_wconf 88' lang='lat' dir='ltr'><strong>est,</strong></span> <span class='ocrx_word' id='word_1_613' title='bbox 3120 3855 3189 3895; x_wconf 91' lang='lat' dir='ltr'><strong>an</strong></span> <span class='ocrx_word' id='word_1_614' title='bbox 3221 3849 3370 3895; x_wconf 86' lang='lat' dir='ltr'><strong>certe</strong></span> <span class='ocrx_word' id='word_1_615' title='bbox 3398 3840 3454 3896; x_wconf 90' lang='lat' dir='ltr'><strong>in</strong></span> <span class='ocrx_word' id='word_1_616' title='bbox 3493 3841 3685 3896; x_wconf 79' lang='lat' dir='ltr'><strong>melio-</strong></span> 
     </span>
    </p>
   </div>
   <div class='ocr_carea' id='block_1_81' title="bbox 2094 3931 3680 4004">
    <p class='ocr_par' dir='ltr' id='par_1_81' title="bbox 2094 3931 3680 4004">
     <span class='ocr_line' id='line_1_81' title="bbox 2094 3931 3680 4004; baseline -0.002 -11"><span class='ocrx_word' id='word_1_617' title='bbox 2094 3939 2172 3994; x_wconf 87' lang='lat' dir='ltr'><strong>ris</strong></span> <span class='ocrx_word' id='word_1_618' title='bbox 2209 3937 2528 3993; x_wconf 74' lang='lat' dir='ltr'><strong>substantire</strong></span> <span class='ocrx_word' id='word_1_619' title='bbox 2575 3949 2777 4004; x_wconf 90' lang='lat' dir='ltr'><strong>corpus</strong></span> <span class='ocrx_word' id='word_1_620' title='bbox 2822 3931 3204 3988; x_wconf 73' lang='lat' dir='ltr'><strong>resurrexerit.</strong></span> <span class='ocrx_word' id='word_1_621' title='bbox 3244 3931 3313 3986; x_wconf 88' lang='lat' dir='ltr'><strong>Et</strong></span> <span class='ocrx_word' id='word_1_622' title='bbox 3350 3944 3434 3988; x_wconf 77' lang='lat' dir='ltr'><strong>est</strong></span> <span class='ocrx_word' id='word_1_623' title='bbox 3468 3933 3680 3991; x_wconf 75' lang='lat' dir='ltr'><strong>inﬁnita</strong></span> 
     </span>
    </p>
   </div>
   <div class='ocr_carea' id='block_1_82' title="bbox 2096 4023 3679 4091">
    <p class='ocr_par' dir='ltr' id='par_1_82' title="bbox 2096 4023 3679 4091">
     <span class='ocr_line' id='line_1_82' title="bbox 2096 4023 3679 4091; baseline -0.003 -6"><span class='ocrx_word' id='word_1_624' title='bbox 2096 4029 2376 4085; x_wconf 82' lang='lat' dir='ltr'><strong>contentio</strong></span> <span class='ocrx_word' id='word_1_625' title='bbox 2438 4046 2452 4084; x_wconf 88' lang='lat'><strong>:</strong></span> <span class='ocrx_word' id='word_1_626' title='bbox 2512 4027 2638 4085; x_wconf 87' lang='lat' dir='ltr'><strong>aliis</strong></span> <span class='ocrx_word' id='word_1_627' title='bbox 2703 4024 3043 4091; x_wconf 89' lang='lat' dir='ltr'><strong>dicentibus,</strong></span> <span class='ocrx_word' id='word_1_628' title='bbox 3105 4023 3334 4079; x_wconf 73' lang='lat' dir='ltr'><strong>ﬁxuram</strong></span> <span class='ocrx_word' id='word_1_629' title='bbox 3399 4024 3679 4080; x_wconf 77' lang='lat' dir='ltr'><strong>clavorum</strong></span> 
     </span>
    </p>
   </div>
   <div class='ocr_carea' id='block_1_83' title="bbox 2097 4114 3681 4188">
    <p class='ocr_par' dir='ltr' id='par_1_83' title="bbox 2097 4114 3681 4188">
     <span class='ocr_line' id='line_1_83' title="bbox 2097 4114 3681 4188; baseline -0.002 -12"><span class='ocrx_word' id='word_1_630' title='bbox 2097 4121 2320 4176; x_wconf 75' lang='lat' dir='ltr'><strong>Thomm</strong></span> <span class='ocrx_word' id='word_1_631' title='bbox 2348 4119 2585 4175; x_wconf 82' lang='lat' dir='ltr'><strong>ostendit</strong></span> <span class='ocrx_word' id='word_1_632' title='bbox 2610 4119 2665 4173; x_wconf 90' lang='lat' dir='ltr'><strong>in</strong></span> <span class='ocrx_word' id='word_1_633' title='bbox 2697 4118 2952 4173; x_wconf 89' lang='lat' dir='ltr'><strong>manibus</strong></span> <span class='ocrx_word' id='word_1_634' title='bbox 2998 4114 3116 4172; x_wconf 85' lang='lat' dir='ltr'><strong>suis</strong></span> <span class='ocrx_word' id='word_1_635' title='bbox 3137 4116 3213 4172; x_wconf 76' lang='lat' dir='ltr'><strong>&quot;&#39;z</strong></span> <span class='ocrx_word' id='word_1_636' title='bbox 3244 4116 3367 4171; x_wconf 86' lang='lat' dir='ltr'><strong>aliis</strong></span> <span class='ocrx_word' id='word_1_637' title='bbox 3399 4133 3432 4172; x_wconf 89' lang='lat' dir='ltr'><strong>e</strong></span> <span class='ocrx_word' id='word_1_638' title='bbox 3461 4121 3681 4188; x_wconf 83' lang='lat' dir='ltr'><strong>regione</strong></span> 
     </span>
    </p>
   </div>
   <div class='ocr_carea' id='block_1_84' title="bbox 2097 4208 3682 4281">
    <p class='ocr_par' dir='ltr' id='par_1_84' title="bbox 2097 4208 3682 4281">
     <span class='ocr_line' id='line_1_84' title="bbox 2097 4208 3682 4281; baseline -0.003 -13"><span class='ocrx_word' id='word_1_639' title='bbox 2097 4213 2480 4276; x_wconf 85' lang='lat' dir='ltr'><strong>tractantibus,</strong></span> <span class='ocrx_word' id='word_1_640' title='bbox 2507 4212 2553 4281; x_wconf 73' lang='lat' dir='ltr'><strong>si</strong></span> <span class='ocrx_word' id='word_1_641' title='bbox 2582 4210 2727 4266; x_wconf 87' lang='lat' dir='ltr'><strong>idem</strong></span> <span class='ocrx_word' id='word_1_642' title='bbox 2757 4223 2958 4279; x_wconf 86' lang='lat' dir='ltr'><strong>corpus</strong></span> <span class='ocrx_word' id='word_1_643' title='bbox 2984 4208 3196 4275; x_wconf 86' lang='lat' dir='ltr'><strong>habuit,</strong></span> <span class='ocrx_word' id='word_1_644' title='bbox 3224 4208 3505 4278; x_wconf 87' lang='lat' dir='ltr'><strong>quomodo</strong></span> <span class='ocrx_word' id='word_1_645' title='bbox 3530 4210 3682 4265; x_wconf 78' lang='lat' dir='ltr'><strong>elau-</strong></span> 
     </span>
    </p>
   </div>
   <div class='ocr_carea' id='block_1_85' title="bbox 400 4298 3682 4376">
    <p class='ocr_par' dir='ltr' id='par_1_85' title="bbox 400 4298 3682 4376">
     <span class='ocr_line' id='line_1_85' title="bbox 400 4298 3682 4376; baseline 0 -23"><span class='ocrx_word' id='word_1_646' title='bbox 400 4309 527 4369; x_wconf 88' lang='lat' dir='ltr'><strong>post</strong></span> <span class='ocrx_word' id='word_1_647' title='bbox 585 4298 1007 4356; x_wconf 88' lang='lat' dir='ltr'><strong>inobedientiam</strong></span> <span class='ocrx_word' id='word_1_648' title='bbox 1071 4310 1127 4356; x_wconf 88' lang='lat' dir='ltr'><strong>et</strong></span> <span class='ocrx_word' id='word_1_649' title='bbox 1170 4300 1344 4358; x_wconf 85' lang='lat' dir='ltr'><strong>Adam</strong></span> <span class='ocrx_word' id='word_1_650' title='bbox 1400 4311 1454 4357; x_wconf 88' lang='lat' dir='ltr'><strong>et</strong></span> <span class='ocrx_word' id='word_1_651' title='bbox 1489 4301 1616 4358; x_wconf 68' lang='lat' dir='ltr'><strong>Eva:</strong></span> <span class='ocrx_word' id='word_1_652' title='bbox 1665 4303 1809 4358; x_wconf 89' lang='lat' dir='ltr'><strong>oculi</strong></span> <span class='ocrx_word' id='word_1_653' title='bbox 1863 4315 1994 4361; x_wconf 91' lang='lat' dir='ltr'><strong>sunt</strong></span> <span class='ocrx_word' id='word_1_654' title='bbox 2090 4306 2170 4362; x_wconf 88' lang='lat' dir='ltr'><strong>sis</strong></span> <span class='ocrx_word' id='word_1_655' title='bbox 2192 4306 2473 4376; x_wconf 80' lang='lat' dir='ltr'><strong>ingressus</strong></span> <span class='ocrx_word' id='word_1_656' title='bbox 2493 4311 2577 4361; x_wconf 86' lang='lat' dir='ltr'><strong>est</strong></span> <span class='ocrx_word' id='word_1_657' title='bbox 2604 4301 2784 4365; x_wconf 86' lang='lat' dir='ltr'><strong>ostiis,</strong></span> <span class='ocrx_word' id='word_1_658' title='bbox 2818 4309 2874 4356; x_wconf 85' lang='lat' dir='ltr'><strong>et</strong></span> <span class='ocrx_word' id='word_1_659' title='bbox 2897 4300 3082 4356; x_wconf 71' lang='lat' dir='ltr'><strong>stetit?</strong></span> <span class='ocrx_word' id='word_1_660' title='bbox 3113 4298 3276 4357; x_wconf 84' lang='lat' dir='ltr'><strong>Vides</strong></span> <span class='ocrx_word' id='word_1_661' title='bbox 3300 4300 3468 4371; x_wconf 84' lang='lat' dir='ltr'><strong>igitur</strong></span> <span class='ocrx_word' id='word_1_662' title='bbox 3489 4310 3682 4372; x_wconf 63' lang='lat' dir='ltr'><strong>quem».-</strong></span> 
     </span>
    </p>
   </div>
   <div class='ocr_carea' id='block_1_86' title="bbox 400 4391 1987 4464">
    <p class='ocr_par' dir='ltr' id='par_1_86' title="bbox 400 4391 1987 4464">
     <span class='ocr_line' id='line_1_86' title="bbox 400 4391 1987 4464; baseline 0.004 -17"><span class='ocrx_word' id='word_1_663' title='bbox 400 4391 600 4460; x_wconf 80' lang='lat' dir='ltr'><strong>aperti,</strong></span> <span class='ocrx_word' id='word_1_664' title='bbox 648 4392 715 4447; x_wconf 89' lang='lat' dir='ltr'><strong>de</strong></span> <span class='ocrx_word' id='word_1_665' title='bbox 746 4392 949 4463; x_wconf 87' lang='lat' dir='ltr'><strong>quibus</strong></span> <span class='ocrx_word' id='word_1_666' title='bbox 982 4392 1257 4464; x_wconf 83' lang='lat' dir='ltr'><strong>superiori</strong></span> <span class='ocrx_word' id='word_1_667' title='bbox 1302 4407 1558 4449; x_wconf 87' lang='lat' dir='ltr'><strong>sermone</strong></span> <span class='ocrx_word' id='word_1_668' title='bbox 1605 4395 1987 4453; x_wconf 87' lang='lat' dir='ltr'><strong>tractavimus.</strong></span> 
     </span>
    </p>
   </div>
   <div class='ocr_carea' id='block_1_87' title="bbox 2088 4392 3678 4468">
    <p class='ocr_par' dir='ltr' id='par_1_87' title="bbox 2088 4392 3678 4468">
     <span class='ocr_line' id='line_1_87' title="bbox 2088 4392 3678 4468; baseline -0.004 -14"><span class='ocrx_word' id='word_1_669' title='bbox 2088 4397 2387 4454; x_wconf 86' lang='lat' dir='ltr'><strong>admodum</strong></span> <span class='ocrx_word' id='word_1_670' title='bbox 2453 4393 2798 4468; x_wconf 81' lang='lat' dir='ltr'><strong>argumentis</strong></span> <span class='ocrx_word' id='word_1_671' title='bbox 2844 4392 3016 4450; x_wconf 82' lang='lat' dir='ltr'><strong>variis</strong></span> <span class='ocrx_word' id='word_1_672' title='bbox 3069 4394 3235 4450; x_wconf 83' lang='lat' dir='ltr'><strong>etiam</strong></span> <span class='ocrx_word' id='word_1_673' title='bbox 3286 4394 3678 4451; x_wconf 76' lang='lat' dir='ltr'><strong>rrsurrectioui</strong></span> 
     </span>
    </p>
   </div>
   <div class='ocr_carea' id='block_1_88' title="bbox 471 4523 2276 4602">
    <p class='ocr_par' dir='ltr' id='par_1_88' title="bbox 471 4523 2276 4602">
     <span class='ocr_line' id='line_1_88' title="bbox 471 4523 2276 4602; baseline 0.009 -24"><span class='ocrx_word' id='word_1_674' title='bbox 471 4523 516 4558; x_wconf 73' lang='lat'><strong>“</strong></span> <span class='ocrx_word' id='word_1_675' title='bbox 545 4523 737 4582; x_wconf 86' lang='lat' dir='ltr'><strong>Matth.</strong></span> <span class='ocrx_word' id='word_1_676' title='bbox 773 4542 812 4583; x_wconf 84' lang='grc' dir='ltr'>ι.</span> <span class='ocrx_word' id='word_1_677' title='bbox 891 4527 937 4560; x_wconf 78' lang='grc'><strong>’⁵⁸</strong></span> <span class='ocrx_word' id='word_1_678' title='bbox 964 4525 1125 4584; x_wconf 81' lang='lat' dir='ltr'><strong>Joan.</strong></span> <span class='ocrx_word' id='word_1_679' title='bbox 1151 4546 1228 4599; x_wconf 77' lang='grc' dir='ltr'>ιιι,</span> <span class='ocrx_word' id='word_1_680' title='bbox 1263 4530 1353 4587; x_wconf 79' lang='grc'><strong>59.</strong></span> <span class='ocrx_word' id='word_1_681' title='bbox 1430 4531 1475 4564; x_wconf 67' lang='grc' dir='ltr'><strong>δ’</strong></span> <span class='ocrx_word' id='word_1_682' title='bbox 1504 4531 1665 4589; x_wconf 75' lang='lat' dir='ltr'><strong>Rom.</strong></span> <span class='ocrx_word' id='word_1_683' title='bbox 1687 4548 1764 4602; x_wconf 73' lang='lat' dir='ltr'><strong>vr,</strong></span> <span class='ocrx_word' id='word_1_684' title='bbox 1792 4536 1846 4592; x_wconf 84' lang='lat'><strong>5.</strong></span> <span class='ocrx_word' id='word_1_685' title='bbox 1923 4538 1969 4570; x_wconf 61' lang='grc' dir='ltr'>ι’</span> <span class='ocrx_word' id='word_1_686' title='bbox 1992 4537 2150 4595; x_wconf 81' lang='lat' dir='ltr'><strong>Joan.</strong></span> <span class='ocrx_word' id='word_1_687' title='bbox 2184 4556 2276 4594; x_wconf 81' lang='lat' dir='ltr'><strong>xx.</strong></span> 
     </span>
    </p>
   </div>
   <div class='ocr_carea' id='block_1_89' title="bbox 475 4663 1506 4735">
    <p class='ocr_par' dir='ltr' id='par_1_89' title="bbox 475 4663 1506 4735">
     <span class='ocr_line' id='line_1_89' title="bbox 475 4663 1506 4735; baseline 0 -14"><span class='ocrx_word' id='word_1_688' title='bbox 475 4667 588 4735; x_wconf 66' lang='grc'><strong>(45)</strong></span> <span class='ocrx_word' id='word_1_689' title='bbox 621 4665 849 4722; x_wconf 73' lang='lat' dir='ltr'><strong>Schedze</strong></span> <span class='ocrx_word' id='word_1_690' title='bbox 874 4663 1072 4735; x_wconf 22' lang='lat' dir='ltr'><strong>“Graliii</strong></span> <span class='ocrx_word' id='word_1_691' title='bbox 1110 4674 1164 4719; x_wconf 89' lang='lat' dir='ltr'><strong>et</strong></span> <span class='ocrx_word' id='word_1_692' title='bbox 1192 4666 1506 4723; x_wconf 80' lang='lat' dir='ltr'><strong>Combelisii</strong></span> 
     </span>
    </p>
   </div>
   <div class='ocr_carea' id='block_1_90' title="bbox 447 4732 1991 4813">
    <p class='ocr_par' dir='ltr' id='par_1_90' title="bbox 447 4732 1991 4813">
     <span class='ocr_line' id='line_1_90' title="bbox 447 4732 1991 4813; baseline 0.006 -24"><span class='ocrx_word' id='word_1_693' title='bbox 447 4732 505 4790; x_wconf 52' lang='lat' dir='ltr'><strong>si</strong></span> <span class='ocrx_word' id='word_1_694' title='bbox 525 4733 845 4813; x_wconf 15' lang='lat' dir='ltr'><strong>oﬁvriéyot‘r’</strong></span> <span class='ocrx_word' id='word_1_695' title='bbox 870 4732 935 4789; x_wconf 79' lang='grc' dir='ltr'>ἂν</span> <span class='ocrx_word' id='word_1_696' title='bbox 957 4735 1045 4813; x_wconf 35' lang='grc' dir='ltr'><strong>’δε-ι</strong></span> <span class='ocrx_word' id='word_1_697' title='bbox 1071 4735 1348 4813; x_wconf 42' lang='grc' dir='ltr'><strong>ἐτίμησεν-</strong></span> <span class='ocrx_word' id='word_1_698' title='bbox 1372 4736 1536 4813; x_wconf 52' lang='grc' dir='ltr'>αὐτὸν</span> <span class='ocrx_word' id='word_1_699' title='bbox 1570 4736 1631 4813; x_wconf 60' lang='grc' dir='ltr'><strong>ἰερ</strong></span> <span class='ocrx_word' id='word_1_700' title='bbox 1665 4732 1908 4813; x_wconf 48' lang='lat' dir='ltr'><strong>&quot;vstigia.</strong></span> <span class='ocrx_word' id='word_1_701' title='bbox 1930 4743 1991 4798; x_wconf 81' lang='grc' dir='ltr'><strong>τὸ</strong></span> 
     </span>
    </p>
   </div>
   <div class='ocr_carea' id='block_1_91' title="bbox 401 4755 1992 4880">
    <p class='ocr_par' dir='ltr' id='par_1_91' title="bbox 401 4755 1992 4880">
     <span class='ocr_line' id='line_1_91' title="bbox 401 4755 1991 4862; baseline 0.005 -72"><span class='ocrx_word' id='word_1_702' title='bbox 401 4755 505 4862; x_wconf 54' lang='lat' dir='ltr'><strong>sev</strong></span> <span class='ocrx_word' id='word_1_703' title='bbox 525 4755 619 4794; x_wconf 85' lang='grc' dir='ltr'><strong>ουν</strong></span> <span class='ocrx_word' id='word_1_704' title='bbox 646 4755 840 4806; x_wconf 74' lang='grc' dir='ltr'><strong>Αεγοιτ</strong></span> <span class='ocrx_word' id='word_1_705' title='bbox 870 4755 935 4789; x_wconf 84' lang='grc' dir='ltr'><strong>αν</strong></span> <span class='ocrx_word' id='word_1_706' title='bbox 964 4755 1045 4788; x_wconf 80' lang='grc' dir='ltr'><strong>οτι</strong></span> <span class='ocrx_word' id='word_1_707' title='bbox 1071 4755 1331 4808; x_wconf 82' lang='grc' dir='ltr'><strong>ετιμησεν</strong></span> <span class='ocrx_word' id='word_1_708' title='bbox 1372 4755 1536 4791; x_wconf 84' lang='grc' dir='ltr'>αυτον</span> <span class='ocrx_word' id='word_1_709' title='bbox 1570 4755 1631 4793; x_wconf 88' lang='grc' dir='ltr'><strong>το</strong></span> <span class='ocrx_word' id='word_1_710' title='bbox 1665 4755 1888 4813; x_wconf 52' lang='lat' dir='ltr'><strong>ﬂventia</strong></span> <span class='ocrx_word' id='word_1_711' title='bbox 1930 4755 1991 4798; x_wconf 78' lang='grc' dir='ltr'><strong>τὸ</strong></span> 
     </span>
     <span class='ocr_line' id='line_1_92' title="bbox 414 4805 1992 4880; baseline 0.003 -18"><span class='ocrx_word' id='word_1_712' title='bbox 414 4811 654 4880; x_wconf 16' lang='grc' dir='ltr'><strong>ᾲγιονητῇ</strong></span> <span class='ocrx_word' id='word_1_713' title='bbox 689 4806 785 4880; x_wconf 65' lang='grc' dir='ltr'><strong>τοῦ</strong></span> <span class='ocrx_word' id='word_1_714' title='bbox 809 4805 1014 4880; x_wconf 50' lang='lat' dir='ltr'><strong>carpo;</strong></span> <span class='ocrx_word' id='word_1_715' title='bbox 1040 4807 1415 4880; x_wconf 53' lang='lat' dir='ltr'><strong>dfpoq’qyopig.</strong></span> <span class='ocrx_word' id='word_1_716' title='bbox 1460 4809 1649 4880; x_wconf 81' lang='grc' dir='ltr'><strong>ἐπειδὴ</strong></span> <span class='ocrx_word' id='word_1_717' title='bbox 1680 4811 1741 4865; x_wconf 82' lang='grc' dir='ltr'><strong>τὸ</strong></span> <span class='ocrx_word' id='word_1_718' title='bbox 1782 4813 1992 4868; x_wconf 76' lang='grc' dir='ltr'><strong>παιδίον</strong></span> 
     </span>
    </p>
   </div>
   <div class='ocr_carea' id='block_1_92' title="bbox 413 4876 1991 4954">
    <p class='ocr_par' dir='ltr' id='par_1_92' title="bbox 413 4876 1991 4954">
     <span class='ocr_line' id='line_1_93' title="bbox 413 4876 1991 4954; baseline -0.006 -21"><span class='ocrx_word' id='word_1_719' title='bbox 413 4876 1014 4954; x_wconf 41' lang='grc' dir='ltr'><strong>’[ησοᾷνᾷἳεθρέψαξεο..</strong></span> <span class='ocrx_word' id='word_1_720' title='bbox 1044 4876 1454 4954; x_wconf 57' lang='grc' dir='ltr'><strong>Βᾳθύςέςρρνδὲ,</strong></span> <span class='ocrx_word' id='word_1_721' title='bbox 1488 4876 1648 4954; x_wconf 60' lang='grc' dir='ltr'><strong>ιω·</strong></span> <span class='ocrx_word' id='word_1_722' title='bbox 1675 4884 1708 4954; x_wconf 79' lang='grc' dir='ltr'>ἡ</span> <span class='ocrx_word' id='word_1_723' title='bbox 1737 4884 1991 4952; x_wconf 79' lang='grc' dir='ltr'><strong>γενεαλο-</strong></span> 
     </span>
    </p>
   </div>
   <div class='ocr_carea' id='block_1_93' title="bbox 401 4946 1991 5026">
    <p class='ocr_par' dir='ltr' id='par_1_93' title="bbox 401 4946 1991 5026">
     <span class='ocr_line' id='line_1_94' title="bbox 401 4946 1991 5026; baseline 0.003 -23"><span class='ocrx_word' id='word_1_724' title='bbox 531 4950 625 5003; x_wconf 56' lang='lat' dir='ltr'><strong>trav</strong></span> <span class='ocrx_word' id='word_1_725' title='bbox 676 4946 893 5026; x_wconf 46' lang='lat' dir='ltr'><strong>‘itocqgi</strong></span> <span class='ocrx_word' id='word_1_726' title='bbox 921 4947 1031 5026; x_wconf 56' lang='lat' dir='ltr'><strong>aqua</strong></span> <span class='ocrx_word' id='word_1_727' title='bbox 1079 4946 1269 5026; x_wconf 61' lang='grc' dir='ltr'><strong>ᾼαυῒᾶ</strong></span> <span class='ocrx_word' id='word_1_728' title='bbox 1292 4946 1880 5026; x_wconf 41' lang='grc' dir='ltr'><strong>ξγενεα).όξτήςξύνίῖνα</strong></span> <span class='ocrx_word' id='word_1_729' title='bbox 1917 4954 1991 5026; x_wconf 87' lang='grc' dir='ltr'><strong>μὴ</strong></span> 
     </span>
    </p>
   </div>
   <div class='ocr_carea' id='block_1_94' title="bbox 398 5017 1991 5096">
    <p class='ocr_par' dir='ltr' id='par_1_94' title="bbox 398 5017 1991 5096">
     <span class='ocr_line' id='line_1_95' title="bbox 398 5017 1991 5096; baseline 0.001 -22"><span class='ocrx_word' id='word_1_730' title='bbox 398 5020 536 5096; x_wconf 31' lang='grc' dir='ltr'><strong>δόξῃ.</strong></span> <span class='ocrx_word' id='word_1_731' title='bbox 552 5019 783 5096; x_wconf 51' lang='lat' dir='ltr'><strong>napi:qu</strong></span> <span class='ocrx_word' id='word_1_732' title='bbox 811 5017 906 5096; x_wconf 51' lang='grc' dir='ltr'><strong>ἐπὶ</strong></span> <span class='ocrx_word' id='word_1_733' title='bbox 933 5017 1025 5096; x_wconf 60' lang='grc' dir='ltr'>τργ</span> <span class='ocrx_word' id='word_1_734' title='bbox 1054 5017 1129 5089; x_wconf 84' lang='grc' dir='ltr'>μὴ</span> <span class='ocrx_word' id='word_1_735' title='bbox 1148 5017 1621 5096; x_wconf 39' lang='grc' dir='ltr'><strong>γεννήσαντα-τᾷδ’</strong></span> <span class='ocrx_word' id='word_1_736' title='bbox 1640 5023 1866 5096; x_wconf 73' lang='grc' dir='ltr'><strong>Σῳτῆρα</strong></span> <span class='ocrx_word' id='word_1_737' title='bbox 1900 5017 1991 5096; x_wconf 57' lang='lat' dir='ltr'><strong>pl</strong></span> 
     </span>
    </p>
   </div>
   <div class='ocr_carea' id='block_1_95' title="bbox 398 5087 1986 5172">
    <p class='ocr_par' dir='ltr' id='par_1_95' title="bbox 398 5087 1986 5172">
     <span class='ocr_line' id='line_1_96' title="bbox 398 5087 1986 5172; baseline 0.003 -29"><span class='ocrx_word' id='word_1_738' title='bbox 398 5087 639 5172; x_wconf 61' lang='grc' dir='ltr'><strong>χομζένηξ</strong></span> <span class='ocrx_word' id='word_1_739' title='bbox 655 5087 782 5172; x_wconf 41' lang='lat' dir='ltr'><strong>an&quot;</strong></span> <span class='ocrx_word' id='word_1_740' title='bbox 817 5090 939 5172; x_wconf 49' lang='grc' dir='ltr'>ἔχει-</span> <span class='ocrx_word' id='word_1_741' title='bbox 964 5087 1127 5172; x_wconf 57' lang='grc' dir='ltr'>λόγον</span> <span class='ocrx_word' id='word_1_742' title='bbox 1145 5087 1470 5172; x_wconf 39' lang='grc' dir='ltr'><strong>ὲιτειτήξξιρν,</strong></span> <span class='ocrx_word' id='word_1_743' title='bbox 1499 5087 1986 5172; x_wconf 31' lang='grc' dir='ltr'><strong>διὰΠψῦτοξξτᾳτῆρ</strong></span> 
     </span>
    </p>
   </div>
   <div class='ocr_carea' id='block_1_96' title="bbox 398 5149 1993 5234">
    <p class='ocr_par' dir='ltr' id='par_1_96' title="bbox 398 5149 1993 5234">
     <span class='ocr_line' id='line_1_97' title="bbox 398 5149 1993 5234; baseline 0.004 -20"><span class='ocrx_word' id='word_1_744' title='bbox 398 5149 744 5234; x_wconf 64' lang='grc' dir='ltr'><strong>ἒνὴγρρὲύοη</strong></span> <span class='ocrx_word' id='word_1_745' title='bbox 777 5149 1140 5234; x_wconf 32' lang='grc' dir='ltr'><strong>τοῦἶωρίὸιι.-</strong></span> <span class='ocrx_word' id='word_1_746' title='bbox 1159 5149 1401 5234; x_wconf 64' lang='grc' dir='ltr'><strong>δὶηιρίίεἰ</strong></span> <span class='ocrx_word' id='word_1_747' title='bbox 1421 5149 1744 5234; x_wconf 51' lang='lat' dir='ltr'><strong>(adpositione.</strong></span> <span class='ocrx_word' id='word_1_748' title='bbox 1768 5164 1875 5218; x_wconf 79' lang='lat' dir='ltr'><strong>diri</strong></span> <span class='ocrx_word' id='word_1_749' title='bbox 1900 5149 1993 5234; x_wconf 67' lang='grc' dir='ltr'><strong>ρδ-</strong></span> 
     </span>
    </p>
   </div>
   <div class='ocr_carea' id='block_1_97' title="bbox 402 5228 1992 5304">
    <p class='ocr_par' dir='ltr' id='par_1_97' title="bbox 402 5228 1992 5304">
     <span class='ocr_line' id='line_1_98' title="bbox 402 5228 1992 5304; baseline 0.003 -19"><span class='ocrx_word' id='word_1_750' title='bbox 402 5228 502 5285; x_wconf 83' lang='lat' dir='ltr'><strong>test</strong></span> <span class='ocrx_word' id='word_1_751' title='bbox 522 5228 849 5304; x_wconf 54' lang='lat' dir='ltr'><strong>honoratum</strong></span> <span class='ocrx_word' id='word_1_752' title='bbox 889 5228 1006 5299; x_wconf 71' lang='lat' dir='ltr'><strong>eunt</strong></span> <span class='ocrx_word' id='word_1_753' title='bbox 1063 5229 1226 5304; x_wconf 59' lang='lat' dir='ltr'><strong>fuisse</strong></span> <span class='ocrx_word' id='word_1_754' title='bbox 1257 5228 1289 5282; x_wconf 78' lang='grc' dir='ltr'><em>ὰ</em></span> <span class='ocrx_word' id='word_1_755' title='bbox 1341 5228 1551 5304; x_wconf 77' lang='lat' dir='ltr'><strong>Spiritu</strong></span> <span class='ocrx_word' id='word_1_756' title='bbox 1596 5244 1779 5288; x_wconf 87' lang='lat' dir='ltr'><strong>sancto</strong></span> <span class='ocrx_word' id='word_1_757' title='bbox 1822 5228 1992 5304; x_wconf 81' lang='lat' dir='ltr'><strong>patris</strong></span> 
     </span>
    </p>
   </div>
   <div class='ocr_carea' id='block_1_98' title="bbox 401 5299 1991 5374">
    <p class='ocr_par' dir='ltr' id='par_1_98' title="bbox 401 5299 1991 5374">
     <span class='ocr_line' id='line_1_99' title="bbox 401 5299 1991 5374; baseline 0.004 -19"><span class='ocrx_word' id='word_1_758' title='bbox 401 5302 840 5374; x_wconf 57' lang='lat' dir='ltr'><strong>vocabulaquia</strong></span> <span class='ocrx_word' id='word_1_759' title='bbox 890 5310 1109 5369; x_wconf 83' lang='lat' dir='ltr'><strong>puerum</strong></span> <span class='ocrx_word' id='word_1_760' title='bbox 1139 5299 1333 5374; x_wconf 55' lang='lat' dir='ltr'><strong>desum</strong></span> <span class='ocrx_word' id='word_1_761' title='bbox 1393 5303 1671 5374; x_wconf 75' lang='lat' dir='ltr'><strong>nutrierat.</strong></span> <span class='ocrx_word' id='word_1_762' title='bbox 1717 5305 1785 5357; x_wconf 80' lang='lat' dir='ltr'><strong>At</strong></span> <span class='ocrx_word' id='word_1_763' title='bbox 1822 5299 1991 5374; x_wconf 61' lang='lat' dir='ltr'><strong>&#39;jna&#39;ta</strong></span> 
     </span>
    </p>
   </div>
   <div class='ocr_carea' id='block_1_99' title="bbox 401 5370 1991 5444">
    <p class='ocr_par' dir='ltr' id='par_1_99' title="bbox 401 5370 1991 5444">
     <span class='ocr_line' id='line_1_100' title="bbox 401 5370 1991 5444; baseline 0.003 -19"><span class='ocrx_word' id='word_1_764' title='bbox 401 5371 649 5444; x_wconf 76' lang='lat' dir='ltr'><strong>altiorem</strong></span> <span class='ocrx_word' id='word_1_765' title='bbox 673 5370 1023 5444; x_wconf 77' lang='lat' dir='ltr'><strong>intellectum,</strong></span> <span class='ocrx_word' id='word_1_766' title='bbox 1060 5371 1187 5444; x_wconf 72' lang='lat' dir='ltr'><strong>quia</strong></span> <span class='ocrx_word' id='word_1_767' title='bbox 1212 5372 1566 5444; x_wconf 72' lang='lat' dir='ltr'><strong>generationis</strong></span> <span class='ocrx_word' id='word_1_768' title='bbox 1598 5376 1759 5429; x_wconf 78' lang='lat' dir='ltr'><strong>series</strong></span> <span class='ocrx_word' id='word_1_769' title='bbox 1794 5370 1991 5444; x_wconf 62' lang='lat' dir='ltr'><strong>los-epit</strong></span> 
     </span>
    </p>
   </div>
   <div class='ocr_carea' id='block_1_100' title="bbox 402 5440 1991 5517">
    <p class='ocr_par' dir='ltr' id='par_1_100' title="bbox 402 5440 1991 5517">
     <span class='ocr_line' id='line_1_101' title="bbox 402 5440 1991 5517; baseline 0.003 -21"><span class='ocrx_word' id='word_1_770' title='bbox 402 5461 436 5517; x_wconf 72' lang='grc' dir='ltr'><strong>ιι</strong></span> <span class='ocrx_word' id='word_1_771' title='bbox 476 5440 650 5517; x_wconf 79' lang='lat' dir='ltr'><strong>David</strong></span> <span class='ocrx_word' id='word_1_772' title='bbox 705 5442 941 5517; x_wconf 78' lang='lat' dir='ltr'><strong>deducit.</strong></span> <span class='ocrx_word' id='word_1_773' title='bbox 1011 5456 1073 5494; x_wconf 85' lang='lat' dir='ltr'><strong>ne</strong></span> <span class='ocrx_word' id='word_1_774' title='bbox 1125 5440 1333 5511; x_wconf 79' lang='lat' dir='ltr'><strong>frustra</strong></span> <span class='ocrx_word' id='word_1_775' title='bbox 1366 5442 1635 5517; x_wconf 36' lang='lat' dir='ltr'><strong>Lvideatnr</strong></span> <span class='ocrx_word' id='word_1_776' title='bbox 1674 5444 1745 5498; x_wconf 85' lang='lat' dir='ltr'><strong>ad</strong></span> <span class='ocrx_word' id='word_1_777' title='bbox 1793 5440 1991 5517; x_wconf 72' lang='lat' dir='ltr'><strong>Ioseph</strong></span> 
     </span>
    </p>
   </div>
   <div class='ocr_carea' id='block_1_101' title="bbox 399 5500 1989 5583">
    <p class='ocr_par' dir='ltr' id='par_1_101' title="bbox 399 5500 1989 5583">
     <span class='ocr_line' id='line_1_102' title="bbox 399 5500 1989 5583; baseline 0.003 -16"><span class='ocrx_word' id='word_1_778' title='bbox 399 5514 715 5568; x_wconf 77' lang='lat' dir='ltr'><strong>descendere</strong></span> <span class='ocrx_word' id='word_1_779' title='bbox 744 5513 836 5583; x_wconf 86' lang='lat' dir='ltr'><strong>qui</strong></span> <span class='ocrx_word' id='word_1_780' title='bbox 872 5500 994 5581; x_wconf 61' lang='lat' dir='ltr'><strong>non</strong></span> <span class='ocrx_word' id='word_1_781' title='bbox 1055 5500 1305 5581; x_wconf 74' lang='lat' dir='ltr'><strong>genuerat</strong></span> <span class='ocrx_word' id='word_1_782' title='bbox 1357 5500 1709 5580; x_wconf 82' lang='lat' dir='ltr'><strong>Salratorem,</strong></span> <span class='ocrx_word' id='word_1_783' title='bbox 1762 5517 1853 5570; x_wconf 75' lang='lat' dir='ltr'><strong>sed</strong></span> <span class='ocrx_word' id='word_1_784' title='bbox 1899 5500 1989 5571; x_wconf 53' lang='lat' dir='ltr'><strong>r&#39;a?</strong></span> 
     </span>
    </p>
   </div>
   <div class='ocr_carea' id='block_1_102' title="bbox 402 5582 1994 5655">
    <p class='ocr_par' dir='ltr' id='par_1_102' title="bbox 402 5582 1994 5655">
     <span class='ocr_line' id='line_1_103' title="bbox 402 5582 1994 5655; baseline 0.003 -18"><span class='ocrx_word' id='word_1_785' title='bbox 402 5586 595 5655; x_wconf 74' lang='lat' dir='ltr'><strong>tionem</strong></span> <span class='ocrx_word' id='word_1_786' title='bbox 618 5582 808 5655; x_wconf 64' lang='lat' dir='ltr'><strong>[taceat</strong></span> <span class='ocrx_word' id='word_1_787' title='bbox 838 5582 1106 5647; x_wconf 79' lang='lat' dir='ltr'><strong>idoneam,</strong></span> <span class='ocrx_word' id='word_1_788' title='bbox 1122 5592 1398 5654; x_wconf 79' lang='lat' dir='ltr'><strong>propterea</strong></span> <span class='ocrx_word' id='word_1_789' title='bbox 1423 5594 1574 5654; x_wconf 81' lang='lat' dir='ltr'><strong>pater</strong></span> <span class='ocrx_word' id='word_1_790' title='bbox 1596 5584 1890 5655; x_wconf 78' lang='lat' dir='ltr'><strong>appellatus</strong></span> <span class='ocrx_word' id='word_1_791' title='bbox 1914 5598 1994 5641; x_wconf 87' lang='lat' dir='ltr'><strong>est</strong></span> 
     </span>
    </p>
   </div>
   <div class='ocr_carea' id='block_1_103' title="bbox 402 5652 895 5709">
    <p class='ocr_par' dir='ltr' id='par_1_103' title="bbox 402 5652 895 5709">
     <span class='ocr_line' id='line_1_104' title="bbox 402 5652 895 5709; baseline 0.002 -2"><span class='ocrx_word' id='word_1_792' title='bbox 402 5653 642 5709; x_wconf 81' lang='lat' dir='ltr'><strong>Domini.</strong></span> <span class='ocrx_word' id='word_1_793' title='bbox 675 5652 895 5708; x_wconf 62' lang='lat' dir='ltr'><strong>almus.</strong></span> 
     </span>
    </p>
   </div>
   <div class='ocr_carea' id='block_1_104' title="bbox 477 5722 1986 5794">
    <p class='ocr_par' dir='ltr' id='par_1_104' title="bbox 477 5722 1986 5794">
     <span class='ocr_line' id='line_1_105' title="bbox 477 5722 1986 5794; baseline 0.003 -16"><span class='ocrx_word' id='word_1_794' title='bbox 477 5726 587 5794; x_wconf 76' lang='lat' dir='ltr'><strong>(l6)</strong></span> <span class='ocrx_word' id='word_1_795' title='bbox 611 5722 970 5779; x_wconf 74' lang='lat' dir='ltr'><strong>Observatum</strong></span> <span class='ocrx_word' id='word_1_796' title='bbox 1002 5731 1086 5777; x_wconf 77' lang='lat' dir='ltr'><strong>est</strong></span> <span class='ocrx_word' id='word_1_797' title='bbox 1115 5724 1380 5794; x_wconf 86' lang='lat' dir='ltr'><strong>supra_ad</strong></span> <span class='ocrx_word' id='word_1_798' title='bbox 1409 5724 1691 5779; x_wconf 90' lang='lat' dir='ltr'><strong>homiliam</strong></span> <span class='ocrx_word' id='word_1_799' title='bbox 1723 5722 1788 5779; x_wconf 75' lang='grc'><strong>14</strong></span> <span class='ocrx_word' id='word_1_800' title='bbox 1816 5727 1986 5784; x_wconf 84' lang='lat' dir='ltr'><strong>veris-</strong></span> 
     </span>
    </p>
   </div>
   <div class='ocr_carea' id='block_1_105' title="bbox 405 5792 1980 5863">
    <p class='ocr_par' dir='ltr' id='par_1_105' title="bbox 405 5792 1980 5863">
     <span class='ocr_line' id='line_1_106' title="bbox 405 5792 1980 5863; baseline 0.003 -16"><span class='ocrx_word' id='word_1_801' title='bbox 405 5794 541 5847; x_wconf 74' lang='lat' dir='ltr'><strong>sime</strong></span> <span class='ocrx_word' id='word_1_802' title='bbox 563 5792 829 5849; x_wconf 81' lang='lat' dir='ltr'><strong>creditum</strong></span> <span class='ocrx_word' id='word_1_803' title='bbox 853 5795 1248 5863; x_wconf 71' lang='lat' dir='ltr'><strong>probatumque</strong></span> <span class='ocrx_word' id='word_1_804' title='bbox 1268 5792 1509 5862; x_wconf 71' lang='lat' dir='ltr'><strong>Origeui,</strong></span> <span class='ocrx_word' id='word_1_805' title='bbox 1536 5808 1659 5849; x_wconf 85' lang='lat' dir='ltr'><strong>vere</strong></span> <span class='ocrx_word' id='word_1_806' title='bbox 1683 5796 1980 5851; x_wconf 83' lang='lat' dir='ltr'><strong>humanum</strong></span> 
     </span>
    </p>
   </div>
   <div class='ocr_carea' id='block_1_106' title="bbox 406 5865 1975 5935">
    <p class='ocr_par' dir='ltr' id='par_1_106' title="bbox 406 5865 1975 5935">
     <span class='ocr_line' id='line_1_107' title="bbox 406 5865 1975 5935; baseline 0.005 -19"><span class='ocrx_word' id='word_1_807' title='bbox 406 5880 649 5935; x_wconf 70' lang='lat' dir='ltr'><strong>corpus,</strong></span> <span class='ocrx_word' id='word_1_808' title='bbox 703 5875 756 5918; x_wconf 81' lang='lat' dir='ltr'><strong>ct</strong></span> <span class='ocrx_word' id='word_1_809' title='bbox 809 5879 913 5918; x_wconf 88' lang='lat' dir='ltr'><strong>nou</strong></span> <span class='ocrx_word' id='word_1_810' title='bbox 980 5865 1299 5918; x_wconf 81' lang='lat' dir='ltr'><strong>ementitum</strong></span> <span class='ocrx_word' id='word_1_811' title='bbox 1359 5866 1642 5921; x_wconf 68' lang='lat' dir='ltr'><strong>Clu-istum</strong></span> <span class='ocrx_word' id='word_1_812' title='bbox 1712 5875 1975 5934; x_wconf 66' lang='lat' dir='ltr'><strong>gestasse.</strong></span> 
     </span>
    </p>
   </div>
   <div class='ocr_carea' id='block_1_107' title="bbox 1544 4669 1995 4748">
    <p class='ocr_par' dir='ltr' id='par_1_107' title="bbox 1544 4669 1989 4748">
     <span class='ocr_line' id='line_1_108' title="bbox 1544 4669 1989 4748; baseline 0.011 -25"><span class='ocrx_word' id='word_1_813' title='bbox 1544 4686 1558 4723; x_wconf 90' lang='lat'><strong>:</strong></span> <span class='ocrx_word' id='word_1_814' title='bbox 1595 4669 1889 4748; x_wconf 48' lang='lat' dir='ltr'><strong>&quot;Agedum</strong></span> <span class='ocrx_word' id='word_1_815' title='bbox 1897 4690 1989 4748; x_wconf 67' lang='lat' dir='ltr'><strong>pay</strong></span> 
     </span>
    </p>
   </div>
   <div class='ocr_carea' id='block_1_108' title="bbox 2097 4669 3678 4748">
    <p class='ocr_par' dir='ltr' id='par_1_108' title="bbox 2097 4673 3678 4748">
     <span class='ocr_line' id='line_1_109' title="bbox 2097 4673 3678 4748; baseline -0.003 -19"><span class='ocrx_word' id='word_1_816' title='bbox 2097 4673 2251 4731; x_wconf 85' lang='lat' dir='ltr'><strong>Nunc</strong></span> <span class='ocrx_word' id='word_1_817' title='bbox 2293 4691 2423 4748; x_wconf 85' lang='lat' dir='ltr'><strong>ergo</strong></span> <span class='ocrx_word' id='word_1_818' title='bbox 2462 4675 2685 4748; x_wconf 86' lang='lat' dir='ltr'><strong>quando</strong></span> <span class='ocrx_word' id='word_1_819' title='bbox 2721 4675 3004 4730; x_wconf 83' lang='lat' dir='ltr'><strong>haereticos</strong></span> <span class='ocrx_word' id='word_1_820' title='bbox 3033 4673 3376 4748; x_wconf 74' lang='lat' dir='ltr'><strong>pronuntiat,</strong></span> <span class='ocrx_word' id='word_1_821' title='bbox 3411 4674 3504 4744; x_wconf 86' lang='lat' dir='ltr'><strong>qui</strong></span> <span class='ocrx_word' id='word_1_822' title='bbox 3553 4687 3678 4727; x_wconf 71' lang='lat' dir='ltr'><strong>enim</strong></span> 
     </span>
    </p>
   </div>
   <div class='ocr_carea' id='block_1_109' title="bbox 2097 4742 3680 4828">
    <p class='ocr_par' dir='ltr' id='par_1_109' title="bbox 2097 4742 3680 4828">
     <span class='ocr_line' id='line_1_110' title="bbox 2097 4742 3680 4828; baseline -0.005 -28"><span class='ocrx_word' id='word_1_823' title='bbox 2097 4756 2313 4828; x_wconf 66' lang='lat' dir='ltr'><strong>putant,</strong></span> <span class='ocrx_word' id='word_1_824' title='bbox 2350 4742 2777 4828; x_wconf 15' lang='lat' dir='ltr'><strong>fateriqualeAnos</strong></span> <span class='ocrx_word' id='word_1_825' title='bbox 2806 4742 3379 4828; x_wconf 30' lang='lat' dir='ltr'><strong>rorpushltabuisseuet</strong></span> <span class='ocrx_word' id='word_1_826' title='bbox 3423 4742 3680 4828; x_wconf 37' lang='lat' dir='ltr'><strong>ansemcts</strong></span> 
     </span>
    </p>
   </div>
   <div class='ocr_carea' id='block_1_110' title="bbox 2098 4812 3679 4886">
    <p class='ocr_par' dir='ltr' id='par_1_110' title="bbox 2098 4812 3679 4886">
     <span class='ocr_line' id='line_1_111' title="bbox 2098 4812 3679 4886; baseline -0.004 -16"><span class='ocrx_word' id='word_1_827' title='bbox 2098 4812 2221 4886; x_wconf 82' lang='lat' dir='ltr'><strong>ipso</strong></span> <span class='ocrx_word' id='word_1_828' title='bbox 2259 4812 2578 4883; x_wconf 77' lang='lat' dir='ltr'><strong>dissentire,</strong></span> <span class='ocrx_word' id='word_1_829' title='bbox 2623 4825 2787 4886; x_wconf 89' lang='lat' dir='ltr'><strong>atque</strong></span> <span class='ocrx_word' id='word_1_830' title='bbox 2833 4812 3124 4886; x_wconf 15' lang='lat' dir='ltr'><strong>aiveritate</strong></span> <span class='ocrx_word' id='word_1_831' title='bbox 3172 4812 3387 4884; x_wconf 79' lang='lat' dir='ltr'><strong>longius</strong></span> <span class='ocrx_word' id='word_1_832' title='bbox 3425 4816 3679 4886; x_wconf 73' lang='lat' dir='ltr'><strong>aberrare</strong></span> 
     </span>
    </p>
   </div>
   <div class='ocr_carea' id='block_1_111' title="bbox 2096 4882 3676 4957">
    <p class='ocr_par' dir='ltr' id='par_1_111' title="bbox 2096 4882 3676 4957">
     <span class='ocr_line' id='line_1_112' title="bbox 2096 4882 3676 4957; baseline -0.006 -15"><span class='ocrx_word' id='word_1_833' title='bbox 2096 4882 2278 4957; x_wconf 70' lang='lat' dir='ltr'><strong>prima</strong></span> <span class='ocrx_word' id='word_1_834' title='bbox 2324 4888 2504 4944; x_wconf 80' lang='lat' dir='ltr'><strong>fronte</strong></span> <span class='ocrx_word' id='word_1_835' title='bbox 2554 4882 2822 4942; x_wconf 66' lang='lat' dir='ltr'><strong>videatur.</strong></span> <span class='ocrx_word' id='word_1_836' title='bbox 2881 4884 3076 4957; x_wconf 81' lang='lat' dir='ltr'><strong>Verum</strong></span> <span class='ocrx_word' id='word_1_837' title='bbox 3124 4901 3213 4957; x_wconf 72' lang='lat' dir='ltr'><strong>res</strong></span> <span class='ocrx_word' id='word_1_838' title='bbox 3254 4882 3410 4957; x_wconf 79' lang='lat' dir='ltr'><strong>aliter</strong></span> <span class='ocrx_word' id='word_1_839' title='bbox 3438 4882 3676 4957; x_wconf 71' lang='lat' dir='ltr'><strong>ptuzinda</strong></span> 
     </span>
    </p>
   </div>
   <div class='ocr_carea' id='block_1_112' title="bbox 2096 4948 3674 5040">
    <p class='ocr_par' dir='ltr' id='par_1_112' title="bbox 2096 4948 3674 5040">
     <span class='ocr_line' id='line_1_113' title="bbox 2096 4948 3674 5040; baseline -0.006 -28"><span class='ocrx_word' id='word_1_840' title='bbox 2096 4948 2204 5040; x_wconf 46' lang='lat' dir='ltr'><strong>cst,</strong></span> <span class='ocrx_word' id='word_1_841' title='bbox 2241 4958 2524 5040; x_wconf 77' lang='lat' dir='ltr'><strong>Ehiouitas</strong></span> <span class='ocrx_word' id='word_1_842' title='bbox 2566 4958 2837 5040; x_wconf 84' lang='lat' dir='ltr'><strong>siquidem</strong></span> <span class='ocrx_word' id='word_1_843' title='bbox 2883 4948 3222 5040; x_wconf 65' lang='lat' dir='ltr'><strong>perstringit,</strong></span> <span class='ocrx_word' id='word_1_844' title='bbox 3260 4954 3355 5040; x_wconf 70' lang='lat' dir='ltr'><strong>qui</strong></span> <span class='ocrx_word' id='word_1_845' title='bbox 3393 4948 3674 5040; x_wconf 71' lang='lat' dir='ltr'><strong>cuminuui</strong></span> 
     </span>
    </p>
   </div>
   <div class='ocr_carea' id='block_1_113' title="bbox 2096 5026 3680 5097">
    <p class='ocr_par' dir='ltr' id='par_1_113' title="bbox 2096 5026 3680 5097">
     <span class='ocr_line' id='line_1_114' title="bbox 2096 5026 3680 5097; baseline -0.003 -17"><span class='ocrx_word' id='word_1_846' title='bbox 2096 5026 2215 5097; x_wconf 86' lang='lat' dir='ltr'><strong>lege</strong></span> <span class='ocrx_word' id='word_1_847' title='bbox 2256 5039 2465 5084; x_wconf 66' lang='lat' dir='ltr'><strong>natura:</strong></span> <span class='ocrx_word' id='word_1_848' title='bbox 2502 5045 2566 5083; x_wconf 83' lang='lat' dir='ltr'><strong>ex</strong></span> <span class='ocrx_word' id='word_1_849' title='bbox 2607 5026 2722 5082; x_wconf 85' lang='lat' dir='ltr'><strong>viro</strong></span> <span class='ocrx_word' id='word_1_850' title='bbox 2759 5036 2813 5081; x_wconf 86' lang='lat' dir='ltr'><strong>et</strong></span> <span class='ocrx_word' id='word_1_851' title='bbox 2850 5026 3080 5080; x_wconf 69' lang='lat' dir='ltr'><strong>ntulit-re</strong></span> <span class='ocrx_word' id='word_1_852' title='bbox 3127 5033 3444 5097; x_wconf 74' lang='lat' dir='ltr'><strong>generatum</strong></span> <span class='ocrx_word' id='word_1_853' title='bbox 3483 5026 3680 5097; x_wconf 64' lang='lat' dir='ltr'><strong>corpus</strong></span> 
     </span>
    </p>
   </div>
   <div class='ocr_carea' id='block_1_114' title="bbox 2096 5091 3682 5167">
    <p class='ocr_par' dir='ltr' id='par_1_114' title="bbox 2096 5091 3682 5167">
     <span class='ocr_line' id='line_1_115' title="bbox 2096 5091 3682 5167; baseline -0.003 -16"><span class='ocrx_word' id='word_1_854' title='bbox 2096 5091 2466 5167; x_wconf 70' lang='lat' dir='ltr'><strong>assumpsisse</strong></span> <span class='ocrx_word' id='word_1_855' title='bbox 2499 5098 2899 5153; x_wconf 74' lang='lat' dir='ltr'><strong>sibiClu-istnm</strong></span> <span class='ocrx_word' id='word_1_856' title='bbox 2937 5097 3100 5167; x_wconf 73' lang='lat' dir='ltr'><strong>impie</strong></span> <span class='ocrx_word' id='word_1_857' title='bbox 3131 5091 3482 5167; x_wconf 71' lang='lat' dir='ltr'><strong>deﬁniebant.</strong></span> <span class='ocrx_word' id='word_1_858' title='bbox 3516 5091 3682 5167; x_wconf 63' lang='lat' dir='ltr'><strong>itinc-</strong></span> 
     </span>
    </p>
   </div>
   <div class='ocr_carea' id='block_1_115' title="bbox 2099 5114 3679 5239">
    <p class='ocr_par' dir='ltr' id='par_1_115' title="bbox 2099 5114 3679 5239">
     <span class='ocr_line' id='line_1_116' title="bbox 2099 5114 3679 5167; baseline -0.003 -16"><span class='ocrx_word' id='word_1_859' title='bbox 2099 5114 2466 5167; x_wconf 82' lang='lat' dir='ltr'><strong>assnmpstsse</strong></span> <span class='ocrx_word' id='word_1_860' title='bbox 2499 5114 2899 5153; x_wconf 71' lang='lat' dir='ltr'><strong>summu-istum</strong></span> <span class='ocrx_word' id='word_1_861' title='bbox 2937 5114 3007 5150; x_wconf 86' lang='lat' dir='ltr'><strong>un</strong></span> <span class='ocrx_word' id='word_1_862' title='bbox 3033 5114 3100 5150; x_wconf 87' lang='lat' dir='ltr'><strong>ne</strong></span> <span class='ocrx_word' id='word_1_863' title='bbox 3133 5114 3482 5150; x_wconf 78' lang='lat' dir='ltr'><strong>uctiuleoam.</strong></span> <span class='ocrx_word' id='word_1_864' title='bbox 3516 5114 3679 5147; x_wconf 74' lang='lat' dir='ltr'><strong>nute-</strong></span> 
     </span>
     <span class='ocr_line' id='line_1_117' title="bbox 2099 5114 3679 5239; baseline -0.004 -19"><span class='ocrx_word' id='word_1_865' title='bbox 2099 5184 2205 5237; x_wconf 87' lang='lat' dir='ltr'><strong>quc</strong></span> <span class='ocrx_word' id='word_1_866' title='bbox 2233 5171 2368 5223; x_wconf 86' lang='lat' dir='ltr'><strong>adeo</strong></span> <span class='ocrx_word' id='word_1_867' title='bbox 2394 5169 2461 5224; x_wconf 84' lang='lat' dir='ltr'><strong>de.</strong></span> <span class='ocrx_word' id='word_1_868' title='bbox 2491 5170 2581 5223; x_wconf 90' lang='lat' dir='ltr'><strong>illa</strong></span> <span class='ocrx_word' id='word_1_869' title='bbox 2613 5169 2889 5239; x_wconf 89' lang='lat' dir='ltr'><strong>putandus</strong></span> <span class='ocrx_word' id='word_1_870' title='bbox 2911 5114 3176 5239; x_wconf 51' lang='lat' dir='ltr'><strong>est‘loqui</strong></span> <span class='ocrx_word' id='word_1_871' title='bbox 3211 5162 3679 5239; x_wconf 57' lang='lat' dir='ltr'><strong>dissimilitudimj,</strong></span> 
     </span>
    </p>
   </div>
   <div class='ocr_carea' id='block_1_116' title="bbox 2097 5233 3681 5308">
    <p class='ocr_par' dir='ltr' id='par_1_116' title="bbox 2097 5233 3681 5308">
     <span class='ocr_line' id='line_1_118' title="bbox 2097 5233 3681 5308; baseline -0.003 -18"><span class='ocrx_word' id='word_1_872' title='bbox 2097 5233 2262 5307; x_wconf 85' lang='lat' dir='ltr'><strong>quam</strong></span> <span class='ocrx_word' id='word_1_873' title='bbox 2305 5240 2533 5308; x_wconf 83' lang='lat' dir='ltr'><strong>ipsemet</strong></span> <span class='ocrx_word' id='word_1_874' title='bbox 2577 5233 2631 5293; x_wconf 82' lang='lat' dir='ltr'><strong>in</strong></span> <span class='ocrx_word' id='word_1_875' title='bbox 2672 5239 2954 5308; x_wconf 69' lang='lat' dir='ltr'><strong>prowniio</strong></span> <span class='ocrx_word' id='word_1_876' title='bbox 2981 5233 3246 5308; x_wconf 73' lang='lat' dir='ltr'><strong>librorum</strong></span> <span class='ocrx_word' id='word_1_877' title='bbox 3287 5235 3363 5290; x_wconf 87' lang='lat' dir='ltr'><strong>De</strong></span> <span class='ocrx_word' id='word_1_878' title='bbox 3404 5233 3681 5308; x_wconf 58' lang='lat' dir='ltr'><strong>principiis</strong></span> 
     </span>
    </p>
   </div>
   <div class='ocr_carea' id='block_1_117' title="bbox 2097 5302 3684 5374">
    <p class='ocr_par' dir='ltr' id='par_1_117' title="bbox 2097 5302 3684 5374">
     <span class='ocr_line' id='line_1_119' title="bbox 2097 5302 3684 5374; baseline -0.002 -13"><span class='ocrx_word' id='word_1_879' title='bbox 2097 5302 2295 5363; x_wconf 75' lang='lat' dir='ltr'><strong>astruit</strong></span> <span class='ocrx_word' id='word_1_880' title='bbox 2326 5302 2484 5364; x_wconf 48' lang='lat' dir='ltr'><strong>&#39;inler</strong></span> <span class='ocrx_word' id='word_1_881' title='bbox 2524 5302 2771 5363; x_wconf 42' lang='lat' dir='ltr'><strong>nostr-um</strong></span> <span class='ocrx_word' id='word_1_882' title='bbox 2827 5319 2880 5363; x_wconf 77' lang='lat' dir='ltr'><strong>cl</strong></span> <span class='ocrx_word' id='word_1_883' title='bbox 2904 5302 3107 5374; x_wconf 76' lang='lat' dir='ltr'><strong>Christi</strong></span> <span class='ocrx_word' id='word_1_884' title='bbox 3143 5321 3345 5374; x_wconf 80' lang='lat' dir='ltr'><strong>corpus</strong></span> <span class='ocrx_word' id='word_1_885' title='bbox 3378 5302 3684 5360; x_wconf 51' lang='lat' dir='ltr'><strong>{Incurua-</strong></span> 
     </span>
    </p>
   </div>
   <div class='ocr_carea' id='block_1_118' title="bbox 2097 5372 3681 5450">
    <p class='ocr_par' dir='ltr' id='par_1_118' title="bbox 2097 5372 3681 5450">
     <span class='ocr_line' id='line_1_120' title="bbox 2097 5372 3681 5450; baseline -0.003 -19"><span class='ocrx_word' id='word_1_886' title='bbox 2097 5386 2205 5443; x_wconf 83' lang='lat' dir='ltr'><strong>tus,</strong></span> <span class='ocrx_word' id='word_1_887' title='bbox 2239 5378 2437 5449; x_wconf 85' lang='lat' dir='ltr'><strong>inquit,</strong></span> <span class='ocrx_word' id='word_1_888' title='bbox 2479 5379 2883 5450; x_wconf 79' lang='lat' dir='ltr'><strong>est_(Cltristus)</strong></span> <span class='ocrx_word' id='word_1_889' title='bbox 2925 5394 3043 5431; x_wconf 88' lang='lat' dir='ltr'><strong>cum</strong></span> <span class='ocrx_word' id='word_1_890' title='bbox 3084 5372 3219 5429; x_wconf 82' lang='lat' dir='ltr'><strong>Deus</strong></span> <span class='ocrx_word' id='word_1_891' title='bbox 3245 5372 3424 5450; x_wconf 70' lang='lat' dir='ltr'><strong>esset,</strong></span> <span class='ocrx_word' id='word_1_892' title='bbox 3457 5386 3504 5430; x_wconf 88' lang='lat' dir='ltr'><strong>et</strong></span> <span class='ocrx_word' id='word_1_893' title='bbox 3526 5375 3681 5428; x_wconf 79' lang='lat' dir='ltr'><strong>hante</strong></span> 
     </span>
    </p>
   </div>
   <div class='ocr_carea' id='block_1_119' title="bbox 2095 5447 3681 5519">
    <p class='ocr_par' dir='ltr' id='par_1_119' title="bbox 2095 5447 3681 5519">
     <span class='ocr_line' id='line_1_121' title="bbox 2095 5447 3681 5519; baseline -0.001 -18"><span class='ocrx_word' id='word_1_894' title='bbox 2095 5447 2328 5515; x_wconf 72' lang='lat' dir='ltr'><strong>mansit,</strong></span> <span class='ocrx_word' id='word_1_895' title='bbox 2370 5449 2511 5519; x_wconf 77' lang='lat' dir='ltr'><strong>quod</strong></span> <span class='ocrx_word' id='word_1_896' title='bbox 2551 5447 2688 5505; x_wconf 79' lang='lat' dir='ltr'><strong>Deus</strong></span> <span class='ocrx_word' id='word_1_897' title='bbox 2724 5458 2885 5519; x_wconf 77' lang='lat' dir='ltr'><strong>erat,</strong></span> <span class='ocrx_word' id='word_1_898' title='bbox 2925 5463 3112 5517; x_wconf 83' lang='lat' dir='ltr'><strong>corpus</strong></span> <span class='ocrx_word' id='word_1_899' title='bbox 3160 5447 3449 5519; x_wconf 75' lang='lat' dir='ltr'><strong>assumpsit</strong></span> <span class='ocrx_word' id='word_1_900' title='bbox 3500 5452 3681 5519; x_wconf 68' lang='lat' dir='ltr'><strong>nostra</strong></span> 
     </span>
    </p>
   </div>
   <div class='ocr_carea' id='block_1_120' title="bbox 2094 5511 3679 5589">
    <p class='ocr_par' dir='ltr' id='par_1_120' title="bbox 2094 5511 3679 5589">
     <span class='ocr_line' id='line_1_122' title="bbox 2094 5511 3679 5589; baseline -0.004 -18"><span class='ocrx_word' id='word_1_901' title='bbox 2094 5525 2303 5589; x_wconf 79' lang='lat' dir='ltr'><strong>corpori</strong></span> <span class='ocrx_word' id='word_1_902' title='bbox 2317 5511 2527 5585; x_wconf 39' lang='lat' dir='ltr'><strong>&#39;si&#39;mile,</strong></span> <span class='ocrx_word' id='word_1_903' title='bbox 2552 5537 2612 5575; x_wconf 83' lang='lat' dir='ltr'><strong>eo</strong></span> <span class='ocrx_word' id='word_1_904' title='bbox 2650 5518 2763 5576; x_wconf 81' lang='lat' dir='ltr'><strong>solo</strong></span> <span class='ocrx_word' id='word_1_905' title='bbox 2786 5511 3059 5589; x_wconf 61' lang='lat' dir='ltr'><strong>differens,</strong></span> <span class='ocrx_word' id='word_1_906' title='bbox 3082 5514 3221 5585; x_wconf 82' lang='lat' dir='ltr'><strong>quod</strong></span> <span class='ocrx_word' id='word_1_907' title='bbox 3260 5511 3679 5589; x_wconf 78' lang='lat' dir='ltr'><strong>natum_ea:_Vir-</strong></span> 
     </span>
    </p>
   </div>
   <div class='ocr_carea' id='block_1_121' title="bbox 2103 5582 3680 5661">
    <p class='ocr_par' dir='ltr' id='par_1_121' title="bbox 2103 5582 3680 5661">
     <span class='ocr_line' id='line_1_123' title="bbox 2103 5582 3680 5661; baseline -0.004 -19"><span class='ocrx_word' id='word_1_908' title='bbox 2103 5582 2222 5661; x_wconf 68' lang='lat' dir='ltr'><strong>gina</strong></span> <span class='ocrx_word' id='word_1_909' title='bbox 2261 5591 2325 5645; x_wconf 84' lang='lat' dir='ltr'><strong>de</strong></span> <span class='ocrx_word' id='word_1_910' title='bbox 2368 5582 2575 5661; x_wconf 77' lang='lat' dir='ltr'><strong>Spiritu</strong></span> <span class='ocrx_word' id='word_1_911' title='bbox 2614 5600 2798 5645; x_wconf 86' lang='lat' dir='ltr'><strong>sancto</strong></span> <span class='ocrx_word' id='word_1_912' title='bbox 2846 5582 2944 5643; x_wconf 62' lang='lat' dir='ltr'><strong>cst.</strong></span> <span class='ocrx_word' id='word_1_913' title='bbox 3012 5582 3367 5661; x_wconf 47' lang='lat' dir='ltr'><strong>Et&#39;quoniam</strong></span> <span class='ocrx_word' id='word_1_914' title='bbox 3410 5586 3494 5638; x_wconf 84' lang='lat' dir='ltr'><strong>hic</strong></span> <span class='ocrx_word' id='word_1_915' title='bbox 3522 5582 3680 5636; x_wconf 77' lang='lat' dir='ltr'><strong>Jesus</strong></span> 
     </span>
    </p>
   </div>
   <div class='ocr_carea' id='block_1_122' title="bbox 2102 5658 3683 5731">
    <p class='ocr_par' dir='ltr' id='par_1_122' title="bbox 2102 5658 3683 5731">
     <span class='ocr_line' id='line_1_124' title="bbox 2102 5658 3683 5731; baseline -0.004 -18"><span class='ocrx_word' id='word_1_916' title='bbox 2102 5658 2348 5716; x_wconf 80' lang='lat' dir='ltr'><strong>Christus</strong></span> <span class='ocrx_word' id='word_1_917' title='bbox 2380 5658 2536 5716; x_wconf 83' lang='lat' dir='ltr'><strong>natus</strong></span> <span class='ocrx_word' id='word_1_918' title='bbox 2581 5672 2629 5715; x_wconf 81' lang='lat' dir='ltr'><strong>et</strong></span> <span class='ocrx_word' id='word_1_919' title='bbox 2663 5676 2853 5731; x_wconf 69' lang='lat' dir='ltr'><strong>passus</strong></span> <span class='ocrx_word' id='word_1_920' title='bbox 2889 5667 2966 5713; x_wconf 80' lang='lat' dir='ltr'><strong>est</strong></span> <span class='ocrx_word' id='word_1_921' title='bbox 3008 5660 3061 5712; x_wconf 87' lang='lat' dir='ltr'><strong>in</strong></span> <span class='ocrx_word' id='word_1_922' title='bbox 3095 5658 3336 5716; x_wconf 69' lang='lat' dir='ltr'><strong>ueritate,</strong></span> <span class='ocrx_word' id='word_1_923' title='bbox 3373 5664 3422 5709; x_wconf 88' lang='lat' dir='ltr'><strong>et</strong></span> <span class='ocrx_word' id='word_1_924' title='bbox 3454 5671 3557 5707; x_wconf 87' lang='lat' dir='ltr'><strong>non</strong></span> <span class='ocrx_word' id='word_1_925' title='bbox 3590 5668 3683 5722; x_wconf 66' lang='lat' dir='ltr'><strong>per</strong></span> 
     </span>
    </p>
   </div>
   <div class='ocr_carea' id='block_1_123' title="bbox 2096 5731 3681 5801">
    <p class='ocr_par' dir='ltr' id='par_1_123' title="bbox 2096 5731 3681 5801">
     <span class='ocr_line' id='line_1_125' title="bbox 2096 5731 3681 5801; baseline -0.005 -17"><span class='ocrx_word' id='word_1_926' title='bbox 2096 5731 2399 5801; x_wconf 83' lang='lat' dir='ltr'><strong>imaginem,</strong></span> <span class='ocrx_word' id='word_1_927' title='bbox 2430 5733 2694 5786; x_wconf 81' lang='lat' dir='ltr'><strong>communi</strong></span> <span class='ocrx_word' id='word_1_928' title='bbox 2717 5731 2814 5783; x_wconf 81' lang='lat' dir='ltr'><strong>hac</strong></span> <span class='ocrx_word' id='word_1_929' title='bbox 2848 5740 3017 5801; x_wconf 81' lang='lat' dir='ltr'><strong>morte</strong></span> <span class='ocrx_word' id='word_1_930' title='bbox 3046 5743 3157 5784; x_wconf 78' lang='lat' dir='ltr'><strong>rere</strong></span> <span class='ocrx_word' id='word_1_931' title='bbox 3183 5735 3422 5787; x_wconf 78' lang='lat' dir='ltr'><strong>mortuus</strong></span> <span class='ocrx_word' id='word_1_932' title='bbox 3442 5736 3541 5791; x_wconf 67' lang='lat' dir='ltr'><strong>est,</strong></span> <span class='ocrx_word' id='word_1_933' title='bbox 3569 5739 3681 5784; x_wconf 71' lang='lat' dir='ltr'><strong>vers</strong></span> 
     </span>
    </p>
   </div>
   <div class='ocr_carea' id='block_1_124' title="bbox 2091 5800 3668 5859">
    <p class='ocr_par' dir='ltr' id='par_1_124' title="bbox 2091 5800 3668 5859">
     <span class='ocr_line' id='line_1_126' title="bbox 2091 5800 3668 5859; baseline -0.001 -3"><span class='ocrx_word' id='word_1_934' title='bbox 2091 5800 2229 5856; x_wconf 80' lang='lat' dir='ltr'><strong>enim</strong></span> <span class='ocrx_word' id='word_1_935' title='bbox 2267 5820 2299 5857; x_wconf 81' lang='grc' dir='ltr'><strong>ιι</strong></span> <span class='ocrx_word' id='word_1_936' title='bbox 2326 5804 2547 5859; x_wconf 72' lang='lat' dir='ltr'><strong>inermis</strong></span> <span class='ocrx_word' id='word_1_937' title='bbox 2591 5800 2900 5858; x_wconf 77' lang='lat' dir='ltr'><strong>resurrexit,</strong></span> <span class='ocrx_word' id='word_1_938' title='bbox 3064 5820 3077 5830; x_wconf 62' lang='grc' dir='ltr'><em>τ</em></span> <span class='ocrx_word' id='word_1_939' title='bbox 3659 5830 3668 5843; x_wconf 76' lang='grc' dir='ltr'><strong><em>ο</em></strong></span> 
     </span>
    </p>
   </div>
   <div class='ocr_carea' id='block_1_125' title="bbox 3740 784 3754 810">
    <p class='ocr_par' dir='ltr' id='par_1_125' title="bbox 3740 784 3754 810">
     <span class='ocr_line' id='line_1_127' title="bbox 3740 784 3754 810; baseline 0 0"><span class='ocrx_word' id='word_1_940' title='bbox 3740 784 3754 810; x_wconf 69' lang='grc' dir='ltr'><em>θ</em></span> 
     </span>
    </p>
   </div>
  </div>
