4132 6478
447 405 582 460 18ιὸ

1608 395 1676 452 ΙΝ
1717 395 1950 453 LUCA.“
1985 392 2271 450 HOMiLlA
2307 390 2474 446 XVII.

3572 388 3707 443 1346

442 517 560 584 ejus
588 513 816 583 qumstio
859 513 1184 578 concitetur,
1211 521 1268 568 et
1300 514 1360 568 lit
1406 513 1626 586 signum
1656 517 1742 570 cui
1797 497 2018 570 contra-
2049 520 2094 578 Α
2122 520 2372 566 mortuus
2413 519 2536 565 est:
2588 506 2828 577 quandiu
2866 506 3011 561 enim
3062 505 3400 562 abscondit-te
3430 515 3585 559 erant
3613 521 3705 560 co-

441 608 664 661 dicitur.
702 605 816 676 Ego
855 614 910 661 et
948 606 1051 660 hoc
1093 606 1238 674 quod
1287 607 1673 676 prophetarum
1707 622 1802 660 ore
1829 607 2024 676 praedi-

441 712 588 756 ctum
619 709 721 764 est,
753 707 884 768 puto
924 699 1138 767 signum
1171 712 1296 752 esse
1325 697 1411 752 cui
1439 698 1854 753 contradicitur.
1886 697 2025 753 Sunt

441 794 587 847 en'm
621 791 802 860 plures
836 787 1096 855 haeretici,
1129 790 1222 858 qui
1250 799 1504 844 asserunt
1533 805 1659 845 eum
1693 803 1724 844 ι
1748 791 2024 860 prephctis

446 886 664 954 penitus
699 899 806 937 non
842 881 1014 938 fuisse
1045 881 1414 952 pra‘dicatnm.
1428 881 1494 936 Et
1523 881 1652 951 quid
1687 897 1775 936 me
1808 896 2026 936 necesse

443 984 527 1028 est
557 974 726 1028 multa
757 971 1258 1043 prosequi?0mnia
1290 988 1412 1042 quae
1441 975 1508 1029 de
1527 989 1593 1029 eo
1618 985 1836 1029 enarrat
1855 974 2026 1028 hist0«

447 1067 549 1130 tia,
578 1065 795 1135 signutn
831 1073 915 1119 est
953 1064 1039 1118 cui
1082 1064 1498 1120 contradicitur.
1558 1065 1674 1120 Non
1715 1066 1858 1136 quod
1890 1080 2025 1120 con-

445 1156 785 1211 tradicanthi
807 1157 901 1226 qui
933 1155 1167 1210 credunt
1197 1155 1252 1210 in
1289 1171 1416 1211 eum
1443 1174 1456 1211 :
1491 1172 1593 1212 nos
1615 1157 1814 1226 quippe
1841 1156 2024 1210 omnia

445 1246 655 1299 scimus
685 1260 808 1298 vera
853 1259 976 1300 esse
1020 1261 1144 1314 quae
1176 1245 1376 1316 scripta
1405 1254 1529 1300 sunt
1555 1263 1568 1299 :
1592 1247 1683 1300 sed
1717 1247 1843 1315 qttia
1884 1245 2023 1314 apud

444 1335 758 1390 incredulos
777 1336 1052 1396 universa.
1083 1350 1204 1406 qum
1225 1336 1290 1391 de
1316 1351 1382 1390 eo
1411 1337 1611 1404 scripta
1643 1346 1791 1399 sunt,
1811 1337 2024 1401 signum

443 1431 519 1480 sit
553 1425 641 1479 cui
683 1425 1098 1480 contradicitur.
1142 1424 1348 1480 Deinde
1379 1424 1598 1479 Sinieon
1629 1426 1742 1478 ait:
1777 1424 1846 1478 Et
1880 1435 2026 1478 tuam

444 1518 613 1585 ipsius
658 1522 892 1570 animum
938 1519 1281 1588 pertransibit
1324 1513 1554 1587 gladius.
1617 1516 1752 1582 Quis
1799 1523 1882 1571 est
1927 1517 2028 1571 iste

444 1609 682 1678 gladius,
715 1609 809 1678 qul
836 1620 946 1662 non
984 1610 1216 1664 aliorum
1250 1617 1482 1676 tantum,
1524 1610 1618 1664 sed
1660 1611 1822 1665 etiarn
1849 1610 2029 1665 Mariae

443 1714 541 1754 cor
568 1699 899 1769 pertransit?
934 1701 1133 1770 Aperte
1177 1701 1460 1766 scribitur,
1495 1703 1638 1771 quod
1695 1702 1747 1756 in
1785 1711 2029 1772 tempore

446 1791 720 1860 passionis
771 1807 963 1846 omnes
1011 1792 1122 1847 siut
1167 1792 1394 1862 apostoli
1453 1793 1846 1856 scandalizati,
1910 1793 2030 1862 ipso

2124 602 2434 673 gitationes,
2469 612 2567 652 nec
2596 597 2817 666 prolata:
2853 596 2904 648 itt
2938 596 3200 661 medium,
3234 596 3566 664 impossibile
3588 603 3707 648 erat

2122 708 2218 747 eas
2240 691 2455 761 penitus
2481 688 2726 743 interﬁci.
2773 684 2928 739 Unde
2959 696 3014 740 et
3048 697 3169 750 nos,
3199 687 3241 740 si
3274 686 3705 755 peccaverimns,

2124 783 2385 837 debemus
2414 781 2594 834 dicere
2633 796 2646 833 :
2695 778 2982 832 Peccatum
3022 793 3194 831 meum
3237 787 3420 832 uotum
3456 777 3557 846 feci
3585 776 3704 841 tibi,

2125 883 2174 927 et
2205 873 2543 943 iniquitatem
2571 884 2739 923 meum
2765 884 2869 922 nou
2892 867 3056 939 953
3090 869 3361 924 abscondi.
3392 868 3518 921 Dici
3543 883 3560 920 :
3598 869 3703 921 An-

2125 964 2386 1019 nuutiabo
2413 963 2740 1032 injustitiatts
2769 978 2941 1016 meam
2967 972 3154 1016 contra
3179 976 3259 1014 me
3283 959 3513 1014 Domino
3541 961 3607 1011 “.
3645 959 3705 1014 Si

2125 1057 2271 1112 enim
2305 1054 2410 1110 hoc
2454 1054 2766 1120 fecerimus,
2797 1062 2849 1109 et
2887 1054 3305 1109 revelarerimus
3344 1062 3566 1122 peceata
3613 1066 3708 1106 uo-

2128 1160 2240 1204 stra
2275 1163 2382 1202 non
2417 1149 2595 1203 solum
2628 1147 2756 1213 Deo,
2787 1148 2880 1202 sed
2911 1156 2964 1201 et
2993 1148 3078 1200 his
3109 1146 3200 1216 qui
3230 1149 3462 1216 possunt
3499 1146 3703 1200 mederi

2127 1243 2446 1297 vulneribus
2478 1240 2684 1295 nostris
2721 1252 2886 1309 atque
2918 1242 3180 1309 peccatis,
3212 1239 3541 1292 delabuntur
3582 1253 3707 1307 pee-

2125 1344 2246 1390 cata
2272 1344 2457 1388 nostra
2480 1334 2549 1387 ab
2577 1347 2664 1395 eo,
2686 1332 2776 1401 qui
2806 1332 2880 1384 ait
2909 1346 2922 1382 :
2953 1330 3083 1383 Ecce
3113 1330 3290 1384 delebo
3313 1330 3574 1383 utnubem
3604 1330 3708 1382 ini-

2125 1425 2352 1496 quitates
2384 1435 2524 1490 tuas,
2555 1435 2606 1478 et
2635 1425 2770 1476 sicut
2804 1423 3084 1492 caliginem
3125 1432 3338 1490 peccata
3362 1432 3453 1474 tua
3481 1423 3548 1474 δ’.
3579 1421 3707 1476 Post

2130 1517 2404 1571 Simeonis
2433 1516 2798 1585 prophetiam,
2825 1515 2953 1584 quia
2986 1529 3205 1568 necesse
3227 1523 3342 1567 erat
3370 1524 3427 1568 ut
3454 1513 3708 1568 mulieres

2127 1610 2292 1664 etiam
2339 1608 2701 1672 salvarentur,
2739 1606 2889 1660 venit
2926 1605 3218 1674 prophetes
3255 1605 3472 1668 mulier,
3505 1604 3573 1659 de
3600 1621 3706 1674 qua

2130 1699 2388 1755 scribitur
2432 1714 2444 1750 :
2493 1697 2560 1751 Et
2604 1709 2720 1751 erat
2751 1697 2904 1750 Amm
2932 1696 3285 1765 prophetissa,
3321 1696 3439 1765 ﬁlia
3472 1696 3707 1750 Phanuel

2129 1792 2195 1846 de
2233 1791 2374 1844 tribu
2401 1792 2553 1845 Aser.
2584 1789 2760 1855 Quam
2789 1789 3014 1858 pulcher
3043 1789 3207 1842 ordo!
3245 1787 3365 1846 Non
3399 1789 3544 1841 venit
3585 1798 3712 1841 ante

444 1895 664 1951 quoque
699 1880 931 1936 Domino
966 1882 1178 1936 dicente
1207 1881 1252 1914 ”
1289 1899 1303 1937 :
1334 1882 1527 1937 Omnes
1567 1898 1652 1936 ros
1688 1883 2024 1936 scandaliza-
2059 1877 2098 1931 B
2129 1882 2304 1934 virum
2340 1881 2556 1945 mulier,
2604 1879 2697 1933 sed
2736 1879 2971 1948 primum
3007 1877 3156 1932 venit
3207 1876 3452 1940 Simeon,
3485 1878 3578 1946 qui
3616 1893 3710 1946 ap-

445 1971 631 2026 bimiui
657 1975 713 2026 iu
735 1981 883 2026 nocte
907 1971 1024 2025 hac.
1052 1971 1192 2042 Ergo
1216 1973 1569 2027 scandalizati
1605 1982 1731 2028 sunt
1757 1973 2022 2037 universi,

446 2061 500 2116 in
535 2071 745 2116 tantum
777 2070 838 2116 ut
875 2061 1070 2116 Petrus
1096 2078 1317 2132 quoque
1364 2064 1734 2132 apostolorum
1773 2064 2025 2133 princeps

446 2153 606 2207 tertio
633 2152 932 2224 denegarit.
967 2153 1153 2219 Quid?
1182 2163 1440 2224 putamus
1468 2153 1637 2224 quod,
1686 2153 2026 2209 seandaliza-

445 2243 517 2298 tis
550 2243 834 2314 apostolis.
877 2243 987 2313 (47)
1020 2242 1190 2300 Mater
1224 2243 1442 2299 Domini
1494 2259 1524 2298 a
1553 2245 1813 2300 seandalo
1861 2244 2026 2299 fuerit

446 2333 753 2389 immunis?
795 2334 855 2389 Si
885 2335 1206 2390 scandalum
1262 2337 1316 2390 in
1349 2335 1565 2391 Domini
1613 2338 1869 2408 passione
1915 2354 2024 2394 non

444 2440 604 2494 passa
632 2436 734 2490 est,
761 2440 869 2480 non
903 2435 988 2482 est
1017 2436 1266 2483 mortuus
1292 2426 1454 2485 iesns
1489 2444 1588 2500 pro
1618 2431 1858 2502 peccatis
1883 2431 2025 2502 ejus.

445 2513 501 2569 Si
541 2526 720 2571 autem
757 2533 949 2574 omnes
990 2528 1376 2589 peccaverunt,
1409 2529 1462 2575 et
1500 2530 1662 2590 egent
1705 2522 1875 2594 gloria
1907 2522 2023 2589 Dei,

437 2605 722 2674 justilicati
755 2609 927 2678 gratia
963 2609 1082 2679 ejus
1115 2620 1168 2664 et
1205 2611 1490 2679 redempti,
1535 2611 1722 2682 utique
1769 2621 1824 2668 et
1857 2611 2025 2670 Maria

443 2697 539 2752 illo
566 2706 811 2768 tempore
839 2699 1210 2755 scandalizat:
1243 2709 1346 2756 est.
1371 2699 1438 2755 Et
1466 2701 1570 2756 hoc
1595 2703 1844 2771 estquod
1879 2719 2027 2761 nunc

445 2789 667 2844 Simeon
700 2792 1005 2862 prophetat,
1033 2793 1221 2849 dicens
1247 2811 1261 2848 :
1291 2792 1359 2847 Et
1385 2803 1532 2848 tuam
1558 2796 1726 2864 ipsius
1755 2797 2028 2863 animum;

442 2897 568 2952 qua».
607 2883 714 2936 scis
759 2883 965 2952 absque
1003 2885 1120 2938 viro
1167 2885 1441 2954 peperisse
1493 2895 1544 2941 te
1575 2883 1870 2955 Virginem,
1905 2903 2028 2958 quae

442 2974 646 3028 audisti
680 2991 709 3029 a
740 2975 990 3031 Cabriele
1014 2994 1028 3029 :
1054 2973 1287 3044 Spiritus
1317 2987 1533 3030 sanctus
1563 2979 1726 3032 veniet
1760 2995 1922 3049 super
1952 2988 2022 3045 te,

442 3075 493 3119 et
524 3068 684 3120 virtus
709 3067 973 3121 Altissimi
1008 3068 1344 3122 obumbrabit
1382 3070 1503 3137 tibi,
1528 3072 1875 3140 pertransibit
1903 3071 2025 3127 infl-

442 3157 681 3214 delitatis
726 3159 963 3230 gladius,
990 3168 1046 3214 et
1074 3160 1449 3231 ambiguitatis
1491 3177 1752 3217 mucrone
1786 3162 2019 3229 ferioris,

439 3258 495 3304 et
524 3251 883 3320 cogitationes
929 3263 1035 3309 tuas
1067 3263 1120 3308 te
1165 3267 1219 3306 in
1261 3253 1476 3307 dirersa
1514 3253 1854 3314 lacerabunt.
1893 3271 2017 3310 cum
2049 3223 2094 3284 c

440 3340 642 3396 videris
675 3342 852 3409 illum,
879 3359 1041 3414 quem
1073 3343 1269 3398 Filium
1298 3341 1389 3398 Dei
1419 3343 1694 3409 audieras,
1725 3353 1780 3400 et
1809 3345 2020 3401 sciebas

437 3431 649 3502 absque
695 3435 904 3490 semine
949 3435 1050 3489 riri
1095 3451 1219 3491 esse
1275 3444 1625 3505 generatum,
1677 3435 1921 3506 cruciﬂgi
1966 3444 2022 3492 et

438 3527 602 3594 mori,
637 3535 691 3581 et
728 3529 1010 3598 suppliciis
1051 3528 1309 3585 humanis
1343 3544 1465 3583 esse
1513 3529 1842 3599 subjectum,
1869 3537 1922 3584 ct
1953 3530 2019 3584 ad

436 3626 777 3688 postremum
821 3620 1245 3691 lacrymabiliter
1288 3629 1706 3691 conquerentem
1750 3630 1914 3690 atque
1941 3621 2026 3675 di-

435 3720 693 3766 centem:
731 3711 915 3775 Pater,
959 3713 1006 3766 si
1046 3713 1297 3782 possibile
1337 3722 1452 3777 est,
1497 3721 1828 3780 pertranseat
1877 3714 2022 3768 calix

437 3801 536 3856 iste
573 3819 607 3854 ιι
640 3819 722 3858 ms
748 3804 813 3860 ”.
843 3802 1000 3857 —Et
1042 3815 1191 3858 tuam
1231 3821 1354 3874 ergo
1395 3805 1630 3858 animum
1674 3805 2020 3874 pertransibit

328 3961 337 3970 Ι
437 3892 684 3963 gladius,
723 3905 779 3951 ut
821 3895 1116 3950 ret'eleutur
1148 3911 1212 3950 ex
1253 3896 1544 3949 multorum
1585 3896 1832 3951 cordibus
1876 3897 2021 3967 cogi-

439 3986 688 4041 lationes.
740 3986 1113 4058 Cogitationes
1164 3994 1322 4042 erant
1373 3986 1530 4041 malae
1575 3986 1628 4041 in
1682 3987 2019 4056 hominibus,

436 4092 562 4146 qua:
605 4085 890 4150 propterea
937 4079 1186 4134 ret-elatas
1236 4088 1386 4141 sunt,
1434 4086 1494 4131 ut
1535 4079 1756 4146 prolaue
1799 4078 1854 4132 in
1901 4093 2017 4133 mea-

437 4165 590 4222 dium
645 4171 1024 4239 perderentur,
1082 4177 1137 4223 et
1192 4167 1491 4223 interfectae
1541 4177 1705 4237 atque
1757 4179 2020 4226 emortua;

435 4273 561 4313 esse
593 4260 926 4328 desinerent,
969 4271 1023 4316 et
1047 4261 1321 4317 occideret
1356 4275 1451 4315 eas
1486 4260 1574 4316 ille
1603 4260 1695 4329 qui
1727 4275 1826 4330 pro
1860 4261 2018 4317 nobis

505 4352 550 4383 "
575 4350 765 4408 Matth.
799 4363 947 4419 uri,
974 4355 1064 4409 51.
1137 4355 1184 4386 ⁸⁸
1213 4353 1346 4408 ibid.
1387 4353 1477 4408 59.
1551 4353 1594 4386 ⁸⁸
1621 4351 1766 4408 Psal.
1797 4369 1971 4419 χχχιι,
1999 4356 2052 4410 5.

509 4443 621 4516 (i7)
657 4442 771 4516 Hoc
795 4460 1014 4516 quoque
1044 4462 1209 4516 supra
1244 4452 1491 4516 notatum
1519 4453 1602 4516 est
1629 4445 1792 4516 nobis
1819 4443 1885 4516 ad
1919 4444 2018 4497 ho-

437 4515 644 4570 miliam
671 4513 737 4568 Η
757 4513 948 4588 contra
972 4513 1282 4588 Qrigéuem,
1303 4517 1393 4570 ubi
1422 4515 1645 4588 Mariam
1668 4513 1868 4588 Christi
1905 4530 2013 4568 ma-

437 4597 599 4650 trem,
632 4595 817 4658 utpote
844 4584 1141 4658 hominem,
1168 4587 1489 4658 purgatione
1519 4584 1816 4658 indiguisse
1837 4600 1865 4638 a
1883 4599 2008 4658 pec-

436 4664 562 4710 cato
611 4655 805 4719 sensit,
843 4656 1103 4725 refragari
1149 4655 1295 4712 hanc
1332 4655 1655 4711 sententiam
1699 4657 2016 4725 orthodoxae

438 4725 699 4782 Ecclesiae
731 4724 1050 4790 consensui,
1080 4725 1494 4796 Tridentiniqtte
1524 4726 1740 4781 concilii
1772 4724 2013 4789 decreto,

437 4807 574 4853 sect.
607 4797 663 4860 6,
702 4811 827 4850 can.
860 4796 953 4860 25',
987 4813 1094 4866 quo
1129 4796 1189 4850 B.
1227 4795 1632 4865 Virgo'nullum
1669 4810 1908 4864 unquam
1939 4796 2015 4866 in

436 4882 499 4922 se
532 4874 811 4937 peccatum
849 4865 1136 4922 admisisse
1165 4868 1380 4935 speciali
1412 4866 1501 4920 Det
1527 4865 2011 4937 privilegiogdecla-

438 4935 610 4992 ratur.
636 4936 873 5005 ldipsntn
905 4938 992 4993 hic
1026 4939 1337 5006 reponimus
1367 4935 1714 5001 Adamantio,
1739 4935 1830 5004 qul
1865 4951 2017 4988 scan-

435 5007 574 5072 dali,
606 5006 970 5076 inﬁdelitatis,
1010 5007 1480 5078 ambiguitatisque
1527 5019 1649 5078 reas
1685 5016 1862 5078 notas,
1901 5006 2016 5060 cul-

438 5093 674 5148 pamque
741 5079 1102 5133 sanctissima:
1159 5076 1262 5132 Dei
1314 5076 1469 5132 Matri
1540 5076 1703 5131 audet
1743 5077 2014 5148 inurere.

437 5145 801 5218 Quanquam,
852 5158 910 5202 nt
953 5165 1020 5204 ne
1059 5149 1188 5218 quid
1241 5148 1618 5212 dissimulem,
1675 5147 1810 5209 scio,
1847 5155 1900 5200 et
1942 5147 2011 5202 cl.

440 5213 668 5289 [laetius
695 5226 865 5283 notat,
900 5219 1036 5272 hunc
1064 5213 1234 5289 ipsam
1259 5219 1509 5288 Ot'igenis
1540 5219 1862 5289 sententiain
1898 5219 2018 5273 toti-

438 5287 578 5357 dem
614 5289 1004 5356 propemodum
1053 5287 1230 5344 verbis
1283 5290 1336 5343 in
1366 5287 1664 5357 epistolam
1715 5304 1868 5343 suain
1911 5289 2014 5342 517

443 5354 696 5411 retulisse
720 5354 982 5428 maguum
1018 5359 1300 5424 Basiliam,
1337 5354 1432 5428 qui
1462 5359 1625 5428 gladii
1660 5360 1880 5412 nomine
1908 5360 2014 5411 llu-

439 5428 770 5481 ctuationem
816 5430 1107 5497 quamdam
1165 5429 1396 5484 indicari
1441 5443 1471 5482 a
1508 5428 1762 5482 Simeonc
1801 5430 2010 5494 scribit,

439 5497 739 5569 divisuiam
793 5497 844 5569 in
891 5511 1071 5567 partes
1103 5497 1282 5554 Mariae
1324 5499 1599 5565 animam,
1649 5507 1875 5569 mortem
1918 5515 2014 5569 pa-

444 5568 610 5640 tiente
633 5565 977 5640 filio,_justa
1015 5571 1256 5640 ejusdem
1288 5570 1567 5640 oraculum
1595 5585 1607 5620 :
1641 5567 1830 5640 Omnes
1865 5565 2015 5622 scan-

439 5635 812 5710 dalizabimini
853 5638 904 5710 in
935 5635 1060 5696 ηυξ.⁷
1081 5641 1336 5710 Alioquin
1367 5639 1704 5710 adsanctain
1739 5637 2009 5710 Virginem

440 5708 634 5761 mortis
675 5706 878 5778 Christi
930 5711 1164 5764 fructum
1219 5706 1326 5765 non
1383 5708 1552 5764 fuisse
1601 5706 2006 5778 perventurum.

440 5778 603 5832 Adiit
649 5775 917 5850 laudatus
947 5780 1298 5836 Abt-incensis
1352 5775 1639 5850 episcopus
1673 5778 1854 5833 Titum
1903 5779 2008 5832 Bo-

440 5859 682 5904 strenum
705 5887 720 5914 ,
764 5847 1240 5920 Amphilochium,
1289 5847 1428 5907 orat.
1465 5847 1626 5920 3,71»
1655 5867 1873 5905 occursu
1906 5851 2007 5903 Uu~

2054 4552 2097 4617 D

2129 1973 2410 2042 prehendit
2454 1971 2737 2035 infantem,
2769 1979 2821 2024 et
2863 1970 3035 2024 tenuit
3066 1970 3120 2022 in
3155 1969 3393 2024 brachiis
3424 1969 3540 2024 suis
3567 1985 3580 2020 :
3608 1970 3704 2022 de-

2127 2066 2255 2122 inde
2289 2067 2508 2130 mulier,
2535 2065 2694 2134 cujus
2723 2077 2829 2117 non
2866 2071 2994 2117 sunt
3025 2063 3246 2133 quidem
3278 2063 3440 2116 verba
3469 2063 3699 2130 digesta,

2127 2159 2220 2216 sed
2259 2158 2464 2213 dictum
2513 2162 2598 2212 est
2635 2154 2962 2226 generaliter
3006 2153 3152 2224 quod
3198 2152 3450 2209 confessa
3490 2155 3561 2208 sit
3601 2153 3707 2205 Do-

2127 2248 2302 2314 mino,
2347 2256 2403 2302 et
2447 2245 2629 2301 locuta
2676 2245 2743 2299 de
2776 2258 2842 2299 eo
2883 2244 3140 2298 erunibus
3183 2243 3277 2313 qui
3322 2243 3710 2312 exspectabant

2126 2336 2560 2406 redemptionem
2596 2333 2780 2388 Israel.
2820 2331 2885 2385 Et
2916 2332 3062 2402 juste
3093 2341 3280 2387 sancta
3321 2333 3519 2386 mulier
3547 2333 3710 2401 spiri-

2130 2438 2242 2485 tum
2276 2426 2633 2499 proplietandi
2663 2423 2861 2480 meruit
2889 2423 3154 2494 accipere,
3186 2425 3313 2493 quia
3353 2425 3510 2494 longa
3539 2426 3710 2479 casti—

2130 2529 2238 2576 tate
2281 2520 2564 2590 longisque
2593 2516 2819 2589 jejuniis
2857 2516 2922 2568 ad
2967 2516 3071 2570 hoc
3104 2520 3320 2572 culmen
3365 2519 3704 2573 ascendet'az.

2133 2610 2340 2677 Videte,
2377 2612 2656 2678 mulieres,
2688 2610 3061 2667 testimonium
3099 2611 3288 2676 Annae,
3323 2620 3374 2665 et
3411 2611 3706 2664 imitamini

2126 2703 2279 2770 iliud,
2324 2705 2370 2759 si
2411 2703 2634 2774 quando
2675 2704 2830 2759 vobis
2869 2701 3111 2758 evenerit
3158 2713 3216 2758 ut
3262 2704 3498 2774 perdatis
3535 2704 3701 2760 viros.

2124 2795 2485 2852 Considerate
2509 2798 2642 2867 quid
2669 2797 2736 2853 de
2769 2813 2833 2851 ea
2865 2797 3129 2866 scriptum
3158 2797 3230 2851 sit
3260 2815 3273 2852 :
3303 2795 3514 2866 Septem
3551 2803 3707 2852 annis

2125 2893 2259 2947 vixit
2306 2891 2666 2961 avirgiuitate
2716 2909 2814 2945 sua
2863 2906 2982 2942 cum
3033 2893 3145 2946 viro
3203 2907 3319 2953 suo,
3370 2902 3423 2945 et
3475 2891 3706 2958 reliqua,

2125 2990 2402 3054 propterea
2429 2982 2702 3051 prophetes
2727 2982 2849 3052 fuit.
2882 2982 3067 3052 Neque
3095 2983 3241 3038 enim
3274 2993 3333 3036 ut
3358 2983 3487 3037 libet
3520 2991 3574 3036 ct
3600 2980 3710 3035 for-

2126 3081 2265 3132 tuito
2291 3077 2528 3148 Spiritus
2553 3087 2774 3132 sanctus
2803 3078 3067 3132 habitavit
3103 3079 3153 3130 in
3183 3092 3268 3130 ea.
3300 3076 3508 3130 Bonum
3541 3086 3626 3129 est
3652 3086 3707 3129 et

2126 3169 2386 3239 primum,
2431 3169 2477 3222 si
2518 3184 2624 3238 qua
2670 3179 2850 3238 potest
2886 3170 3216 3240 virginitatis
3265 3170 3494 3240 gratiam
3532 3168 3710 3238 possi-

2125 3260 2274 3316 dere.
2305 3257 2364 3313 Si
2395 3265 2576 3312 autem
2608 3258 2714 3312 hoc
2741 3273 2849 3312 non
2878 3239 3137 3328 potuerit,
3167 3239 3536 3314 sedievenerit
3562 3257 3613 3312 ei
3647 3265 3710 3311 ut

2125 3352 2318 3424 perdat
2342 3351 2543 3417 virum,
2577 3349 2742 3406 vidua
2776 3359 3102 3420 perseveret.
3135 3349 3292 3418 Quod
3330 3351 3550 3422 quidem
3584 3363 3694 3404 non

2127 3445 2304 3510 solum
2349 3451 2473 3515 post
2498 3451 2728 3498 mortem
2771 3443 2898 3509 viri,
2943 3443 3037 3498 sed
3081 3443 3243 3498 etiam
3289 3457 3413 3498 cum
3450 3442 3540 3497 ille
3575 3441 3710 3497 vivit

2127 3537 2287 3590 debet
2310 3535 2512 3590 habere
2553 3534 2607 3588 in
2635 3533 2842 3599 animo,
2874 3543 2934 3588 ut
2975 3534 3188 3589 etiamsi
3240 3549 3347 3588 non
3377 3533 3584 3587 venerit
3613 3548 3708 3587 vo-

2127 3627 2310 3680 luntas
2349 3625 2521 3694 ipsius
2559 3631 2616 3678 et
2641 3621 3007 3693 propositum,
3050 3637 3080 3676 a
3110 3621 3344 3678 Domino
3386 3631 3703 3683 coronetur.

2122 3726 2179 3772 et
2206 3715 2386 3770 dicat:
2417 3713 2531 3768 Hoc
2567 3727 2738 3767 voveo
2768 3720 2933 3782 atque
2962 3713 3239 3784 promitto,
3271 3712 3318 3768 si
3345 3712 3479 3768 mihi
3513 3713 3708 3768 huma-

2124 3820 2256 3861 num
2292 3805 2498 3875 aliquid
2529 3803 2675 3874 quod
2713 3819 2820 3856 nou
2865 3812 2994 3873 opto
3036 3803 3350 3874 contigerit,
3384 3803 3524 3859 nihil
3556 3803 3702 3859 aliud

2123 3897 2320 3954 faciam
2349 3913 2514 3968 quam
2577 3895 3007 3951 incontaminata
3031 3895 3306 3966 viduaque
3338 3911 3701 3966 perseverem.

2125 3988 2283 4044 Nunc
2313 4004 2444 4045 vero
2472 3996 2527 4043 et
2558 3988 2812 4044 secundas
2854 3998 2910 4044 et
2940 3988 3117 4043 tertiae
3157 3997 3212 4043 et
3241 3998 3450 4059 quartae
3477 3989 3702 4059 nuptiae,

2129 4089 2190 4136 ut
2214 4080 2284 4136 tle
2312 4081 2561 4152 pluribus
2599 4088 2833 4146 taceam,
2861 4081 3229 4150 reperiuntur,
3261 4089 3316 4136 et
3347 4096 3456 4136 non
3486 4081 3700 4152 Ignora-

2126 4188 2251 4229 mus
2277 4173 2422 4244 quod
2467 4173 2577 4228 tale
2610 4172 2928 4243 conjugium
2953 4171 3068 4242 (i8)
3091 4171 3272 4241 ejiciet
3314 4187 3413 4227 nos
3443 4172 3510 4227 tle
3533 4187 3700 4244 regno

2128 4262 2246 4320 Dei.
2300 4263 2454 4322 Sicut
2487 4266 2632 4320 enim
2675 4267 2745 4322 ab
2791 4264 3176 4321 ecclesiasticis
3201 4263 3559 4334 dignitatibus
3587 4279 3696 4320 non

2130 4357 2175 4391 "
2198 4356 2302 4414 lsa.
2333 4374 2478 4424 thv,
2506 4359 2597 4413 22.

2128 4448 2280 4514 mini,
2302 4446 2749 4518 Chrysostomum
2775 4448 2832 4518 in
2859 4446 2994 4516 psal.
3021 4462 3138 4518 Xlll,
3164 4446 3424 4518 Cyrillum
3460 4446 3517 4500 in
3537 4444 3699 4500 Joano

2128 4535 2266 4580 nem,
2299 4517 2545 4587 alioSque
2579 4517 2894 4583 nonnullos,
2928 4517 3021 4587 qui
3057 4517 3328 4587 SitneOuis
3358 4518 3694 4586 prophetiam

2125 4589 2314 4643 eodem
2348 4585 2622 4657 explicant
2655 4603 2822 4641 sensu
2855 4602 2868 4638 :
2900 4585 3112 4640 tametsi
3149 4598 3271 4656 post
3303 4585 3693 4643 dubitationem

2121 4657 2302 4712 statim
2335 4660 2518 4711 animo
2551 4658 2928 4710 conﬁrmatam
2967 4657 3190 4711 Mariam
3231 4659 3418 4724 fuisse,
3453 4657 3695 4728 plerique

2117 4743 2309 4784 omnes
2340 4728 2564 4782 minime
2603 4729 2952 4781 dillitcantur.
3361 4741 3366 4745 ‘

2191 4799 2305 4868 (48)
2351 4795 2473 4850 llarc
2503 4814 2718 4866 quoque
2747 4800 2951 4852 absona
2983 4795 3233 4862 Ecclesia;
3255 4797 3528 4868 dogmatis
3567 4812 3694 4852 sen-

2121 4865 2294 4922 tentia
2317 4879 2398 4922 est
2421 4870 2487 4922 de
2517 4865 2726 4921 iteratis
2757 4868 2982 4936 nuptiis,
3014 4869 3155 4936 quod
3184 4865 3403 4935 ejiciant
3428 4865 3495 4919 de
3521 4882 3690 4935 regno

2119 4937 2236 4992 Dei.
2271 4937 2334 4992 Et
2371 4939 2497 4992 licet
2523 4939 2684 5008 paulo
2725 4947 2845 5002 post
2876 4951 3146 4991 summam
3191 4939 3530 5008 severitatem
3576 4937 3688 5005 ipse

2119 5017 2384 5078 temperet
2435 5007 2816 5070 Adamantius,
2869 5017 2923 5060 et
2950 5007 3242 5060 metuentis
3294 5008 3473 5076 potius
3521 5023 3684 5074 quam

2119 5079 2413 5134 asserentis
2455 5080 2614 5132 modo
2646 5079 2956 5147 pronuntiet
2985 5094 2998 5130 :
3029 5093 3152 5130 cum
3189 5086 3368 5130 tamen
3404 5094 3497 5130 eas
3528 5081 3686 5146 quasi

2119 5151 2209 5218 pio
2245 5161 2299 5202 et
2330 5150 2642 5203 Christiano
2675 5147 2915 5218 homine
2938 5147 3189 5218 indignas
3224 5149 3491 5210 traducat,
3527 5151 3688 5202 nolit-

2118 5216 2225 5289 que
2253 5221 2529 5288 digammn
2565 5227 2674 5272 esse
2701 5218 2764 5270 de
2791 5216 3048 5289 Ecclesia,
3076 5227 3125 5269 et
3153 5217 3216 5269 de
3241 5235 3299 5271 eo
3329 5233 3565 5279 numero,
3598 5220 3689 5286 qui

2118 5287 2221 5343 non
2258 5287 2408 5342 habet
2445 5305 2630 5359 rugam
2675 5297 2767 5340 aut
2808 5287 3104 5348 maculant,
3141 5298 3194 5341 et
3235 5290 3426 5342 merita
3469 5294 3688 5359 vapulat

2116 5362 2186 5414 ab
2233 5359 2620 5415 ecclesiasticis
2671 5359 3048 5427 scriptoribus,
3101 5360 3476 5428 praecipueque
3512 5359 3692 5412 Theo-

2117 5431 2286 5499 plnilo,
2320 5440 2372 5499 et.
2410 5431 2685 5499 notionem
2719 5428 2974 5482 Ecclrsia:
3012 5430 3244 5499 pessiius
3286 5431 3498 5481 videtur
3536 5445 3692 5485 acce-

2116 5497 2282 5568 pisse.
2319 5498 2516 5554 Notnm
2546 5498 2998 5553 Montanistarum
3041 5509 3096 5553 et
3124 5497 3550 5552 Novatiauoruni
3586 5500 3692 5553 litt-

2109 5571 2349 5640 jUsmodi
2378 5571 2573 5641 placita
2603 5569 3030 5641 orthodovorum
3048 5570 3420 5641 anatliematis
3442 5569 3688 5641 conlita;

2116 5638 2216 5695 nec
2247 5638 2429 5695 tamen
2459 5642 2794 5695 diliitendum
2838 5638 3089 5709 Origenis
3126 5656 3240 5695 tevo
3279 5639 3544 5694 secundas
3587 5655 3689 5692 nu-

2113 5713 2256 5781 ptias
2280 5713 2500 5768 licuisse
2516 5712 2758 5781 quidem.
2777 5712 2880 5765 sed
2898 5713 3133 5780 aliquam
3154 5720 3334 5764 tamen
3354 5709 3690 5781 incout.i:.eu-

2115 5780 2202 5838 tiae
2236 5783 2474 5852 speciem
2507 5780 2615 5851 pra:
2659 5800 2717 5838 se
2761 5783 2972 5848 tulisse,
3000 5793 3052 5836 ct
3080 5782 3409 5851 pmnitentiae
3459 5780 3687 5850 imposi-

2115 5862 2259 5908 tione
2287 5864 2518 5910 nolulas.
