4132 6440
462 352 594 413 "Mi

1923 357 2248 415 ORIGENIS

3568 368 3727 422 1838

453 465 631 519 solum
682 462 999 531 fornicatio,
1045 464 1137 519 sed
1180 474 1232 519 et
1274 467 1476 536 nupti-aa
1525 469 1812 538 repellunt,
1860 486 2035 539 neque
2063 479 2108 533 Α
2142 487 2333 543 puero,
2363 472 2455 540 qui
2515 471 2748 527 necdum
2803 470 3090 527 duodecim
3129 488 3307 528 annos
3364 475 3722 546 impleverat,

453 558 602 617 enim
643 558 958 627 episcopus,
990 574 1090 613 nec
1122 560 1435 629 presbyter,
1478 576 1578 615 nec
1610 561 1908 629 diaconus,
1937 580 2037 619 nec

456 651 619 701 vidua
652 657 881 717 possunt
911 663 1034 703 esse
1068 646 1270 716 digatni
1297 666 1309 702 :
1338 648 1418 703 sic
1450 648 1677 704 forsitan
1705 662 1760 707 et
1788 653 1855 708 de
1891 665 2035 709 cortu

456 738 864 807 primitivorum
923 739 1509 809 immaculatorutnque
1563 742 1847 808 Ecclesiae,
1914 761 2037 814 qua:

456 846 566 885 non
604 832 768 892 habet
804 833 1099 899 maculam,
1137 848 1314 904 neque
1356 850 1571 904 rugam,
1609 837 1858 905 ejicietur
1881 839 2031 909 diga-

456 939 580 978 mus
616 940 630 976 :
672 939 778 978 non
820 939 932 994 quo
984 924 1035 977 in
1098 934 1364 981 a:ternutn
1402 930 1654 982 mittatur
1702 930 2035 995 incendium,

453 1016 546 1074 sed
575 1030 686 1085 quo
723 1026 934 1087 partem
973 1033 1081 1070 non
1115 1017 1314 1072 habeat
1358 1017 1411 1073 in
1450 1036 1619 1090 regno
1643 1019 1759 1075 Dei.
1790 1022 2034 1087 Memini,

450 1124 578 1162 cum
620 1108 1007 1178 interpretarer
1048 1108 1202 1175 illud,
1242 1111 1387 1179 quod
1425 1111 1492 1165 ad
1534 1111 1850 1169 Corinthios
1896 1114 2034 1170 scri-

451 1199 600 1254 bitur
627 1215 639 1252 :
673 1198 929 1255 Ecclesite
955 1199 1075 1263 Dei,
1103 1216 1221 1270 qua:
1250 1211 1325 1255 est
1351 1200 1613 1267 Corinthi,
1647 1221 1766 1258 cum
1798 1205 2037 1263 omnibus

446 1292 540 1359 qui
575 1293 818 1346 invocant
853 1307 973 1348 eum
996 1292 1067 1357 ⁸³,
1100 1292 1307 1348 dixisse
1339 1309 1426 1348 me
1455 1294 1824 1353 diversitatem
1851 1298 2038 1356 Eccle-

447 1387 566 1451 siae,
601 1396 656 1441 et
684 1402 877 1443 eorum
924 1386 1017 1455 qui
1069 1386 1328 1439 introeant
1378 1402 1577 1442 nomen
1612 1387 1850 1447 Domini.
1899 1391 2036 1449 Puto

447 1481 595 1538 enim
629 1497 1041 1552 monogamunt,
1078 1490 1133 1535 et
1173 1481 1460 1551 virginem.
1496 1491 1550 1537 et
1577 1501 1701 1539 eum
1733 1487 1825 1554 qtti
1862 1487 1916 1541 in
1946 1504 2038 1544 ca-

448 1571 712 1627 stimonia
758 1580 1093 1641 perseverat,
1150 1586 1271 1625 esse
1318 1572 1386 1626 de
1431 1572 1671 1630 Ecclesia
1719 1575 1813 1631 Dei
1856 1595 1871 1632 :
1910 1594 2034 1633 eum

449 1679 580 1722 vero
613 1663 710 1733 qui
752 1664 823 1718 sit
860 1662 1132 1733 digamus,
1176 1666 1299 1719 licet
1338 1665 1536 1719 bonam
1576 1667 1773 1724 habeat
1805 1686 2036 1727 conver-

449 1757 741 1817 sationem,
775 1766 830 1809 et
870 1756 1084 1810 caeteris
1122 1757 1419 1812 virtutibus
1448 1759 1671 1828 polleat,
1702 1771 1882 1817 tamen
1926 1781 2032 1820 non

2138 566 2281 619 dicta
2309 575 2456 619 sunt.
2493 564 2630 619 Cum
2679 574 2861 620 autem
2895 565 3182 620 duodecim
3229 577 3375 622 esset
3420 585 3722 639 annorum,

2118 666 2384 710 remanet
2419 656 2471 710 in
2521 654 2845 712 Jerusalem.
2896 655 3154 713 Parentes
3193 658 3313 729 ejus
3366 661 3721 731 ignorantes,

2137 757 2389 817 quaerunt
2416 764 2544 802 cum
2575 748 2839 812 sollicite,
2884 757 3069 805 etnon
3097 749 3404 806 inveniunt.
3456 752 3720 820 Quzerunt

2138 840 2280 895 inter
2308 840 2496 896 affines
2518 881 2532 906 ,
2572 850 2823 909 quaerunt
2864 840 2919 894 in
2950 843 3212 897 comitatu
3236 885 3250 909 ,
3284 856 3538 914 qumrunt
3582 848 3724 901 inter

2136 938 2317 993 notos,
2348 931 2482 984 etin
2529 930 2615 985 bis
2640 931 2895 986 omnibus
2945 947 3054 986 non
3107 934 3408 1004 reperiunt.
3450 935 3726 1001 Quaeritur

2136 1036 2265 1089 ergo
2294 1019 2454 1074 .lesus
2485 1036 2513 1074 a
2548 1022 2866 1091 parentibus
2898 1023 3015 1078 suis
3035 1040 3159 1077 cum
3205 1033 3359 1094 patre
3380 1067 3397 1089 ,
3433 1027 3525 1095 qui
3550 1030 3725 1081 nutri-

2137 1113 2248 1169 tius
2268 1122 2323 1167 et
2344 1129 2530 1168 comes
2566 1111 2746 1168 fuerat
2776 1113 3071 1186 Aigyptum
3097 1116 3515 1173 descendentis:
3549 1129 3605 1173 et
3638 1129 3722 1173 ta-

2138 1221 2262 1259 men
2291 1219 2397 1258 non
2428 1204 2611 1263 statim
2645 1216 2701 1259 ut
2729 1208 3029 1275 quaeritur,
3067 1208 3364 1262 invenitur.
3410 1206 3527 1262 Non
3574 1211 3720 1264 enim

2138 1290 2282 1346 inter
2303 1300 2568 1362 cognatos
2588 1302 2642 1347 et
2672 1294 2855 1348 carnis
2888 1295 3226 1364 propinquos
3244 1297 3517 1351 invenitur
3537 1295 3720 1362 Jesus,

2139 1399 2248 1439 non
2275 1383 2329 1441 in
2363 1385 2447 1439 his
2477 1386 2570 1454 qui
2601 1386 2958 1454 corporaliter
2982 1385 3148 1459 955
3186 1390 3236 1442 ei
3279 1389 3455 1459 juncti
3486 1401 3633 1444 sunt.
3667 1391 3721 1445 In

2138 1476 2434 1532 multorum
2466 1479 2726 1531 comitatu
2750 1475 2912 1533 .lesus
2944 1494 3099 1532 meus
3125 1494 3233 1533 non
3269 1489 3445 1549 potest
3467 1481 3719 1535 inveniri.

2138 1565 2299 1622 Disce
2329 1566 2419 1621 ubi
2454 1583 2578 1620 ettm
2609 1576 2915 1636 (tumrentes
2944 1569 3240 1636 reperiant,
3288 1576 3350 1623 ut
3388 1578 3443 1625 et
3478 1578 3536 1625 tu
3568 1586 3722 1639 qua:—

2137 1677 2268 1716 rens
2299 1677 2423 1717 cum
2457 1660 2659 1731 Ioseph
2704 1661 2984 1739 Mariaque
3023 1666 3285 1735 reperias.
3320 1664 3388 1720 Et
3409 1676 3721 1737 querentes,

2142 1753 2340 1822 inquit,
2370 1753 2675 1808 invenerunt
2700 1753 2854 1808 illum
2897 1755 2952 1808 iu
2989 1757 3201 1823 templo.
3243 1754 3360 1810 Non
3414 1757 3725 1827 ubicunque

445 1864 568 1904 esse
594 1848 660 1901 de
687 1846 931 1902 Ecclesia
965 1856 1021 1901 et
1049 1847 1118 1903 de
1151 1864 1218 1903 eo
1247 1865 1503 1914 numero,
1561 1854 1657 1922 qui
1689 1868 1798 1909 non
1836 1854 2033 1911 habent

2143 1845 2194 1898 itt
2234 1847 2343 1899 alio
2377 1846 2516 1910 loco,
2539 1844 2633 1901 sed
2664 1846 2719 1900 itt
2757 1846 2982 1916 templo.
3017 1846 3205 1918 Neque
3253 1848 3305 1901 in
3337 1850 3540 1920 templo
3589 1849 3726 1903 sitn-

448 1953 642 2008 iugam
678 1947 773 1992 aut
819 1938 1114 2006 maculam,
1163 1949 1261 1995 aut
1305 1942 1510 2013 aliquid
1563 1945 1909 2013 istiusmodi;
1944 1950 2038 2003 sed

444 2047 568 2088 esse
615 2032 683 2086 de
731 2032 975 2086 secundo
1031 2034 1235 2103 gradu,
1278 2042 1334 2089 et
1377 2037 1445 2090 de
1493 2037 1578 2092 his
1624 2040 1720 2108 qui
1779 2041 2037 2097 invocant

446 2139 643 2180 nomen
678 2122 915 2187 Domini,
944 2134 996 2179 et
1025 2125 1119 2194 qui
1155 2126 1436 2182 salvantur
1463 2130 1685 2199 quidem
1726 2132 1782 2186 in
1809 2135 2033 2191 nomine

443 2211 573 2268 Jesu
598 2213 837 2276 Christi,
873 2230 1220 2283 nequaquam
1267 2225 1446 2271 tamen
1482 2232 1822 2277 coronantur
1846 2225 1919 2278 ab
1951 2239 2036 2280 eo.

444 2305 545 2359 Cui
589 2314 675 2360 est
713 2306 884 2377 gloria
922 2316 974 2361 ct
1008 2306 1299 2377 imperium
1338 2308 1391 2362 in
1431 2313 1631 2368 sazcula
1685 2317 2036 2372 saeculorum.

443 2395 640 2451 Amen.

975 2511 1266 2567 IlOMlLIA
1308 2514 1503 2569 XVIII.

445 2622 523 2677 De
552 2640 611 2676 eo
630 2624 782 2698 Aquod
815 2626 1069 2698 scriptum
1097 2638 1173 2681 est
1198 2643 1217 2680 :
1266 2647 1284 2679 ι
1320 2628 1460 2684 Puer
1486 2641 1661 2685 autem
1692 2632 1955 2687 crescebat
1986 2644 2035 2688 et

515 2694 956 2761 confortabatur',
1005 2718 1022 2750 ι
1072 2715 1238 2767 usque
1282 2701 1350 2752 ad
1399 2718 1513 2754 eum
1564 2704 1759 2767 locutu,
1792 2706 1880 2756 ubi
1923 2706 2034 2757 ait:

524 2786 541 2815 ι
573 2767 657 2820 Au
694 2784 724 2818 η
760 2767 1007 2843 soiebatis
1046 2770 1174 2843 quia
1210 2771 1263 2822 in
1299 2770 1378 2824 his
1407 2788 1524 2843 qua:
1554 2771 1736 2827 Patris
1772 2775 1873 2827 mei
1909 2788 2033 2828 sunt

512 2848 717 2908 Oportet
749 2854 827 2891 me
853 2840 1006 2892 esse?
1031 2859 1049 2891 ι
1084 2838 1218 2909 Cap.
1261 2856 1320 2895 ll.

519 2947 688 3009 Natus
732 2961 819 3007 est
846 2952 1111 3008 Dominus
1155 2970 1311 3011 meus
1348 2955 1532 3024 .lesus,
1586 2967 1640 3012 et
1671 2960 2036 3014 ascenderunt

444 3053 699 3109 par-entes
739 3043 860 3112 ejus
903 3046 956 3099 in
992 3045 1414 3119 Jerosolymam,
1473 3060 1531 3103 ut
1586 3052 1927 3120 complerent
1969 3066 2031 3105 ea

442 3149 565 3201 quae
606 3133 822 3190 fuerant
869 3137 922 3191 in
966 3140 1080 3210 lege
1119 3153 1410 3211 praecepta,
1449 3153 1504 3196 ct
1542 3142 1802 3197 oll‘errcut
1834 3159 1933 3213 pro
1964 3158 2031 3198 eo

442 3242 542 3295 par
584 3235 886 3295 turtttrum,
917 3240 973 3286 et
1009 3234 1148 3289 duos
1184 3236 1362 3304 pullos
1397 3235 1798 3291 columbarum.
1834 3233 2033 3291 Tenuit

443 3335 568 3372 enim
600 3321 838 3376 brachiis
882 3322 1001 3378 suis
1028 3323 1266 3391 Simeou,
1292 3333 1351 3378 ut
1370 3323 1568 3377 dudum
1595 3324 1793 3379 lectum
1840 3335 1944 3393 est,
1980 3338 2033 3383 et

443 3410 785 3476 propltetavit
821 3412 886 3464 de
937 3428 1003 3466 eo
1047 3429 1170 3483 quae
1219 3423 1406 3469 narrat
1454 3414 1681 3469 historia
1724 3431 1737 3466 :
1783 3425 1837 3469 et
1880 3426 2032 3486 post-

442 3515 607 3569 quam
662 3501 845 3557 omt.ia
890 3502 945 3557 iu
991 3520 1144 3559 more
1179 3506 1446 3573 completa
1487 3515 1636 3570 sunt,
1684 3515 2032 3562 revertuntur

441 3602 700 3662 parentes
752 3610 862 3663 quo
900 3594 1061 3652 .lesus
1118 3605 1246 3653 tunc
1278 3596 1391 3668 (49)
1450 3598 1688 3668 agebat:
1740 3608 1795 3655 et
1849 3608 2029 3655 tamen

440 3686 707 3741 crescebat
746 3696 795 3743 et
825 3689 1232 3759 confortabatur
1264 3690 1534 3759 sapientia
1570 3702 1621 3745 et
1651 3693 1847 3762 gratia.
1895 3691 2033 3747 Nec-

442 3776 573 3832 dum
608 3778 971 3849 quadraginta
1004 3780 1123 3833 dies
1152 3780 1495 3849 purgationis
1530 3782 1869 3851 impleverat,
1905 3799 2034 3837 nec-

444 3869 575 3924 dum
610 3868 880 3925 Nazareth
923 3880 1166 3938 venerat,
1214 3881 1269 3926 et
1312 3871 1427 3942 jam
1480 3882 1650 3927 totam
1707 3874 2028 3943 sapientiam

443 3962 793 4029 respiciebat.
844 3961 1028 4016 Potuit
1066 3961 1350 4032 Scriptura
1400 3965 1602 4030 dicere,
1659 3966 1942 4019 crescebat
1978 3974 2030 4019 tt

444 4051 879 4110 confortabatur.
910 4063 964 4110 et
994 4056 1297 4125 accipiebat
1327 4056 1616 4125 spiritum;
1643 4058 1739 4111 sed
1779 4058 1873 4126 qui
1905 4073 2032 4112 eva-

440 4153 704 4200 cuaverat
750 4161 810 4201 se
851 4147 1085 4203 formam
1139 4146 1282 4202 servi
1341 4148 1616 4217 accipiens
1644 4149 1712 4214 δι,
1757 4148 1943 4202 statim
1974 4158 2033 4202 ut

444 4251 548 4306 pro
585 4236 941 4293 mundatione
971 4240 1085 4311 (50)
1125 4242 1245 4307 ejus
1287 4240 1616 4295 sacrificium
1646 4241 2030 4305 oblatumest,

443 4329 495 4383 id
533 4330 679 4398 quod
709 4332 1102 4398 vacuefccerat,
1133 4332 1451 4402 aditnplevit
1475 4352 1487 4386 :
1515 4348 1624 4387 non
1657 4334 1802 4403 quod
1835 4348 2033 4402 corpus

442 4420 749 4486 ejus‘illico
778 4424 957 4492 majus
988 4424 1153 4480 fuerit
1203 4426 1486 4492 effectum;
1540 4424 1634 4479 sed
1664 4423 1811 4495 quod
1846 4440 2033 4480 sacra-

2139 1938 2376 2007 pliciter,
2409 1939 2503 1994 sed
2543 1939 2599 1993 in
2634 1938 2815 1993 medio
2838 1939 3149 2005 doctorum,
3196 1941 3507 1996 audientem
3544 1952 3598 1995 et
3641 1942 3725 1994 in-

2140 2036 2502 2095 terrcgantetu
2535 2046 2650 2084 eos.
2687 2028 2753 2084 Et
2783 2039 2839 2084 tu
2878 2045 3009 2101 ergo
3033 2048 3216 2101 qnmt'e
3257 2031 3442 2087 Jesum
3478 2033 3532 2085 in
3587 2042 3725 2087 tem-

2140 2120 2227 2188 plo
2260 2118 2374 2184 Dei,
2409 2135 2594 2189 quaere
2624 2121 2675 2173 in
2707 2119 2953 2177 Ecclesia
2981 2141 2992 2176 :
3025 2136 3213 2193 quaere
3258 2139 3383 2178 eum
3418 2126 3564 2193 apud
3604 2140 3725 2178 ma-

2138 2213 2361 2282 gistros,
2394 2212 2489 2281 qui
2521 2213 2573 2265 in
2603 2215 2803 2283 templo
2837 2225 2984 2281 sunt,
3018 2226 3072 2269 et
3116 2231 3222 2271 non
3275 2217 3631 2285 egrediuntur
3657 2234 3725 2270 ex

2137 2319 2226 2356 eo.
2258 2302 2315 2356 Si
2349 2304 2496 2359 enim
2520 2306 2591 2359 ita
2630 2307 2947 2375 quaasieris,
3000 2307 3247 2363 invenies
3286 2324 3435 2365 eum.
3472 2307 3644 2362 Porro
3678 2310 3724 2364 si

2138 2396 2412 2465 quispiam
2444 2396 2579 2451 dicit
2624 2414 2684 2452 se
2740 2400 3062 2470 magistrqu
3093 2416 3215 2455 esse
3239 2442 3253 2463 ,
3287 2410 3339 2455 et
3375 2400 3561 2458 Jesnnt
3616 2419 3724 2456 tum

2120 2485 2320 2548 ,hahet.
2379 2487 2482 2543 iste
2538 2487 2761 2543 nomine
2795 2497 3004 2543 tantum
3046 2490 3303 2557 magister
3344 2500 3467 2556 est,
3514 2500 3567 2544 et
3604 2491 3727 2544 ideo

2137 2578 2279 2646 apud
2309 2594 2434 2633 eum
2469 2594 2576 2633 non
2607 2590 2782 2648 potest
2811 2580 3043 2636 inveniri
3090 2580 3252 2636 Jcsus
3285 2581 3519 2636 Verbum
3557 2582 3647 2636 Dei
3673 2593 3727 2636 et

2138 2671 2423 2740 sapientia.
2454 2671 2708 2726 Inventus
2729 2682 2829 2735 est,
2864 2673 3063 2743 inquit,
3098 2675 3155 2726 in
3206 2673 3377 2727 medio
3426 2675 3722 2727 doctorum.

2136 2764 2423 2830 Quomodo
2446 2765 2498 2819 in
2529 2766 2636 2820 alio
2661 2766 2780 2820 loco
2815 2767 2879 2821 de
2913 2768 3197 2837 prophetis
3230 2769 3492 2837 scriptum
3517 2779 3618 2824 est.
3646 2768 3725 2822 sic

2136 2866 2189 2909 et
2226 2871 2371 2910 nunc
2407 2856 2646 2927 intelligo
2680 2858 2733 2911 in
2765 2859 2944 2913 medio
2995 2860 3304 2914 doctorum.
3346 2859 3425 2925 Si,
3452 2859 3624 2929 inquit
3656 2863 3722 2925 “,

2135 2948 2291 3001 alteri
2315 2948 2598 3003 revelatum
2623 2949 2784 3018 fuerit
2812 2950 3036 3017 sedenti,
3066 2953 3272 3019 primus
3309 2961 3501 3007 taceat.
3534 2952 3588 3006 ln
3621 2971 3724 3007 tne-

2134 3040 2227 3095 dio
2256 3040 2541 3096 doctorum
2578 3042 2858 3097 sedentem
2891 3044 3173 3098 inveniunt
3197 3059 3321 3097 enm
3352 3062 3365 3098 :
3400 3053 3453 3098 et
3485 3062 3593 3098 non
3632 3062 3724 3099 so-

2136 3132 2247 3185 lum
2271 3134 2572 3199 sedentem,
2602 3133 2695 3189 sed
2719 3145 2771 3188 et
2801 3135 3169 3190 sciscitantem
3191 3146 3247 3190 et
3273 3137 3580 3190 audientem
3606 3154 3719 3188 eos.

2136 3223 2203 3278 Et
2238 3240 2385 3279 nunc
2418 3242 2658 3294 praesens
2687 3234 2771 3279 est
2788 3224 2971 3290 Jesus,
3002 3231 3300 3299 interregat
3338 3244 3458 3292 nos,
3490 3238 3543 3282 ct
3566 3231 3721 3281 audit

2135 3316 2437 3386 loquentes.
2475 3317 2542 3371 Et
2571 3317 2925 3384 mirabantur,
2954 3319 3148 3388 inquit,
3178 3334 3375 3373 omnes.
3404 3321 3581 3389 Super
3609 3337 3721 3389 quo

2134 3411 2520 3465 mirabantur?
2544 3411 2660 3464 Non
2694 3428 2857 3481 super
2892 3415 3415 3482 interrogationibus
3431 3416 3573 3482 eius,
3602 3417 3725 3469 licet

2134 3511 2189 3556 et
2224 3503 2354 3571 ipsa:
2387 3504 2666 3559 mirabiles
2700 3514 2858 3558 erant
2884 3547 2899 3569 ,
2951 3506 3044 3560 sed
3074 3523 3242 3576 super
3271 3509 3725 3577 responsionibus

2134 3592 2275 3661 ejus.
2305 3592 2463 3646 Aliud
2490 3604 2574 3648 εει
2603 3592 2747 3649 cnim
2783 3594 3143 3661 interregare,
3178 3596 3323 3653 aliud
3368 3597 3718 3665 respondere.

2134 3682 2514 3755 lnterrogabat
2548 3687 2864 3755 magistros,
2888 3694 2942 3741 et
2963 3689 3089 3755 quia
3116 3684 3450 3757 respondere
3474 3703 3584 3742 non
3624 3703 3723 3757 po-

2128 3784 2333 3844 terant,
2365 3776 2482 3845 ipse
2519 3779 2626 3843 his,
2658 3778 2727 3833 de
2759 3780 2960 3849 quibus
3010 3781 3460 3851 interrogaverat,
3490 3796 3720 3849 respou-

2126 3869 2318 3925 debat.
2367 3868 2525 3934 Quod
2572 3879 2754 3924 autem
2809 3873 3096 3940 responsio
3144 3888 3252 3926 non
3286 3872 3719 3930 vicissitudinem

2130 3957 2569 4023 sermocinandi,
2632 3962 2727 4017 sed
2771 3963 3076 4018 doctrinam
3108 3965 3159 4017 in
3190 3964 3490 4033 Seripturis
3517 3965 3723 4020 sanctis

2134 4063 2315 4120 sonet,
2346 4054 2427 4107 lex
2481 4054 2664 4108 divina
2727 4063 2776 4108 te
2821 4056 3031 4110 doceat.
3073 4055 3287 4126 Moyses
3346 4057 3677 4125 loquebatur
3705 4098 3719 4119 ,

2137 4142 2280 4199 Deus
2311 4154 2491 4197 autem
2529 4146 2892 4214 respondebat
2920 4149 2968 4200 ei
2995 4162 3147 4201 voce.
3178 4145 3486 4215 Responsio
3510 4147 3599 4201 illa
3633 4163 3719 4201 eo-

2136 4250 2261 4290 rum
2300 4245 2442 4298 erat,
2475 4251 2641 4304 super
2670 4237 2871 4303 quibus
2900 4238 3247 4305 ignorantem
3283 4235 3502 4307 Moysen
3534 4235 3720 4289 Domi-

2137 4346 2240 4384 nus
2281 4330 2601 4383 instruebat.
2658 4328 2930 4383 Interdum
2980 4330 3280 4400 interrogat
3325 4328 3523 4394 Jesus,
3556 4330 3723 4383 inter-

2132 4421 2262 4474 dum
2316 4422 2631 4490 respondet,
2692 4420 2837 4474 sicut
2886 4436 3052 4490 supra
3102 4420 3362 4477 diximus.
3396 4420 3718 4491 Quanquam

445 4510 557 4566 tius
583 4511 863 4582 quippiam
898 4513 1392 4584 demonstraretur,
1414 4516 1697 4595 Scriptura
1730 4512 2027 4570 referente;
2064 4520 2108 4576 ί)
2138 4508 2403 4563 mirabilis
2427 4509 2548 4579 ejus
2578 4509 2936 4595 interrogatio
2966 4510 3058 4573 sit,
3091 4518 3271 4565 tamen
3326 4513 3498 4565 multo
3544 4506 3718 4585 unita}

442 4600 587 4656 Puer
613 4615 793 4657 autem
823 4606 1084 4664 crescebat
1115 4618 1163 4660 et
1198 4609 1625 4678 confartabatur,
1651 4619 1701 4661 et
1730 4606 2031 4679 replebatur

443 4694 728 4762 sapientia.
746 4695 1068 4761 Quaeramus
1093 4700 1269 4754 sicubi
1292 4702 1420 4755 alibi
1438 4702 1505 4755 de
1523 4700 1747 4769 parvulo
1769 4700 2029 4769 scriptmn

444 4791 535 4855 sit,
560 4790 827 4845 crescebat
851 4801 900 4846 et
926 4793 1357 4860 confortabutur,
1389 4805 1447 4850 ut
1470 4811 1534 4849 ex
1560 4796 1853 4851 collatione
1895 4796 2034 4852 mul-

444 4888 622 4933 torum
647 4881 774 4949 quid
798 4883 918 4951 plus
943 4879 995 4934 in
1015 4882 1249 4940 Domino
1273 4896 1459 4941 nostro
1481 4886 1717 4950 dicatur,
1737 4887 2035 4956 intelligere

442 4970 747 5026 valeamus.
767 4970 840 5026 De
858 4970 1070 5029 Joanne
1089 4993 1102 5028 :
1121 4972 1266 5029 Puer
1288 4986 1459 5031 autem
1480 4982 1741 5033 crescebat
1759 4987 1807 5030 et
1827 4978 2038 5045 confor-

446 5061 664 5115 tabatur
678 5076 697 5113 :
710 5073 762 5117 et
780 5073 959 5119 tamen
977 5080 1086 5120 non
1108 5068 1347 5134 additur,
1367 5079 1414 5123 et
1433 5069 1732 5138 reptebatur
1750 5071 2033 5139 sapientia,

447 5153 542 5206 sed
596 5152 1008 5220 confortabatur
1049 5160 1265 5227 spiritu.
1319 5158 1421 5215 llic
1461 5177 1589 5215 vero
1634 5162 1700 5215 de
1750 5162 1981 5215 Domino
2018 5179 2030 5216 :

445 5242 749 5310 Crescebat,
778 5244 978 5315 inquit,
1005 5257 1053 5300 et
1078 5250 1508 5317 confortabatur,
1542 5263 1590 5308 et
1623 5252 1925 5321 replebatur
1944 5268 2034 5305 sa-

443 5334 666 5401 pientia,
691 5346 742 5388 et
768 5337 947 5402 gratia
976 5335 1072 5391 Dei
1090 5348 1209 5393 erat
1243 5357 1403 5410 super
1423 5358 1564 5396 eum.
1597 5341 1721 5396 Ilzec
1748 5343 1934 5395 omnia
1966 5341 2034 5394 de

513 5472 601 5526 ⁵³1
631 5472 758 5529 Cor.
803 5492 842 5543 t,
864 5474 920 5528 2.
997 5476 1044 5508 ⁸³
1075 5478 1271 5550 Philip.
1305 5498 1364 5550 tt,
1398 5482 1450 5536 7.

518 5613 632 5680 (i9)
680 5614 1093 5687 Rescripsimus
1122 5624 1266 5680 tunc,
1306 5632 1405 5683 pro
1437 5632 1549 5686 quo
1580 5634 1716 5670 nunc
1752 5617 2036 5687 legebatur

449 5692 628 5756 antea,
654 5685 818 5752 idque
843 5701 1016 5754 genus
1049 5686 1153 5738 alia
1186 5685 1466 5739 interdum
1488 5690 1636 5742 taciti
1672 5685 2031 5756 castigamus.

450 5747 1030 5826 llicuvcrojconiextus
1056 5756 1218 5825 paulo
1255 5758 1434 5810 adhuc
1467 5759 1677 5811 videtur
1716 5747 2031 5826 impeditus.

522 5819 636 5889 (fit);
689 5820 885 5878 Recole
929 5819 1070 5891 qua!
1090 5827 1340 5894 superius
1383 5827 1448 5881 ad
1488 5828 1677 5883 homil.
1720 5819 1923 5883 H'hac
1971 5829 2036 5883 de

1526 5482 1575 5521 ⁸⁵
1605 5481 1625 5535 Ι
1654 5483 1780 5539 Cor.
1817 5499 1930 5549 le,
1964 5482 2054 5537 50.

2141 4597 2302 4661 bilior
2328 4606 2410 4653 est
2438 4597 2744 4667 responsio.
2783 4594 2849 4655 Ut
2871 4596 3037 4666 igitur
3053 4606 3106 4651 ct
3137 4613 3236 4651 nos
3262 4598 3551 4654 audiamus
3574 4612 3717 4660 eum,

2140 4702 2195 4744 et
2228 4697 2497 4759 proponat
2526 4688 2687 4743 nobis
2723 4687 3077 4756 quaestiones,
3110 4702 3248 4757 quas
3292 4688 3406 4757 ipse
3434 4689 3719 4751 dissolvat,

2143 4783 2497 4835 Obsecremus
2532 4778 2708 4842 illum,
2733 4788 2938 4832 etcum
2976 4779 3163 4832 labore
3215 4779 3387 4832 nimio
3435 4789 3491 4830 et
3533 4776 3721 4828 dolore

2141 4888 2475 4944 qumramus,
2501 4881 2554 4926 et
2588 4880 2717 4925 tunc
2748 4871 3047 4940 poterimus
3081 4870 3324 4924 invenire
3343 4881 3502 4936 quem
3525 4865 3722 4933 qua-riv-

2136 4942 2288 5019 titus.
2319 4963 2439 5019 Non
2462 4964 2605 5018 enim
2644 4960 2849 5017 frustra
2883 4962 3145 5031 scriptum
3170 4971 3252 5015 cst
3285 4978 3297 5012 :
3335 4958 3444 5027 Ego
3483 4968 3532 5012 et
3571 4966 3720 5026 pater

2144 5070 2266 5112 tuus
2292 5058 2527 5111 dolentes
2547 5055 2912 5127 quwrebamus
2939 5064 3017 5108 te:
3047 5061 3257 5122 oportet
3279 5050 3424 5103 enim
3455 5049 3546 5119 qtti
3575 5064 3720 5116 qtae-

2143 5153 2211 5217 rit
2230 5151 2437 5215 Jcsum,
2459 5167 2566 5205 non
2592 5150 2944 5221 negligenter,
2971 5162 3077 5199 non
3107 5144 3391 5204 dissolute,
3413 5158 3517 5197 non
3545 5151 3718 5196 trans.-

2140 5246 2301 5301 itorie
2344 5258 2627 5314 qutcrere,
2662 5243 2805 5298 sicut
2850 5247 3103 5310 quaerunt
3155 5234 3396 5295 nonnulli
3427 5275 3444 5300 ,
3491 5245 3543 5290 et
3600 5234 3721 5289 ideo

2144 5338 2390 5391 invenire
2417 5350 2526 5389 non
2563 5343 2811 5403 possunt.
2838 5330 2952 5385 Nos
2981 5339 3162 5383 autem
3198 5326 3487 5382 dicamus:
3522 5325 3722 5380 Dolen—

2143 5614 2467 5685 purgatione
2510 5629 2574 5667 ex
2608 5610 2855 5685 Ovtgcnis
2901 5623 3067 5685 sensu
3107 5607 3369 5685 diximus,
3413 5604 3634 5685 quibus,
3655 5603 3719 5655 ad

2144 5676 2437 5741 tollendam
2462 5676 2810 5751 lnaspheriiize
2838 5680 3228 5752 suspicionem,
3245 5681 3380 5752 adde
3405 5676 3719 5752 praeclarius:

2143 5773 2209 5811 ex
2239 5746 2596 5823 snbsequenti
2620 5752 2863 5823 ejusdem
2894 5746 3116 5823 humilia
3143 5749 3470 5823 sententiain
3493 5763 3505 5797 τ
3530 5746 3719 5797 .lnima

2144 5827 2269 5881 Jesu
2306 5819 2570 5895 nunquam
2597 5821 2797 5889 peccati
2831 5819 2986 5876 sorde
3020 5819 3291 5875 maculata
3318 5828 3439 5879 est,
