4132 6454
462 459 592 511 i849

1650 459 1717 515 IN
1755 458 1987 515 LUCAM
2033 454 2314 513 lIOMiLH
2354 458 2494 514 XIX.

3587 468 3722 522 i830

456 586 529 627 tes
552 572 839 642 qnwrimus
868 578 934 624 te.
966 569 1178 625 Etcum
1211 570 1314 625 hoc
1342 570 1665 636 dixerimus,
1689 572 1753 625 ad
1783 572 2035 629 laboran—
2064 575 2109 629 Α
2136 570 2521 638 rompleretur.
2562 568 2714 625 ibant
2738 572 3201 643 itaqueparentes
3246 578 3384 646 ejus,
3410 580 3563 647 juxta
3595 599 3723 637 ron~

456 676 561 718 leui
597 664 834 717 animam
870 672 1111 717 nostram
1165 671 1219 716 et
1256 678 1380 717 cum
1429 663 1619 718 dolore
1661 675 2033 733 quzerentem,

457 756 805 826 respondebit
833 764 889 810 et
914 756 1057 811 dicet
1084 774 1098 809 :
1142 754 1375 811 Nescitis
1416 759 1541 828 quia
1584 760 1638 811 in
1662 758 1743 813 his
1769 774 1886 828 qua:
1911 767 2030 811 sunt

460 847 645 905 Putris
671 849 770 905 mei
798 863 877 901 me
899 856 1100 916 oportet
1121 849 1274 902 esse?
1297 846 1397 902 Ubi
1432 857 1561 903 sunt
1589 847 1829 902 haeretici
1878 847 2031 915 impii

457 948 618 1008 atque
658 939 892 1003 vesani,
938 939 1033 1008 qui
1080 947 1335 995 asserunt
1382 955 1490 994 non
1520 954 1641 994 esse
1690 938 1868 993 Patris
1900 936 2035 994 Jesu

454 1028 658 1085 Christi
692 1029 865 1100 legem
895 1036 951 1086 et
977 1030 1315 1101 prophetas?
1345 1029 1504 1085 Certe
1536 1027 1697 1086 Jesus
1730 1029 1785 1085 in
1829 1028 2030 1107 templo

453 1132 590 1185 erat,
620 1120 766 1190 quod
797 1136 826 1174 a
857 1120 1150 1176 Salomone
1190 1129 1570 1177 constructum
1606 1129 1747 1187 erat,
1778 1129 1827 1175 et
1860 1122 2031 1175 conli-

451 1220 595 1268 tetur
626 1213 885 1283 templum
910 1212 1043 1269 illud
1071 1211 1250 1269 Patris
1279 1212 1365 1269 sui
1398 1228 1540 1279 esse,
1567 1229 1731 1285 quem
1755 1213 1913 1268 nobis
1941 1229 2029 1266 re-

451 1304 669 1369 velavit,
695 1304 856 1372 cujus
895 1302 933 1357 F
940 1304 1093 1358 ilium
1145 1319 1267 1360 esse
1310 1320 1370 1361 se
1421 1305 1579 1361 dixit.
1646 1303 2030 1373 Respondeant

445 1397 726 1466 quomodo
762 1398 899 1452 alter
921 1398 1122 1464 bonus,
1150 1409 1206 1454 et
1225 1398 1363 1454 alter
1389 1399 1453 1453 sit
1481 1399 1664 1469 justus
1694 1397 1856 1453 Deus.
1889 1397 2031 1464 Quia

449 1487 615 1555 igitur
643 1487 892 1543 Salvator
920 1488 1197 1545 Creatoris
1244 1497 1326 1545 est
1368 1488 1575 1553 Filius,
1633 1489 1686 1543 in
1737 1504 2028 1546 commune

447 1576 660 1633 Patrem
698 1578 1005 1648 Filiumque
1041 1580 1327 1641 laudemus
1352 1621 1368 1643 .
1414 1580 1573 1650 cujus
1612 1581 1718 1645 lex,
1764 1581 1926 1650 cujus
1973 1589 2029 1635 et

446 1665 706 1733 templum
742 1673 847 1720 est.
883 1666 986 1721 Cui
1016 1676 1100 1724 est
1123 1667 1296 1738 gloria
1318 1678 1372 1726 et
1398 1670 1682 1740 imperium
1723 1669 1777 1725 in
1827 1670 2024 1729 Str-cuia

447 1753 797 1809 saeculorum.
830 1755 1023 1811 Amen.

1007 1866 1287 1924 llOMlLlA
1312 1868 1456 1926 XIX.

447 1958 520 2012 De
541 1976 600 2013 eo
624 1961 763 2029 quod
785 1963 1037 2029 scriptum
1059 1970 1135 2014 est
1159 1978 1178 2017 :
1220 1980 1238 2014 ι
1273 1961 1414 2016 Puer
1449 1972 1627 2015 autem
1668 1962 1929 2016 crescebat
1969 1974 2017 2017 et

511 1976 600 2013 eeo
661 1976 761 2014 noa
785 1976 1135 2029 scnptumest
1159 1978 1178 2017 :
1220 1980 1238 2014 ι
1273 1976 1414 2016 t'uer
1449 1976 1627 2015 autent
1668 1976 1929 2016 crescebat
1969 1976 2017 2017 et

511 1976 949 2105 conﬁtrtobatur,
972 2052 989 2083 ι
1014 2048 1181 2105 usque
1201 2032 1270 2084 ad
1289 2031 1602 2105 cumjocum
1626 2031 1715 2086 ubi
1739 2034 1850 2087 ait:
1881 2053 1898 2085 ι
1927 2032 2020 2087 Se-

512 2100 685 2157 niores
710 2100 763 2156 in
792 2101 981 2170 templo
1008 2100 1319 2174 interrogat.
1346 2121 1365 2153 ι
1393 2101 1526 2170 Cap.
1562 2117 1624 2158 ιι.

512 2210 651 2278 Quia
679 2214 925 2267 nonnulli
955 2214 1048 2283 qui
1073 2223 1276 2271 sancta:
1295 2214 1590 2284 Scriptum
1614 2214 1867 2269 videnlur
1896 2230 2017 2269 cre—

439 2302 589 2370 dere,
620 2305 777 2373 quasi
811 2305 865 2358 in
890 2305 1116 2374 gloriam
1152 2305 1541 2376 omnipotentis
1562 2305 1655 2360 Dei
1681 2307 2016 2362 divinitatem

440 2392 741 2450 Salvatoris
770 2404 990 2465 negant,
1022 2395 1231 2465 justum
1263 2394 1394 2450 mihi
1431 2395 1663 2462 videtur,
1692 2405 1749 2451 ut
1776 2397 2015 2466 ipsarum

439 2485 848 2555 Scriptum-arum
894 2486 1217 2543 auctoritate
1268 2485 1569 2542 doceantur
1604 2487 1659 2540 in
1717 2488 2013 2543 humanum

435 2593 639 2646 corpus
674 2577 930 2645 quiddam
964 2577 1444 2635 venissedivinum
1479 2597 1493 2634 :
1529 2587 1583 2634 ct
1611 2594 1720 2634 non
1752 2580 1928 2636 solum
1960 2581 2013 2636 in

436 2667 738 2721 humanum
774 2683 996 2737 corpus,
1033 2668 1128 2724 sed
1165 2669 1218 2723 in
1278 2669 1573 2727 humanam
1622 2686 1840 2742 quoque
1896 2674 2014 2728 ani-

437 2775 603 2813 mam.
636 2759 958 2830 Quanquam
998 2760 1043 2814 si
1090 2762 1378 2832 diligenter
1405 2777 1627 2817 sensum
1681 2764 2016 2821 intendimus

435 2852 868 2922 Scripturaruni,
896 2854 1017 2924 plus
1040 2855 1244 2925 aliquid
1275 2855 1457 2910 anima
1492 2854 1581 2910 illa
1614 2855 1823 2920 habuit,
1848 2871 2012 2927 quam

432 2952 643 3001 czeterte
676 2945 960 3001 hominum
988 2946 1205 3007 animas.
1242 2946 1436 3004 Omnis
1460 2949 1659 3018 quippe
1694 2949 1878 3005 anima
1911 2949 2014 3005 ho-

434 3036 620 3102 minis,
650 3046 942 3108 antequam
968 3037 1034 3094 ad
1065 3026 1297 3094 virtutes
1329 3038 1533 3104 veniat,
1560 3040 1706 3095 vitiis
1760 3039 2012 3095 sordida-

433 3140 544 3186 tur.
585 3128 971 3188 Porroanima
1001 3128 1128 3188 Jesu
1152 3147 1433 3200 nunquam
1481 3132 1868 3204 peccatiSOrde
1895 3148 2013 3187 ma-

2138 662 2482 715 suetudinem
2509 703 2524 727 ,
2574 661 2628 716 in
2654 661 2954 717 Jerusalem
2987 666 3052 720 ad
3089 668 3387 724 solemnem
3412 672 3551 725 ιΙίι·ιιι
3590 673 3717 728 l’as-

2136 752 2271 807 clue.
2300 751 2367 804 Et
2394 769 2513 806 cum
2537 754 2712 821 [actus
2739 754 2927 823 fuisset
2952 771 3211 810 annorum
3245 760 3544 819 duodccnn.
3586 764 3719 818 Dili-

2136 854 2322 916 genter
2371 844 2621 906 observa,
2680 844 2807 916 quia
2856 846 3179 916 priusquam
3233 851 3521 909 duodecim
3572 832 3729 915 esset

2135 951 2426 1002 annorum,
2456 939 2722 1007 sapientia
2753 938 2844 994 Dei
2870 941 3305 1014 etcaeteris,quze
3334 946 3400 1001 de
3419 962 3484 1003 eo
3512 950 3727 1019 scripta,

2133 1034 2282 1090 sunt,
2318 1029 2710 1098 complebatur.
2730 1030 2867 1089 Cum
2886 1049 3039 1106 ergo,
3066 1044 3126 1093 ut
3145 1036 3404 1101 diximus,
3426 1039 3725 1098 duodecim

2133 1128 2279 1193 esset
2307 1134 2573 1177 annorum
2602 1133 2654 1179 et
2678 1124 2836 1193 juxta
2860 1142 3068 1182 morem
3095 1128 3209 1184 dies
3235 1128 3599 1188 solenmitatis
3627 1149 3722 1187 cx~

2130 1209 2258 1279 pleti
2289 1220 2494 1278 essent,
2526 1223 2580 1267 ct
2632 1226 3032 1272 reverterentur
3084 1228 3335 1289 parentes
3375 1236 3500 1276 cum
3536 1222 3727 1276 infan-.

2131 1292 2246 1356 tulo
2271 1300 2423 1368 Jesu,
2460 1306 2727 1363 remansit
2756 1324 2891 1377 puer
2915 1310 2967 1367 in
3015 1309 3315 1371 Jerusalem
3342 1355 3361 1381 ,
3410 1322 3465 1369 et
3497 1316 3711 1370 nescie-

2129 1392 2261 1448 bant
2293 1406 2546 1463 parentes
2568 1397 2705 1467 ejus.
2731 1398 2798 1453 Et
2832 1400 2921 1455 hic
2945 1403 3234 1460 sublimius
3263 1405 3520 1473 quiddam
3546 1421 3711 1475 quam

2129 1484 2368 1541 humana
2401 1496 2593 1543 natura
2621 1491 2844 1560 patitur,
2867 1493 3123 1565 intellige.
3174 1494 3338 1566 955
3368 1493 3486 1551 Non
3551 1498 3699 1552 enim

2128 1575 2448 1645 simpliciter
2494 1570 2798 1647 remansit,
2860 1590 2914 1636 et
2962 1595 3216 1654 parentes
3267 1585 3387 1654 ejus
3434 1586 3528 1640 ubi
3569 1598 3714 1642 esset

2130 1666 2494 1738 ignorabant;
2551 1670 2646 1726 sed
2705 1671 2984 1741 quomodo
3029 1674 3082 1726 in
3140 1671 3369 1730 Joannis
3418 1674 3714 1747 Evangelia

2127 1759 2388 1828 scriptum
2413 1770 2498 1816 est
2518 1762 2584 1829 ⁵⁷,
2619 1764 2877 1832 quoniam
2916 1766 3315 1821 insidiabantur
3349 1769 3397 1823 ei
3432 1767 3626 1832 Judaei,
3659 1780 3716 1826 et

2125 1850 2343 1922 elapsns
2374 1863 2460 1909 est
2486 1854 2552 1909 de
2575 1855 2754 1911 medio
2780 1872 2991 1925 eorum,
3022 1867 3076 1914 et
3122 1874 3231 1914 non
3283 1842 3536 1930 apparuit
3567 1880 3580 1916 :
3630 1865 3717 1918 sic

2126 1950 2180 1996 et
2207 1960 2353 2001 nunc
2383 1955 2513 2015 puto
2542 1949 2873 2005 remansisse
2923 1965 3150 2019 puerum
3187 1951 3241 2004 in
3275 1948 3578 2006 Jerusalem
3606 1995 3622 2018 ,
3657 1964 3713 2013 et

2128 2044 2382 2103 parentes
2420 2037 2540 2108 ejus
2592 2039 2681 2093 ubi
2709 2043 3032 2095 remanserit
3067 2042 3367 2112 ignorasse.
3404 2040 3513 2100 Nec
3547 2045 3709 2100 mire-

2128 2140 2252 2178 tnur
2284 2139 2538 2196 parentes
2575 2138 2800 2185 voralos
2830 2171 2844 2194 ,
2900 2147 3133 2201 quorum
3184 2132 3321 2187 alter
3350 2134 3421 2188 ob
3455 2145 3709 2204 partum,

2120 2217 2256 2273 alter
2280 2220 2349 2273 ob
2383 2220 2707 2290 obsequium
2731 2264 2745 2283 ,
2774 2225 2941 2290 patris
2963 2233 3015 2280 et
3039 2224 3230 2280 matris
3261 2238 3575 2281 meruerunt
3604 2244 3701 2280 vo-

2120 2311 2338 2365 cabula.
2375 2309 2676 2379 Sequitur:
2737 2313 2978 2368 Dolentcs
3006 2356 3021 2379 ,
3078 2316 3294 2386 inquit,
3339 2318 3705 2388 qmerebmnns

2120 2410 2169 2455 te
2193 2400 2329 2474 (5i).
2369 2403 2485 2457 Non
2526 2414 2655 2473 puto
2678 2419 2773 2459 eos
2808 2405 3012 2462 idcirco
3047 2407 3290 2464 doluisse
3315 2450 3331 2473 ,
3372 2410 3498 2478 quia
3554 2418 3715 2478 puta-

2118 2478 2240 2545 rent
2268 2507 2484 2547 errasse
2508 2508 2758 2562 puerum.
2795 2493 2876 2549 vel
2914 2496 3181 2565 periisse:
3230 2513 3330 2552 nec
3364 2506 3577 2568 poterat
3606 2513 3698 2552 ac«

2117 2584 2319 2647 cidere,
2352 2595 2413 2642 ut
2447 2584 2641 2652 Maria,
2673 2603 2795 2656 quae
2817 2586 3023 2643 sciebat
3050 2603 3110 2644 se
3149 2588 3216 2644 de
3272 2587 3477 2659 Spiritu
3510 2602 3706 2655 sancto

2119 2676 2465 2746 concepisse,
2498 2692 2619 2746 quae
2645 2686 2700 2731 et
2728 2679 2978 2747 angelum
3015 2679 3350 2750 loquentem,
3391 2691 3445 2736 et
3481 2697 3705 2738 curren-

2120 2774 2202 2821 tes
2226 2776 2496 2845 pastores,
2525 2778 2578 2822 et
2609 2767 2917 2822 Simeonem
2948 2769 3196 2827 audierat
3241 2772 3656 2843 prophetantem
3688 2816 3714 2845 ,η

2120 2856 2354 2923 timeret,
2391 2874 2459 2911 ne
2521 2872 2748 2929 puerum
2804 2860 3052 2928 perderet
3098 2861 3462 2917 oberrantem.
3500 2862 3707 2920 Amove

2120 2946 2264 3003 hanc
2295 2946 2609 3017 opinionem
2638 2948 2874 3002 maxime
2905 2948 2970 3002 de
2994 2946 3217 3019 Joscph,
3251 2951 3337 3004 cui
3388 2952 3457 3005 ab
3507 2951 3704 3024 angelo

2118 3046 2446 3110 praeceptum
2485 3038 2684 3102 fuerat,
2719 3046 2779 3093 ut
2809 3038 3022 3094 tolleret
3058 3054 3309 3110 puerum,
3345 3049 3399 3095 et
3431 3041 3483 3094 in
3536 3040 3705 3112 Egy-

2116 3140 2269 3200 ptutn
2294 3138 2570 3201 pergeret;
2600 3130 2693 3199 qui
2722 3129 2969 3184 audierat
3005 3149 3018 3183 :
3052 3129 3132 3184 Ne
3158 3132 3342 3184 timeas
3372 3130 3552 3185 tollere
3583 3132 3709 3207 Μαί

430 3223 610 3280 culata
638 3232 743 3279 est.
780 3222 1063 3293 Siquidem
1094 3233 1386 3293 antequam
1415 3225 1483 3279 ad
1523 3225 1909 3280 duodecimum
1938 3240 2011 3280 ω·
2040 3237 2083 3292 c
2120 3222 2256 3274 riam
2290 3220 2567 3292 conjugem
2591 3234 2759 3287 tuam,
2792 3221 2931 3292 quod
2953 3223 3093 3276 enim
3118 3222 3172 3275 in
3193 3233 3461 3276 ea'natum
3484 3232 3561 3277 est
3583 3265 3597 3288 ,
3638 3225 3703 3280 de

431 3314 557 3369 tatis
595 3314 902 3383 pervenerit
939 3330 1143 3371 annum
1169 3355 1186 3383 ,
1234 3315 1472 3385 Spiritus
1518 3326 1741 3375 sanctus
1765 3317 1832 3371 de
1858 3333 1924 3371 eo
1960 3317 2015 3372 in

430 3404 590 3463 Luca:
605 3406 795 3461 scribit
814 3405 1106 3477 Evangelio
1129 3425 1143 3461 :
1175 3404 1318 3461 Puer
1338 3417 1514 3463 autent
1539 3410 1798 3462 crescebat
1820 3418 1868 3464 et
1891 3426 2016 3462 con-

428 3495 756 3564 forlabatur,
799 3506 847 3550 et
897 3496 1199 3566 replebatur
1247 3500 1529 3569 sapientia.
1566 3497 1680 3555 Hoc
1728 3499 2011 3555 hominum

428 3597 624 3645 natura
653 3605 761 3645 non
802 3590 1016 3661 recipit,
1035 3600 1094 3648 ut
1123 3599 1250 3647 ante
1274 3592 1559 3646 duodecim
1590 3608 1765 3647 annos
1799 3593 2016 3662 sapien-

427 3678 504 3731 tia
537 3679 894 3748 compleatur.
925 3680 1087 3734 Aliud
1112 3689 1197 3735 est
1230 3690 1440 3750 partem
1476 3680 1675 3736 habere
1705 3682 2009 3751 sapientiae,

425 3768 574 3827 aliud
621 3768 888 3838 sapientia
933 3784 1055 3824 esse
1096 3770 1452 3840 completum.
1504 3770 1622 3825 Non
1678 3772 2012 3842 ambigimus

426 3874 556 3930 ergo
584 3858 831 3914 divinum
858 3860 1064 3931 aliquid
1100 3861 1154 3919 in
1184 3877 1350 3916 carne
1380 3861 1508 3916 Jesu
1539 3865 1862 3935 apparuisse
1892 3883 1906 3923 :
1957 3873 2013 3923 et

424 3967 533 4007 non
563 3951 739 4007 solum
769 3967 935 4022 super
957 3952 1260 4016 hominem,
1289 3953 1381 4009 sed
1416 3970 1582 4024 super
1613 3971 1832 4010 onlnem
1869 3972 2008 4026 quo-

423 4061 530 4110 que
583 4043 902 4102 rationalem
960 4053 1294 4102 creaturam.
1331 4044 1399 4097 Et
1447 4045 1756 4112 crescebat,
1807 4048 2003 4117 inquit.

423 4134 817 4195 ilumiliaverat
842 4136 987 4192 enim
1023 4150 1106 4202 se,
1134 4135 1367 4190 formam
1405 4138 1546 4193 servi
1579 4137 1854 4208 accipiens
1885 4179 1899 4201 ,
1956 4150 2009 4193 et

421 4228 613 4281 eadem
637 4226 838 4283 virtute
868 4242 977 4303 qua
1028 4243 1089 4283 se
1118 4228 1525 4293 humiliaverat,
1563 4229 1784 4285 crescit.
1819 4229 2005 4300 Appa-

425 4329 607 4377 ruerat
642 4320 893 4375 inﬁrmus
924 4337 937 4374 :
967 4320 1097 4390 quia
1129 4319 1407 4379 inﬁrmum
1461 4335 1661 4391 corpus
1691 4337 2009 4392 assumpse-

423 4424 527 4479 rat,
557 4422 612 4467 et
657 4411 728 4467 ob
770 4412 826 4468 id
873 4412 1069 4468 iterum
1126 4412 1489 4469 confortatur.
1524 4411 1899 4471 Evacuaverat
1948 4431 2007 4470 se

422 4504 593 4561 Filius
622 4504 719 4559 Dei
746 4506 793 4537 ⁸⁸
826 4522 841 4559 :
877 4514 931 4560 et
959 4514 1246 4575 propterea
1290 4521 1508 4562 rursum
1557 4506 1863 4578 completur
1916 4523 2005 4562 sa-

2120 3309 2327 3382 Spiritu
2347 3321 2529 3366 sancto
2548 3324 2624 3368 est
2656 3312 2724 3367 ⁸⁸.
2761 3311 3053 3384 Nunquam
3104 3313 3220 3368 fieri
3247 3324 3478 3384 poterat,
3506 3328 3559 3369 ιιι
3582 3334 3712 3393 per-~

2118 3404 2291 3460 ditum
2322 3404 2641 3460 formidaret
2670 3404 2953 3471 infantem,
2983 3421 3145 3477 quem
3180 3406 3424 3461 divinum
3454 3424 3574 3464 esse
3604 3425 3702 3464 co-

2119 3504 2399 3566 gnoverat.
2426 3497 2585 3549 Aliud
2632 3495 2929 3566 quidquam
2960 3497 3117 3551 dolor
3161 3508 3214 3550 et
3245 3498 3475 3568 quaestio
3503 3514 3704 3570 paren-

2117 3595 2232 3641 tum
2262 3629 2277 3654 ,
2314 3602 2478 3658 quam
2525 3587 2757 3658 simplex
2804 3588 2973 3642 lector
3006 3588 3294 3658 intelligit,
3340 3598 3518 3643 sonat.
3554 3589 3701 3656 Quo-

2118 3679 2281 3733 modo
2317 3679 2462 3732 enim
2492 3687 2571 3744 tu,
2601 3677 2649 3731 si
2670 3678 2889 3748 quando
2920 3676 3233 3749 Scripturas
3283 3679 3415 3749 legis
3435 3721 3450 3746 ,
3501 3683 3702 3752 (ιιιευι-ἱε

2116 3767 2169 3823 in
2195 3769 2275 3824 eis
2306 3784 2529 3823 sensum
2568 3784 2693 3823 cum
2721 3768 2909 3824 dolore
2932 3770 3170 3839 quodam
3194 3787 3259 3827 ac
3285 3781 3573 3840 tormento,
3591 3789 3698 3828 non

2112 3876 2224 3930 quo
2257 3859 2569 3929 Scripturas
2600 3873 2835 3925 errasse,
2862 3868 2958 3914 aut
2989 3874 3276 3931 perperam
3329 3859 3461 3930 quid
3499 3863 3704 3939 habere

2113 3950 2437 4017 arbitreris;
2478 3949 2572 4005 sed
2602 3950 2746 4020 quod
2785 3948 2891 4005 ill-.e
2932 3950 3264 4007 intrinsecus
3294 3951 3528 4007 habeant
3556 3954 3696 4008 veri-

2116 4042 2242 4098 tatis
2271 4056 2581 4096 sermonem
2611 4050 2774 4112 atquc
2795 4041 3082 4108 rationem,
3107 4049 3161 4096 et
3204 4051 3258 4097 tu
3290 4056 3527 4113 nequeas
3549 4043 3701 4099 inve-’

2114 4134 2231 4189 nire
2257 4133 2403 4203 quod
2435 4148 2624 4189 verum
2655 4143 2740 4188 est
2766 4152 2781 4199 ;
2818 4132 2894 4188 ita
2927 4141 2982 4188 et
3008 4133 3085 4186 illi
3114 4134 3434 4206 quzerebant
3465 4149 3532 4189 ne
3559 4133 3699 4188 forte

2114 4224 2436 4280 recessisset
2458 4223 2527 4277 ab
2552 4222 2653 4290 eis,
2686 4236 2754 4276 ne
2781 4221 3094 4292 relinquens
3128 4237 3244 4286 eos,
3275 4224 3339 4277 ad
3372 4223 3477 4277 alia
3512 4232 3694 4287 trans—

2114 4317 2424 4386 migrasset,
2456 4323 2511 4371 et
2533 4316 2678 4387 quod
2714 4316 2890 4388 magis
2918 4325 3048 4387 puto
3068 4356 3084 4383 ,
3114 4315 3228 4385 (ὕῖ)
3285 4331 3352 4370 ne
3382 4315 3697 4371 revertisset

2111 4410 2177 4464 ad
2204 4410 2398 4473 caelos,
2432 4424 2559 4464 cum
2586 4409 2662 4464 illi
2694 4409 3026 4480 placuisset,
3056 4409 3255 4465 iterum
3304 4410 3688 4467 descensuros.

2111 4500 2365 4557 Dolentes
2398 4516 2529 4573 ergo
2557 4502 2875 4572 quaerebant
2908 4500 3105 4555 Filium
3141 4500 3257 4557 Dei.
3289 4499 3355 4556 Et
3387 4516 3512 4556 eum
3542 4516 3693 4571 quae-

421 4596 623 4666 pientia
651 4613 665 4663 ;
693 4605 746 4652 et
776 4596 951 4667 gratia
980 4595 1076 4652 Dei
1104 4605 1219 4653 erat
1244 4613 1410 4667 super
1441 4612 1589 4654 eum.
1624 4597 1744 4653 Non
1780 4600 2002 4671 quando
2034 4595 2078 4650 D
2107 4604 2311 4661 rerent,
2340 4609 2449 4649 non
2479 4595 2806 4650 invenerunt
2840 4594 2981 4648 inter
3021 4602 3304 4665 cognatos.
3331 4592 3518 4664 Neque
3544 4592 3691 4647 enim

421 4690 567 4744 venit
592 4689 659 4745 ad
687 4690 1138 4754 adolescentiam,
1174 4705 1284 4745 non
1307 4690 1530 4769 quando
1564 4691 1852 4769 manifeste
1897 4694 1999 4746 do-

418 4782 613 4849 ca-bat;
648 4781 741 4838 sed
774 4795 899 4837 cum
935 4779 1117 4836 adhuc
1144 4767 1847 4852 esset'parvulushabebat
1875 4800 2001 4855 gra-

422 4876 553 4931 tiam
593 4874 729 4934 Dei:
764 4880 819 4930 et
849 4874 1126 4945 quomodo
1152 4873 1336 4929 omnia
1359 4874 1412 4929 in
1455 4874 1549 4929 illo
1573 4875 1846 4933 mirabilia
1882 4875 2000 4932 fue-

421 4978 563 5035 rant,
599 4970 672 5023 ita
705 4976 760 5022 et
791 4966 1023 5037 pueritia
1045 4965 1315 5021 mirabilis
1336 4966 1461 5032 fuit,
1490 4976 1548 5022 ut
1587 4966 1678 5020 Dei
1735 4966 2002 5036 sapientia

482 5107 530 5140 σα
568 5086 802 5178 Philipp.
832 5121 895 5169 ιι,
929 5105 982 5160 7.

492 5199 606 5271 (5i)
631 5200 861 5258 Scbcdte
887 5198 1080 5284 Grabii
1100 5207 1155 5253 et
1179 5198 1534 5285 Combelisiivz
1563 5199 1630 5251 Tt
1657 5198 1716 5286 δὲ
1748 5198 2000 5321 nat-ECE-

492 5288 545 5321 υν
572 5271 768 5321 adadv:
802 5268 912 5321 ἆοα
944 5271 1024 5321 ὅτι
1056 5267 1333 5321 απόλωλεν
1359 5271 1388 5321 ὁ
1417 5286 1546 5321 παις
1564 5309 1578 5321 .
1608 5269 1640 5321 ἦ
1676 5287 1760 5321 οτι
1790 5268 1934 5321 rex).
1975 5296 2000 5308 -

419 5267 545 5325 τούν
572 5271 768 5344 adadv;
802 5268 912 5344 ἄρα
937 5271 1024 5344 in
1056 5267 1333 5344 ἀπιεὶωλξν
1359 5271 1388 5322 ὁ
1417 5273 1578 5344 παῖς,
1608 5269 1642 5340 ἢ
1676 5268 1760 5344 {Set
1790 5267 2002 5344 neralit-

421 5356 617 5420 νηςςαις
652 5334 1058 5420 ’ᾼτιαγὲηοῦτε
1089 5338 1210 5420 γὰρ.
1230 5338 1329 5420 τῆς
1352 5334 1642 5420 ρτιξνσόεροιὶ
1684 5339 1902 5420 plagita;
1933 5334 2003 5409 ἦν

420 5409 615 5486 causa,
643 5410 746 5481 τῆς
761 5409 973 5486 μὺρίας
996 5411 1125 5486 περὶ
1147 5409 1651 5486 μύτιῷρξξιιμένης
1681 5409 1837 5486 licia;
1863 5410 2003 5486 arto:

422 5479 712 5553 καλύψειςζ
727 5479 862 5553 obes
883 5480 972 5553 ἐρῦ
1009 5479 1228 5553 ’1ιί›σήφ.
1263 5479 1404 5553 iam
1425 5480 1731 5553 ὣσπερ-ἐάν
1756 5497 1842 5553 τις
1863 5481 2000 5551 ζητῇ

421 5549 666 5624 Γραφὴν,
696 5552 1049 5621 ὀδυνωμένως
1082 5549 1249 5622 «eam
1276 5549 1431 5672 (Te!
1449 5549 1685 5619 ,Ὀὺχὼς
1717 5549 1998 5620 neniam-4

426 5624 617 5672 uévnv.
646 5623 768 5672 οὐδὲ
795 5621 870 5672 ὼε
898 5623 1268 5672 ὲσωαλιιέντν.
1295 5622 1330 5672 ὰ
1363 5620 1409 5672 λ’
1437 5621 1511 5672 ὼε
1530 5620 1756 5672 ἐγουσαν
1783 5620 1880 5672 ιιὲν
1905 5621 1998 5672 τὸν

426 5620 617 5706 μένήξζ
646 5623 768 5676 οὐδὲ
795 5621 870 5685 ὼς
898 5620 1268 5693 ὲσφαλμένῄν,
1295 5620 1409 5673 ἀλλ’
1437 5621 1511 5683 ὡς
1530 5620 1756 5684 ἔχουσαν
1782 5620 1880 5690 μὲν
1905 5621 1999 5673 τὸν

421 5694 596 5780 «non
630 5694 725 5781 κυεῖ
759 5693 1019 5781 eum?!
1034 5692 1213 5781 W
1232 5693 1410 5781 rare.
1422 5690 1999 5781 iisreseefaz:

421 5729 596 5766 ..ιηηυιι
633 5729 725 5778 ,ωτι
759 5729 1211 5779 ,τυπιηυνηυευη
1239 5729 1481 5776 purus,“
1508 5729 1965 5781 ..υγατγωεηηη

419 5763 591 5827 οὕτως
634 5779 878 5818 κακεινοι
924 5763 1150 5832 ἐζήτουν
1196 5761 1287 5815 τὸν
1332 5763 1534 5832 Κυριον
1579 5762 1737 5831 ήμυν
1808 5762 2000 5832 loctqu

421 5833 689 5917 Χριστὸν..
715 5835 931 5917 μήπωςη
947 5829 1155 5902 ὰτέἐστη
1188 5833 1283 5917 ἀ,π’
1314 5829 1524 5917 ιιὺτῶνἱ
1549 5829 1744 5917 μέῆπως
1773 5829 2002 5917 naias-‘-

420 5900 603 5961 λοίιπεν
632 5900 847 5966 «seeae.
893 5901 1003 5958 Cur
1030 5900 1338 5972 qnw’rebant
1364 5906 1524 5961 eum?
1553 5900 1638 5966 An
1666 5917 1728 5957 ne
1757 5901 1997 5972 periisset

2105 4695 2317 4758 poterat
2347 4685 2586 4738 humana
2619 4683 2870 4753 cognatio
2902 4683 2996 4738 Dei
3021 4683 3218 4737 Filium
3243 4684 3546 4738 continere.
3574 4681 3692 4737 Non

2105 4776 2431 4830 invenerunt
2466 4774 2609 4829 inter
2639 4782 2923 4842 cognatos,
2951 4773 3079 4843 quia
3105 4773 3288 4828 divina
3312 4772 3519 4841 majora
3537 4781 3692 4826 erant

2105 4869 2295 4923 notitia
2345 4867 2684 4937 scientiaque
2737 4866 2978 4920 mortali.
3038 4864 3136 4920 Ubi
3190 4865 3356 4935 igitur
3406 4864 3693 4918 invenimt

2107 4960 2273 5021 cum?
2304 4959 2362 5015 in
2397 4958 2621 5031 templo.
2659 4956 2739 5013 ibi
2767 4957 2912 5013 enim
2953 4956 3227 5013 invenitur
3270 4953 3442 5011 Filius
3473 4955 3591 5010 Dei.
3631 4954 3688 5010 Si

1077 5104 1123 5138 ⁸⁷
1152 5101 1351 5158 Joann.
1396 5119 1516 5170 vm,
1541 5103 1632 5158 59.
1711 5103 1757 5136 ⁸⁸
1783 5100 1979 5157 Matth.
2017 5117 2056 5168 ι,
2086 5098 2181 5155 ‘20.

2106 5211 2256 5266 puer,
2286 5201 2380 5248 aut
2408 5193 2677 5266 errasset?
2704 5190 2877 5266 A_b_sit.
2916 5189 3108 5266 Neque
3124 5195 3260 5247 enim
3294 5192 3351 5246 id
3387 5192 3693 5266 existimare

2107 5260 2282 5336 potuit
2303 5262 2715 5336 sapientissima_
2734 5260 2914 5336 Maria
2941 5260 3058 5331 qua:
3091 5263 3496 5336 innumeras‘de
3516 5278 3576 5314 eo
3602 5264 3692 5315 αξη

2108 5331 2257 5390 binas
2280 5331 2554 5404 acceperat
2580 5331 2942 5404 revelationes,
2969 5349 3132 5402 neque
3153 5331 3368 5402 Ioseph.
3387 5331 3496 5404 Sed
3515 5348 3695 5401 quamq

2109 5400 2413 5459 adtnodum'
2432 5406 2480 5459 si
2512 5404 2629 5475 quis
2657 5400 2953 5475 Scriptum
2989 5400 3199 5457 sensum
3227 5400 3535 5475 quwsierit,
3568 5418 3689 5455 cum

2107 5477 2291 5530 dolore
2317 5472 2533 5545 quierit,
2556 5490 2657 5545 non
2675 5473 2816 5545 quod
2839 5472 3117 5545 Scriptura
3139 5472 3413 5537 erraverit,
3445 5483 3537 5524 aut
3554 5488 3690 5545 per-

2106 5562 2289 5616 peram
2328 5542 2462 5616 quid
2490 5542 2766 5609 habuerit,
2801 5542 2891 5616 sed
2934 5543 3073 5613 quod
3103 5560 3281 5616 rerum
3318 5560 3380 5598 ac
3405 5543 3693 5616 mysticum

2106 5611 2317 5670 sensum
2346 5611 2582 5679 'Itabeat,
2624 5623 2678 5667 at
2710 5611 2953 5667 nonduin
2978 5614 3349 5682 niotiifestum;
3396 5614 3474 5666 ita
3508 5623 3558 5668 et
3604 5611 3691 5666 illi

2106 5685 2410 5756 quaerebant
2459 5684 2751 5756 Dominum
2786 5682 3244 5756 nostrumJesum
3273 5683 3578 5756 Christum,
3622 5699 3693 5737 na

2110 5753 2245 5826 forte
2274 5757 2571 5826 recessisset
2609 5753 2673 5806 ab
2705 5754 2803 5817 eis,
2834 5761 2885 5806 et
2912 5770 2997 5826 eos
3019 5755 3352 5809 deseruisset.
3392 5753 3611 5826 linteos.

2178 5826 2291 5899 (52)
2318 5825 2432 5883 lloc
2455 5840 2584 5883 vero
2605 5831 2685 5881 cst
2722 5839 2833 5894 prae
2862 5825 3086 5895 reliquis
3107 5828 3372 5887 absonum
3405 5825 3682 5880 omnibus.
