4132 6452
428 480 556 536 Ιεειι

1902 473 2227 532 ΟἶὶΙῦΕΜΞ

3541 485 3559 538 l
3571 481 3677 539 852

414 591 635 659 quando
667 600 720 647 et
747 600 800 647 iu
838 587 1120 662 quaesieris
1143 587 1338 648 Filium
1369 591 1486 661 Dei,
1541 607 1724 665 qumre
1754 595 1992 666 primum
2027 600 2070 656 Α
2099 603 2170 649 tet
2201 611 2280 650 me
2302 611 2431 650 esse.
2473 593 2813 652 Erubescant
2855 610 3048 652 omnes
3075 591 3313 652 literctici
3335 639 3349 663 ,
3373 597 3467 668 qui
3500 597 3675 654 Evan-

419 683 474 737 itt
511 685 734 754 templo,
771 686 900 740 illuc
933 699 1183 756 propera,
1219 687 1294 742 ibi
1321 687 1598 742 Christum
1622 728 1637 755 ,
1684 700 1991 742 sermonem

413 785 582 844 atque
608 776 955 847 sapientiam,
993 779 1044 834 id
1077 790 1179 847 est,
1217 781 1414 837 Filium
1439 779 1554 848 Dei,
1575 781 1835 851 reperies.
1855 779 1998 846 Quo-

419 869 564 922 niam
602 885 729 926 vero
752 873 1012 940 parvulus
1046 883 1198 940 erat,
1241 875 1516 932 invenitur
1550 874 1603 928 in
1641 871 1820 928 medio
1860 889 1998 943 prae-

415 971 718 1030 ccptorum,
748 959 1095 1020 sanctificans
1135 971 1189 1020 et
1231 968 1490 1022 erudiens
1518 977 1635 1022 eos.
1675 967 1813 1034 Quia
1870 984 1997 1039 par—

414 1049 576 1108 vulus
601 1063 738 1117 erat,
773 1051 1048 1111 invenitur
1077 1057 1130 1111 in
1165 1058 1365 1125 medio,
1389 1073 1498 1114 non
1521 1071 1617 1114 eos
1643 1060 1868 1127 docens,
1902 1061 1994 1116 sed

415 1143 777 1214 interrogans,
812 1141 996 1201 ethoc
1020 1159 1120 1217 pro
1163 1149 1336 1205 :rtatis
1369 1149 1566 1217 cilicio,
1606 1161 1664 1206 ut
1713 1165 1812 1208 nos
1835 1155 1996 1208 doce-

413 1244 499 1289 ret
523 1231 652 1304 quid
681 1237 885 1306 pueris,
910 1239 1162 1308 quamvis
1197 1241 1470 1311 sapientes
1513 1252 1568 1298 et
1598 1241 1796 1299 eruditi
1841 1245 1952 1300 sint
1977 1287 1994 1313 ,

413 1323 753 1397 conveniret,
784 1339 848 1384 ut
874 1331 1098 1387 audiant
1127 1334 1309 1404 potius
1332 1335 1648 1407 magistros,
1693 1354 1858 1408 quam
1897 1335 1996 1393 do-

413 1431 540 1474 cere
564 1417 894 1486 desiderent,
924 1431 978 1477 et
1004 1437 1064 1478 se
1095 1438 1235 1480 vana
1262 1429 1622 1483 ostentatione
1640 1446 1745 1482 non
1765 1428 1992 1498 iactent.

415 1509 814 1582 lnterrogabat,
847 1514 1068 1585 inquam
1091 1557 1105 1581 ,
1138 1517 1428 1589 magistros
1454 1559 1468 1577 .
1526 1536 1634 1574 non
1679 1529 1740 1575 ut
1789 1518 1996 1593 aliquid

415 1599 669 1668 disceret,
704 1604 797 1659 sed
827 1611 884 1660 ut
917 1606 1256 1678 interrogans
1283 1610 1540 1666 erudiret.
1564 1609 1643 1666 Ex
1662 1628 1771 1666 uno
1797 1612 1996 1683 quippe

413 1686 682 1749 doctrinae
708 1694 856 1752 fonte
882 1709 1065 1755 manat
1098 1709 1152 1754 et
1200 1699 1538 1772 interrogare.
1579 1713 1633 1759 et
1664 1703 1996 1776 respondere

416 1785 733 1854 sapienter:
764 1796 818 1842 et
838 1788 1082 1858 ejusdem
1129 1792 1370 1848 scientiae
1407 1805 1522 1858 est,
1569 1797 1712 1852 scire
1745 1797 1876 1868 quid
1908 1797 1994 1851 in-

415 1886 677 1949 terroges,
702 1881 901 1950 quidve
934 1883 1285 1953 reSpondeas.
1319 1885 1574 1957 Oportutt
1604 1889 1839 1956 primum
1872 1889 1996 1945 Sal-

414 1979 656 2026 vatorem
689 1975 918 2030 eruditae
953 1953 1399 2048 interrogationis
1420 1953 1741 2054 magistrum
1768 1985 1906 2051 ﬁeri,
1938 1996 1997 2041 ut
2029 1953 2069 2009 Β

413 2069 603 2130 postea
633 2063 1149 2137 interrogationibus
1181 2073 1532 2140 responderet
1549 2074 1706 2145 juxta
1728 2077 1994 2133 rationem

416 2151 530 2218 Dei,
571 2164 736 2225 atque
760 2173 1093 2216 sermonem.
1117 2162 1220 2217 Cui
1259 2173 1342 2220 est
1391 2165 1564 2235 gloria
1613 2177 1668 2223 ct
1703 2168 1996 2240 imperium

415 2245 470 2298 in
499 2246 694 2303 saecula
725 2251 1070 2307 saeculorum.
1104 2257 1297 2312 Amen.

979 2366 1268 2425 HOMILIA
1296 2371 1415 2428 XX.

415 2450 496 2506 De
513 2469 573 2506 eo
590 2456 730 2537 quod
751 2459 1008 2537 scriptum
1032 2472 1150 2537 est_:
1178 2481 1196 2513 1
1232 2463 1479 2537 Quidest
1510 2467 1650 2536 quod
1665 2469 1996 2537 rqusrebatis

2099 687 2298 758 gelium
2340 686 2608 758 recipiunt
2636 687 2937 744 secundum
2967 687 3168 743 Lucam
3191 730 3206 754 ,
3240 697 3294 744 et
3342 705 3465 759 qum
3499 689 3553 744 in
3608 706 3676 746 eo

2097 787 2227 835 sunt
2262 779 2461 849 scripta
2489 788 2866 835 contemnunt.
2899 778 3044 844 Haec,
3079 787 3138 835 ut
3165 779 3318 847 dixi,
3353 781 3463 835 sint
3514 782 3674 836 intel-

2098 871 2233 927 lecta
2261 871 2585 942 simplicius.
2611 869 2881 937 Quoniam
2906 883 3036 924 vero
3062 869 3295 924 infertur
3328 888 3341 923 :
3372 869 3540 941 956
3563 869 3677 938 Ipsi

2097 975 2274 1018 autem
2305 981 2404 1019 non
2429 963 2798 1020 intellexerunt
2820 975 3110 1017 sermonem
3130 1002 3145 1028 ,
3178 975 3402 1018 sensum
3433 962 3680 1032 Scriptu-

2097 1070 2172 1112 rae
2197 1057 2514 1128 diligentius
2540 1055 2888 1120 ventilemus,
2923 1051 2966 1110 si
2987 1061 3142 1109 erant
3159 1055 3312 1110 stulti
3338 1063 3391 1110 et
3421 1054 3682 1126 insipien-

2095 1157 2197 1209 tes,
2232 1155 2292 1201 ut
2319 1145 2592 1202 nescirent
2615 1145 2742 1217 quid
2766 1141 2988 1209 diceret,
3011 1147 3142 1216 quia
3171 1145 3276 1200 hoc
3300 1144 3444 1216 quod
3469 1146 3545 1200 ait
3574 1165 3586 1202 :
3611 1145 3678 1200 lu

2096 1239 2176 1292 his
2199 1254 2317 1308 quae
2338 1251 2459 1292 sunt
2483 1235 2664 1292 Patris
2686 1239 2810 1306 mei,
2832 1251 2912 1292 me
2933 1233 3043 1292 esse
3063 1247 3305 1308 oportet,
3347 1236 3680 1309 signiﬁcaret

2098 1329 2151 1384 in
2179 1329 2412 1400 templo,
2471 1343 2539 1384 an
2583 1329 2728 1385 aliud
2787 1329 3046 1400 quiddam
3075 1330 3239 1385 altius
3269 1329 3576 1400 signiﬁcet,
3625 1341 3679 1387 ct

2095 1425 2239 1494 quod
2266 1423 2441 1494 magis
2456 1423 2684 1480 aediﬁcet
2699 1423 2995 1480 audientes.
3018 1421 3406 1494 Unusquisque
3429 1435 3675 1480 nostrum

2097 1517 2142 1572 si
2168 1511 2347 1572 bonus
2379 1515 2542 1572 fuerit
2565 1527 2727 1588 atque
2755 1516 3050 1588 perfectus,
3073 1515 3348 1588 possessio
3384 1515 3476 1572 Dci
3500 1517 3679 1574 Patris

2095 1614 2180 1664 est
2215 1649 2230 1672 ,
2254 1617 2307 1664 et
2334 1609 2496 1664 habet
2522 1608 2578 1662 in
2603 1607 2782 1664 medio
2812 1607 2894 1664 sui
2919 1605 3126 1664 lesum.
3159 1607 3463 1664 Credamus
3477 1611 3677 1680 quippe

2097 1701 2296 1757 dicenti
2328 1720 2341 1756 :
2368 1697 2633 1767 Quoniam
2659 1703 2716 1756 in
2755 1701 2837 1755 his
2880 1714 2999 1772 qua:
3036 1709 3157 1753 sunt
3201 1700 3384 1755 Patris
3427 1699 3564 1770 mei,
3597 1719 3678 1757 me

2097 1805 2297 1866 Oportet
2321 1811 2450 1850 esse.
2489 1794 2658 1866 Magis
2693 1795 3013 1849 rationabile
3037 1804 3201 1863 atque
3231 1793 3448 1860 vivens,
3479 1798 3536 1846 et
3589 1806 3676 1847 vc-

2097 1903 2219 1941 rum
2249 1887 2508 1957 templum
2555 1886 2649 1941 Dei
2693 1887 2797 1941 hoc
2829 1901 2952 1941 esse
3009 1885 3262 1955 suspicor
3286 1923 3302 1949 ,
3345 1901 3509 1955 quam
3547 1885 3675 1941 illud

2097 1979 2240 2050 quod
2298 1979 2475 2051 lypice
2502 1986 2721 2033 terreno
2772 1992 2934 2047 opere
2967 1985 3346 2032 constructum
3380 1985 3484 2031 est.
3526 1972 3680 2030 Unde

2098 2072 2190 2126 illo
2220 2072 2273 2125 in
2306 2071 2526 2139 templo,
2563 2077 2622 2123 ut
2647 2070 2824 2141 typice
2856 2068 2981 2130 fuit,
3016 2070 3087 2124 ita
3115 2068 3345 2124 recessit
3371 2075 3426 2122 et
3475 2067 3675 2139 typice.

2097 2163 2365 2234 Egressus
2391 2171 2475 2216 est
2500 2162 2644 2216 enim
2675 2163 2740 2216 de
2764 2162 2964 2231 templo
2989 2170 3207 2216 terreno
3229 2161 3416 2215 dicens
3435 2160 3514 2213 ηε
3546 2154 3679 2212 Ecce

2098 2253 2422 2323 relinquetur
2443 2251 2583 2306 vobis
2605 2251 2790 2305 donius
2817 2261 2987 2306 vestra
3013 2251 3243 2317 deserta,
3278 2259 3332 2304 et
3367 2243 3678 2319 relinquens

2097 2345 2321 2399 domum
2357 2343 2503 2398 illam
2531 2342 2679 2398 venit
2705 2343 2772 2397 ad
2816 2343 3218 2412 possessionem
3265 2340 3358 2396 Dei
3389 2337 3585 2403 Patris,
3610 2339 3676 2393 ad
3751 2373 3765 2379 -

2098 2435 2370 2492 Ecclesias
2401 2437 2454 2490 in
2485 2439 2601 2490 toto
2634 2435 2768 2490 orbe
2816 2433 3118 2504 dispersas,
3167 2444 3223 2489 et
3261 2429 3436 2489 dicit:
3481 2431 3544 2486 lu
3597 2431 3676 2484 his

484 2539 566 2601 me
589 2517 661 2601 ?_n
690 2517 943 2601 usque'ad
964 2547 1080 2584 eum
1105 2517 1408 2588 locuu‘tiubii
1429 2517 1574 2590 ait?
1589 2517 1997 2596 Tciiiiéﬂiiéi

2100 2547 2201 2601 yria;-
2223 2535 2343 2583 sunt
2366 2525 2544 2580 Patris
2575 2525 2697 2593 mei,
2724 2543 2803 2580 me
2826 2535 3025 2596 oportet
3066 2542 3196 2580 esse.
3228 2517 3382 2581 Tunc
3403 2537 3534 2594 ergo
3571 2537 3676 2577 non

489 2591 669 2648 Maria
693 2591 869 2650 omnia
891 2601 1047 2654 verba
1069 2603 1180 2656 ha'c
1197 2606 1250 2656 in
1273 2602 1428 2659 corde
1449 2622 1567 2663 suo.
1601 2623 1620 2660 1
1655 2591 1798 2678 Cap.
1816 2591 1890 2665 ii.

485 2705 814 2774 Qutercbant
843 2710 1012 2771 Maria
1048 2727 1102 2773 et
1125 2717 1329 2790 Ioseph
1361 2723 1504 2776 inter
1533 2721 1722 2780 aiiines
1763 2722 1951 2781 Iesum
1977 2765 1992 2794 ,

413 2808 469 2852 et
509 2816 616 2856 non
663 2802 1012 2864 inveniebant
1046 2831 1059 2866 :
1093 2811 1145 2866 iu
1177 2815 1461 2880 comitatu,
1494 2825 1548 2871 et
1589 2816 1837 2873 invenire
1885 2833 1995 2873 non

413 2899 686 2960 poterant.
718 2896 1065 2965 Quiesierunt
1113 2905 1168 2960 in
1225 2909 1464 2978 templo;
1513 2905 1606 2964 sed
1640 2910 1784 2980 apud
1821 2911 1998 2982 magi-

413 2992 581 3051 stros,
611 2996 665 3042 et
690 2989 743 3044 in
773 2993 952 3048 medio
970 3006 1365 3068 praaceptorum
1395 3001 1680 3056 inveniunt
1702 3017 1850 3057 eum.
1871 3000 2000 3058 Ubi-

413 3089 630 3146 cunque
661 3084 906 3152 magistri
939 3086 1161 3155 fuerint,
1187 3090 1239 3142 iu
1271 3090 1450 3144 medio
1485 3093 1874 3162 magistrorum
1907 3093 2002 3148 in-.

411 3167 630 3224 venitur
660 3167 819 3228 Jesus
847 3193 861 3229 :
902 3177 946 3231 si
981 3187 1160 3233 tamen
1197 3181 1455 3251 magister
1483 3175 1666 3236 sedeat
1692 3182 1746 3237 in
1769 3183 1993 3253 templo,

2098 2620 2482 2675 intellexerunt
2508 2619 2754 2684 verbum,
2789 2619 2934 2688 quod
2981 2618 3196 2673 locutus
3249 2625 3333 2672 est
3369 2617 3468 2672 eis.
3501 2614 3680 2670 Simul

2096 2723 2152 2769 et
2194 2710 2321 2766 illud
2373 2709 2674 2776 attendite,
2725 2710 2870 2781 quod
2922 2708 3165 2780 quandiu
3227 2707 3281 2763 in
3333 2708 3682 2780 possessione

2098 2802 2273 2859 Patris
2301 2805 2385 2858 sui
2418 2802 2520 2857 fuit
2549 2813 2768 2858 sursum
2802 2811 2939 2868 erat,
2962 2802 3091 2873 quia
3123 2803 3354 2858 necdum
3389 2802 3603 2872 plenam
3626 2801 3683 2856 li-

2097 2893 2219 2952 dem
2236 2891 2434 2966 Joscph
2457 2904 2509 2950 et
2531 2893 2645 2967 (51)
2665 2893 2828 2948 Maria
2848 2894 3138 2956 habebant,
3151 2903 3436 2964 propterea
3460 2907 3678 2949 sursum

2095 2999 2220 3046 cum
2247 2997 2312 3044 eo
2354 2997 2573 3043 manere
2617 2999 2725 3042 non
2754 2994 3047 3056 poterant:
3093 2981 3187 3042 sed
3215 2981 3415 3041 dicitur
3446 2988 3680 3044 descen-

2097 3075 2247 3138 disse
2280 3096 2403 3135 cum
2433 3079 2532 3136 eis.
2562 3079 2769 3134 Crebro
2795 3077 2954 3134 Jesus
2976 3073 3255 3134 descendit
3279 3089 3406 3134 cum
3438 3075 3682 3149 discipu-

2098 3167 2166 3228 lis
2197 3172 2334 3236 suis,
2373 3186 2474 3226 nec
2504 3181 2720 3241 semper
2747 3175 2996 3225 versatur
3024 3171 3078 3225 in
3107 3179 3314 3237 mente,
3349 3183 3449 3226 nec
3472 3167 3682 3241 absque

412 3264 468 3308 et
493 3273 770 3325 nunquam
816 3266 1126 3333 egrediatur
1145 3284 1208 3322 ex
1243 3284 1328 3324 eo.
1364 3261 1573 3324 Profuit
1622 3269 1782 3326 Jesus
1825 3273 2000 3342 magi-
2023 3290 2068 3352 ο
2104 3264 2208 3320 line
2246 3263 2502 3320 sublimia
2547 3271 2711 3318 tenet.
2757 3260 2814 3316 In
2846 3267 3032 3318 monte
3074 3275 3200 3317 cum
3231 3259 3393 3317 Petro
3423 3272 3528 3327 est,
3553 3273 3678 3318 eum

412 3348 542 3403 stris
571 3351 709 3415 suis,
743 3363 796 3407 et
823 3367 920 3411 eos
941 3374 1080 3426 quos
1107 3361 1442 3432 interrogare
1473 3362 1778 3430 videbatur,
1806 3365 1996 3420 docuit

414 3441 468 3492 in
507 3443 683 3498 medio
713 3459 902 3501 eorum
938 3449 1190 3520 loquens,
1215 3462 1270 3507 et
1310 3455 1712 3523 quodammodo
1752 3456 1996 3512 concita-

412 3530 506 3584 bat
553 3545 648 3588 eos
696 3532 762 3589 ad
795 3543 1113 3608 quaerenda,
1166 3560 1288 3614 qua:
1324 3561 1498 3616 usque
1522 3547 1587 3600 ad
1619 3546 1671 3600 id
1705 3547 1948 3602 locorum
1977 3589 1992 3614 ,

413 3631 596 3682 utrum
631 3627 855 3696 scirent,
902 3649 970 3688 an
1004 3635 1338 3706 ignorarent,
1373 3654 1536 3694 nosse
1564 3654 1672 3694 non
1722 3649 1992 3710 poterant.

411 3713 696 3775 Invenitur
719 3715 879 3779 Iesus
913 3725 964 3779 in
999 3729 1178 3783 medio
1205 3729 1620 3799 magistrorum,
1652 3739 1708 3786 et
1738 3729 1993 3786 inventus

415 3807 551 3862 dicit
576 3807 965 3880 quaasitoribus
992 3817 1106 3872 suis
1139 3837 1151 3872 :
1209 3819 1350 3886 Quid
1387 3833 1465 3874 est
1507 3823 1633 3891 quia
1674 3820 1991 3892 qutcrebatis

413 3914 496 3953 me
513 3900 539 3954 .9
564 3895 892 3961 Nesciebatis
914 3910 1038 3977 quia
1061 3910 1110 3963 in
1132 3910 1212 3964 his
1235 3923 1353 3977 qua:
1372 3923 1494 3966 sunt
1523 3911 1701 3967 Patris
1726 3914 1826 3968 mei
1847 3931 1995 3982 apor-

415 3999 486 4053 tet
512 4010 591 4047 me
614 4011 724 4050 esse
747 3996 774 4050 ?
799 3999 915 4070 (55)
953 3999 1195 4056 Primum
1215 4004 1535 4073 simpliciter
1574 4005 1869 4061 sentientes
1899 4021 1992 4059 ar-

412 4100 628 4140 memur
656 4089 918 4148 adversus
954 4092 1153 4164 impios
1181 4094 1463 4151 haereticos
1485 4137 1498 4160 ,
1541 4096 1634 4164 qui
1663 4096 1851 4151 dicunt
1882 4112 1990 4152 non

413 4188 537 4230 esse
565 4169 917 4234 Conditorem
946 4179 1160 4236 Patrem
1188 4183 1392 4239 Christi
1414 4183 1565 4246 Jesu,
1599 4201 1776 4256 neque
1819 4186 1989 4241 Deum

415 4258 572 4335 legis,
601 4267 695 4324 sed
720 4286 821 4325 nec
842 4273 1251 4344 prophetarum.
1289 4273 1429 4331 Ecce
1468 4267 1651 4340 Pater,
1677 4275 1821 4333 Deus
1852 4288 1991 4333 tem-

413 4357 489 4427 pli
517 4362 801 4420 asseritur.
832 4363 1171 4426 Erubescant
1197 4363 1560 4424 Valentiniani
1591 4371 1876 4428 audientes
1904 4371 1996 4428 Je-

415 4464 537 4504 sum
569 4451 903 4524 inquientem
939 4475 952 4512 :
997 4455 1063 4514 In
1099 4458 1181 4514 his
1203 4476 1321 4531 qua:
1351 4470 1474 4516 sunt
1503 4455 1686 4518 Patris
1713 4464 1815 4519 mei
1838 4481 1996 4535 opor-

484 4616 530 4654 ν’
561 4609 752 4675 Matth.
775 4628 937 4690 ‘xxm,
968 4621 1058 4678 58.
1137 4625 1182 4656 ⁶⁰
1217 4623 1406 4683 Matth.
1441 4641 1574 4686 xm.

485 4758 598 4842 (ἥδ)
626 4759 836 4842 Eaedem
846 4763 1081 4842 Δ1111111311111
1094 4777 1127 4842 εΔ
1145 4765 1409 4842 Ἐνῖαῦοᾳ
1433 4769 1484 4842 oi.
1507 4769 1616 4824 ἀπὸ
1636 4771 1990 4842 Οὐαλεντίνου

2100 4771 2298 4830 Recole
2341 4785 2466 4842 quat
2513 4766 2750 4842 laudatis
2774 4767 2936 4842 Alocis

409 4828 701 4916 ξκρύωίτες
721 4833 813 4916 βτι
835 4831 1073 4916 ρεοῦμῆγ
1105 4838 1133 4889 ὁ
1156 4837 1286 4916 fab;
1317 4839 1411 4891 καὶ
1439 4834 1506 4910 ἦν
1533 4843 1592 4916 'ev_
1622 4841 1772 4906 ἰδίοις
1796 4846 1824 4897 ὁ
1854 4846 1994 4916 Χρᾼι-

410 4901 556 4982 ςτὸς,
590 4905 744 4982 ὀ-κεῑὶ
779 4904 945 4982 eam:
978 4901 1064 4960 διᾶ
1090 4903 1183 4960 τοῦ
1218 4906 1382 4982 νόμου
1415 4901 1779 4982 γραφρμενρξ,
1806 4901 1996 4978 καὶ’ὼς

409 4969 470 5024 ἐν
501 4975 680 5050 σκιαῖς
722 4977 817 5050 aut
854 4976 1046 5050 curret;
1081 4969 1490 5050 μδρφοῦμενοξ,
1521 4969 1876 5037 ἀξεείσθῶσαν
1911 4969 1999 5038 is;

410 5054 619 5111 τοντες,
644 5044 726 5096 ὅτι
756 5048 853 5117 θύχ
882 5050 923 5129 ί
943 5044 1442 5130 δημιρυργὺςξούδὲ.
1464 5054 1492 5104 ὁ
1521 5053 1653 5116 Θεὸς
1678 5052 1773 5105 τοῦ
1808 5055 1994 5126 νόμου,

410 5109 531 5164 οὐδὲ
575 5111 604 5163 ὀ
653 5114 783 5176 Θεὸς
829 5132 925 5171 του
980 5135 1144 5176 ναου.
1193 5115 1347 5176 οὗτός
1397 5122 1545 5175 ἐστιν
1588 5124 1617 5175 ὁ
1668 5125 1856 5176 ﬂavi-,0
1903 5125 1994 5176 τοῦ

411 5137 531 5164 uuas
575 5137 783 5194 0-050;
829 5137 925 5171 του
980 5137 1144 5184 ναου,
1193 5137 1347 5184 cuto;
1397 5137 1545 5175 εστιν
1588 5137 1617 5175 ο
1668 5137 1856 5195 Πατὴρ
1903 5137 1997 5179 του

411 5179 672 5264 ξριστου.
707 5185 972 5264 Ηοε-Ιοεο
1017 5189 1682 5264 Valentinianiaudientes
1715 5195 1807 5247 Dei
1836 5195 2000 5264 fuisse

412 5253 696 5335 templum2
728 5270 776 5312 et
824 5261 878 5312 in
923 5262 1151 5335 propriis
1185 5261 1350 5330 fuisse
1381 5261 1653 5335 Christth
1677 5253 1846 5335 quem.
1871 5266 2002 5320 aliut

518 5319 884 5408 praedixerat,
918 5319 1112 5408 quique
1145 5319 1398 5408 tamquam
1440 5319 1501 5387 iu
1535 5319 1735 5389 umbris
1772 5353 1833 5388 ac
1865 5319 2002 5408 typis

411 5401 925 5476 repraesentabatur,
967 5401 1275 5476 eruoescau’t
1306 5402 1512 5476 dicere,
1555 5401 2002 5476 nequecmulilo-

411 5479 520 5521 rem
541 5470 940 5545 ,‘uequelteum
980 5473 1110 5544 legis
1131 5511 1146 5539 ,
1173 5487 1336 5545 neque
1375 5473 1546 5528 Deum
1579 5470 1756 5543 te'mpli
1791 5477 2005 5530 Patrem

409 5548 521 5589 esse
559 5537 783 5595 Christi.
825 5537 1046 5598 Rugus:

486 5608 599 5686 (54)
627 5608 850 5686 ‘Verum
878 5623 964 5668 est
995 5613 1153 5686 adeo,
1185 5614 1242 5668 in
1270 5615 1329 5670 8.
1362 5614 1636 5685 Virginem
1671 5616 2000 5686 iniuriosum

409 5688 535 5731 esse
563 5679 974 5757 Adamantium.
1008 5679 1185 5751 Quam
1216 5686 1433 5740 dixerat
1457 5679 1636 5757 supra
1670 5679 1858 5745 hdmil.
1913 5689 1998 5753 Η,

415 5750 738 5865 purgatione
765 5750 1088 5838 indiguisse,
1124 5765 1178 5809 et
1203 5766 1391 5826 pOSIea
1417 5750 1609 5813 hom-il.
1642 5758 1731 5822 i7,
1762 5750 1993 5813 scandaé

441 5831 529 5865 Itttt
561 5831 776 5865 missam
808 5821 1313 5865 dnlnlnlnmmnmm
1339 5829 1405 5865 .ln
1436 5826 1572 5865 Filias
1603 5847 1614 5859 -
1649 5845 1792 5865 mum
1828 5832 1993 5865 Innlln

441 5831 529 5895 mn
561 5831 776 5895 passam
808 5821 1314 5895 dubitationemque
1339 5829 1406 5880 de
1436 5826 1572 5882 Filio
1603 5847 1616 5882 :
1649 5821 1793 5882 nutu:
1828 5832 2000 5882 multo

418 5887 684 5943 audacius
736 5889 1130 5949 incredulitatis
1185 5887 1406 5955 accusat
1453 5906 1549 5952 aut
1592 5901 1802 5968 exigua:
1854 5901 1996 5957 lidci.

2100 3349 2326 3420 Iacobo,
2359 3369 2483 3411 cum
2522 3351 2751 3419 Joanne,
2786 3362 2840 3409 et
2878 3363 3097 3408 rursum
3143 3355 3196 3408 in
3242 3355 3348 3408 alio
3387 3351 3508 3408 loco
3546 3367 3672 3410 cum

2100 3443 2313 3504 caeteris
2342 3441 2624 3516 discipulis
2645 3441 2712 3499 '°.
2735 3445 2906 3500 Porro
2938 3445 3065 3515 quia
3100 3459 3208 3499 non
3227 3445 3478 3500 valebant
3505 3443 3558 3499 hi
3580 3445 3676 3514 qui

2102 3539 2268 3594 variis
2297 3537 2747 3608 aagrotati'onibus
2790 3536 3132 3600 laborabant,
3169 3537 3223 3590 in
3265 3541 3504 3590 utentem
3533 3546 3669 3590 con-

2104 3629 2388 3692 scendere,
2437 3627 2642 3684 idcirco
2687 3628 2988 3692 descendit,
3039 3635 3094 3682 et
3136 3626 3284 3682 venit
3328 3627 3395 3682 ad
3445 3638 3543 3683 eos
3587 3629 3684 3698 qui

2102 3722 2358 3775 deorsum
2386 3727 2564 3776 erant.
2607 3713 2763 3774 Nunc
2795 3733 3014 3789 quoque
3061 3717 3318 3777 scribitur
3351 3737 3366 3778 :
3403 3714 3684 3774 Descendit

2100 3819 2219 3864 eum
2245 3811 2344 3876 eis,
2369 3819 2419 3864 et
2445 3811 2581 3865 venit
2623 3809 2896 3864 Ναπητιή
2935 3809 3072 3881 (55),
3098 3819 3148 3864 et
3172 3807 3555 3879 subjiciebatur
3585 3812 3683 3868 eis.

2101 3901 2410 3966 Discamus,
2450 3902 2569 3967 lilii,
2611 3901 2842 3971 subjecti
2889 3913 3013 3957 esse
3057 3901 3378 3972 parentibus
3427 3902 3632 3958 nostris
3666 3920 3682 3962 :

2101 3993 2281 4063 major
2310 3990 2510 4048 minori
2543 3989 2850 4063 subjicitur.
2877 3985 3010 4048 Nam
3035 3992 3164 4063 quia
3197 3991 3458 4065 majorem
3483 3991 3684 4064 Joseph

2100 4088 2319 4143 videbat
2356 4095 2536 4152 atate,
2580 4097 2864 4157 propterea
2907 4097 3032 4141 eum
3075 4085 3317 4156 parentis
3351 4087 3560 4142 honore
3592 4103 3687 4142 co-

2104 4183 2225 4250 luit,
2275 4181 2532 4236 omnibus
2579 4180 2704 4235 [iliis
2751 4179 3060 4249 exemplum
3099 4179 3366 4246 tribuens,
3402 4190 3463 4234 ut
3510 4181 3688 4249 subji-

2105 4275 2322 4329 ciantur
2351 4269 2687 4342 parentibus.
2719 4271 2874 4338 Quod
2912 4272 2956 4327 si
2991 4280 3176 4342 patres
3217 4269 3284 4325 iis
3317 4281 3424 4324 non
3460 4267 3684 4334 fuerint,

2104 4366 2473 4436 subjiciantur
2511 4363 2597 4420 his
2634 4357 2728 4434 qui
2774 4372 2986 4433 patrum
3032 4373 3246 4418 aetatem
3281 4363 3504 4418 habent.
3542 4360 3685 4430 Quid

2103 4463 2298 4533 loquar
2342 4460 2408 4515 de
2451 4459 2767 4534 parentibus
2815 4467 2868 4514 ct
2904 4451 3068 4515 liliis?
3099 4456 3153 4513 Si
3199 4455 3361 4514 Iesus
3390 4457 3562 4513 Filius
3589 4457 3686 4514 Dei

3027 4769 3096 4823 ad
3144 4767 3541 4836 retundendam
3596 4783 3689 4824 ea-

2100 4807 2467 4899 ζισὲ
2497 4807 2985 4910 vindicandamal)
3017 4833 3166 4910 onmi
3199 4837 3409 4910 peccati
3441 4833 3563 4894 labe
3590 4836 3690 4893 Dei

2100 4912 2349 4978 Matrem,
2378 4909 2640 4967 diximus.
2681 4904 2840 4964 Nunc
2866 4907 2912 4963 si
2944 4909 3081 4964 tanti
3112 4904 3291 4964 est'ad
3312 4910 3691 4964 excusandum

2100 4985 2411 5054 Origenem,
2440 4981 2578 5054 Sixti
2609 4979 2871 5035 Senensis
2905 4979 3000 5054 lib.
3031 4996 3060 5034 v
3094 4979 3690 5054 Bibliothecqadnota-

2103 5050 2307 5110 tiouem
2341 5053 2446 5107 140
2482 5053 2894 5121 subuectamus.
2929 5050 3098 5118 Puto,
3145 5051 3357 5121 inquit,
3411 5050 3689 5120 Origene":

2102 5126 2351 5180 vocabulo
2373 5123 2541 5193 pleme
2571 5122 2718 5194 ﬁdei,
2743 5120 3065 5194 intellexisse
3090 5120 3302 5194 plenam
3340 5121 3690 5194 cognitionem

2103 5197 2341 5249 omnium
2373 5189 2742 5263 mysteriorum
2763 5192 3058 5246 divinitatis
3085 5189 3133 5246 et
3156 5189 3690 5263 humanitatisChri-

2107 5268 2198 5331 sti,
2219 5281 2380 5336 quam
2405 5258 2580 5316 Βατία
2607 5258 2784 5336 γεῖσα
2826 5265 3144 5336 nondum_e_o
3185 5272 3413 5332 tempore
3443 5259 3691 5325 habebat,

2105 5332 2345 5405 quamvis
2377 5350 2439 5388 ea
2475 5335 2654 5386 onmia
2683 5348 2800 5405 qua
2817 5342 2938 5405 tum
2963 5333 3026 5385 de
3051 5332 3266 5388 Christo
3304 5342 3544 5397 noverat,
3577 5347 3690 5385 cer.

2108 5404 2318 5461 tissimi:
2341 5415 2386 5458 et
2415 5409 2726 5457 inconcussa
2749 5404 2855 5473 [ide
2879 5414 3094 5473 teneret.

2181 5477 2294 5546 (55)
2336 5475 2551 5546 Ezudcut
2603 5467 2818 5546 scholia:
2855 5490 2869 5526 :
2918 5473 3030 5529 Kal
3069 5467 3150 5544 ἦν
3190 5469 3689 5546 ὑποτασσόμενᾳς

2108 5542 2330 5613 αὑῒοῖς.
2360 5545 2459 5600 Διὰ
2481 5547 2637 5599 τοῦτο
2659 5542 2804 5616 δὲῆν
2827 5542 3268 5616 ὑωτασσρμενος
3292 5542 3688 5616 αὐτοῖς,“παρά.·

2109 5611 2310 5690 δειγμὰ
2340 5617 2516 5680 διδοὺς
2556 5619 2691 5690 attici
2717 5611 2830 5690 τρῖς
2860 5617 2994 5678 υἱοῖς
3012 5653 3026 5680 ,
3059 5611 3144 5690 ἴγᾶ
3173 5615 3375 5690 τιμῷρι
3401 5617 3528 5678 τοὺς
3561 5611 3691 5690 ἐὰν·

2107 5682 2446 5756 τῶθγονεῐς,
2492 5688 2586 5740 καὶ
2617 5686 3028 5741 ὑποτάσσωνται
3057 5682 3257 5756 αὑτοῖέ.
3294 5682 3359 5741 Et
3398 5697 3518 5740 crat
3559 5685 3690 5756 sub-'-

2107 5707 2214 5747 των
2248 5705 2446 5756 γονεις,
2492 5705 2586 5740 και
2617 5705 3028 5741 υποτασσωνται
3057 5705 3206 5740 αυτοι
3245 5724 3257 5738 .
3294 5705 3359 5741 nt
3398 5705 3518 5740 crat
3559 5705 3690 5750 sun-'-

2106 5762 2256 5812 dilus
2283 5759 2408 5812 illis.
2436 5759 2722 5826 Propterea
2758 5767 2870 5809 erat
2900 5757 3142 5811 subditus
3169 5705 3300 5822 illis,
3339 5757 3581 5826 omnibus
3622 5755 3691 5822 [i-

2105 5828 2193 5884 llis
2229 5830 2360 5880 dum
2387 5824 2712 5895 exeuntium,
2746 5837 2802 5878 ut
2830 5839 3070 5894 parentes
3103 5829 3295 5883 honore
3326 5824 3556 5900 aﬂiciaut
3578 5867 3594 5894 ,
3639 5835 3688 5879 et

2106 5902 2178 5956 eis
2210 5900 2579 5969 subjiciuntur.
2617 5901 2834 5954 lithUe.
