4132 6442
445 471 586 526 1855

1917 459 2247 516 ORIGE‘NIS

3580 457 3731 515 1856

397 618 410 629 η
442 604 607 657 quam
640 587 760 659 ejus
801 601 924 657 quae
951 585 1113 638 habet
1143 583 1318 636 virum
1344 581 1395 613 ⁴⁶
1420 597 1441 637 -ε
1481 581 1684 636 idcirco
1713 581 1913 636 factum
1949 590 2034 636 est
2062 586 2108 642 Α
2137 579 2312 648 Quam
2356 577 2496 632 viam
2532 577 2764 632 Domino
2791 555 3217 647 praeparemus?
3239 571 3498 643 Nunquid
3528 589 3720 641 corpo-

442 681 665 736 verbum
695 680 790 734 Dei
820 678 884 732 ad
912 676 1176 730 Joannem
1208 673 1378 728 lilium
1406 670 1684 728 Zacharizc
1708 674 1762 728 in
1793 674 2029 728 deserto.

447 772 732 841 Simulque
765 767 1048 824 considera
1083 765 1228 835 quod
1274 762 1449 834 magis
1493 763 1757 817 rationem
1792 763 1953 818 habet
1986 761 2034 816 si

448 863 675 933 mystice
727 860 1060 930 intelligatur
1112 859 1414 916 desertum,
1461 865 1513 910 ct
1563 871 1670 908 non
1733 855 2032 911 secundum

449 952 752 1023 simplicem
805 952 1067 1005 litteram.
1101 949 1204 1016 Qui
1235 949 1381 1003 enim
1411 949 1466 1002 in
1498 948 1716 1002 deserto
1755 947 2034 1018 praedicat,

443 1044 720 1115 superﬂue
748 1042 876 1098 facit
905 1043 978 1097 ibi
1017 1041 1332 1104 vociferari,
1365 1041 1454 1094 ubi
1487 1056 1545 1095 se
1573 1041 1883 1109 loquentetn
1913 1042 2038 1094 nul-

444 1137 529 1189 lus
571 1132 845 1188 exaudiat.
886 1131 1202 1186 Praecursor
1243 1145 1374 1199 ergo
1425 1127 1650 1192 Christi,
1683 1137 1736 1182 et
1781 1143 1885 1181 vox
1919 1127 2034 1181 cla-

445 1225 650 1280 mantis
678 1224 731 1278 in
769 1224 1011 1288 deserto,
1036 1220 1296 1291 praedicat
1339 1218 1392 1272 in
1424 1219 1638 1296 deserto
1669 1218 1885 1280 animae,
1913 1232 2038 1287 quae

442 1331 551 1370 non
581 1315 815 1370 habebat
852 1328 1062 1384 pacem.
1105 1309 1224 1364 Non
1274 1310 1451 1364 solum
1505 1317 1685 1363 autem
1737 1316 1896 1373 tunc,
1939 1307 2036 1363 sed

442 1419 499 1463 et
539 1409 592 1462 in
635 1407 894 1477 praesenti
941 1405 1180 1474 primum
1229 1404 1453 1459 lucerna
1497 1403 1694 1456 ardens
1742 1410 1798 1454 et
1846 1399 2042 1456 lucens

444 1500 615 1567 venit,
645 1509 700 1555 et
723 1498 1053 1570 praedicabat
1080 1495 1349 1565 baptisma
1374 1494 1732 1564 pmnitentiae,
1754 1491 1808 1546 in
1842 1492 2038 1546 remis-

443 1589 659 1644 sionem
694 1595 1044 1658 peccazorutn
1081 1605 1094 1639 :
1128 1583 1325 1640 deinde
1355 1584 1448 1638 lux
1495 1597 1620 1636 vera
1651 1582 2034 1652 subsequitur,

444 1671 675 1751 quando
703 1681 928 1734 lucerna
975 1678 1094 1748 ipsa
1135 1675 1426 1745 loquitur:
1467 1672 1636 1728 Illum
1673 1683 1878 1742 oportet
1923 1690 2037 1728 cre-

445 1783 608 1838 scere,
637 1782 912 1826 meantem
931 1770 1157 1824 minui"
1175 1769 1287 1840 (58)
1310 1787 1322 1822 :
1344 1767 1430 1822 Fit
1453 1767 1679 1822 verbum
1715 1768 1768 1822 in
1796 1768 2034 1834 deserto,

445 1874 500 1919 et
525 1864 671 1918 venit
699 1863 766 1918 ad
803 1877 1019 1917 omnem
1068 1861 1215 1916 circa
1259 1860 1536 1930 regionem
1586 1857 1863 1916 Jordanis.
1900 1857 2035 1926 Quae

445 1955 592 2009 enim
625 1955 731 2009 alia
775 1954 897 2009 loca
937 1951 1128 2007 debuit
1150 1949 1384 2007 circuire
1418 1949 1688 2022 Baptista,
1718 1952 1826 2008 nisi
1855 1952 2031 2007 vicina
2069 1933 2110 1990 Β

444 2044 724 2108 Jordanis,
765 2055 824 2100 ut
869 2046 1184 2116 quicunque
1223 2043 1528 2099 voluissent
1578 2058 1738 2114 agere
1766 2046 2036 2114 paeniten-

449 2139 604 2206 tiam,
633 2145 831 2208 praesto
857 2145 1042 2193 essent
1071 2136 1140 2190 ad
1173 2135 1450 2190 lavacrum
1484 2137 1685 2206 aquae?
1715 2135 1886 2190 Porro
1913 2135 2037 2190 Jor-

445 2228 719 2299 danis(59)
731 2226 1045 2282 descendens
1065 2226 1473 2295 interpretatur.
1494 2223 1840 2280 Descendens
1853 2235 2034 2280 autem

446 2329 504 2375 et
530 2321 683 2389 largo
713 2321 913 2390 impetu
950 2332 1181 2374 currens
1211 2315 1412 2371 ﬂuvius
1449 2314 1539 2370 Dei
1573 2317 1826 2372 Salvator
1853 2327 2038 2372 noster

453 2411 720 2467 Dominus
770 2421 875 2474 cst,
927 2411 980 2464 in
1042 2425 1156 2480 quo
1213 2411 1579 2480 haptizamur.
1608 2406 1784 2476 Quam
1852 2427 2035 2466 veram

447 2521 648 2577 aquam
685 2505 1006 2570 salutarem,
1039 2503 1093 2556 in
1119 2501 1503 2557 remissionem
1532 2517 1752 2572 quoque
1787 2515 2040 2574 peccato-

446 2613 572 2653 rum
618 2597 671 2651 in
720 2596 992 2667 baptismo
1037 2596 1342 2667 praedicat:
1380 2594 1582 2659 venite,
1631 2597 2037 2661 eatechumeni,

447 2692 592 2762 agite
638 2691 1038 2760 paenitentiam,
1073 2699 1134 2745 ut
1165 2689 1218 2744 in
1257 2689 1639 2744 remissionem
1686 2699 2038 2760 peccatorum

452 2783 721 2852 baptisma
743 2783 1184 2854 consequamini.
1207 2785 1266 2836 in
1287 2781 1666 2838 remissionem
1690 2791 2040 2851 peccatorum

450 2873 542 2927 ille
589 2873 790 2944 accipit
831 2873 1126 2944 baptisma,
1173 2873 1266 2944 qui
1299 2887 1524 2942 peccare
1561 2871 1796 2926 desistit.
1831 2870 1887 2924 Si
1919 2873 2044 2942 quis

447 2964 594 3019 enim
635 2980 868 3034 peccans
898 2967 964 3020 ad
1003 2967 1283 3022 lavacrum
1319 2965 1487 3032 venit,
1521 2973 1574 3018 et
1601 2963 1700 3036 [al.
1736 2963 1809 3035 ei]
1839 2979 1954 3018 non
1985 2966 2045 3019 tit

446 3054 702 3109 remissio
743 3064 1115 3124 peccatorum.
1164 3055 1461 3126 Propterea
1510 3055 1740 3109 obsecro
1782 3071 1916 3122 vos,
1977 3069 2046 3109 ne

451 3146 660 3217 absque
690 3148 902 3203 cautela
932 3157 988 3203 et
1027 3149 1272 3220 diligenti
1305 3151 1794 3219 circumspectione
1839 3151 1906 3204 ad
1952 3149 2046 3203 ba.

2139 669 2324 725 ream?
2372 670 2480 723 Aut
2531 677 2703 737 potest
2747 682 2929 722 sermo
2967 664 3057 719 Dei
3107 665 3200 720 tali
3234 665 3424 718 itinere
3467 671 3728 736 pergere?

2136 760 2219 812 An
2272 758 2603 813 intrinsecus
2650 761 3005 827 praeparanda
3046 765 3131 808 est
3181 755 3430 820 Domino,
3461 753 3514 807 in
3561 755 3726 810 cordo

2138 861 2330 908 nostro
2373 859 2520 905 recta
2568 859 2622 904 et
2651 848 2879 918 aequalis
2921 854 3116 901 semita
3158 846 3574 915 componenda?
3603 845 3728 901 llaec

2137 957 2220 1002 est
2265 947 2348 998 via
2382 960 2480 1015 per
2509 958 2673 1014 quam
2716 943 2996 1011 ingressus
3039 949 3124 994 est
3161 955 3344 994 sermo
3390 939 3507 1007 Dei,
3539 942 3633 1011 qtti
3671 945 3725 996 in

2139 1037 2366 1093 humani
2414 1035 2660 1106 corporis
2709 1032 3011 1103 capacitate
3055 1032 3327 1087 consistit.
3364 1031 3616 1103 Magnum
3645 1044 3730 1088 est

2139 1145 2233 1183 cor
2267 1128 2527 1192 hominis,
2555 1136 2611 1181 et
2633 1126 2960 1196 spatiosum,
2985 1134 3039 1180 et
3061 1139 3256 1194 capax,
3283 1125 3326 1179 si
3361 1135 3544 1180 tamen
3569 1143 3729 1180 mun-

2137 1220 2266 1274 dnm
2311 1220 2494 1274 fuerit.
2544 1217 2639 1273 Vis
2665 1217 2784 1288 ejus
2807 1215 3241 1287 magnitudinem
3273 1216 3729 1288 latitudinemqnc

2137 1311 2502 1384 cognoscere?
2526 1309 2661 1364 Vide
2693 1317 2950 1379 quantam
2977 1309 3288 1364 divinorum
3325 1326 3587 1365 sensuum
3615 1328 3731 1364 ma-

2138 1406 2475 1478 gnitudinem
2524 1401 2693 1474 958
2742 1404 2942 1472 capiat.
2989 1403 3128 1472 Ipse,
3159 1402 3255 1465 ait,
3290 1401 3437 1456 dedit
3467 1402 3601 1455 mihi
3636 1418 3730 1456 eo-

2139 1513 2284 1560 rum,
2319 1512 2442 1566 quaa
2469 1504 2620 1558 sunt,
2659 1493 2933 1561 notitiam,
2968 1495 3234 1548 rationem
3262 1493 3450 1548 mundi
3476 1493 3640 1559 scire,
3677 1503 3731 1548 et

2138 1604 2305 1657 opera
2333 1588 2752 1651 elementorum,
2788 1585 3118 1655 principium
3149 1595 3202 1640 et
3228 1587 3391 1640 linem
3429 1595 3482 1641 ct
3526 1588 3730 1642 medie-

2138 1688 2303 1734 tatem
2336 1679 2686 1745 saeculorum,
2723 1687 3030 1750 temporum
3058 1677 3368 1744 varietates,
3395 1688 3449 1734 et
3490 1681 3729 1735 transla-

2141 1771 2342 1826 tionem
2392 1771 2691 1838 mensium,
2746 1784 3019 1825 annorum
3073 1769 3333 1834 circulos,
3381 1779 3435 1824 et
3485 1770 3726 1826 siderum

2140 1864 2330 1928 sedes,
2379 1873 2605 1919 naturas
2650 1862 3006 1928 animalium,
3052 1869 3106 1916 et
3144 1860 3360 1917 furores
3406 1862 3730 1926 bestiarum,

2139 1954 2431 2023 spirituum
2471 1954 2782 2023 violentias,
2817 1963 2872 2009 et
2903 1953 3264 2024 cogitationes
3299 1952 3608 2016 hominum,
3642 1955 3729 2006 di-

2137 2049 2424 2102 versitates
2489 2048 2792 2111 arborum,
2848 2055 2904 2103 et
2966 2047 3078 2101 vim
3146 2046 3398 2101 radicum
3443 2047 3510 2099 ".
3568 2045 3733 2101 Vides

2137 2153 2247 2193 non
2296 2154 2524 2208 parvum
2582 2154 2704 2195 esse
2755 2153 2851 2194 cor
2898 2138 3182 2206 hominis,
3247 2138 3395 2210 quod
3439 2147 3588 2193 tanta
3635 2154 3731 2193 ca-

2136 2228 2271 2299 piat.
2321 2227 2511 2300 Neque
2568 2229 2623 2284 in
2679 2229 2932 2300 corporis
2977 2230 3307 2301 quantitate,
3352 2230 3447 2285 sed
3482 2230 3534 2283 in
3575 2228 3734 2282 forti-

2140 2320 2330 2378 tudine
2374 2320 2496 2402 ejus
2531 2321 2790 2390 intellige,
2825 2336 2948 2392 quae
2991 2330 3196 2376 tantam
3235 2321 3518 2376 scientiam
3553 2323 3736 2393 capiat

2141 2411 2399 2467 veritatis.
2443 2410 2510 2466 Ut
2548 2421 2728 2467 autem
2759 2423 2814 2468 et
2856 2414 3133 2486 simplices
3163 2432 3412 2488 quosque
3459 2420 3736 2488 quotidia-

2143 2502 2231 2557 nis
2257 2504 2522 2574 exemplis
2549 2506 2616 2558 ad
2651 2506 2987 2562 credendum
3019 2508 3311 2576 adducam,
3349 2511 3495 2580 quod
3531 2513 3737 2581 grande

2142 2593 2213 2649 sit
2241 2609 2338 2649 cor
2361 2595 2622 2662 hominis,
2642 2596 3339 2672 videantus..Quascunque
3367 2602 3534 2657 urbes
3558 2612 3737 2658 trans-

2141 2683 2362 2752 ivimus,
2399 2686 2665 2742 habemus
2704 2688 2825 2742 illas
2861 2689 2916 2743 in
2962 2690 3171 2753 animo,
3232 2699 3288 2744 et
3323 2692 3632 2761 qualitates,
3681 2703 3738 2746 et

2143 2774 2286 2831 situs
2333 2777 2659 2846 platearum,
2710 2793 3128 2849 murorumque,
3169 2789 3223 2833 et
3269 2782 3624 2837 aediﬁciorum
3679 2784 3736 2839 in

2145 2871 2311 2926 corde
2335 2882 2528 2928 nostro
2547 2882 2861 2929 versantur.
2890 2872 3046 2927 Viam
3072 2891 3235 2944 quam
3262 2875 3490 2946 ingressi
3521 2893 3736 2942 sumus,

2145 2962 2202 3016 in
2247 2963 2527 3018 memoria:
2567 2965 2778 3034 pictura
2831 2980 2895 3020 ac
2943 2965 3310 3035 descriptione
3367 2969 3669 3024 retinemus
3719 2987 3733 3023 :

2147 3069 2301 3111 mare
2326 3057 2474 3126 quod
2503 3057 2882 3128 navigavimus
2916 3057 3080 3112 tacita
3107 3058 3438 3128 cogitatione
3461 3061 3738 3130 amplecti-

2146 3163 2291 3203 mur.
2318 3147 2438 3204 Non
2473 3158 2557 3204 est
2606 3165 2857 3220 parvum,
2894 3159 2956 3204 ut
3001 3151 3137 3215 dixi,
3170 3167 3266 3206 cor
3300 3152 3558 3217 hominis,
3592 3155 3739 3223 quod

452 3239 716 3310 ptlsmum
763 3241 1021 3306 veniatis,
1078 3242 1170 3296 sed
1207 3242 1511 3297 ostendatis
1543 3242 1776 3311 primum
1831 3240 2043 3297 fructus
2073 3283 2114 3340 C
2151 3249 2327 3310 potest
2352 3249 2501 3296 tanta
2532 3256 2747 3311 capere.
2781 3242 2838 3296 Si
2871 3252 3052 3296 autem
3083 3259 3188 3297 non
3223 3253 3305 3298 est
3331 3259 3558 3313 parvum
3589 3252 3740 3300 tanta

454 3333 650 3402 dignos
681 3333 1035 3403 ptenitentitc.
1072 3332 1254 3388 Facite
1287 3334 1494 3403 aliquid
1526 3334 1788 3403 temporis
1823 3334 1877 3389 in
1909 3349 2046 3388 con-

457 3423 774 3479 versatione
816 3423 982 3490 bona,
1029 3425 1264 3479 mundos
1311 3440 1407 3480 vos
1453 3439 1484 3478 a
1531 3429 1744 3480 cunctis
1792 3426 2048 3481 sordibus

456 3512 713 3582 vitiisque
746 3524 960 3569 servate
1004 3523 1102 3569 :et
1145 3523 1277 3570 tunc
1322 3515 1476 3570 vobis
1519 3516 1770 3571 remissio
1800 3527 2050 3586 peccato-

458 3620 581 3659 rum
613 3606 723 3671 liet,
757 3607 980 3676 quando
1013 3607 1290 3677 cteperitis
1315 3615 1370 3662 et
1417 3607 1519 3677 ipsi
1565 3607 1786 3678 propria
1828 3618 2048 3677 peccata

459 3706 828 3755 contemnere.
867 3698 1132 3755 Di.nittite
1160 3700 1357 3755 delicta
1388 3709 1588 3766 vestra,
1618 3709 1672 3754 ct
1705 3701 2052 3754 dimittentnr

460 3788 643 3844 vobis.
687 3787 802 3844 Hoc
830 3801 1013 3845 autem
1055 3791 1233 3861 ipsum
1267 3793 1411 3862 quod
1455 3808 1601 3846 nunc
1639 3793 1705 3846 de
1752 3790 1932 3845 Veteri
1962 3792 2048 3845 ln-

461 3888 768 3937 strumento
802 3884 1046 3952 ponitur,
1083 3884 1137 3936 in
1171 3882 1312 3938 lsaia
1357 3885 1621 3954 propheta
1668 3883 1928 3953 scriptum
1973 3885 2050 3936 lc-

464 3972 670 4042 gimus,
701 3973 772 4027 ibi
797 3973 942 4028 enim
966 3973 1168 4028 dicitur
1198 3992 1211 4028 :
1265 3973 1373 4028 Vox
1399 3974 1684 4028 clamantis
1713 3975 1768 4027 in
1797 3973 2000 4027 deserto
2031 3988 2048 4026 :

465 4063 670 4118 Parate
707 4066 844 4118 viam
891 4064 1125 4131 Domini,
1159 4074 1330 4119 rectas
1372 4066 1531 4134 facile
1564 4067 1780 4118 semitas
1827 4065 1942 4134 ejus
1981 4067 2048 4120 ⁸⁸.

467 4154 594 4209 Vult
631 4154 894 4210 Dominus
929 4156 982 4210 itt
1027 4157 1185 4211 vobis
1223 4157 1461 4226 reperire
1506 4155 1670 4219 viam,
1701 4166 1756 4210 ut
1792 4157 1964 4225 possit
1996 4157 2050 4210 in

468 4255 680 4301 vestras
713 4247 926 4302 animas
955 4247 1190 4318 ingredi,
1216 4256 1267 4303 et
1295 4247 1398 4300 iter
1421 4262 1582 4302 suum
1616 4245 1814 4300 facere.
1848 4245 2054 4316 Praepa-

467 4349 582 4395 rate
609 4340 656 4394 ei
687 4341 960 4403 semitam,
997 4341 1062 4393 de
1090 4355 1197 4409 qua
1227 4339 1428 4393 dicitur
1454 4357 1466 4393 :
1498 4338 1684 4392 Iiectas
1715 4340 1872 4408 facite
1895 4340 2053 4392 sentt?-

467 4440 550 4483 tas
577 4431 738 4497 ejus:
796 4428 906 4481 νοω
958 4429 1242 4482 clamantis
1282 4429 1337 4481 in
1392 4429 1617 4482 deserto.
1655 4429 1771 4482 Vox
1826 4429 2050 4494 clamat,

468 4529 768 4590 praeparate
800 4520 967 4577 viam.
999 4519 1186 4573 Primo
1214 4523 1360 4575 enim
1407 4536 1509 4576 vox
1545 4520 1611 4574 ad
1650 4535 1812 4574 aures
1858 4536 2050 4588 perve-

2148 3332 2392 3402 capicns,
2425 3342 2830 3402 consequenter
2861 3332 2914 3387 in
2953 3333 3046 3388 illo
3078 3335 3162 3388 via
3200 3333 3415 3388 Domini
3468 3352 3741 3406 praepara-

2149 3432 2258 3490 tnr,
2287 3433 2343 3480 et
2376 3435 2522 3480 recta
2573 3425 2634 3479 ﬁt
2674 3427 2889 3492 semita,
2931 3435 2992 3480 ut
3026 3427 3268 3481 ambulet
3314 3427 3366 3482 in
3418 3427 3508 3482 illa
3557 3443 3743 3484 sermo

2150 3513 2244 3569 Dei
2295 3522 2459 3585 atque
2511 3514 2798 3585 sapientia.
2856 3514 3109 3586 Prtepara
3159 3516 3304 3570 viam
3366 3516 3595 3572 Domino
3645 3534 3743 3587 per

2150 3606 2624 3660 conversationem
2677 3607 2896 3671 bonam,
2935 3617 2988 3662 et
3030 3608 3264 3678 egregiis
3313 3609 3572 3679 operibus
3618 3618 3743 3665 tene

2150 3697 2402 3751 semitam
2438 3716 2453 3753 :
2492 3699 2703 3768 absque
2737 3698 2943 3754 oll'ensa
2971 3700 3078 3755 ulla
3104 3702 3416 3756 deambulet
3443 3703 3496 3756 in
3527 3712 3578 3757 te
3610 3702 3741 3757 Ver-

2150 3787 2279 3840 bum
2315 3786 2433 3853 Dei,
2463 3797 2518 3844 et
2541 3789 2707 3844 donet
2740 3790 2836 3845 tibi
2863 3793 3250 3862 mysteriorum
3278 3807 3506 3847 suorum
3537 3793 3743 3848 adven-

2153 3884 2349 3946 tnsqne
2381 3878 2653 3932 notitiam.
2696 3877 2797 3934 Cui
2837 3891 2922 3935 est
2955 3880 3124 3952 gloria
3151 3889 3206 3937 et
3244 3881 3531 3953 imperium
3561 3884 3615 3939 in
3646 3897 3744 3940 ">-

2151 3966 2276 4022 cula
2309 3969 2656 4024 saeculorum.
2692 3971 2886 4024 Amen.

2703 4078 2986 4136 HOMILIA
3029 4080 3202 4137 XXII.

2155 4168 2231 4224 De
2252 4187 2310 4223 eo
2340 4171 2479 4240 quod
2494 4171 2754 4256 ‘scriptu‘m
2780 4183 2855 4226 est
2885 4189 2904 4226 :
2929 4192 2946 4256 ς
2967 4171 3160 4256 pinnis
3183 4173 3337 4256 vallis
3362 4173 3687 4256 implebunt",
3712 4193 3736 4228 ο

2228 4257 2390 4310 usque
2418 4242 2505 4323 .atl
2537 4258 2656 4322 curn
2686 4241 2978 4325 ioﬂlmflbl.
3019 4247 3139 4325 ait_:
3181 4263 3201 4296 ί
3253 4241 3448 4298 Potens
3490 4258 3566 4298 est
3600 4241 3742 4300 Dens

2227 4313 2292 4364 tle
2319 4312 2584 4380 lapttltbus
2608 4322 2724 4365 tslts
2749 4325 3007 4368 suscitare
3031 4313 3172 4383 ﬁltos
3198 4315 3446 4369 Abraltte.
3463 4335 3478 4366 I
3500 4315 3632 4385 Cap.
3659 4333 3739 4370 III.

2234 4422 2532 4478 Videamus
2578 4440 2702 4494 qua:
2747 4425 2800 4478 in
2839 4425 3042 4480 Christi
3096 4427 3457 4498 pradiccntur
3482 4429 3739 4492 adventu,

2157 4516 2298 4570 inter
2331 4531 2451 4585 qua:
2483 4516 2720 4586 Primum
2765 4517 2831 4571 de
2860 4514 3071 4573 Joanne
3117 4519 3374 4573 scribitur
3423 4537 3436 4574 :
3483 4518 3596 4575 Vos:
3629 4520 3744 4574 clu-

466 4612 548 4666 nit
591 4629 604 4665 :
641 4612 836 4666 deinde
883 4622 1002 4681 post
1049 4628 1262 4678 vocem,
1301 4614 1411 4666 imo
1454 4628 1578 4667 cum
1622 4628 1772 4678 voce,
1806 4610 2050 4667 auditum
2082 4622 2132 4682 ι)
2159 4609 2354 4661 mantis
2395 4607 2449 4660 in
2479 4608 2684 4661 deserto
2717 4624 2735 4661 :
2779 4607 2977 4662 Parate
3007 4609 3147 4662 viam
3179 4608 3416 4675 Domini,
3447 4620 3617 4663 rectas
3657 4620 3743 4680 ια-

465 4716 650 4757 sermo
695 4712 956 4771 penetrat.
996 4699 1158 4757 Juxta
1191 4702 1336 4756 hunc
1372 4717 1593 4758 sensum
1634 4719 1664 4756 a
1695 4701 1906 4760 Joanne
1945 4720 2049 4758 an.

467 4795 751 4851 nuntiatus
777 4804 861 4850 est
891 4795 1166 4851 Christus.
1209 4794 1499 4850 Videamus
1533 4810 1666 4864 ergo
1689 4795 1820 4865 quid
1851 4811 1951 4850 vox
1980 4795 2048 4852 de

463 4887 632 4942 verbo
683 4887 986 4942 annnntiet.
1022 4887 1353 4958 Prteparate,
1392 4886 1590 4958 inquit,
1625 4887 1763 4940 riam
1799 4886 2046 4942 Domino.

534 5030 582 5062 “
606 5027 727 5085 Gal.
753 5045 824 5100 tv,
853 5029 958 5095 27;
989 5031 1089 5088 lsa.
1123 5047 1232 5099 Ltv,
1255 5032 1305 5087 ί.
1383 5031 1426 5063 ⁶’
1457 5029 1617 5086 Joan.
1651 5047 1734 5097 ttt,
1765 5029 1855 5086 50.

465 5195 744 5266 mysticam
760 5194 1253 5250 considerationem.
1275 5195 1418 5266 Nam
1434 5197 1685 5266 quoniam
1705 5200 1876 5266 futuri
1895 5208 2050 5254 erant

469 5263 625 5337 multi
653 5265 753 5333 lilii
777 5267 1020 5330 desertaz,
1047 5270 1142 5320 hoc
1164 5277 1264 5330 est,
1291 5263 1547 5322 Ecclesia:
1567 5283 1633 5326 ea:
1658 5263 1920 5337 gentibus,
1943 5285 2049 5322 ma-

467 5336 546 5404 gis
581 5351 740 5407 quam
767 5337 881 5404 ejus
911 5351 1029 5406 qua:
1062 5338 1222 5407 legem
1267 5348 1520 5407 tanquam
1549 5336 1720 5407 virum
1751 5339 1924 5404 habet,
1953 5339 2050 5394 hoc

466 5403 570 5470 est,
594 5403 1248 5477 'Judworum'synagogw,
1279 5403 1556 5476 propterea
1593 5408 1662 5463 ad
1681 5403 1943 5464 Joannem
1966 5409 2056 5478 fa-

468 5487 612 5531 ctum
634 5487 712 5532 est
733 5479 946 5531 verbum
973 5479 1070 5532 Dei
1098 5480 1154 5534 in
1185 5482 1411 5534 deserto.
1450 5479 1575 5533 Nisi
1603 5479 1743 5532 enim
1764 5478 1859 5532 hoc
1885 5482 1960 5532 ita
1999 5495 2053 5532 se

470 5547 719 5631 habere“
731 5548 937 5631 [rustra
971 5550 1389 5631 praedicauerit!
1406 5549 1634 5631 deserto.
1661 5548 1882 5626 lipsius.

549 5619 660 5676 t53)
703 5616 915 5672 Eaedem
961 5616 1173 5674 scheda:
1213 5637 1226 5672 :
1271 5616 1502 5673 ’Ἦλθεν
1529 5621 1618 5685 εις
1647 5619 1854 5674 πᾶσαν
1885 5619 2051 5686 περί-

477 5703 671 5761 χωρρν
711 5688 816 5761 τοῦ
857 5689 1170 5761 Ἰορδάνου.
1202 5689 1310 5743 Ποῦ
1345 5689 1455 5761 γὰρ
1484 5689 1590 5742 ἔδει
1616 5689 1708 5761 ’ξὺν
1746 5690 2056 5761 Βᾳπτιστῂν

478 5757 882 5831 ττςριέρχξσῼ-αι,
918 5760 951 5828 ἦ
980 5761 1060 5822 εἰς
1084 5761 1182 5831 τὴν
1212 5757 1514 5831 περίχωρον
1548 5759 1644 5812 τοῦ
1679 5757 2049 5829 Ἰορδάνου,

479 5827 574 5876 ὲᾶιν
596 5841 676 5900 τες
705 5825 961 5900 {Spei-qut
985 5825 1499 5897 μεταεᾶοείνζεῦὒὲὶως
1530 5825 1810 5900 εὐπορήὰῃ
1836 5831 1927 5883 τοῦ
1953 5846 2055 5881 ποε-

480 5893 1086 5966 τ,α.μοῦ;⁷ὲρμῄνεύέται
1112 5899 1168 5966 ὀὶ
1202 5900 1490 5970 Ἰοῴἁντβ,
1521 5893 1907 5954 κατηΐίέἶων.
1942 5903 2052 5956 Κα-

1933 5031 1976 5063 ⁶⁸
2004 5030 2110 5090 lsa.
2141 5047 2229 5099 xc,
2265 5031 2320 5086 ὅ.
2397 5028 2442 5062 ⁸³³
2479 5025 2608 5099 Sap.
2641 5041 2737 5092 vn,
2769 5025 2857 5080 Π.

2157 4702 2258 4754 cile
2300 4689 2516 4754 semitas
2557 4699 2672 4769 ejus
2725 4700 2794 4754 7°.
2830 4699 2896 4756 Et
2927 4700 3075 4770 quod
3117 4701 3366 4770 sequitur
3413 4701 3629 4770 proprie
3675 4701 3744 4756 de

2156 4791 2391 4847 Domino
2421 4791 2707 4848 Salvatore
2737 4803 2840 4848 est.
2869 4791 3056 4862 Neque
3087 4792 3233 4847 enim
3258 4808 3288 4847 a
3319 4791 3532 4846 Joanne
3560 4793 3744 4847 omnis

2156 4885 2310 4941 vallis
2339 4885 2560 4955 impleta
2586 4893 2692 4951 est,
2717 4881 2809 4939 sed
2837 4899 2867 4938 a
2892 4883 3122 4938 Domino
3151 4881 3452 4940 Salvatorc.
3485 4881 3746 4952 Scipsutzt

2935 5025 2980 5058 "°
3014 5025 3122 5081 lsa.
3151 5039 3241 5090 xL,
3260 5026 3314 5080 5.

2155 5197 2430 5252 ταϐαίνων
2461 5194 2742 5266 γάρέστιν
2775 5192 2992 5266 ἀληθῶς
3022 5194 3050 5246 ὁ
3086 5194 3333 5266 ποταμὸς
3362 5193 3456 5246 τοῦ
3479 5192 3614 5266 θεοῦ
3640 5233 3654 5256 ,
3680 5195 3749 5248 τὰ

2157 5269 2302 5338 ὕδωρ
2338 5266 2400 5320 τὸ
2449 5262 2755 5338 dissolvm,
2780 5262 3019 5338 ’τὸ-ὔδωρ
3050 5264 3118 5338 εδ
3158 5262 3442 5338 σωτήριον.
3479 5262 3744 5338 Vejtitjtt

2157 5331 2376 5392 omnem
2413 5331 2692 5406 regionem
2729 5331 3343 5406 Jurdanileuteeniin
3376 5331 3590 5387 decebat
3630 5334 3746 5388 Ba-

2160 5411 2380 5478 ptistam
2409 5402 2528 5461 loca
2563 5422 2880 5474 peragrare,
2925 5404 3026 5457 nisi
3059 5402 3288 5478 Jordani
3319 5406 3572 5478 con/iniu,
3608 5416 3664 5478 ut
3693 5407 3746 5458 si

2159 5475 2276 5548 quis
2306 5477 2843 5548 eellet_paanitentiam
2869 5491 3020 5548 agere
3041 5513 3057 5537 ,
3086 5477 3326 5540 protinus
3353 5475 3501 5548 fluvii
3529 5477 3742 5543 copiam

2157 5546 2411 5602 haberet?
2439 5546 2695 5600 Iordanis
2737 5555 2914 5600 autem
2953 5546 3333 5610 interpretatur
3375 5546 3738 5599 descendens.

2153 5619 2434 5742 [Descendilt
2468 5619 2604 5672 enim
2639 5633 2754 5672 vere
2787 5615 2886 5673 Dei
2905 5615 3121 5683 ﬂuvius,
3147 5631 3287 5684 aqua
3309 5632 3452 5682 vera,
3486 5629 3625 5686 aqua
3649 5632 3713 5668 sa

2178 5699 2365 5742 utarts.
2431 5704 2479 5742 υ.

2178 5691 2365 5742 utaris.
2404 5691 2479 5742 lu.

2230 5759 2342 5828 (59)
2377 5757 2441 5810 Et
2480 5773 2608 5828 vero
2649 5756 2700 5811 in
2735 5754 3048 5824 Origenian.
3090 5753 3304 5828 Lexico_
3326 5754 3656 5828 κατάϐασις.
3685 5755 3741 5812 id

2158 5825 2558 5952 fst'_desfcnsio,
2593 5827 2999 5896 interpretatur,
3038 5843 3160 5898 qua:
3193 5834 3245 5883 et
3275 5825 3489 5884 Pltil‘oni
3523 5835 3730 5896 etytwt-

2179 5915 2297 5952 ozta
2329 5915 2357 5952 tt
2384 5907 2545 5952 acuti.

2161 5900 2297 5969 logia
2328 5900 2545 5970 placuit.
