4132 6444
405 332 540 387 1857

1607 320 1671 374 IN
1707 318 1942 374 LL‘CAM
1980 313 2264 372 llOMlLlA
2307 310 2471 369 XXII.

2085 211 2114 224 ⁴

3548 322 3684 376 i858

403 443 779 512 unumuisquc
806 439 1134 501 consideret,
1163 437 1288 508 quis
1318 448 1435 492 ριιεη
1476 447 1768 506 animum“
1801 432 1988 488 crode-
2020 434 2063 490 Α
2095 428 2196 480 bus
2229 427 2296 481 ad
2329 427 2656 497 baptismum
2683 425 2923 483 Joannes
2958 428 3234 498 loquitur,
3266 431 3675 492 attendendum.

403 544 485 589 ret
521 555 534 590 :
569 545 698 590 tunc
727 534 1145 598 animadvertet,
1179 531 1374 585 vallem
1405 531 1688 590 lntmilem,
1715 530 1906 583 vallem
1931 542 1989 582 se

403 628 573 682 inisse
615 626 943 697 praecipitem
981 626 1032 678 in
1068 626 1174 678 ima
1213 624 1544 678 demersam.
1580 619 1810 686 Quando
1841 620 1988 673 venit

407 719 670 773 Dominus
711 717 894 779 Jcsus,
947 726 1002 771 et
1032 715 1183 770 misit
1235 713 1498 784 Spiritum
1541 723 1792 768 sanctum
1841 712 1989 767 vica-

403 811 545 863 rium
604 823 788 875 suum,
838 806 999 861 vallis
1035 806 1216 860 omnis
1263 805 1477 874 expleta
1511 813 1616 859 est.
1649 802 1874 872 Expleta
1906 812 1989 858 est

401 907 583 954 autem
619 897 879 968 operibus
918 897 1082 952 bonis
1117 905 1171 950 et
1205 896 1476 951 fructibus
1510 895 1749 965 Spiritus
1785 895 1982 950 sancti.

401 991 654 1044 Charitas
704 1004 814 1043 non
852 988 984 1044 sinit
1031 1003 1349 1058 permanere
1391 997 1443 1043 te
1486 989 1704 1042 vallem.
1750 986 1906 1053 Quod
1941 986 1986 1041 si

400 1097 588 1151 pacem
644 1080 899 1135 habueris
941 1089 995 1135 et
1042 1079 1364 1150 sapientiam
1407 1090 1462 1134 et
1508 1080 1828 1145 bonitatem,
1876 1095 1983 1134 non

401 1172 579 1227 solum
630 1171 790 1226 vallis
831 1185 956 1225 esse
1004 1170 1261 1237 desistes,
1306 1171 1399 1226 sed
1451 1171 1615 1224 etiam
1672 1184 1832 1225 mons
1865 1185 1986 1226 esse

400 1265 631 1334 incipies
659 1262 776 1318 Dei.
813 1263 968 1329 Quod
1001 1273 1182 1319 tamen
1221 1265 1288 1319 de
1313 1264 1566 1334 gentibus
1595 1263 1840 1332 quotidie
1869 1277 1986 1316 ma-

398 1355 482 1423 gis
517 1353 632 1407 lieri
664 1353 934 1420 videmus,
959 1362 1121 1424 atque
1147 1355 1432 1424 compleri,
1465 1352 1651 1407 Omnis
1680 1352 1837 1407 vallis
1881 1353 1981 1405 im-

396 1445 659 1513 plebitur;
710 1460 876 1514 quam
921 1445 988 1500 de
1035 1446 1236 1515 populo
1289 1444 1477 1507 lsrael,
1523 1445 1618 1514 qui
1664 1445 1732 1499 de
1764 1446 1986 1501 excelso

396 1535 676 1604 depositus
705 1545 827 1590 est:
865 1534 1074 1601 Omnis,
1107 1537 1305 1605 inquit,
1343 1553 1492 1590 mons
1523 1546 1571 1589 et
1604 1536 1756 1590 collis
1804 1537 1981 1590 hamis

395 1627 636 1680 liabitur.
679 1625 836 1682 Mons
865 1636 982 1682 erat
1014 1629 1292 1698 quondam
1323 1627 1414 1682 ille
1442 1628 1678 1697 populus
1716 1637 1769 1683 et
1800 1629 1979 1697 collis,

397 1719 491 1788 qui
521 1719 804 1789 depositus
833 1728 917 1774 est
943 1727 1108 1790 atque
1145 1719 1481 1776 destructus.
1514 1719 1736 1775 Illorum
1783 1721 1980 1776 delicto

2098 517 2152 570 Si
2182 518 2308 587 quis
2339 517 2451 570 vult
2482 518 2768 586 baptizari,
2805 520 3135 588 egrediatur.
3195 519 3420 575 Muneris
3448 525 3592 576 enim
3627 526 3680 590 in

2095 610 2330 679 pristino
2361 619 2528 675 statu,
2553 620 2605 663 ct
2637 626 2820 665 mores
2849 626 2982 665 suos
3014 618 3068 664 et
3087 613 3536 670 consuetudinem
3572 633 3679 672 nou

2093 701 2433 770 relinquens,
2485 718 2828 772 nequaquam
2881 702 2984 757 rite
3021 702 3087 781 ad
3131 703 3462 772 baptismum
3510 709 3678 763 ven't.

2089 792 2164 849 Ut
2199 803 2379 849 autem
2413 794 2684 863 intelligas
2727 795 2855 864 quid
2892 795 2963 850 sit
2994 795 3178 865 egredi
3210 797 3272 848 ad
3321 797 3675 865 baptismum,

2092 885 2279 956 accipe
2310 887 2681 941 testimonium
2721 897 2774 942 et
2821 889 3068 942 ausculta
3095 889 3258 944 verba
3301 891 3498 958 quibus
3535 891 3680 948 Deus

2089 977 2331 1046 loquitur
2361 985 2427 1030 ad
2452 977 2770 1033 Abraham:
2809 978 3068 1049 Egredere
3109 980 3173 1034 de
3217 990 3358 1034 terra
3398 991 3489 1034 tua
3518 984 3593 1048 ⁷³,
3623 995 3676 1040 et

2089 1069 2318 1138 reliqua.
2364 1068 2782 1140 Egredientibus
2809 1072 2991 1141 itaque
3035 1073 3101 1126 ad
3146 1073 3425 1128 lavacrum
3477 1077 3677 1142 turbis,

2088 1175 2196 1212 non
2232 1162 2508 1231 egressis,
2553 1162 2650 1215 sed
2707 1171 2917 1216 tantum
2967 1165 3404 1234 egredientibus,
3437 1166 3678 1224 Joannes

2087 1250 2330 1319 l0quitur
2373 1268 2496 1322 quae
2537 1262 2865 1322 sequuntur.
2905 1252 2960 1308 Si
2987 1255 3131 1309 enim
3157 1255 3269 1324 jam
3303 1259 3508 1325 egressi
3540 1258 3669 1313 fuis-

2085 1353 2240 1410 sent,
2287 1360 2568 1415 nunquam
2615 1347 2682 1400 ad
2737 1361 2832 1402 eos
2883 1345 3106 1413 diceret,
3161 1350 3426 1417 generatio
3468 1350 3675 1420 vipera-

2085 1451 2224 1506 rum.
2282 1435 2633 1508 Qua-cunque
2681 1439 2847 1508 igitur
2889 1438 2954 1492 ad
2990 1438 3110 1494 illos
3142 1440 3414 1509 loquitur,
3455 1443 3522 1496 ad
3551 1458 3674 1511 vos,

2082 1528 2250 1599 959
2293 1546 2327 1586 ο
2373 1533 2753 1586 catechnmcni
2805 1541 2860 1586 et
2912 1533 3358 1600 catechumenze,
3408 1534 3670 1604 loquitur.

2084 1622 2186 1686 Qui
2238 1624 2530 1693 disponitis
2579 1625 2764 1679 venire
2797 1625 2863 1680 ad
2916 1625 3278 1694 baptismum,
3329 1629 3674 1685 considerate

2087 1728 2191 1766 non
2227 1713 2453 1769 forsitan
2486 1715 2641 1770 vobis
2667 1715 2774 1771 dici
2806 1717 3001 1785 possit,
3035 1720 3305 1788 generatio
3348 1721 3672 1788 viperarum.

398 1813 546 1866 salus
569 1812 822 1881 gentibus
855 1810 982 1866 data
1007 1821 1090 1867 est
1111 1811 1178 1866 ad
1199 1812 1568 1867 aemulandum
1598 1827 1695 1869 eos
1722 1814 1787 1866 ⁷⁸,
1818 1811 1975 1878 Quod
2013 1797 2051 1851 Β
2083 1801 2186 1855 Sed
2219 1815 2270 1858 et
2294 1804 2424 1858 illud
2460 1806 2606 1875 quod
2633 1805 2902 1876 sequitur,
2932 1807 3036 1862 nisi
3067 1810 3390 1877 pravitatem
3433 1826 3670 1866 venena-

395 1913 448 1958 et
478 1903 523 1959 si
555 1905 864 1959 contrarias
892 1904 1264 1968 fortitudines,
1283 1919 1405 1974 quae
1431 1905 1695 1960 adversus
1719 1905 1978 1961 mortales

393 1995 766 2064 erigebantur,
788 1995 994 2050 dixeris
1020 2005 1235 2052 montes
1257 2003 1312 2050 et
1341 1995 1510 2052 colles
1534 2011 1657 2052 esse
1677 1997 1976 2066 depositas,

395 2103 506 2142 non
561 2087 832 2157 peccabis.
879 2085 946 2141 Ut
1001 2087 1148 2142 enim
1214 2089 1546 2158 impleantur
1599 2088 1978 2156 hujuscemodi

395 2176 579 2242 valles,
606 2176 958 2231 humiliandae
982 2185 1128 2234 sunt.
1151 2174 1254 2230 Sed
1280 2178 1459 2232 ethoc
1481 2177 1626 2246 quod
1657 2177 1710 2230 in
1739 2177 1977 2233 adventu

392 2267 595 2321 Christi
634 2269 1016 2338 prophetatum
1048 2277 1156 2334 est,
1191 2277 1374 2323 utrum
1407 2269 1682 2338 expletum
1718 2269 1813 2334 sit,
1845 2285 1980 2325 con-

393 2360 734 2429 templemnr.
758 2359 1017 2430 Sequitur
1032 2363 1178 2416 enim
1208 2385 1220 2418 ;
1248 2361 1318 2415 Et
1343 2363 1522 2415 omnia
1551 2379 1717 2431 praua
1741 2371 1895 2416 erunt
1922 2363 1977 2415 in

389 2452 616 2506 directa.
649 2452 1036 2524 Unusquisque
1060 2462 1306 2510 nostrum
1332 2471 1532 2524 pravus
1555 2467 1691 2520 erat,
1719 2455 1765 2510 si
1794 2465 1976 2510 tamen

392 2559 500 2597 non
547 2554 600 2598 et
646 2559 821 2613 usque
859 2546 1019 2600 hodie
1059 2556 1411 2616 perseverat:
1445 2554 1499 2600 ct
1544 2562 1636 2615 per
1679 2548 1976 2602 adventum

389 2631 594 2688 Christi
642 2634 734 2703 qui
783 2635 961 2691 factus
1017 2646 1102 2690 est
1144 2638 1210 2691 ad
1242 2639 1480 2692 animam
1516 2648 1781 2704 nostram,
1811 2655 1976 2710 prava

390 2739 622 2795 quaeque
644 2727 848 2782 directa
873 2737 1021 2784 sunt.
1042 2727 1182 2797 Quid
1205 2731 1351 2785 enim
1377 2732 1470 2787 tibi
1495 2732 1737 2804 prodest,
1755 2734 1801 2789 si
1819 2734 1978 2790 Chri-

391 2826 510 2874 stus
535 2823 811 2888 quondam
839 2820 986 2874 venit
1012 2821 1064 2874 in
1088 2835 1334 2887 carnem,
1360 2823 1467 2880 nisi
1486 2839 1707 2895 quoque
1731 2825 1796 2880 ad
1825 2834 1975 2879 tuam

391 2909 630 2963 animam
660 2909 1146 2967 venerit?0rcmus
1171 2923 1230 2967 ut
1257 2913 1404 2970 illius
1426 2915 1671 2985 quotidie
1695 2916 1852 2971 nobis
1881 2917 1978 2970 ad-

392 3009 587 3056 ventus
624 3001 748 3066 ﬁat,
784 3011 839 3058 et
867 3006 1141 3074 possimus
1189 3006 1371 3061 dicere
1419 3026 1434 3061 :
1497 3006 1622 3061 Vivo
1655 3019 1832 3062 autem
1864 3009 1974 3075 iam

390 3107 491 3145 non
516 3109 628 3162 ego,
648 3094 769 3145 civit
791 3105 968 3148 autent
991 3097 1045 3149 in
1070 3113 1151 3150 me
1177 3095 1420 3151 Christus
1437 3097 1527 3151 ⁷¹⁶.
1555 3095 1611 3151 Si
1637 3099 1782 3152 enim
1809 3099 1971 3153 Chri-

389 3192 507 3240 stus
560 3185 688 3239 vivit
732 3187 786 3239 in
843 3185 1040 3254 Paulo,
1080 3203 1187 3242 non
1236 3188 1371 3243 vivit
1404 3189 1454 3242 in
1492 3203 1614 3257 me,
1655 3191 1784 3260 quid
1837 3191 1971 3244 mihi

388 3278 664 3342 proderit?
701 3277 838 3332 Cum
869 3289 1048 3334 autem
1092 3290 1146 3335 et
1184 3282 1252 3334 ad
1285 3297 1371 3336 me
1401 3283 1640 3347 venerit,
1688 3293 1742 3338 et
1773 3283 1972 3339 h'uitns

388 3367 483 3421 illo
513 3368 690 3431 luero,
713 3370 855 3425 sicut
880 3370 1078 3427 fruitus
1102 3383 1185 3427 est
1206 3371 1429 3438 Paulus,
1446 3383 1578 3428 tunc
1602 3383 1656 3428 et
1678 3391 1777 3445 ego
1801 3375 1974 3430 Paulo

388 3460 637 3515 similiter
668 3462 862 3532 loquar
897 3482 910 3518 :
952 3465 1080 3520 Vivo
1093 3466 1212 3535 jam
1240 3483 1342 3520 non
1365 3484 1481 3538 ego,
1519 3469 1643 3522 civit
1667 3485 1786 3522 vero
1818 3471 1870 3523 in
1894 3487 1979 3524 me

388 3551 656 3610 Christus.
703 3555 1127 3614 Considercmus
1161 3573 1292 3629 ergo
1317 3569 1533 3625 czetera,
1578 3577 1700 3630 quae
1726 3561 1780 3616 in
1809 3562 1972 3615 Chri-

387 3645 456 3699 sti
507 3647 872 3714 praedicentur
917 3651 1175 3706 adventu.
1238 3651 1383 3706 Nihil
1434 3661 1485 3707 te
1533 3653 1785 3721 asperius
1831 3663 1967 3708 erat.

390 3732 525 3788 Vide
553 3737 815 3804 pristinos
843 3749 1025 3794 motus
1055 3749 1201 3804 tuos,
1231 3741 1355 3795 vide
1396 3743 1555 3803 iram,
1591 3751 1644 3795 et
1672 3751 1866 3796 ctetcra
1898 3743 1970 3796 vi-

388 3824 481 3886 tia,
511 3825 556 3877 si
594 3833 771 3878 tamen
799 3837 1151 3881 cessaverunt
1175 3844 1300 3884 esse
1328 3845 1450 3900 quas
1478 3830 1711 3895 fuerant,
1732 3839 1787 3885 et
1819 3831 1972 3886 intel-

387 3915 510 3983 ligis
545 3915 679 3968 nihil
725 3925 776 3971 te
804 3918 1077 3986 asperius,
1127 3928 1180 3974 et
1209 3921 1293 3990 (ut
1318 3921 1720 3991 signiﬁcantius
1750 3922 1966 3993 loquar)

386 4008 526 4061 nihil
555 4008 729 4064 fuisse
760 4010 1106 4080 inaequalius.
1172 4011 1531 4067 Conversatio
1559 4022 1651 4068 tua
1682 4014 1968 4084 inaequalis

384 4113 501 4154 erat
521 4142 536 4167 ,
562 4111 616 4155 et
646 4117 828 4156 sermo
857 4111 913 4157 et
940 4118 1103 4173 opera
1139 4103 1448 4175 inaequalia.
1509 4105 1669 4161 Venit
1699 4122 1830 4173 ergo
1861 4107 1970 4162 Do-

385 4191 569 4244 minus
602 4207 756 4248 meus
801 4191 983 4260 Iesus,
1031 4202 1088 4248 et
1129 4196 1439 4266 exmquavit
1463 4197 1786 4266 asperitates
1819 4208 1966 4265 tuas,

385 4283 745 4354 incomposita
777 4301 1008 4357 quaeque
1033 4289 1195 4344 vertit
1234 4289 1290 4343 in
1335 4290 1453 4344 vias
1477 4290 1690 4359 planas,
1726 4299 1785 4344 ut
1812 4290 1967 4345 ﬁeret

386 4379 440 4432 in
471 4389 522 4434 te
553 4380 652 4434 iter
676 4381 795 4436 sine
824 4382 1145 4450 oﬂ'ensione,
1176 4393 1231 4439 et
1266 4384 1383 4440 leve
1407 4382 1566 4456 [forte
1592 4384 1768 4454 laeve].
1803 4393 1963 4454 atque

2081 1910 2186 1962 que
2221 1904 2533 1965 serpentum
2565 1898 2632 1952 de
2662 1899 2829 1954 corde
2857 1908 3042 1954 vestro
3068 1901 3389 1969 expuleritis
3411 1942 3426 1967 ,
3457 1902 3674 1956 dicetur

2081 1987 2146 2038 ad
2183 2002 2278 2041 vos
2309 2006 2322 2044 :
2362 1989 2497 2054 Quis
2522 1992 2752 2046 ostendit
2797 1990 2939 2046 vobis
2969 1993 3147 2062 fugere
3177 1993 3243 2045 ab
3285 1995 3370 2046 ira
3411 1997 3674 2050 ventura!

2081 2079 2272 2150 Magna
2307 2082 2438 2138 huic
2481 2084 2683 2139 saeculo
2725 2084 3002 2155 impendet
3031 2086 3112 2140 ira
3142 2105 3155 2140 :
3192 2087 3372 2141 omnis
3409 2087 3544 2141 iram
3574 2088 3672 2143 Dei

2082 2187 2350 2243 passurus
2380 2189 2466 2230 est
2497 2177 2735 2232 mundus
2765 2197 2779 2232 :
2815 2185 3026 2232 tantam
3058 2179 3366 2233 vastitatem
3408 2181 3529 2234 (ξαιΙί
3553 2221 3568 2246 ,
3615 2188 3672 2235 et

2079 2268 2424 2323 latitudinem
2452 2278 2630 2335 terrae,
2661 2283 2715 2325 et
2747 2272 3028 2326 stellarum
3064 2271 3287 2332 choros,
3322 2272 3671 2341 splendorem

2080 2359 2213 2414 solis
2235 2401 2250 2425 ,
2282 2368 2336 2414 et
2363 2360 2507 2414 lunae
2536 2371 2818 2417 nocturna:
2851 2364 3044 2418 solatia
3068 2403 3084 2427 ,
3137 2359 3230 2418 Dei
3261 2366 3338 2418 ira
3367 2365 3668 2421 subvertet.

2079 2450 2206 2507 llaec
2238 2453 2382 2506 enim
2412 2454 2597 2508 omnia
2633 2465 2854 2524 propter
2882 2455 3164 2510 hominum
3199 2468 3419 2525 peccata
3467 2458 3670 2514 transi-

2080 2545 2236 2600 bunt.
2278 2545 2345 2599 Et
2372 2545 2504 2600 olim
2530 2547 2750 2616 quidem
2786 2563 2952 2618 super
2986 2549 3170 2602 omnia
3198 2557 3406 2604 tantum
3441 2550 3671 2604 interra

2078 2637 2229 2692 venit
2260 2637 2340 2692 ira
2366 2636 2480 2704 Dei,
2500 2639 2630 2708 quia
2657 2638 2838 2694 omnis
2861 2655 2990 2694 caro
3012 2640 3304 2710 reliquerat
3338 2641 3480 2695 viam
3507 2657 3667 2697 suam

2079 2744 2246 2800 super
2293 2738 2496 2784 terram
2529 2730 2576 2763 ⁷⁸
2610 2749 2622 2784 :
2655 2747 2802 2786 nunc
2833 2740 3014 2786 autem
3054 2741 3103 2786 ct
3154 2748 3318 2801 super
3345 2735 3576 2796 omium,
3612 2743 3668 2787 et

2081 2837 2249 2892 super
2291 2831 2494 2877 terram
2539 2833 2768 2878 ventura
2802 2831 2886 2878 est
2929 2825 3010 2878 ira
3054 2823 3168 2877 Dei.
3211 2822 3348 2879 Caeli
3383 2825 3668 2888 pertransi-

2079 2913 2245 2978 bunt,
2293 2925 2362 2970 ιιι·
2398 2924 2586 2986 autem
2618 2916 2949 2985 permanebis
2985 2917 3072 2980 (ad
3117 2914 3288 2969 Deum
3325 2917 3546 2983 dicitur)
3568 2957 3582 2981 ,
3612 2930 3661 2971 ct

2077 3020 2258 3058 ontnes
2283 3005 2422 3058 sicut
2452 3006 2816 3060 vestimentum
2853 3014 3173 3059 oeterascent
3207 3006 3274 3057 ⁷⁵.
3317 3003 3506 3058 Videte
3534 3019 3667 3072 qua-

2081 3094 2150 3150 lis
2176 3104 2231 3150 et
2250 3104 2455 3166 quanta
2487 3097 2565 3150 ira
2593 3097 2683 3162 sit,
2712 3113 2834 3166 qua:
2858 3097 3123 3150 mundum
3149 3112 3366 3151 omnem
3401 3111 3666 3150 consumo

2076 3185 2376 3256 pturarsit,
2403 3200 2459 3240 et
2490 3187 2678 3256 puniet
2702 3201 2798 3241 eos
2827 3187 2920 3256 qui
2958 3201 3116 3256 pinna
3145 3185 3296 3255 digni
3319 3193 3446 3238 sunt
3465 3223 3484 3252 ,
3516 3186 3666 3240 inve-

2078 3281 2298 3350 nietque
2325 3283 2609 3336 materiam
2637 3283 2690 3336 in
2719 3299 2824 3352 qua
2855 3298 2914 3336 se
2935 3293 3206 3337 exerceat.
3278 3280 3670 3353 Unusquisque

2077 3383 2328 3427 nostrum
2360 3390 2423 3427 ex
2457 3390 2521 3427 eo
2555 3375 2699 3444 quod
2728 3379 2914 3444 gessit,
2940 3375 3036 3428 irze
3067 3375 3350 3429 materiam
3394 3390 3664 3444 purpura-

2076 3465 2172 3518 vit.
2225 3465 2527 3518 Secundum
2568 3465 2824 3518 duritiam
2865 3467 3005 3520 cnim
3049 3477 3194 3518 tuam
3240 3475 3290 3519 et
3336 3467 3666 3534 impwnitens

2075 3572 2167 3607 cor
2195 3555 2528 3608 thesauris/ts
2554 3555 2646 3608 tibi
2674 3556 2810 3608 irant
2839 3557 2893 3607 in
2919 3557 3002 3607 die
3027 3557 3121 3608 ira?
3140 3567 3186 3608 et
3213 3555 3544 3608 reuelationis
3564 3557 3662 3625 ju-

2073 3646 2144 3698 sti
2164 3646 2362 3714 judicii
2409 3645 2524 3708 Dei,
2557 3645 2760 3707 dicitur
2793 3645 2860 3697 ad
2892 3643 3174 3700 Romanos
3204 3646 3269 3698 ⁷⁸.
3313 3645 3445 3699 Dein
3476 3649 3660 3716 sequi-

2074 3744 2160 3788 tur
2188 3755 2200 3789 :
2246 3735 2375 3801 Quis
2406 3736 2635 3788 ostendit
2670 3736 2810 3788 vobis
2853 3735 3035 3804 fugere
3056 3735 3120 3789 ab
3145 3738 3225 3790 ira
3250 3740 3510 3792 ventura?
3547 3737 3662 3793 Fa-

2071 3828 2173 3880 cite
2193 3844 2315 3894 ergo
2338 3828 2544 3896 fructus
2567 3826 2752 3897 dignos
2785 3827 3127 3895 pauitantia.
3168 3827 3234 3882 Et
3263 3829 3415 3885 vobis
3447 3830 3537 3899 qui
3566 3846 3658 3885 ve-

2071 3922 2201 3975 nitis
2235 3922 2299 3975 ad
2335 3922 2689 3991 baptismum,
2735 3923 2936 3977 dicitur
2969 3941 2982 3977 :
3021 3921 3211 3976 Facite
3241 3923 3447 3991 fructus
3469 3923 3655 3992 dignos

2068 4015 2408 4084 paenitentiae.
2469 4013 2644 4070 Vultis
2675 4017 2816 4072 scire
2843 4016 2934 4087 qui
2979 4025 3105 4072 sunt
3135 4016 3345 4072 l'rttetus
3388 4018 3655 4087 paeniten-

2071 4107 2198 4162 tiae?
2235 4106 2493 4163 Charitas
2523 4106 2738 4164 fructus
2760 4118 2846 4164 est
2875 4109 3131 4180 Spiritus,
3157 4111 3414 4180 gaudium
3442 4111 3655 4168 fructus

2069 4209 2154 4256 est
2189 4201 2449 4270 Spiritus,
2491 4213 2617 4271 pax,
2650 4203 2932 4271 patientia,
2959 4203 3287 4274 benignitas,
3319 4203 3555 4271 bonitas,
3587 4203 3654 4259 ti-

2067 4291 2182 4357 des,
2234 4292 2620 4357 mansuetudo,
2673 4294 3031 4360 continentia,
3062 4305 3116 4348 et
3158 4295 3362 4364 reliqua
3398 4295 3653 4366 hujusce-

2066 4383 2214 4438 modi
2245 4383 2313 4437 ".
2359 4382 2415 4438 Si
2446 4383 2560 4438 baac
2592 4384 2776 4438 omnia
2824 4383 3215 4452 habuerimus,
3253 4385 3483 4442 iecimus
3530 4386 3652 4442 fru-

386 4470 738 4537 purissimum
758 4514 774 4538 ,
819 4475 1242 4546 gradereturque
1288 4475 1341 4530 in
1393 4485 1445 4531 te
1494 4475 1636 4532 Deus
1681 4475 1861 4541 Pater,
1906 4484 1960 4531 et
1990 4497 2036 4554 ῃ
2065 4485 2188 4532 ctus
2216 4476 2412 4546 dignos
2439 4476 2790 4546 ptenilentiae.
2835 4476 3072 4532 Rursum
3105 4477 3307 4531 dicitur
3338 4480 3404 4532 ad
3432 4494 3528 4535 eos
3551 4481 3645 4550 qui

381 4564 635 4620 Christus
663 4564 929 4622 Dominus
955 4569 1295 4623 mansionem
1331 4569 1477 4640 apud
1524 4579 1577 4624 te
1610 4569 1841 4635 faceret,
1874 4571 1960 4626 dio

382 4667 674 4727 ceretque:
712 4657 822 4729 Ego
846 4668 897 4712 et
922 4659 1088 4714 Pater
1129 4677 1274 4714 meus
1304 4663 1585 4728 veniemus,
1633 4670 1683 4717 et
1724 4661 1960 4716 mansio-

381 4767 498 4804 nem
542 4751 683 4819 apud
721 4767 840 4804 eum
876 4753 1131 4819 faciemus
1172 4753 1239 4806 ".
1302 4753 1598 4823 Sequitur:
1652 4753 1720 4806 Et
1763 4753 1957 4809 videbit

379 4843 552 4896 omnis
598 4860 721 4896 caro
766 4843 1002 4897 salutare
1051 4844 1165 4899 Dei.
1207 4844 1286 4899 Tu
1329 4847 1605 4915 quondam
1650 4862 1780 4902 caro
1808 4861 1954 4914 eras,

381 4934 492 4988 imo
515 4946 573 4988 ut
598 4933 902 4989 mirabilius
931 4935 1124 5002 loquar
1148 4975 1162 4998 ,
1199 4951 1320 4988 cum
1367 4935 1548 4989 adhuc
1577 4935 1630 4988 in
1664 4951 1828 4988 carne
1856 4936 1956 5002 sis,

381 5025 531 5080 vides
555 5026 798 5082 salutare
825 5025 938 5080 Dei.
979 5024 1119 5092 Quid
1157 5035 1336 5082 autem
1367 5026 1469 5081 sibi
1498 5026 1625 5080 velit
1655 5027 1800 5097 quod
1827 5026 1961 5084 dici-

380 5125 468 5170 tur
485 5156 502 5180 ,
538 5119 718 5174 omnis
741 5131 903 5185 caro,
929 5130 995 5173 eo
1019 5119 1162 5187 quod
1189 5119 1335 5173 nulla
1371 5117 1674 5188 excipiatur
1694 5133 1815 5188 qua:
1845 5133 1954 5173 non

383 5207 560 5260 videat
589 5209 826 5262 salutare
855 5207 947 5263 Dei
967 5249 984 5275 ,
1015 5207 1268 5278 relinquo
1300 5208 1706 5276 intelligendum
1747 5207 1833 5262 bis
1861 5208 1955 5278 qui

382 5297 997 5371 sciunLScripturarum
1030 5299 1308 5370 mysteria.
1349 5297 1608 5365 Quaenam
1632 5298 1960 5370 egredienti-

443 5463 490 5495 "
539 5462 698 5518 Rom.
731 5478 810 5527 xi,
845 5463 928 5517 ll.

381 5533 427 5571 ⁷⁸
457 5533 615 5587 Rom.
663 5549 699 5586 ιι
724 5574 738 5596 ,
768 5534 854 5607 5.⁹
898 5534 942 5567 ’⁷
974 5533 1092 5590 Gal.
1132 5551 1184 5598 v,
1218 5535 1308 5595 22,
1335 5535 1426 5588 23.

452 5630 564 5701 (60)
608 5630 834 5701 Schedaa
875 5629 1059 5686 Grabii
1097 5643 1150 5688 et
1192 5630 1503 5686 Combeﬁsii
1533 5630 1692 5684 εΤῶν
1728 5632 1827 5701 μὲν
1858 5627 1952 5686 οὖν

391 5699 825 5774 Ἰουδᾳίων-οιξτω
857 5701 954 5774 τὴν
983 5701 1300 5774 κᾳοαίρεςξιν
1339 5701 1669 5774 προφητεύει
1687 5742 1706 5774 γ,
1731 5699 1953 5774 ήείσᾲγει

379 5772 434 5828 δὲ
474 5772 582 5827 τῶν
622 5770 790 5826 ἐθνῶν
823 5770 921 5848 τὴεί
949 5770 1163 5843 κλῆσινζ
1197 5771 1290 5836 οὓς
1325 5770 1418 5828 xui
1457 5770 1636 5836 λίθους
1674 5771 1948 5844 ὀνομάζει.

1004 5465 1072 5496 ⁷¹⁶
1109 5461 1230 5518 Gal.
1262 5479 1320 5528 ιι,
1350 5462 1442 5518 20.
1513 5463 1564 5496 τ’
1591 5461 1750 5519 Joan.
1776 5479 1890 5530 xw,
1916 5465 2007 5521 23.

2065 4570 2132 4624 ad
2158 4567 2388 4624 Joannis
2422 4568 2755 4638 baptismum
2805 4570 3135 4624 veniebant:
3179 4568 3244 4622 Et
3275 4587 3336 4623 ne
3375 4572 3646 4640 incipiatis

2065 4657 2239 4712 dicere
2257 4657 2402 4711 intra
2425 4657 2790 4725 vosmetipsos,
2816 4665 3019 4724 patrem
3044 4655 3296 4710 habemus
3334 4656 3601 4710 Abraham
3625 4665 3654 4711 :‘

2065 4750 2186 4803 dico
2222 4749 2362 4803 enim
2398 4748 2560 4813 vobis,
2587 4749 2714 4818 quia
2752 4757 2921 4816 potest
2962 4748 3100 4801 Deus
3133 4751 3198 4802 de
3226 4749 3486 4818 lapidibus
3526 4750 3648 4802 istis

2064 4842 2324 4896 suscitare
2344 4839 2486 4909 ﬁlios
2513 4839 2780 4894 Abraham
2810 4838 2941 4910 (60).
2972 4837 3264 4908 Prophetat
3287 4838 3523 4894 Joannes
3550 4856 3644 4894 no-

2056 4933 2318 4989 vissimus
2349 4931 2736 5002 pr0phetarnm
2770 4931 3146 5000 expulsionem
3196 4930 3395 5000 prioris
3429 4932 3636 5001 populi,

2056 5037 2110 5084 et
2139 5027 2479 5082 vocationem
2511 5024 2776 5094 gentium.
2840 5023 2952 5078 lllis
2979 5024 3126 5078 enim
3154 5025 3246 5093 qui
3273 5026 3341 5080 de
3365 5025 3639 5080 Abraham

2059 5117 2432 5190 gloriabantur
2464 5114 2636 5169 dicit:
2668 5111 2738 5166 Et
2778 5129 2839 5166 ne
2863 5113 3132 5180 incipiatis
3172 5112 3344 5165 dicere
3381 5113 3432 5164 in
3469 5113 3641 5166 vobis-

2058 5209 2315 5280 metipsis,
2349 5215 2553 5276 patrem
2587 5206 2836 5259 habemus
2863 5204 3152 5258 Abraham.
3195 5203 3259 5258 Et
3289 5204 3354 5258 de
3386 5206 3636 5274 gentibus

2060 5317 2282 5357 rursum
2306 5299 2549 5370 loquitur
2585 5315 2599 5352 :
2629 5294 2763 5350 Dico
2785 5298 2923 5352 enim
2949 5296 3089 5351 vobis
3111 5336 3124 5360 ,
3155 5296 3280 5366 quia
3303 5305 3470 5366 potest
3496 5294 3640 5349 Deus

2081 5467 2128 5499 ⁷³
2157 5466 2294 5522 Gen.
2332 5481 2432 5529 xu,
2468 5465 2519 5519 Ι.
2595 5464 2641 5497 ⁷⁸
2670 5464 2806 5520 Gen.
2850 5478 2938 5530 vt,
2967 5461 3056 5516 l2.
3129 5461 3175 5492 "
3204 5459 3348 5515 Psal.
3397 5473 3472 5514 cu
3495 5500 3510 5523 ,
3541 5460 3634 5515 26.

2059 5631 2366 5686 Jndreorum
2398 5632 2562 5701 igitur
2590 5635 2904 5686 eversionem
2935 5630 3030 5682 hoc
3059 5627 3211 5701 modo
3235 5631 3544 5701 prophetat,
3581 5637 3631 5678 et

2058 5704 2262 5757 inducit
2309 5694 2631 5757 vocationem
2667 5703 2896 5772 gentium
2937 5716 3067 5770 quas
3108 5694 3268 5757 etiam
3305 5694 3508 5765 lapides
3553 5714 3633 5752 ro-

2060 5784 2164 5827 cat.
2193 5772 2412 5827 Rursus.
