4132 6436
427 335 565 392 1859

1894 324 2056 381 ORIC
2068 323 2220 381 Ele

3567 323 3706 379 I860

426 452 490 503 de
511 445 779 521 lapidibus
804 444 926 499 istis
948 442 1206 498 suscitare
1223 441 1369 511 ﬁlios
1393 438 1646 494 Abrahw.
1704 436 1784 491 De
1809 438 2010 506 quibus
2041 444 2083 498 Α
2115 437 2250 490 Cum
2279 444 2461 489 autem
2500 443 2647 489 tanta
2680 441 2800 504 post
2831 431 3031 488 saecula
3064 429 3322 486 ﬂuxerint
3343 474 3357 497 ,
3389 442 3443 488 et
3472 441 3582 490 tam
3616 437 3699 488 iu-

425 539 742 612 lapidibus?
789 536 905 608 (6|)
951 534 1071 590 Non
1121 534 1310 604 utique
1353 532 1562 603 lapides
1617 529 2019 585 irrationabiles

428 643 835 702 corporeasque
858 626 1234 688 monstrabat,
1259 624 1353 679 sed
1384 622 1637 678 homines
1670 619 2020 676 insensibiles

431 735 486 779 et
511 722 786 792 quondam
836 721 1037 784 duros,
1086 715 1180 786 qui
1213 715 1343 785 quia
1378 713 1586 784 lapides
1617 721 1669 767 et
1700 711 1850 782 ligna
1887 710 2022 763 udo--

435 815 649 878 rabant,
675 811 958 880 impletum
989 815 1074 863 est
1103 805 1232 861 illud
1260 805 1406 877 quod
1443 805 1497 858 in
1525 804 1741 874 psalmo
1767 802 2025 856 cantaba~

429 915 522 960 tur
549 922 564 958 :
602 902 814 957 Similes
845 901 957 954 illis
993 900 1125 968 ﬁant
1171 896 1267 969 [aL
1295 895 1457 967 ﬁunt]
1483 896 1572 966 qui
1600 894 1805 964 faciunt
1839 910 1901 947 ea
1920 932 1936 956 ,
1965 902 2014 946 et

429 1015 611 1053 omnes
655 997 745 1067 qui
791 995 1062 1063 conﬁdunt
1105 994 1180 1046 eis
1205 992 1273 1044 ".
1317 989 1457 1044 Vere
1482 990 1578 1060 qui
1616 987 1824 1044 faciunt
1852 987 2020 1052 idola,

430 1099 486 1144 et
512 1088 794 1145 conlidunt
821 1086 874 1140 in
905 1085 986 1140 eis
1007 1126 1020 1149 ,
1073 1084 1282 1138 similes
1326 1090 1454 1136 sunt
1493 1081 1602 1136 diis
1629 1081 1745 1135 suis
1766 1121 1781 1146 ,
1818 1081 2024 1148 absque

429 1194 632 1238 sensu.
687 1177 808 1232 sine
837 1175 946 1229 ulla
989 1174 1238 1237 ratione,
1280 1173 1334 1226 in
1366 1171 1572 1241 lapides
1605 1171 1860 1240 lignaque
1887 1185 2023 1223 con-

430 1271 574 1326 versi
603 1275 752 1324 sunt.
791 1265 929 1321 Cum
961 1265 1106 1319 enim
1154 1273 1367 1319 tantum
1395 1263 1618 1318 videant
1646 1271 2022 1317 creaturarum

431 1360 709 1424 ordinem,
735 1356 1016 1421 decorem,
1039 1353 1302 1417 ollicium,
1332 1360 1540 1406 tantam
1571 1351 1761 1406 mundi
1787 1350 2026 1420 pulchri-

431 1449 704 1516 tudinem,
737 1446 935 1502 nolunt
964 1445 1032 1500 de
1064 1443 1333 1500 creaturis
1355 1443 1659 1514 intelligere
1681 1442 2020 1508 Creatorem,

432 1557 613 1612 neque
658 1537 1013 1595 considerant
1065 1545 1229 1590 tanta:
1293 1533 1729 1606 dispensationis
1781 1534 2023 1605 aliquam

433 1630 832 1702 providentiam
859 1669 874 1695 _,
928 1627 1166 1696 aliquem
1219 1641 1342 1682 esse
1389 1634 1657 1681 rectorem
1683 1664 1698 1690 ,
1749 1625 1845 1681 sed
1896 1634 2026 1680 sunt

434 1722 564 1778 caeci
585 1762 601 1785 ,
637 1721 726 1778 his
762 1728 971 1774 tantum
999 1719 1175 1774 oculis
1210 1718 1476 1773 mundum
1507 1717 1791 1780 videntes,
1821 1717 2024 1786 quibus

2123 527 2495 582 numerabiles
2550 527 2677 580 anni
2711 527 2780 580 ab
2819 525 2912 580 illo
2946 534 3188 594 tempore
3222 540 3396 596 usque
3445 525 3512 580 ad
3566 542 3701 595 pra:-

2121 629 2330 673 serztern
2370 619 2512 672 diem
2544 617 2709 688 960
2738 616 3098 683 transierint,
3147 616 3424 686 quomodo
3471 615 3706 687 Spiritus

2119 719 2344 764 sanctus
2375 710 2427 762 in
2455 711 2718 779 propheta
2752 708 2899 762 dicat
2935 726 2949 763 :
2988 705 3124 762 Ecce
3164 709 3363 762 securis
3393 707 3464 760 ad
3501 709 3708 762 radices

2121 800 2371 855 arborum
2411 802 2586 869 posita
2625 809 2738 863 est,
2775 799 3036 855 debemus
3079 799 3376 869 inquirere.
3436 797 3547 868 Ego
3576 808 3707 869 pote

2124 893 2422 948 Israelitico
2470 891 2669 961 pepqu
2717 891 3064 961 prophetari,
3107 890 3251 960 quod
3304 890 3554 961 praecisio
3586 890 3710 958 ejus

2122 985 2299 1040 vicina
2334 985 2423 1039 sit.
2468 982 2563 1038 His
2591 983 2734 1038 enim
2759 983 2852 1052 qui
2897 983 3316 1052 egrediebantur
3353 982 3420 1036 ad
3447 997 3571 1036 eum
3594 1022 3610 1048 ,
3649 991 3712 1037 ut

2124 1077 2554 1146 baptizarentur,
2586 1074 2728 1128 inter
2751 1083 2945 1129 caetera
2978 1074 3304 1144 loquebatur
3340 1093 3352 1126 :
3381 1071 3571 1127 Facite
3593 1072 3714 1142 fru-

2123 1179 2238 1222 etus
2275 1169 2460 1237 dignos
2501 1168 2852 1236 paenitentia;
2897 1175 2952 1220 et
2993 1167 3150 1236 quasi
3197 1164 3402 1220 Judzeis
3446 1165 3710 1222 dicebat:

2126 1258 2209 1312 Ne
2232 1259 2498 1326 incipiatis
2524 1259 2696 1312 dicere
2721 1261 2776 1311 in
2799 1258 3202 1327 nobismetipsis,
3229 1268 3436 1327 patrem
3461 1257 3711 1314 habemus

2124 1349 2418 1404 Abraham.
2460 1347 2592 1402 Dico
2629 1350 2767 1402 enim
2805 1349 2973 1413 nobis,
2999 1350 3126 1419 quia
3159 1358 3330 1418 potest
3375 1349 3712 1404 Deuscxla-

2122 1445 2338 1514 pidibus
2363 1443 2480 1497 istis
2501 1444 2765 1497 suscitare
2790 1443 2931 1512 ﬁlios
2955 1442 3205 1496 Abrahae.
3249 1440 3363 1497 Hoc
3388 1457 3521 1514 ergo
3559 1442 3710 1512 quod

2123 1537 2201 1590 ait
2232 1553 2248 1590 :
2283 1534 2419 1589 Ecce
2439 1537 2638 1589 securis
2659 1536 2729 1588 ad
2761 1534 2969 1588 radices
3002 1533 3252 1587 arborum
3276 1536 3450 1604 posita
3478 1544 3576 1600 est,
3609 1532 3710 1588 Ju-

2123 1630 2256 1685 dmis
2280 1629 2544 1698 loquitur.
2584 1626 2684 1682 Cui
2711 1627 2896 1681 sensui
2924 1634 2979 1680 et
3023 1626 3384 1696 apostolicum
3413 1625 3544 1680 illud
3571 1640 3711 1680 con-

2126 1721 2292 1792 gruit,
2325 1719 2529 1775 fractos
2554 1733 2677 1774 esse
2708 1719 2779 1772 ab
2813 1719 2915 1773 bac
2943 1719 3125 1774 securi
3157 1717 3497 1774 inﬁdelitatis
3526 1732 3713 1774 ramos

433 1811 841 1868 irrationabilia
873 1810 1119 1880 iumenta
1167 1816 1222 1864 et
1269 1808 1457 1863 bestia:
1490 1807 1694 1862 vident.
1733 1785 1855 1861 Non
1877 1805 2021 1860 enim
2055 1785 2100 1845 Β
2129 1785 2296 1881 atque
2329 1810 2612 1874 succisos,
2649 1819 2709 1863 ut
2733 1816 3042 1878 amputaret
3071 1823 3136 1863 es
3180 1808 3376 1864 arbore
3419 1824 3529 1864 non
3562 1808 3711 1864 radi-

434 1903 876 1958 animadvertunt
920 1901 976 1956 in
1027 1901 1112 1955 his
1153 1915 1275 1969 quae
1301 1899 1486 1954 vident
1519 1897 1731 1951 ratione
1759 1896 1893 1968 regi,
1924 1896 2025 1950 ali-

432 1981 598 2064 quam
631 1996 815 2048 inesse
851 1992 1142 2048 rationem.
1203 1990 1330 2046 Haec
1357 1999 1668 2061 propterea,
1703 1989 1832 2060 quia
1855 1987 2025 2043 Joan-

432 2101 530 2141 nes
555 2085 767 2139 dixerat
797 2101 810 2138 :
846 2082 1030 2137 Potest
1057 2083 1198 2136 Deus
1221 2082 1286 2136 de
1311 2081 1582 2152 lapidibus
1621 2081 1742 2137 istis
1764 2081 2024 2135 suscitare

432 2178 573 2246 ﬁlios
600 2176 853 2232 Abrahae.
893 2174 960 2230 Et
988 2191 1091 2230 nos
1135 2175 1301 2246 igitur
1341 2175 1699 2230 Obsecremus
1729 2173 1929 2239 Deum,
1965 2183 2026 2228 ut

434 2269 481 2325 si
510 2269 733 2339 quando
758 2267 965 2322 luimus
994 2265 1226 2335 lapides,
1245 2275 1526 2321 vertantur
1549 2265 1602 2320 in
1625 2266 1768 2320 ﬁlios
1791 2266 2027 2319 Abrahae

435 2376 535 2430 pro
561 2360 646 2416 his
669 2359 796 2415 liliis
819 2361 912 2429 qui
937 2359 1096 2426 eiecti
1123 2365 1274 2424 sunt,
1301 2368 1357 2413 et
1381 2358 1868 2428 repromissionem
1893 2355 2026 2411 ado-

435 2455 784 2522 ptionemque
814 2467 916 2508 suo
941 2451 1075 2505 vitio
1105 2451 1460 2521 perdiderunt
1487 2449 1623 2520 (62).
1663 2447 1842 2503 Unum
1875 2447 2026 2502 testi-

437 2544 681 2598 monium
732 2542 912 2596 adhuc
955 2541 1024 2597 de
1066 2541 1342 2610 lapidibus
1387 2556 1612 2611 ponam.
1655 2538 1936 2611 Siquidem
1967 2539 2024 2594 in

435 2635 648 2690 cantico
695 2632 866 2688 Exodi
915 2633 1178 2690 scribitur
1221 2635 1314 2688 ”:
1373 2631 1656 2688 Vcrtantur
1697 2632 1754 2684 in
1797 2630 2021 2701 lapides,

432 2726 598 2779 donec
617 2734 947 2794 pertranseat
969 2725 1194 2794 populus
1213 2736 1359 2790 tuus,
1384 2724 1629 2787 Domine,
1655 2724 1819 2779 donec
1848 2734 2026 2778 trans-

432 2825 519 2871 eat
564 2815 791 2886 populus
829 2825 951 2870 tuus
983 2818 1082 2871 iste
1122 2833 1276 2888 quem
1306 2817 1608 2887 possedisti.
1643 2815 1888 2888 ﬁngatur
1917 2818 2023 2871 ita-

435 2923 541 2979 que
574 2907 740 2972 Deus,
776 2917 836 2962 ut
857 2909 1134 2978 paulisper
1158 2919 1549 2986 convertantur
1573 2909 1626 2965 in
1651 2909 1892 2980 lapides;
1921 2909 2024 2964 hoc

434 2999 582 3053 enim
615 2998 726 3069 (63)
763 2997 988 3054 Graecus
1013 3015 1198 3054 sermo
1245 2999 1647 3071 signiﬁcantius
1673 3012 1867 3067 sonat,
1893 3001 2026 3055 ἀνα-

433 3089 826 3156 λιθούσθωσαν,
854 3091 1030 3145 donec
1055 3099 1397 3160 pertranseat
1422 3091 1658 3160 populus
1681 3089 2020 3146 Iudaeorum.

438 3179 592 3236 llaud
624 3153 851 3236 dubium
887 3179 1021 3249 quin
1056 3153 1356 3250 postquam
1387 3153 1461 3234 illi
1493 3153 1845 3246 lrarrsieriut,
1892 3198 2025 3252 gen-
2053 3153 2099 3217 Ο

439 3281 520 3327 tes
548 3270 774 3342 lapidea:
801 3287 924 3325 esse
961 3271 1279 3338 cessabunt,
1305 3281 1359 3328 ct
1385 3286 1482 3341 pro
1519 3273 1658 3327 duro
1688 3273 1854 3327 corde
1885 3274 2026 3329 reci-

436 3365 588 3432 pient
636 3363 934 3415 humanam
984 3363 1038 3416 in
1077 3361 1302 3416 Christo
1343 3363 1834 3433 rationabilemque
1867 3373 2028 3419 natu-

437 3469 576 3509 ram.
617 3452 718 3507 Cui
748 3461 831 3506 est
864 3452 1038 3524 gloria
1067 3462 1123 3508 ct
1149 3453 1440 3523 imperium
1474 3453 1529 3508 in
1558 3454 1757 3510 sarcula
1799 3456 2025 3510 saculo-

437 3560 584 3600 rum.
621 3545 818 3599 Amen.

975 3655 1261 3714 HOMILIA
1300 3657 1490 3714 XXIII.

440 3770 516 3825 De
550 3788 608 3825 eo
643 3770 783 3842 quod
804 3771 1065 3842 scripturn
1097 3781 1218 3826 est:
1252 3791 1270 3824 ι
1311 3771 1446 3826 Ecce
1482 3773 1682 3827 securis
1715 3771 1784 3824 ad
1822 3772 2027 3826 radices

504 3843 756 3913 arborum
777 3843 950 3911 posita
970 3850 1070 3903 est,
1110 3860 1130 3894 ι
1161 3859 1321 3913 usque
1343 3844 1412 3895 ad
1435 3859 1554 3897 eum
1583 3844 1758 3896 locant
1783 3843 1871 3894 ubi
1899 3842 1975 3894 ait
2008 3857 2028 3913 .-

515 3931 535 3965 ι
584 3911 840 3966 Venerunt
863 3921 1040 3968 autem
1069 3923 1119 3968 et
1140 3911 1438 3982 publicani,
1460 3924 1519 3967 ut
1546 3911 2026 3982 baptisarentarab

507 3998 590 4038 eo.
622 3999 641 4032 ι
675 3983 810 4052 Cap.
843 3996 930 4038 ιιι.

507 4091 750 4152 Joannes
781 4094 874 4150 illo
898 4093 1015 4164 jam
1044 4103 1292 4164 tempore
1321 4093 1648 4164 loquebatur
1679 4113 1692 4150 :
1730 4093 1866 4152 Ecce
1891 4111 2032 4152 secu-

439 4185 516 4240 ris
543 4185 613 4240 ad
648 4185 853 4241 radices
893 4187 1148 4241 arborum
1186 4189 1362 4259 posita
1387 4197 1488 4242 est.
1529 4186 1598 4243 Et
1617 4187 1890 4258 siquidem
1914 4187 2028 4257 jam

438 4278 716 4348 ingrueret
746 4281 1170 4345 consummatio,
1194 4291 1248 4335 et
1274 4291 1583 4350 temporum
1616 4279 1743 4337 linis
1773 4280 2028 4344 instaret,

439 4369 588 4424 utrlla
619 4369 754 4423 mihi
797 4369 1029 4440 quaestio
1064 4380 1406 4426 nasceretur.
1451 4367 1700 4425 Dicerem
1742 4369 1885 4424 enim
1927 4369 2032 4425 hoc

2130 1913 2271 1960 cem,
2307 1897 2401 1952 sed
2431 1912 2494 1951 ea
2526 1911 2649 1966 quae
2669 1896 2736 1950 de
2761 1897 2943 1952 radice
2963 1897 3324 1967 pullularunt,
3351 1906 3412 1953 ut
3442 1899 3497 1953 in
3527 1899 3715 1954 radice

2130 1989 2376 2061 pristina:
2425 1988 2675 2053 arboris,
2713 1989 2852 2044 rami
2906 1990 3119 2057 possint
3175 1989 3396 2044 oleastri
3444 1990 3710 2045 inseri“.

2129 2081 2322 2137 Omnis
2359 2095 2492 2152 ergo
2523 2081 2720 2149 arbor,
2749 2097 2873 2152 qua:
2904 2099 3010 2138 non
3059 2081 3189 2138 facit
3219 2081 3456 2136 fructum
3483 2082 3712 2148 bonum,

2130 2170 2454 2241 prrecidetur
2478 2180 2534 2226 et
2559 2171 2611 2224 in
2641 2172 2819 2241 ignem
2856 2173 3102 2227 mittetur
3136 2192 3150 2229 :
3193 2175 3340 2229 hunc
3375 2173 3521 2228 enim
3551 2174 3714 2228 linem

2133 2263 2317 2327 habet,
2367 2272 2428 2317 ut
2466 2263 2720 2318 incendio
2750 2273 3150 2318 concremetur.
3194 2263 3397 2320 Deinde
3428 2277 3539 2320 tres
3563 2265 3709 2318 ordi-

2132 2370 2232 2410 nes
2260 2354 2600 2409 inducuntur
2619 2355 3022 2410 sciscitantium
3042 2353 3308 2410 Joannem
3339 2365 3509 2425 Super
3539 2355 3718 2410 salute

2132 2463 2231 2504 sua
2263 2467 2277 2503 :
2308 2464 2451 2504 unus
2479 2463 2642 2518 quem
2681 2447 2964 2517 Scriptura
3001 2449 3292 2519 appellavit
3323 2451 3556 2519 poliulos
3586 2465 3718 2502 exc-

2131 2549 2293 2595 untes
2317 2541 2384 2594 ad
2413 2539 2706 2610 baptisma,
2738 2541 2878 2596 alius
2907 2556 3067 2610 quem
3097 2540 3419 2610 publicanos
3443 2541 3714 2604 nominat,

2130 2633 2326 2690 tertius
2355 2633 2450 2703 qui
2491 2633 2724 2688 militum
2756 2633 3120 2703 appellatione
3157 2642 3432 2689 censetur.
3475 2631 3718 2686 Interro-

2130 2730 2327 2797 gabant
2363 2742 2482 2781 eum
2519 2727 2722 2792 turbae,
2751 2726 2981 2780 dicentes
3017 2741 3037 2780 :
3087 2724 3228 2790 Quid
3274 2724 3572 2794 faciemus?
3611 2721 3719 2788 Qui

2132 2816 2448 2888 respondens
2481 2818 2559 2876 eis
2584 2834 2604 2872 :
2647 2816 2752 2882 Qui
2786 2815 2940 2871 habet
2981 2817 3117 2870 duas
3157 2817 3385 2880 turritas,
3429 2817 3518 2869 det
3541 2817 3590 2870 ei
3627 2817 3718 2885 qui

2130 2925 2236 2962 non
2263 2907 2415 2964 habet
2439 2925 2458 2962 :
2483 2919 2533 2964 et
2569 2911 2662 2978 qui
2682 2910 2835 2963 habet
2862 2909 3025 2973 cibos,
3049 2908 3299 2962 similiter
3334 2909 3523 2978 faciat.
3561 2907 3716 2974 Quod

2131 3000 2376 3072 quidem,
2413 2999 2602 3054 nescio
2638 2999 2690 3053 si
2729 2998 2899 3052 turbae.
2927 2998 3218 3053 conveniat
3262 2997 3502 3068 praecipi.
3549 2995 3719 3064 Magis

2132 3091 2278 3146 enim
2329 3091 2594 3160 apostolis
2637 3105 2800 3160 quam
2835 3089 2996 3160 vulgo
3041 3089 3330 3160 congruit,
3364 3097 3424 3143 ut
3457 3089 3552 3158 qui
3581 3088 3720 3142 (luas

2131 3184 2349 3238 tunicas
2396 3184 2598 3248 habet,
2634 3198 2798 3237 unam
2853 3183 3059 3237 tribuat
3106 3196 3212 3236 non
3262 3181 3502 3236 babenti.
3561 3179 3630 3234 Et
3659 3189 3721 3234 ut.

2130 3276 2281 3331 scias
2309 3275 2484 3346 magis
2525 3275 2631 3330 hoc
2673 3274 2938 3344 apostolis
2963 3289 3128 3344 quam
3156 3273 3373 3344 populis
3399 3272 3717 3334 convenire,

2129 3368 2256 3423 audi
2289 3368 2420 3438 quid
2455 3382 2486 3421 ι
2527 3366 2809 3422 Salvatore
2855 3367 3071 3422 dicatur
3104 3366 3170 3420 ad
3198 3380 3294 3420 eos
3325 3383 3338 3419 :
3377 3363 3562 3435 Neque
3582 3364 3722 3417 duas

2133 3461 2340 3515 tunicas
2369 3459 2570 3515 tollatis
2597 3461 2649 3516 in
2671 3461 2756 3514 uia
2777 3460 2846 3514 ³¹.
2889 3459 3044 3528 anl.
3065 3475 3096 3512 ιι
3123 3459 3306 3527 itaque
3329 3457 3722 3511 vestimentum

2132 3569 2244 3624 quo
2280 3553 2665 3624 unusquisque
2697 3553 2946 3618 vestitur,
2982 3561 3035 3607 et
3064 3551 3374 3621 praecipitur
3403 3559 3466 3603 ut
3486 3549 3720 3604 alterum

2133 3646 2339 3700 tribuat
2384 3661 2494 3700 non
2541 3647 2800 3710 habenti,
2855 3646 3018 3701 aliam
3077 3630 3489 3713 intelligentiam
3537 3651 3726 3698 sonat.

2135 3733 2264 3790 Vult
2309 3737 2456 3790 enim
2510 3751 2614 3792 nos
2664 3735 2947 3801 Salvator,
2995 3735 3272 3805 quomodo
3317 3749 3422 3786 non
3456 3732 3721 3787 habemus

2133 3825 2348 3881 duobus
2377 3825 2584 3881 servire
2627 3826 2888 3891 dominis,
2924 3826 3004 3880 sic
3033 3839 3130 3879 nec
3159 3824 3298 3878 duas
3324 3821 3524 3876 habere
3569 3821 3721 3875 tuni-

2134 3933 2251 3983 cas,
2277 3931 2377 3972 nec
2411 3916 2614 3987 duplici
2645 3925 2796 3974 veste
2828 3914 3158 3971 circumdari
3180 3956 3196 3982 ,
3225 3929 3293 3968 ne
3323 3913 3394 3969 sit
3431 3927 3602 3966 unum
3636 3910 3723 3964 in-

2133 4008 2455 4068 dumentum
2481 4010 2678 4065 veteris
2709 4008 2967 4076 hominis,
3002 4017 3060 4064 et
3082 4008 3313 4062 alterum
3350 4005 3500 4060 novi.
3541 4001 3724 4058 Econ-

2137 4100 2308 4156 trario
2333 4109 2516 4156 autem
2539 4100 2714 4170 cupit,
2747 4109 2807 4155 ut
2830 4101 3202 4170 exspoliemus
3234 4113 3337 4152 nos
3361 4105 3599 4151 veterem
3629 4094 3724 4148 ho-

2135 4191 2365 4258 minem,
2397 4201 2451 4247 et
2482 4191 2778 4247 induamus
2809 4208 3037 4247 novum.
3086 4188 3382 4259 [lucusque
3415 4186 3590 4242 facilis
3623 4200 3722 4239 ex-

2134 4281 2335 4352 positio
2379 4290 2483 4339 est.
2541 4279 2715 4338 Porro
2745 4282 3038 4352 queritur,
3069 4283 3349 4351 quomodo
3394 4277 3552 4348 juxta
3581 4275 3726 4332 hanc

2139 4375 2644 4446 interpretationem
2697 4375 2954 4448 iubeatur
2983 4375 3145 4430 nobis
3200 4389 3310 4429 non
3366 4372 3588 4428 habenti
3623 4371 3724 4427 tri-

439 4466 586 4536 quod
618 4465 693 4520 ait
722 4483 737 4520 :
776 4463 911 4518 Ecce
939 4465 1138 4518 securis
1167 4469 1235 4519 ad
1263 4464 1470 4518 radices
1495 4462 1702 4517 arboris
1727 4462 1904 4532 posita
1928 4471 2027 4528 est,
2064 4497 2111 4553 Β
2137 4465 2306 4522 buere
2343 4465 2749 4523 vestimentum.
2809 4464 3075 4532 Quisnam
3102 4472 3186 4521 est
3217 4465 3306 4520 ille
3332 4463 3425 4534 qui
3453 4477 3524 4518 ne
3553 4477 3723 4517 unum

439 4567 496 4611 et
530 4556 661 4610 illud
693 4576 707 4610 :
737 4555 924 4610 Omnis
959 4557 1100 4610 enim
1143 4557 1303 4610 arbor
1341 4572 1459 4626 qua
1498 4572 1603 4609 non
1645 4556 1775 4625 facit
1801 4557 2035 4626 fructum
2067 4551 2095 4553 ”
2143 4557 2366 4628 quidem
2412 4557 2794 4614 indumentum
2837 4571 3004 4626 super
3047 4569 3271 4612 carnem
3324 4569 3483 4611 suam
3537 4551 3723 4613 habet.

441 4646 635 4698 bonum
653 4686 669 4710 ,
694 4645 1015 4714 prwcidetur
1033 4683 1050 4709 ,
1097 4656 1144 4698 et
1168 4647 1221 4699 in
1251 4647 1419 4716 ignem
1446 4647 1688 4702 mittetur
1707 4685 1721 4710 ,
1752 4655 2036 4718 propterea

441 4736 858 4807 prophetatum,
917 4736 1044 4806 quia
1092 4737 1146 4790 in
1195 4737 1288 4791 illo
1340 4746 1585 4807 tempore
1635 4739 2031 4808 complebatur.

1108 4853 1153 4886 "’
1189 4850 1363 4908 Exod.
1398 4869 1490 4922 xv,
1519 4854 1607 4909 lli.

515 4969 628 5041 (6!)
660 4968 881 5041 Eaedem
909 4969 1125 5041 schedia
1148 4985 1161 5020 :
1188 4968 1262 5022 Οὒ
1296 4968 1480 5032 λίθους
1515 4969 1759 5040 ἀψύχους
1790 4969 2026 5036 δεικνὺς.

442 5041 556 5097 ἀλλ’
581 5039 901 5112 hominum;
930 5039 1309 5112 avaransooc.
1337 5039 1781 5112 Dapsosﬁxstcau
1807 5041 1915 5112 γὰρ
1937 5043 2034 5095 καὶ

443 5113 648 5165 ἐθνικοὶ
677 5109 754 5180 eo
793 5109 1164 5179 bamlcpatt,
1213 5109 1308 5176 οὓς
1351 5109 1446 5164 καὶ
1475 5110 1656 5174 λίθους
1697 5110 1850 5164 καλεῖ
1873 5109 1893 5172 ζ
1917 5112 2034 5176 ἐξο-

447 5181 615 5254 μοιῶν
633 5181 828 5254 aurei);
844 5183 956 5254 τοῖς
972 5197 1279 5254 προςκυνου
1287 5183 1468 5254 privat;
1486 5181 1624 5254 κατὰ
1635 5181 1719 5254 es,
1735 5181 1920 5254 ὅμοιοι
1937 5185 2039 5236 αὺ-

443 5250 568 5318 ίνοῖς
584 5251 923 5321 τένοίιντρῄοι
944 5250 1256 5321 πόιοῦντες
1276 5250 1448 5311 αὐτὰ,
1467 5250 1566 5303 καὶ
1591 5253 1643 5304 ol
1669 5253 2021 5318 πεποιθότες

442 5321 538 5378 ἐπ’
566 5319 792 5386 ἀὺτοῖς.
823 5319 946 5376 Non
967 5320 1170 5390 lapides
1205 5322 1387 5375 anima
1417 5332 1650 5374 carentes
1683 5321 2034 5385 monstrabat,

444 5394 534 5447 sed
576 5393 814 5445 homines
856 5407 1010 5446 sensu
1057 5393 1356 5446 destitutos.
1394 5392 1632 5444 Aderant
1677 5394 1815 5444 enim
1857 5393 2033 5460 bapti-

446 5464 605 5516 smati
635 5463 795 5532 etiam
818 5461 1060 5532 gentiles,
1089 5478 1222 5532 quos
1250 5462 1456 5532 lapides
1481 5463 1655 5532 etiam,
1674 5473 1830 5532 coeat
1857 5502 1872 5518 .
1912 5461 2035 5515 illos

444 5531 754 5586 assimilans
776 5531 934 5585 idolis
949 5547 1066 5601 qua:
1094 5533 1414 5594 adorabunt,
1429 5531 1590 5598 juxta
1620 5531 1789 5585 illud:
1816 5532 2036 5586 Similes

445 5603 554 5723 uiis
584 5605 736 5668 liant,
767 5603 862 5671 qui
906 5601 1116 5656 faciunt
1143 5617 1230 5666 ea,
1277 5615 1332 5659 et
1375 5601 1471 5672 qui
1521 5602 1802 5658 cunlidunt
1825 5604 1878 5656 in
1911 5603 2041 5656 illis.

497 5685 665 5723 unus.

497 5685 665 5727 11808.

519 5743 630 5808 (62.)
675 5739 883 5796 Eaedem
916 5741 1171 5798 schedaz:
1209 5742 1330 5796 Ἔτι
1359 5742 1416 5795 δὲ
1452 5743 1580 5812 περὶ
1610 5740 1718 5795 τῶν
1741 5740 1903 5796 λίθων
1938 5740 2033 5810 γέ-

551 4853 598 4885 ⁷⁶
626 4851 772 4908 Psal.
799 4868 923 4920 cxv,
953 4852 1008 4907 8.

1700 4854 1748 4887 ³ο
1771 4852 1934 4911 Rom.
1967 4873 2042 4925 ιιι,
2077 4860 2162 4926 16,
2195 4859 2261 4914 l7
2286 4874 2404 4929 seq.

2142 4651 2237 4721 qui
2272 4650 2454 4707 nudus
2498 4657 2605 4714 est,
2653 4649 2746 4720 qui
2774 4649 3001 4706 omnino
3035 4647 3183 4703 nulla
3211 4656 3363 4704 veste
3386 4643 3724 4716 coopertus?

2141 4741 2330 4813 Neque
2352 4757 2480 4801 vero
2505 4741 2611 4800 hoc
2638 4741 2762 4798 dico
2779 4781 2796 4807 ,
2825 4755 2936 4811 quo
2958 4754 3067 4796 non
3099 4737 3446 4811 praecipiatur
3483 4733 3725 4794 liberali-

2501 4857 2546 4891 “
2582 4856 2773 4913 Matth.
2803 4872 2857 4921 x,
2886 4855 2977 4910 20.

2140 4990 2384 5044 γραπται
2425 4976 2485 5026 ἐν
2514 4976 2581 5044 τῇ
2609 4972 2720 5044 ᾠδῇ
2753 4974 2817 5043 τῇ
2849 4973 2907 5024 ὲν
2933 4973 3002 5044 τῇ
3029 4969 3243 5040 Ἐξὸδῳ·
3281 4965 3723 5044 ’ᾼπολεθωθείῃ-

2139 5033 2263 5098 Eur
2312 5044 2382 5097 τὰ
2426 5033 2636 5110 ἕθνὴ’,’
2659 5033 2770 5108 ἕξις
2792 5033 3113 5110 ”παρέξὶῑθῃ’
3151 5033 3388 5110 δἰιαὸςῗ
3425 5033 3601 5110 ρῦζος
3653 5037 3724 5090 ὃν

2139 5113 2392 5180 ἐκτήσωο
2413 5114 2489 5177 ὡς
2511 5107 2668 5184 δῆλον
2684 5107 2765 5166 ὅτι
2788 5107 2926 5184 μετᾷ
2948 5112 3011 5165 τὸ
3034 5107 3325 5184 τέᾳριλθείν
3343 5107 3599 5184 τὸνῇλαὶιν,
3626 5124 3723 5184 pr,-

2142 5176 2278 5240 κέτί
2302 5176 2768 5252 ἁπολιθωσείησαν
2832 5183 2946 5236 ἀλλ’
2971 5176 3396 5236 ἁπολὰϐέτωσαν
3427 5176 3603 5252 ψυχὴν
3629 5176 3695 5252 av

2143 5254 2441 5322 Θρωπίνην.
2461 5248 2743 5307 ΑΔΙιιισίίε
2767 5253 3034 5322 lapidibus
3061 5253 3315 5322 scriptum
3340 5259 3416 5302 est
3444 5251 3496 5301 in
3517 5264 3628 5300 can.
3645 5248 3725 5301 ico

2193 5301 2320 5377 Ξεῖέἱὲ
2333 5301 2652 5378 serietas.
2669 5301 2957 5393 armis};
2969 5301 3369 5393 gensgens
3385 5327 3724 5393 pertranseat

2143 5397 2377 5464 p0pulus
2405 5396 2504 5449 iste
2537 5411 2697 5461 quem
2734 5388 3024 5462 possedisti
3063 5392 3237 5464 :_quia
3277 5388 3617 5464 manifestum
3634 5397 3723 5464 .est

2145 5457 2264 5532 po'st
2295 5457 2578 5518 transitum
2623 5457 2836 5533 populi,
2867 5475 3040 5533 gentes
3069 5457 3338 5533 desituros
3363 5457 3475 5515 esse
3499 5457 3722 5527 lapides,

2146 5529 2195 5587 et
2233 5538 2469 5589 animant
2500 5529 2789 5588 humanam
2828 5529 3147 5601 recepturos.
3182 5529 3259 5584 lu.

2226 5604 2489 5685 (ϋόλζᾘωο
2514 5620 2752 5685 qumpre,
2780 5615 2838 5658 ut
2867 5598 3029 5685 nemo
3075 5616 3184 5685 non
3231 5600 3428 5669 sensit.
3459 5598 3731 5669 interpre-

2152 5673 2325 5732 tantis
2342 5673 2657 5746 Hieronymi
2683 5673 2991 5729 observatio
3021 5681 3122 5728 est.
