4132 6462
409 352 544 402 1κέἳὸ

1885 336 2211 395 οιιιῦεκιε

3550 334 3691 423 {alii

402 477 623 531 quoque
654 458 757 530 ipsi
794 469 859 514 et
878 458 1135 528 apostoli,
1170 472 1335 511 omne
1361 454 1509 527 quod
1544 462 1841 517 resonant,
1887 470 1996 509 non
2030 460 2068 512 Α
2099 470 2258 524 quam
2282 469 2404 506 cum
2436 451 2548 505 illis
2569 451 2637 505 ’⁷.
2693 449 2757 504 Et
2803 450 2986 505 statim
3028 446 3096 504 ad
3149 463 3340 520 preces
3370 449 3546 506 sancti
3587 450 3692 509 vti

407 557 583 606 solum
618 552 959 615 hominibus,
1007 550 1108 603 sed
1141 559 1196 602 et
1214 550 1424 618 angelis
1468 548 1783 617 praedicant.
1838 545 1995 611 Quod

409 656 475 699 ut.
491 646 634 699 scias
656 659 843 698 verum
867 660 881 697 :
909 640 1152 706 Attende,
1174 640 1371 709 inquit,
1398 640 1609 705 caelum,
1635 650 1684 693 et
1709 640 1895 709 loquar
1916 638 1994 702 '7;

408 747 463 790 et
481 752 494 786 :
515 735 582 789 In
608 742 886 805 conspectu
914 731 1223 801 angelorum
1249 728 1479 799 psallam
1508 728 1605 782 tibi
1619 730 1701 796 εει
1728 738 1783 783 et
1812 748 1825 784 :
1854 727 1998 782 Lau-

409 828 530 881 ttute
564 826 868 887 Dominum,
901 822 1017 877 caeli
1045 822 1317 886 caelorum,
1335 832 1384 876 et
1405 837 1557 892 aquae
1583 836 1703 891 qua:
1723 835 1881 890 super
1904 834 2002 874 cot-

410 918 486 974 los
513 927 634 970 sunt
664 917 878 970 laudent
909 930 1095 968 nomen
1120 914 1440 978 Domini";
1475 922 1531 967 et
1562 929 1578 967 ι
1613 912 1855 966 Laudent
1880 928 2001 966 eum

413 1008 586 1076 angeli
616 1006 694 1071 ’°;
735 1016 787 1059 et
814 1023 828 1058 :
862 1002 927 1057 In
954 1005 1098 1057 omni
1144 1003 1261 1057 loco
1312 1004 1593 1073 potestatis
1620 1002 1735 1069 ejus
1763 1000 1999 1064 benedic,

408 1103 587 1154 anima
621 1117 755 1164 mea,
794 1100 1017 1154 Domino
1059 1101 1132 1154 ".
1176 1097 1427 1152 Invenies
1469 1097 1524 1151 in
1558 1095 1812 1165 plurimis
1843 1095 1997 1159 locis,

409 1204 463 1245 et
490 1194 725 1246 maxime
754 1193 808 1246 in
835 1190 1091 1253 Psalmis,
1113 1200 1168 1243 et
1194 1190 1260 1244 a'l
1288 1188 1512 1259 angelos
1537 1202 1845 1242 sermonem
1861 1186 1996 1251 tieri,

410 1285 535 1337 data
573 1284 779 1338 immitti
813 1292 1112 1353 potestate,
1138 1284 1190 1337 ei
1221 1293 1400 1336 tamen
1432 1281 1526 1351 qui
1555 1279 1819 1351 Spiritum
1866 1292 1997 1333 san-

410 1390 556 1432 etum
584 1379 766 1439 habet,
786 1387 915 1432 utet
941 1377 1165 1447 angelos
1191 1376 1518 1445 alloquetur.
1545 1373 1801 1442 Equihus
1828 1385 1999 1425 unum

410 1472 721 1538 caeniplum
758 1485 983 1540 ponam,
1016 1480 1076 1525 ut
1104 1470 1343 1524 sciamus
1369 1467 1592 1539 angelos
1622 1480 1840 1536 quoque
1899 1464 2003 1517 int-

414 1563 594 1616 manis
632 1564 859 1617 vocibus
887 1562 1114 1617 erudiri.
1150 1561 1429 1631 Scriptum
1461 1570 1547 1614 est
1575 1559 1629 1614 in
1673 1555 1999 1628 Apocalypsi

411 1652 643 1707 Joannis
668 1655 716 1686 "
743 1672 757 1707 :
789 1653 985 1724 Angelo
1022 1652 1369 1722 Ephesiorum
1397 1649 1649 1704 Ecclesia:
1668 1650 1870 1702 scribe:
1895 1644 2002 1701 Ha-

414 1743 506 1796 beo
534 1744 739 1813 aliquid
767 1755 953 1798 contra
989 1754 1074 1807 te;
1113 1755 1168 1798 et
1216 1758 1434 1798 rursum
1457 1742 1547 1796 ”:
1583 1740 1783 1811 Angela
1810 1738 2001 1794 Eccle-

412 1837 508 1890 sia:
526 1835 774 1906 Pergami
804 1836 1005 1890 scribe:
1033 1836 1217 1890 Habeo
1235 1835 1511 1906 quidpiam
1536 1844 1722 1888 contra
1748 1842 1816 1885 te.
1839 1830 1998 1886 Certe
2029 1816 2070 1871 Β
2096 1830 2369 1885 culorum.
2397 1829 2596 1886 Amen.

415 1928 579 1980 homo
604 1934 688 1981 est
717 1928 812 1995 qui
857 1926 1051 1980 scribit
1074 1927 1313 1995 angelis,
1367 1934 1422 1980 et
1472 1922 1680 1994 aliquid
1728 1923 1994 1993 praecipit.

416 2015 531 2085 Ego
566 2030 673 2068 nou
705 2014 926 2084 ambigo
952 2023 1007 2069 et
1039 2015 1092 2067 in
1127 2026 1272 2070 coetu
1305 2024 1495 2069 nostro
1523 2013 1716 2069 adesse
1737 2015 1994 2085 angelos,

414 2123 521 2159 non
582 2106 760 2161 solum
797 2106 1123 2176 generaliter
1174 2105 1326 2160 omni
1362 2104 1619 2161 Ecclesiae
1642 2147 1657 2172 ,
1706 2108 1798 2161 sed
1829 2107 1995 2161 etiam

414 2198 755 2267 singillatim.
790 2197 863 2251 Dc
883 2197 1085 2267 quibus
1115 2194 1367 2251 Salvator
1395 2197 1536 2252 ait“
1569 2215 1583 2250 :
1611 2197 1798 2269 Angeii
1817 2213 1998 2252 eorum

413 2306 618 2356 semper
666 2289 840 2342 vident
887 2288 1078 2358 facient
1127 2287 1307 2343 Patris
1342 2290 1444 2342 mei
1487 2291 1576 2359 qui
1615 2290 1670 2343 in
1725 2290 1868 2344 caelis
1896 2301 1996 2346 est.

414 2382 619 2452 Duplex
659 2381 749 2457 hic
778 2381 933 2435 adest
963 2378 1230 2445 Ecclesia,
1249 2397 1358 2435 una
1380 2381 1690 2444 hominum,
1715 2382 1885 2436 altera
1908 2394 2002 2436 an-

414 2474 681 2541 gelorum.
711 2470 769 2527 Si
799 2472 928 2543 quid
954 2473 1106 2542 juxta
1140 2477 1428 2537 rationem,
1475 2482 1530 2527 ct
1569 2472 1726 2542 juxta
1753 2473 2005 2545 Scriptu-

415 2580 596 2618 rarum
624 2564 864 2619 dicimus
895 2565 1255 2626 voluntatem,
1282 2566 1534 2620 limantur
1555 2567 1731 2636 angeli
1760 2576 1816 2621 et
1842 2575 2004 2622 orant

416 2654 722 2715 nobiscum.
748 2653 812 2708 Et
832 2654 957 2724 quia
990 2664 1286 2725 prtesentes
1303 2655 1480 2724 angeli
1505 2666 1635 2710 sunt
1662 2656 1717 2710 in
1735 2654 2000 2719 Ecclesia,

424 2747 478 2805 iu
496 2747 583 2801 illa
607 2746 1010 2817 duutaxatqua:
1034 2756 1293 2811 meretur,
1323 2757 1376 2803 et
1403 2748 1609 2805 Christi
1637 2757 2007 2821 est,proptero

413 2854 478 2900 ea
506 2840 794 2915 orantibus
849 2840 1068 2894 fetutinis
1107 2841 1448 2911 prmcipitur,
1492 2851 1552 2896 ut
1583 2841 1817 2898 habeant
1854 2845 2003 2898 vela-

416 2946 539 2984 men
573 2947 739 3001 super
768 2940 933 3000 caput
961 2940 1179 3001 propter
1205 2933 1428 3003 angelos
1455 2934 1539 3001 ",.
1560 2931 1673 3005 (67)
1712 2933 1903 3004 utique
1939 2935 2003 2989 il-

413 3017 500 3073 lus
530 3020 622 3089 qui
650 3019 921 3074 assistunt
951 3021 1190 3087 sanctis,
1247 3025 1325 3076 et'
1359 3022 1612 3077 laetantur
1649 3022 1703 3077 in
1737 3020 1999 3079 Ecclesia.

413 3112 568 3177 Quos
594 3110 813 3181 quidem
845 3126 967 3177 nos,
1007 3112 1137 3181 quia
1172 3123 1520 3183 peccatorum
1558 3115 1810 3170 sordibus
1859 3115 1999 3170 oculi

414 3201 591 3255 nostri
618 3201 767 3255 obliti
794 3210 942 3265 sunt,
973 3218 1078 3257 non
1120 3205 1391 3271 videmus,
1428 3207 1522 3261 sed
1551 3206 1736 3262 vident
1762 3207 1999 3278 apostoli

414 3291 545 3348 ,ει-ευ
574 3294 639 3347 ad
663 3308 803 3363 quos
838 3294 1083 3364 loquitur
1110 3297 1156 3329 ⁹⁶
1187 3315 1202 3350 :
1233 3296 1423 3363 Amen,
1455 3316 1607 3353 amen
1657 3300 1779 3354 dico
1814 3302 1957 3355 vobis
1984 3341 2001 3364 .

414 3385 657 3441 uidebitis
683 3385 871 3439 caelum
896 3396 1154 3455 apertum,
1196 3401 1243 3442 et
1276 3389 1488 3459 angelos
1535 3388 1632 3443 Dei
1658 3390 2000 3445 ascendentes

416 3484 469 3525 et
492 3474 855 3531 descendentes
879 3492 1035 3548 super
1062 3474 1109 3529 F
1112 3477 1266 3530 ilium
1287 3478 1534 3534 hominis.
1562 3477 1718 3546 Quod
1749 3481 1793 3535 si
1828 3480 1998 3536 habe-

417 3570 531 3618 rem
563 3565 703 3621 hanc
725 3569 977 3638 gratiam,
1017 3578 1076 3624 ut
1106 3570 1384 3640 quomodo
1412 3572 1670 3641 apostoli,
1715 3573 1796 3628 sic
1843 3574 1989 3630 vide-

418 3672 558 3718 rem.
588 3666 641 3713 et
673 3659 819 3713 sicut
853 3659 1055 3715 Paulus
1078 3662 1313 3730 aspexit,
1369 3663 1613 3717 intuerer
1642 3702 1659 3728 ,
1717 3679 1997 3719 cernerem

419 3762 563 3801 nunc
593 3749 910 3814 angelorum
958 3751 1361 3805 multitudinem
1390 3792 1405 3817 ,
1459 3753 1605 3822 quod
1632 3753 1849 3808 videbat
1887 3752 2000 3807 Eli-

417 3852 579 3902 sa‘us,
614 3848 669 3892 et
691 3836 840 3894 Giczi
870 3841 964 3910 qui
988 3858 1111 3896 cum
1139 3857 1206 3898 eo
1233 3852 1458 3898 steterat
1484 3859 1591 3899 non
1650 3845 1886 3900 videbat.
1942 3844 2003 3899 in

418 3940 565 3983 metu
600 3940 720 3985 erat
757 3932 928 3994 Giezi,
969 3949 1035 3988 ne
1064 3934 1133 3988 ab
1167 3935 1420 3990 hostibus
1464 3946 1794 4006 caperetur,
1851 3937 2003 3993 solus

419 4023 646 4078 l-Llisaeus
669 4025 876 4080 videns.
907 4026 1011 4081 Sed
1049 4026 1298 4095 Elisaeus,
1339 4036 1398 4082 ut
1424 4031 1711 4101 prophetes
1742 4028 1956 4085 Domini
1985 4068 2001 4095 ,

415 4118 761 4185 deprecatur,
797 4130 851 4173 et
879 4119 1052 4176 dicit:
1082 4120 1125 4177 0
1154 4119 1398 4189 Domine,
1434 4123 1582 4193 aperi
1629 4122 1807 4178 oculos
1851 4124 2002 4193 pueri

415 4208 592 4274 istius,
614 4218 663 4264 et
690 4212 867 4264 videat
896 4215 1146 4279 quoniam
1187 4216 1356 4268 multo
1382 4215 1559 4285 plures
1586 4216 1855 4269 nobiscum
1877 4224 2001 4269 sunt

531 4326 576 4357 ⁸⁷
610 4326 762 4379 Deut.
794 4343 965 4386 xxx".
1002 4328 1051 4383 l.

2101 547 2326 616 angelos
2352 560 2488 614 quos
2518 544 2671 613 prius
2697 542 2846 597 Giezi
2878 558 2984 601 non
3009 542 3263 608 videbat,
3297 543 3537 599 intuitus
3583 554 3690 599 est.

2102 636 2229 690 Hzec
2268 636 2475 689 idcirco
2500 634 2777 693 diximus.
2808 641 2869 688 ut
2891 633 3309 688 ostenderemus
3340 643 3397 687 et
3443 634 3694 704 publica-

2102 743 2204 784 nos
2235 726 2417 781 doceri
2472 741 2504 780 a
2552 723 2785 789 Joanne,
2812 734 2867 779 et
2900 739 3009 779 non
3054 725 3232 781 solum
3262 740 3358 780 eos
3386 726 3482 796 qui
3508 726 3695 796 reipu-

2102 820 2260 874 blicae
2281 817 2640 887 vectigalibus
2669 815 2937 877 serviunt,
2972 816 3067 870 sed
3103 817 3268 871 etiam
3304 816 3428 871 illos
3472 817 3565 887 qui
3597 833 3692 871 ve-

2101 909 2325 965 niebant
2352 908 2419 963 ad
2444 907 2846 978 ptenitentiani.
2900 905 2965 961 Et
2998 907 3088 961 alii
3125 916 3287 962 erant
3319 923 3349 961 a
3383 909 3692 977 corporali-

2102 1004 2206 1059 bus
2234 1002 2535 1073 publicani,
2560 1002 2706 1057 sicut
2727 1010 2782 1056 et
2806 1001 2897 1055 alii
2924 1002 3145 1068 milites,
3200 1001 3307 1072 qui.
3332 1003 3695 1073 egredieban—

2100 1102 2191 1148 tur
2219 1094 2286 1148 ad
2348 1092 2680 1164 baptismum
2737 1093 3093 1163 ptenitcntiae.
3151 1091 3313 1148 Venit
3372 1094 3518 1148 enim
3579 1110 3705 1149 non‘

2100 1184 2340 1241 Joannes
2371 1193 2427 1240 et
2455 1186 2722 1257 propheta
2756 1194 2966 1240 tantum
2989 1225 3003 1250 ,
3031 1187 3126 1241 sed
3152 1187 3319 1241 etiam
3354 1186 3472 1257 ipse
3501 1186 3694 1242 Salvn-

2103 1287 2211 1341 tor,
2230 1288 2285 1333 et
2314 1278 2652 1342 hominibus,
2683 1287 2740 1333 et
2770 1277 2886 1349 (68)
2910 1278 3141 1348 angelis,
3177 1288 3233 1333 et
3266 1279 3562 1334 virtutibus
3592 1295 3695 1335 etn-

2103 1370 2236 1423 teris
2267 1371 2562 1425 salutarem
2586 1370 2963 1439 penitentiam
2999 1370 3320 1439 praedicare.
3374 1380 3438 1425 ut
3484 1371 3539 1424 in
3592 1385 3692 1426 uo-

2102 1460 2249 1515 mine
2274 1458 2404 1516 Jesu
2432 1474 2596 1515 omne
2625 1476 2767 1531 genu
2823 1459 3097 1527 ﬂectatur,
3133 1461 3442 1517 ctelestiutn
3460 1502 3476 1529 ,
3508 1472 3563 1517 et
3581 1474 3693 1519 ter-

2102 1551 2387 1618 rcstrium,
2413 1561 2470 1607 et
2497 1552 2865 1618 infernarum,
2899 1562 2954 1607 et
2985 1553 3166 1609 omnis
3188 1553 3375 1624 lingua
3430 1554 3693 1613 conﬁtea-

2102 1651 2213 1705 tur,
2249 1643 2377 1713 quia
2402 1642 2670 1699 Dominus
2697 1642 2860 1699 Jesus
2887 1643 3144 1700 Christus
3187 1644 3241 1699 in
3276 1646 3449 1714 gloria
3478 1654 3565 1702 est
3593 1645 3688 1701 Dei

2102 1733 2282 1790 Patris
2308 1735 2354 1769 "
2384 1753 2399 1789 :
2436 1736 2526 1791 cui
2549 1745 2632 1791 est
2664 1736 2838 1807 gloria
2859 1745 2913 1791 et
2938 1736 3228 1807 imperium
3254 1738 3309 1794 in
3344 1737 3542 1793 saecula
3586 1754 3692 1795 εω-

2629 1940 2920 1999 HOMlLlA
2959 1942 3149 2003 XXIV.

2099 2034 2179 2091 De
2204 2051 2263 2090 eo
2290 2035 2430 2106 quod
2451 2036 2707 2109 scriptum
2733 2046 2848 2090 est:
2888 2054 2921 2109 «_
2944 2035 3056 2107 Ego
3076 2037 3284 2109 quidem
3336 2030 3550 2109 ὀαριῇιο
3598 2054 3689 2094 vos

2143 2124 2331 2174 aqua,
2367 2127 2383 2158 ι
2422 2123 2587 2178 usque
2628 2108 2698 2160 ad
2728 2123 2849 2160 eum
2897 2106 3096 2161 locum
3120 2109 3210 2163 ubi
3242 2110 3365 2162 ait:
3395 2130 3413 2160 ι
3447 2108 3568 2178 Ipse
3595 2125 3689 2164 vos
3716 2166 3725 2171 _

2169 2124 2331 2174 aqua,
2367 2127 2383 2158 ι
2422 2124 2485 2161 us
2525 2124 2587 2162 ne
2628 2124 2695 2160 aa
2728 2124 2849 2160 eum
2897 2124 3073 2161 tecum
3120 2124 3209 2163 nos
3242 2124 3319 2161 ait
3345 2124 3365 2162 :
3395 2130 3413 2160 ι
3447 2124 3491 2178 ιι

2168 2178 2464 2247 baptisabit
2488 2124 2700 2248 gpiritu
2724 2186 2908 2231 sancto
2928 2189 2979 2231 et
3001 2180 3138 2249 igne.
3184 2198 3204 2233 ι
3233 2179 3371 2249 Cap.
3406 2195 3491 2234 ιιι.

2146 2289 2434 2345 Joannem
2453 2329 2471 2355 ,
2497 2290 2592 2360 qui
2622 2290 2803 2346 minor
2831 2301 2915 2347 est
2945 2291 3167 2347 Christo
3189 2332 3205 2355 ,
3237 2292 3481 2363 suscepit
3510 2307 3687 2363 popu-
3710 2307 3725 2335 ι·

2098 2382 2209 2447 ius,
2248 2390 2506 2450 reputans
2535 2388 2591 2435 et
2616 2382 2866 2449 uagitum
2898 2397 2966 2437 ne
2995 2380 3136 2437 forte
3182 2381 3300 2451 ipse
3335 2392 3483 2437 esset
3529 2381 3695 2437 Chri-

2099 2484 2262 2541 stus;
2288 2487 2416 2526 eum
2448 2486 2599 2539 vero,
2633 2472 2729 2542 qui
2764 2472 2938 2542 major
2968 2474 3061 2527 illo
3084 2484 3327 2541 venerat,
3360 2489 3468 2530 non
3501 2490 3692 2530 suscea

2099 2566 2197 2636 pit.
2234 2563 2326 2620 Vis
2355 2578 2581 2619 causam
2610 2565 2752 2619 scire
2773 2565 2796 2619 ?
2821 2567 3134 2636 Cognosce:
3168 2564 3392 2622 Joannis
3417 2566 3691 2636 baptisma

2100 2654 2410 2721 videbatur,
2453 2651 2660 2709 Christi
2714 2653 3021 2724 baptismus
3076 2656 3371 2713 invisibilis
3402 2666 3541 2713 erat.
3573 2657 3693 2729 Ego

2100 2745 2262 2812 enim,
2293 2744 2492 2814 inquit,
2522 2742 2732 2813 baptizo
2780 2760 2867 2800 nos
2916 2746 2975 2798 in
3010 2762 3153 2816 aqua
3178 2761 3197 2800 :
3225 2748 3318 2816 qui
3350 2758 3529 2802 autem
3569 2759 3690 2819 post

2100 2853 2183 2891 me
2203 2837 2365 2901 uenit,
2390 2834 2562 2903 major
2602 2851 2683 2889 me
2725 2847 2825 2903 est,
2863 2838 2970 2906 ipse
3019 2853 3110 2891 sos
3158 2838 3451 2908 baptizabit
3480 2839 3690 2909 Spiritu

2101 2937 2288 2983 sancto
2307 2935 2356 2981 et
2385 2926 2518 2998 igni.
2544 2925 2777 2994 Quando
2798 2927 3037 2997 baptizat
3054 2926 3215 2985 Jesus
3240 2928 3446 2998 Spiritu
3473 2940 3687 2995 sancto,

2101 3028 2156 3075 et
2180 3032 2399 3074 rursum
2440 3018 2661 3088 quando
2696 3018 2821 3087 igne
2846 3016 3125 3088 baptizat'!
3160 3014 3414 3091 Nunquid
3470 3036 3579 3076 uno
3606 3032 3692 3077 at-

2104 3124 2212 3181 que
2244 3111 2435 3168 eodem
2472 3123 2716 3182 tempore
2740 3109 2947 3181 Spiritu
2975 3121 3028 3165 et
3055 3113 3166 3182 igni
3204 3113 3463 3184 baptizat,
3497 3131 3565 3169 an
3597 3131 3692 3171 va-—

2104 3203 2189 3255 rio
2219 3210 2382 3273 atqde
2403 3200 2662 3258 diverso?
2705 3195 2805 3256 Vos
2831 3215 3008 3256 autem
3049 3203 3453 3273 baptisabinini
3487 3204 3692 3275 Spiritu

2105 3302 2315 3354 saneto,
2348 3308 2453 3345 non
2474 3302 2588 3361 post
2618 3291 2816 3347 multos
2837 3291 2931 3345 hos
2960 3293 3071 3347 dies
3123 3294 3189 3347 '9.
3243 3292 3512 3363 Baptizati
3559 3310 3692 3353 sunt

2103 3383 2335 3452 apostoli
2383 3391 2507 3452 post
2565 3384 2947 3438 ascensionem
3004 3383 3126 3449 ejus
3161 3386 3228 3439 ad
3263 3388 3434 3444 caelos
3484 3388 3693 3460 Spiritu

2102 3488 2293 3532 sancto
2317 3477 2417 3530 "'z
2447 3476 2595 3547 quod
2638 3484 2819 3531 autem
2857 3477 2967 3549 igni
3004 3476 3208 3533 fuerint
3238 3481 3518 3551 baptizati,
3551 3483 3696 3540 Serio

2102 3554 2259 3639 ptura
2284 3585 2392 3623 non
2420 3579 2706 3623 memorat.
2728 3570 2831 3625 Sed
2850 3574 3125 3641 quomodo
3141 3572 3379 3629 Joannes
3401 3575 3557 3644 juxta
3573 3576 3697 3632 Jor-

2103 3663 2300 3715 danem
2334 3661 2559 3716 ﬂuvium
2595 3663 2876 3719 venientes
2919 3666 2985 3718 ad
3040 3666 3371 3735 baptismum
3412 3670 3696 3737 praestola-

2106 3753 2288 3818 batur,
2312 3761 2365 3807 et
2380 3752 2517 3808 alios
2529 3753 2799 3823 abigebat,
2827 3754 3047 3810 dicens:
3070 3755 3353 3811 Generatio
3372 3760 3691 3829 viperarum,

2105 3856 2160 3902 et
2190 3848 2438 3919 reliqua;
2494 3864 2661 3919 porro
2686 3866 2781 3905 eos
2808 3852 2900 3921 qui
2933 3852 3335 3908 conﬁtebantur
3373 3855 3504 3910 vitia
3530 3865 3694 3927 atque

2108 3952 2363 4010 peccata,
2398 3941 2778 4011 suscipiebat:
2819 3943 2902 3998 sic
2949 3945 3116 3999 stabit
3160 3945 3216 4000 in
3267 3946 3429 4016 igneo
3468 3947 3697 4004 ﬂumine

2108 4029 2371 4085 Dominus
2398 4029 2559 4091 Iustis
2597 4032 2749 4102 juxta
2800 4033 3106 4088 liaMmeam
3158 4036 3490 4108 rempliteam
3523 4038 3580 4107 ',
3634 4045 3696 4096 ut

2108 4108 2494 4193 quemcunque
2546 4124 2658 4197 (69)
2712 4134 2836 4196 post
2883 4127 3089 4181 exitum
3124 4128 3247 4183 vita:
3277 4130 3462 4201 hujus,
3488 4133 3582 4203 qui
3623 4133 3692 4187 ad

2111 4216 2423 4283 paradisum
2460 4217 2696 4271 transire
2730 4217 3025 4282 desiderat,
3051 4227 3107 4273 et
3126 4222 3448 4290 purgatione
3466 4224 3694 4293 indiget,

1125 4328 1171 4408 εξ
1190 4327 1358 4408 ΔΡεξιιι.
1387 4346 1606 4408 (Ἅιδῃ-ιι
1639 4371 1655 4408 ,
1690 4331 1742 4384 l.
1810 4329 1855 4363 ”
1905 4326 1999 4408 P_sna

2104 4344 2317 4408 _:_xt_.vtt_tt,
2358 4329 2411 4392 4,
2442 4329 2521 4408 5,..
2574 4328 2778 4408 ’°_ib_id.
2810 4330 2865 4386 2.
2931 4334 2973 4364 θ’
2993 4331 3134 4408 __P_sal
3159 4347 3303 4408 ___(:t_t_t_,
3323 4332 3424 4408 22.
3501 4338 3546 4369 ⁹²
3569 4354 3687 4408 cap.

416 4412 653 4476 nunt-rs.
700 4399 751 4462 l,
777 4398 886 4476 4.__
909 4400 1240 4476 "_i_bid.__i%,
1273 4401 1357 4457 H.
1408 4399 1482 4476 __”
1505 4401 1694 4476 Matth.
1728 4415 1887 4464 aviti,
1928 4399 1996 4476 i_0

2104 4404 2187 4476 ian]
2215 4400 2342 4454 εον,
2377 4416 2453 4466 χι,
2489 4399 2541 4454 5.
2620 4400 2668 4432 "
2693 4398 2855 4455 Joan.
2904 4418 2943 4470 ι,
3159 4403 3202 4433 ⁹⁷
3227 4404 3289 4458 IV
3321 4404 3455 4476 Reg.
3485 4423 3567 4475 VI,
3608 4398 3693 4466 l7.

404 4465 693 4537 ‘9’ii‘lniip.
730 4485 789 4533 It,
827 4469 913 4533 10,
951 4471 1036 4523 il.
1115 4470 1314 4545 °’_Act.
1344 4470 1460 4536 1,5.
1537 4472 1605 4503 "'
1655 4475 1778 4525 Act.
1826 4486 1885 4534 lt,
1944 4469 1998 4524 4.

2080 4471 2095 4502 ¹
2129 4470 2265 4525 Gen.
2301 4486 2380 4523 ιιι.

416 4566 731 4621 deridicula:
751 4566 1013 4642 doctrinae
1056 4568 1216 4642 quasi
1247 4568 1677 4642 consectarium:
1715 4583 1825 4642 qua
1873 4582 1999 4636 pec-
2032 4574 2075 4629 ι)
2102 4568 2248 4642 enim
2289 4566 2496 4642 dudum
2526 4566 2716 4642 bum‘il.
2744 4567 2811 4642 l2
2834 4569 3245 4637 pronud'tiasset
3273 4571 3572 4642 unicuique
3595 4575 3697 4628 hoc

417 4651 543 4708 care
583 4651 742 4703 posse
769 4638 994 4706 angelos
1024 4639 1237 4697 statuit,
1256 4653 1558 4708 eorumque
1586 4638 1825 4691 otiicium
1860 4653 1999 4692 ιιοιιι

418 4706 525 4763 nisi
550 4721 615 4760 es
645 4708 840 4761 merito
867 4718 1120 4763 constare
1153 4726 1166 4761 :
1203 4710 1348 4763 unde
1378 4718 1431 4761 et
1460 4706 1802 4762 adversaries
1847 4718 2001 4777 potco

418 4787 586 4831 states
615 4788 835 4847 propter
864 4778 1195 4833 oﬂ‘eusioncs
1227 4779 1542 4833 hominibus
1571 4779 1845 4847 prtebitas.
1871 4794 1998 4832 cor-

418 4862 522 4914 pus
553 4850 740 4902 subire
767 4850 1090 4913 humanum,
1125 4849 1179 4902 in
1211 4864 1388 4917 eoque
1407 4863 1597 4918 pinnas
1628 4848 1812 4918 luere,
1840 4856 1895 4901 et
1921 4847 2002 4901 vi,-

417 4917 603 4972 cissim
629 4934 697 4971 ex
727 4918 950 4972 humani
982 4920 1200 4987 generis
1226 4917 1425 4972 ordine
1444 4919 1596 4989 scligi
1620 4917 1856 4980 animus,
1880 4934 2005 4987 quas

419 4996 544 5055 post
569 4988 668 5043 rite
696 4989 888 5058 pieque
907 5006 1188 5044 emensum
1223 4990 1276 5042 in
1314 4991 1475 5043 terris
1502 4988 1626 5044 vitae
1643 4990 1999 5058 currienlum,

420 5072 474 5108 tu
512 5056 830 5128 angelorum
857 5061 1104 5113 ordinem
1138 5070 1514 5114 assumantur.
1552 5061 1746 5113 Noster
1802 5056 1999 5111 lliero-

421 5142 638 5200 nyntus,
693 5138 752 5183 ut
789 5131 925 5200 alios
970 5145 1116 5183 num:
1167 5132 1576 5200 praetermittam
1606 5170 1623 5193 ,
1676 5129 1729 5181 in
1787 5128 1997 5197 praefat.

420 5196 714 5270 Comment.
763 5200 817 5251 in
866 5196 1193 5253 Malacltiam
1222 5240 1237 5263 ,
1291 5209 1454 5270 atque
1483 5201 1612 5254 alibi
1656 5196 1799 5267 saepe
1834 5200 2001 5253 hocce

420 5269 686 5338 almorme
713 5270 973 5338 placitum
1014 5270 1320 5338 impugnat.

493 5339 607 5410 (67)
648 5337 766 5407 Hic,
800 5337 1262 5410 quemadmodum
1285 5351 1338 5394 et
1364 5340 1595 5394 laudato
1641 5341 2001 5411 Apocalypsis

421 5407 890 5480 loco,angelorum
915 5411 1137 5464 nomine
1155 5449 1172 5472 ,
1198 5410 1507 5479 episcopus,
1542 5419 1599 5466 et
1623 5407 1997 5466 sacramento-

423 5493 547 5534 rum
570 5481 853 5535 ministros
885 5480 1185 5550 designari,
1213 5481 1497 5535 verissime
1525 5480 1849 5550 interpretes
1881 5483 1998 5548 ple-

424 5552 581 5619 rique
608 5566 800 5621 omucs
824 5551 1041 5613 docent,
1075 5552 1365 5619 inepteque
1394 5550 1530 5604 adeo
1542 5552 1806 5621 Origenes
1831 5567 1998 5619 argu-

425 5628 719 5674 mentatur.
747 5620 1017 5675 Ceterum
1052 5636 1229 5689 neque
1253 5622 1303 5673 id
1324 5630 1532 5673 certum
1569 5620 1825 5676 habuisse
1854 5622 2003 5674 video

427 5689 864 5758 tur,singulisue
889 5689 1228 5753 hominibus,
1262 5707 1329 5744 an
1363 5690 1565 5745 Christi
1603 5690 1761 5745 iidem
1817 5692 1998 5745 solum

429 5757 709 5829 professis.
737 5768 793 5813 et
825 5760 1028 5816 sanctis
1050 5771 1239 5816 custos
1263 5762 1488 5831 angelus
1513 5762 1854 5831 assignetur;
1878 5778 2013 5821 υιιιιι,

2108 4638 2317 4692 minum
2354 4637 2494 4691 duos
2521 4636 2741 4706 praeﬁci,
2778 4636 2979 4693 bonum
3015 4655 3218 4705 unum,
3252 4653 3305 4694 et
3332 4636 3562 4696 alterum
3605 4661 3698 4700 ne-

2107 4724 2274 4778 quam
2296 4724 2320 4779 ι
2346 4717 2401 4760 et
2462 4718 2862 4779 uuucjrepetat,
2901 4709 3080 4763 adesse
3122 4711 3335 4779 angelos
3387 4728 3489 4764 non
3522 4714 3695 4768 solum

2107 4777 2428 4852 generaliter
2476 4777 2621 4830 omni
2656 4777 2906 4833 Ecclesia
2936 4820 2950 4841 ,
2987 4782 3078 4833 sed
3125 4777 3287 4852 etiam
3343 4783 3699 4852 singillatim;

2110 4849 2297 4903 subdit
2331 4857 2532 4906 tamen.
2560 4859 2842 4916 prwsentes
2870 4865 2984 4903 esse
3025 4852 3080 4903 in
3129 4850 3367 4905 Ecclesia
3427 4849 3694 4908 duntaxat

2109 4934 2228 4989 quae
2256 4928 2509 4991 meretur,
2535 4928 2585 4991 et
2616 4919 2818 4991 Christi
2853 4929 2971 4973 est:
3028 4921 3081 4973 iu
3126 4937 3298 4991 quam
3330 4923 3531 4991 saepius
3564 4924 3695 4979 alibi
3724 4938 3735 4945 “

2113 4990 2437 5062 sententiam
2493 4989 2758 5062 libentius
2792 4991 3061 5045 concedit.
3120 4990 3251 5046 Vide
3280 4989 3420 5062 qua!
3452 4992 3595 5048 inl‘ra
3624 4996 3694 5049 ad

2054 5114 2059 5115 ,
2109 5059 2300 5114 liomil.
2338 5059 2407 5112 53
2442 5059 2791 5114 aduotamus.

2179 5130 2293 5200 (till)
2325 5128 2522 5183 Recole
2557 5130 2803 5200 proxime
2834 5130 3221 5200 prmedentem
3260 5132 3692 5190 adnotationem.

2106 5197 2191 5276 Ci.
2227 5198 2455 5276 liuetius
2510 5202 2684 5276 hocce
2723 5197 2976 5270 Origenis
3031 5201 3373 5271 paradoxum
3433 5206 3695 5276 singulari

2107 5270 2504 5335 disceptatione
2533 5269 2792 5335 exagitat.
2831 5269 2842 5270 ί
2922 5276 2923 5279 “

2177 5340 2291 5407 (69)
2326 5337 2582 5393 Notatuui
2630 5337 3000 5406 Getiebrardo,
3058 5342 3343 5411 doctisque
3369 5344 3493 5399 aliis
3532 5345 3693 5410 viris,

2052 5456 2059 5461 .
2107 5412 2483 5478 purgatoriuui
2519 5410 2698 5478 ignem
2724 5421 2849 5479 post
2874 5413 2996 5465 vitae
3028 5412 3235 5466 exitum
3259 5410 3413 5467 satis
3439 5415 3729 5469 incincti--

2111 5491 2190 5532 ter
2219 5480 2323 5551 hoc
2361 5480 2676 5534 testimonio
2735 5481 3125 5535 Adamantium
3175 5484 3441 5551 profiteri.
3474 5486 3696 5541 Addere

2110 5549 2316 5624 possim
2342 5564 2454 5624 ego
2477 5560 2732 5604 sexcenta
2766 5552 2872 5604 alia
2914 5553 3065 5624 lora,
3096 5549 3297 5620 quibus
3354 5555 3495 5609 idem
3526 5571 3694 5624 aper-

2109 5620 2320 5692 tissime
2336 5620 2621 5692 declarat:
2661 5636 2836 5689 neque
2877 5623 3022 5675 enim
3066 5637 3305 5692 unquam
3352 5625 3402 5678 id
3471 5620 3690 5680 crimini

2111 5690 2749 5763 datumOrigeni,quod
2808 5690 3185 5763 purgatorium
3244 5703 3469 5763 negaret
3524 5710 3692 5762 esse;

2112 5760 2208 5814 sed
2238 5760 2547 5815 ecoiitrario
2575 5762 2677 5814 hoc
2710 5762 2910 5830 ipsum,
2937 5762 3083 5832 quod
3124 5778 3227 5820 suo
3286 5760 3450 5821 modo
3482 5760 3696 5820 constt»;
