4132 6472
466 482 600 542 1866

1664 476 1731 537 1N
1768 479 2005 537 LUCAM
2045 480 2328 537 HOMILIA
2360 476 2525 537 XXV.

3593 478 3742 539 1866

460 603 565 659 hoc
598 618 723 658 eum
744 614 906 659 amne
952 603 1209 673 baptiaet,
1238 611 1295 657 et
1321 601 1389 656 ad
1438 600 1622 671 cupita
1656 600 1991 654 transmittat
2019 616 2032 652 :
2065 604 2109 660 Α
2141 598 2299 654 bebat
2331 598 2636 661 saeculum,
2673 611 2782 650 non
2817 596 3102 664 fatnulum,
3143 614 3247 653 non
3283 599 3470 652 saltem
3511 600 3609 652 sile
3637 608 3727 652 tu—
3759 577 3770 586 ’

459 706 588 748 eum
623 709 773 758 vero,
799 693 893 764 qui
930 707 1039 747 non
1076 690 1242 746 habet
1285 689 1501 757 signum
1551 687 1794 757 priurum
1831 684 2041 754 baptis~

460 791 695 844 matum.
723 783 941 837 lavacro
977 781 1135 852 igneo
1184 794 1292 834 non
1320 779 1485 851 962
1524 777 1783 847 baptizet.
1816 775 2046 845 Oportet

457 876 608 932 enim
654 875 809 945 prius
836 874 1075 944 aliquem
1117 872 1383 942 baptizari
1430 886 1573 941 aqua
1604 881 1659 924 et
1700 868 1894 939 spiritu
1921 908 1937 933 ,
1987 876 2046 922 ut

455 982 585 1023 cum
636 965 703 1019 ad
767 965 983 1035 igneum
1030 962 1255 1018 fluvium
1293 961 1540 1024 venerit,
1578 958 1832 1014 ostendat
1885 973 1946 1014 se
1991 966 2049 1013 et

456 1062 616 1128 aqua:
640 1066 696 1111 et
726 1056 951 1126 spiritus
977 1056 1192 1109 lavacra
1220 1067 1490 1116 servasse,
1517 1059 1572 1107 et
1598 1058 1729 1107 tunc
1770 1058 2046 1104 mereatur

457 1151 623 1205 etiam
656 1148 800 1220 ignis
849 1146 1100 1216 accipere
1148 1145 1482 1215 baptismum
1513 1143 1570 1198 in
1600 1132 1821 1197 Christo
1867 1136 1996 1196 Jcsu
2030 1160 2042 1195 :

457 1240 549 1297 cui
599 1248 685 1295 est
728 1239 900 1311 gloria
944 1247 1000 1295 et
1041 1237 1333 1308 imperium
1369 1237 1423 1291 in
1458 1234 1659 1292 szecula
1693 1234 2044 1290 saeculorum.

458 1332 656 1387 Amen.

1008 1421 1301 1479 HOMILIA
1331 1417 1500 1475 XXV.

459 1513 537 1569 De
568 1515 868 1584 suspicione
907 1530 1066 1582 quam
1110 1512 1334 1584 habebat
1360 1510 1584 1584 populus
1608 1510 1670 1564 de
1705 1508 1935 1575 Joanne,
1972 1525 2034 1564 ne

736 1586 873 1654 forte
896 1580 1007 1654 ipse
1039 1592 1174 1638 esset
1206 1582 1471 1637 Christus.
1501 1580 1634 1651 Cap.
1666 1596 1747 1636 ιιι.

526 1698 705 1754 liabet
738 1698 1040 1768 periculum
1064 1705 1119 1753 et
1139 1696 1380 1762 dilectio,
1427 1695 1475 1751 si
1527 1693 1750 1749 modum
1781 1703 2046 1751 transeat.

460 1786 631 1844 Debet
654 1790 802 1844 enim
832 1789 925 1860 qui
952 1789 1191 1859 aliquem
1224 1786 1433 1858 diligit,
1463 1795 1691 1840 naturas
1744 1794 1798 1840 et
1848 1800 2046 1841 causas

466 1883 823 1938 considerare
855 1882 1060 1949 dilecti,
1092 1888 1146 1936 et
1174 1897 1282 1936 non
1311 1895 1436 1935 eum
1464 1879 1591 1949 plus
1624 1879 1849 1948 diligere
1881 1894 2046 1947 quam

2150 689 2388 761 gurium.
2422 689 2739 742 Morabatur
2773 689 2826 741 in
2854 688 3076 743 deserto
3108 704 3217 744 non
3257 690 3434 743 solum
3468 706 3638 760 usque
3659 689 3731 747 ad

2149 782 2294 836 diem
2329 781 2663 836 ostensionis
2691 796 2805 835 sum
2834 781 2900 834 ad
2937 780 3125 846 Israel,
3154 798 3339 835 verum
3373 797 3438 836 eo
3467 793 3732 852 tempore,

2151 888 2260 942 quo
2292 872 2667 942 pmnitentiam
2698 872 2898 942 p0pulo
2929 872 3274 940 praedicabat.
3301 884 3419 928 erat
3453 874 3505 928 in
3540 875 3733 928 solitu-

2151 966 2279 1021 dine
2306 965 2527 1031 Judaeat,
2552 975 2605 1021 et
2628 981 2770 1035 aqua
2807 964 3042 1034 simplici
3072 964 3428 1036 irrigabatur,
3472 975 3534 1020 ut
3580 975 3637 1020 et
3679 965 3736 1023 in

2152 1067 2279 1127 potu
2315 1066 2459 1112 esset
2479 1057 2731 1113 diversus
2754 1072 2783 1109 a
2812 1056 3043 1111 caeteris.
3070 1055 3179 1112 Nos
3208 1058 3302 1126 qui
3344 1072 3628 1111 versamur
3678 1053 3736 1110 in

2152 1148 2408 1211 urbibus,
2439 1148 2533 1219 qui
2559 1149 2613 1201 in
2648 1146 2830 1201 medio
2858 1148 3181 1216 populorum
3211 1163 3426 1209 sumus,
3457 1156 3511 1201 ct
3556 1156 3739 1203 vestes

2152 1238 2453 1308 quaerimus
2485 1239 2769 1304 lautiores,
2801 1245 2855 1292 et
2878 1237 3051 1301 cibos,
3091 1247 3142 1293 et
3187 1238 3388 1292 habilia
3420 1237 3532 1309 (70)
3570 1257 3584 1293 :
3643 1237 3738 1293 ille

2153 1344 2282 1384 vero
2335 1329 2429 1400 qui
2463 1330 2518 1383 in
2568 1344 2755 1385 eremo
2783 1330 3139 1396 morabatur,
3192 1326 3367 1384 videte
3390 1331 3539 1401 quali
3567 1329 3739 1388 vcsti-

2156 1430 2341 1475 mento
2368 1421 2595 1478 indutus
2630 1422 2813 1476 fuerit.
2844 1421 2920 1477 De
2964 1422 3088 1491 pilis
3123 1422 3457 1477 camelorum
3492 1423 3597 1479 sibi
3652 1432 3741 1479 tu-

2155 1512 2337 1570 nicam
2369 1512 2601 1580 fecerat,
2635 1521 2692 1569 et
2720 1528 2854 1568 zona
2879 1513 3101 1584 pellicea
3154 1515 3492 1587 cingebatur.
3545 1514 3743 1571 Omnia

2155 1618 2288 1674 ergo
2323 1604 2380 1659 in
2424 1604 2517 1659 illo
2561 1611 2854 1668 noverant,
2890 1614 2944 1659 et
2975 1614 3199 1675 propter
3236 1607 3742 1663 dissimilitudinem

2157 1697 2282 1751 vita:
2306 1697 2546 1752 universi
2579 1696 2671 1767 qui
2700 1697 2982 1759 videbant,
3012 1698 3429 1753 admirabantur
3456 1714 3582 1755 eum
3615 1742 3630 1766 ,
3690 1713 3747 1759 et

2158 1789 2421 1846 mirantes
2459 1789 2865 1846 studiosissime
2891 1789 3165 1855 colebant,
3190 1806 3356 1861 super
3381 1793 3566 1848 omnia
3596 1793 3744 1864 quod

2158 1882 2487 1950 paenitentcs
2519 1882 2573 1936 in
2607 1882 2989 1938 remissionem
3031 1892 3381 1952 peccatorum
3411 1884 3743 1953 baptizabat.

463 1984 727 2030 meretur.
757 1972 892 2029 Nam
928 1975 975 2029 si
998 1986 1313 2028 mensuram
1341 1971 1658 2036 cbaritatis,
1710 1970 2048 2040 modumque
2088 1964 2128 2019 Β
2159 1971 2308 2039 Quas
2331 1972 2402 2027 ob
2435 1988 2635 2028 causas
2662 1972 2960 2044 diligebant
2996 1974 3214 2044 quidem
3244 1990 3369 2031 eum
3393 1977 3700 2047 iustissime
3723 2018 3744 2045 ,

457 2067 878 2132 transcenderit,
900 2075 955 2123 et
975 2064 1066 2136 qui
1094 2064 1288 2135 diligit,
1318 2071 1373 2118 et
1398 2063 1492 2133 qui
1523 2062 1770 2132 diligitur
1791 2103 1806 2128 ,
1834 2062 1889 2116 in
1923 2077 2050 2132 pec-

457 2169 583 2215 catu
610 2168 794 2215 erunt.
818 2157 973 2225 Quod
1005 2165 1066 2212 ut
1082 2154 1431 2212 manifestius
1451 2155 1544 2209 liat
1567 2169 1839 2225 ponamus
1866 2168 2051 2209 exem-

458 2249 633 2319 plum.
660 2246 928 2304 Joannem
950 2245 1186 2318 populus
1203 2245 1529 2311 mirabatur,
1543 2253 1598 2298 et
1614 2243 1872 2313 diligebat
1892 2259 2045 2298 eum:

459 2350 515 2396 et
538 2355 726 2396 revera
747 2349 863 2395 erat
887 2339 1088 2410 dignus
1125 2336 1413 2399 miraculo,
1444 2344 1504 2390 ut
1529 2334 1653 2405 plus
1683 2334 1730 2390 ei
1759 2350 1924 2405 quam
1948 2349 2054 2389 cae-

461 2434 594 2490 teris
626 2431 942 2488 homiuibus
978 2430 1306 2495 deferretur,
1334 2428 1465 2499 quia
1491 2428 1649 2483 aliter
1679 2442 1844 2498 quam
1871 2425 2053 2482 cuncti

462 2525 722 2580 mortales
746 2524 971 2579 vixerat.
1004 2520 1125 2576 Non
1152 2535 1345 2576 omnes
1379 2535 1575 2575 sumus
1618 2519 1853 2588 simplici
1911 2534 2051 2574 con-

462 2616 594 2672 tenti
629 2617 774 2680 cibo,
805 2615 900 2670 sed
924 2615 1185 2668 varietate
1212 2612 1552 2667 delectamur
1568 2625 1855 2665 escarum:
1882 2626 2053 2666 unum

460 2707 622 2762 nobis
654 2708 720 2761 ad
753 2706 1050 2776 potandum
1084 2705 1272 2758 vinum
1301 2701 1520 2765 sucit,
1554 2701 1692 2756 varii
1715 2709 1910 2771 gustus
1928 2702 2056 2757 vina

462 2815 799 2855 mercamur.
832 2797 1072 2852 Joannes
1101 2811 1230 2852 vero
1257 2809 1471 2863 semper
1518 2793 1746 2850 locustis
1774 2833 1789 2858 ,
1841 2809 2058 2864 semper

459 2891 786 2948 vescebatur
828 2888 986 2943 melle
1018 2886 1291 2953 silvestri,
1338 2894 1392 2941 et
1422 2895 1716 2941 contentus
1764 2894 1883 2940 erat
1920 2886 2054 2940 sitn-

459 2983 590 3055 plici
625 2992 680 3039 et
708 2982 859 3039 tenui
883 2982 1030 3045 cibo,
1054 2996 1123 3036 ne
1151 2995 1354 3050 corpus
1370 2980 1517 3034 illius
1542 2978 1910 3035 crassioribus
1936 2979 2060 3050 pul-

461 3075 664 3130 mentis
697 3076 1080 3145 pinguesceret
1104 3113 1120 3139 ,
1157 3081 1211 3127 et
1242 3072 1533 3142 exquisitis
1567 3071 1805 3142 dapibus
1858 3087 2057 3144 grava-

463 3177 655 3233 retur;
718 3165 1035 3236 huiusmodi
1098 3163 1299 3233 quippe
1344 3172 1539 3217 natura
1589 3178 1820 3233 corpora
1871 3174 2060 3221 nostra

465 3263 616 3317 sunt,
653 3262 712 3308 ut
733 3254 876 3309 escis
908 3252 1202 3322 superﬂuis
1233 3262 1637 3334 aggraventur:
1673 3263 1729 3308 et
1774 3268 1900 3308 cum
1929 3271 2053 3311 cor-

460 3362 568 3418 pus
597 3346 763 3403 fuerit
787 3354 1161 3417 aggravatum,
1187 3346 1368 3400 anima
1392 3361 1611 3415 quoque
1628 3354 1908 3412 oneretur,
1933 3364 2057 3418 qua:

465 3456 569 3510 per
600 3450 778 3495 totum
813 3439 1013 3495 diﬂ'usa
1060 3455 1262 3509 corpus
1313 3438 1663 3508 passionibus
1695 3438 1843 3495 illius
1871 3440 2055 3512 subia-

462 3541 572 3588 cet.
599 3531 966 3599 Quamobrem
998 3541 1145 3588 recte
1172 3530 1487 3602 praecipitur
1519 3531 1599 3586 eis
1621 3530 1717 3599 qui
1760 3531 2054 3588 observare

462 3634 698 3694 possunt
723 3643 738 3679 :
764 3624 983 3679 Bonum
1011 3634 1088 3679 est
1111 3640 1213 3677 non
1242 3622 1564 3676 manducare
1595 3637 1805 3675 carnem
1823 3664 1837 3687 ,
1893 3638 2055 3692 neque

462 3718 639 3770 bibere
661 3717 858 3779 vinum,
883 3732 1045 3785 neque
1063 3716 1118 3768 in
1140 3731 1241 3785 quo
1262 3715 1432 3783 frater
1452 3722 1575 3765 tuus
1597 3711 1992 3767 scandalizetur
2007 3715 2046 3767 ⁸.

467 3804 598 3859 Erat
630 3805 797 3876 igitur
823 3803 1065 3859 Joannes
1121 3804 1246 3859 vita:
1278 3802 1549 3858 mirabilis
1606 3810 1662 3856 et
1710 3803 1944 3858 multum
1981 3804 2052 3858 ab

466 3896 700 3950 aliorum
734 3896 1017 3950 hominum
1051 3894 1466 3950 conversatione
1500 3894 1773 3949 diversus.
1810 3892 1928 3950 Non
1949 3896 2047 3950 ha-

2156 2066 2251 2121 sed
2276 2081 2384 2120 non
2418 2065 2712 2120 servabant
2734 2066 2788 2121 in
2811 2065 3080 2121 charitate
3111 2066 3334 2123 modum
3363 2085 3378 2122 :
3434 2070 3750 2140 cogitabant

2155 2159 2301 2213 enim
2338 2173 2406 2213 ne
2436 2157 2576 2212 forte
2606 2158 2723 2227 ipse
2754 2168 2900 2214 esset
2936 2156 3208 2219 Christus.
3256 2157 3431 2226 Quam
3465 2161 3748 2217 inordina-

2157 2260 2270 2302 tam
2299 2256 2353 2303 et
2386 2248 2819 2304 irrationabilem
2871 2247 3196 2304 cbaritatem
3232 2265 3441 2306 cavens
3469 2254 3752 2323 apostolus

2158 2334 2366 2393 Paulus
2396 2338 2464 2392 de
2484 2338 2784 2408 semetipso
2813 2337 3143 2409 loquebatur
3169 2338 3190 2371 ³
3217 2356 3230 2393 :
3274 2337 3455 2395 Timeo
3480 2352 3659 2396 autem
3687 2358 3752 2396 ne

2156 2431 2278 2500 quis
2306 2430 2372 2483 de
2404 2446 2485 2484 me
2504 2430 2698 2499 cogitet
2735 2446 2892 2500 super
2914 2431 2970 2485 id
2993 2431 3134 2502 quod
3166 2431 3303 2486 ridet
3326 2431 3381 2485 in
3415 2448 3518 2497 me,
3536 2443 3630 2488 aut
3653 2450 3755 2489 au-

2160 2522 2240 2575 dit
2267 2536 2331 2576 ea:
2356 2538 2455 2585 me,
2482 2532 2529 2576 et
2560 2538 2622 2576 ne
2653 2523 2965 2593 magnitudo
2992 2522 3377 2578 revelatienum
3398 2524 3622 2579 extollat
3646 2544 3747 2585 me.

2159 2624 2267 2669 etc.
2298 2612 2461 2680 Quod
2491 2623 2741 2671 metuens
2767 2631 2836 2670 ne
2861 2615 3027 2670 etiam
3056 2616 3172 2686 ipse
3202 2616 3479 2681 incurrat,
3531 2618 3753 2673 nolebat

2160 2705 2347 2761 omnia
2395 2706 2464 2761 de
2511 2721 2570 2762 se
2614 2705 2864 2775 judicare
2907 2722 3030 2776 qua:
3060 2714 3243 2774 norat,
3271 2722 3339 2763 ne
3369 2707 3492 2777 quis
3531 2723 3597 2764 eo
3628 2709 3752 2778 plus

2161 2794 2457 2850 arbitretur
2487 2811 2610 2852 esse
2641 2812 2807 2865 quam
2837 2805 3110 2865 cerneret,
3134 2806 3188 2851 et
3220 2812 3540 2853 mensuram
3574 2797 3752 2853 hono-

2161 2886 2241 2943 ris
2269 2888 2563 2953 excedens,
2587 2887 2795 2943 diceret
2819 2888 2967 2954 quod
2990 2887 3197 2943 dictum
3224 2887 3401 2944 fuerat
3430 2889 3497 2945 de
3517 2888 3750 2956 Joanne,

2163 2982 2295 3052 quia
2325 2981 2444 3052 ipse
2496 2991 2646 3037 esset
2702 2979 2982 3037 Christus.
3042 2981 3198 3049 Quod
3243 2983 3464 3055 quidem
3500 2983 3756 3041 nonnulli

2148 3076 2331 3131 etiam
2357 3075 2425 3130 de
2468 3073 2726 3130 Dositheo
2764 3074 2877 3143 (Ἠ)
2934 3074 3335 3131 Samaritarum
3384 3076 3755 3146 haeresiarcha

2166 3165 2449 3231 dixerunt,
2483 3165 2573 3218 alii
2598 3181 2728 3221 vero
2779 3165 2849 3221 de
2900 3163 3041 3220 Juda
3099 3165 3351 3224 Galilato.
3402 3166 3645 3240 Denique
3696 3169 3754 3225 in

2166 3266 2373 3311 tantam
2438 3257 2662 3327 quidam
2738 3257 3053 3313 dilectionis
3129 3259 3418 3315 audaciam
3482 3276 3754 3333 prorupeo

2163 3356 2333 3413 runt,
2381 3355 2441 3401 ut
2470 3363 2609 3401 nova
2642 3348 2893 3416 quaedam
2947 3356 3002 3402 et
3057 3348 3303 3404 inaudita
3352 3365 3519 3421 super
3576 3349 3750 3407 Paulo

2162 3446 2410 3492 monstra
2454 3440 2850 3507 contingeran
2892 3439 2998 3494 Alii
3043 3439 3188 3494 enim
3237 3440 3395 3496 aiunt
3445 3441 3550 3498 hoc
3607 3444 3756 3514 quod

2163 3530 2430 3600 scriptum
2474 3538 2593 3593 est,
2644 3530 2836 3585 sedere
2879 3545 2909 3583 a
2943 3528 3153 3584 dextris
3198 3528 3503 3588 Salvatoris
3531 3539 3586 3588 et
3613 3533 3754 3590 sini-

2163 3623 2315 3685 stris,
2346 3622 2414 3677 de
2455 3621 2626 3676 Paulo
2663 3630 2719 3676 et
2765 3622 2833 3677 de
2879 3620 3154 3676 Marcione
3190 3622 3328 3687 diei,
3360 3625 3507 3692 quod
3547 3623 3752 3681 Paulus

2162 3714 2314 3769 sedet
2362 3729 2392 3768 a
2439 3713 2670 3779 dextris,
2715 3712 2921 3767 Marcio
2968 3711 3158 3767 sedeat
3191 3728 3225 3767 a
3270 3713 3530 3770 sinistris.
3576 3715 3752 3773 Porro

2159 3805 2248 3859 alii
2293 3804 2534 3874 legentes
2573 3804 2593 3835 ⁸
2630 3821 2645 3855 ;
2684 3803 2901 3857 Mittam
2947 3804 3093 3857 vobis
3141 3804 3460 3860 advocatum
3487 3805 3752 3879 Spiritum

2157 3897 2426 3964 veritatis,
2474 3897 2670 3951 nolunt
2714 3894 3016 3966 intelligere
3064 3897 3278 3950 tertiam
3312 3897 3425 3969 (72)
3458 3914 3747 3970 personam

536 4011 557 4041 ¹
588 4007 746 4062 [loti].
784 4022 897 4074 xw,
922 4007 1013 4064 21.
1057 4008 1078 4039 ³
1105 4007 1148 4062 ll
1179 4008 1303 4064 Cor.
1334 4025 1440 4077 xu,
1468 4009 1524 4078 6,
1561 4010 1612 4065 7.
1692 4010 1713 4041 ⁸
1740 4009 2032 4089 Joanstv,
2065 4011 2130 4065 16
2171 4029 2194 4046 -

465 4127 631 4180 tncrit
656 4145 670 4180 :
694 4125 770 4180 ita
802 4140 1017 4195 nempe,
1052 4135 1109 4179 ut
1150 4141 1259 4181 non
1292 4125 1458 4181 alium
1506 4125 1685 4195 ignem
1713 4166 1728 4186 .
1790 4142 1897 4182 non
1933 4127 2040 4182 alia

464 4196 1029 4267 suppliciaﬂmaneant
1058 4196 1264 4267 «litteris
1293 4196 1533 4250 admissa
1562 4197 1768 4251 scelera
1803 4238 1818 4261 ,
1876 4213 2042 4267 quam

462 4266 764 4336 put‘galot'ii
803 4284 817 4319 :
858 4280 1033 4335 neque
1057 4267 1192 4321 adeo
1215 4266 1339 4321 aliis
1370 4266 1907 4336 quamlemporariis
1935 4277 2047 4322 tor-

464 4334 669 4391 mentis
697 4337 897 4405 putarit
950 4334 1163 4391 animas
1209 4337 1471 4405 torqueri.
1532 4334 1690 4401 Quod
1727 4352 1857 4392 vero
1889 4337 2043 4393 nefa-

464 4408 603 4478 riam
633 4422 751 4478 eam
782 4408 1085 4461 doctrinam
1114 4406 1202 4478 hic
1230 4421 1449 4476 quoque
1472 4406 1573 4478 loci
1595 4405 1867 4476 propinet,
1892 4408 2049 4478 equi-

463 4476 585 4531 dem
618 4476 886 4531 al'lirmare
914 4491 1022 4532 non
1051 4476 1250 4540 ausim,
1277 4490 1399 4531 nam
1432 4476 1534 4531 etsi
1567 4476 2047 4546 quemtunque,'di-

463 4555 572 4611 cat,
614 4556 729 4616 post
761 4548 962 4601 exitum
987 4548 1107 4601 vitta
1133 4546 1290 4616 hujus
1321 4547 1416 4600 hoc
1449 4563 1604 4600 amne
1619 4546 2044 4615 baptizandum:

2150 4124 2430 4180 Dositheus
2460 4124 2679 4192 quidam
2704 4122 2979 4192 Samarita
3006 4122 3119 4176 suis
3174 4123 3496 4192 persuadere
3537 4140 3594 4179 se
3633 4143 3746 4181 esse

2155 4197 2426 4252 Christum
2454 4191 2642 4267 lunt_,_
2665 4209 2818 4267 quem
2850 4191 3055 4267 Moyses
3088 4191 3417 4267 iit-redigeret
3436 4195 3746 4267 ,__ois_usque

2151 4276 2230 4319 est
2263 4262 2543 4318 nonnullos
2570 4261 2801 4319 sibisua
2825 4261 3071 4316 doctrina
3091 4261 3406 4317 conciliare.
3459 4261 3621 4322 Varia
3656 4261 3745 4321 vde

2154 4335 2411 4391 Do:itheo
2444 4334 2534 4387 alii
2590 4334 2835 4399 tradunt,
2880 4348 3042 4401 quem
3073 4347 3175 4387 nec
3216 4332 3321 4402 ipsi
3353 4327 3568 4389 Judaici
3604 4337 3748 4391 scri-

2192 4417 2339 4460 tores
2394 4403 2528 4458 satis
2561 4410 2785 4457 norunt.
2843 4402 2961 4470 lpse
2999 4402 3163 4456 etiam
3222 4404 3480 4457 aberrare
3526 4404 3743 4460 videtur

2192 4422 2339 4460 tores
2394 4422 2528 4458 Silus
2561 4422 2785 4457 llOl'lllll.
2843 4422 2961 4470 Ipse
2999 4422 3163 4456 Cllillll
3222 4422 3480 4457 ΒυΘΙΊἯΙἘ
3526 4422 3740 4460 νιαοιιιι·

2151 4422 2518 4543 rlieronymus
2567 4489 2691 4528 cum
2746 4472 2971 4541 Dialogo
3022 4473 3276 4525 adversus
3326 4471 3740 4543 Luciferianos,

2153 4562 2207 4599 ιι.
2240 4546 2332 4610 25,
2360 4543 2681 4598 Dositheum
2720 4543 3196 4597 Samaritanorum
3230 4543 3530 4611 principem
3567 4543 3701 4601 facit
3722 4588 3738 4609 ,

462 4611 643 4698 neque
670 4618 805 4698 adeo
836 4633 1004 4698 unum
1045 4611 1290 4698 aliquem
1305 4616 1542 4698 excipiat
1558 4616 1658 4697 .(ut
1684 4611 1848 4698 paulo
1882 4632 2045 4698 supe-
2076 4634 2123 4693 ι)
2150 4614 2565 4698 quipropbe‘tas
2592 4611 2915 4698 repudiarit,
2942 4622 3089 4698 ct‘ex
3117 4612 3279 4698 cuius
3318 4613 3502 4698 radice
3531 4624 3737 4698 .ortum

465 4688 583 4741 rius
615 4688 684 4741 ad
713 4687 906 4742 ltomil.
940 4686 1027 4751 l4,
1061 4686 1151 4741 ubi
1181 4688 1248 4742 de
1277 4687 1381 4742 hoc
1409 4687 1530 4756 ipso
1558 4686 1716 4756 igneo
1752 4687 2043 4756 baptismo

465 4758 728 4827 disputat,
754 4757 1265 4827 animadvertimus)
1290 4798 1304 4823 ,
1333 4766 1387 4812 et
1415 4755 1484 4810 ne
1510 4755 1888 4827 sanctissimos
1914 4757 2042 4826 qui~

464 4825 588 4897 dem
615 4828 783 4890 viros,
809 4828 902 4897 qui
932 4837 1026 4881 aut
1047 4827 1214 4890 nulla,
1238 4825 1347 4881 aut-
1360 4835 1505 4897 certe
1521 4825 1850 4895 temporaria
1882 4825 2042 4895 poena

462 4896 769 4952 lustrantur
803 4896 842 4951 :7
878 4907 1116 4952 attamen
1160 4898 1308 4964 quod
1359 4896 1448 4951 hic
1503 4898 1664 4966 quasi
1717 4897 2040 4966 sententiam

461 4976 790 5038 temperans,
822 4968 1023 5034 subdit,
1058 4977 1107 5021 et
1139 4967 1452 5038 purgatione
1479 4965 1728 5038 indiget,
1772 4965 2043 5038 suspicio-

464 5036 591 5106 nem
625 5039 763 5092 tollit
796 5038 1022 5103 erroris,
1055 5052 1224 5105 seque
1248 5036 1431 5091 innuit
1462 5036 1528 5106 de
1556 5037 1622 5090 iis
1656 5037 1871 5101 dicere,
1921 5036 2042 5106 qui-

463 5105 567 5162 bus
596 5108 824 5164 leviores
855 5108 1098 5163 eluenda:
1123 5108 1231 5162 sint
1254 5107 1446 5176 culpas.
1480 5105 1546 5161 Et
1579 5121 1707 5160 vero
1753 5105 1950 5161 nescio
1971 5122 2042 5161 an

448 5176 606 5233 alius
639 5179 693 5232 in
727 5176 1069 5248 Origeniauis
1091 5177 1482 5248 scriptionibus
1505 5177 1659 5248 locus
1701 5184 1896 5248 esstet,
1948 5176 2041 5247 qui

464 5254 592 5317 tam_
604 5245 893 5317 commoda
916 5245 1368 5317 interpretatione
1395 5246 1587 5301 donari
1613 5245 1804 5317 possit.

536 5314 650 5389 (Ῑο)
678 5315 939 5389 fortasse
970 5314 1257 5389 legendum
1283 5318 1552 5389 videatur,
1585 5314 1793 5389 altilia.

537 5322 629 5384 (70
684 5322 939 5375 Fortasse
970 5322 1257 5389 legendum
1283 5322 1552 5382 videatur,
1591 5322 1793 5370 altilia.

537 5322 650 5457 (7li
675 5385 793 5441 Huc
819 5387 1134 5444 referendus
1157 5388 1382 5457 omnino
1399 5385 1631 5457 insignis
1652 5386 1897 5457 eiusdem
1927 5382 2045 5457 Oric

458 5454 808 5523 genis'locus
830 5458 969 5513 libro
1005 5473 1021 5512 ι
1070 5466 1253 5511 contra
1279 5454 1695 5520 Celsumfnum.
1722 5454 1811 5522 57,
1842 5457 1934 5524 qui
1962 5455 2044 5511 sic

460 5530 516 5579 in
540 5525 924 5597 Latinosonat
944 5546 958 5582 :
980 5527 1176 5597 Census
1207 5538 1455 5597 tempore,
1480 5526 1691 5594 quando
1713 5533 1917 5597 constat
1947 5541 2045 5597 na-

459 5606 571 5669 tum
592 5611 707 5669 esse
729 5594 932 5662 Jesum,
960 5596 1133 5669 Judas
1160 5594 1375 5669 quidam
1404 5594 1657 5669 Galilwus
1672 5613 1705 5649 a
1728 5595 1919 5669 populo
1939 5594 2043 5669 J_u-

455 5667 611 5720 daico
648 5668 919 5736 deﬁciens,
955 5667 1147 5721 multos
1172 5666 1354 5722 secum
1395 5668 1596 5729 traxit,
1622 5675 1733 5736 tum
1757 5666 2039 5736 sapientia,

457 5751 618 5859 gain
646 5735 953 5801 simulabat,
990 5746 1099 5789 tum
1133 5740 1299 5802 novis,
1329 5754 1460 5807 quas
1489 5735 1827 5801 moliebatur,
1866 5735 2038 5789 rebus.

529 5807 563 5858 d
594 5816 876 5859 nostauam
921 5809 1029 5859 iuse
1077 5809 1284 5859 sceleris
1330 5824 1507 5859 uanas
1557 5806 1721 5859 dedit.
1778 5806 2038 5858 exstincta

529 5807 563 5858 d
593 5816 876 5876 postquam
921 5809 1029 5877 ipse
1077 5809 1284 5861 sceleris
1330 5806 1507 5877 poenas
1557 5806 1721 5877 dedit,
1778 5806 2043 5858 exstincta

455 5879 642 5930 statim
681 5889 757 5933 est
792 5877 906 5945 ejus
956 5876 1225 5944 doctrina,
1275 5876 1368 5931 nec
1430 5878 1530 5931 nisi
1578 5876 1718 5945 apud
1754 5890 2040 5943 perpaucos

460 5946 659 6003 nullius
692 5946 919 6001 nominis
952 5945 1199 6001 obtinuit.
1234 5946 1360 6000 Post
1385 5946 1513 6002 Jesu
1540 5956 1772 6019 tempora
1805 5945 2041 6002 voluitet

796 6042 1071 6104 ΡΑΤιιοι.
1104 6040 1223 6102 Gn.
1264 6041 1435 6106 Xlll.

2153 4681 2437 4754 Sadducaci
2471 4681 2736 4754 traxerint
2762 4698 2777 4749 ;
2812 4698 2939 4736 nam
2960 4690 3015 4737 et
3029 4682 3218 4754 inulto
3245 4691 3404 4754 antea
3425 4681 3741 4754 Scripturas

2153 4750 2439 4809 Samarita!
2474 4753 2915 4822 repudiaverant,
2952 4761 3002 4807 et
3029 4750 3317 4822 Tsadocho
3339 4750 3583 4822 principe
3601 4754 3739 4811 Sad-

2150 4825 2463 4879 ducteorum
2492 4821 2766 4878 recentior
2792 4821 3087 4878 Dositheus
3117 4821 3240 4876 fuit.
3279 4822 3386 4877 Alii
3419 4821 3606 4891 plures
3631 4823 3731 4880 Do.

2150 4894 2359 4950 sitbeos
2385 4894 2902 4959 comminiscuntur,
2932 4902 2991 4946 ut
3024 4894 3242 4947 diversa
3272 4904 3517 4947 veterum
3551 4894 3619 4949 de
3669 4910 3738 4950 eo

2150 4964 2464 5019 testimonia
2512 4964 2829 5019 concilient.
2882 4962 3092 5030 Quibus
3136 4961 3392 5016 omnibus
3443 4959 3734 5030 Origenem

2150 5035 2401 5103 pra-fero,
2426 5047 2665 5102 quocum
2690 5032 2900 5103 faciunt
2929 5041 2983 5087 ct
3011 5030 3355 5103 illegesippus
3383 5031 3526 5103 apud
3545 5030 3737 5103 Euse—

2152 5098 2301 5159 bium
2328 5098 2423 5158 lib.
2445 5098 2523 5166 iv,
2546 5118 2666 5171 cap.
2700 5102 2804 5169 ‘22;
2841 5098 3442 5161 Theodoritus'eretE
3479 5098 3594 5169 fab.
3632 5103 3730 5162 lib.

2151 5189 2344 5297 t,rcap.
2377 5172 2444 5239 l;
2477 5172 2876 5243 Recognitionrs
2912 5171 3178 5227 Clementi
3212 5173 3506 5251 attributa,
3537 5172 3632 5227 lib.
3668 5189 3736 5245 tt,

2151 5259 2181 5297 a
2207 5259 2373 5297 naue.

2151 5259 2277 5299 antu
2287 5259 2373 5299 ue.

2222 5260 2429 5383 ἓξὲξ.δὶ
2460 5312 2544 5368 cui
2590 5327 2829 5383 persona:
2865 5310 3187 5368 vocabulum
3220 5310 3277 5366 in
3310 5309 3509 5367 divinis
3542 5324 3735 5383 recen-

2150 5382 2259 5438 tius
2293 5382 2543 5452 Origenis
2569 5382 2686 5438 aevo
2714 5383 2984 5452 videatur,
3016 5390 3229 5450 reputet
3256 5396 3323 5435 eo
3360 5395 3527 5452 usum,
3555 5382 3613 5435 S.
3645 5383 3734 5438 in-

2150 5450 2475 5522 terpretem,
2524 5468 2622 5522 pro
2689 5467 2800 5521 quo
2851 5450 3147 5522 undarum}:
3190 5458 3384 5505 auctor
3411 5451 3729 5522 scripserit.

2150 5519 2416 5577 Craterum
2457 5519 2724 5576 et‘tomo‘
2747 5522 2988 5577 secundo
3020 5523 3075 5577 in
3095 5520 3353 5577 Joannem
3410 5519 3734 5577 luculentis-

2150 5593 2287 5663 sime
2307 5591 2666 5663 Adamantius
2693 5609 2706 5645 :
2739 5591 2931 5663 Ἡμεῖς
2960 5591 3208 5663 μέντοιγε
3233 5593 3381 5663 τρεῖς
3402 5591 3733 5663 discordiae;

2151 5661 2458 5733 πειθόμενοι
2484 5660 2913 5733 conclusivng
2944 5660 3162 5733 Πατέρα
3188 5660 3303 5733 (κάξ
3321 5660 3547 5733 τὸνΑΥῐό
3564 5684 3600 5733 I.
3638 5666 3731 5732 qui

2150 5730 2532 5802 perperamjn
2558 5730 2726 5802 editis
2756 5731 2912 5802 libris
2945 5730 3305 5801 desideratur)
3347 5730 3444 5802 καὶ
3487 5734 3549 5784 τὸ
3576 5730 3731 5800 ἅγιον

2148 5799 2373 5872 Πνεῦμα
2405 5819 2417 5855 :
2450 5799 2642 5856 Latine
2669 5818 2739 5872 eg
2782 5799 3017 5856 Ferrarii
3057 5799 3340 5872 versione,
3385 5801 3498 5872 Nos
3531 5799 3727 5868 autem,

2148 5873 2238 5943 qui
2266 5868 2367 5926 tres
2392 5887 2683 5943 personas,
2703 5870 2919 5927 Patrem
2960 5884 3006 5928 et
3046 5868 3095 5924 F
3100 5872 3249 5926 ilium
3282 5881 3439 5942 atque
3465 5870 3726 5941 Spiritum

2151 5942 2393 5997 sanetum
2425 5956 2536 5997 esse
2564 5942 2847 5996 credimus.

3452 6036 3568 6119 sa
