4132 6474
1885 466 2207 551 emeatus
3564 498 3708 556 isse

452 498 590 554 1867

449 604 478 665 a
505 609 663 664 Patre
694 618 748 665 et
778 609 938 675 Filio,
970 619 1024 664 et
1050 609 1285 663 divinant
1322 610 1723 682 sublimemque
1751 619 2021 673 naturam,
2053 614 2097 668 Α
2129 623 2221 660 nos
2251 623 2498 676 separare
2529 625 2560 664 a
2588 605 2846 666 charitate
2871 610 2986 676 Dei,
3010 623 3128 683 quin
3153 620 3228 666 est
3254 613 3311 667 in
3336 611 3551 667 Christo
3572 611 3707 668 Iesu
3782 618 3785 621 ’

446 702 541 756 sed
579 702 885 771 apostolum
912 700 1161 755 Paulum.
1195 698 1386 755 Nonne
1423 702 1519 756 tibi
1552 718 1744 758 omnes
1771 702 2023 757 videntur
2129 698 2350 753 Domino
2379 699 2658 755 Saluatore
2687 712 2884 769 nostra,
2913 704 3003 759 cui
3023 712 3107 760 est
3133 705 3303 775 gloria
3327 712 3382 761 et
3413 706 3706 776 imperium

448 791 568 860 plus
598 808 813 846 amasse
843 808 1005 861 quam
1037 792 1274 862 expedit,
1300 800 1354 846 et
1390 794 1519 848 dum
1547 795 1800 849 virtutem
1829 795 2023 849 unius-

446 882 712 951 cujusque
754 883 1062 945 mirantur,
1105 883 1413 939 dilectionis
1460 885 1761 954 perdidisse
1804 900 2027 941 mensu-

443 973 599 1025 ram?
633 972 786 1037 Quod
810 972 1029 1040 quidem
1056 972 1108 1024 in
1141 970 1379 1026 Ecclesia
1406 972 1646 1041 patimur
1675 988 1689 1027 :
1717 973 1832 1043 (75)
1862 971 2025 1043 pleri-

443 1078 550 1134 que
581 1063 725 1117 enim
769 1062 897 1116 dum
940 1060 1062 1130 plus
1100 1061 1335 1131 diligunt
1372 1076 1535 1132 quam
1580 1077 1876 1127 meremur,
1911 1063 2025 1117 [nec

443 1155 666 1221 iactant,
689 1162 743 1208 et
769 1154 1092 1223 loquuntur,
1124 1150 1407 1208 sermo'ncs
1432 1163 1653 1208 nostros
1691 1153 2027 1208 doctrinam-

441 1262 547 1317 que
578 1245 885 1311 laudantes,
923 1259 1050 1314 qua:
1084 1243 1420 1298 conscientia
1467 1252 1649 1298 nostra
1678 1258 1785 1298 non
1812 1244 2020 1313 recipit.

440 1339 544 1392 Alii
578 1352 705 1393 vero
730 1346 994 1391 tractatus
1024 1344 1243 1389 nostros
1267 1333 1690 1398 calumniantes,
1725 1349 1789 1389 ea
1821 1336 2025 1392 sentire

442 1445 543 1485 nos
572 1429 961 1493 criminantur,
991 1442 1113 1496 quae
1155 1442 1434 1496 nunquam
1468 1425 1708 1482 sensisse
1742 1439 1842 1479 nos
1868 1426 2018 1480 novi-

443 1538 586 1578 mus.
625 1521 731 1576 Sed
765 1536 942 1590 neque
976 1521 1031 1575 hi
1059 1522 1151 1591 qui
1181 1522 1303 1591 plus
1335 1518 1588 1589 diligunt,
1625 1533 1800 1588 neque
1829 1519 1903 1571 illi
1929 1518 2022 1588 qui

439 1613 693 1678 oderunt,
726 1611 972 1666 veritatis
999 1611 1242 1678 regulam
1285 1616 1473 1662 tenent
1512 1622 1525 1658 :
1563 1615 1617 1662 et
1647 1607 1736 1661 alii
1766 1623 1860 1678 per
1889 1608 2023 1663 dile-

441 1704 712 1768 ctionem,
745 1702 833 1756 alii
883 1717 977 1769 per
1024 1702 1209 1756 odium
1239 1700 1596 1754 mentiuntur.
1624 1694 1779 1753 Unde
1808 1706 2025 1768 oportet

440 1791 693 1846 charitati
725 1789 1202 1860 l‘rena'imponere,
1228 1796 1281 1842 ct
1315 1796 1527 1843 tantum
1561 1789 1612 1844 ei
1648 1790 1875 1860 vagandi
1902 1804 2024 1858 per—

438 1885 654 1938 mittere
685 1883 1021 1948 libertatem,
1052 1888 1317 1951 quantum
1353 1880 1407 1934 in
1445 1892 1717 1950 pI-aarupta
1757 1896 1865 1934 non
1898 1894 2023 1934 cor-

437 1987 579 2030 ruat.
622 1974 896 2045 Scriptum
939 1982 1025 2029 est
1072 1975 1128 2027 in
1179 1973 1506 2029 Ecclesiaste
1544 1972 1607 2025 ’τ
1644 1970 1726 2027 Ne
1749 1973 1822 2027 sis
1836 1972 2021 2041 justus

436 2064 679 2130 multum,
704 2078 866 2133 neque
888 2062 1147 2131 ampliora
1173 2063 1387 2133 cogites,
1418 2078 1479 2116 ne
1505 2062 1641 2131 forte
1663 2061 2020 2131 obstupesras.

436 2156 592 2222 Quod
637 2156 946 2223 exemplum
997 2169 1234 2223 sequens
1284 2168 1506 2224 possum
1543 2153 1723 2207 simile
1769 2153 1899 2223 quid
1939 2152 2023 2206 di-

436 2262 603 2302 cere:
635 2244 715 2301 Ne
749 2245 942 2317 diligas
986 2244 1264 2299 hominem
1312 2260 1378 2298 ex
1423 2252 1531 2299 tota
1580 2244 1763 2298 anima
1803 2255 1930 2307 tua,
1970 2254 2023 2298 et

435 2354 499 2393 ex
530 2347 642 2392 tota
668 2337 867 2391 virtute
897 2345 986 2390 tua
1017 2351 1031 2387 :
1059 2350 1126 2390 ne
1150 2349 1300 2388 ames
1327 2333 1576 2403 angelum
1603 2333 1673 2388 de
1695 2340 1809 2387 toto
1835 2333 2018 2395 corde,

436 2430 503 2484 de
533 2437 644 2482 tota
671 2427 873 2490 anima,
902 2426 969 2481 de
997 2433 1108 2480 tota
1134 2426 1371 2491 virtute;
1403 2425 1495 2479 sed
1525 2432 1848 2493 praeceptum
1867 2422 2019 2493 juxta

434 2521 712 2585 eloquium
754 2516 1056 2572 Salvatoris
1089 2516 1193 2571 soli
1240 2531 1396 2571 serva
1441 2514 1575 2570 Deo.
1611 2513 1813 2585 Diliges
1854 2515 2018 2580 enim,

434 2614 646 2685 inquit,
679 2612 961 2667 Dominum
1008 2609 1172 2664 Deum
1219 2619 1366 2662 tuum
1394 2624 1461 2663 ea:
1492 2618 1600 2663 toto
1641 2610 1798 2663 corde
1825 2618 1939 2670 tuo,
1968 2622 2017 2663 et

431 2722 499 2761 ea:
529 2714 640 2759 tota
672 2705 851 2757 anima
888 2712 1000 2769 tua,
1030 2710 1077 2755 et
1108 2716 1174 2755 ea:
1200 2710 1311 2755 tota
1345 2701 1532 2754 virtute
1565 2710 1658 2754 tua
1697 2700 1739 2754 ⁸.
1772 2698 2019 2770 Respon-

434 2800 561 2854 deat
590 2797 723 2851 mihi
750 2794 970 2866 aliquis,
1013 2800 1066 2847 et
1093 2793 1275 2847 dicat:
1310 2792 1563 2846 Salvator
1592 2792 1837 2862 praecipit
1868 2809 1882 2845 :
1923 2791 2019 2846 Di-

432 2887 561 2959 liges
596 2887 875 2941 Dominum
923 2884 1090 2940 Deum
1129 2893 1280 2937 tuum
1319 2898 1385 2938 ea:
1413 2893 1521 2938 toto
1549 2883 1706 2937 corde
1734 2893 1844 2949 tuo,
1875 2893 1924 2936 et
1953 2898 2018 2937 επ

435 2988 548 3033 tota
578 2979 759 3031 anima
785 2986 896 3044 tua,
927 2985 979 3030 et
1015 2989 1082 3029 ex
1125 2983 1238 3028 tota
1280 2976 1469 3029 tirtute
1497 2986 1611 3041 tua,
1634 2983 1684 3028 et
1719 2976 2017 3044 proximum

434 3082 581 3124 tuum
625 3079 879 3141 tanquam
926 3071 1170 3138 teipsum.
1207 3066 1346 3121 Volo
1403 3066 1630 3138 diligere
1669 3066 1950 3122 Christum
1997 3083 2012 3119 :

430 3160 568 3215 doce
593 3157 725 3231 ergo
758 3173 847 3214 me
878 3159 1156 3230 quomodo
1185 3173 1311 3212 eum
1338 3158 1582 3228 diligam.
1612 3156 1669 3211 Si
1701 3158 1846 3212 enim
1877 3158 2015 3212 dile—

2127 789 2179 842 in
2208 790 2406 845 sarcula
2432 792 2773 846 saeculorum.
2801 793 2995 849 Amen.

2656 898 2941 956 IIOMILIA
2980 902 3171 962 XXVI.

2126 1010 2203 1065 De
2241 1028 2299 1065 eo
2338 1014 2478 1083 quod
2522 1015 2774 1083 scriptum
2812 1025 2888 1070 est
2923 1032 2943 1069 :
2984 1033 3003 1066 ι
3056 1015 3223 1076 Cuius
3270 1016 3621 1072 centilabrum
3646 1018 3706 1073 in

2195 1098 2376 1157 manu,
2416 1094 2467 1157 et
2489 1086 2793 1157 Δηιιιηίίαὺὶέ
2810 1101 2989 1139 aream
3029 1103 3202 1152 suam,
3237 1105 3256 1138 ι
3290 1104 3453 1157 usque
3487 1090 3556 1142 ad
3582 1104 3705 1142 eum

2195 1150 2367 1204 locum
2411 1154 2499 1226 utri
2541 1157 2619 1206 ait
2644 1168 2662 1207 :
2692 1170 2711 1204 ι
2748 1154 2813 1207 Et
2850 1150 3451 1226 congregabitﬁtriticum
3488 1161 3545 1212 in
3573 1161 3705 1213 tior-

2194 1237 2363 1276 reum.
2404 1241 2423 1274 ι
2449 1221 2582 1293 Cap.
2613 1239 2694 1278 ut.
2948 1221 2966 1226 ⁷
3039 1221 3057 1226 ⁷
3660 1296 3667 1297 ,

2194 1333 2447 1388 Christus
2474 1343 2560 1389 est
2585 1333 2727 1390 Deus
2758 1346 2852 1390 :et
2881 1336 2973 1406 qui
3004 1337 3197 1393 adorat
3234 1353 3384 1405 eum,
3415 1338 3471 1393 in
3505 1338 3702 1410 spiritu

2123 1432 2178 1478 et
2210 1425 2438 1480 veritate
2469 1435 2683 1497 oportet
2726 1428 2957 1483 adorare
2985 1429 3028 1484 ⁸.
3054 1429 3196 1485 Deus
3234 1446 3455 1500 quoque
3495 1442 3702 1498 noster,

2124 1515 2266 1586 ignis
2292 1532 2621 1573 consumens
2641 1528 2726 1573 est
2755 1520 2798 1572 ’.
2826 1519 3122 1590 Dupliciter
3144 1524 3447 1592 appellatur
3471 1523 3618 1581 Deus
3647 1534 3707 1581 et

2124 1608 2367 1677 spiritus,
2389 1615 2443 1663 ct
2469 1608 2628 1679 ignis.
2655 1608 2828 1666 Justis
2860 1613 3104 1681 spiritus,
3131 1614 3270 1683 ignis
3298 1619 3699 1686 peccatoribus.

2128 1698 2232 1754 Sed
2261 1700 2390 1754 dum
2422 1709 2475 1755 et
2500 1702 2676 1770 angeli
2703 1703 2949 1772 spiritus,
2986 1705 3236 1775 ignisque
3264 1707 3524 1764 dicuntur
3553 1725 3566 1761 :
3595 1709 3700 1775 Qui

2124 1790 2279 1860 facit,
2311 1791 2511 1862 inquit,
2541 1793 2752 1863 angelos
2777 1811 2899 1849 suos
2927 1799 3166 1866 spiritus,
3190 1809 3239 1854 et
3274 1802 3547 1858 ministros
3576 1822 3703 1860 suos

2123 1883 2293 1953 ignem
2339 1897 2571 1938 urentem
2614 1887 2708 1937 ὀι
2756 1890 2930 1958 angeli
2982 1890 3187 1947 sanctis
3233 1894 3541 1965 quibusque
3571 1909 3703 1953 sunt

2124 1973 2351 2043 spiritus
2382 1993 2395 2028 :
2432 1974 2520 2030 his
2561 1990 2691 2032 vero
2730 1978 2825 2047 qui
2860 1991 3173 2047 merentur,
3204 1984 3464 2040 addicunt
3495 1987 3699 2058 ignem,

2123 2074 2175 2118 et
2211 2062 2477 2120 fervorem
2515 2069 2958 2128 subministrant.
2989 2073 3151 2129 Juxta
3188 2092 3350 2146 quem
3382 2093 3604 2135 sensum
3644 2090 3702 2137 et

2124 2151 2267 2208 Deus
2300 2164 2484 2210 noster
2504 2168 2666 2228 atque
2697 2156 2968 2228 Salvator,
2993 2179 3116 2218 cum
3142 2167 3212 2221 sit
3244 2167 3489 2237 spiritus,
3516 2170 3697 2240 ignem

2121 2244 2271 2299 venit
2300 2246 2516 2301 mittere
2545 2262 2711 2317 super
2740 2260 2964 2307 terram.
3006 2251 3263 2324 Spiritus,
3303 2260 3605 2329 secundum
3633 2262 3703 2316 il-

2122 2335 2214 2390 lud
2244 2337 2387 2406 quod
2422 2338 2685 2395 scribitur
2713 2356 2727 2392 :
2764 2340 2896 2396 Cum
2933 2354 3108 2399 autem
3135 2363 3412 2404 conversus
3438 2351 3603 2419 fuerit
3628 2354 3703 2407 ad

2120 2424 2429 2495 Dominum,
2465 2429 2735 2499 auferetur
2766 2432 2997 2488 velamen
3028 2437 3106 2504 ¹¹;
3156 2446 3213 2492 et
3253 2454 3267 2490 :
3309 2438 3561 2498 Dominus
3587 2446 3702 2514 spi-

2120 2515 2258 2569 ritus
2289 2527 2365 2570 est
2400 2519 2463 2570 “.
2493 2516 2675 2588 ignem
2721 2530 2903 2576 autem
2941 2527 3089 2579 venit
3129 2528 3343 2584 mittere
3392 2546 3500 2585 non
3535 2548 3700 2602 super

2116 2607 2317 2662 coelum
2341 2647 2356 2672 ,
2405 2609 2498 2664 sed
2545 2625 2711 2681 super
2743 2621 2967 2680 terram,
2998 2626 3059 2670 ut
3092 2617 3206 2688 ipse
3243 2620 3582 2678 demonstrat
3610 2626 3699 2680 di-

2120 2712 2253 2755 cens
2284 2699 2329 2731 "
2360 2718 2373 2754 :
2414 2699 2595 2772 Ignem
2633 2705 2748 2758 veni
2797 2707 3002 2761 mittere
3035 2724 3193 2779 super
3229 2721 3448 2776 terram,
3489 2725 3538 2768 et
3569 2716 3699 2786 quid

2118 2788 2236 2843 volo
2274 2791 2379 2845 nisi
2423 2802 2480 2844 ut
2502 2792 2620 2861 jam
2655 2793 2881 2851 ardeat!
2917 2798 2973 2851 Si
3007 2799 3153 2854 enim
3188 2817 3485 2859 conversus
3527 2806 3701 2865 fueris

2117 2878 2188 2933 ad
2218 2878 2531 2947 Dominum,
2564 2884 2661 2953 qui
2693 2896 2778 2939 est
2827 2889 3072 2957 spiritus,
3116 2892 3369 2950 Christus
3405 2895 3501 2950 tibi
3536 2899 3701 2968 spiri-

2120 2982 2208 3029 tus
2241 2976 2363 3037 erit,
2390 2986 2446 3031 et
2488 2993 2597 3033 non
2637 2979 2785 3034 venit
2821 2981 2999 3052 ignem
3040 2987 3257 3041 mittere
3285 3003 3447 3058 super
3473 2999 3695 3045 terram.

2118 3063 2274 3132 Quod
2310 3068 2356 3122 si
2406 3081 2514 3123 non
2547 3072 2884 3129 converteris
2912 3074 2981 3129 ad
3025 3073 3218 3141 Deum,
3248 3078 3345 3133 sed
3375 3078 3545 3135 habes
3590 3090 3700 3136 ter-

2121 3172 2238 3212 ram
2293 3168 2348 3213 et
2399 3156 2637 3215 fructum
2682 3161 2836 3232 ejus,
2889 3164 3066 3234 ignem
3112 3168 3257 3223 venit
3294 3169 3507 3225 mittere
3537 3186 3700 3242 super

432 3267 567 3307 ποι-ο
590 3267 715 3307 eum
737 3265 803 3307 ex
830 3259 945 3306 toto
969 3251 1136 3306 corde
1167 3266 1311 3316 meo,
1336 3259 1391 3305 et
1419 3265 1485 3305 ex
1519 3256 1629 3303 tota
1657 3249 1840 3304 anima
1872 3263 2013 3316 mea,
2042 3275 2085 3334 ρ
2121 3255 2323 3302 terram
2359 3258 2529 3305 tuam.
2564 3248 2705 3307 Huic
2748 3253 2876 3323 quid
2910 3256 3091 3312 simile
3116 3258 3280 3313 etiam
3321 3259 3388 3314 de
3423 3258 3533 3316 Deo
3560 3262 3702 3317 scri-

429 3350 484 3397 et
511 3355 579 3396 ex
613 3350 723 3396 tota
747 3341 967 3408 virtute,
994 3349 1187 3395 contra
1218 3346 1547 3409 praeceptum
1579 3336 1755 3402 facio,
1792 3346 1850 3391 ut
1881 3337 2016 3391 alte-

435 3448 555 3488 rum
582 3433 791 3505 absque
820 3448 932 3488 uno
966 3431 1076 3487 Deo
1100 3432 1187 3488 sic
1215 3431 1459 3501 diligam.
1490 3430 1588 3485 Sin
1619 3439 1799 3484 autem
1831 3431 2015 3485 minus

427 3536 554 3581 eum
582 3524 844 3590 dilexero,
876 3538 1039 3593 quam
1077 3522 1506 3592 omnipotentem
1552 3520 1765 3575 Patrem
1793 3560 1809 3585 ,
1847 3520 2016 3577 timeo

428 3631 500 3672 ne
542 3617 595 3670 in
640 3614 1068 3686 Primogenitum
1107 3613 1270 3684 963
1308 3612 1577 3669 universae
1616 3622 1883 3668 creaturae
1913 3611 2017 3667 im-

427 3707 554 3778 pius
599 3713 654 3762 et
700 3704 966 3777 profanus
992 3705 1258 3760 inveniar.
1314 3703 1457 3759 Doce
1505 3720 1631 3771 me,
1682 3711 1737 3760 et
1787 3704 2048 3761 ostende.

429 3798 719 3862 rationem,
763 3795 1039 3866 quomodo
1079 3794 1219 3851 inter
1268 3803 1564 3865 utrumque
1607 3796 1824 3851 medius
1862 3796 2014 3851 ince-

427 3890 600 3957 dens,
651 3888 877 3959 diligere
922 3887 1147 3942 debeam
1192 3885 1498 3942 Christum.
1558 3884 1654 3941 Vis
1710 3887 1853 3942 scire
1905 3903 2014 3957 qua

429 3980 697 4035 charitate
721 3978 975 4034 Christus
1001 3977 1308 4048 diligendus
1333 3978 1437 4033 sit?
1468 3976 1713 4032 Breviter
1738 3978 2013 4033 ausculta.

429 4071 632 4142 Diliges
661 4070 951 4126 Dominum
986 4069 1155 4125 Deum
1192 4080 1343 4125 tuum
1378 4070 1430 4124 in
1457 4070 1696 4125 Christo.
1738 4069 1904 4127 Putas
1927 4072 2014 4127 di-

428 4177 643 4218 versam
674 4163 876 4218 habere
909 4176 1071 4232 posse
1113 4161 1167 4214 in
1211 4160 1373 4215 Patre
1404 4171 1459 4216 et
1489 4160 1628 4217 Filio
1656 4162 2016 4218 charitatem?

430 4253 606 4309 Simul
648 4254 811 4327 dilige
841 4254 1134 4311 Dominum
1165 4252 1470 4309 Christum.
1500 4251 1674 4323 Dilige
1704 4251 1922 4309 Patrem
1957 4254 2013 4309 in

426 4340 566 4400 Filio
590 4384 607 4414 ,
655 4343 855 4397 Filium
894 4343 951 4397 in
988 4342 1170 4409 Patre,
1213 4357 1281 4396 ex
1316 4351 1430 4396 toto
1469 4342 1669 4407 corde,
1707 4351 1761 4397 et
1788 4357 1857 4397 ex
1901 4350 2014 4397 tota

428 4434 636 4498 anima,
669 4439 726 4488 et
744 4447 812 4487 ex
842 4441 953 4488 tota
995 4432 1217 4487 virtute.
1260 4430 1417 4498 Quod
1452 4434 1497 4487 si
1533 4432 1733 4502 aliquis
1762 4433 2013 4489 sciscita-

404 4534 538 4592 ntur,
562 4532 625 4580 et
645 4521 820 4580 dicit:
852 4524 959 4580 hoc
989 4524 1136 4594 quod
1164 4525 1366 4579 asseris
1393 4522 1462 4578 de
1490 4521 1791 4594 Scripturis
1819 4525 2011 4594 proba,

424 4615 614 4672 audiat
640 4613 954 4685 apostolum
996 4613 1224 4669 Paulum
1246 4656 1262 4681 ,
1301 4616 1398 4686 qui
1442 4614 1679 4671 habebat
1709 4616 2012 4671 rationabi-

424 4706 530 4762 lem
581 4705 937 4773 charitatem,
981 4704 1295 4776 loquentem
1335 4706 1356 4737 '
1390 4721 1404 4758 :
1447 4703 1634 4762 Certus
1676 4708 1817 4761 enim
1858 4724 2008 4776 sum,

421 4800 548 4869 quia
579 4812 743 4870 neque
767 4813 930 4863 mors,
948 4813 1120 4868 neque
1148 4798 1278 4863 vita,
1311 4813 1473 4867 neque
1503 4797 1697 4868 angeli,
1722 4813 1885 4862 neque
1916 4816 2012 4869 po-

424 4900 673 4958 testates,
709 4905 804 4944 nec
841 4889 1165 4959 prtesentin,
1201 4905 1293 4943 nec
1335 4889 1553 4960 futura,
1592 4905 1685 4943 nec
1714 4889 2007 4960 fortitudo,

421 5000 517 5041 nec
540 4983 794 5053 altitudo,
819 4998 912 5039 nec
931 4983 1276 5055 profundum,
1301 4997 1394 5035 nec
1413 4981 1525 5037 alia
1548 4990 1792 5036 creatura
1814 4983 2007 5052 poterit

498 5099 548 5171 '__
564 5097 698 5171 Cap.
735 5112 865 5171 3n,
908 5100 953 5171 y_
993 5098 1078 5154 l6.
1170 5099 1211 5171 A'
1247 5096 1472 5171 Matth._
1504 5112 1638 5164 ml,
1686 5096 1776 5171 57.

424 5239 721 5304 nxu,2‘2.
791 5290 796 5294 .
896 5290 903 5296 .
1970 5280 1971 5283 η

632 5290 903 5459 ξάίέωίιπί
926 5328 1292 5414 Hieronymus
1312 5326 1564 5401 queritur
1600 5328 1767 5400 epist.
1800 5327 1900 5415 θῇ,
1935 5329 2003 5393 ad

495 5400 690 5459 annuli
714 5416 862 5459 tuum
905 5419 923 5457 :
959 5400 1107 5459 ouod
1148 5398 1230 5459 vel
1262 5416 1326 5455 in
1360 5414 1593 5455 amorem
1636 5398 1883 5459 Origenes
1918 5392 2003 5456 ni-

424 5392 862 5486 τεδιιςίιιίιιῖιιιεφ
905 5419 923 5457 =
959 5400 1107 5486 quod
1132 5392 1230 5486 ἠιμ
1249 5392 1600 5486 eavea
1630 5392 1895 5486 Primi!
1915 5392 2007 5486 ri-

306 5522 309 5525 .
402 5464 717 5543 rei
732 5464 925 5543 odium
1232 5471 1318 5526 sui
1341 5470 1608 5543 pravitate
1630 5464 1885 5543 homines
1904 5464 2008 5543 du-

729 5538 983 5599 Proie’cto‘
1008 5540 1239 5601 dubium
1278 5536 1387 5603 est.
1414 5536 1685 5609 maj‘orine
1708 5539 1760 5595 ei
1788 5536 2006 5609 fuerint

796 5610 1243 5683 adversm-ieram
1284 5606 1608 5683 calumniae,
1651 5620 1723 5663 an

422 5674 923 5759 emicem:-
941 5674 1174 5746 llaudes.
1203 5678 1406 5751 quibus
1440 5674 2004 5736 anulorum'iuvidia

406 5876 478 5906 κ..
494 5808 1096 5906 Wlﬁuﬁaﬁw
1113 5814 1874 5906 .e.C°ebaE§*l=.3°:it°w
1890 5812 1999 5906 ,οὖν

426 5884 558 5942 trav
592 5884 727 5943 τινα
758 5886 958 5959 cperim
990 5889 1022 5942 ὁ
1048 5888 1252 5960 Κύριός
1274 5904 1379 5961 μου
1408 5887 1625 5960 Ἰησοῦς
1662 5884 1787 5959 ἔχει’
1804 5888 1996 5957 πτύον,

596 6042 605 6049 ,

498 5099 522 5132 ⁸
564 5097 698 5171 Cap.
739 5112 851 5166 vn,
908 5100 943 5170 ᾗ
993 5098 1078 5154 16.
1189 5099 1211 5131 ⁸
1247 5097 1437 5153 Matth.
1504 5112 1638 5164 ml,
1686 5097 1776 5153 57.
1887 5100 1908 5132 ⁷
1947 5099 2106 5156 Rom.
2154 5114 2274 5159 vm,
2328 5097 2419 5163 58,
2459 5098 2550 5153 59.
2653 5097 2860 5155 8Joan.
2903 5114 2977 5166 tv,
3025 5100 3116 5157 24.
3222 5102 3347 5156 'De

425 5168 471 5202 “
502 5166 667 5225 Hebr.
694 5167 767 5236 1,7
789 5185 806 5235 ;
832 5167 977 5226 Psal.
1006 5183 1117 5238 etv,
1154 5167 1211 5226 4.
1285 5170 1327 5200 ¹¹
1356 5167 1403 5222 11
1431 5166 1561 5225 Cor.
1605 5183 1690 5235 tu,
1721 5169 1807 5223 i6.
1882 5168 2106 5227 "Joan.
2132 5186 2207 5235 tv,
2236 5169 2337 5236 24;
2372 5167 2417 5221 11
2451 5168 2578 5223 Cor.
2615 5182 2705 5236 tu,
2732 5169 2819 5224 16.
2899 5172 2943 5203 ¹³
2966 5170 3102 5229 Luc.
3131 5189 3230 5238 xu,
3260 5175 3351 5230 i9.

2084 5401 2219 5471 ’γὰρ
2248 5398 2500 5470 νηνεμία,
2533 5398 2571 5454 ἃ
2606 5415 2643 5470 ρ
2682 5400 2810 5455 στόν
2836 5402 2955 5455 ἐστι
2980 5402 3043 5455 τὺ
3064 5402 3247 5472 πτύον)
3274 5404 3336 5457 τὸ

2104 5468 2397 5523 mettum
2427 5469 2509 5523 sic
2535 5416 2739 5523 οἶκεῗον
2779 5470 2944 5523 τόπον
2962 5512 2979 5523 .
3010 5473 3040 5523 ὁ
3068 5471 3126 5523 δὲ
3158 5449 3303 5523 «res:

2117 3348 2268 3407 ptum
2316 3349 2404 3395 est
2428 3341 2518 3396 “:
2556 3341 2701 3411 Ignis
2749 3359 2998 3399 uocemus
3038 3355 3117 3401 est
3162 3347 3361 3416 furoris
3404 3349 3555 3418 ejus,
3591 3367 3697 3406 non

2115 3446 2279 3500 usque
2323 3432 2395 3485 ad
2437 3432 2628 3486 calum
2676 3451 2924 3503 sursum,
2974 3438 3066 3491 sed
3111 3456 3275 3510 usque
3315 3441 3387 3494 ad
3432 3440 3698 3512 infernum

2114 3522 2360 3577 deorsum
2382 3539 2402 3578 :
2429 3534 2480 3578 et
2501 3526 2767 3581 devorabit
2794 3543 2898 3582 non
2933 3529 3140 3597 celum,
3165 3532 3257 3586 sed
3286 3542 3481 3587 terram
3507 3543 3555 3588 et
3584 3550 3702 3605 ger-

2114 3613 2260 3669 mina
2287 3613 2423 3683 ejus.
2452 3614 2726 3681 Quorsum
2769 3617 2871 3672 ista
2907 3622 3244 3677 memoravi?
3285 3621 3425 3689 Quia
3451 3634 3506 3680 et
3532 3625 3701 3696 bapti-

2115 3722 2292 3775 smus,
2319 3724 2430 3779 quo
2474 3710 2711 3780 baptizat
2739 3709 2920 3779 Jesus,
2952 3713 3006 3768 in
3050 3712 3255 3784 Spiritu
3294 3726 3484 3772 sancto
3513 3727 3615 3782 est,
3639 3726 3701 3777 et

2115 3799 2248 3871 igni.
2281 3799 2503 3855 Memini
2534 3816 2748 3867 eorum,
2796 3818 2918 3873 qua:
2961 3821 3134 3876 nuper
3177 3806 3394 3865 locutus
3419 3825 3564 3874 sum,
3598 3827 3700 3868 nec

2114 3891 2357 3960 praeterit
2406 3892 2719 3962 explanatio
2753 3895 3034 3965 superior;
3084 3898 3179 3952 sed
3215 3900 3337 3954 volo
3383 3910 3439 3956 et
3492 3917 3698 3959 novum

2114 3981 2319 4051 aliquid
2372 3981 2592 4038 inferre.
2642 3982 2698 4038 Si
2744 3996 2971 4043 sanctus
3014 3987 3205 4054 fueris,
3254 3990 3459 4060 Spiritu
3506 4005 3699 4049 sancto

2115 4071 2477 4142 baptizaberis
2512 4090 2526 4125 :
2557 4073 2603 4129 si
2651 4086 2935 4145 peccator,
2976 4078 3030 4133 in
3076 4079 3253 4149 ignem
3305 4085 3602 4155 mergeris;
3641 4096 3699 4141 et

2115 4178 2286 4217 unum
2316 4171 2482 4234 atque
2512 4163 2654 4219 idem
2685 4165 2952 4235 baptisma
2983 4168 3220 4240 indignis
3242 4180 3296 4225 ct
3316 4182 3517 4241 peccat.
3542 4176 3699 4233 ribus

2114 4253 2171 4308 in
2209 4253 2721 4310 condemnationem
2774 4256 3064 4328 ignemque
3100 4268 3342 4315 vertetur
3381 4277 3396 4314 :
3440 4263 3526 4319 his
3567 4280 3698 4319 vero

2115 4345 2208 4415 qui
2244 4346 2423 4401 sancti
2463 4355 2613 4413 sunt,
2652 4357 2705 4402 et
2743 4356 2853 4403 tota
2895 4348 3000 4403 [ide
3037 4350 3105 4404 ad
3145 4350 3434 4407 Dominum
3474 4370 3697 4411 conver-

2115 4446 2325 4502 tuntur,
2383 4435 2622 4506 Spiritus
2672 4438 2873 4492 sancti'
2901 4439 3074 4508 gratia
3112 4441 3372 4512 salusque
3410 4443 3696 4500 tribuenda

2114 4536 2218 4584 est.
2259 4526 2318 4581 Is
2345 4544 2489 4599 ergo,
2513 4529 2603 4598 qui
2633 4526 2838 4598 Spiritu
2868 4540 3052 4584 sancto
3079 4543 3128 4585 et
3153 4532 3268 4602 igne
3288 4533 3491 4588 dicitur
3513 4534 3695 4601 bapti-

2042 4608 2086 4663 Ῑ)
2116 4635 2260 4686 itare,
2288 4619 2441 4674 habet
2476 4618 2826 4674 oentilabrum
2864 4621 2921 4674 in
2965 4637 3124 4675 manu
3164 4639 3295 4690 sua,
3334 4633 3384 4677 et
3416 4627 3697 4681 mandabit

2116 4723 2293 4761 aream
2323 4724 2473 4761 suam
2494 4749 2510 4775 ,
2556 4718 2605 4762 et
2648 4709 2981 4780 congregabit
3014 4711 3252 4764 triticum
3291 4728 3444 4767 suum
3475 4717 3527 4769 in
3565 4717 3692 4770 Itor-

2116 4813 2293 4862 reum,
2336 4797 2515 4866 paleas
2562 4807 2739 4852 autent
2785 4800 3050 4854 comburat
3093 4803 3204 4873 igni
3251 4804 3692 4877 inexstinguibili.

2116 4888 2229 4960 (74)
2259 4887 2399 4944 Volo
2431 4890 2674 4944 invenire
2703 4891 2993 4959 rationem,
3018 4908 3189 4964 quare
3218 4895 3482 4954 Dominus
3510 4909 3696 4953 noster

2116 4980 2309 5036 habeat
2332 4980 2716 5045 ventilabrum,
2744 4990 2801 5038 et
2827 4984 2973 5053 quod
2998 4983 3198 5042 blando
3219 4996 3383 5043 vento
3422 4988 3569 5044 leves
3597 5005 3697 5059 pa-

3222 5102 3430 5159 ‘Deut.
3476 5120 3550 5170 Iv,
3599 5105 3691 5163 24.

3222 5216 3230 5232 .
3260 5175 3351 5230 i9.
3459 5174 3504 5207 “
3530 5175 3691 5232 Deut.

3579 5193 3691 5232 dlll.

2653 5072 2860 5155 8Joan.
2903 5114 2977 5166 tv,
3025 5100 3116 5157 24.

2104 5330 2201 5407 καὶ
2245 5328 2389 5392 τινος
2426 5326 2632 5407 theatro
2676 5329 2965 5407 πνέοντος,
3012 5333 3107 5407 καὶ
3137 5332 3319 5407 ταῦτα.
3355 5330 3587 5407 σφοδροῦ
3620 5335 3694 5407 (εἰ

2105 5407 2219 5471 γὰρ
2248 5407 2500 5470 νηνεμία,
2533 5407 2810 5522 ararim-6v
2836 5407 2955 5455 ἐστι
2980 5407 3043 5455 τὺ
3064 5407 3336 5475 πτύον),τὸ
3367 5407 3465 5475 μὲν
3489 5407 3692 5476 ἄχυρον

2104 5468 2397 5596 rpite-rat
2427 5469 2509 5574 sit;
2535 5485 2568 5523 ο
2591 5485 2654 5523 κε
2678 5485 2739 5523 ον
2779 5470 2944 5526 τόπον
2962 5512 2979 5539 ,
3010 5471 3126 5572 6.6%
3158 5474 3303 5536 σῖτος
3337 5476 3569 5596 mare;
3595 5475 3692 5529 τὸν

2143 5554 2306 5596 νεμον
2333 5539 2703 5596 καταρὲρεται
2735 5541 2830 5594 uti.
2858 5540 2922 5594 τὸ
2954 5541 3108 5595 αὐυό.
3135 5542 3245 5596 Καὶ
3271 5543 3375 5596 ὅοα
3403 5561 3444 5596 ιι
3481 5560 3613 5596 mea
3634 5546 3691 5596 et

2143 5539 2306 5611 νέμον
2333 5539 2703 5610 καταφέρεται
2735 5541 2830 5594 uti.
2858 5540 2922 5594 τὸ
2954 5541 3108 5595 αὑτό.
3135 5542 3245 5597 Καὶ
3271 5543 3375 5616 ὅρα
3402 5539 3613 5664 tam
3634 5546 3691 5599 οι

2143 5608 2405 5664 remane!
2437 5610 2488 5662 oi
2530 5610 2593 5662 τὸ
2624 5609 2826 5664 drum
2868 5609 3218 5664 γωοιζοντες.
3249 5613 3281 5664 ὁ
3307 5612 3402 5664 ἀνι
3480 5615 3691 5664 eam.

2105 5608 2509 5755 rem:
2530 5609 2845 5755 τέδῗκὲῗὲξν
2868 5608 3693 5755 mammeata:

2107 5749 2309 5820 ἄνεμος
2340 5748 2521 5803 show
2559 5748 2866 5831 πειρασμὸς
2890 5750 3120 5821 νικήσας
3142 5752 3267 5806 τινὰ
3290 5752 3495 5825 ἄχυρον
3518 5748 3691 5808 biiab»

2107 5822 2271 5870 ποιεῖ.
2304 5819 2550 5870 τουτέστι
2577 5819 2900 5870 θεωρητικαὶ
2927 5820 3176 5870 ἄπιστον-
3210 5822 3324 5870 ἀλλ’
3356 5822 3488 5870 ὅντα
3511 5822 3689 5870 τοιοῦ-

2106 5822 2285 5890 ποιεῖ,
2304 5819 2550 5890 τουτέστι
2577 5819 2900 5890 καὶ
2927 5819 3176 5886 ἄπιστον,
3210 5819 3488 5878 amem
3511 5822 3689 5878 τοιοῦ-

2105 5905 2197 5942 τον
2244 5888 2475 5960 ἐλέγχει.
2524 5889 2645 5945 Κᾶν
2694 5888 3003 5964 πειρασμόν
3053 5908 3138 5957 τις
3180 5893 3483 5966 ὑπομείνῃ,
3532 5893 3631 5963 οὐχ
3655 5891 3688 5945 ὁ
