  <div class='ocr_page' id='page_1' title='image "/cluster/home/n/w/nwhite01/storage/ocr_20150623/13:no.3/coo.31924054872910/942.png"; bbox 0 0 4132 6486; ppageno 0'>
   <div class='ocr_carea' id='block_1_1' title="bbox 478 528 614 583">
    <p class='ocr_par' dir='ltr' id='par_1_1' title="bbox 478 528 614 583">
     <span class='ocr_line' id='line_1_1' title="bbox 478 528 614 583; baseline 0 0"><span class='ocrx_word' id='word_1_1' title='bbox 478 528 501 583; x_wconf 73' lang='grc'><strong>1</strong></span> <span class='ocrx_word' id='word_1_2' title='bbox 511 530 614 583; x_wconf 78' lang='lat'><strong>869</strong></span> 
     </span>
    </p>
   </div>
   <div class='ocr_carea' id='block_1_2' title="bbox 1635 512 2524 580">
    <p class='ocr_par' dir='ltr' id='par_1_2' title="bbox 1635 512 2524 580">
     <span class='ocr_line' id='line_1_2' title="bbox 1635 512 2524 580; baseline 0.003 -4"><span class='ocrx_word' id='word_1_3' title='bbox 1635 520 1701 576; x_wconf 85' lang='lat' dir='ltr'><strong>IN</strong></span> <span class='ocrx_word' id='word_1_4' title='bbox 1740 512 1975 580; x_wconf 68' lang='lat' dir='ltr'><strong>LUCAM</strong></span> <span class='ocrx_word' id='word_1_5' title='bbox 2012 516 2295 578; x_wconf 76' lang='lat' dir='ltr'><strong>HOMILIA</strong></span> <span class='ocrx_word' id='word_1_6' title='bbox 2332 516 2524 579; x_wconf 74' lang='lat' dir='ltr'><strong>XXVII</strong></span> 
     </span>
    </p>
   </div>
   <div class='ocr_carea' id='block_1_3' title="bbox 3583 530 3726 584">
    <p class='ocr_par' dir='ltr' id='par_1_3' title="bbox 3583 530 3726 584">
     <span class='ocr_line' id='line_1_3' title="bbox 3583 530 3726 584; baseline 0.007 -1"><span class='ocrx_word' id='word_1_7' title='bbox 3583 531 3604 583; x_wconf 81' lang='grc'><strong>1</strong></span> <span class='ocrx_word' id='word_1_8' title='bbox 3615 530 3726 584; x_wconf 57' lang='grc'><strong>8⁸11</strong></span> 
     </span>
    </p>
   </div>
   <div class='ocr_carea' id='block_1_4' title="bbox 473 637 3723 712">
    <p class='ocr_par' dir='ltr' id='par_1_4' title="bbox 473 637 3723 712">
     <span class='ocr_line' id='line_1_4' title="bbox 473 637 3723 712; baseline -0.001 -14"><span class='ocrx_word' id='word_1_9' title='bbox 473 644 570 699; x_wconf 70' lang='lat' dir='ltr'><strong>leae</strong></span> <span class='ocrx_word' id='word_1_10' title='bbox 610 645 716 698; x_wconf 87' lang='lat' dir='ltr'><strong>huc</strong></span> <span class='ocrx_word' id='word_1_11' title='bbox 765 642 1001 712; x_wconf 84' lang='lat' dir='ltr'><strong>illucque</strong></span> <span class='ocrx_word' id='word_1_12' title='bbox 1049 641 1360 711; x_wconf 63' lang='lat' dir='ltr'><strong>rapiantur,</strong></span> <span class='ocrx_word' id='word_1_13' title='bbox 1411 654 1573 712; x_wconf 80' lang='lat' dir='ltr'><strong>grave</strong></span> <span class='ocrx_word' id='word_1_14' title='bbox 1620 655 1749 694; x_wconf 89' lang='lat' dir='ltr'><strong>vero</strong></span> <span class='ocrx_word' id='word_1_15' title='bbox 1801 641 2038 694; x_wconf 85' lang='lat' dir='ltr'><strong>triticum</strong></span> <span class='ocrx_word' id='word_1_16' title='bbox 2073 647 2115 699; x_wconf 76' lang='grc' dir='ltr'>Α</span> <span class='ocrx_word' id='word_1_17' title='bbox 2145 637 2290 703; x_wconf 84' lang='lat' dir='ltr'><strong>licat,</strong></span> <span class='ocrx_word' id='word_1_18' title='bbox 2326 638 2513 694; x_wconf 89' lang='lat' dir='ltr'><strong>dicens</strong></span> <span class='ocrx_word' id='word_1_19' title='bbox 2549 658 2562 693; x_wconf 91' lang='lat'><strong>:</strong></span> <span class='ocrx_word' id='word_1_20' title='bbox 2601 637 2774 692; x_wconf 76' lang='lat' dir='ltr'><strong>Multa</strong></span> <span class='ocrx_word' id='word_1_21' title='bbox 2820 640 3028 709; x_wconf 81' lang='lat' dir='ltr'><strong>quidem</strong></span> <span class='ocrx_word' id='word_1_22' title='bbox 3068 649 3118 693; x_wconf 84' lang='lat' dir='ltr'><strong>et</strong></span> <span class='ocrx_word' id='word_1_23' title='bbox 3158 641 3267 694; x_wconf 76' lang='lat' dir='ltr'><strong>alia</strong></span> <span class='ocrx_word' id='word_1_24' title='bbox 3309 642 3589 695; x_wconf 68' lang='lat' dir='ltr'><strong>exhortans</strong></span> <span class='ocrx_word' id='word_1_25' title='bbox 3625 660 3723 696; x_wconf 84' lang='lat' dir='ltr'><strong>an-</strong></span> 
     </span>
    </p>
   </div>
   <div class='ocr_carea' id='block_1_5' title="bbox 470 735 2045 805">
    <p class='ocr_par' dir='ltr' id='par_1_5' title="bbox 470 735 2045 805">
     <span class='ocr_line' id='line_1_5' title="bbox 470 735 2045 805; baseline -0.004 -12"><span class='ocrx_word' id='word_1_26' title='bbox 470 738 527 793; x_wconf 69' lang='lat' dir='ltr'><strong>isi</strong></span> <span class='ocrx_word' id='word_1_27' title='bbox 554 752 725 793; x_wconf 83' lang='lat' dir='ltr'><strong>unum</strong></span> <span class='ocrx_word' id='word_1_28' title='bbox 752 735 1026 791; x_wconf 72' lang='lat' dir='ltr'><strong>deferatur</strong></span> <span class='ocrx_word' id='word_1_29' title='bbox 1051 735 1251 801; x_wconf 88' lang='lat' dir='ltr'><strong>locum,</strong></span> <span class='ocrx_word' id='word_1_30' title='bbox 1279 750 1452 805; x_wconf 87' lang='lat' dir='ltr'><strong>neque</strong></span> <span class='ocrx_word' id='word_1_31' title='bbox 1482 735 1626 790; x_wconf 89' lang='lat' dir='ltr'><strong>enim</strong></span> <span class='ocrx_word' id='word_1_32' title='bbox 1652 735 1856 804; x_wconf 85' lang='lat' dir='ltr'><strong>absque</strong></span> <span class='ocrx_word' id='word_1_33' title='bbox 1883 744 2045 787; x_wconf 85' lang='lat' dir='ltr'><strong>vento</strong></span> 
     </span>
    </p>
   </div>
   <div class='ocr_carea' id='block_1_6' title="bbox 468 825 2042 898">
    <p class='ocr_par' dir='ltr' id='par_1_6' title="bbox 468 825 2042 898">
     <span class='ocr_line' id='line_1_6' title="bbox 468 825 2042 898; baseline -0.004 -16"><span class='ocrx_word' id='word_1_34' title='bbox 468 838 701 898; x_wconf 77' lang='lat' dir='ltr'><strong>possunt</strong></span> <span class='ocrx_word' id='word_1_35' title='bbox 730 827 968 883; x_wconf 90' lang='lat' dir='ltr'><strong>triticum</strong></span> <span class='ocrx_word' id='word_1_36' title='bbox 1002 834 1052 880; x_wconf 90' lang='lat' dir='ltr'><strong>et</strong></span> <span class='ocrx_word' id='word_1_37' title='bbox 1091 825 1258 895; x_wconf 71' lang='lat' dir='ltr'><strong>palea:</strong></span> <span class='ocrx_word' id='word_1_38' title='bbox 1280 827 1556 896; x_wconf 86' lang='lat' dir='ltr'><strong>separari;</strong></span> <span class='ocrx_word' id='word_1_39' title='bbox 1587 827 1839 883; x_wconf 75' lang='lat' dir='ltr'><strong>existimo</strong></span> <span class='ocrx_word' id='word_1_40' title='bbox 1868 833 2042 880; x_wconf 89' lang='lat' dir='ltr'><strong>lenta-</strong></span> 
     </span>
    </p>
   </div>
   <div class='ocr_carea' id='block_1_7' title="bbox 468 915 3692 1074">
    <p class='ocr_par' dir='ltr' id='par_1_7' title="bbox 468 915 3692 1074">
     <span class='ocr_line' id='line_1_7' title="bbox 468 915 3692 989; baseline -0 -17"><span class='ocrx_word' id='word_1_41' title='bbox 468 919 648 974; x_wconf 82' lang='lat' dir='ltr'><strong>tiones</strong></span> <span class='ocrx_word' id='word_1_42' title='bbox 683 933 787 988; x_wconf 74' lang='lat' dir='ltr'><strong>pro</strong></span> <span class='ocrx_word' id='word_1_43' title='bbox 817 926 980 971; x_wconf 87' lang='lat' dir='ltr'><strong>vento</strong></span> <span class='ocrx_word' id='word_1_44' title='bbox 1018 915 1263 983; x_wconf 69' lang='lat' dir='ltr'><strong>intelligi,</strong></span> <span class='ocrx_word' id='word_1_45' title='bbox 1293 932 1413 986; x_wconf 78' lang='lat' dir='ltr'><strong>qua:</strong></span> <span class='ocrx_word' id='word_1_46' title='bbox 1445 916 1675 972; x_wconf 88' lang='lat' dir='ltr'><strong>confuso</strong></span> <span class='ocrx_word' id='word_1_47' title='bbox 1705 916 2101 989; x_wconf 28' lang='lat' dir='ltr'><strong>credentium!</strong></span> <span class='ocrx_word' id='word_1_48' title='bbox 2144 915 2485 965; x_wconf 78' lang='lat' dir='ltr'><strong>considerate</strong></span> <span class='ocrx_word' id='word_1_49' title='bbox 2526 921 2730 980; x_wconf 84' lang='lat' dir='ltr'><strong>quanta</strong></span> <span class='ocrx_word' id='word_1_50' title='bbox 2782 915 2984 968; x_wconf 76' lang='lat' dir='ltr'><strong>fuerint</strong></span> <span class='ocrx_word' id='word_1_51' title='bbox 3027 929 3149 983; x_wconf 77' lang='lat' dir='ltr'><strong>qua:</strong></span> <span class='ocrx_word' id='word_1_52' title='bbox 3195 916 3523 970; x_wconf 89' lang='lat' dir='ltr'><strong>annuntiant</strong></span> <span class='ocrx_word' id='word_1_53' title='bbox 3562 917 3692 971; x_wconf 91' lang='lat' dir='ltr'><strong>Chri</strong></span> 
     </span>
     <span class='ocr_line' id='line_1_8' title="bbox 469 980 3692 1074; baseline 0 -10"><span class='ocrx_word' id='word_1_54' title='bbox 469 1024 701 1071; x_wconf 78' lang='lat' dir='ltr'><strong>acervo,</strong></span> <span class='ocrx_word' id='word_1_55' title='bbox 744 1008 882 1064; x_wconf 81' lang='lat' dir='ltr'><strong>alios</strong></span> <span class='ocrx_word' id='word_1_56' title='bbox 924 1008 1128 1074; x_wconf 87' lang='lat' dir='ltr'><strong>paleas,</strong></span> <span class='ocrx_word' id='word_1_57' title='bbox 1176 1007 1315 1064; x_wconf 88' lang='lat' dir='ltr'><strong>alios</strong></span> <span class='ocrx_word' id='word_1_58' title='bbox 1358 1008 1597 1064; x_wconf 76' lang='lat' dir='ltr'><strong>triticum</strong></span> <span class='ocrx_word' id='word_1_59' title='bbox 1646 1023 1770 1063; x_wconf 82' lang='lat' dir='ltr'><strong>esse</strong></span> <span class='ocrx_word' id='word_1_60' title='bbox 1817 1007 2043 1062; x_wconf 77' lang='lat' dir='ltr'><strong>denion-</strong></span> <span class='ocrx_word' id='word_1_61' title='bbox 2092 980 2310 1054; x_wconf 26' lang='lat' dir='ltr'><strong>istum.</strong></span> <span class='ocrx_word' id='word_1_62' title='bbox 2350 998 2671 1057; x_wconf 73' lang='lat' dir='ltr'><strong>Monstravit</strong></span> <span class='ocrx_word' id='word_1_63' title='bbox 2698 1004 2843 1057; x_wconf 86' lang='lat' dir='ltr'><strong>enim</strong></span> <span class='ocrx_word' id='word_1_64' title='bbox 2885 1004 3217 1074; x_wconf 78' lang='lat' dir='ltr'><strong>baptisnmm</strong></span> <span class='ocrx_word' id='word_1_65' title='bbox 3259 1005 3494 1074; x_wconf 78' lang='lat' dir='ltr'><strong>Spiritus</strong></span> <span class='ocrx_word' id='word_1_66' title='bbox 3521 1010 3692 1063; x_wconf 84' lang='lat' dir='ltr'><strong>sancti</strong></span> 
     </span>
    </p>
   </div>
   <div class='ocr_carea' id='block_1_8' title="bbox 2198 1017 3720 1075">
    <p class='ocr_par' dir='ltr' id='par_1_8' title="bbox 2198 1017 3720 1075">
     <span class='ocr_line' id='line_1_9' title="bbox 2198 1017 3720 1075; baseline 0.007 -22"><span class='ocrx_word' id='word_1_67' title='bbox 2198 1017 2310 1053; x_wconf 90' lang='lat' dir='ltr'><strong>um.</strong></span> <span class='ocrx_word' id='word_1_68' title='bbox 2350 1017 2671 1057; x_wconf 68' lang='grc' dir='ltr'><strong>ιιοηεινίιγιι</strong></span> <span class='ocrx_word' id='word_1_69' title='bbox 2698 1018 2843 1057; x_wconf 84' lang='lat' dir='ltr'><strong>enim</strong></span> <span class='ocrx_word' id='word_1_70' title='bbox 2888 1017 3217 1074; x_wconf 82' lang='lat' dir='ltr'><strong>baptismum</strong></span> <span class='ocrx_word' id='word_1_71' title='bbox 3259 1017 3494 1074; x_wconf 62' lang='lat' dir='ltr'><strong>spiritus</strong></span> <span class='ocrx_word' id='word_1_72' title='bbox 3521 1017 3720 1075; x_wconf 82' lang='lat' dir='ltr'><strong>sancti,</strong></span> 
     </span>
    </p>
   </div>
   <div class='ocr_carea' id='block_1_9' title="bbox 469 1007 2043 1078">
    <p class='ocr_par' dir='ltr' id='par_1_9' title="bbox 469 1007 2043 1078">
     <span class='ocr_line' id='line_1_10' title="bbox 469 1007 2043 1078; baseline -0.003 -14"><span class='ocrx_word' id='word_1_73' title='bbox 469 1024 701 1071; x_wconf 81' lang='lat' dir='ltr'><strong>acervo,</strong></span> <span class='ocrx_word' id='word_1_74' title='bbox 744 1008 882 1064; x_wconf 80' lang='lat' dir='ltr'><strong>alios</strong></span> <span class='ocrx_word' id='word_1_75' title='bbox 924 1008 1128 1078; x_wconf 86' lang='lat' dir='ltr'><strong>paleas,</strong></span> <span class='ocrx_word' id='word_1_76' title='bbox 1176 1007 1315 1064; x_wconf 88' lang='lat' dir='ltr'><strong>alios</strong></span> <span class='ocrx_word' id='word_1_77' title='bbox 1358 1008 1597 1064; x_wconf 76' lang='lat' dir='ltr'><strong>triticum</strong></span> <span class='ocrx_word' id='word_1_78' title='bbox 1646 1023 1770 1063; x_wconf 81' lang='lat' dir='ltr'><strong>esse</strong></span> <span class='ocrx_word' id='word_1_79' title='bbox 1817 1007 2043 1062; x_wconf 88' lang='lat' dir='ltr'><strong>demon-</strong></span> 
     </span>
    </p>
   </div>
   <div class='ocr_carea' id='block_1_10' title="bbox 469 1098 2043 1170">
    <p class='ocr_par' dir='ltr' id='par_1_10' title="bbox 469 1098 2043 1170">
     <span class='ocr_line' id='line_1_11' title="bbox 469 1098 2043 1170; baseline -0.003 -15"><span class='ocrx_word' id='word_1_80' title='bbox 469 1108 664 1155; x_wconf 85' lang='lat' dir='ltr'><strong>strant.</strong></span> <span class='ocrx_word' id='word_1_81' title='bbox 688 1099 831 1154; x_wconf 81' lang='lat' dir='ltr'><strong>Cum</strong></span> <span class='ocrx_word' id='word_1_82' title='bbox 861 1098 1007 1154; x_wconf 88' lang='lat' dir='ltr'><strong>enim</strong></span> <span class='ocrx_word' id='word_1_83' title='bbox 1041 1099 1223 1152; x_wconf 83' lang='lat' dir='ltr'><strong>anima</strong></span> <span class='ocrx_word' id='word_1_84' title='bbox 1266 1106 1356 1152; x_wconf 91' lang='lat' dir='ltr'><strong>tua</strong></span> <span class='ocrx_word' id='word_1_85' title='bbox 1387 1098 1546 1153; x_wconf 91' lang='lat' dir='ltr'><strong>fuerit</strong></span> <span class='ocrx_word' id='word_1_86' title='bbox 1578 1108 1632 1155; x_wconf 90' lang='lat' dir='ltr'><strong>et</strong></span> <span class='ocrx_word' id='word_1_87' title='bbox 1657 1100 1839 1170; x_wconf 91' lang='lat' dir='ltr'><strong>aliqua</strong></span> <span class='ocrx_word' id='word_1_88' title='bbox 1870 1108 2043 1153; x_wconf 87' lang='lat' dir='ltr'><strong>tenta-</strong></span> 
     </span>
    </p>
   </div>
   <div class='ocr_carea' id='block_1_11' title="bbox 468 1189 2038 1261">
    <p class='ocr_par' dir='ltr' id='par_1_11' title="bbox 468 1189 2038 1261">
     <span class='ocr_line' id='line_1_12' title="bbox 468 1189 2038 1261; baseline -0.001 -17"><span class='ocrx_word' id='word_1_89' title='bbox 468 1191 613 1245; x_wconf 88' lang='lat' dir='ltr'><strong>tionc</strong></span> <span class='ocrx_word' id='word_1_90' title='bbox 641 1200 916 1260; x_wconf 86' lang='lat' dir='ltr'><strong>superata,</strong></span> <span class='ocrx_word' id='word_1_91' title='bbox 950 1204 1058 1243; x_wconf 92' lang='lat' dir='ltr'><strong>non</strong></span> <span class='ocrx_word' id='word_1_92' title='bbox 1095 1189 1321 1243; x_wconf 87' lang='lat' dir='ltr'><strong>tentatio</strong></span> <span class='ocrx_word' id='word_1_93' title='bbox 1354 1200 1405 1244; x_wconf 86' lang='lat' dir='ltr'><strong>te</strong></span> <span class='ocrx_word' id='word_1_94' title='bbox 1434 1191 1591 1244; x_wconf 90' lang='lat' dir='ltr'><strong>vertit</strong></span> <span class='ocrx_word' id='word_1_95' title='bbox 1616 1190 1670 1244; x_wconf 93' lang='lat' dir='ltr'><strong>in</strong></span> <span class='ocrx_word' id='word_1_96' title='bbox 1698 1191 1913 1261; x_wconf 88' lang='lat' dir='ltr'><strong>paleas;</strong></span> <span class='ocrx_word' id='word_1_97' title='bbox 1947 1189 2038 1244; x_wconf 90' lang='lat' dir='ltr'><strong>sed</strong></span> 
     </span>
    </p>
   </div>
   <div class='ocr_carea' id='block_1_12' title="bbox 466 1280 2041 1352">
    <p class='ocr_par' dir='ltr' id='par_1_12' title="bbox 466 1280 2041 1352">
     <span class='ocr_line' id='line_1_13' title="bbox 466 1280 2041 1352; baseline -0.001 -16"><span class='ocrx_word' id='word_1_98' title='bbox 466 1298 590 1337; x_wconf 81' lang='lat' dir='ltr'><strong>cum</strong></span> <span class='ocrx_word' id='word_1_99' title='bbox 621 1298 772 1338; x_wconf 81' lang='lat' dir='ltr'><strong>esses</strong></span> <span class='ocrx_word' id='word_1_100' title='bbox 798 1282 971 1352; x_wconf 85' lang='lat' dir='ltr'><strong>palea,</strong></span> <span class='ocrx_word' id='word_1_101' title='bbox 1003 1281 1138 1336; x_wconf 86' lang='lat' dir='ltr'><strong>levis</strong></span> <span class='ocrx_word' id='word_1_102' title='bbox 1161 1280 1407 1337; x_wconf 81' lang='lat' dir='ltr'><strong>videlicet</strong></span> <span class='ocrx_word' id='word_1_103' title='bbox 1427 1291 1480 1336; x_wconf 91' lang='lat' dir='ltr'><strong>et</strong></span> <span class='ocrx_word' id='word_1_104' title='bbox 1505 1282 1836 1349; x_wconf 90' lang='lat' dir='ltr'><strong>incredulus,</strong></span> <span class='ocrx_word' id='word_1_105' title='bbox 1864 1293 2041 1337; x_wconf 84' lang='lat' dir='ltr'><strong>osten-</strong></span> 
     </span>
    </p>
   </div>
   <div class='ocr_carea' id='block_1_13' title="bbox 464 1374 2035 1444">
    <p class='ocr_par' dir='ltr' id='par_1_13' title="bbox 464 1374 2035 1444">
     <span class='ocr_line' id='line_1_14' title="bbox 464 1374 2035 1444; baseline -0.002 -14"><span class='ocrx_word' id='word_1_106' title='bbox 464 1375 545 1430; x_wconf 92' lang='lat' dir='ltr'><strong>dit</strong></span> <span class='ocrx_word' id='word_1_107' title='bbox 574 1384 624 1429; x_wconf 90' lang='lat' dir='ltr'><strong>te</strong></span> <span class='ocrx_word' id='word_1_108' title='bbox 650 1389 771 1430; x_wconf 87' lang='lat' dir='ltr'><strong>esse</strong></span> <span class='ocrx_word' id='word_1_109' title='bbox 800 1374 1025 1430; x_wconf 78' lang='lat' dir='ltr'><strong>tentatio</strong></span> <span class='ocrx_word' id='word_1_110' title='bbox 1053 1374 1199 1444; x_wconf 87' lang='lat' dir='ltr'><strong>quod</strong></span> <span class='ocrx_word' id='word_1_111' title='bbox 1244 1376 1470 1430; x_wconf 83' lang='lat' dir='ltr'><strong>latebas.</strong></span> <span class='ocrx_word' id='word_1_112' title='bbox 1506 1374 1822 1430; x_wconf 85' lang='lat' dir='ltr'><strong>Eeontrario</strong></span> <span class='ocrx_word' id='word_1_113' title='bbox 1854 1385 2035 1429; x_wconf 87' lang='lat' dir='ltr'><strong>autem</strong></span> 
     </span>
    </p>
   </div>
   <div class='ocr_carea' id='block_1_14' title="bbox 462 1463 2033 1531">
    <p class='ocr_par' dir='ltr' id='par_1_14' title="bbox 462 1463 2033 1531">
     <span class='ocr_line' id='line_1_15' title="bbox 462 1463 2033 1531; baseline 0 -12"><span class='ocrx_word' id='word_1_114' title='bbox 462 1480 588 1519; x_wconf 91' lang='lat' dir='ltr'><strong>cum</strong></span> <span class='ocrx_word' id='word_1_115' title='bbox 619 1463 830 1521; x_wconf 80' lang='lat' dir='ltr'><strong>fortiter</strong></span> <span class='ocrx_word' id='word_1_116' title='bbox 854 1472 1183 1518; x_wconf 87' lang='lat' dir='ltr'><strong>tentamenta</strong></span> <span class='ocrx_word' id='word_1_117' title='bbox 1214 1463 1432 1531; x_wconf 86' lang='lat' dir='ltr'><strong>toleras,</strong></span> <span class='ocrx_word' id='word_1_118' title='bbox 1456 1481 1564 1520; x_wconf 85' lang='lat' dir='ltr'><strong>non</strong></span> <span class='ocrx_word' id='word_1_119' title='bbox 1596 1474 1647 1520; x_wconf 91' lang='lat' dir='ltr'><strong>te</strong></span> <span class='ocrx_word' id='word_1_120' title='bbox 1672 1464 1800 1521; x_wconf 84' lang='lat' dir='ltr'><strong>facit</strong></span> <span class='ocrx_word' id='word_1_121' title='bbox 1827 1465 2033 1520; x_wconf 77' lang='lat' dir='ltr'><strong>ﬁdelem</strong></span> 
     </span>
    </p>
   </div>
   <div class='ocr_carea' id='block_1_15' title="bbox 463 1554 2036 1628">
    <p class='ocr_par' dir='ltr' id='par_1_15' title="bbox 463 1554 2036 1628">
     <span class='ocr_line' id='line_1_16' title="bbox 463 1554 2036 1628; baseline 0.001 -18"><span class='ocrx_word' id='word_1_122' title='bbox 463 1556 709 1620; x_wconf 86' lang='lat' dir='ltr'><strong>tentatio,</strong></span> <span class='ocrx_word' id='word_1_123' title='bbox 744 1565 906 1625; x_wconf 88' lang='lat' dir='ltr'><strong>atque</strong></span> <span class='ocrx_word' id='word_1_124' title='bbox 952 1554 1269 1625; x_wconf 79' lang='lat' dir='ltr'><strong>patientem,</strong></span> <span class='ocrx_word' id='word_1_125' title='bbox 1303 1556 1398 1611; x_wconf 87' lang='lat' dir='ltr'><strong>sed</strong></span> <span class='ocrx_word' id='word_1_126' title='bbox 1442 1557 1716 1623; x_wconf 76' lang='lat' dir='ltr'><strong>virtutem,</strong></span> <span class='ocrx_word' id='word_1_127' title='bbox 1749 1573 1869 1628; x_wconf 77' lang='lat' dir='ltr'><strong>quae</strong></span> <span class='ocrx_word' id='word_1_128' title='bbox 1896 1558 1949 1611; x_wconf 92' lang='lat' dir='ltr'><strong>in</strong></span> <span class='ocrx_word' id='word_1_129' title='bbox 1986 1567 2036 1612; x_wconf 88' lang='lat' dir='ltr'><strong>te</strong></span> 
     </span>
    </p>
   </div>
   <div class='ocr_carea' id='block_1_16' title="bbox 459 1645 2034 1720">
    <p class='ocr_par' dir='ltr' id='par_1_16' title="bbox 459 1645 2034 1720">
     <span class='ocr_line' id='line_1_17' title="bbox 459 1645 2034 1720; baseline 0.003 -20"><span class='ocrx_word' id='word_1_130' title='bbox 459 1657 595 1708; x_wconf 87' lang='lat' dir='ltr'><strong>erat.</strong></span> <span class='ocrx_word' id='word_1_131' title='bbox 635 1647 904 1716; x_wconf 79' lang='lat' dir='ltr'><strong>patientiae</strong></span> <span class='ocrx_word' id='word_1_132' title='bbox 927 1654 981 1702; x_wconf 88' lang='lat' dir='ltr'><strong>et</strong></span> <span class='ocrx_word' id='word_1_133' title='bbox 1004 1645 1369 1714; x_wconf 88' lang='lat' dir='ltr'><strong>fortitudinis,</strong></span> <span class='ocrx_word' id='word_1_134' title='bbox 1401 1656 1454 1702; x_wconf 90' lang='lat' dir='ltr'><strong>et</strong></span> <span class='ocrx_word' id='word_1_135' title='bbox 1484 1647 1704 1714; x_wconf 85' lang='lat' dir='ltr'><strong>latebat,</strong></span> <span class='ocrx_word' id='word_1_136' title='bbox 1740 1648 1945 1720; x_wconf 86' lang='lat' dir='ltr'><strong>profert</strong></span> <span class='ocrx_word' id='word_1_137' title='bbox 1978 1649 2034 1704; x_wconf 85' lang='lat' dir='ltr'><strong>in</strong></span> 
     </span>
    </p>
   </div>
   <div class='ocr_carea' id='block_1_17' title="bbox 460 1737 2033 1805">
    <p class='ocr_par' dir='ltr' id='par_1_17' title="bbox 460 1737 2033 1805">
     <span class='ocr_line' id='line_1_18' title="bbox 460 1737 2033 1805; baseline 0.003 -17"><span class='ocrx_word' id='word_1_138' title='bbox 460 1738 718 1791; x_wconf 79' lang='lat' dir='ltr'><strong>medium.</strong></span> <span class='ocrx_word' id='word_1_139' title='bbox 749 1737 919 1792; x_wconf 81' lang='lat' dir='ltr'><strong>Putas</strong></span> <span class='ocrx_word' id='word_1_140' title='bbox 961 1739 1120 1804; x_wconf 86' lang='lat' dir='ltr'><strong>enim,</strong></span> <span class='ocrx_word' id='word_1_141' title='bbox 1169 1739 1246 1793; x_wconf 88' lang='lat' dir='ltr'><strong>ait</strong></span> <span class='ocrx_word' id='word_1_142' title='bbox 1278 1738 1564 1805; x_wconf 89' lang='lat' dir='ltr'><strong>Dominus,</strong></span> <span class='ocrx_word' id='word_1_143' title='bbox 1610 1739 1768 1794; x_wconf 81' lang='lat' dir='ltr'><strong>aliter</strong></span> <span class='ocrx_word' id='word_1_144' title='bbox 1813 1757 1892 1794; x_wconf 87' lang='lat' dir='ltr'><strong>me</strong></span> <span class='ocrx_word' id='word_1_145' title='bbox 1937 1740 2033 1795; x_wconf 86' lang='lat' dir='ltr'><strong>tibi</strong></span> 
     </span>
    </p>
   </div>
   <div class='ocr_carea' id='block_1_18' title="bbox 455 1826 2027 1899">
    <p class='ocr_par' dir='ltr' id='par_1_18' title="bbox 455 1826 2027 1899">
     <span class='ocr_line' id='line_1_19' title="bbox 455 1826 2027 1899; baseline 0.004 -21"><span class='ocrx_word' id='word_1_146' title='bbox 455 1826 688 1880; x_wconf 84' lang='lat' dir='ltr'><strong>locutum</strong></span> <span class='ocrx_word' id='word_1_147' title='bbox 732 1828 903 1898; x_wconf 80' lang='lat' dir='ltr'><strong>fuisse</strong></span> <span class='ocrx_word' id='word_1_148' title='bbox 947 1845 1106 1899; x_wconf 84' lang='lat' dir='ltr'><strong>quant</strong></span> <span class='ocrx_word' id='word_1_149' title='bbox 1152 1838 1209 1882; x_wconf 91' lang='lat' dir='ltr'><strong>ut</strong></span> <span class='ocrx_word' id='word_1_150' title='bbox 1252 1846 1462 1898; x_wconf 71' lang='lat' dir='ltr'><strong>parens</strong></span> <span class='ocrx_word' id='word_1_151' title='bbox 1500 1831 1726 1898; x_wconf 76' lang='lat' dir='ltr'><strong>justus?</strong></span> <span class='ocrx_word' id='word_1_152' title='bbox 1755 1830 1819 1886; x_wconf 87' lang='lat' dir='ltr'><strong>Et</strong></span> <span class='ocrx_word' id='word_1_153' title='bbox 1853 1832 2027 1886; x_wconf 81' lang='lat' dir='ltr'><strong>alibi:</strong></span> 
     </span>
    </p>
   </div>
   <div class='ocr_carea' id='block_1_19' title="bbox 453 1918 2030 1997">
    <p class='ocr_par' dir='ltr' id='par_1_19' title="bbox 453 1918 2030 1997">
     <span class='ocr_line' id='line_1_20' title="bbox 453 1918 2030 1997; baseline 0.006 -26"><span class='ocrx_word' id='word_1_154' title='bbox 453 1918 632 1988; x_wconf 66' lang='lat' dir='ltr'><strong>Aﬂlia&#39;i</strong></span> <span class='ocrx_word' id='word_1_155' title='bbox 664 1928 730 1985; x_wconf 90' lang='lat' dir='ltr'><strong>te,</strong></span> <span class='ocrx_word' id='word_1_156' title='bbox 760 1930 809 1973; x_wconf 85' lang='lat' dir='ltr'><strong>et</strong></span> <span class='ocrx_word' id='word_1_157' title='bbox 843 1921 997 1990; x_wconf 65' lang='lat' dir='ltr'><strong>a/feci</strong></span> <span class='ocrx_word' id='word_1_158' title='bbox 1021 1923 1263 1991; x_wconf 88' lang='lat' dir='ltr'><strong>penuria,</strong></span> <span class='ocrx_word' id='word_1_159' title='bbox 1293 1933 1350 1976; x_wconf 89' lang='lat' dir='ltr'><strong>ut</strong></span> <span class='ocrx_word' id='word_1_160' title='bbox 1379 1924 1659 1993; x_wconf 80' lang='lat' dir='ltr'><strong>manifesta</strong></span> <span class='ocrx_word' id='word_1_161' title='bbox 1684 1926 1887 1995; x_wconf 80' lang='lat' dir='ltr'><strong>ﬁerent,</strong></span> <span class='ocrx_word' id='word_1_162' title='bbox 1913 1943 2030 1997; x_wconf 78' lang='lat' dir='ltr'><strong>qua:</strong></span> 
     </span>
    </p>
   </div>
   <div class='ocr_carea' id='block_1_20' title="bbox 448 2009 2027 2087">
    <p class='ocr_par' dir='ltr' id='par_1_20' title="bbox 448 2009 2027 2087">
     <span class='ocr_line' id='line_1_21' title="bbox 448 2009 2027 2087; baseline 0.006 -25"><span class='ocrx_word' id='word_1_163' title='bbox 448 2009 687 2063; x_wconf 83' lang='lat' dir='ltr'><strong>erantin</strong></span> <span class='ocrx_word' id='word_1_164' title='bbox 732 2011 888 2065; x_wconf 87' lang='lat' dir='ltr'><strong>corde</strong></span> <span class='ocrx_word' id='word_1_165' title='bbox 935 2022 1046 2067; x_wconf 90' lang='lat' dir='ltr'><strong>tuo.</strong></span> <span class='ocrx_word' id='word_1_166' title='bbox 1080 2012 1139 2067; x_wconf 85' lang='lat' dir='ltr'><strong>In</strong></span> <span class='ocrx_word' id='word_1_167' title='bbox 1190 2013 1336 2068; x_wconf 90' lang='lat' dir='ltr'><strong>hunc</strong></span> <span class='ocrx_word' id='word_1_168' title='bbox 1376 2016 1596 2070; x_wconf 87' lang='lat' dir='ltr'><strong>modum</strong></span> <span class='ocrx_word' id='word_1_169' title='bbox 1640 2026 1695 2071; x_wconf 91' lang='lat' dir='ltr'><strong>et</strong></span> <span class='ocrx_word' id='word_1_170' title='bbox 1736 2026 2027 2087; x_wconf 90' lang='lat' dir='ltr'><strong>tempestas</strong></span> 
     </span>
    </p>
   </div>
   <div class='ocr_carea' id='block_1_21' title="bbox 451 2101 2027 2174">
    <p class='ocr_par' dir='ltr' id='par_1_21' title="bbox 451 2101 2027 2174">
     <span class='ocr_line' id='line_1_22' title="bbox 451 2101 2027 2174; baseline 0.005 -20"><span class='ocrx_word' id='word_1_171' title='bbox 451 2116 560 2155; x_wconf 91' lang='lat' dir='ltr'><strong>non</strong></span> <span class='ocrx_word' id='word_1_172' title='bbox 605 2101 735 2157; x_wconf 81' lang='lat' dir='ltr'><strong>facit</strong></span> <span class='ocrx_word' id='word_1_173' title='bbox 775 2119 938 2174; x_wconf 85' lang='lat' dir='ltr'><strong>super</strong></span> <span class='ocrx_word' id='word_1_174' title='bbox 990 2118 1209 2159; x_wconf 90' lang='lat' dir='ltr'><strong>arenam</strong></span> <span class='ocrx_word' id='word_1_175' title='bbox 1259 2104 1547 2160; x_wconf 77' lang='lat' dir='ltr'><strong>aedilicium</strong></span> <span class='ocrx_word' id='word_1_176' title='bbox 1585 2107 1904 2173; x_wconf 77' lang='lat' dir='ltr'><strong>consistere,</strong></span> <span class='ocrx_word' id='word_1_177' title='bbox 1934 2108 2027 2163; x_wconf 84' lang='lat' dir='ltr'><strong>sed</strong></span> 
     </span>
    </p>
   </div>
   <div class='ocr_carea' id='block_1_22' title="bbox 445 2193 2028 2269">
    <p class='ocr_par' dir='ltr' id='par_1_22' title="bbox 445 2193 2028 2269">
     <span class='ocr_line' id='line_1_23' title="bbox 445 2193 2028 2269; baseline 0.003 -21"><span class='ocrx_word' id='word_1_178' title='bbox 445 2207 615 2262; x_wconf 82' lang='lat' dir='ltr'><strong>super</strong></span> <span class='ocrx_word' id='word_1_179' title='bbox 636 2202 858 2249; x_wconf 86' lang='lat' dir='ltr'><strong>terram.</strong></span> <span class='ocrx_word' id='word_1_180' title='bbox 879 2193 1011 2262; x_wconf 80' lang='lat' dir='ltr'><strong>Quae</strong></span> <span class='ocrx_word' id='word_1_181' title='bbox 1036 2210 1161 2250; x_wconf 90' lang='lat' dir='ltr'><strong>cum</strong></span> <span class='ocrx_word' id='word_1_182' title='bbox 1194 2194 1358 2251; x_wconf 84' lang='lat' dir='ltr'><strong>fuerit</strong></span> <span class='ocrx_word' id='word_1_183' title='bbox 1383 2204 1595 2265; x_wconf 83' lang='lat' dir='ltr'><strong>exorta,</strong></span> <span class='ocrx_word' id='word_1_184' title='bbox 1621 2197 1670 2251; x_wconf 88' lang='lat' dir='ltr'><strong>id</strong></span> <span class='ocrx_word' id='word_1_185' title='bbox 1695 2200 1840 2269; x_wconf 90' lang='lat' dir='ltr'><strong>quod</strong></span> <span class='ocrx_word' id='word_1_186' title='bbox 1865 2216 2028 2269; x_wconf 89' lang='lat' dir='ltr'><strong>super</strong></span> 
     </span>
    </p>
   </div>
   <div class='ocr_carea' id='block_1_23' title="bbox 447 2283 2028 2362">
    <p class='ocr_par' dir='ltr' id='par_1_23' title="bbox 447 2283 2028 2362">
     <span class='ocr_line' id='line_1_24' title="bbox 447 2283 2028 2362; baseline 0.006 -24"><span class='ocrx_word' id='word_1_187' title='bbox 447 2294 649 2340; x_wconf 85' lang='lat' dir='ltr'><strong>terram</strong></span> <span class='ocrx_word' id='word_1_188' title='bbox 682 2283 965 2341; x_wconf 89' lang='lat' dir='ltr'><strong>fundatum</strong></span> <span class='ocrx_word' id='word_1_189' title='bbox 994 2296 1097 2354; x_wconf 86' lang='lat' dir='ltr'><strong>est,</strong></span> <span class='ocrx_word' id='word_1_190' title='bbox 1128 2303 1235 2343; x_wconf 89' lang='lat' dir='ltr'><strong>non</strong></span> <span class='ocrx_word' id='word_1_191' title='bbox 1260 2300 1469 2347; x_wconf 87' lang='lat' dir='ltr'><strong>evertet</strong></span> <span class='ocrx_word' id='word_1_192' title='bbox 1494 2312 1508 2346; x_wconf 89' lang='lat'><strong>:</strong></span> <span class='ocrx_word' id='word_1_193' title='bbox 1539 2292 1685 2362; x_wconf 91' lang='lat' dir='ltr'><strong>quod</strong></span> <span class='ocrx_word' id='word_1_194' title='bbox 1714 2307 1844 2347; x_wconf 89' lang='lat' dir='ltr'><strong>vero</strong></span> <span class='ocrx_word' id='word_1_195' title='bbox 1866 2308 2028 2362; x_wconf 87' lang='lat' dir='ltr'><strong>super</strong></span> 
     </span>
    </p>
   </div>
   <div class='ocr_carea' id='block_1_24' title="bbox 445 2375 2027 2449">
    <p class='ocr_par' dir='ltr' id='par_1_24' title="bbox 445 2375 2027 2449">
     <span class='ocr_line' id='line_1_25' title="bbox 445 2375 2027 2449; baseline 0.006 -19"><span class='ocrx_word' id='word_1_196' title='bbox 445 2390 669 2431; x_wconf 86' lang='lat' dir='ltr'><strong>arenam</strong></span> <span class='ocrx_word' id='word_1_197' title='bbox 704 2375 951 2444; x_wconf 76' lang='lat' dir='ltr'><strong>ﬂuctuat,</strong></span> <span class='ocrx_word' id='word_1_198' title='bbox 986 2379 1181 2449; x_wconf 89' lang='lat' dir='ltr'><strong>probat</strong></span> <span class='ocrx_word' id='word_1_199' title='bbox 1220 2380 1365 2437; x_wconf 90' lang='lat' dir='ltr'><strong>illico</strong></span> <span class='ocrx_word' id='word_1_200' title='bbox 1405 2398 1509 2437; x_wconf 87' lang='lat' dir='ltr'><strong>non</strong></span> <span class='ocrx_word' id='word_1_201' title='bbox 1542 2382 1678 2438; x_wconf 86' lang='lat' dir='ltr'><strong>bene</strong></span> <span class='ocrx_word' id='word_1_202' title='bbox 1711 2382 1881 2439; x_wconf 90' lang='lat' dir='ltr'><strong>fuisse</strong></span> <span class='ocrx_word' id='word_1_203' title='bbox 1910 2383 2027 2439; x_wconf 90' lang='lat' dir='ltr'><strong>lun-</strong></span> 
     </span>
    </p>
   </div>
   <div class='ocr_carea' id='block_1_25' title="bbox 440 2465 2022 2546">
    <p class='ocr_par' dir='ltr' id='par_1_25' title="bbox 440 2465 2022 2546">
     <span class='ocr_line' id='line_1_26' title="bbox 440 2465 2022 2546; baseline 0.006 -25"><span class='ocrx_word' id='word_1_204' title='bbox 440 2465 654 2525; x_wconf 84' lang='lat' dir='ltr'><strong>datum.</strong></span> <span class='ocrx_word' id='word_1_205' title='bbox 697 2468 1041 2542; x_wconf 84' lang='lat' dir='ltr'><strong>Quapropter</strong></span> <span class='ocrx_word' id='word_1_206' title='bbox 1099 2482 1390 2544; x_wconf 87' lang='lat' dir='ltr'><strong>antequam</strong></span> <span class='ocrx_word' id='word_1_207' title='bbox 1442 2475 1651 2530; x_wconf 84' lang='lat' dir='ltr'><strong>oriatur</strong></span> <span class='ocrx_word' id='word_1_208' title='bbox 1700 2485 2022 2546; x_wconf 88' lang='lat' dir='ltr'><strong>tempestas,</strong></span> 
     </span>
    </p>
   </div>
   <div class='ocr_carea' id='block_1_26' title="bbox 440 2563 2021 2637">
    <p class='ocr_par' dir='ltr' id='par_1_26' title="bbox 440 2563 2021 2637">
     <span class='ocr_line' id='line_1_27' title="bbox 440 2563 2021 2637; baseline 0.006 -24"><span class='ocrx_word' id='word_1_209' title='bbox 440 2568 735 2630; x_wconf 83' lang='lat' dir='ltr'><strong>antequam</strong></span> <span class='ocrx_word' id='word_1_210' title='bbox 783 2573 1069 2617; x_wconf 84' lang='lat' dir='ltr'><strong>ventorum</strong></span> <span class='ocrx_word' id='word_1_211' title='bbox 1109 2563 1279 2619; x_wconf 81' lang='lat' dir='ltr'><strong>ﬂabra</strong></span> <span class='ocrx_word' id='word_1_212' title='bbox 1324 2575 1673 2636; x_wconf 83' lang='lat' dir='ltr'><strong>consurgant,</strong></span> <span class='ocrx_word' id='word_1_213' title='bbox 1699 2567 2021 2637; x_wconf 83' lang='lat' dir='ltr'><strong>priusquam</strong></span> 
     </span>
    </p>
   </div>
   <div class='ocr_carea' id='block_1_27' title="bbox 445 2648 2018 2725">
    <p class='ocr_par' dir='ltr' id='par_1_27' title="bbox 445 2648 2018 2725">
     <span class='ocr_line' id='line_1_28' title="bbox 445 2648 2018 2725; baseline 0.006 -22"><span class='ocrx_word' id='word_1_214' title='bbox 445 2648 808 2707; x_wconf 89' lang='lat' dir='ltr'><strong>intumescant</strong></span> <span class='ocrx_word' id='word_1_215' title='bbox 842 2651 1089 2721; x_wconf 80' lang='lat' dir='ltr'><strong>ﬂumina,</strong></span> <span class='ocrx_word' id='word_1_216' title='bbox 1125 2654 1253 2709; x_wconf 90' lang='lat' dir='ltr'><strong>dum</strong></span> <span class='ocrx_word' id='word_1_217' title='bbox 1296 2656 1474 2711; x_wconf 82' lang='lat' dir='ltr'><strong>adhuc</strong></span> <span class='ocrx_word' id='word_1_218' title='bbox 1531 2658 1691 2713; x_wconf 91' lang='lat' dir='ltr'><strong>silent</strong></span> <span class='ocrx_word' id='word_1_219' title='bbox 1744 2658 2018 2725; x_wconf 82' lang='lat' dir='ltr'><strong>universa,</strong></span> 
     </span>
    </p>
   </div>
   <div class='ocr_carea' id='block_1_28' title="bbox 440 2744 2020 2805">
    <p class='ocr_par' dir='ltr' id='par_1_28' title="bbox 440 2744 2020 2805">
     <span class='ocr_line' id='line_1_29' title="bbox 440 2744 2020 2805; baseline 0.006 -9"><span class='ocrx_word' id='word_1_220' title='bbox 440 2757 604 2798; x_wconf 88' lang='lat' dir='ltr'><strong>onme</strong></span> <span class='ocrx_word' id='word_1_221' title='bbox 630 2744 870 2801; x_wconf 86' lang='lat' dir='ltr'><strong>studium</strong></span> <span class='ocrx_word' id='word_1_222' title='bbox 906 2756 1153 2801; x_wconf 90' lang='lat' dir='ltr'><strong>nostrum</strong></span> <span class='ocrx_word' id='word_1_223' title='bbox 1188 2747 1253 2802; x_wconf 88' lang='lat' dir='ltr'><strong>ad</strong></span> <span class='ocrx_word' id='word_1_224' title='bbox 1283 2747 1637 2803; x_wconf 75' lang='lat' dir='ltr'><strong>aediﬁciorum</strong></span> <span class='ocrx_word' id='word_1_225' title='bbox 1670 2748 2020 2805; x_wconf 87' lang='lat' dir='ltr'><strong>fundamenta</strong></span> 
     </span>
    </p>
   </div>
   <div class='ocr_carea' id='block_1_29' title="bbox 442 2836 2071 2915">
    <p class='ocr_par' dir='ltr' id='par_1_29' title="bbox 442 2836 2071 2915">
     <span class='ocr_line' id='line_1_30' title="bbox 442 2836 2071 2915; baseline 0.006 -28"><span class='ocrx_word' id='word_1_226' title='bbox 442 2842 740 2903; x_wconf 84' lang='lat' dir='ltr'><strong>vertamus,</strong></span> <span class='ocrx_word' id='word_1_227' title='bbox 787 2836 1120 2893; x_wconf 70' lang='lat' dir='ltr'><strong>aulilicemus</strong></span> <span class='ocrx_word' id='word_1_228' title='bbox 1165 2838 1387 2894; x_wconf 86' lang='lat' dir='ltr'><strong>domum</strong></span> <span class='ocrx_word' id='word_1_229' title='bbox 1441 2852 1684 2896; x_wconf 88' lang='lat' dir='ltr'><strong>nostram</strong></span> <span class='ocrx_word' id='word_1_230' title='bbox 1737 2843 1901 2897; x_wconf 83' lang='lat' dir='ltr'><strong>variis</strong></span> <span class='ocrx_word' id='word_1_231' title='bbox 1933 2842 2022 2896; x_wconf 71' lang='grc' dir='ltr'><strong>Ωιι·</strong></span> <span class='ocrx_word' id='word_1_232' title='bbox 2068 2914 2071 2915; x_wconf 16' lang='grc' dir='ltr'><em>ν</em></span> 
     </span>
    </p>
   </div>
   <div class='ocr_carea' id='block_1_30' title="bbox 441 2928 2020 3005">
    <p class='ocr_par' dir='ltr' id='par_1_30' title="bbox 441 2928 2020 3005">
     <span class='ocr_line' id='line_1_31' title="bbox 441 2928 2020 3005; baseline 0.003 -20"><span class='ocrx_word' id='word_1_233' title='bbox 441 2928 654 2998; x_wconf 84' lang='lat' dir='ltr'><strong>tuisque</strong></span> <span class='ocrx_word' id='word_1_234' title='bbox 699 2929 969 2998; x_wconf 89' lang='lat' dir='ltr'><strong>lapidibus</strong></span> <span class='ocrx_word' id='word_1_235' title='bbox 1008 2940 1401 3001; x_wconf 84' lang='lat' dir='ltr'><strong>praeceptorum</strong></span> <span class='ocrx_word' id='word_1_236' title='bbox 1441 2932 1553 3000; x_wconf 91' lang='lat' dir='ltr'><strong>Dei,</strong></span> <span class='ocrx_word' id='word_1_237' title='bbox 1588 2944 1647 2988; x_wconf 91' lang='lat' dir='ltr'><strong>ut</strong></span> <span class='ocrx_word' id='word_1_238' title='bbox 1680 2950 1804 2991; x_wconf 91' lang='lat' dir='ltr'><strong>cum</strong></span> <span class='ocrx_word' id='word_1_239' title='bbox 1836 2950 2020 3005; x_wconf 87' lang='lat' dir='ltr'><strong>perse-</strong></span> 
     </span>
    </p>
   </div>
   <div class='ocr_carea' id='block_1_31' title="bbox 439 3018 2019 3096">
    <p class='ocr_par' dir='ltr' id='par_1_31' title="bbox 439 3018 2019 3096">
     <span class='ocr_line' id='line_1_32' title="bbox 439 3018 2019 3096; baseline 0.006 -23"><span class='ocrx_word' id='word_1_240' title='bbox 439 3020 589 3074; x_wconf 92' lang='lat' dir='ltr'><strong>cutio</strong></span> <span class='ocrx_word' id='word_1_241' title='bbox 609 3018 774 3092; x_wconf 60' lang='lat'><strong>964</strong></span> <span class='ocrx_word' id='word_1_242' title='bbox 802 3022 1036 3077; x_wconf 73' lang='lat' dir='ltr'><strong>saeviet-it</strong></span> <span class='ocrx_word' id='word_1_243' title='bbox 1062 3023 1324 3079; x_wconf 88' lang='lat' dir='ltr'><strong>adversus</strong></span> <span class='ocrx_word' id='word_1_244' title='bbox 1347 3022 1710 3091; x_wconf 90' lang='lat' dir='ltr'><strong>Christianos,</strong></span> <span class='ocrx_word' id='word_1_245' title='bbox 1740 3028 2019 3096; x_wconf 89' lang='lat' dir='ltr'><strong>durusque</strong></span> 
     </span>
    </p>
   </div>
   <div class='ocr_carea' id='block_1_32' title="bbox 434 3111 2015 3178">
    <p class='ocr_par' dir='ltr' id='par_1_32' title="bbox 434 3111 2015 3178">
     <span class='ocr_line' id='line_1_33' title="bbox 434 3111 2015 3178; baseline 0.006 -14"><span class='ocrx_word' id='word_1_246' title='bbox 434 3111 602 3167; x_wconf 85' lang='lat' dir='ltr'><strong>turbo</strong></span> <span class='ocrx_word' id='word_1_247' title='bbox 631 3112 927 3175; x_wconf 82' lang='lat' dir='ltr'><strong>surrexerit</strong></span> <span class='ocrx_word' id='word_1_248' title='bbox 946 3153 960 3178; x_wconf 91' lang='lat'><strong>,</strong></span> <span class='ocrx_word' id='word_1_249' title='bbox 996 3115 1347 3171; x_wconf 84' lang='lat' dir='ltr'><strong>ostendamus</strong></span> <span class='ocrx_word' id='word_1_250' title='bbox 1380 3133 1479 3172; x_wconf 92' lang='lat' dir='ltr'><strong>nos</strong></span> <span class='ocrx_word' id='word_1_251' title='bbox 1509 3117 1710 3174; x_wconf 87' lang='lat' dir='ltr'><strong>habere</strong></span> <span class='ocrx_word' id='word_1_252' title='bbox 1729 3119 2015 3175; x_wconf 67' lang='lat' dir='ltr'><strong>aedificium</strong></span> 
     </span>
    </p>
   </div>
   <div class='ocr_carea' id='block_1_33' title="bbox 434 3203 2013 3280">
    <p class='ocr_par' dir='ltr' id='par_1_33' title="bbox 434 3203 2013 3280">
     <span class='ocr_line' id='line_1_34' title="bbox 434 3203 2013 3280; baseline 0.006 -24"><span class='ocrx_word' id='word_1_253' title='bbox 434 3215 601 3273; x_wconf 84' lang='lat' dir='ltr'><strong>super</strong></span> <span class='ocrx_word' id='word_1_254' title='bbox 641 3213 851 3274; x_wconf 86' lang='lat' dir='ltr'><strong>petram</strong></span> <span class='ocrx_word' id='word_1_255' title='bbox 891 3203 1167 3260; x_wconf 86' lang='lat' dir='ltr'><strong>Christum</strong></span> <span class='ocrx_word' id='word_1_256' title='bbox 1200 3204 1386 3261; x_wconf 83' lang='lat' dir='ltr'><strong>Jesum</strong></span> <span class='ocrx_word' id='word_1_257' title='bbox 1435 3207 1523 3263; x_wconf 67' lang='grc' dir='ltr'><strong>ιδ’.</strong></span> <span class='ocrx_word' id='word_1_258' title='bbox 1568 3208 1631 3264; x_wconf 88' lang='lat' dir='ltr'><strong>Si</strong></span> <span class='ocrx_word' id='word_1_259' title='bbox 1665 3211 1788 3280; x_wconf 90' lang='lat' dir='ltr'><strong>quis</strong></span> <span class='ocrx_word' id='word_1_260' title='bbox 1831 3218 2013 3266; x_wconf 88' lang='lat' dir='ltr'><strong>autem</strong></span> 
     </span>
    </p>
   </div>
   <div class='ocr_carea' id='block_1_34' title="bbox 2150 728 3719 801">
    <p class='ocr_par' dir='ltr' id='par_1_34' title="bbox 2150 728 3719 801">
     <span class='ocr_line' id='line_1_35' title="bbox 2150 728 3719 801; baseline 0.004 -21"><span class='ocrx_word' id='word_1_261' title='bbox 2150 728 2448 783; x_wconf 86' lang='lat' dir='ltr'><strong>nuntiabat.</strong></span> <span class='ocrx_word' id='word_1_262' title='bbox 2479 729 2666 799; x_wconf 88' lang='lat' dir='ltr'><strong>Itaque</strong></span> <span class='ocrx_word' id='word_1_263' title='bbox 2688 730 2849 785; x_wconf 89' lang='lat' dir='ltr'><strong>etiam</strong></span> <span class='ocrx_word' id='word_1_264' title='bbox 2877 730 3003 795; x_wconf 90' lang='lat' dir='ltr'><strong>alia,</strong></span> <span class='ocrx_word' id='word_1_265' title='bbox 3039 746 3162 801; x_wconf 78' lang='lat' dir='ltr'><strong>quae</strong></span> <span class='ocrx_word' id='word_1_266' title='bbox 3188 731 3391 801; x_wconf 88' lang='lat' dir='ltr'><strong>scripta</strong></span> <span class='ocrx_word' id='word_1_267' title='bbox 3432 747 3537 785; x_wconf 88' lang='lat' dir='ltr'><strong>non</strong></span> <span class='ocrx_word' id='word_1_268' title='bbox 3570 743 3719 797; x_wconf 90' lang='lat' dir='ltr'><strong>sunt,</strong></span> 
     </span>
    </p>
   </div>
   <div class='ocr_carea' id='block_1_35' title="bbox 2144 819 3720 897">
    <p class='ocr_par' dir='ltr' id='par_1_35' title="bbox 2144 819 3720 897">
     <span class='ocr_line' id='line_1_36' title="bbox 2144 819 3720 897; baseline 0.005 -23"><span class='ocrx_word' id='word_1_269' title='bbox 2144 819 2380 879; x_wconf 76' lang='lat' dir='ltr'><strong>Joannes</strong></span> <span class='ocrx_word' id='word_1_270' title='bbox 2421 823 2620 893; x_wconf 88' lang='lat' dir='ltr'><strong>populo</strong></span> <span class='ocrx_word' id='word_1_271' title='bbox 2660 824 3035 893; x_wconf 68' lang='lat' dir='ltr'><strong>praedicabat:</strong></span> <span class='ocrx_word' id='word_1_272' title='bbox 3082 841 3205 895; x_wconf 73' lang='lat' dir='ltr'><strong>qua:</strong></span> <span class='ocrx_word' id='word_1_273' title='bbox 3257 835 3439 879; x_wconf 91' lang='lat' dir='ltr'><strong>autem</strong></span> <span class='ocrx_word' id='word_1_274' title='bbox 3485 829 3720 897; x_wconf 82' lang='lat' dir='ltr'><strong>scripta,</strong></span> 
     </span>
    </p>
   </div>
   <div class='ocr_carea' id='block_1_36' title="bbox 2144 908 3723 983">
    <p class='ocr_par' dir='ltr' id='par_1_36' title="bbox 2144 908 3723 983">
     <span class='ocr_line' id='line_1_37' title="bbox 2144 908 3723 983; baseline 0.006 -21"><span class='ocrx_word' id='word_1_275' title='bbox 2144 908 2485 965; x_wconf 87' lang='lat' dir='ltr'><strong>considerate</strong></span> <span class='ocrx_word' id='word_1_276' title='bbox 2526 921 2730 980; x_wconf 84' lang='lat' dir='ltr'><strong>quanta</strong></span> <span class='ocrx_word' id='word_1_277' title='bbox 2782 912 2984 968; x_wconf 84' lang='lat' dir='ltr'><strong>fuerint</strong></span> <span class='ocrx_word' id='word_1_278' title='bbox 3027 929 3149 983; x_wconf 77' lang='lat' dir='ltr'><strong>qua:</strong></span> <span class='ocrx_word' id='word_1_279' title='bbox 3195 916 3523 970; x_wconf 89' lang='lat' dir='ltr'><strong>annuntiant</strong></span> <span class='ocrx_word' id='word_1_280' title='bbox 3562 917 3723 971; x_wconf 87' lang='lat' dir='ltr'><strong>Chri-</strong></span> 
     </span>
    </p>
   </div>
   <div class='ocr_carea' id='block_1_37' title="bbox 2142 1093 3723 1164">
    <p class='ocr_par' dir='ltr' id='par_1_37' title="bbox 2142 1093 3723 1164">
     <span class='ocr_line' id='line_1_38' title="bbox 2142 1093 3723 1164; baseline 0.004 -17"><span class='ocrx_word' id='word_1_281' title='bbox 2142 1093 2455 1162; x_wconf 77' lang='lat' dir='ltr'><strong>praedicavit</strong></span> <span class='ocrx_word' id='word_1_282' title='bbox 2489 1094 2794 1164; x_wconf 89' lang='lat' dir='ltr'><strong>publicanis</strong></span> <span class='ocrx_word' id='word_1_283' title='bbox 2834 1096 3088 1163; x_wconf 87' lang='lat' dir='ltr'><strong>salutem,</strong></span> <span class='ocrx_word' id='word_1_284' title='bbox 3118 1097 3303 1151; x_wconf 89' lang='lat' dir='ltr'><strong>docuit</strong></span> <span class='ocrx_word' id='word_1_285' title='bbox 3327 1098 3528 1152; x_wconf 84' lang='lat' dir='ltr'><strong>milites</strong></span> <span class='ocrx_word' id='word_1_286' title='bbox 3558 1100 3723 1155; x_wconf 86' lang='lat' dir='ltr'><strong>disci-</strong></span> 
     </span>
    </p>
   </div>
   <div class='ocr_carea' id='block_1_38' title="bbox 2139 1185 3719 1259">
    <p class='ocr_par' dir='ltr' id='par_1_38' title="bbox 2139 1185 3719 1259">
     <span class='ocr_line' id='line_1_39' title="bbox 2139 1185 3719 1259; baseline 0.006 -23"><span class='ocrx_word' id='word_1_287' title='bbox 2139 1185 2366 1253; x_wconf 87' lang='lat' dir='ltr'><strong>plinam,</strong></span> <span class='ocrx_word' id='word_1_288' title='bbox 2403 1201 2585 1240; x_wconf 85' lang='lat' dir='ltr'><strong>arcam</strong></span> <span class='ocrx_word' id='word_1_289' title='bbox 2628 1187 2871 1259; x_wconf 83' lang='lat' dir='ltr'><strong>purgari,</strong></span> <span class='ocrx_word' id='word_1_290' title='bbox 2920 1189 3124 1244; x_wconf 88' lang='lat' dir='ltr'><strong>succidi</strong></span> <span class='ocrx_word' id='word_1_291' title='bbox 3154 1189 3400 1253; x_wconf 80' lang='lat' dir='ltr'><strong>arbores,</strong></span> <span class='ocrx_word' id='word_1_292' title='bbox 3432 1199 3488 1244; x_wconf 88' lang='lat' dir='ltr'><strong>et</strong></span> <span class='ocrx_word' id='word_1_293' title='bbox 3523 1201 3719 1245; x_wconf 62' lang='lat' dir='ltr'><strong>caetera</strong></span> 
     </span>
    </p>
   </div>
   <div class='ocr_carea' id='block_1_39' title="bbox 2138 1272 3714 1353">
    <p class='ocr_par' dir='ltr' id='par_1_39' title="bbox 2138 1272 3714 1353">
     <span class='ocr_line' id='line_1_40' title="bbox 2138 1272 3714 1353; baseline 0.006 -24"><span class='ocrx_word' id='word_1_294' title='bbox 2138 1292 2261 1345; x_wconf 74' lang='lat' dir='ltr'><strong>qua:</strong></span> <span class='ocrx_word' id='word_1_295' title='bbox 2305 1276 2578 1348; x_wconf 79' lang='lat' dir='ltr'><strong>Evangelii</strong></span> <span class='ocrx_word' id='word_1_296' title='bbox 2622 1289 2807 1334; x_wconf 90' lang='lat' dir='ltr'><strong>narrat</strong></span> <span class='ocrx_word' id='word_1_297' title='bbox 2848 1279 3100 1335; x_wconf 87' lang='lat' dir='ltr'><strong>historia.</strong></span> <span class='ocrx_word' id='word_1_298' title='bbox 3148 1279 3401 1350; x_wconf 77' lang='lat' dir='ltr'><strong>Exceptis</strong></span> <span class='ocrx_word' id='word_1_299' title='bbox 3442 1272 3574 1353; x_wconf 80' lang='lat' dir='ltr'><strong>ergo</strong></span> <span class='ocrx_word' id='word_1_300' title='bbox 3625 1283 3714 1338; x_wconf 78' lang='lat' dir='ltr'><strong>his</strong></span> 
     </span>
    </p>
   </div>
   <div class='ocr_carea' id='block_1_40' title="bbox 2138 1369 3712 1443">
    <p class='ocr_par' dir='ltr' id='par_1_40' title="bbox 2138 1369 3712 1443">
     <span class='ocr_line' id='line_1_41' title="bbox 2138 1369 3712 1443; baseline 0.006 -23"><span class='ocrx_word' id='word_1_301' title='bbox 2138 1385 2258 1438; x_wconf 76' lang='lat' dir='ltr'><strong>qua:</strong></span> <span class='ocrx_word' id='word_1_302' title='bbox 2283 1369 2484 1439; x_wconf 88' lang='lat' dir='ltr'><strong>scripta</strong></span> <span class='ocrx_word' id='word_1_303' title='bbox 2520 1379 2668 1437; x_wconf 89' lang='lat' dir='ltr'><strong>sunt,</strong></span> <span class='ocrx_word' id='word_1_304' title='bbox 2711 1372 2872 1426; x_wconf 90' lang='lat' dir='ltr'><strong>etiam</strong></span> <span class='ocrx_word' id='word_1_305' title='bbox 2909 1373 2999 1426; x_wconf 88' lang='lat' dir='ltr'><strong>illa</strong></span> <span class='ocrx_word' id='word_1_306' title='bbox 3028 1388 3148 1442; x_wconf 71' lang='lat' dir='ltr'><strong>qua:</strong></span> <span class='ocrx_word' id='word_1_307' title='bbox 3186 1374 3386 1442; x_wconf 85' lang='lat' dir='ltr'><strong>scripta</strong></span> <span class='ocrx_word' id='word_1_308' title='bbox 3416 1386 3525 1429; x_wconf 90' lang='lat' dir='ltr'><strong>non</strong></span> <span class='ocrx_word' id='word_1_309' title='bbox 3562 1385 3712 1443; x_wconf 89' lang='lat' dir='ltr'><strong>sunt,</strong></span> 
     </span>
    </p>
   </div>
   <div class='ocr_carea' id='block_1_41' title="bbox 2137 1458 3718 1533">
    <p class='ocr_par' dir='ltr' id='par_1_41' title="bbox 2137 1458 3718 1533">
     <span class='ocr_line' id='line_1_42' title="bbox 2137 1458 3718 1533; baseline 0.004 -21"><span class='ocrx_word' id='word_1_310' title='bbox 2137 1458 2494 1515; x_wconf 88' lang='lat' dir='ltr'><strong>annuntiasse</strong></span> <span class='ocrx_word' id='word_1_311' title='bbox 2521 1470 2857 1517; x_wconf 87' lang='lat' dir='ltr'><strong>monstratur</strong></span> <span class='ocrx_word' id='word_1_312' title='bbox 2891 1462 2944 1517; x_wconf 88' lang='lat' dir='ltr'><strong>in</strong></span> <span class='ocrx_word' id='word_1_313' title='bbox 2981 1479 3047 1519; x_wconf 85' lang='lat' dir='ltr'><strong>eo</strong></span> <span class='ocrx_word' id='word_1_314' title='bbox 3075 1464 3221 1533; x_wconf 87' lang='lat' dir='ltr'><strong>quod</strong></span> <span class='ocrx_word' id='word_1_315' title='bbox 3261 1465 3460 1520; x_wconf 87' lang='lat' dir='ltr'><strong>dicitur</strong></span> <span class='ocrx_word' id='word_1_316' title='bbox 3492 1483 3507 1519; x_wconf 75' lang='grc' dir='ltr'><strong>ε</strong></span> <span class='ocrx_word' id='word_1_317' title='bbox 3542 1465 3718 1521; x_wconf 77' lang='lat' dir='ltr'><strong>Multa</strong></span> 
     </span>
    </p>
   </div>
   <div class='ocr_carea' id='block_1_42' title="bbox 2135 1548 3720 1622">
    <p class='ocr_par' dir='ltr' id='par_1_42' title="bbox 2135 1548 3720 1622">
     <span class='ocr_line' id='line_1_43' title="bbox 2135 1548 3720 1622; baseline 0.006 -23"><span class='ocrx_word' id='word_1_318' title='bbox 2135 1548 2345 1618; x_wconf 81' lang='lat' dir='ltr'><strong>quidem</strong></span> <span class='ocrx_word' id='word_1_319' title='bbox 2386 1558 2437 1603; x_wconf 87' lang='lat' dir='ltr'><strong>et</strong></span> <span class='ocrx_word' id='word_1_320' title='bbox 2490 1549 2605 1602; x_wconf 84' lang='lat' dir='ltr'><strong>alia</strong></span> <span class='ocrx_word' id='word_1_321' title='bbox 2652 1550 2938 1606; x_wconf 69' lang='lat' dir='ltr'><strong>exhortans</strong></span> <span class='ocrx_word' id='word_1_322' title='bbox 2977 1552 3331 1606; x_wconf 81' lang='lat' dir='ltr'><strong>annuntiabat</strong></span> <span class='ocrx_word' id='word_1_323' title='bbox 3383 1553 3594 1622; x_wconf 80' lang='lat' dir='ltr'><strong>populo.</strong></span> <span class='ocrx_word' id='word_1_324' title='bbox 3651 1552 3720 1608; x_wconf 78' lang='lat' dir='ltr'><strong>Et</strong></span> 
     </span>
    </p>
   </div>
   <div class='ocr_carea' id='block_1_43' title="bbox 2135 1639 3719 1712">
    <p class='ocr_par' dir='ltr' id='par_1_43' title="bbox 2135 1639 3719 1712">
     <span class='ocr_line' id='line_1_44' title="bbox 2135 1639 3719 1712; baseline 0.004 -19"><span class='ocrx_word' id='word_1_325' title='bbox 2135 1640 2410 1708; x_wconf 89' lang='lat' dir='ltr'><strong>quomodo</strong></span> <span class='ocrx_word' id='word_1_326' title='bbox 2444 1640 2497 1694; x_wconf 87' lang='lat' dir='ltr'><strong>in</strong></span> <span class='ocrx_word' id='word_1_327' title='bbox 2530 1639 2824 1712; x_wconf 82' lang='lat' dir='ltr'><strong>Evangelio</strong></span> <span class='ocrx_word' id='word_1_328' title='bbox 2847 1643 3147 1699; x_wconf 86' lang='lat' dir='ltr'><strong>secundum</strong></span> <span class='ocrx_word' id='word_1_329' title='bbox 3179 1643 3447 1699; x_wconf 81' lang='lat' dir='ltr'><strong>Joannem</strong></span> <span class='ocrx_word' id='word_1_330' title='bbox 3472 1645 3540 1701; x_wconf 90' lang='lat' dir='ltr'><strong>de</strong></span> <span class='ocrx_word' id='word_1_331' title='bbox 3563 1644 3719 1700; x_wconf 85' lang='lat' dir='ltr'><strong>Chri-</strong></span> 
     </span>
    </p>
   </div>
   <div class='ocr_carea' id='block_1_44' title="bbox 2135 1732 3716 1809">
    <p class='ocr_par' dir='ltr' id='par_1_44' title="bbox 2135 1732 3716 1809">
     <span class='ocr_line' id='line_1_45' title="bbox 2135 1732 3716 1809; baseline 0.004 -23"><span class='ocrx_word' id='word_1_332' title='bbox 2135 1741 2219 1786; x_wconf 74' lang='lat' dir='ltr'><strong>sto</strong></span> <span class='ocrx_word' id='word_1_333' title='bbox 2248 1732 2481 1787; x_wconf 84' lang='lat' dir='ltr'><strong>refertur</strong></span> <span class='ocrx_word' id='word_1_334' title='bbox 2511 1732 2555 1765; x_wconf 81' lang='lat'><strong>&quot;&#39;</strong></span> <span class='ocrx_word' id='word_1_335' title='bbox 2586 1750 2599 1785; x_wconf 90' lang='lat'><strong>:</strong></span> <span class='ocrx_word' id='word_1_336' title='bbox 2632 1734 2775 1799; x_wconf 82' lang='lat' dir='ltr'><strong>Quia</strong></span> <span class='ocrx_word' id='word_1_337' title='bbox 2810 1734 2979 1790; x_wconf 88' lang='lat' dir='ltr'><strong>multa</strong></span> <span class='ocrx_word' id='word_1_338' title='bbox 3010 1745 3061 1790; x_wconf 79' lang='lat' dir='ltr'><strong>et</strong></span> <span class='ocrx_word' id='word_1_339' title='bbox 3093 1736 3204 1791; x_wconf 88' lang='lat' dir='ltr'><strong>alia</strong></span> <span class='ocrx_word' id='word_1_340' title='bbox 3228 1736 3439 1790; x_wconf 84' lang='lat' dir='ltr'><strong>locutus</strong></span> <span class='ocrx_word' id='word_1_341' title='bbox 3470 1746 3570 1804; x_wconf 83' lang='lat' dir='ltr'><strong>est,</strong></span> <span class='ocrx_word' id='word_1_342' title='bbox 3598 1755 3716 1809; x_wconf 78' lang='lat' dir='ltr'><strong>qute</strong></span> 
     </span>
    </p>
   </div>
   <div class='ocr_carea' id='block_1_45' title="bbox 2134 1825 3713 1899">
    <p class='ocr_par' dir='ltr' id='par_1_45' title="bbox 2134 1825 3713 1899">
     <span class='ocr_line' id='line_1_46' title="bbox 2134 1825 3713 1899; baseline 0.004 -23"><span class='ocrx_word' id='word_1_343' title='bbox 2134 1838 2238 1877; x_wconf 87' lang='lat' dir='ltr'><strong>non</strong></span> <span class='ocrx_word' id='word_1_344' title='bbox 2280 1833 2403 1877; x_wconf 87' lang='lat' dir='ltr'><strong>sunt</strong></span> <span class='ocrx_word' id='word_1_345' title='bbox 2440 1827 2638 1896; x_wconf 85' lang='lat' dir='ltr'><strong>scripta</strong></span> <span class='ocrx_word' id='word_1_346' title='bbox 2678 1827 2731 1879; x_wconf 89' lang='lat' dir='ltr'><strong>in</strong></span> <span class='ocrx_word' id='word_1_347' title='bbox 2766 1825 2903 1880; x_wconf 84' lang='lat' dir='ltr'><strong>libre</strong></span> <span class='ocrx_word' id='word_1_348' title='bbox 2939 1828 3064 1895; x_wconf 90' lang='lat' dir='ltr'><strong>isto,</strong></span> <span class='ocrx_word' id='word_1_349' title='bbox 3103 1844 3222 1899; x_wconf 71' lang='lat' dir='ltr'><strong>qua:</strong></span> <span class='ocrx_word' id='word_1_350' title='bbox 3254 1830 3302 1882; x_wconf 86' lang='lat' dir='ltr'><strong>si</strong></span> <span class='ocrx_word' id='word_1_351' title='bbox 3340 1829 3713 1899; x_wconf 77' lang='lat' dir='ltr'><strong>scriberentur,</strong></span> 
     </span>
    </p>
   </div>
   <div class='ocr_carea' id='block_1_46' title="bbox 2132 1918 3713 1990">
    <p class='ocr_par' dir='ltr' id='par_1_46' title="bbox 2132 1918 3713 1990">
     <span class='ocr_line' id='line_1_47' title="bbox 2132 1918 3713 1990; baseline 0.006 -21"><span class='ocrx_word' id='word_1_352' title='bbox 2132 1932 2294 1987; x_wconf 86' lang='lat' dir='ltr'><strong>neque</strong></span> <span class='ocrx_word' id='word_1_353' title='bbox 2333 1918 2508 1986; x_wconf 86' lang='lat' dir='ltr'><strong>ipsum</strong></span> <span class='ocrx_word' id='word_1_354' title='bbox 2552 1928 2680 1988; x_wconf 87' lang='lat' dir='ltr'><strong>puto</strong></span> <span class='ocrx_word' id='word_1_355' title='bbox 2725 1918 2979 1972; x_wconf 86' lang='lat' dir='ltr'><strong>mundum</strong></span> <span class='ocrx_word' id='word_1_356' title='bbox 3014 1936 3199 1989; x_wconf 78' lang='lat' dir='ltr'><strong>capere</strong></span> <span class='ocrx_word' id='word_1_357' title='bbox 3247 1921 3480 1990; x_wconf 82' lang='lat' dir='ltr'><strong>potuisse</strong></span> <span class='ocrx_word' id='word_1_358' title='bbox 3526 1922 3713 1989; x_wconf 84' lang='lat' dir='ltr'><strong>libros,</strong></span> 
     </span>
    </p>
   </div>
   <div class='ocr_carea' id='block_1_47' title="bbox 2129 2009 3709 2086">
    <p class='ocr_par' dir='ltr' id='par_1_47' title="bbox 2129 2009 3709 2086">
     <span class='ocr_line' id='line_1_48' title="bbox 2129 2009 3709 2086; baseline 0.006 -25"><span class='ocrx_word' id='word_1_359' title='bbox 2129 2009 2220 2078; x_wconf 89' lang='lat' dir='ltr'><strong>qui</strong></span> <span class='ocrx_word' id='word_1_360' title='bbox 2247 2009 2509 2064; x_wconf 88' lang='lat' dir='ltr'><strong>scribendi</strong></span> <span class='ocrx_word' id='word_1_361' title='bbox 2538 2021 2719 2076; x_wconf 88' lang='lat' dir='ltr'><strong>erant;</strong></span> <span class='ocrx_word' id='word_1_362' title='bbox 2752 2012 2831 2068; x_wconf 90' lang='lat' dir='ltr'><strong>sic</strong></span> <span class='ocrx_word' id='word_1_363' title='bbox 2860 2022 2913 2067; x_wconf 89' lang='lat' dir='ltr'><strong>et</strong></span> <span class='ocrx_word' id='word_1_364' title='bbox 2938 2012 2992 2066; x_wconf 91' lang='lat' dir='ltr'><strong>in</strong></span> <span class='ocrx_word' id='word_1_365' title='bbox 3021 2013 3272 2083; x_wconf 76' lang='lat' dir='ltr'><strong>praesenti</strong></span> <span class='ocrx_word' id='word_1_366' title='bbox 3299 2014 3419 2069; x_wconf 87' lang='lat' dir='ltr'><strong>loco</strong></span> <span class='ocrx_word' id='word_1_367' title='bbox 3450 2014 3709 2086; x_wconf 81' lang='lat' dir='ltr'><strong>intellige,</strong></span> 
     </span>
    </p>
   </div>
   <div class='ocr_carea' id='block_1_48' title="bbox 2129 2099 3711 2175">
    <p class='ocr_par' dir='ltr' id='par_1_48' title="bbox 2129 2099 3711 2175">
     <span class='ocr_line' id='line_1_49' title="bbox 2129 2099 3711 2175; baseline 0.006 -22"><span class='ocrx_word' id='word_1_368' title='bbox 2129 2101 2275 2169; x_wconf 85' lang='lat' dir='ltr'><strong>quod</strong></span> <span class='ocrx_word' id='word_1_369' title='bbox 2320 2099 2547 2157; x_wconf 84' lang='lat' dir='ltr'><strong>forsitan</strong></span> <span class='ocrx_word' id='word_1_370' title='bbox 2595 2101 2793 2168; x_wconf 81' lang='lat' dir='ltr'><strong>Lucas,</strong></span> <span class='ocrx_word' id='word_1_371' title='bbox 2829 2103 3090 2173; x_wconf 88' lang='lat' dir='ltr'><strong>quoniam</strong></span> <span class='ocrx_word' id='word_1_372' title='bbox 3131 2104 3338 2174; x_wconf 80' lang='lat' dir='ltr'><strong>majora</strong></span> <span class='ocrx_word' id='word_1_373' title='bbox 3385 2106 3633 2175; x_wconf 80' lang='lat' dir='ltr'><strong>quaedam</strong></span> <span class='ocrx_word' id='word_1_374' title='bbox 3677 2123 3711 2163; x_wconf 88' lang='lat' dir='ltr'><strong>a</strong></span> 
     </span>
    </p>
   </div>
   <div class='ocr_carea' id='block_1_49' title="bbox 2127 2189 3712 2265">
    <p class='ocr_par' dir='ltr' id='par_1_49' title="bbox 2127 2189 3712 2265">
     <span class='ocr_line' id='line_1_50' title="bbox 2127 2189 3712 2265; baseline 0.008 -21"><span class='ocrx_word' id='word_1_375' title='bbox 2127 2189 2338 2248; x_wconf 82' lang='lat' dir='ltr'><strong>Joanne</strong></span> <span class='ocrx_word' id='word_1_376' title='bbox 2386 2195 2872 2260; x_wconf 85' lang='lat' dir='ltr'><strong>annuntiabantur,</strong></span> <span class='ocrx_word' id='word_1_377' title='bbox 2922 2210 3084 2265; x_wconf 85' lang='lat' dir='ltr'><strong>quant</strong></span> <span class='ocrx_word' id='word_1_378' title='bbox 3126 2206 3190 2251; x_wconf 88' lang='lat' dir='ltr'><strong>ut</strong></span> <span class='ocrx_word' id='word_1_379' title='bbox 3233 2196 3492 2253; x_wconf 87' lang='lat' dir='ltr'><strong>deberent</strong></span> <span class='ocrx_word' id='word_1_380' title='bbox 3516 2200 3712 2256; x_wconf 84' lang='lat' dir='ltr'><strong>litteris</strong></span> 
     </span>
    </p>
   </div>
   <div class='ocr_carea' id='block_1_50' title="bbox 2128 2282 3708 2357">
    <p class='ocr_par' dir='ltr' id='par_1_50' title="bbox 2128 2282 3708 2357">
     <span class='ocr_line' id='line_1_51' title="bbox 2128 2282 3708 2357; baseline 0.004 -18"><span class='ocrx_word' id='word_1_381' title='bbox 2128 2282 2308 2351; x_wconf 79' lang='lat' dir='ltr'><strong>credi,</strong></span> <span class='ocrx_word' id='word_1_382' title='bbox 2353 2285 2583 2341; x_wconf 86' lang='lat' dir='ltr'><strong>voluerit</strong></span> <span class='ocrx_word' id='word_1_383' title='bbox 2617 2302 2679 2342; x_wconf 84' lang='lat' dir='ltr'><strong>ca</strong></span> <span class='ocrx_word' id='word_1_384' title='bbox 2732 2287 3053 2342; x_wconf 87' lang='lat' dir='ltr'><strong>nominatim</strong></span> <span class='ocrx_word' id='word_1_385' title='bbox 3102 2287 3323 2357; x_wconf 79' lang='lat' dir='ltr'><strong>dicere,</strong></span> <span class='ocrx_word' id='word_1_386' title='bbox 3356 2291 3450 2345; x_wconf 88' lang='lat' dir='ltr'><strong>sed</strong></span> <span class='ocrx_word' id='word_1_387' title='bbox 3497 2301 3708 2346; x_wconf 90' lang='lat' dir='ltr'><strong>tantum</strong></span> 
     </span>
    </p>
   </div>
   <div class='ocr_carea' id='block_1_51' title="bbox 2128 2377 3707 2450">
    <p class='ocr_par' dir='ltr' id='par_1_51' title="bbox 2128 2377 3707 2450">
     <span class='ocr_line' id='line_1_52' title="bbox 2128 2377 3707 2450; baseline 0.005 -20"><span class='ocrx_word' id='word_1_388' title='bbox 2128 2377 2515 2448; x_wconf 79' lang='lat' dir='ltr'><strong>signiﬁcaverit</strong></span> <span class='ocrx_word' id='word_1_389' title='bbox 2553 2380 2699 2450; x_wconf 88' lang='lat' dir='ltr'><strong>quod</strong></span> <span class='ocrx_word' id='word_1_390' title='bbox 2742 2381 2885 2436; x_wconf 91' lang='lat' dir='ltr'><strong>dicta</strong></span> <span class='ocrx_word' id='word_1_391' title='bbox 2935 2380 3045 2436; x_wconf 91' lang='lat' dir='ltr'><strong>sint</strong></span> <span class='ocrx_word' id='word_1_392' title='bbox 3080 2398 3098 2436; x_wconf 72' lang='grc' dir='ltr'><strong><em>τ</em></strong></span> <span class='ocrx_word' id='word_1_393' title='bbox 3140 2389 3195 2436; x_wconf 90' lang='lat' dir='ltr'><strong>et</strong></span> <span class='ocrx_word' id='word_1_394' title='bbox 3223 2382 3428 2438; x_wconf 90' lang='lat' dir='ltr'><strong>idcirco</strong></span> <span class='ocrx_word' id='word_1_395' title='bbox 3457 2383 3707 2440; x_wconf 78' lang='lat' dir='ltr'><strong>dixisse:</strong></span> 
     </span>
    </p>
   </div>
   <div class='ocr_carea' id='block_1_52' title="bbox 2128 2468 3706 2546">
    <p class='ocr_par' dir='ltr' id='par_1_52' title="bbox 2128 2468 3706 2546">
     <span class='ocr_line' id='line_1_53' title="bbox 2128 2468 3706 2546; baseline 0.006 -25"><span class='ocrx_word' id='word_1_396' title='bbox 2128 2468 2306 2523; x_wconf 71' lang='lat' dir='ltr'><strong>Multa</strong></span> <span class='ocrx_word' id='word_1_397' title='bbox 2337 2471 2547 2540; x_wconf 82' lang='lat' dir='ltr'><strong>quidem</strong></span> <span class='ocrx_word' id='word_1_398' title='bbox 2575 2480 2625 2526; x_wconf 90' lang='lat' dir='ltr'><strong>et</strong></span> <span class='ocrx_word' id='word_1_399' title='bbox 2652 2471 2763 2525; x_wconf 87' lang='lat' dir='ltr'><strong>alia</strong></span> <span class='ocrx_word' id='word_1_400' title='bbox 2797 2471 3081 2527; x_wconf 67' lang='lat' dir='ltr'><strong>exhortans</strong></span> <span class='ocrx_word' id='word_1_401' title='bbox 3113 2475 3469 2528; x_wconf 76' lang='lat' dir='ltr'><strong>annuntiabat</strong></span> <span class='ocrx_word' id='word_1_402' title='bbox 3493 2478 3706 2546; x_wconf 89' lang='lat' dir='ltr'><strong>populo.</strong></span> 
     </span>
    </p>
   </div>
   <div class='ocr_carea' id='block_1_53' title="bbox 2125 2558 3706 2637">
    <p class='ocr_par' dir='ltr' id='par_1_53' title="bbox 2125 2558 3706 2637">
     <span class='ocr_line' id='line_1_54' title="bbox 2125 2558 3706 2637; baseline 0.005 -22"><span class='ocrx_word' id='word_1_403' title='bbox 2125 2558 2385 2616; x_wconf 76' lang='lat' dir='ltr'><strong>Miremur</strong></span> <span class='ocrx_word' id='word_1_404' title='bbox 2429 2563 2647 2632; x_wconf 90' lang='lat' dir='ltr'><strong>quidem</strong></span> <span class='ocrx_word' id='word_1_405' title='bbox 2679 2561 2943 2619; x_wconf 82' lang='lat' dir='ltr'><strong>Joannem</strong></span> <span class='ocrx_word' id='word_1_406' title='bbox 2989 2579 3056 2619; x_wconf 80' lang='lat' dir='ltr'><strong>ex</strong></span> <span class='ocrx_word' id='word_1_407' title='bbox 3102 2565 3187 2620; x_wconf 91' lang='lat' dir='ltr'><strong>his</strong></span> <span class='ocrx_word' id='word_1_408' title='bbox 3225 2581 3348 2635; x_wconf 76' lang='lat' dir='ltr'><strong>quae</strong></span> <span class='ocrx_word' id='word_1_409' title='bbox 3379 2578 3706 2637; x_wconf 86' lang='lat' dir='ltr'><strong>sequuntur,</strong></span> 
     </span>
    </p>
   </div>
   <div class='ocr_carea' id='block_1_54' title="bbox 2126 2654 3708 2728">
    <p class='ocr_par' dir='ltr' id='par_1_54' title="bbox 2126 2654 3708 2728">
     <span class='ocr_line' id='line_1_55' title="bbox 2126 2654 3708 2728; baseline 0.006 -21"><span class='ocrx_word' id='word_1_410' title='bbox 2126 2654 2363 2709; x_wconf 81' lang='lat' dir='ltr'><strong>maxime</strong></span> <span class='ocrx_word' id='word_1_411' title='bbox 2394 2655 2539 2725; x_wconf 88' lang='lat' dir='ltr'><strong>quod</strong></span> <span class='ocrx_word' id='word_1_412' title='bbox 2583 2654 2721 2710; x_wconf 90' lang='lat' dir='ltr'><strong>inter</strong></span> <span class='ocrx_word' id='word_1_413' title='bbox 2766 2664 2926 2711; x_wconf 84' lang='lat' dir='ltr'><strong>natos</strong></span> <span class='ocrx_word' id='word_1_414' title='bbox 2960 2656 3247 2712; x_wconf 82' lang='lat' dir='ltr'><strong>mulierum</strong></span> <span class='ocrx_word' id='word_1_415' title='bbox 3295 2659 3473 2728; x_wconf 86' lang='lat' dir='ltr'><strong>major</strong></span> <span class='ocrx_word' id='word_1_416' title='bbox 3498 2658 3708 2716; x_wconf 83' lang='lat' dir='ltr'><strong>Joanne</strong></span> 
     </span>
    </p>
   </div>
   <div class='ocr_carea' id='block_1_55' title="bbox 2127 2743 3731 2820">
    <p class='ocr_par' dir='ltr' id='par_1_55' title="bbox 2127 2743 3731 2820">
     <span class='ocr_line' id='line_1_56' title="bbox 2127 2743 3731 2820; baseline 0.006 -23"><span class='ocrx_word' id='word_1_417' title='bbox 2127 2743 2365 2813; x_wconf 87' lang='lat' dir='ltr'><strong>Baptista</strong></span> <span class='ocrx_word' id='word_1_418' title='bbox 2418 2760 2579 2799; x_wconf 86' lang='lat' dir='ltr'><strong>nemo</strong></span> <span class='ocrx_word' id='word_1_419' title='bbox 2614 2744 2777 2800; x_wconf 89' lang='lat' dir='ltr'><strong>fuerit</strong></span> <span class='ocrx_word' id='word_1_420' title='bbox 2815 2747 2880 2812; x_wconf 82' lang='grc'><strong>¹⁶,</strong></span> <span class='ocrx_word' id='word_1_421' title='bbox 2921 2756 2974 2802; x_wconf 90' lang='lat' dir='ltr'><strong>et</strong></span> <span class='ocrx_word' id='word_1_422' title='bbox 3021 2748 3076 2803; x_wconf 91' lang='lat' dir='ltr'><strong>in</strong></span> <span class='ocrx_word' id='word_1_423' title='bbox 3132 2757 3337 2803; x_wconf 83' lang='lat' dir='ltr'><strong>tantam</strong></span> <span class='ocrx_word' id='word_1_424' title='bbox 3389 2751 3731 2820; x_wconf 82' lang='lat' dir='ltr'><strong>Opinionem-</strong></span> 
     </span>
    </p>
   </div>
   <div class='ocr_carea' id='block_1_56' title="bbox 2122 2836 3707 2911">
    <p class='ocr_par' dir='ltr' id='par_1_56' title="bbox 2122 2836 3707 2911">
     <span class='ocr_line' id='line_1_57' title="bbox 2122 2836 3707 2911; baseline 0.007 -22"><span class='ocrx_word' id='word_1_425' title='bbox 2122 2836 2319 2890; x_wconf 91' lang='lat' dir='ltr'><strong>merito</strong></span> <span class='ocrx_word' id='word_1_426' title='bbox 2352 2836 2569 2891; x_wconf 83' lang='lat' dir='ltr'><strong>virtutis</strong></span> <span class='ocrx_word' id='word_1_427' title='bbox 2615 2839 2940 2904; x_wconf 87' lang='lat' dir='ltr'><strong>ascenderit,</strong></span> <span class='ocrx_word' id='word_1_428' title='bbox 2981 2849 3039 2894; x_wconf 88' lang='lat' dir='ltr'><strong>ut</strong></span> <span class='ocrx_word' id='word_1_429' title='bbox 3074 2856 3104 2895; x_wconf 91' lang='lat' dir='ltr'><strong>a</strong></span> <span class='ocrx_word' id='word_1_430' title='bbox 3147 2840 3422 2911; x_wconf 85' lang='lat' dir='ltr'><strong>plerisque</strong></span> <span class='ocrx_word' id='word_1_431' title='bbox 3455 2842 3707 2900; x_wconf 79' lang='lat' dir='ltr'><strong>Christus</strong></span> 
     </span>
    </p>
   </div>
   <div class='ocr_carea' id='block_1_57' title="bbox 2121 2929 3706 3005">
    <p class='ocr_par' dir='ltr' id='par_1_57' title="bbox 2121 2929 3706 3005">
     <span class='ocr_line' id='line_1_58' title="bbox 2121 2929 3706 3005; baseline 0.004 -23"><span class='ocrx_word' id='word_1_432' title='bbox 2121 2938 2440 2998; x_wconf 84' lang='lat' dir='ltr'><strong>putaretur;</strong></span> <span class='ocrx_word' id='word_1_433' title='bbox 2478 2929 2572 2984; x_wconf 83' lang='lat' dir='ltr'><strong>sed</strong></span> <span class='ocrx_word' id='word_1_434' title='bbox 2607 2929 2749 2984; x_wconf 81' lang='lat' dir='ltr'><strong>aliud</strong></span> <span class='ocrx_word' id='word_1_435' title='bbox 2789 2931 2964 2985; x_wconf 90' lang='lat' dir='ltr'><strong>multo</strong></span> <span class='ocrx_word' id='word_1_436' title='bbox 3014 2932 3339 2988; x_wconf 85' lang='lat' dir='ltr'><strong>mirabilius.</strong></span> <span class='ocrx_word' id='word_1_437' title='bbox 3376 2934 3489 3005; x_wconf 78' lang='lat'><strong>(75)</strong></span> <span class='ocrx_word' id='word_1_438' title='bbox 3533 2933 3706 2989; x_wconf 82' lang='lat' dir='ltr'><strong>Hero-</strong></span> 
     </span>
    </p>
   </div>
   <div class='ocr_carea' id='block_1_58' title="bbox 2121 3020 3707 3096">
    <p class='ocr_par' dir='ltr' id='par_1_58' title="bbox 2121 3020 3707 3096">
     <span class='ocr_line' id='line_1_59' title="bbox 2121 3020 3707 3096; baseline 0.006 -22"><span class='ocrx_word' id='word_1_439' title='bbox 2121 3021 2216 3075; x_wconf 87' lang='lat' dir='ltr'><strong>des</strong></span> <span class='ocrx_word' id='word_1_440' title='bbox 2250 3021 2521 3075; x_wconf 81' lang='lat' dir='ltr'><strong>tetrarcha</strong></span> <span class='ocrx_word' id='word_1_441' title='bbox 2574 3020 2810 3076; x_wconf 87' lang='lat' dir='ltr'><strong>habebat</strong></span> <span class='ocrx_word' id='word_1_442' title='bbox 2841 3023 3045 3093; x_wconf 75' lang='lat' dir='ltr'><strong>regiam</strong></span> <span class='ocrx_word' id='word_1_443' title='bbox 3090 3032 3434 3093; x_wconf 87' lang='lat' dir='ltr'><strong>potestatem,</strong></span> <span class='ocrx_word' id='word_1_444' title='bbox 3467 3035 3521 3081; x_wconf 91' lang='lat' dir='ltr'><strong>et</strong></span> <span class='ocrx_word' id='word_1_445' title='bbox 3554 3035 3707 3096; x_wconf 88' lang='lat' dir='ltr'><strong>pote-</strong></span> 
     </span>
    </p>
   </div>
   <div class='ocr_carea' id='block_1_59' title="bbox 2121 3110 3706 3178">
    <p class='ocr_par' dir='ltr' id='par_1_59' title="bbox 2121 3110 3706 3178">
     <span class='ocr_line' id='line_1_60' title="bbox 2121 3110 3706 3178; baseline 0.005 -14"><span class='ocrx_word' id='word_1_446' title='bbox 2121 3120 2207 3165; x_wconf 85' lang='lat' dir='ltr'><strong>rat</strong></span> <span class='ocrx_word' id='word_1_447' title='bbox 2237 3125 2385 3175; x_wconf 91' lang='lat' dir='ltr'><strong>eum,</strong></span> <span class='ocrx_word' id='word_1_448' title='bbox 2415 3125 2540 3166; x_wconf 91' lang='lat' dir='ltr'><strong>cum</strong></span> <span class='ocrx_word' id='word_1_449' title='bbox 2571 3110 2854 3178; x_wconf 79' lang='lat' dir='ltr'><strong>voluisset,</strong></span> <span class='ocrx_word' id='word_1_450' title='bbox 2890 3112 3139 3169; x_wconf 84' lang='lat' dir='ltr'><strong>occidere</strong></span> <span class='ocrx_word' id='word_1_451' title='bbox 3172 3130 3186 3166; x_wconf 88' lang='lat'>:</span> <span class='ocrx_word' id='word_1_452' title='bbox 3228 3124 3283 3170; x_wconf 91' lang='lat' dir='ltr'><strong>et</strong></span> <span class='ocrx_word' id='word_1_453' title='bbox 3313 3130 3437 3171; x_wconf 90' lang='lat' dir='ltr'><strong>cum</strong></span> <span class='ocrx_word' id='word_1_454' title='bbox 3473 3132 3586 3170; x_wconf 89' lang='lat' dir='ltr'><strong>rem</strong></span> <span class='ocrx_word' id='word_1_455' title='bbox 3625 3116 3706 3172; x_wconf 85' lang='lat' dir='ltr'><strong>fe-</strong></span> 
     </span>
    </p>
   </div>
   <div class='ocr_carea' id='block_1_60' title="bbox 2120 3203 3701 3275">
    <p class='ocr_par' dir='ltr' id='par_1_60' title="bbox 2120 3203 3701 3275">
     <span class='ocr_line' id='line_1_61' title="bbox 2120 3203 3701 3275; baseline 0.003 -17"><span class='ocrx_word' id='word_1_456' title='bbox 2120 3204 2286 3258; x_wconf 88' lang='lat' dir='ltr'><strong>cisset</strong></span> <span class='ocrx_word' id='word_1_457' title='bbox 2313 3204 2593 3273; x_wconf 87' lang='lat' dir='ltr'><strong>injustam,</strong></span> <span class='ocrx_word' id='word_1_458' title='bbox 2625 3211 2678 3256; x_wconf 85' lang='lat' dir='ltr'><strong>ct</strong></span> <span class='ocrx_word' id='word_1_459' title='bbox 2708 3212 2898 3258; x_wconf 90' lang='lat' dir='ltr'><strong>contra</strong></span> <span class='ocrx_word' id='word_1_460' title='bbox 2930 3203 3105 3274; x_wconf 81' lang='lat' dir='ltr'><strong>legem</strong></span> <span class='ocrx_word' id='word_1_461' title='bbox 3139 3203 3345 3275; x_wconf 75' lang='lat' dir='ltr'><strong>Moysi,</strong></span> <span class='ocrx_word' id='word_1_462' title='bbox 3380 3215 3441 3260; x_wconf 93' lang='lat' dir='ltr'><strong>ut</strong></span> <span class='ocrx_word' id='word_1_463' title='bbox 3474 3222 3701 3263; x_wconf 74' lang='lat' dir='ltr'><strong>uxorem</strong></span> 
     </span>
    </p>
   </div>
   <div class='ocr_carea' id='block_1_61' title="bbox 430 3292 2013 3383">
    <p class='ocr_par' dir='ltr' id='par_1_61' title="bbox 430 3295 2013 3371">
     <span class='ocr_line' id='line_1_62' title="bbox 430 3295 2013 3371; baseline 0.009 -27"><span class='ocrx_word' id='word_1_464' title='bbox 430 3295 603 3363; x_wconf 81' lang='lat' dir='ltr'><strong>(quod</strong></span> <span class='ocrx_word' id='word_1_465' title='bbox 631 3297 817 3365; x_wconf 87' lang='lat' dir='ltr'><strong>procul</strong></span> <span class='ocrx_word' id='word_1_466' title='bbox 845 3296 987 3353; x_wconf 85' lang='lat' dir='ltr'><strong>absit</strong></span> <span class='ocrx_word' id='word_1_467' title='bbox 1015 3312 1045 3353; x_wconf 92' lang='lat' dir='ltr'><strong>a</strong></span> <span class='ocrx_word' id='word_1_468' title='bbox 1074 3297 1255 3369; x_wconf 89' lang='lat' dir='ltr'><strong>nobis)</strong></span> <span class='ocrx_word' id='word_1_469' title='bbox 1287 3300 1582 3371; x_wconf 85' lang='lat' dir='ltr'><strong>negaverit,</strong></span> <span class='ocrx_word' id='word_1_470' title='bbox 1611 3302 1713 3358; x_wconf 89' lang='lat' dir='ltr'><strong>iste</strong></span> <span class='ocrx_word' id='word_1_471' title='bbox 1741 3303 1877 3358; x_wconf 84' lang='lat' dir='ltr'><strong>sciat</strong></span> <span class='ocrx_word' id='word_1_472' title='bbox 1907 3319 2013 3358; x_wconf 92' lang='lat' dir='ltr'><strong>non</strong></span> 
     </span>
    </p>
   </div>
   <div class='ocr_carea' id='block_1_62' title="bbox 2115 3292 3704 3383">
    <p class='ocr_par' dir='ltr' id='par_1_62' title="bbox 2122 3292 3704 3366">
     <span class='ocr_line' id='line_1_63' title="bbox 2122 3292 3704 3366; baseline 0.004 -20"><span class='ocrx_word' id='word_1_473' title='bbox 2122 3292 2306 3349; x_wconf 88' lang='lat' dir='ltr'><strong>fratris</strong></span> <span class='ocrx_word' id='word_1_474' title='bbox 2333 3294 2417 3349; x_wconf 88' lang='lat' dir='ltr'><strong>sui</strong></span> <span class='ocrx_word' id='word_1_475' title='bbox 2451 3294 2742 3364; x_wconf 86' lang='lat' dir='ltr'><strong>acciperet,</strong></span> <span class='ocrx_word' id='word_1_476' title='bbox 2771 3308 2893 3364; x_wconf 77' lang='lat' dir='ltr'><strong>quae</strong></span> <span class='ocrx_word' id='word_1_477' title='bbox 2925 3293 3161 3349; x_wconf 86' lang='lat' dir='ltr'><strong>habebat</strong></span> <span class='ocrx_word' id='word_1_478' title='bbox 3203 3295 3369 3349; x_wconf 86' lang='lat' dir='ltr'><strong>tiliam</strong></span> <span class='ocrx_word' id='word_1_479' title='bbox 3415 3297 3484 3352; x_wconf 83' lang='lat' dir='ltr'><strong>de</strong></span> <span class='ocrx_word' id='word_1_480' title='bbox 3530 3297 3704 3366; x_wconf 87' lang='lat' dir='ltr'><strong>priori</strong></span> 
     </span>
    </p>
   </div>
   <div class='ocr_carea' id='block_1_63' title="bbox 433 3384 2010 3460">
    <p class='ocr_par' dir='ltr' id='par_1_63' title="bbox 433 3384 2010 3460">
     <span class='ocr_line' id='line_1_64' title="bbox 433 3384 2010 3460; baseline 0.008 -22"><span class='ocrx_word' id='word_1_481' title='bbox 433 3399 494 3439; x_wconf 88' lang='lat' dir='ltr'><strong>se</strong></span> <span class='ocrx_word' id='word_1_482' title='bbox 539 3384 631 3441; x_wconf 89' lang='lat' dir='ltr'><strong>illo</strong></span> <span class='ocrx_word' id='word_1_483' title='bbox 667 3396 908 3457; x_wconf 87' lang='lat' dir='ltr'><strong>tempore</strong></span> <span class='ocrx_word' id='word_1_484' title='bbox 952 3403 1062 3459; x_wconf 93' lang='lat' dir='ltr'><strong>quo</strong></span> <span class='ocrx_word' id='word_1_485' title='bbox 1109 3404 1338 3460; x_wconf 75' lang='lat' dir='ltr'><strong>negasse</strong></span> <span class='ocrx_word' id='word_1_486' title='bbox 1368 3392 1519 3449; x_wconf 88' lang='lat' dir='ltr'><strong>visus</strong></span> <span class='ocrx_word' id='word_1_487' title='bbox 1564 3403 1680 3459; x_wconf 88' lang='lat' dir='ltr'><strong>est,</strong></span> <span class='ocrx_word' id='word_1_488' title='bbox 1733 3394 2010 3451; x_wconf 89' lang='lat' dir='ltr'><strong>Christum</strong></span> 
     </span>
    </p>
   </div>
   <div class='ocr_carea' id='block_1_64' title="bbox 431 3479 2012 3560">
    <p class='ocr_par' dir='ltr' id='par_1_64' title="bbox 431 3479 2012 3560">
     <span class='ocr_line' id='line_1_65' title="bbox 431 3479 2012 3560; baseline 0.01 -32"><span class='ocrx_word' id='word_1_489' title='bbox 431 3490 689 3546; x_wconf 79' lang='lat' dir='ltr'><strong>negasse;</strong></span> <span class='ocrx_word' id='word_1_490' title='bbox 734 3479 827 3534; x_wconf 87' lang='lat' dir='ltr'><strong>sed</strong></span> <span class='ocrx_word' id='word_1_491' title='bbox 877 3480 1086 3535; x_wconf 88' lang='lat' dir='ltr'><strong>semina</strong></span> <span class='ocrx_word' id='word_1_492' title='bbox 1130 3490 1185 3536; x_wconf 90' lang='lat' dir='ltr'><strong>et</strong></span> <span class='ocrx_word' id='word_1_493' title='bbox 1227 3482 1438 3539; x_wconf 86' lang='lat' dir='ltr'><strong>radices</strong></span> <span class='ocrx_word' id='word_1_494' title='bbox 1480 3484 1737 3541; x_wconf 85' lang='lat' dir='ltr'><strong>habuisse</strong></span> <span class='ocrx_word' id='word_1_495' title='bbox 1780 3489 2012 3560; x_wconf 78' lang='lat' dir='ltr'><strong>negandi</strong></span> 
     </span>
    </p>
   </div>
   <div class='ocr_carea' id='block_1_65' title="bbox 425 3563 2012 3647">
    <p class='ocr_par' dir='ltr' id='par_1_65' title="bbox 425 3563 2012 3647">
     <span class='ocr_line' id='line_1_66' title="bbox 425 3563 2012 3647; baseline 0.01 -29"><span class='ocrx_word' id='word_1_496' title='bbox 425 3563 539 3633; x_wconf 83' lang='lat' dir='ltr'><strong>jam</strong></span> <span class='ocrx_word' id='word_1_497' title='bbox 572 3576 804 3632; x_wconf 80' lang='lat' dir='ltr'><strong>veteres,</strong></span> <span class='ocrx_word' id='word_1_498' title='bbox 835 3577 963 3626; x_wconf 90' lang='lat' dir='ltr'><strong>tunc</strong></span> <span class='ocrx_word' id='word_1_499' title='bbox 999 3586 1125 3626; x_wconf 90' lang='lat' dir='ltr'><strong>vero</strong></span> <span class='ocrx_word' id='word_1_500' title='bbox 1154 3571 1326 3628; x_wconf 90' lang='lat' dir='ltr'><strong>fuisse</strong></span> <span class='ocrx_word' id='word_1_501' title='bbox 1370 3575 1614 3644; x_wconf 81' lang='lat' dir='ltr'><strong>agnitum</strong></span> <span class='ocrx_word' id='word_1_502' title='bbox 1657 3577 1803 3647; x_wconf 90' lang='lat' dir='ltr'><strong>quod</strong></span> <span class='ocrx_word' id='word_1_503' title='bbox 1847 3577 2012 3634; x_wconf 89' lang='lat' dir='ltr'><strong>babe-</strong></span> 
     </span>
    </p>
   </div>
   <div class='ocr_carea' id='block_1_66' title="bbox 431 3656 2010 3739">
    <p class='ocr_par' dir='ltr' id='par_1_66' title="bbox 431 3656 2010 3739">
     <span class='ocr_line' id='line_1_67' title="bbox 431 3656 2010 3739; baseline 0.01 -32"><span class='ocrx_word' id='word_1_504' title='bbox 431 3656 542 3721; x_wconf 85' lang='lat' dir='ltr'><strong>hat,</strong></span> <span class='ocrx_word' id='word_1_505' title='bbox 576 3667 632 3712; x_wconf 79' lang='lat' dir='ltr'><strong>et</strong></span> <span class='ocrx_word' id='word_1_506' title='bbox 676 3660 730 3714; x_wconf 80' lang='lat' dir='ltr'><strong>in</strong></span> <span class='ocrx_word' id='word_1_507' title='bbox 772 3662 1012 3717; x_wconf 85' lang='lat' dir='ltr'><strong>medium</strong></span> <span class='ocrx_word' id='word_1_508' title='bbox 1044 3678 1167 3719; x_wconf 88' lang='lat' dir='ltr'><strong>esse</strong></span> <span class='ocrx_word' id='word_1_509' title='bbox 1198 3666 1547 3735; x_wconf 82' lang='lat' dir='ltr'><strong>productum.</strong></span> <span class='ocrx_word' id='word_1_510' title='bbox 1569 3664 1805 3723; x_wconf 88' lang='lat' dir='ltr'><strong>Oremus</strong></span> <span class='ocrx_word' id='word_1_511' title='bbox 1846 3668 2010 3739; x_wconf 79' lang='lat' dir='ltr'><strong>igitur</strong></span> 
     </span>
    </p>
   </div>
   <div class='ocr_carea' id='block_1_67' title="bbox 424 3743 2009 3825">
    <p class='ocr_par' dir='ltr' id='par_1_67' title="bbox 424 3743 2009 3825">
     <span class='ocr_line' id='line_1_68' title="bbox 424 3743 2009 3825; baseline 0.009 -27"><span class='ocrx_word' id='word_1_512' title='bbox 424 3743 760 3814; x_wconf 75' lang='lat' dir='ltr'><strong>Dominum,</strong></span> <span class='ocrx_word' id='word_1_513' title='bbox 806 3760 871 3804; x_wconf 82' lang='lat' dir='ltr'><strong>ut</strong></span> <span class='ocrx_word' id='word_1_514' title='bbox 928 3751 1104 3807; x_wconf 87' lang='lat' dir='ltr'><strong>simus</strong></span> <span class='ocrx_word' id='word_1_515' title='bbox 1151 3753 1472 3822; x_wconf 74' lang='lat' dir='ltr'><strong>aedilicium,</strong></span> <span class='ocrx_word' id='word_1_516' title='bbox 1517 3756 1663 3825; x_wconf 78' lang='lat' dir='ltr'><strong>quod</strong></span> <span class='ocrx_word' id='word_1_517' title='bbox 1714 3766 2009 3825; x_wconf 84' lang='lat' dir='ltr'><strong>tempestas</strong></span> 
     </span>
    </p>
   </div>
   <div class='ocr_carea' id='block_1_68' title="bbox 424 3836 2008 3919">
    <p class='ocr_par' dir='ltr' id='par_1_68' title="bbox 424 3836 2008 3919">
     <span class='ocr_line' id='line_1_69' title="bbox 424 3836 2008 3919; baseline 0.009 -30"><span class='ocrx_word' id='word_1_518' title='bbox 424 3836 576 3892; x_wconf 86' lang='lat' dir='ltr'><strong>nulla</strong></span> <span class='ocrx_word' id='word_1_519' title='bbox 607 3838 906 3906; x_wconf 87' lang='lat' dir='ltr'><strong>subvertat,</strong></span> <span class='ocrx_word' id='word_1_520' title='bbox 959 3840 1244 3897; x_wconf 82' lang='lat' dir='ltr'><strong>fundatum</strong></span> <span class='ocrx_word' id='word_1_521' title='bbox 1294 3860 1458 3915; x_wconf 87' lang='lat' dir='ltr'><strong>supra</strong></span> <span class='ocrx_word' id='word_1_522' title='bbox 1506 3859 1740 3916; x_wconf 89' lang='lat' dir='ltr'><strong>petram,</strong></span> <span class='ocrx_word' id='word_1_523' title='bbox 1772 3863 1869 3919; x_wconf 83' lang='lat' dir='ltr'><strong>per</strong></span> <span class='ocrx_word' id='word_1_524' title='bbox 1902 3849 2008 3903; x_wconf 81' lang='lat' dir='ltr'><strong>Do-</strong></span> 
     </span>
    </p>
   </div>
   <div class='ocr_carea' id='block_1_69' title="bbox 428 3930 2006 4010">
    <p class='ocr_par' dir='ltr' id='par_1_69' title="bbox 428 3930 2006 4010">
     <span class='ocr_line' id='line_1_70' title="bbox 428 3930 2006 4010; baseline 0.007 -28"><span class='ocrx_word' id='word_1_525' title='bbox 428 3930 638 3985; x_wconf 90' lang='lat' dir='ltr'><strong>minum</strong></span> <span class='ocrx_word' id='word_1_526' title='bbox 676 3941 922 3989; x_wconf 88' lang='lat' dir='ltr'><strong>nostrum</strong></span> <span class='ocrx_word' id='word_1_527' title='bbox 951 3931 1138 3990; x_wconf 73' lang='lat' dir='ltr'><strong>Iesum</strong></span> <span class='ocrx_word' id='word_1_528' title='bbox 1172 3934 1474 4002; x_wconf 87' lang='lat' dir='ltr'><strong>Christum,</strong></span> <span class='ocrx_word' id='word_1_529' title='bbox 1506 3936 1597 3992; x_wconf 93' lang='lat' dir='ltr'><strong>cui</strong></span> <span class='ocrx_word' id='word_1_530' title='bbox 1625 3945 1711 3992; x_wconf 90' lang='lat' dir='ltr'><strong>est</strong></span> <span class='ocrx_word' id='word_1_531' title='bbox 1747 3938 1916 4010; x_wconf 74' lang='lat' dir='ltr'><strong>gloria</strong></span> <span class='ocrx_word' id='word_1_532' title='bbox 1951 3949 2006 3993; x_wconf 87' lang='lat' dir='ltr'><strong>et</strong></span> 
     </span>
    </p>
   </div>
   <div class='ocr_carea' id='block_1_70' title="bbox 423 4019 1628 4091">
    <p class='ocr_par' dir='ltr' id='par_1_70' title="bbox 423 4019 1628 4091">
     <span class='ocr_line' id='line_1_71' title="bbox 423 4019 1628 4091; baseline 0.005 -18"><span class='ocrx_word' id='word_1_533' title='bbox 423 4019 714 4091; x_wconf 83' lang='lat' dir='ltr'><strong>imperium</strong></span> <span class='ocrx_word' id='word_1_534' title='bbox 747 4024 802 4077; x_wconf 88' lang='lat' dir='ltr'><strong>in</strong></span> <span class='ocrx_word' id='word_1_535' title='bbox 827 4025 1023 4081; x_wconf 72' lang='lat' dir='ltr'><strong>saecula</strong></span> <span class='ocrx_word' id='word_1_536' title='bbox 1055 4028 1401 4082; x_wconf 75' lang='lat' dir='ltr'><strong>saeculorum.</strong></span> <span class='ocrx_word' id='word_1_537' title='bbox 1433 4027 1628 4083; x_wconf 78' lang='lat' dir='ltr'><strong>Amen.</strong></span> 
     </span>
    </p>
   </div>
   <div class='ocr_carea' id='block_1_71' title="bbox 947 4139 1473 4206">
    <p class='ocr_par' dir='ltr' id='par_1_71' title="bbox 947 4139 1473 4206">
     <span class='ocr_line' id='line_1_72' title="bbox 947 4139 1473 4206; baseline 0.004 -12"><span class='ocrx_word' id='word_1_538' title='bbox 947 4140 1232 4206; x_wconf 78' lang='lat' dir='ltr'><strong>HOMILIA</strong></span> <span class='ocrx_word' id='word_1_539' title='bbox 1260 4139 1473 4197; x_wconf 70' lang='lat' dir='ltr'><strong>XXVII.</strong></span> 
     </span>
    </p>
   </div>
   <div class='ocr_carea' id='block_1_72' title="bbox 423 4251 2000 4328">
    <p class='ocr_par' dir='ltr' id='par_1_72' title="bbox 423 4251 2000 4328">
     <span class='ocr_line' id='line_1_73' title="bbox 423 4251 2000 4328; baseline 0.003 -22"><span class='ocrx_word' id='word_1_540' title='bbox 423 4251 503 4307; x_wconf 83' lang='lat' dir='ltr'><strong>De</strong></span> <span class='ocrx_word' id='word_1_541' title='bbox 535 4270 593 4328; x_wconf 77' lang='lat' dir='ltr'><strong>eo</strong></span> <span class='ocrx_word' id='word_1_542' title='bbox 635 4255 775 4324; x_wconf 84' lang='lat' dir='ltr'><strong>quod</strong></span> <span class='ocrx_word' id='word_1_543' title='bbox 811 4255 1177 4328; x_wconf 83' lang='lat' dir='ltr'><strong>scriptumest</strong></span> <span class='ocrx_word' id='word_1_544' title='bbox 1212 4272 1229 4309; x_wconf 88' lang='lat'><strong><em>:</em></strong></span> <span class='ocrx_word' id='word_1_545' title='bbox 1260 4274 1279 4307; x_wconf 75' lang='grc' dir='ltr'><strong><em>ι</em></strong></span> <span class='ocrx_word' id='word_1_546' title='bbox 1323 4255 1498 4310; x_wconf 73' lang='lat' dir='ltr'><strong>Multa</strong></span> <span class='ocrx_word' id='word_1_547' title='bbox 1538 4257 1750 4328; x_wconf 71' lang='lat' dir='ltr'><strong>quidem</strong></span> <span class='ocrx_word' id='word_1_548' title='bbox 1791 4268 1840 4310; x_wconf 85' lang='lat' dir='ltr'><strong>et</strong></span> <span class='ocrx_word' id='word_1_549' title='bbox 1891 4258 2000 4310; x_wconf 87' lang='lat' dir='ltr'><strong>alia</strong></span> 
     </span>
    </p>
   </div>
   <div class='ocr_carea' id='block_1_73' title="bbox 494 4324 1999 4397">
    <p class='ocr_par' dir='ltr' id='par_1_73' title="bbox 494 4324 1999 4397">
     <span class='ocr_line' id='line_1_74' title="bbox 494 4324 1999 4397; baseline 0.001 -19"><span class='ocrx_word' id='word_1_550' title='bbox 494 4324 775 4397; x_wconf 52' lang='lat' dir='ltr'><strong>exhortans</strong></span> <span class='ocrx_word' id='word_1_551' title='bbox 810 4326 1184 4397; x_wconf 79' lang='lat' dir='ltr'><strong>annuntiabat,</strong></span> <span class='ocrx_word' id='word_1_552' title='bbox 1223 4344 1243 4378; x_wconf 73' lang='grc' dir='ltr'><strong><em>ι</em></strong></span> <span class='ocrx_word' id='word_1_553' title='bbox 1274 4343 1434 4397; x_wconf 85' lang='lat' dir='ltr'><strong>usque</strong></span> <span class='ocrx_word' id='word_1_554' title='bbox 1463 4329 1531 4381; x_wconf 87' lang='lat' dir='ltr'><strong>ad</strong></span> <span class='ocrx_word' id='word_1_555' title='bbox 1553 4324 1673 4380; x_wconf 72' lang='lat' dir='ltr'><strong>eum</strong></span> <span class='ocrx_word' id='word_1_556' title='bbox 1700 4327 1873 4380; x_wconf 88' lang='lat' dir='ltr'><strong>locum</strong></span> <span class='ocrx_word' id='word_1_557' title='bbox 1909 4328 1999 4380; x_wconf 85' lang='lat' dir='ltr'><strong>ubi</strong></span> 
     </span>
    </p>
   </div>
   <div class='ocr_carea' id='block_1_74' title="bbox 485 4393 1993 4534">
    <p class='ocr_par' dir='ltr' id='par_1_74' title="bbox 485 4393 1993 4534">
     <span class='ocr_line' id='line_1_75' title="bbox 485 4393 1993 4518; baseline 0.001 -72"><span class='ocrx_word' id='word_1_558' title='bbox 485 4396 571 4518; x_wconf 47' lang='lat' dir='ltr'><strong>{alit</strong></span> <span class='ocrx_word' id='word_1_559' title='bbox 610 4410 628 4445; x_wconf 86' lang='lat'><em>:</em></span> <span class='ocrx_word' id='word_1_560' title='bbox 667 4413 686 4447; x_wconf 71' lang='grc' dir='ltr'><em>ς</em></span> <span class='ocrx_word' id='word_1_561' title='bbox 732 4393 964 4463; x_wconf 77' lang='lat' dir='ltr'><strong>Spiritus</strong></span> <span class='ocrx_word' id='word_1_562' title='bbox 1013 4406 1228 4450; x_wconf 82' lang='lat' dir='ltr'><strong>sanctus</strong></span> <span class='ocrx_word' id='word_1_563' title='bbox 1277 4393 1541 4452; x_wconf 74' lang='lat' dir='ltr'><strong>descendit</strong></span> <span class='ocrx_word' id='word_1_564' title='bbox 1584 4413 1740 4466; x_wconf 84' lang='lat' dir='ltr'><strong>super</strong></span> <span class='ocrx_word' id='word_1_565' title='bbox 1778 4412 1919 4451; x_wconf 85' lang='lat' dir='ltr'><strong>eum.</strong></span> <span class='ocrx_word' id='word_1_566' title='bbox 1971 4416 1993 4448; x_wconf 69' lang='grc' dir='ltr'><strong>ο</strong></span> 
     </span>
     <span class='ocr_line' id='line_1_76' title="bbox 537 4479 736 4534; baseline 0.015 -18"><span class='ocrx_word' id='word_1_567' title='bbox 537 4479 623 4534; x_wconf 74' lang='lat' dir='ltr'><strong>ap.</strong></span> <span class='ocrx_word' id='word_1_568' title='bbox 656 4479 736 4519; x_wconf 84' lang='lat' dir='ltr'><strong>tu.</strong></span> 
     </span>
    </p>
   </div>
   <div class='ocr_carea' id='block_1_75' title="bbox 486 4574 1991 4647">
    <p class='ocr_par' dir='ltr' id='par_1_75' title="bbox 486 4574 1991 4647">
     <span class='ocr_line' id='line_1_77' title="bbox 486 4574 1991 4647; baseline 0.001 -18"><span class='ocrx_word' id='word_1_569' title='bbox 486 4574 595 4641; x_wconf 82' lang='lat' dir='ltr'><strong>Qui</strong></span> <span class='ocrx_word' id='word_1_570' title='bbox 639 4575 913 4647; x_wconf 76' lang='lat' dir='ltr'><strong>Evangelii</strong></span> <span class='ocrx_word' id='word_1_571' title='bbox 957 4591 1265 4633; x_wconf 84' lang='lat' dir='ltr'><strong>sermonem</strong></span> <span class='ocrx_word' id='word_1_572' title='bbox 1311 4576 1497 4642; x_wconf 83' lang='lat' dir='ltr'><strong>docet,</strong></span> <span class='ocrx_word' id='word_1_573' title='bbox 1526 4592 1633 4631; x_wconf 90' lang='lat' dir='ltr'><strong>non</strong></span> <span class='ocrx_word' id='word_1_574' title='bbox 1676 4593 1840 4632; x_wconf 86' lang='lat' dir='ltr'><strong>unam</strong></span> <span class='ocrx_word' id='word_1_575' title='bbox 1879 4594 1991 4632; x_wconf 86' lang='lat' dir='ltr'><strong>rem</strong></span> 
     </span>
    </p>
   </div>
   <div class='ocr_carea' id='block_1_76' title="bbox 2120 3384 3704 3456">
    <p class='ocr_par' dir='ltr' id='par_1_76' title="bbox 2120 3384 3704 3456">
     <span class='ocr_line' id='line_1_78' title="bbox 2120 3384 3704 3456; baseline 0.002 -16"><span class='ocrx_word' id='word_1_576' title='bbox 2120 3385 2263 3452; x_wconf 86' lang='lat' dir='ltr'><strong>viro,</strong></span> <span class='ocrx_word' id='word_1_577' title='bbox 2297 3401 2404 3440; x_wconf 91' lang='lat' dir='ltr'><strong>non</strong></span> <span class='ocrx_word' id='word_1_578' title='bbox 2434 3401 2558 3441; x_wconf 90' lang='lat' dir='ltr'><strong>cum</strong></span> <span class='ocrx_word' id='word_1_579' title='bbox 2589 3384 2796 3452; x_wconf 85' lang='lat' dir='ltr'><strong>timuit,</strong></span> <span class='ocrx_word' id='word_1_580' title='bbox 2845 3400 2953 3438; x_wconf 91' lang='lat' dir='ltr'><strong>non</strong></span> <span class='ocrx_word' id='word_1_581' title='bbox 2988 3386 3198 3456; x_wconf 90' lang='lat' dir='ltr'><strong>accepit</strong></span> <span class='ocrx_word' id='word_1_582' title='bbox 3245 3401 3561 3456; x_wconf 68' lang='lat' dir='ltr'><strong>personant,</strong></span> <span class='ocrx_word' id='word_1_583' title='bbox 3593 3403 3704 3444; x_wconf 86' lang='lat' dir='ltr'><strong>non</strong></span> 
     </span>
    </p>
   </div>
   <div class='ocr_carea' id='block_1_77' title="bbox 2120 3477 3704 3550">
    <p class='ocr_par' dir='ltr' id='par_1_77' title="bbox 2120 3477 3704 3550">
     <span class='ocr_line' id='line_1_79' title="bbox 2120 3477 3704 3550; baseline 0.001 -17"><span class='ocrx_word' id='word_1_584' title='bbox 2120 3479 2416 3550; x_wconf 82' lang='lat' dir='ltr'><strong>cogitavit,</strong></span> <span class='ocrx_word' id='word_1_585' title='bbox 2457 3487 2519 3533; x_wconf 90' lang='lat' dir='ltr'><strong>ut</strong></span> <span class='ocrx_word' id='word_1_586' title='bbox 2561 3479 2706 3542; x_wconf 71' lang='lat' dir='ltr'><strong>diui,</strong></span> <span class='ocrx_word' id='word_1_587' title='bbox 2740 3477 2943 3549; x_wconf 79' lang='lat' dir='ltr'><strong>regiam</strong></span> <span class='ocrx_word' id='word_1_588' title='bbox 2974 3484 3297 3547; x_wconf 82' lang='lat' dir='ltr'><strong>potestatem</strong></span> <span class='ocrx_word' id='word_1_589' title='bbox 3322 3519 3337 3543; x_wconf 94' lang='lat'><strong>,</strong></span> <span class='ocrx_word' id='word_1_590' title='bbox 3372 3494 3479 3534; x_wconf 90' lang='lat' dir='ltr'><strong>non</strong></span> <span class='ocrx_word' id='word_1_591' title='bbox 3514 3478 3704 3535; x_wconf 80' lang='lat' dir='ltr'><strong>formi-</strong></span> 
     </span>
    </p>
   </div>
   <div class='ocr_carea' id='block_1_78' title="bbox 2117 3569 3699 3639">
    <p class='ocr_par' dir='ltr' id='par_1_78' title="bbox 2117 3569 3699 3639">
     <span class='ocr_line' id='line_1_80' title="bbox 2117 3569 3699 3639; baseline 0 -14"><span class='ocrx_word' id='word_1_592' title='bbox 2117 3571 2263 3625; x_wconf 88' lang='lat' dir='ltr'><strong>davit</strong></span> <span class='ocrx_word' id='word_1_593' title='bbox 2285 3570 2597 3633; x_wconf 88' lang='lat' dir='ltr'><strong>interitum;</strong></span> <span class='ocrx_word' id='word_1_594' title='bbox 2628 3569 2834 3625; x_wconf 89' lang='lat' dir='ltr'><strong>sciebat</strong></span> <span class='ocrx_word' id='word_1_595' title='bbox 2854 3569 3027 3634; x_wconf 88' lang='lat' dir='ltr'><strong>enim,</strong></span> <span class='ocrx_word' id='word_1_596' title='bbox 3058 3569 3273 3624; x_wconf 90' lang='lat' dir='ltr'><strong>etiamsi</strong></span> <span class='ocrx_word' id='word_1_597' title='bbox 3302 3570 3561 3639; x_wconf 89' lang='lat' dir='ltr'><strong>propheta</strong></span> <span class='ocrx_word' id='word_1_598' title='bbox 3588 3585 3699 3626; x_wconf 91' lang='lat' dir='ltr'><strong>non</strong></span> 
     </span>
    </p>
   </div>
   <div class='ocr_carea' id='block_1_79' title="bbox 2114 3659 3700 3731">
    <p class='ocr_par' dir='ltr' id='par_1_79' title="bbox 2114 3659 3700 3731">
     <span class='ocr_line' id='line_1_81' title="bbox 2114 3659 3700 3731; baseline 0.001 -15"><span class='ocrx_word' id='word_1_599' title='bbox 2114 3670 2281 3727; x_wconf 85' lang='lat' dir='ltr'><strong>esset,</strong></span> <span class='ocrx_word' id='word_1_600' title='bbox 2329 3661 2473 3731; x_wconf 86' lang='lat' dir='ltr'><strong>quod</strong></span> <span class='ocrx_word' id='word_1_601' title='bbox 2522 3659 2809 3716; x_wconf 82' lang='lat' dir='ltr'><strong>lacessitus</strong></span> <span class='ocrx_word' id='word_1_602' title='bbox 2852 3672 2976 3713; x_wconf 91' lang='lat' dir='ltr'><strong>eum</strong></span> <span class='ocrx_word' id='word_1_603' title='bbox 3024 3668 3211 3729; x_wconf 87' lang='lat' dir='ltr'><strong>posset</strong></span> <span class='ocrx_word' id='word_1_604' title='bbox 3257 3661 3524 3717; x_wconf 87' lang='lat' dir='ltr'><strong>occidere.</strong></span> <span class='ocrx_word' id='word_1_605' title='bbox 3572 3660 3700 3718; x_wconf 73' lang='lat' dir='ltr'><strong>Haec</strong></span> 
     </span>
    </p>
   </div>
   <div class='ocr_carea' id='block_1_80' title="bbox 2116 3752 3699 3824">
    <p class='ocr_par' dir='ltr' id='par_1_80' title="bbox 2116 3752 3699 3824">
     <span class='ocr_line' id='line_1_82' title="bbox 2116 3752 3699 3824; baseline 0.004 -18"><span class='ocrx_word' id='word_1_606' title='bbox 2116 3753 2282 3824; x_wconf 78' lang='lat' dir='ltr'><strong>igitur</strong></span> <span class='ocrx_word' id='word_1_607' title='bbox 2332 3752 2587 3807; x_wconf 85' lang='lat' dir='ltr'><strong>universa</strong></span> <span class='ocrx_word' id='word_1_608' title='bbox 2636 3767 2759 3806; x_wconf 93' lang='lat' dir='ltr'><strong>cum</strong></span> <span class='ocrx_word' id='word_1_609' title='bbox 2805 3761 3025 3817; x_wconf 88' lang='lat' dir='ltr'><strong>nosset,</strong></span> <span class='ocrx_word' id='word_1_610' title='bbox 3079 3752 3329 3807; x_wconf 87' lang='lat' dir='ltr'><strong>libertate</strong></span> <span class='ocrx_word' id='word_1_611' title='bbox 3379 3752 3699 3823; x_wconf 84' lang='lat' dir='ltr'><strong>prephetica</strong></span> 
     </span>
    </p>
   </div>
   <div class='ocr_carea' id='block_1_81' title="bbox 2112 3841 3696 3915">
    <p class='ocr_par' dir='ltr' id='par_1_81' title="bbox 2112 3841 3696 3915">
     <span class='ocr_line' id='line_1_83' title="bbox 2112 3841 3696 3915; baseline 0.001 -17"><span class='ocrx_word' id='word_1_612' title='bbox 2112 3843 2382 3912; x_wconf 87' lang='lat' dir='ltr'><strong>corripuit</strong></span> <span class='ocrx_word' id='word_1_613' title='bbox 2427 3841 2732 3908; x_wconf 82' lang='lat' dir='ltr'><strong>Herodem,</strong></span> <span class='ocrx_word' id='word_1_614' title='bbox 2762 3851 2817 3898; x_wconf 89' lang='lat' dir='ltr'><strong>et</strong></span> <span class='ocrx_word' id='word_1_615' title='bbox 2854 3843 3090 3898; x_wconf 86' lang='lat' dir='ltr'><strong>incestas</strong></span> <span class='ocrx_word' id='word_1_616' title='bbox 3132 3843 3352 3912; x_wconf 78' lang='lat' dir='ltr'><strong>nuptias</strong></span> <span class='ocrx_word' id='word_1_617' title='bbox 3388 3845 3604 3915; x_wconf 74' lang='lat' dir='ltr'><strong>arguit,</strong></span> <span class='ocrx_word' id='word_1_618' title='bbox 3642 3855 3696 3900; x_wconf 88' lang='lat' dir='ltr'><strong>et</strong></span> 
     </span>
    </p>
   </div>
   <div class='ocr_carea' id='block_1_82' title="bbox 2111 3933 3692 4001">
    <p class='ocr_par' dir='ltr' id='par_1_82' title="bbox 2111 3933 3692 4001">
     <span class='ocr_line' id='line_1_84' title="bbox 2111 3933 3692 4001; baseline 0.002 -13"><span class='ocrx_word' id='word_1_619' title='bbox 2111 3934 2183 3988; x_wconf 91' lang='lat' dir='ltr'><strong>oh</strong></span> <span class='ocrx_word' id='word_1_620' title='bbox 2220 3933 2278 3988; x_wconf 85' lang='lat' dir='ltr'><strong>id</strong></span> <span class='ocrx_word' id='word_1_621' title='bbox 2319 3934 2542 3989; x_wconf 89' lang='lat' dir='ltr'><strong>clausus</strong></span> <span class='ocrx_word' id='word_1_622' title='bbox 2584 3934 2637 3987; x_wconf 86' lang='lat' dir='ltr'><strong>in</strong></span> <span class='ocrx_word' id='word_1_623' title='bbox 2673 3948 2913 3999; x_wconf 88' lang='lat' dir='ltr'><strong>carcere,</strong></span> <span class='ocrx_word' id='word_1_624' title='bbox 2942 3948 3052 3988; x_wconf 90' lang='lat' dir='ltr'><strong>non</strong></span> <span class='ocrx_word' id='word_1_625' title='bbox 3093 3933 3160 3988; x_wconf 81' lang='lat' dir='ltr'><strong>de</strong></span> <span class='ocrx_word' id='word_1_626' title='bbox 3193 3944 3370 3989; x_wconf 88' lang='lat' dir='ltr'><strong>morte</strong></span> <span class='ocrx_word' id='word_1_627' title='bbox 3402 3934 3692 4001; x_wconf 85' lang='lat' dir='ltr'><strong>sollicitus,</strong></span> 
     </span>
    </p>
   </div>
   <div class='ocr_carea' id='block_1_83' title="bbox 2106 4025 3692 4096">
    <p class='ocr_par' dir='ltr' id='par_1_83' title="bbox 2106 4025 3692 4096">
     <span class='ocr_line' id='line_1_85' title="bbox 2106 4025 3692 4096; baseline 0 -15"><span class='ocrx_word' id='word_1_628' title='bbox 2106 4042 2220 4081; x_wconf 85' lang='lat' dir='ltr'><strong>non</strong></span> <span class='ocrx_word' id='word_1_629' title='bbox 2249 4026 2315 4081; x_wconf 90' lang='lat' dir='ltr'><strong>de</strong></span> <span class='ocrx_word' id='word_1_630' title='bbox 2346 4026 2554 4081; x_wconf 89' lang='lat' dir='ltr'><strong>incerto</strong></span> <span class='ocrx_word' id='word_1_631' title='bbox 2585 4025 2777 4096; x_wconf 90' lang='lat' dir='ltr'><strong>judicii</strong></span> <span class='ocrx_word' id='word_1_632' title='bbox 2802 4067 2819 4093; x_wconf 93' lang='lat'><strong>,</strong></span> <span class='ocrx_word' id='word_1_633' title='bbox 2851 4027 2944 4082; x_wconf 88' lang='lat' dir='ltr'><strong>sed</strong></span> <span class='ocrx_word' id='word_1_634' title='bbox 2987 4026 3042 4080; x_wconf 91' lang='lat' dir='ltr'><strong>in</strong></span> <span class='ocrx_word' id='word_1_635' title='bbox 3083 4026 3318 4082; x_wconf 81' lang='lat' dir='ltr'><strong>vinculis</strong></span> <span class='ocrx_word' id='word_1_636' title='bbox 3350 4027 3416 4083; x_wconf 90' lang='lat' dir='ltr'><strong>de</strong></span> <span class='ocrx_word' id='word_1_637' title='bbox 3447 4027 3692 4095; x_wconf 85' lang='lat' dir='ltr'><strong>Christo,</strong></span> 
     </span>
    </p>
   </div>
   <div class='ocr_carea' id='block_1_84' title="bbox 2109 4117 3690 4189">
    <p class='ocr_par' dir='ltr' id='par_1_84' title="bbox 2109 4117 3690 4189">
     <span class='ocr_line' id='line_1_86' title="bbox 2109 4117 3690 4189; baseline 0.003 -17"><span class='ocrx_word' id='word_1_638' title='bbox 2109 4134 2270 4188; x_wconf 84' lang='lat' dir='ltr'><strong>quem</strong></span> <span class='ocrx_word' id='word_1_639' title='bbox 2318 4118 2770 4182; x_wconf 78' lang='lat' dir='ltr'><strong>annuntiaverat,</strong></span> <span class='ocrx_word' id='word_1_640' title='bbox 2822 4119 3115 4188; x_wconf 81' lang='lat' dir='ltr'><strong>cogitabat.</strong></span> <span class='ocrx_word' id='word_1_641' title='bbox 3164 4117 3233 4174; x_wconf 81' lang='lat' dir='ltr'><strong>Et</strong></span> <span class='ocrx_word' id='word_1_642' title='bbox 3283 4119 3410 4189; x_wconf 89' lang='lat' dir='ltr'><strong>quia</strong></span> <span class='ocrx_word' id='word_1_643' title='bbox 3461 4119 3575 4189; x_wconf 88' lang='lat' dir='ltr'><strong>ipse</strong></span> <span class='ocrx_word' id='word_1_644' title='bbox 3620 4122 3690 4177; x_wconf 85' lang='lat' dir='ltr'><strong>ad</strong></span> 
     </span>
    </p>
   </div>
   <div class='ocr_carea' id='block_1_85' title="bbox 2107 4210 3691 4281">
    <p class='ocr_par' dir='ltr' id='par_1_85' title="bbox 2107 4210 3691 4281">
     <span class='ocr_line' id='line_1_87' title="bbox 2107 4210 3691 4281; baseline 0.003 -18"><span class='ocrx_word' id='word_1_645' title='bbox 2107 4210 2232 4265; x_wconf 83' lang='lat' dir='ltr'><strong>cum</strong></span> <span class='ocrx_word' id='word_1_646' title='bbox 2270 4210 2349 4264; x_wconf 89' lang='lat' dir='ltr'><strong>ire</strong></span> <span class='ocrx_word' id='word_1_647' title='bbox 2378 4223 2487 4264; x_wconf 90' lang='lat' dir='ltr'><strong>non</strong></span> <span class='ocrx_word' id='word_1_648' title='bbox 2533 4221 2763 4279; x_wconf 86' lang='lat' dir='ltr'><strong>poterat,</strong></span> <span class='ocrx_word' id='word_1_649' title='bbox 2803 4210 2969 4265; x_wconf 88' lang='lat' dir='ltr'><strong>mittit</strong></span> <span class='ocrx_word' id='word_1_650' title='bbox 3009 4210 3306 4281; x_wconf 72' lang='lat' dir='ltr'><strong>discipulos</strong></span> <span class='ocrx_word' id='word_1_651' title='bbox 3337 4227 3468 4266; x_wconf 84' lang='lat' dir='ltr'><strong>suos</strong></span> <span class='ocrx_word' id='word_1_652' title='bbox 3500 4212 3691 4267; x_wconf 82' lang='lat' dir='ltr'><strong>scisci-</strong></span> 
     </span>
    </p>
   </div>
   <div class='ocr_carea' id='block_1_86' title="bbox 2102 4286 3690 4371">
    <p class='ocr_par' dir='ltr' id='par_1_86' title="bbox 2102 4286 3690 4371">
     <span class='ocr_line' id='line_1_88' title="bbox 2102 4286 3690 4371; baseline 0.003 -15"><span class='ocrx_word' id='word_1_653' title='bbox 2102 4311 2281 4358; x_wconf 89' lang='lat' dir='ltr'><strong>tantes</strong></span> <span class='ocrx_word' id='word_1_654' title='bbox 2306 4316 2321 4351; x_wconf 87' lang='lat'><strong>:</strong></span> <span class='ocrx_word' id='word_1_655' title='bbox 2354 4298 2430 4354; x_wconf 85' lang='lat' dir='ltr'><strong>Tu</strong></span> <span class='ocrx_word' id='word_1_656' title='bbox 2454 4317 2506 4357; x_wconf 82' lang='lat' dir='ltr'><strong>es</strong></span> <span class='ocrx_word' id='word_1_657' title='bbox 2526 4286 2616 4371; x_wconf 75' lang='lat' dir='ltr'><strong>qui</strong></span> <span class='ocrx_word' id='word_1_658' title='bbox 2641 4313 2887 4356; x_wconf 86' lang='lat' dir='ltr'><strong>venturus</strong></span> <span class='ocrx_word' id='word_1_659' title='bbox 2901 4318 2980 4367; x_wconf 85' lang='lat' dir='ltr'><strong>es,</strong></span> <span class='ocrx_word' id='word_1_660' title='bbox 3010 4317 3076 4353; x_wconf 86' lang='lat' dir='ltr'><strong>an</strong></span> <span class='ocrx_word' id='word_1_661' title='bbox 3099 4301 3262 4355; x_wconf 88' lang='lat' dir='ltr'><strong>alium</strong></span> <span class='ocrx_word' id='word_1_662' title='bbox 3286 4306 3690 4371; x_wconf 75' lang='lat' dir='ltr'><strong>exspectamus?</strong></span> 
     </span>
    </p>
   </div>
   <div class='ocr_carea' id='block_1_87' title="bbox 2105 4390 3685 4463">
    <p class='ocr_par' dir='ltr' id='par_1_87' title="bbox 2105 4390 3685 4463">
     <span class='ocr_line' id='line_1_89' title="bbox 2105 4390 3685 4463; baseline -0.004 -10"><span class='ocrx_word' id='word_1_663' title='bbox 2105 4394 2531 4459; x_wconf 79' lang='lat' dir='ltr'><strong>Animadvertis,</strong></span> <span class='ocrx_word' id='word_1_664' title='bbox 2561 4394 2709 4463; x_wconf 90' lang='lat' dir='ltr'><strong>quod</strong></span> <span class='ocrx_word' id='word_1_665' title='bbox 2747 4403 2802 4448; x_wconf 87' lang='lat' dir='ltr'><strong>et</strong></span> <span class='ocrx_word' id='word_1_666' title='bbox 2841 4392 2896 4446; x_wconf 88' lang='lat' dir='ltr'><strong>in</strong></span> <span class='ocrx_word' id='word_1_667' title='bbox 2943 4407 3161 4448; x_wconf 86' lang='lat' dir='ltr'><strong>carcere</strong></span> <span class='ocrx_word' id='word_1_668' title='bbox 3202 4393 3467 4458; x_wconf 85' lang='lat' dir='ltr'><strong>docuerit,</strong></span> <span class='ocrx_word' id='word_1_669' title='bbox 3495 4390 3685 4447; x_wconf 84' lang='lat' dir='ltr'><strong>videns</strong></span> 
     </span>
    </p>
   </div>
   <div class='ocr_carea' id='block_1_88' title="bbox 2103 4484 3684 4555">
    <p class='ocr_par' dir='ltr' id='par_1_88' title="bbox 2103 4484 3684 4555">
     <span class='ocr_line' id='line_1_90' title="bbox 2103 4484 3684 4555; baseline -0.004 -11"><span class='ocrx_word' id='word_1_670' title='bbox 2103 4504 2228 4546; x_wconf 88' lang='lat' dir='ltr'><strong>cum</strong></span> <span class='ocrx_word' id='word_1_671' title='bbox 2256 4498 2310 4545; x_wconf 90' lang='lat' dir='ltr'><strong>et</strong></span> <span class='ocrx_word' id='word_1_672' title='bbox 2344 4488 2396 4542; x_wconf 89' lang='lat' dir='ltr'><strong>in</strong></span> <span class='ocrx_word' id='word_1_673' title='bbox 2430 4487 2525 4541; x_wconf 87' lang='lat' dir='ltr'><strong>illo</strong></span> <span class='ocrx_word' id='word_1_674' title='bbox 2557 4486 2679 4540; x_wconf 90' lang='lat' dir='ltr'><strong>loco</strong></span> <span class='ocrx_word' id='word_1_675' title='bbox 2727 4484 3024 4555; x_wconf 86' lang='lat' dir='ltr'><strong>discipulos</strong></span> <span class='ocrx_word' id='word_1_676' title='bbox 3055 4484 3274 4550; x_wconf 86' lang='lat' dir='ltr'><strong>habere,</strong></span> <span class='ocrx_word' id='word_1_677' title='bbox 3316 4495 3372 4540; x_wconf 89' lang='lat' dir='ltr'><strong>et</strong></span> <span class='ocrx_word' id='word_1_678' title='bbox 3400 4499 3566 4554; x_wconf 82' lang='lat' dir='ltr'><strong>quam</strong></span> <span class='ocrx_word' id='word_1_679' title='bbox 3610 4485 3684 4538; x_wconf 88' lang='lat' dir='ltr'><strong>ob</strong></span> 
     </span>
    </p>
   </div>
   <div class='ocr_carea' id='block_1_89' title="bbox 2100 4575 3679 4647">
    <p class='ocr_par' dir='ltr' id='par_1_89' title="bbox 2100 4575 3679 4647">
     <span class='ocr_line' id='line_1_91' title="bbox 2100 4575 3679 4647; baseline -0.006 -9"><span class='ocrx_word' id='word_1_680' title='bbox 2100 4596 2329 4638; x_wconf 80' lang='lat' dir='ltr'><strong>causam</strong></span> <span class='ocrx_word' id='word_1_681' title='bbox 2380 4577 2580 4634; x_wconf 86' lang='lat' dir='ltr'><strong>ibidem</strong></span> <span class='ocrx_word' id='word_1_682' title='bbox 2621 4591 2719 4647; x_wconf 89' lang='lat' dir='ltr'><strong>per</strong></span> <span class='ocrx_word' id='word_1_683' title='bbox 2752 4591 2811 4630; x_wconf 91' lang='lat' dir='ltr'><strong>se</strong></span> <span class='ocrx_word' id='word_1_684' title='bbox 2848 4575 3150 4631; x_wconf 88' lang='lat' dir='ltr'><strong>erudiebat.</strong></span> <span class='ocrx_word' id='word_1_685' title='bbox 3198 4575 3340 4630; x_wconf 88' lang='lat' dir='ltr'><strong>Inter</strong></span> <span class='ocrx_word' id='word_1_686' title='bbox 3367 4590 3488 4645; x_wconf 71' lang='lat' dir='ltr'><strong>quin</strong></span> <span class='ocrx_word' id='word_1_687' title='bbox 3514 4576 3679 4629; x_wconf 90' lang='lat' dir='ltr'><strong>etiam</strong></span> 
     </span>
    </p>
   </div>
   <div class='ocr_carea' id='block_1_90' title="bbox 420 4666 3682 4742">
    <p class='ocr_par' dir='ltr' id='par_1_90' title="bbox 420 4666 3682 4742">
     <span class='ocr_line' id='line_1_92' title="bbox 420 4666 3682 4742; baseline -0 -20"><span class='ocrx_word' id='word_1_688' title='bbox 420 4668 655 4738; x_wconf 82' lang='lat' dir='ltr'><strong>nuntiat,</strong></span> <span class='ocrx_word' id='word_1_689' title='bbox 687 4670 778 4726; x_wconf 89' lang='lat' dir='ltr'><strong>sed</strong></span> <span class='ocrx_word' id='word_1_690' title='bbox 808 4670 1090 4742; x_wconf 88' lang='lat' dir='ltr'><strong>plurimas.</strong></span> <span class='ocrx_word' id='word_1_691' title='bbox 1132 4669 1249 4726; x_wconf 79' lang='lat' dir='ltr'><strong>Hoc</strong></span> <span class='ocrx_word' id='word_1_692' title='bbox 1282 4670 1481 4740; x_wconf 88' lang='lat' dir='ltr'><strong>quippe</strong></span> <span class='ocrx_word' id='word_1_693' title='bbox 1511 4669 1792 4741; x_wconf 86' lang='lat' dir='ltr'><strong>Scriptura</strong></span> <span class='ocrx_word' id='word_1_694' title='bbox 1822 4672 1989 4742; x_wconf 76' lang='lat' dir='ltr'><strong>signi-</strong></span> <span class='ocrx_word' id='word_1_695' title='bbox 2027 4679 2069 4733; x_wconf 85' lang='grc' dir='ltr'><strong>Ι)</strong></span> <span class='ocrx_word' id='word_1_696' title='bbox 2099 4690 2225 4731; x_wconf 88' lang='lat' dir='ltr'><strong>cum</strong></span> <span class='ocrx_word' id='word_1_697' title='bbox 2255 4673 2321 4728; x_wconf 89' lang='lat' dir='ltr'><strong>de</strong></span> <span class='ocrx_word' id='word_1_698' title='bbox 2341 4671 2469 4726; x_wconf 77' lang='lat' dir='ltr'><strong>Jesu</strong></span> <span class='ocrx_word' id='word_1_699' title='bbox 2506 4678 2623 4723; x_wconf 91' lang='lat' dir='ltr'><strong>orta</strong></span> <span class='ocrx_word' id='word_1_700' title='bbox 2646 4677 2793 4724; x_wconf 83' lang='lat' dir='ltr'><strong>esset</strong></span> <span class='ocrx_word' id='word_1_701' title='bbox 2828 4667 3075 4739; x_wconf 68' lang='lat' dir='ltr'><strong>quaestio,</strong></span> <span class='ocrx_word' id='word_1_702' title='bbox 3111 4666 3277 4721; x_wconf 88' lang='lat' dir='ltr'><strong>mittit</strong></span> <span class='ocrx_word' id='word_1_703' title='bbox 3306 4683 3370 4722; x_wconf 79' lang='lat' dir='ltr'><strong>ex</strong></span> <span class='ocrx_word' id='word_1_704' title='bbox 3398 4667 3682 4737; x_wconf 83' lang='lat' dir='ltr'><strong>discipulis</strong></span> 
     </span>
    </p>
   </div>
   <div class='ocr_carea' id='block_1_91' title="bbox 479 4802 933 4867">
    <p class='ocr_par' dir='ltr' id='par_1_91' title="bbox 479 4802 933 4867">
     <span class='ocr_line' id='line_1_93' title="bbox 479 4802 933 4867; baseline -0.004 -10"><span class='ocrx_word' id='word_1_705' title='bbox 479 4803 551 4836; x_wconf 76' lang='lat'><strong>“&#39;</strong></span> <span class='ocrx_word' id='word_1_706' title='bbox 580 4802 601 4857; x_wconf 88' lang='grc' dir='ltr'><strong>Ι</strong></span> <span class='ocrx_word' id='word_1_707' title='bbox 634 4802 765 4859; x_wconf 88' lang='lat' dir='ltr'><strong>Cor.</strong></span> <span class='ocrx_word' id='word_1_708' title='bbox 797 4818 853 4867; x_wconf 70' lang='grc' dir='ltr'><strong>κ,</strong></span> <span class='ocrx_word' id='word_1_709' title='bbox 878 4802 933 4856; x_wconf 74' lang='grc'><strong>4.</strong></span> 
     </span>
    </p>
   </div>
   <div class='ocr_carea' id='block_1_92' title="bbox 416 4946 1991 5019">
    <p class='ocr_par' dir='ltr' id='par_1_92' title="bbox 416 4946 1991 5019">
     <span class='ocr_line' id='line_1_94' title="bbox 416 4946 1991 5019; baseline 0.001 -20"><span class='ocrx_word' id='word_1_710' title='bbox 416 4946 728 5019; x_wconf 56' lang='lat' dir='ltr'><strong>«sapasim;</strong></span> <span class='ocrx_word' id='word_1_711' title='bbox 747 4946 931 5019; x_wconf 49' lang='lat' dir='ltr'><strong>fieri»)</strong></span> <span class='ocrx_word' id='word_1_712' title='bbox 976 4946 1242 5019; x_wconf 56' lang='lat' dir='ltr'><strong>eremi-qus</strong></span> <span class='ocrx_word' id='word_1_713' title='bbox 1286 4946 1476 5019; x_wconf 63' lang='lat' dir='ltr'><strong>morbi;</strong></span> <span class='ocrx_word' id='word_1_714' title='bbox 1495 4986 1510 5011; x_wconf 94' lang='lat'><strong>,</strong></span> <span class='ocrx_word' id='word_1_715' title='bbox 1536 4947 1630 4999; x_wconf 73' lang='lat' dir='ltr'><strong>udi.</strong></span> <span class='ocrx_word' id='word_1_716' title='bbox 1662 4948 1991 5019; x_wconf 82' lang='grc' dir='ltr'><strong>ὑπομονητι-</strong></span> 
     </span>
    </p>
   </div>
   <div class='ocr_carea' id='block_1_93' title="bbox 418 4964 1992 5088">
    <p class='ocr_par' dir='ltr' id='par_1_93' title="bbox 418 4964 1992 5088">
     <span class='ocr_line' id='line_1_95' title="bbox 418 4964 1991 5019; baseline 0.001 -20"><span class='ocrx_word' id='word_1_717' title='bbox 418 4964 728 5018; x_wconf 78' lang='grc' dir='ltr'><strong>πειρασμος</strong></span> <span class='ocrx_word' id='word_1_718' title='bbox 769 4964 931 5000; x_wconf 82' lang='grc' dir='ltr'>αυτον</span> <span class='ocrx_word' id='word_1_719' title='bbox 976 4964 1242 5016; x_wconf 75' lang='grc' dir='ltr'><strong>πεπυιηκε</strong></span> <span class='ocrx_word' id='word_1_720' title='bbox 1286 4964 1510 5011; x_wconf 85' lang='grc' dir='ltr'><strong>πιστον,</strong></span> <span class='ocrx_word' id='word_1_721' title='bbox 1536 4964 1630 4999; x_wconf 85' lang='grc' dir='ltr'><strong>και</strong></span> <span class='ocrx_word' id='word_1_722' title='bbox 1662 4964 1766 5000; x_wconf 74' lang='grc' dir='ltr'>οπο</span> <span class='ocrx_word' id='word_1_723' title='bbox 1811 4964 1991 5019; x_wconf 83' lang='grc' dir='ltr'><strong>ονητι-</strong></span> 
     </span>
     <span class='ocr_line' id='line_1_96' title="bbox 418 4964 1992 5088; baseline 0.001 -18"><span class='ocrx_word' id='word_1_724' title='bbox 418 5019 532 5088; x_wconf 66' lang='lat' dir='ltr'><strong>nov,</strong></span> <span class='ocrx_word' id='word_1_725' title='bbox 570 5017 685 5070; x_wconf 85' lang='grc' dir='ltr'><strong>ἀλλ’</strong></span> <span class='ocrx_word' id='word_1_726' title='bbox 713 5012 877 5088; x_wconf 62' lang='grc' dir='ltr'>ρῦσαν</span> <span class='ocrx_word' id='word_1_727' title='bbox 901 5017 966 5088; x_wconf 61' lang='lat' dir='ltr'><strong>sv</strong></span> <span class='ocrx_word' id='word_1_728' title='bbox 996 5016 1146 5088; x_wconf 78' lang='grc' dir='ltr'>αὐτῷ</span> <span class='ocrx_word' id='word_1_729' title='bbox 1160 5015 1400 5088; x_wconf 72' lang='grc' dir='ltr'><strong>δύναμιν</strong></span> <span class='ocrx_word' id='word_1_730' title='bbox 1426 4964 1831 5088; x_wconf 52' lang='lat' dir='ltr'><strong>buopovqttxlilv</strong></span> <span class='ocrx_word' id='word_1_731' title='bbox 1859 5018 1992 5085; x_wconf 60' lang='grc' dir='ltr'><strong>ἐφω-</strong></span> 
     </span>
    </p>
   </div>
   <div class='ocr_carea' id='block_1_94' title="bbox 416 5086 1991 5157">
    <p class='ocr_par' dir='ltr' id='par_1_94' title="bbox 416 5086 1991 5157">
     <span class='ocr_line' id='line_1_97' title="bbox 416 5086 1991 5157; baseline 0.001 -19"><span class='ocrx_word' id='word_1_732' title='bbox 416 5087 673 5157; x_wconf 57' lang='grc' dir='ltr'><strong>γέρωσεν.</strong></span> <span class='ocrx_word' id='word_1_733' title='bbox 705 5086 870 5155; x_wconf 80' lang='lat' dir='ltr'><strong>Cupio</strong></span> <span class='ocrx_word' id='word_1_734' title='bbox 894 5086 1058 5157; x_wconf 78' lang='lat' dir='ltr'><strong>igitur</strong></span> <span class='ocrx_word' id='word_1_735' title='bbox 1080 5087 1255 5139; x_wconf 80' lang='lat' dir='ltr'><strong>uidere</strong></span> <span class='ocrx_word' id='word_1_736' title='bbox 1278 5088 1535 5156; x_wconf 84' lang='lat' dir='ltr'><strong>quomodo</strong></span> <span class='ocrx_word' id='word_1_737' title='bbox 1563 5086 1817 5141; x_wconf 77' lang='lat' dir='ltr'><strong>Dominus</strong></span> <span class='ocrx_word' id='word_1_738' title='bbox 1844 5102 1991 5140; x_wconf 68' lang='lat' dir='ltr'><strong>naeus</strong></span> 
     </span>
    </p>
   </div>
   <div class='ocr_carea' id='block_1_95' title="bbox 414 5155 1990 5227">
    <p class='ocr_par' dir='ltr' id='par_1_95' title="bbox 414 5155 1990 5227">
     <span class='ocr_line' id='line_1_98' title="bbox 414 5155 1990 5227; baseline 0.001 -19"><span class='ocrx_word' id='word_1_739' title='bbox 414 5155 571 5227; x_wconf 72' lang='lat' dir='ltr'><strong>Iesus</strong></span> <span class='ocrx_word' id='word_1_740' title='bbox 612 5157 764 5227; x_wconf 79' lang='lat' dir='ltr'><strong>liabet</strong></span> <span class='ocrx_word' id='word_1_741' title='bbox 806 5156 1178 5227; x_wconf 79' lang='lat' dir='ltr'><strong>ventilabrum,</strong></span> <span class='ocrx_word' id='word_1_742' title='bbox 1214 5168 1263 5227; x_wconf 86' lang='lat' dir='ltr'><strong>et</strong></span> <span class='ocrx_word' id='word_1_743' title='bbox 1293 5155 1413 5227; x_wconf 87' lang='lat' dir='ltr'><strong>quo</strong></span> <span class='ocrx_word' id='word_1_744' title='bbox 1454 5166 1605 5227; x_wconf 79' lang='lat' dir='ltr'><strong>uento</strong></span> <span class='ocrx_word' id='word_1_745' title='bbox 1644 5157 1808 5227; x_wconf 80' lang='lat' dir='ltr'><strong>ﬂante</strong></span> <span class='ocrx_word' id='word_1_746' title='bbox 1843 5158 1990 5223; x_wconf 86' lang='lat' dir='ltr'><strong>(nam</strong></span> 
     </span>
    </p>
   </div>
   <div class='ocr_carea' id='block_1_96' title="bbox 414 5223 1992 5295">
    <p class='ocr_par' dir='ltr' id='par_1_96' title="bbox 414 5223 1992 5295">
     <span class='ocr_line' id='line_1_99' title="bbox 414 5223 1992 5295; baseline 0.004 -21"><span class='ocrx_word' id='word_1_747' title='bbox 414 5223 505 5295; x_wconf 83' lang='lat' dir='ltr'><strong>ubi</strong></span> <span class='ocrx_word' id='word_1_748' title='bbox 531 5240 648 5295; x_wconf 79' lang='lat' dir='ltr'><strong>non</strong></span> <span class='ocrx_word' id='word_1_749' title='bbox 692 5226 788 5295; x_wconf 77' lang='lat' dir='ltr'><strong>ﬂat</strong></span> <span class='ocrx_word' id='word_1_750' title='bbox 829 5235 1041 5288; x_wconf 83' lang='lat' dir='ltr'><strong>ventus,</strong></span> <span class='ocrx_word' id='word_1_751' title='bbox 1073 5226 1263 5281; x_wconf 79' lang='lat' dir='ltr'><strong>inutile</strong></span> <span class='ocrx_word' id='word_1_752' title='bbox 1305 5223 1385 5281; x_wconf 76' lang='lat' dir='ltr'><strong>est</strong></span> <span class='ocrx_word' id='word_1_753' title='bbox 1431 5223 1803 5293; x_wconf 72' lang='lat' dir='ltr'><strong>ventilabrum)</strong></span> <span class='ocrx_word' id='word_1_754' title='bbox 1837 5226 1992 5295; x_wconf 86' lang='lat' dir='ltr'><strong>palea</strong></span> 
     </span>
    </p>
   </div>
   <div class='ocr_carea' id='block_1_97' title="bbox 412 5293 1985 5365">
    <p class='ocr_par' dir='ltr' id='par_1_97' title="bbox 412 5293 1985 5365">
     <span class='ocr_line' id='line_1_100' title="bbox 412 5293 1985 5365; baseline 0.003 -21"><span class='ocrx_word' id='word_1_755' title='bbox 412 5293 623 5358; x_wconf 80' lang='lat' dir='ltr'><strong>quidem</strong></span> <span class='ocrx_word' id='word_1_756' title='bbox 653 5293 896 5365; x_wconf 81' lang='lat' dir='ltr'><strong>rapiatur</strong></span> <span class='ocrx_word' id='word_1_757' title='bbox 921 5297 990 5349; x_wconf 86' lang='lat' dir='ltr'><strong>ad</strong></span> <span class='ocrx_word' id='word_1_758' title='bbox 1032 5296 1303 5364; x_wconf 84' lang='lat' dir='ltr'><strong>proprium</strong></span> <span class='ocrx_word' id='word_1_759' title='bbox 1345 5295 1523 5350; x_wconf 87' lang='lat' dir='ltr'><strong>locum</strong></span> <span class='ocrx_word' id='word_1_760' title='bbox 1543 5335 1558 5360; x_wconf 90' lang='lat'><strong>,</strong></span> <span class='ocrx_word' id='word_1_761' title='bbox 1595 5293 1845 5351; x_wconf 76' lang='lat' dir='ltr'><strong>triticum</strong></span> <span class='ocrx_word' id='word_1_762' title='bbox 1866 5312 1985 5349; x_wconf 77' lang='lat' dir='ltr'><strong>vero</strong></span> 
     </span>
    </p>
   </div>
   <div class='ocr_carea' id='block_1_98' title="bbox 410 5365 1985 5433">
    <p class='ocr_par' dir='ltr' id='par_1_98' title="bbox 410 5365 1985 5433">
     <span class='ocr_line' id='line_1_101' title="bbox 410 5365 1985 5433; baseline 0.002 -18"><span class='ocrx_word' id='word_1_763' title='bbox 410 5371 618 5419; x_wconf 68' lang='lat' dir='ltr'><strong>cauum</strong></span> <span class='ocrx_word' id='word_1_764' title='bbox 664 5381 915 5433; x_wconf 76' lang='lat' dir='ltr'><strong>superans</strong></span> <span class='ocrx_word' id='word_1_765' title='bbox 956 5365 1228 5433; x_wconf 79' lang='lat' dir='ltr'><strong>deferatur</strong></span> <span class='ocrx_word' id='word_1_766' title='bbox 1269 5367 1339 5420; x_wconf 91' lang='lat' dir='ltr'><strong>ad</strong></span> <span class='ocrx_word' id='word_1_767' title='bbox 1381 5381 1558 5420; x_wconf 81' lang='lat' dir='ltr'><strong>suum.</strong></span> <span class='ocrx_word' id='word_1_768' title='bbox 1593 5366 1670 5418; x_wconf 74' lang='lat' dir='ltr'><strong>Ac</strong></span> <span class='ocrx_word' id='word_1_769' title='bbox 1717 5366 1829 5423; x_wconf 81' lang='lat' dir='ltr'><strong>uide</strong></span> <span class='ocrx_word' id='word_1_770' title='bbox 1858 5382 1985 5419; x_wconf 82' lang='lat' dir='ltr'><strong>num</strong></span> 
     </span>
    </p>
   </div>
   <div class='ocr_carea' id='block_1_99' title="bbox 412 5435 1984 5506">
    <p class='ocr_par' dir='ltr' id='par_1_99' title="bbox 412 5435 1984 5506">
     <span class='ocr_line' id='line_1_102' title="bbox 412 5435 1984 5506; baseline 0.003 -22"><span class='ocrx_word' id='word_1_771' title='bbox 412 5440 549 5506; x_wconf 74' lang='lat' dir='ltr'><strong>[arte</strong></span> <span class='ocrx_word' id='word_1_772' title='bbox 582 5436 892 5506; x_wconf 81' lang='lat' dir='ltr'><strong>tentationes</strong></span> <span class='ocrx_word' id='word_1_773' title='bbox 930 5452 1050 5506; x_wconf 69' lang='lat' dir='ltr'><strong>qua:</strong></span> <span class='ocrx_word' id='word_1_774' title='bbox 1077 5435 1260 5505; x_wconf 80' lang='lat' dir='ltr'><strong>paleas</strong></span> <span class='ocrx_word' id='word_1_775' title='bbox 1301 5446 1610 5506; x_wconf 76' lang='lat' dir='ltr'><strong>segregant,</strong></span> <span class='ocrx_word' id='word_1_776' title='bbox 1657 5444 1838 5490; x_wconf 72' lang='lat' dir='ltr'><strong>ventus</strong></span> <span class='ocrx_word' id='word_1_777' title='bbox 1871 5436 1984 5506; x_wconf 63' lang='lat' dir='ltr'><strong>sint</strong></span> 
     </span>
    </p>
   </div>
   <div class='ocr_carea' id='block_1_100' title="bbox 410 5502 1982 5570">
    <p class='ocr_par' dir='ltr' id='par_1_100' title="bbox 410 5502 1982 5570">
     <span class='ocr_line' id='line_1_103' title="bbox 410 5502 1982 5570; baseline 0.003 -15"><span class='ocrx_word' id='word_1_778' title='bbox 410 5503 500 5570; x_wconf 76' lang='lat' dir='ltr'><strong>qui</strong></span> <span class='ocrx_word' id='word_1_779' title='bbox 544 5502 780 5557; x_wconf 69' lang='lat' dir='ltr'><strong>triticum</strong></span> <span class='ocrx_word' id='word_1_780' title='bbox 828 5502 954 5559; x_wconf 73' lang='lat' dir='ltr'><strong>vere</strong></span> <span class='ocrx_word' id='word_1_781' title='bbox 989 5502 1225 5559; x_wconf 83' lang='lat' dir='ltr'><strong>triticum</strong></span> <span class='ocrx_word' id='word_1_782' title='bbox 1266 5502 1379 5561; x_wconf 77' lang='lat' dir='ltr'><strong>esse</strong></span> <span class='ocrx_word' id='word_1_783' title='bbox 1428 5502 1809 5560; x_wconf 82' lang='lat' dir='ltr'><strong>demonstrant.</strong></span> <span class='ocrx_word' id='word_1_784' title='bbox 1860 5503 1982 5559; x_wconf 82' lang='lat' dir='ltr'><strong>Non</strong></span> 
     </span>
    </p>
   </div>
   <div class='ocr_carea' id='block_1_101' title="bbox 408 5572 1979 5645">
    <p class='ocr_par' dir='ltr' id='par_1_101' title="bbox 408 5572 1979 5645">
     <span class='ocr_line' id='line_1_104' title="bbox 408 5572 1979 5645; baseline 0.003 -22"><span class='ocrx_word' id='word_1_785' title='bbox 408 5572 548 5645; x_wconf 80' lang='lat' dir='ltr'><strong>enim</strong></span> <span class='ocrx_word' id='word_1_786' title='bbox 588 5582 806 5645; x_wconf 77' lang='lat' dir='ltr'><strong>ventus,</strong></span> <span class='ocrx_word' id='word_1_787' title='bbox 842 5575 1011 5645; x_wconf 82' lang='lat' dir='ltr'><strong>idest</strong></span> <span class='ocrx_word' id='word_1_788' title='bbox 1052 5576 1272 5629; x_wconf 84' lang='lat' dir='ltr'><strong>tentatio</strong></span> <span class='ocrx_word' id='word_1_789' title='bbox 1296 5616 1310 5638; x_wconf 92' lang='lat'><strong>,</strong></span> <span class='ocrx_word' id='word_1_790' title='bbox 1353 5592 1472 5630; x_wconf 86' lang='lat' dir='ltr'><strong>cum</strong></span> <span class='ocrx_word' id='word_1_791' title='bbox 1508 5576 1738 5645; x_wconf 85' lang='lat' dir='ltr'><strong>aliquem</strong></span> <span class='ocrx_word' id='word_1_792' title='bbox 1786 5575 1979 5637; x_wconf 82' lang='lat' dir='ltr'><strong>vincit,</strong></span> 
     </span>
    </p>
   </div>
   <div class='ocr_carea' id='block_1_102' title="bbox 406 5643 1981 5714">
    <p class='ocr_par' dir='ltr' id='par_1_102' title="bbox 406 5643 1981 5714">
     <span class='ocr_line' id='line_1_105' title="bbox 406 5643 1981 5714; baseline 0.002 -20"><span class='ocrx_word' id='word_1_793' title='bbox 406 5643 611 5710; x_wconf 82' lang='lat' dir='ltr'><strong>paleam</strong></span> <span class='ocrx_word' id='word_1_794' title='bbox 630 5643 810 5714; x_wconf 78' lang='lat' dir='ltr'><strong>ipsum</strong></span> <span class='ocrx_word' id='word_1_795' title='bbox 839 5644 1010 5712; x_wconf 68' lang='lat' dir='ltr'><strong>efﬁcit.</strong></span> <span class='ocrx_word' id='word_1_796' title='bbox 1040 5647 1136 5699; x_wconf 86' lang='lat' dir='ltr'><strong>hoc</strong></span> <span class='ocrx_word' id='word_1_797' title='bbox 1164 5656 1261 5710; x_wconf 85' lang='lat' dir='ltr'><strong>est,</strong></span> <span class='ocrx_word' id='word_1_798' title='bbox 1293 5646 1454 5701; x_wconf 78' lang='lat' dir='ltr'><strong>leuent</strong></span> <span class='ocrx_word' id='word_1_799' title='bbox 1484 5656 1533 5700; x_wconf 85' lang='lat' dir='ltr'><strong>et</strong></span> <span class='ocrx_word' id='word_1_800' title='bbox 1566 5643 1862 5714; x_wconf 80' lang='lat' dir='ltr'><strong>infidelem,</strong></span> <span class='ocrx_word' id='word_1_801' title='bbox 1890 5645 1981 5698; x_wconf 85' lang='lat' dir='ltr'><strong>sed</strong></span> 
     </span>
    </p>
   </div>
   <div class='ocr_carea' id='block_1_103' title="bbox 400 5712 1977 5786">
    <p class='ocr_par' dir='ltr' id='par_1_103' title="bbox 400 5712 1977 5786">
     <span class='ocr_line' id='line_1_106' title="bbox 400 5712 1977 5786; baseline 0.003 -23"><span class='ocrx_word' id='word_1_802' title='bbox 400 5727 525 5764; x_wconf 86' lang='lat' dir='ltr'><strong>eum</strong></span> <span class='ocrx_word' id='word_1_803' title='bbox 562 5712 720 5767; x_wconf 85' lang='lat' dir='ltr'><strong>talem</strong></span> <span class='ocrx_word' id='word_1_804' title='bbox 744 5729 855 5767; x_wconf 84' lang='lat' dir='ltr'><strong>esse</strong></span> <span class='ocrx_word' id='word_1_805' title='bbox 887 5716 1084 5784; x_wconf 87' lang='lat' dir='ltr'><strong>arguit.</strong></span> <span class='ocrx_word' id='word_1_806' title='bbox 1114 5714 1183 5769; x_wconf 79' lang='lat' dir='ltr'><strong>Et</strong></span> <span class='ocrx_word' id='word_1_807' title='bbox 1213 5717 1274 5786; x_wconf 86' lang='lat' dir='ltr'><strong>si</strong></span> <span class='ocrx_word' id='word_1_808' title='bbox 1297 5712 1636 5771; x_wconf 82' lang='lat' dir='ltr'><strong>tentationem</strong></span> <span class='ocrx_word' id='word_1_809' title='bbox 1660 5716 1778 5786; x_wconf 87' lang='lat' dir='ltr'><strong>quis</strong></span> <span class='ocrx_word' id='word_1_810' title='bbox 1809 5715 1977 5768; x_wconf 83' lang='lat' dir='ltr'><strong>susti-</strong></span> 
     </span>
    </p>
   </div>
   <div class='ocr_carea' id='block_1_104' title="bbox 403 5785 1974 5856">
    <p class='ocr_par' dir='ltr' id='par_1_104' title="bbox 403 5785 1974 5856">
     <span class='ocr_line' id='line_1_107' title="bbox 403 5785 1974 5856; baseline 0.004 -23"><span class='ocrx_word' id='word_1_811' title='bbox 403 5791 549 5856; x_wconf 66' lang='lat' dir='ltr'><strong>neat,</strong></span> <span class='ocrx_word' id='word_1_812' title='bbox 592 5798 695 5836; x_wconf 80' lang='lat' dir='ltr'><strong>non</strong></span> <span class='ocrx_word' id='word_1_813' title='bbox 733 5799 853 5856; x_wconf 76' lang='lat' dir='ltr'><strong>eum</strong></span> <span class='ocrx_word' id='word_1_814' title='bbox 878 5787 1115 5856; x_wconf 21' lang='lat' dir='ltr'><strong>Atentatio</strong></span> <span class='ocrx_word' id='word_1_815' title='bbox 1154 5785 1359 5854; x_wconf 72' lang='lat' dir='ltr'><strong>ﬁdelem</strong></span> <span class='ocrx_word' id='word_1_816' title='bbox 1403 5787 1525 5856; x_wconf 63' lang='lat' dir='ltr'><strong>fecit</strong></span> <span class='ocrx_word' id='word_1_817' title='bbox 1563 5795 1611 5840; x_wconf 88' lang='lat' dir='ltr'><strong>et</strong></span> <span class='ocrx_word' id='word_1_818' title='bbox 1646 5785 1974 5856; x_wconf 78' lang='lat' dir='ltr'><strong>tolerantem,</strong></span> 
     </span>
    </p>
   </div>
   <div class='ocr_carea' id='block_1_105' title="bbox 402 5850 1973 5983">
    <p class='ocr_par' dir='ltr' id='par_1_105' title="bbox 402 5850 1973 5983">
     <span class='ocr_line' id='line_1_108' title="bbox 402 5850 1973 5983; baseline 0.004 -81"><span class='ocrx_word' id='word_1_819' title='bbox 402 5850 494 5983; x_wconf 57' lang='grc' dir='ltr'><strong>ἷῗά</strong></span> <span class='ocrx_word' id='word_1_820' title='bbox 516 5851 762 5909; x_wconf 85' lang='lat' dir='ltr'><strong>latentem</strong></span> <span class='ocrx_word' id='word_1_821' title='bbox 788 5854 843 5908; x_wconf 83' lang='lat' dir='ltr'><strong>in</strong></span> <span class='ocrx_word' id='word_1_822' title='bbox 870 5852 964 5908; x_wconf 80' lang='lat' dir='ltr'><strong>illo</strong></span> <span class='ocrx_word' id='word_1_823' title='bbox 1002 5850 1274 5925; x_wconf 72' lang='lat' dir='ltr'><strong>patientia</strong></span> <span class='ocrx_word' id='word_1_824' title='bbox 1315 5850 1561 5913; x_wconf 70' lang='lat' dir='ltr'><strong>viriutem</strong></span> <span class='ocrx_word' id='word_1_825' title='bbox 1596 5855 1973 5925; x_wconf 75' lang='lat' dir='ltr'><strong>manifestacit.</strong></span> 
     </span>
     <span class='ocr_line' id='line_1_109' title="bbox 454 5935 624 5979; baseline 0.012 -5"><span class='ocrx_word' id='word_1_826' title='bbox 454 5935 624 5979; x_wconf 54' lang='lat' dir='ltr'><strong>usus.</strong></span> 
     </span>
    </p>
   </div>
   <div class='ocr_carea' id='block_1_106' title="bbox 454 5935 624 5979">
    <p class='ocr_par' dir='ltr' id='par_1_106' title="bbox 454 5935 624 5979">
     <span class='ocr_line' id='line_1_110' title="bbox 454 5935 624 5979; baseline 0.012 -5"><span class='ocrx_word' id='word_1_827' title='bbox 454 5935 624 5979; x_wconf 66' lang='lat' dir='ltr'><strong>UEUS.</strong></span> 
     </span>
    </p>
   </div>
   <div class='ocr_carea' id='block_1_107' title="bbox 1016 4801 2090 4872">
    <p class='ocr_par' dir='ltr' id='par_1_107' title="bbox 1016 4801 2090 4872">
     <span class='ocr_line' id='line_1_111' title="bbox 1016 4801 2090 4872; baseline 0.001 -16"><span class='ocrx_word' id='word_1_828' title='bbox 1016 4805 1057 4835; x_wconf 80' lang='lat'>”</span> <span class='ocrx_word' id='word_1_829' title='bbox 1094 4801 1252 4858; x_wconf 72' lang='lat' dir='ltr'><strong>ioan.</strong></span> <span class='ocrx_word' id='word_1_830' title='bbox 1284 4818 1399 4868; x_wconf 78' lang='lat' dir='ltr'><strong>ssi,</strong></span> <span class='ocrx_word' id='word_1_831' title='bbox 1434 4802 1526 4857; x_wconf 77' lang='lat'><strong>25.</strong></span> <span class='ocrx_word' id='word_1_832' title='bbox 1604 4803 1648 4834; x_wconf 79' lang='lat'>&quot;</span> <span class='ocrx_word' id='word_1_833' title='bbox 1674 4801 1864 4858; x_wconf 83' lang='lat' dir='ltr'><strong>Matth.</strong></span> <span class='ocrx_word' id='word_1_834' title='bbox 1893 4820 1970 4872; x_wconf 72' lang='lat' dir='ltr'><strong>XI,</strong></span> <span class='ocrx_word' id='word_1_835' title='bbox 2004 4803 2090 4857; x_wconf 79' lang='grc' dir='ltr'><strong>Η.</strong></span> 
     </span>
    </p>
   </div>
   <div class='ocr_carea' id='block_1_108' title="bbox 2162 4938 3675 5017">
    <p class='ocr_par' dir='ltr' id='par_1_108' title="bbox 2162 4938 3675 5017">
     <span class='ocr_line' id='line_1_112' title="bbox 2162 4938 3675 5017; baseline -0.002 -18"><span class='ocrx_word' id='word_1_836' title='bbox 2162 4947 2276 5017; x_wconf 85' lang='lat'><strong>(75)</strong></span> <span class='ocrx_word' id='word_1_837' title='bbox 2311 4945 2525 5003; x_wconf 80' lang='lat' dir='ltr'><strong>Eaedem</strong></span> <span class='ocrx_word' id='word_1_838' title='bbox 2572 4946 2791 5017; x_wconf 70' lang='lat' dir='ltr'><strong>schedaz</strong></span> <span class='ocrx_word' id='word_1_839' title='bbox 2833 4962 2857 5017; x_wconf 60' lang='grc' dir='ltr'>ξ</span> <span class='ocrx_word' id='word_1_840' title='bbox 2895 4938 3065 5017; x_wconf 66' lang='grc' dir='ltr'>Οὗτος</span> <span class='ocrx_word' id='word_1_841' title='bbox 3115 4943 3453 5017; x_wconf 20' lang='grc' dir='ltr'><strong>παρᾏανᾷμῳς</strong></span> <span class='ocrx_word' id='word_1_842' title='bbox 3499 4945 3675 5017; x_wconf 76' lang='grc' dir='ltr'><strong>ἔγημε</strong></span> 
     </span>
    </p>
   </div>
   <div class='ocr_carea' id='block_1_109' title="bbox 2091 4962 3675 5087">
    <p class='ocr_par' dir='ltr' id='par_1_109' title="bbox 2091 4962 3675 5087">
     <span class='ocr_line' id='line_1_113' title="bbox 2162 4962 3675 5068; baseline -0.002 -69"><span class='ocrx_word' id='word_1_843' title='bbox 2162 4962 2276 5017; x_wconf 70' lang='grc' dir='ltr'><strong>(ιδ)</strong></span> <span class='ocrx_word' id='word_1_844' title='bbox 2311 4962 2525 5003; x_wconf 67' lang='lat' dir='ltr'><strong>naeuem</strong></span> <span class='ocrx_word' id='word_1_845' title='bbox 2576 4962 2791 5001; x_wconf 69' lang='lat' dir='ltr'><strong>scaeua:</strong></span> <span class='ocrx_word' id='word_1_846' title='bbox 2841 4962 2855 4997; x_wconf 85' lang='lat'><strong>:</strong></span> <span class='ocrx_word' id='word_1_847' title='bbox 2895 4962 3065 5008; x_wconf 85' lang='grc' dir='ltr'>υυτος</span> <span class='ocrx_word' id='word_1_848' title='bbox 3115 4962 3453 5016; x_wconf 81' lang='grc' dir='ltr'><strong>παρανομως</strong></span> <span class='ocrx_word' id='word_1_849' title='bbox 3499 4962 3675 5068; x_wconf 50' lang='lat' dir='ltr'><strong>aqua</strong></span> 
     </span>
     <span class='ocr_line' id='line_1_114' title="bbox 2091 5013 3675 5087; baseline -0.003 -17"><span class='ocrx_word' id='word_1_850' title='bbox 2091 5017 2191 5087; x_wconf 82' lang='grc' dir='ltr'><strong>τὴν</strong></span> <span class='ocrx_word' id='word_1_851' title='bbox 2220 5020 2455 5087; x_wconf 68' lang='grc' dir='ltr'><strong>γυναῖκα</strong></span> <span class='ocrx_word' id='word_1_852' title='bbox 2503 5016 2594 5069; x_wconf 81' lang='grc' dir='ltr'><strong>τοῦ</strong></span> <span class='ocrx_word' id='word_1_853' title='bbox 2629 5014 2859 5087; x_wconf 78' lang='grc' dir='ltr'><strong>ἀδελφοῦ</strong></span> <span class='ocrx_word' id='word_1_854' title='bbox 2892 5014 3058 5087; x_wconf 58' lang='grc' dir='ltr'><strong>αὐτῷ</strong></span> <span class='ocrx_word' id='word_1_855' title='bbox 3099 5013 3251 5087; x_wconf 60' lang='grc' dir='ltr'>παρὰ</span> <span class='ocrx_word' id='word_1_856' title='bbox 3276 5014 3568 5087; x_wconf 41' lang='grc' dir='ltr'>τὸν-Μωῦᾳ</span> <span class='ocrx_word' id='word_1_857' title='bbox 3600 5034 3675 5087; x_wconf 80' lang='grc' dir='ltr'><strong>ῳς</strong></span> 
     </span>
    </p>
   </div>
   <div class='ocr_carea' id='block_1_110' title="bbox 2089 5084 3677 5158">
    <p class='ocr_par' dir='ltr' id='par_1_110' title="bbox 2089 5084 3677 5158">
     <span class='ocr_line' id='line_1_115' title="bbox 2089 5084 3677 5158; baseline -0.001 -18"><span class='ocrx_word' id='word_1_858' title='bbox 2089 5084 2281 5158; x_wconf 45' lang='grc' dir='ltr'><strong>νόμον</strong></span> <span class='ocrx_word' id='word_1_859' title='bbox 2336 5086 2451 5158; x_wconf 74' lang='grc' dir='ltr'><strong>ἀλλ’</strong></span> <span class='ocrx_word' id='word_1_860' title='bbox 2501 5088 2530 5139; x_wconf 87' lang='grc' dir='ltr'>ὁ</span> <span class='ocrx_word' id='word_1_861' title='bbox 2557 5084 2960 5158; x_wconf 34' lang='grc' dir='ltr'><strong>,ᾲκατάληπτος</strong></span> <span class='ocrx_word' id='word_1_862' title='bbox 3014 5084 3310 5158; x_wconf 46' lang='grc' dir='ltr'><strong>ξῙῳᾴνύης)</strong></span> <span class='ocrx_word' id='word_1_863' title='bbox 3357 5085 3415 5158; x_wconf 47' lang='grc' dir='ltr'><strong>ὀ-</strong></span> <span class='ocrx_word' id='word_1_864' title='bbox 3449 5085 3677 5158; x_wconf 69' lang='grc' dir='ltr'><strong>μηδενρς</strong></span> 
     </span>
    </p>
   </div>
   <div class='ocr_carea' id='block_1_111' title="bbox 2090 5153 3675 5247">
    <p class='ocr_par' dir='ltr' id='par_1_111' title="bbox 2090 5153 3675 5247">
     <span class='ocr_line' id='line_1_116' title="bbox 2090 5153 3675 5247; baseline 0 0"><span class='ocrx_word' id='word_1_865' title='bbox 2090 5153 2382 5247; x_wconf 44' lang='lat' dir='ltr'><strong>cessem</strong></span> <span class='ocrx_word' id='word_1_866' title='bbox 2398 5153 3675 5247; x_wconf 40' lang='lat' dir='ltr'><strong>iecisse;9?.a3e1995-_;:i.V_Psﬂ&gt;;eir</strong></span> 
     </span>
    </p>
   </div>
   <div class='ocr_carea' id='block_1_112' title="bbox 2090 5221 3670 5301">
    <p class='ocr_par' dir='ltr' id='par_1_112' title="bbox 2090 5221 3670 5301">
     <span class='ocr_line' id='line_1_117' title="bbox 2090 5221 3670 5301; baseline -0.001 -21"><span class='ocrx_word' id='word_1_867' title='bbox 2090 5221 2366 5301; x_wconf 48' lang='lat' dir='ltr'><strong>gouslav,</strong></span> <span class='ocrx_word' id='word_1_868' title='bbox 2391 5221 2514 5301; x_wconf 53' lang='lat' dir='ltr'><strong>esse</strong></span> <span class='ocrx_word' id='word_1_869' title='bbox 2539 5221 2699 5301; x_wconf 51' lang='grc' dir='ltr'><strong>ἦςτίτον</strong></span> <span class='ocrx_word' id='word_1_870' title='bbox 2725 5221 2954 5301; x_wconf 58' lang='grc' dir='ltr'>πληρῶν</span> <span class='ocrx_word' id='word_1_871' title='bbox 2970 5221 3314 5301; x_wconf 51' lang='grc' dir='ltr'><strong>πρὸφητικὴρ</strong></span> <span class='ocrx_word' id='word_1_872' title='bbox 3338 5221 3670 5301; x_wconf 61' lang='grc' dir='ltr'><strong>πᾲρῤησῐαιύ,</strong></span> 
     </span>
    </p>
   </div>
   <div class='ocr_carea' id='block_1_113' title="bbox 2092 5242 3672 5416">
    <p class='ocr_par' dir='ltr' id='par_1_113' title="bbox 2092 5242 3672 5416">
     <span class='ocr_line' id='line_1_118' title="bbox 2092 5242 3670 5346; baseline -0.001 -66"><span class='ocrx_word' id='word_1_873' title='bbox 2092 5242 2357 5292; x_wconf 75' lang='grc' dir='ltr'><strong>εςουσιαν,</strong></span> <span class='ocrx_word' id='word_1_874' title='bbox 2391 5242 2510 5279; x_wconf 77' lang='lat' dir='ltr'><strong>eoos</strong></span> <span class='ocrx_word' id='word_1_875' title='bbox 2539 5242 2699 5297; x_wconf 81' lang='grc' dir='ltr'><strong>ηττον</strong></span> <span class='ocrx_word' id='word_1_876' title='bbox 2725 5242 2946 5298; x_wconf 69' lang='grc' dir='ltr'><strong>πληρων</strong></span> <span class='ocrx_word' id='word_1_877' title='bbox 2970 5242 3314 5346; x_wconf 47' lang='grc' dir='ltr'><strong>προφῖτικηγ</strong></span> <span class='ocrx_word' id='word_1_878' title='bbox 3338 5242 3670 5301; x_wconf 73' lang='grc' dir='ltr'><strong>παρρησιαν,</strong></span> 
     </span>
     <span class='ocr_line' id='line_1_119' title="bbox 2092 5293 3672 5416; baseline 0.001 -67"><span class='ocrx_word' id='word_1_879' title='bbox 2092 5295 2285 5368; x_wconf 76' lang='grc' dir='ltr'><strong>ἡλεγξε</strong></span> <span class='ocrx_word' id='word_1_880' title='bbox 2319 5295 2411 5349; x_wconf 71' lang='grc' dir='ltr'><strong>τὸν</strong></span> <span class='ocrx_word' id='word_1_881' title='bbox 2452 5295 2698 5366; x_wconf 80' lang='grc' dir='ltr'><strong>Ἡρώδην</strong></span> <span class='ocrx_word' id='word_1_882' title='bbox 2740 5296 2835 5349; x_wconf 71' lang='grc' dir='ltr'><strong>ἐπὶ</strong></span> <span class='ocrx_word' id='word_1_883' title='bbox 2874 5311 3129 5416; x_wconf 53' lang='grc' dir='ltr'><strong>παξανομ</strong></span> <span class='ocrx_word' id='word_1_884' title='bbox 3154 5313 3188 5394; x_wconf 53' lang='lat' dir='ltr'><strong>Et</strong></span> <span class='ocrx_word' id='word_1_885' title='bbox 3215 5310 3307 5347; x_wconf 84' lang='grc' dir='ltr'><strong>του</strong></span> <span class='ocrx_word' id='word_1_886' title='bbox 3323 5293 3540 5416; x_wconf 52' lang='grc' dir='ltr'><strong>χάδωυ·</strong></span> <span class='ocrx_word' id='word_1_887' title='bbox 3577 5299 3672 5351; x_wconf 74' lang='grc' dir='ltr'><strong>καὶ</strong></span> 
     </span>
     <span class='ocr_line' id='line_1_120' title="bbox 2093 5363 3668 5416; baseline 0 0"><span class='ocrx_word' id='word_1_888' title='bbox 2093 5365 2448 5416; x_wconf 78' lang='grc' dir='ltr'><strong>κατεκλείσθη</strong></span> <span class='ocrx_word' id='word_1_889' title='bbox 2476 5365 2555 5416; x_wconf 74' lang='grc' dir='ltr'><strong>εἰς</strong></span> <span class='ocrx_word' id='word_1_890' title='bbox 2587 5366 2854 5416; x_wconf 71' lang='grc' dir='ltr'><strong>φυλακὴν.</strong></span> <span class='ocrx_word' id='word_1_891' title='bbox 2883 5382 2954 5416; x_wconf 86' lang='grc' dir='ltr'>κα</span> <span class='ocrx_word' id='word_1_892' title='bbox 3013 5364 3084 5416; x_wconf 73' lang='lat' dir='ltr'><strong>wh</strong></span> <span class='ocrx_word' id='word_1_893' title='bbox 3113 5380 3390 5416; x_wconf 69' lang='grc' dir='ltr'><strong>ιιςοιιινων</strong></span> <span class='ocrx_word' id='word_1_894' title='bbox 3446 5363 3668 5416; x_wconf 78' lang='grc' dir='ltr'><strong>ανάτου.</strong></span> 
     </span>
    </p>
   </div>
   <div class='ocr_carea' id='block_1_114' title="bbox 2093 5363 3668 5447">
    <p class='ocr_par' dir='ltr' id='par_1_114' title="bbox 2093 5363 3668 5447">
     <span class='ocr_line' id='line_1_121' title="bbox 2093 5363 3668 5447; baseline -0.001 -28"><span class='ocrx_word' id='word_1_895' title='bbox 2093 5363 2451 5447; x_wconf 57' lang='grc' dir='ltr'><strong>ξξατὲξιλείσθη</strong></span> <span class='ocrx_word' id='word_1_896' title='bbox 2476 5363 2854 5447; x_wconf 36' lang='grc' dir='ltr'><strong>ειίξέρυλακῂν,</strong></span> <span class='ocrx_word' id='word_1_897' title='bbox 2865 5363 2978 5447; x_wconf 39' lang='lat' dir='ltr'><strong>zeal.</strong></span> <span class='ocrx_word' id='word_1_898' title='bbox 2993 5435 3003 5445; x_wconf 80' lang='lat'><em>_</em></span> <span class='ocrx_word' id='word_1_899' title='bbox 3108 5363 3235 5447; x_wconf 63' lang='lat' dir='ltr'><strong>pspt</strong></span> <span class='ocrx_word' id='word_1_900' title='bbox 3243 5363 3390 5434; x_wconf 85' lang='grc' dir='ltr'>μνῶν</span> <span class='ocrx_word' id='word_1_901' title='bbox 3413 5363 3668 5447; x_wconf 54' lang='grc' dir='ltr'><strong>θανάτου,</strong></span> 
     </span>
    </p>
   </div>
   <div class='ocr_carea' id='block_1_115' title="bbox 2091 5434 3673 5508">
    <p class='ocr_par' dir='ltr' id='par_1_115' title="bbox 2091 5434 3673 5508">
     <span class='ocr_line' id='line_1_122' title="bbox 2091 5434 3673 5508; baseline -0.003 -19"><span class='ocrx_word' id='word_1_902' title='bbox 2091 5436 2364 5508; x_wconf 78' lang='grc' dir='ltr'><strong>ὲμερίμνα</strong></span> <span class='ocrx_word' id='word_1_903' title='bbox 2387 5434 2523 5508; x_wconf 54' lang='lat' dir='ltr'><strong>crept</strong></span> <span class='ocrx_word' id='word_1_904' title='bbox 2558 5434 2816 5508; x_wconf 65' lang='lat' dir='ltr'><strong>Xpteroii.</strong></span> <span class='ocrx_word' id='word_1_905' title='bbox 2857 5434 2958 5508; x_wconf 61' lang='lat' dir='ltr'><strong>llic</strong></span> <span class='ocrx_word' id='word_1_906' title='bbox 2985 5434 3426 5508; x_wconf 72' lang='lat' dir='ltr'><strong>illiciteduxerat</strong></span> <span class='ocrx_word' id='word_1_907' title='bbox 3453 5448 3673 5508; x_wconf 67' lang='lat' dir='ltr'><strong>uxorem</strong></span> 
     </span>
    </p>
   </div>
   <div class='ocr_carea' id='block_1_116' title="bbox 2091 5503 3671 5576">
    <p class='ocr_par' dir='ltr' id='par_1_116' title="bbox 2091 5503 3671 5576">
     <span class='ocr_line' id='line_1_123' title="bbox 2091 5503 3671 5576; baseline -0.002 -18"><span class='ocrx_word' id='word_1_908' title='bbox 2091 5503 2279 5575; x_wconf 64' lang='lat' dir='ltr'><strong>fratris</strong></span> <span class='ocrx_word' id='word_1_909' title='bbox 2312 5506 2395 5576; x_wconf 77' lang='lat' dir='ltr'><strong>sui</strong></span> <span class='ocrx_word' id='word_1_910' title='bbox 2437 5503 2624 5561; x_wconf 68' lang='lat' dir='ltr'><strong>contra</strong></span> <span class='ocrx_word' id='word_1_911' title='bbox 2669 5505 2834 5576; x_wconf 84' lang='lat' dir='ltr'><strong>legem</strong></span> <span class='ocrx_word' id='word_1_912' title='bbox 2884 5503 3210 5574; x_wconf 81' lang='lat' dir='ltr'><strong>Moysis:at</strong></span> <span class='ocrx_word' id='word_1_913' title='bbox 3242 5503 3478 5576; x_wconf 81' lang='lat' dir='ltr'><strong>Joannes</strong></span> <span class='ocrx_word' id='word_1_914' title='bbox 3528 5503 3671 5571; x_wconf 83' lang='lat' dir='ltr'><strong>apud</strong></span> 
     </span>
    </p>
   </div>
   <div class='ocr_carea' id='block_1_117' title="bbox 2080 5573 3672 5645">
    <p class='ocr_par' dir='ltr' id='par_1_117' title="bbox 2080 5573 3672 5645">
     <span class='ocr_line' id='line_1_124' title="bbox 2080 5573 3672 5645; baseline -0.003 -14"><span class='ocrx_word' id='word_1_915' title='bbox 2080 5573 2240 5645; x_wconf 66' lang='lat' dir='ltr'><strong>quem</strong></span> <span class='ocrx_word' id='word_1_916' title='bbox 2266 5575 2414 5630; x_wconf 81' lang='lat' dir='ltr'><strong>nulla</strong></span> <span class='ocrx_word' id='word_1_917' title='bbox 2440 5586 2551 5629; x_wconf 88' lang='lat' dir='ltr'><strong>erat</strong></span> <span class='ocrx_word' id='word_1_918' title='bbox 2587 5573 2818 5645; x_wconf 81' lang='lat' dir='ltr'><strong>acceptio</strong></span> <span class='ocrx_word' id='word_1_919' title='bbox 2856 5573 3220 5645; x_wconf 79' lang='lat' dir='ltr'><strong>persenarum,</strong></span> <span class='ocrx_word' id='word_1_920' title='bbox 3255 5573 3561 5645; x_wconf 67' lang='lat' dir='ltr'><strong>quiquenec</strong></span> <span class='ocrx_word' id='word_1_921' title='bbox 3586 5588 3672 5627; x_wconf 67' lang='lat' dir='ltr'><strong>reo</strong></span> 
     </span>
    </p>
   </div>
   <div class='ocr_carea' id='block_1_118' title="bbox 2088 5641 3670 5716">
    <p class='ocr_par' dir='ltr' id='par_1_118' title="bbox 2088 5641 3670 5716">
     <span class='ocr_line' id='line_1_125' title="bbox 2088 5641 3670 5716; baseline -0.005 -15"><span class='ocrx_word' id='word_1_922' title='bbox 2088 5641 2232 5716; x_wconf 54' lang='lat' dir='ltr'><strong>piam</strong></span> <span class='ocrx_word' id='word_1_923' title='bbox 2273 5656 2589 5716; x_wconf 83' lang='lat' dir='ltr'><strong>potestatem</strong></span> <span class='ocrx_word' id='word_1_924' title='bbox 2625 5641 3016 5716; x_wconf 68' lang='lat' dir='ltr'><strong>extimescebat,</strong></span> <span class='ocrx_word' id='word_1_925' title='bbox 3048 5660 3213 5716; x_wconf 79' lang='lat' dir='ltr'><strong>neque</strong></span> <span class='ocrx_word' id='word_1_926' title='bbox 3242 5641 3415 5716; x_wconf 48' lang='lat' dir='ltr'><strong>milia:</strong></span> <span class='ocrx_word' id='word_1_927' title='bbox 3443 5641 3670 5716; x_wconf 83' lang='lat' dir='ltr'><strong>l_iberta-_—</strong></span> 
     </span>
    </p>
   </div>
   <div class='ocr_carea' id='block_1_119' title="bbox 2087 5710 3669 5785">
    <p class='ocr_par' dir='ltr' id='par_1_119' title="bbox 2087 5710 3669 5785">
     <span class='ocr_line' id='line_1_126' title="bbox 2087 5710 3669 5785; baseline -0.002 -15"><span class='ocrx_word' id='word_1_928' title='bbox 2087 5710 2191 5770; x_wconf 72' lang='lat' dir='ltr'><strong>tem</strong></span> <span class='ocrx_word' id='word_1_929' title='bbox 2238 5710 2596 5785; x_wconf 75' lang='lat' dir='ltr'><strong>propheticum</strong></span> <span class='ocrx_word' id='word_1_930' title='bbox 2645 5715 2928 5785; x_wconf 83' lang='lat' dir='ltr'><strong>implebat,</strong></span> <span class='ocrx_word' id='word_1_931' title='bbox 2981 5710 3236 5785; x_wconf 85' lang='lat' dir='ltr'><strong>corripuit</strong></span> <span class='ocrx_word' id='word_1_932' title='bbox 3288 5711 3552 5765; x_wconf 80' lang='lat' dir='ltr'><strong>Herodem</strong></span> <span class='ocrx_word' id='word_1_933' title='bbox 3601 5710 3669 5767; x_wconf 76' lang='lat' dir='ltr'><strong>ob</strong></span> 
     </span>
    </p>
   </div>
   <div class='ocr_carea' id='block_1_120' title="bbox 2084 5784 3667 5855">
    <p class='ocr_par' dir='ltr' id='par_1_120' title="bbox 2084 5784 3667 5855">
     <span class='ocr_line' id='line_1_127' title="bbox 2084 5784 3667 5855; baseline -0.003 -15"><span class='ocrx_word' id='word_1_934' title='bbox 2084 5784 2307 5841; x_wconf 85' lang='lat' dir='ltr'><strong>illicitas</strong></span> <span class='ocrx_word' id='word_1_935' title='bbox 2354 5787 2588 5855; x_wconf 88' lang='lat' dir='ltr'><strong>nuptias.</strong></span> <span class='ocrx_word' id='word_1_936' title='bbox 2638 5784 2727 5838; x_wconf 81' lang='lat' dir='ltr'><strong>Et</strong></span> <span class='ocrx_word' id='word_1_937' title='bbox 2753 5785 3017 5854; x_wconf 83' lang='lat' dir='ltr'><strong>conjectus</strong></span> <span class='ocrx_word' id='word_1_938' title='bbox 3059 5794 3135 5855; x_wconf 77' lang='lat' dir='ltr'><strong>est</strong></span> <span class='ocrx_word' id='word_1_939' title='bbox 3178 5784 3233 5855; x_wconf 87' lang='lat' dir='ltr'><strong>i_n_</strong></span> <span class='ocrx_word' id='word_1_940' title='bbox 3272 5797 3572 5855; x_wconf 73' lang='lat' dir='ltr'><strong>carcerem,</strong></span> <span class='ocrx_word' id='word_1_941' title='bbox 3614 5792 3667 5836; x_wconf 78' lang='lat' dir='ltr'><strong>et</strong></span> 
     </span>
    </p>
   </div>
   <div class='ocr_carea' id='block_1_121' title="bbox 2083 5850 3657 5921">
    <p class='ocr_par' dir='ltr' id='par_1_121' title="bbox 2083 5850 3657 5921">
     <span class='ocr_line' id='line_1_128' title="bbox 2083 5850 3657 5921; baseline -0.003 -14"><span class='ocrx_word' id='word_1_942' title='bbox 2083 5855 2149 5909; x_wconf 87' lang='lat' dir='ltr'><strong>de</strong></span> <span class='ocrx_word' id='word_1_943' title='bbox 2184 5864 2349 5914; x_wconf 88' lang='lat' dir='ltr'><strong>morte</strong></span> <span class='ocrx_word' id='word_1_944' title='bbox 2380 5850 2514 5913; x_wconf 81' lang='lat' dir='ltr'><strong>nihil</strong></span> <span class='ocrx_word' id='word_1_945' title='bbox 2551 5850 2855 5921; x_wconf 60' lang='lat' dir='ltr'><strong>sollicitus;</strong></span> <span class='ocrx_word' id='word_1_946' title='bbox 2879 5855 3031 5910; x_wconf 86' lang='lat' dir='ltr'><strong>unice</strong></span> <span class='ocrx_word' id='word_1_947' title='bbox 3065 5853 3129 5909; x_wconf 88' lang='lat' dir='ltr'><strong>de</strong></span> <span class='ocrx_word' id='word_1_948' title='bbox 3169 5853 3380 5909; x_wconf 83' lang='lat' dir='ltr'><strong>Christo</strong></span> <span class='ocrx_word' id='word_1_949' title='bbox 3416 5850 3657 5907; x_wconf 78' lang='lat' dir='ltr'><strong>curabat.</strong></span> 
     </span>
    </p>
   </div>
   <div class='ocr_carea' id='block_1_122' title="bbox 2085 5926 2162 5980">
    <p class='ocr_par' dir='ltr' id='par_1_122' title="bbox 2085 5926 2162 5980">
     <span class='ocr_line' id='line_1_129' title="bbox 2085 5926 2162 5980; baseline 0 0"><span class='ocrx_word' id='word_1_950' title='bbox 2085 5926 2162 5980; x_wconf 80' lang='grc' dir='ltr'><strong>ιι).</strong></span> 
     </span>
    </p>
   </div>
   <div class='ocr_carea' id='block_1_123' title="bbox 2092 5999 2167 6011">
    <p class='ocr_par' dir='ltr' id='par_1_123' title="bbox 2092 5999 2167 6011">
     <span class='ocr_line' id='line_1_130' title="bbox 2092 5999 2167 6011; baseline 0.027 -2"><span class='ocrx_word' id='word_1_951' title='bbox 2092 5999 2167 6011; x_wconf 71' lang='lat'><strong>.—</strong></span> 
     </span>
    </p>
   </div>
   <div class='ocr_carea' id='block_1_124' title="bbox 3070 6044 3117 6051">
    <p class='ocr_par' dir='ltr' id='par_1_124' title="bbox 3070 6044 3117 6051">
     <span class='ocr_line' id='line_1_131' title="bbox 3070 6044 3117 6051; baseline 0 0"><span class='ocrx_word' id='word_1_952' title='bbox 3070 6044 3117 6051; x_wconf 61' lang='grc' dir='ltr'><strong>,σε</strong></span> 
     </span>
    </p>
   </div>
  </div>
