4132 6458
499 284 636 342 1875

1671 281 1734 336 ΙΝ
1776 277 2011 336 LliCAM
2055 276 2338 331 IIOMILIA
2383 276 2574 331 XXIX.

3627 273 3764 330 18Ἰὸ

493 396 716 469 quando
738 396 1126 453 conscendere.
1162 397 1264 465 Qui
1305 399 1448 455 enim
1482 399 1607 456 fecit
1631 415 1757 454 eum
1795 399 1948 455 ctelis
1976 397 2069 452 tibi
2101 399 2147 454 Δ
2175 409 2485 450 sermonem
2516 393 2631 449 Dei.
2664 391 2972 461 Congregat
2998 391 3066 446 de
3097 391 3398 462 prophetis,
3431 393 3498 446 de
3520 390 3664 461 lege,
3699 392 3770 447 de

495 489 937 555 descendentem,
974 491 1234 546 mulieres
1272 508 1381 547 non
1414 493 1705 564 quaslibet,
1755 494 1848 548 sed
1882 507 2077 562 pecca-

496 582 686 646 trices,
711 589 767 636 et
789 597 928 650 quas
964 580 1242 652 Scriptura
1269 587 1707 654 reprehenderat,
1744 585 2039 639 introducit
2063 605 2076 640 :

495 675 592 747 qui
631 690 764 731 vero
788 676 1121 746 baptizatum
1152 687 1358 742 narrat,
1413 678 1618 733 nullius
1663 677 1791 732 facit
1835 679 2080 733 mulieris

499 766 850 820 mentionem.
892 764 948 818 In
984 763 1237 820 Matthazo
1275 766 1422 820 enim
1465 767 1516 798 ³³
1542 806 1557 831 ,
1595 774 1654 820 ut
1682 765 1946 828 diximus,
1983 781 2082 820 no-

500 857 742 910 minatur
769 853 812 908 Τ
817 855 1043 917 hamar,
1073 871 1196 924 quas
1235 871 1358 910 cum
1407 872 1600 912 socero
1645 856 1834 910 fraude
1879 871 2083 911 concu-

499 944 638 1006 buit.
679 954 735 1000 et
787 943 935 998 Ruth
991 944 1248 1001 Moabitis
1277 962 1376 1002 nec
1425 947 1494 1002 de
1541 964 1738 1018 genere
1790 949 1958 1003 Israel
1986 963 1999 1000 :
2029 957 2084 1003 et

500 1035 675 1101 Raab,
707 1052 829 1105 quae
862 1037 1006 1092 unde
1039 1047 1253 1106 sumpta
1284 1039 1376 1102 sit,
1413 1040 1556 1095 scire
1580 1055 1793 1109 nequeo
1826 1059 1838 1093 :
1865 1047 1918 1094 et
1947 1055 2082 1094 con-

498 1124 592 1194 iux
638 1122 802 1190 Uriaa,
837 1141 958 1195 quae
1009 1125 1232 1182 violavit
1282 1129 1464 1183 mariti
1517 1137 1717 1184 torum.
1753 1128 1891 1194 Quia
1935 1129 2082 1184 enim

504 1215 770 1272 Dominus
793 1226 978 1272 noster
1007 1226 1170 1288 atque
1206 1219 1456 1274 Salvator
1486 1221 1552 1274 ad
1578 1221 1680 1276 hoc
1723 1230 1986 1285 venerat,
2024 1230 2086 1277 ut

505 1308 788 1362 hominum
824 1318 1046 1378 peccata
1083 1312 1408 1381 susciperet,
1433 1321 1487 1367 et
1507 1329 1632 1367 eum
1661 1313 1755 1383 qui
1796 1328 1904 1367 non
1940 1313 2085 1369 fece-

503 1408 586 1450 rat
622 1408 930 1466 peccatum,
966 1415 1063 1468 pro
1086 1401 1246 1454 nobis
1277 1409 1557 1469 p::ccatum
1583 1401 1709 1455 fecit
1734 1401 1874 1455 Deus
1912 1418 1924 1454 :
1959 1416 2086 1470 pro-

503 1497 686 1556 pterea
717 1490 1056 1545 descendens
1091 1491 1143 1544 in
1182 1492 1466 1555 mundum,
1491 1494 1794 1562 assumpsit
1832 1503 2083 1562 peccato-

504 1592 625 1630 rum
669 1579 950 1632 hominum
982 1579 1412 1648 vitiosorumque
1461 1595 1792 1649 personam,
1830 1591 1884 1635 et
1934 1580 2084 1634 nasci

505 1669 677 1723 voluit
713 1669 780 1723 de
813 1670 983 1739 stirpe
1013 1668 1342 1734 Salomonis,
1383 1671 1541 1740 cujus
1577 1681 1798 1741 peccata
1839 1672 2084 1728 conscri-

506 1766 618 1827 pta,
642 1767 698 1813 et
735 1731 1004 1827 Roboa'm,
1035 1761 1194 1830 cujus
1229 1731 1424 1818 delicta
1451 1731 1726 1828 feruntur,
1752 1773 1802 1818 et
1832 1764 1899 1819 de
1924 1774 2084 1820 θεειο-
2117 1731 2161 1790 Β

504 1851 604 1914 ris,
637 1866 668 1905 e
701 1851 902 1921 quibus
953 1853 1107 1907 multi
1145 1852 1390 1909 fecerunt
1442 1856 1645 1909 malum
1697 1856 1749 1909 in
1790 1868 2086 1926 conspectu

505 1939 621 1994 Dei.
653 1941 885 2006 Quando
925 1957 1053 1997 vero
1081 1944 1148 1999 de
1177 1945 1395 2002 lavacro
1427 1949 1769 2014 conscendit,
1800 1957 1854 2002 et
1892 1963 2089 2003 secun-

503 2029 609 2086 dus
632 2033 767 2086 ordo
805 2048 927 2088 esse
957 2034 1308 2102 describitur,
1340 2051 1446 2089 non
1471 2052 1565 2105 per
1598 2036 1966 2101 Salomonem,
1993 2037 2088 2093 sed

503 2137 602 2191 per
629 2121 841 2177 Nathan
877 2125 1140 2191 nascitur,
1165 2127 1259 2195 qui
1294 2127 1413 2196 ejus
1452 2128 1634 2199 arguit
1667 2138 1876 2198 patrem
1924 2145 2088 2199 super

507 2214 650 2272 Uria:
696 2227 871 2272 morte
903 2227 1136 2289 ortuque
1193 2219 1526 2278 Salomonis.
1573 2222 1683 2280 Sed
1727 2225 1780 2278 in
1831 2225 2088 2283 Matthaeo

503 2323 719 2378 semper
743 2311 1112 2380 generationis
1160 2328 1358 2369 nomen
1410 2315 1769 2387 adjungttur:
1825 2317 1914 2372 hic
1963 2334 2090 2375 vero

472 2416 480 2422 ·
505 2399 723 2467 penitus
749 2401 975 2456 siletur:
1011 2402 1285 2472 Scriptum
1317 2414 1400 2460 est
1423 2407 1568 2460 enim
1599 2407 1670 2460 ibi
1701 2407 1783 2459 ’δε
1819 2409 2088 2462 Abraham

504 2491 680 2558 genuit
698 2487 877 2558 Isaac,
904 2489 1064 2546 Isaac
1087 2496 1263 2559 genuit
1283 2493 1474 2563 Iacob,
1496 2496 1662 2550 Iacob
1689 2500 1864 2567 genuit
1888 2497 2087 2552 Iudam

501 2590 552 2634 et
607 2582 801 2650 fratres
849 2583 988 2651 ejus,
1022 2583 1196 2639 Iudas
1243 2588 1424 2656 genuit
1471 2587 1672 2643 Phares
1721 2601 1768 2644 et
1799 2589 1996 2644 Zaram
2025 2593 2089 2647 de

508 2673 760 2741 Thamar,
790 2684 844 2730 et
874 2692 1048 2746 usque
1073 2679 1140 2732 ad
1169 2679 1328 2734 finem
1353 2719 1368 2744 ,
1411 2683 1620 2751 genuit,
1673 2698 1886 2753 semper
1921 2701 2088 2756 appo-

504 2769 671 2822 nitur.
705 2772 764 2823 ln
799 2769 946 2828 Luca
979 2787 1128 2836 vero,
1160 2773 1248 2827 ubi
1290 2775 1358 2828 de
1403 2775 1622 2831 lavacro
1651 2780 1968 2833 conscendit
1999 2779 2088 2835 Ie-

503 2875 620 2923 sus,
653 2861 794 2916 filius
827 2864 1026 2921 dicitur
1053 2881 1066 2916 :
1100 2864 1246 2920 Sicut
1277 2867 1565 2935 putabatur
1590 2869 1734 2938 ﬁlius
1760 2869 1955 2941 Ioseph
1984 2889 2003 2928 :
2034 2882 2089 2928 et

505 2949 559 3002 in
613 2961 721 3004 tam
757 2953 926 3008 multa
977 2956 1118 3010 serie
1152 2959 1468 3020 nominum,
1503 2969 1732 3028 excepto
1759 2962 1902 3031 quod
1929 2971 2087 3030 puta-

501 3042 662 3097 batur
689 3045 836 3112 ﬁlius
863 3046 1089 3116 Ioseph,
1128 3051 1494 3118 generationis
1536 3067 1732 3108 nomen
1783 3055 2082 3125 ascriptum
2113 3086 2154 3143 α

503 3149 611 3190 non
643 3146 747 3191 est.
776 3137 833 3193 In
864 3138 1118 3196 Mattbaeo
1145 3157 1253 3196 non
1281 3150 1364 3196 est
1410 3144 1696 3212 scriptum,
1749 3146 2035 3215 incipiebat
2067 3167 2084 3205 :

502 3226 593 3281 hic
621 3243 786 3294 vero,
839 3231 968 3300 quia
1015 3232 1083 3286 de
1135 3233 1462 3304 baptismate
1510 3251 1918 3293 conscensurus
1945 3250 2086 3310 erat,

501 3317 784 3386 incipiebat
816 3320 1033 3391 legitur,
1061 3322 1343 3392 Scriptura
1372 3325 1639 3380 referente
1668 3344 1681 3379 :
1725 3327 1795 3381 Et
1839 3331 1948 3399 ipse
1972 3341 2088 3385 erat

499 3405 657 3462 Iesus
717 3409 993 3478 incipiens.
1023 3411 1256 3478 Quando
1307 3415 1452 3470 enim
1504 3417 1814 3488 baptizatus
1865 3431 1988 3491 est,
2037 3438 2090 3481 et

502 3500 821 3569 mysterium
855 3503 1108 3558 secundae
1135 3508 1506 3575 generationis
1553 3515 1893 3583 assumpsit,
1936 3525 1994 3570 ut
2031 3527 2084 3572 tu

500 3603 722 3660 quoque
745 3593 982 3662 priorem
1013 3595 1352 3651 nativitatem
1378 3599 1649 3666 destruas,
1677 3611 1731 3656 et
1762 3604 1815 3656 in
1846 3608 2086 3662 secunda

501 3683 914 3751 regeneratione
957 3689 1235 3751 nascaris,
1282 3698 1411 3744 tunc
1451 3691 1652 3746 dicitur
1695 3694 1987 3764 incepisse.
2021 3697 2089 3753 Et

499 3773 778 3838 quomodo
803 3775 1034 3843 populus
1063 3775 1399 3847 Iudaeorum,
1428 3784 1651 3850 quando
1681 3794 1799 3839 erat
1835 3789 1888 3841 in
1915 3787 2086 3860 [Egy-

501 3871 616 3933 pto,
653 3880 760 3918 non
794 3865 1028 3921 habebat
1055 3869 1272 3923 initium
1329 3874 1601 3932 mensium
1637 3893 1652 3931 ε
1699 3880 1918 3946 quando
1955 3898 2084 3938 vero

499 3958 756 4025 egressus
795 3972 858 4010 ex
908 3956 1166 4028 Egypto,
1205 3971 1334 4017 tunc
1373 3961 1482 4039 [αι.
1538 3966 1720 4042 nunc]
1769 3969 1971 4024 dicitur
2015 3975 2084 4028 ad

499 4061 624 4100 eum
650 4047 695 4078 "
731 4064 746 4103 :
777 4047 970 4102 Mensis
995 4050 1161 4125 966
1189 4054 1286 4106 iste
1323 4054 1535 4111 initium
1574 4060 1831 4116 mensium
1875 4064 2082 4131 primus

499 4139 598 4192 erit
631 4137 774 4191 vobis
812 4140 877 4194 de
921 4144 1185 4198 mensibus
1235 4145 1411 4200 anni:
1454 4147 1532 4200 sic
1577 4149 1673 4217 qui
1721 4151 1952 4206 necdum
1999 4163 2084 4210 est

501 4229 829 4298 baptizatus,
859 4247 957 4286 nec
986 4235 1218 4310 cmpisse
1243 4248 1514 4292 narratur.
1552 4237 1662 4295 Nec
1694 4241 1840 4296 enim
1880 4243 2079 4301 frustra

500 4317 742 4372 additum
776 4328 1028 4388 putemus
1058 4323 1123 4376 ad
1153 4323 1203 4377 id
1229 4325 1376 4393 quod
1409 4327 1611 4382 dicitur
1637 4345 1650 4381 :
1686 4329 1808 4397 Ipse
1830 4343 1944 4386 erat
1989 4311 2082 4390 Ie-

2181 489 2463 557 apostolis,
2490 487 2654 542 verba
2677 484 3027 540 abundantiae
3053 501 3064 536 :
3092 484 3236 539 unde
3267 484 3489 554 quando
3512 483 3626 553 jam
3656 499 3768 538 non

2181 580 2499 635 scribuntur
2528 579 2672 643 libri,
2713 593 2813 632 nec
2842 593 3044 631 novum
3093 577 3315 646 aliquod
3366 576 3653 631 conficitur
3682 580 3770 630 in-

2181 677 2570 732 strumentum,
2601 683 2703 723 nec
2732 668 3022 722 mittuntur
3047 667 3115 720 ab
3147 667 3410 737 apostolis
3449 683 3513 721 ea
3534 680 3658 736 quae
3701 666 3772 719 ab

2180 755 2310 812 Iesu
2355 758 2408 811 in
2454 758 2651 811 horrea
2704 757 3082 826 apostolorum
3138 756 3354 810 fuerant
3402 765 3769 826 comportata,

2184 847 2290 902 hoc
2333 856 2419 903 est
2462 849 2516 902 in
2551 849 2765 902 animas
2791 863 3005 912 eorum,
3035 847 3395 917 omniumque
3426 855 3771 913 sanctorum,

2183 941 2480 996 distribuat
2500 950 2552 995 et
2586 943 2793 996 nutriat
2825 939 3119 1012 ZEgyplum
3163 939 3306 995 fame
3344 940 3772 1010 periclitantem,

2186 1032 2532 1102 maximeque
2558 1030 2778 1098 fratres,
2822 1030 2890 1085 de
2919 1031 3121 1100 quibus
3181 1030 3485 1084 scribitur:
3523 1028 3770 1083 Narrabo

2186 1143 2368 1180 nomen
2401 1135 2549 1178 tuum
2575 1124 2832 1193 fratribus
2859 1124 3008 1184 meis,
3053 1125 3106 1176 in
3143 1123 3314 1176 medio
3359 1121 3611 1177 Ecclesia
3639 1139 3771 1176 can-

2187 1222 2307 1272 tabo
2340 1227 2389 1269 te
2419 1217 2485 1271 ’°.
2515 1214 2728 1269 Habent
2753 1223 2807 1268 et
2840 1215 2931 1268 alii
2962 1214 3214 1268 homines
3247 1213 3412 1267 verba
3446 1214 3722 1284 patientia:
3755 1231 3767 1264 :

2186 1305 2461 1374 verbaque
2508 1303 2702 1373 judicii
2736 1311 2792 1356 et
2835 1303 3170 1371 reliquarum
3231 1301 3395 1356 verba
3462 1303 3770 1357 virtutum:

2187 1397 2291 1452 hoc
2331 1407 2412 1452 est
2444 1397 2688 1450 triticum
2721 1395 2868 1466 quod
2917 1394 3118 1464 Ioseph
3150 1393 3423 1465 Egyptiis
3467 1395 3770 1451 distribuit.

2189 1487 2292 1542 Sed
2325 1487 2470 1543 aliud
2501 1495 2586 1542 est
2607 1485 2947 1540 frumentum
2975 1487 3121 1555 quod
3147 1484 3430 1552 fratribus,
3475 1485 3528 1540 id
3561 1494 3664 1551 est,
3692 1487 3774 1540 di-

2187 1579 2413 1648 scipulis
2445 1578 2562 1632 suis
2589 1577 2870 1632 distribuit
2895 1577 2964 1631 de
2993 1575 3205 1632 Iessem
3237 1585 3384 1631 terra
3405 1615 3421 1641 ,
3451 1575 3518 1631 de
3547 1591 3612 1631 ea
3652 1592 3774 1646 qua:

2187 1677 2255 1732 ad
2278 1677 2545 1731 orientem
2569 1675 2812 1744 respicit,
2836 1673 3078 1726 triticum
3102 1673 3500 1743 evangelicum,
3531 1672 3773 1727 triticum

2189 1769 2574 1839 apostolicum.
2610 1768 2686 1823 De
2720 1768 2824 1823 hoc
2855 1768 3038 1823 tritico
3065 1769 3332 1835 debemus
3366 1782 3536 1837 panes
3570 1766 3770 1832 facere.

2189 1861 2262 1915 ita
2297 1869 2477 1914 tamen
2532 1868 2592 1914 ut
2638 1876 2744 1914 non
2792 1860 3216 1915 commisceatur
3264 1859 3433 1913 veteri
3475 1858 3773 1923 fermento,

2189 1952 2595 2022 babeamusque
2645 1967 2842 2021 panem
2891 1967 3093 2006 novum
3121 1951 3188 2006 de
3208 1949 3614 2020 Scripturarum
3672 1952 3772 2004 tri-

2190 2044 2330 2110 tico,
2367 2043 2709 2114 farinamque
2745 2043 3119 2100 commolitam
3157 2042 3209 2096 in
3241 2042 3460 2098 Christo
3496 2041 3646 2109 Iesu,
3683 2043 3770 2097 cui

2188 2145 2273 2192 est
2297 2136 2468 2208 gloria
2495 2146 2549 2192 et
2583 2138 2872 2208 imperium
2899 2137 2952 2190 in
2983 2129 3551 2190 saecula'sazculorum.
3575 2135 3771 2190 Amen.

2722 2253 3009 2310 llOMlLlA
3043 2251 3238 2308 XXIX.

2191 2364 2267 2418 De
2290 2381 2347 2419 eo
2375 2366 2514 2434 quod
2543 2365 2798 2432 scriptum
2829 2373 2905 2417 est
2932 2380 2948 2416 :
2987 2381 3004 2411 ι
3039 2360 3194 2414 Iesus
3221 2368 3395 2438 autem
3435 2372 3619 2434 p.enus
3649 2352 3758 2438 Spi-

2259 2438 2364 2489 ritu
2397 2445 2578 2505 sancto
2628 2451 2860 2489 reversus
2889 2442 2965 2487 est
2998 2449 3015 2486 :
3054 2452 3073 2483 ι
3137 2441 3185 2484 ει
3220 2434 3282 2483 de
3328 2437 3615 2482 tentattone
3658 2434 3769 2495 ejus

2258 2506 2453 2577 prima.
2484 2507 2614 2573 Cap.
2654 2520 2727 2558 tv.

2258 2599 2492 2666 Quando
2521 2597 2656 2667 legis
2688 2597 2742 2650 iu
2794 2593 3090 2666 Evangelio
3119 2633 3133 2656 ,
3169 2590 3324 2644 Iesus
3355 2598 3534 2643 autem
3583 2588 3769 2657 plenus

2187 2688 2396 2760 Spiritu
2417 2697 2600 2742 sancto
2625 2703 2856 2742 reversus
2884 2696 2982 2749 est,
3005 2694 3060 2740 et
3075 2685 3130 2738 in
3155 2683 3380 2738 Actibus
3397 2681 3768 2750 apostolorum

2189 2776 2281 2831 ubi
2311 2776 2534 2840 dicitur,
2575 2776 2723 2846 quod
2757 2773 2948 2844 repleti
2983 2773 3187 2828 fuerint
3223 2771 3429 2841 Spiritu
3473 2779 3666 2825 sancto
3702 2772 3768 2835 ",

2188 2867 2309 2923 vide
2359 2883 2430 2923 ne
2477 2868 2716 2938 mquales
2758 2875 2916 2936 putes
2963 2881 3085 2921 esse
3119 2865 3393 2934 apostolos
3446 2862 3715 2917 Salvatori
3755 2881 3768 2916 :

2187 2958 2284 3015 sed
2313 2968 2367 3014 et
2389 2956 2601 3020 Iesum,
2635 2957 2948 3027 apostolos,
2995 2964 3050 3010 et
3096 2956 3263 3008 alium
3307 2952 3604 3022 quemlibet
3641 2968 3773 3007 san-

2187 3062 2398 3106 ctorum
2446 3053 2633 3121 plenos
2680 3049 2884 3120 Spiritu
2941 3057 3132 3103 sancto
3165 3061 3433 3116 cognosce
3469 3046 3769 3100 secundum

2191 3157 2506 3197 mensuram
2537 3141 2744 3196 vasculi
2795 3140 2880 3195 sui
2911 3159 2924 3192 :
2959 3149 3012 3194 et
3037 3138 3316 3209 quomodo
3337 3180 3351 3204 ,
3396 3137 3544 3191 verbi
3573 3135 3769 3204 gratia,

2190 3235 2238 3290 si
2265 3233 2508 3290 volueris
2554 3233 2736 3288 dicere
2761 3273 2776 3298 ,
2809 3232 2928 3287 haec
2954 3245 3085 3286 vasa
3117 3230 3277 3300 plena
3333 3238 3462 3284 sunt
3508 3228 3636 3282 vino
3685 3228 3773 3283 vel

2189 3329 2334 3392 oleo,
2358 3343 2466 3382 non
2491 3327 2678 3382 statim
2702 3324 2920 3394 judicas
2943 3323 3089 3393 quod
3111 3323 3308 3391 aequali
3331 3337 3586 3377 mensura
3613 3321 3772 3389 plena

2190 3419 2608 3490 sint(siquidem
2638 3415 2784 3471 aliud
2818 3415 3118 3472 sextarium
3147 3430 3344 3484 capere
3389 3422 3590 3484 potest,
3621 3412 3766 3466 aliud

2189 3524 2407 3572 urnam,
2439 3508 2584 3563 aliud
2617 3506 2982 3576 amphoram),
3014 3505 3205 3559 eodem
3241 3504 3402 3558 modo
3427 3513 3480 3557 et
3525 3502 3686 3558 Iesus
3717 3511 3772 3556 ct

2188 3595 2391 3652 Paulus
2416 3597 2559 3666 pleni
2596 3606 2752 3651 erant
2786 3594 2995 3664 Spiritu
3039 3603 3228 3650 sancto
3263 3611 3281 3654 ξ
3314 3592 3409 3649 sed
3452 3593 3624 3647 multo
3674 3609 3770 3648 vas

2186 3684 2339 3743 Pauli
2370 3687 2551 3740 minus
2581 3695 2697 3741 erat
2720 3700 2847 3740 vase
2867 3683 3020 3750 Iesu,
3042 3693 3095 3739 et
3117 3696 3297 3738 tamen
3321 3691 3437 3738 erat
3463 3683 3764 3738 secundum

2186 3793 2500 3833 mensuram
2531 3793 2686 3832 suam
2708 3787 3006 3846 utrumque
3028 3775 3385 3845 completum.
3408 3775 3646 3844 Accepto
3668 3776 3770 3830 ita-

2184 3883 2292 3938 que
2319 3867 2615 3937 baptismo,
2649 3866 2902 3921 Salvator
2935 3868 3128 3936 plenus
3157 3864 3362 3935 Spiritu
3393 3874 3586 3920 sancto
3609 3906 3624 3924 .
3672 3865 3767 3934 qui

2184 3975 2348 4030 super
2388 3975 2512 4014 eum
2546 3961 2597 4012 in
2653 3959 2837 4028 specie
2865 3957 3135 4014 columba:
3196 3957 3262 4012 de
3314 3957 3471 4012 cwlis
3521 3971 3764 4022 venerat,

2183 4049 2485 4105 ducebatur
2554 4065 2584 4104 a
2648 4049 2866 4118 spiritu.
2932 4047 3074 4113 Quia
3117 4049 3258 4102 enim
3315 4058 3569 4118 quotquot
3641 4049 3767 4119 Spi-

2184 4142 2293 4194 ritu
2348 4140 2442 4195 Dei
2472 4141 2757 4207 ducuntur,
2791 4141 2848 4192 hi
2877 4140 2983 4209 ﬁlii
3007 4150 3128 4192 sunt
3169 4139 3262 4194 Dei
3295 4141 3374 4206 '3;
3426 4141 3530 4197 iste
3577 4151 3764 4196 autem

2183 4239 2337 4284 extra
2371 4245 2562 4284 omnes
2593 4231 2809 4300 proprie
2835 4229 3005 4285 Filius
3028 4229 3122 4284 Dei
3161 4241 3298 4296 erat,
3329 4232 3451 4286 ideo
3487 4243 3539 4288 et
3581 4235 3759 4303 ipsum

2183 4320 2468 4388 oportebat
2505 4318 2708 4388 Spiritu
2752 4327 2942 4374 sancto
2985 4319 3131 4374 duci.
3175 4317 3453 4389 Siquidem
3499 4322 3762 4392 scriptum

498 4424 610 4474 sus,
646 4409 793 4477 Quod
851 4412 1132 4480 sequitur,
1178 4414 1456 4486 incipiens.
1510 4417 1617 4473 Sed
1670 4431 1724 4477 et
1759 4425 1907 4492 quod
1955 4427 2074 4482 ait:
2113 4419 2154 4474 D
2181 4423 2305 4466 est:
2341 4410 2641 4465 Ducebatur
2670 4419 2845 4468 autem
2884 4411 2943 4463 in.
2977 4409 3242 4466 desertum
3284 4428 3318 4464 a
3359 4412 3574 4481 spiritu.
3608 4413 3764 4479 Qua-

499 4499 670 4565 Quasi
699 4518 958 4555 annorum
981 4505 1223 4581 triginta,
1248 4509 1730 4566 considerandum.
1753 4511 1954 4586 Ioseph
1988 4520 2082 4575 tri-

499 4589 646 4659 ginta
674 4606 944 4649 annorum
967 4603 1106 4658 erat,
1133 4597 1352 4665 quando
1385 4599 1648 4656 dimissus
1676 4617 1707 4656 e
1736 4604 1992 4674 vinculis,
2022 4619 2078 4665 ct

496 4679 890 4748 interpretatus
918 4685 1193 4746 somnium
1233 4686 1560 4758 Pharaonis,
1594 4693 1810 4767 Egypti
1849 4699 2074 4758 effectus

494 4784 580 4830 est
600 4776 873 4846 princeps,
907 4777 1281 4849 ubertatisque
1312 4790 1556 4852 tempore
1585 4787 1826 4842 triticum
1851 4805 2079 4863 congre-

494 4866 660 4938 gavit,
689 4876 748 4921 ut
782 4865 942 4923 famis
976 4879 1220 4939 tempore
1252 4871 1476 4927 haberet
1518 4877 1664 4944 quod
1700 4877 2077 4940 distribueret.

493 4955 608 5029 Ego
669 4968 802 5028 puto
843 4959 986 5030 quod
1006 4963 1222 5034 triginta
1249 4964 1376 5021 anni
1399 4964 1602 5037 Ioseph
1618 4966 1674 5024 in
1691 4972 1818 5039 typo
1855 4973 2078 5044 triginta

494 5064 764 5108 annorum
797 5055 1176 5122 prazcesserint
1201 5055 1520 5114 Salvatoris.
1561 5059 1666 5114 Iste
1699 5063 1844 5116 enim
1868 5062 2071 5137 Ioseph

494 5153 601 5226 non
638 5142 744 5198 tale
775 5143 1015 5200 triticum
1039 5148 1412 5218 congregavit,
1443 5150 1602 5222 quale
1631 5150 1685 5204 in
1721 5151 1956 5226 ngypto
1981 5158 2073 5215 ille

493 5225 717 5300 Ioseph,
751 5236 844 5290 sed
879 5236 1118 5292 triticum
1150 5255 1364 5306 verum,
1392 5249 1555 5310 atque
1576 5225 1908 5312 cmleste,iut
1933 5257 2072 5305 tem-

496 5333 624 5386 pore
657 5325 920 5383 ubertatis
951 5329 1135 5385 tritico
1167 5342 1497 5403 congregato
1531 5335 1755 5393 haberet
1785 5340 1932 5409 quod
1958 5313 2070 5398 dis-

496 5409 774 5500 tribueret.
802 5433 927 5473 cum
953 5418 1126 5476 fames
1151 5432 1300 5478 esset
1330 5425 1497 5479 missa
1537 5425 1590 5479 in
1620 5427 1937 5500 Egyptum,
1963 5448 2068 5487 non

495 5496 668 5556 fames
694 5507 871 5574 panis,
900 5525 1077 5581 neque
1115 5512 1237 5569 sitis
1260 5529 1436 5584 aqum,
1475 5519 1569 5573 sed
1595 5496 1780 5574 fames.
1811 5496 2068 5578 audiendi

569 5686 614 5718 "
643 5687 774 5761 Cap.
804 5705 840 5749 ι.
919 5694 964 5725 ’³
987 5693 1178 5757 Matth.
1205 5714 1243 5765 ι,
1264 5695 1320 5766 2,
1351 5700 1404 5756 5.
1500 5701 1544 5733 ’⁸
1575 5698 1726 5756 Exod
1787 5717 1883 5771 sn,
1917 5703 1971 5758 2.

2052 5705 2096 5736 ¹⁶
2120 5702 2266 5760 Psal.
2304 5719 2417 5770 sxt,
2446 5702 2540 5759 22.

2185 4503 2434 4572 draginta
2465 4501 2658 4556 diebus
2694 4509 2934 4555 tentatur
2961 4500 3141 4567 Iesus,
3175 4510 3230 4557 et
3265 4518 3388 4572 qua:
3419 4502 3620 4558 fuerint
3647 4513 3763 4559 ten-

2185 4603 2424 4656 tatneuta
2474 4593 2751 4650 nescimus
2777 4609 2791 4646 :
2829 4608 2953 4663 quae
2985 4593 3108 4649 ideo
3140 4592 3367 4649 forsitan
3396 4597 3762 4666 praetermissa

2181 4695 2330 4753 sunt,
2365 4687 2493 4756 quia
2525 4686 2733 4756 majora
2757 4695 2916 4740 erant
2946 4701 3111 4756 quam
3149 4696 3209 4741 ut
3247 4687 3446 4742 litteris
3476 4691 3762 4744 credereno

2179 4787 2287 4832 tur.
2331 4776 2400 4831 Et
2433 4777 2478 4832 si
2520 4778 2600 4833 sic
2629 4787 2843 4848 oportet
2895 4779 3099 4848 dicere,
3131 4778 3273 4834 sicut
3307 4781 3542 4834 mundus
3570 4796 3762 4852 capere

2177 4884 2288 4931 non
2319 4877 2529 4940 poterat
2562 4883 2757 4926 omnes
2790 4869 2985 4936 libros,
3020 4871 3067 4926 si
3116 4871 3320 4941 scripta
3361 4871 3594 4928 fuissent
3640 4889 3762 4943 qua:

2176 4964 2303 5021 fecit
2331 4973 2386 5024 et
2404 4962 2803 5023 docuitIesus:
2845 4965 2926 5020 sic
2949 4965 3312 5036 quadraginta
3339 4965 3552 5020 dierum
3583 4976 3760 5021 tenta-

2178 5057 2356 5117 tiones
2381 5058 2583 5128 quibus
2613 5065 2852 5114 tentatus
2868 5069 2952 5113 est
2988 5058 3253 5114 Dominus
3272 5074 3303 5112 a
3330 5059 3569 5124 diabolo,
3595 5075 3758 5114 mun-

2178 5153 2288 5208 dus.
2313 5149 2456 5206 ferre
2486 5166 2595 5206 non
2624 5158 2858 5221 poterat,
2890 5151 2936 5205 si
2964 5149 3247 5220 Scriptura
3281 5151 3578 5206 docuisset.
3601 5149 3761 5204 Sulli-

2176 5241 2251 5299 cit
2274 5239 2431 5298 nobis
2449 5241 2556 5296 hoc
2573 5249 2788 5296 tantum
2819 5241 2983 5304 scire,
3013 5241 3157 5312 quod
3182 5242 3541 5312 quadraginta
3565 5239 3764 5298 diebus

2175 5331 2233 5386 in
2263 5331 2484 5392 deserto
2509 5331 2697 5399 fuerit,
2722 5341 2776 5388 et
2811 5333 3125 5387 tentabatur
3167 5347 3199 5387 a
3242 5332 3495 5399 diabolo,
3547 5341 3601 5386 et
3653 5345 3761 5388 non

2174 5425 2473 5480 comederit
2509 5425 2812 5497 quidquam
2862 5425 2916 5478 in
2963 5425 3156 5479 diebus
3219 5424 3347 5479 illis.
3399 5423 3760 5478 Mortificabat

2172 5517 2317 5572 enim
2351 5532 2576 5574 sensum
2609 5517 2794 5574 carnis
2837 5517 2954 5588 jttgi
2993 5517 3363 5586 continuoque
3397 5515 3606 5586 jejunio
3637 5531 3651 5566 :
3705 5524 3758 5570 et

2637 5702 2681 5735 ”
2706 5701 2828 5757 Act.
2861 5717 2922 5770 tt,
2953 5701 3003 5758 4,
3102 5701 3147 5734 ⁸⁵
3177 5698 3335 5756 Rom.
3370 5711 3484 5759 vni,
3535 5695 3615 5750 Η.
