4132 6426
344 374 483 431 1885

1482 362 1551 418 lN
1586 361 1825 421 LUCAM
1865 359 2152 416 IIOBIILIA
2190 359 2436 417 XXXIV.

342 498 485 549 hanc
519 505 627 545 non
661 487 932 558 recepisse
964 484 1281 555 prophetas,
1323 492 1378 539 et
1400 493 1591 538 eorum
1620 479 1913 537 vaticinia:
1950 484 1993 539 Α

3475 357 3621 413 ιεδθ

2445 479 2732 535 ιιοιιιιιιι
2777 477 2996 533 xxxw
3047 478 3183 549 (92).

341 599 507 660 porro
542 584 794 686 nm???“
837 597 961 651 qum
1011 581 1186 686 Ifmye.
1221 579 1437 686 fugam
1460 595 1490 637 a
1519 578 1923 686 “ﬁndi?
2023 612 2099 666 De
2133 631 2192 668 co
2223 615 2361 686 quod
2385 614 2641 683 scriptum
2665 622 2742 668 est
2774 630 2791 667 :
2832 631 2851 664 ι
2874 610 3170 686 agister,
3198 610 3327 681 quid
3367 610 3488 686 boni
3533 610 3613 679 {a-

339 692 534 735 eorqu
561 676 810 731 notitiam
858 687 966 727 uon
1032 671 1324 739 habebant,
1378 672 1685 741 suscepisse
1729 669 1924 723 vatici—

344 768 495 824 nium
523 765 652 823 Jesu
685 764 915 821 Christi.
939 763 1112 820 Nemo
1141 772 1226 820 est
1270 777 1403 835 ergo
1452 762 1714 832 propheta
1767 774 1925 816 acce-

344 860 548 930 ptusin
574 858 747 929 patria
783 872 905 923 sua,
939 857 1044 911 hoc
1092 864 1177 911 est
1230 854 1283 909 in
1338 854 1538 925 populo
1586 851 1920 907 Iudaeorum.

343 950 457 1007 Nos
491 963 672 1005 autem
702 948 798 1018 qui
821 963 1043 1004 eramus
1071 947 1236 1003 alieni
1283 960 1314 1001 a
1347 953 1671 1001 testamento
1695 952 1749 999 et
1770 958 1926 1014 pere-

345 1042 486 1112 grini
510 1058 541 1096 a
571 1040 1055 1111 promissionibus,
1081 1048 1198 1094 toto
1221 1039 1517 1109 prophetas
1542 1036 1706 1092 corde
1732 1048 1926 1091 susce-

345 1136 549 1205 pimus,
586 1133 873 1205 magisque
898 1132 1166 1186 hahemus
1202 1129 1423 1200 Moysen
1453 1134 1507 1183 et
1541 1126 1832 1197 prophetas
1858 1124 1927 1180 de

344 1228 569 1284 Christo
592 1227 972 1298 praedicantes,
999 1240 1164 1295 quam
1191 1222 1270 1278 illi
1312 1222 1404 1292 qui
1437 1237 1502 1277 ex
1529 1235 1596 1276 eo
1638 1219 1785 1290 quod
1817 1234 1925 1274 non

346 1324 706 1387 susceperunt
734 1313 945 1380 Jesum,
1001 1328 1102 1369 nec
1162 1313 1286 1368 illos
1332 1317 1693 1380 susceperunt
1722 1308 1816 1378 qui
1859 1307 1929 1363 de

345 1410 441 1465 illo
498 1409 982 1464 annuntiaverunt.
1035 1404 1192 1461 Unde
1239 1404 1306 1458 ad
1360 1403 1411 1457 id
1465 1402 1610 1473 quod
1662 1400 1923 1455 dixerat:

350 1502 520 1557 Nemo
551 1501 805 1571 propheta
842 1509 1085 1569 acceptus
1145 1500 1198 1551 in
1243 1498 1424 1567 patria
1466 1510 1565 1549 sua
1597 1507 1620 1548 :
1670 1502 1728 1548 et
1782 1492 1927 1547 aliud

346 1593 594 1663 adjuugit
630 1610 644 1647 :
680 1591 746 1645 In
772 1591 990 1645 ueritate
1018 1591 1155 1644 enim
1191 1589 1315 1642 dico
1359 1587 1523 1651 vobis,
1561 1587 1688 1656 quia
1746 1583 1930 1638 multa

347 1685 523 1741 vidua:
554 1692 706 1739 erant
737 1686 792 1737 in
820 1681 1005 1736 diebus
1034 1679 1171 1735 Elia:
1196 1680 1254 1733 in
1282 1677 1477 1745 Israel,
1528 1677 1741 1748 quando
1789 1675 1934 1730 clau-

346 1793 465 1832 sum
485 1785 563 1831 est
594 1775 782 1829 etelum
824 1774 980 1828 annis
1033 1774 1223 1836 tribus,
1261 1781 1311 1826 et
1339 1770 1604 1825 mensibus
1635 1783 1747 1824 seat.
1772 1766 1930 1835 Quod

2093 680 2246 739 ciens
2266 685 2429 738 vitam
2457 680 2711 739 (sternam
2739 680 3066 751 possideb'o?
3095 700 3114 732 ι
3173 680 3337 750 usque
3375 680 3443 751 nd
3486 697 3609 733 cum

2092 755 2267 808 locum
2311 755 2398 809 ubi
2442 755 2518 811 ait
2574 773 2593 810 :
2648 773 2667 806 ι
2712 753 2857 808 Vade
2917 761 2967 806 et
3025 761 3081 804 tu
3136 751 3224 821 {ac
3279 750 3550 806 similiter.
3585 769 3608 802 ι

2093 826 2226 896 Cap.
2255 843 2311 882 χ.

2094 938 2234 993 Cum
2261 938 2434 993 multa
2489 937 2546 991 in
2597 937 2715 1007 lege
2760 944 3031 1007 praecepta
3069 934 3199 999 sint,
3231 933 3349 988 haec
3395 940 3609 986 tantum

2028 1030 2282 1086 Salvator
2301 1031 2355 1085 iu
2390 1029 2686 1099 Evangelio
2714 1029 2897 1099 posuit
2932 1043 3056 1098 qua:
3079 1026 3316 1097 quodam
3343 1039 3609 1093 compen-

2026 1122 2118 1176 dio
2144 1122 2210 1177 ad
2238 1130 2442 1177 :eterna
2475 1120 2794 1176 ohedientes
2818 1120 3101 1174 ducerent.
3132 1116 3216 1172 Ad
3270 1115 3323 1170 id
3345 1114 3493 1169 enim
3525 1127 3617 1168 re-

2028 1216 2189 1286 Spicit
2215 1216 2361 1285 quod
2384 1215 2520 1285 legis
2547 1214 2742 1269 doctor
2773 1213 3202 1282 interrogaverat
3227 1223 3351 1263 cum
3376 1207 3567 1261 dicens
3591 1224 3608 1259 :

2030 1306 2312 1377 Magister,
2361 1306 2489 1377 quid
2526 1305 2726 1375 faciens
2782 1307 2944 1358 vitam
3000 1313 3256 1357 wternam
3302 1297 3621 1370 possidebo?

2028 1415 2152 1470 quae
2186 1399 2349 1454 lectio
2383 1397 2686 1455 secumlum
2738 1397 2941 1452 Lucam
2997 1395 3159 1449 hodie
3202 1393 3361 1448 vobis
3387 1392 3617 1445 recitata

2028 1504 2150 1548 est:
2191 1491 2513 1562 respondit:
2567 1490 2633 1544 In
2686 1489 2815 1560 Lege
2845 1488 2972 1560 quid
2996 1487 3161 1558 9'72
3209 1487 3466 1555 scriptum
3491 1482 3622 1537 est?

2035 1586 2312 1652 Quomodo
2354 1585 2528 1656 legis?
2551 1583 2754 1655 Diliges
2812 1581 3102 1636 Dominum
3147 1580 3315 1634 Deum
3364 1589 3518 1631 tuum
3551 1589 3620 1629 rx

2033 1687 2144 1734 toto
2166 1677 2323 1734 corde
2358 1686 2469 1742 tuo,
2511 1686 2560 1732 et
2599 1691 2664 1731 ea:
2710 1685 2823 1729 tota
2868 1675 3064 1729 uirtute
3123 1683 3238 1737 tua,
3282 1680 3331 1725 et
3378 1685 3444 1723 ea:
3506 1677 3620 1721 tota

2034 1781 2204 1828 mente
2227 1779 2342 1837 tua,
2384 1778 2436 1824 et
2458 1770 2763 1840 proximum
2800 1777 2950 1820 tuum
2990 1773 3245 1833 tanquam
3269 1759 3512 1823 teipsnm.
3542 1758 3623 1812 Ae

346 1825 779 1923 dic-ivtvtale—estﬂi
802 1825 1418 1934 lilyiarsiprophet'aerat,
1444 1861 1538 1917 sed
1571 1868 1692 1916 erat
1732 1825 1820 1914 in~
1835 1873 1933 1929 po—
1964 1825 2006 1881 Β
2034 1825 2271 1917 deinde:
2298 1825 2470 1926 liene;
2503 1860 2600 1926 ait,
2627 1856 2948 1928 respondisti
2982 1869 3001 1908 :
3043 1825 3142 1907 hoc
3211 1853 3320 1919 (ac,
3362 1859 3412 1905 et
3459 1851 3618 1904 vives.

346 1954 479 2027 pulo
508 1952 845 2009 Judaaorum.
883 1951 989 2008 Sed
1018 1952 1241 2022 quando
1286 1950 1538 2005 mirabile
1583 1949 1713 2019 quid
1760 1947 1933 2002 faetu~

2036 1955 2193 2011 llaud
2244 1954 2473 2011 dubium
2528 1953 2660 2023 quin
2714 1951 3103 2020 sempiternam
3156 1945 3327 1999 vitam
3392 1945 3495 1997 hoc
3539 1940 3621 1997 fa-

349 2060 446 2101 rus
471 2058 591 2100 erat
617 2060 743 2100 cum
766 2052 954 2101 essent
981 2044 1166 2115 plures
1195 2044 1373 2098 vidua:
1395 2042 1450 2095 in
1492 2040 1679 2103 Israel,
1714 2038 1935 2109 reliquit
2034 2047 2227 2104 ciendo
2257 2054 2584 2116 accepturus
2620 2045 2721 2107 sis,
2752 2043 2821 2098 de
2845 2056 2953 2113 qua
2980 2049 3035 2096 et
3059 2038 3195 2108 legis
3227 2036 3421 2092 doctor
3458 2034 3624 2088 inter-

347 2150 463 2200 eas»
487 2144 544 2190 ει
575 2135 726 2190 venit
760 2134 828 2188 ad
851 2133 1071 2189 Viduam
1110 2133 1165 2187 in
1219 2132 1503 2202 SaN‘Plam
1561 2130 1820 2197 Sidoniae.
1866 2129 1933 2184 ad
2034 2148 2340 2212 rogaverat.
2391 2138 2678 2208 Simulque
2733 2132 3022 2206 perspicue
3074 2131 3341 2189 docemur
3388 2126 3443 2180 in
3485 2125 3626 2194 legis

349 2222 605 2295 gentilem
662 2222 1066 2285 mulierculam,
1122 2222 1351 2293 ﬁguram
1412 2221 1609 2276 futuras
1638 2222 1715 2277 rei
1764 2220 1931 2291 επινιί-

2035 2242 2324 2305 ρι’ωεεριο,
2379 2241 2440 2288 ιιι
2485 2231 2779 2302 diligamus
2832 2227 3026 2282 Deum.
3084 2223 3142 2278 In
3199 2216 3625 2276 Deuteronomio

349 2330 504 2381 cans,
562 2314 690 2385 quia
722 2324 1027 2384 ot-cupante
1065 2314 1210 2369 fame
1255 2329 1363 2368 non
1393 2313 1576 2383 panis,
1631 2327 1810 2383 neque
1844 2311 1931 2368 siti

2037 2327 2303 2398 scriptum
2326 2334 2412 2381 est
2448 2323 2660 2388 :Audi,
2693 2320 2892 2392 inquit,
2946 2317 3142 2383 Israel,
3185 2313 3445 2369 Dominus
3481 2310 3624 2364 Deus

347 2420 528 2475 aquas,
562 2404 823 2462 sedfame
855 2404 1110 2461 audiendi
1174 2419 1483 2460 sermonem
1532 2402 1646 2469 Dei,
1684 2404 1833 2459 venit
1864 2402 1930 2459 ad

2038 2430 2183 2486 tuus,
2207 2419 2348 2474 Deus
2401 2433 2539 2473 unus
2589 2424 2688 2471 est.
2736 2413 2809 2468 Et
2854 2413 3043 2483 diliges
3115 2408 3398 2463 Dominum
3456 2403 3623 2457 Deum

348 2498 596 2563 viduam,
619 2497 689 2552 de
714 2510 823 2567 qua
851 2505 905 2552 et
935 2497 1205 2567 propheta
1234 2505 1471 2553 testatur
1499 2497 1689 2553 dicens
1720 2514 1733 2550 :
1772 2494 1931 2550 Hulti

2036 2522 2189 2567 tuum
2209 2527 2274 2567 ea:
2314 2520 2426 2566 tota
2482 2521 2654 2564 mente
2697 2518 2812 2571 tua,
2848 2513 2903 2560 et
2951 2504 3184 2574 reliqua,
3225 2510 3276 2556 et
3322 2497 3624 2567 proximum

348 2586 717 2657 ﬁliideaertte,
743 2587 913 2659 magis
939 2603 1100 2658 quam
1145 2588 1262 2657 ejus
1309 2603 1428 2658 quae
1469 2586 1622 2642 habet
1666 2588 1836 2642 virum
1862 2589 1930 2642 “.

349 2678 418 2734 Et
449 2694 576 2734 cum
605 2680 869 2743 venisset,
916 2693 1110 2749 panem
1160 2679 1309 2735 illius
1339 2688 1396 2735 et
1446 2680 1704 2735 alimenta
1748 2680 1937 2735 multi-

2037 2615 2185 2660 tuum
2209 2604 2365 2676 quasi
2392 2604 2615 2673 teipsum
2646 2601 2710 2653 ”.
2738 2598 2802 2652 Et
2828 2597 3085 2652 Salvator
3123 2607 3296 2663 super
3338 2589 3425 2646 his
3458 2598 3628 2644 testa-

2037 2705 2126 2750 tus
2148 2704 2232 2750 est
2277 2694 2512 2749 dicens:
2570 2689 2637 2744 In
2688 2689 2769 2742 his
2806 2686 3011 2741 duobus
3057 2680 3328 2737 mandatis
3384 2687 3498 2732 tota
3537 2677 3625 2730 lex

347 2771 530 2842 Ρηωί·
564 2771 647 2827 Tu
676 2786 803 2829 ⁸³⁸³8
835 2770 998 2828 Vidua
1026 2772 1082 2825 in
1108 2769 1337 2841 Sarepta
1389 2770 1650 2838 Sidoni”,
1698 2787 1731 2829 θ
1773 2772 1936 2843 (“illis
2034 2787 2220 2858 pendet
2248 2792 2299 2841 et
2322 2784 2589 2853 prapltctae
2618 2779 2686 2836 δ’.
2732 2777 2958 2833 Volente
3002 2781 3184 2830 autem
3222 2770 3448 2826 doctore
3489 2767 3627 2838 legis

352 2864 555 2921 ﬁnibus
576 2865 887 2922 Chananeus
915 2866 1115 2921 mulier
1150 2865 1456 2937 egreditur,
1491 2873 1548 2921 et
1574 2866 1727 2936 cupit
1749 2866 1931 2922 sanari

350 2958 515 3013 ﬁliam
552 2972 733 3025 suam,
758 2966 813 3013 et
836 2967 1064 3029 propter
1085 2959 1244 3014 ﬁdem
1282 2958 1485 3013 meruit
1516 2959 1763 3029 accipere
1784 2959 1933 3028 quod

349 3051 589 3120 petebat.
617 3049 808 3104 Multae
852 3066 975 3120 ergo
998 3050 1175 3105 vidum
1220 3060 1374 3105 erant
1411 3051 1469 3103 in
1502 3050 1698 3121 populo
1733 3050 1930 3116 Israel,

2031 2879 2336 2949 justillcare
2391 2875 2773 2943 semetipsum,
2816 2879 2869 2926 et
2921 2865 3213 2923 ostendere
3264 2861 3409 2933 quod
3460 2873 3626 2914 nemo

2036 2971 2141 3028 sibi
2165 2976 2312 3026 esset
2339 2965 2643 3037 proximus,
2676 2972 2839 3034 atque
2864 2962 3080 3017 dicente
3114 2977 3128 3013 :
3163 2956 3297 3023 Quis
3334 2963 3413 3010 est
3439 2951 3627 3023 proxi-

2036 3078 2155 3117 mus
2180 3060 2365 3116 meus?
2388 3058 2575 3114 intulit
2611 3056 2882 3110 Dmninus
2912 3050 3253 3124 parabolam,
3286 3048 3443 3117 cujus
3466 3063 3628 3103 exor-

349 3144 441 3198 διά
477 3144 550 3197 ad
584 3142 792 3196 nullam
824 3154 1007 3197 earum
1036 3144 1229 3197 missus
1283 3152 1362 3197 est
1401 3142 1577 3209 Elias,
1611 3144 1718 3198 nisi
1746 3145 1802 3198 in
1829 3144 1931 3200 Sa-

2035 3153 2185 3209 dium
2216 3161 2300 3209 est
2330 3170 2343 3205 :
2383 3148 2557 3204 Homo
2586 3147 2803 3219 quidam
2830 3142 3175 3199 descendebat
3219 3142 3283 3195 de
3324 3140 3627 3195 Jerusalem

345 3237 511 3305 reptis
542 3236 612 3289 ad
642 3235 913 3290 mulierem
942 3236 1178 3291 uiduam.
1202 3235 1308 3290 Sed
1333 3245 1388 3291 et
1409 3235 1555 3290 aliud
1586 3237 1652 3290 ad
1676 3239 1929 3292 eumdem

349 3343 576 3387 sensum
606 3328 888 3399 pertinens
938 3328 1220 3397 loquitur:
1263 3326 1424 3382 Multi
1453 3338 1605 3382 erant
1653 3329 1846 3398 leprosi
1875 3330 1929 3384 in

353 3420 528 3476 Israel
550 3420 607 3474 in
642 3419 824 3474 diebus
870 3418 1056 3473 Elistei
1105 3419 1392 3489 prophetae,
1451 3427 1501 3472 et
1546 3435 1700 3473 nemo
1750 3436 1930 3474 eorum

348 3511 638 3563 mundatus
663 3516 740 3562 est
789 3508 896 3562 nisi
926 3506 1175 3561 Naaman
1211 3505 1403 3576 Syrus,
1432 3507 1535 3577 qui
1577 3508 1775 3578 utique
1818 3523 1931 3564 non

346 3609 467 3657 erat
499 3616 566 3657 ex
585 3600 773 3657 Israel.
795 3598 1092 3656 Considera
1121 3614 1297 3669 usque
1339 3600 1403 3654 ad
1432 3608 1754 3668 prmsentem
1786 3600 1930 3655 diem

349 3695 554 3755 multos
583 3690 832 3763 leprosos
880 3692 934 3745 in
984 3690 1151 3746 Israel
1200 3690 1503 3745 secundum
1531 3705 1774 3756 carnem,
1806 3692 1932 3747 vide

348 3782 663 3837 econtrario
682 3780 847 3849 lepra:
871 3779 1131 3849 squalore
1155 3777 1431 3847 perfusos,
1467 3786 1634 3847 atque
1679 3777 1791 3849 (9|)
1815 3778 1932 3847 spi-

349 3874 495 3929 ritali
521 3872 720 3929 Elisaao
746 3871 979 3925 Domino
1010 3878 1201 3925 nostro
1222 3878 1274 3924 et
1307 3866 1613 3936 Salvatore,
1672 3878 1723 3926 te
1746 3878 1930 3925 autem

351 3964 571 4037 purgari
603 3962 857 4033 baptismi
884 3968 1253 4026 sacramento,
1280 3968 1336 4016 et
1360 3961 1471 4016 dici
1513 3962 1581 4017 ad
1616 3971 1669 4019 te
1708 3981 1721 4017 :
1763 3961 1931 4031 Sttrqe

348 4069 399 4117 et
427 4058 558 4113 vade
579 4057 635 4110 in
677 4054 993 4122 Iordanem,
1042 4062 1091 4108 et
1145 4054 1345 4121 lauare,
1392 4062 1441 4107 et
1488 4056 1801 4109 restituetur
1835 4057 1933 4109 tibi

355 4155 481 4192 caro
520 4149 611 4193 tua
639 4141 705 4193 ".
749 4140 993 4195 Surrexit
1026 4141 1267 4196 Naaman
1297 4150 1353 4197 et
1379 4142 1537 4207 abiit,
1570 4152 1625 4197 et
1650 4143 1791 4197 lotus
1820 4142 1926 4196 im-

351 4230 520 4299 plevit
560 4231 876 4302 mysterium
920 4231 1202 4303 baptismi,
1240 4238 1298 4289 et
1332 4232 1475 4288 facta
1515 4242 1601 4289 est
1637 4247 1766 4289 caro
1805 4232 1926 4302 ejus

351 4327 512 4398 quasi
543 4341 675 4381 caro
699 4327 874 4395 pueri,
910 4328 1003 4394 qui
1033 4328 1086 4380 in
1122 4327 1340 4381 lavacro
1378 4329 1806 4397 regenerationis
1835 4345 1934 4385 or-

352 4428 447 4476 tus
474 4418 637 4474 fuerit
664 4418 720 4472 in
748 4416 972 4472 Christo
1008 4415 1161 4472 Jesu.
1196 4417 1297 4472 Cui
1329 4426 1414 4474 est
1446 4419 1617 4490 gloria
1666 4431 1721 4477 et
1762 4423 1934 4494 impe-

350 4511 495 4570 rium
529 4510 585 4565 iu
617 4510 815 4566 saecula
840 4509 1189 4565 saeculorum.
1216 4509 1411 4566 Amen.

2040 3248 2097 3301 in
2118 3244 2354 3308 Iericho,
2383 3252 2438 3298 et
2466 3241 2678 3311 reliqua
2710 3256 2726 3294 :
2767 3249 2821 3293 et
2846 3238 3005 3293 docet
3027 3234 3231 3289 nullius
3258 3232 3426 3289 fuisse
3450 3233 3629 3303 proxi-

2040 3350 2191 3396 mum
2222 3334 2669 3395 descendentem,
2702 3329 2807 3386 nisi
2859 3330 3008 3385 illius
3037 3326 3130 3397 qui
3187 3324 3420 3381 voluerit
3443 3334 3629 3379 custo-

2040 3426 2159 3482 dire
2187 3428 2481 3495 praecepta,
2533 3428 2588 3475 et
2639 3432 2951 3489 prteparare
2991 3432 3072 3480 se,
3120 3426 3181 3470 ut
3224 3415 3296 3470 sit
3342 3413 3626 3484 proximus

2041 3516 2192 3573 muni
2218 3512 2430 3569 homini
2454 3510 2548 3580 qui
2579 3509 2785 3564 auxilio
2816 3508 3038 3577 indiget.
3059 3503 3175 3560 Hoc
3199 3504 3345 3559 enim
3370 3511 3455 3557 est
3479 3500 3626 3572 quod

2040 3615 2167 3676 post
2197 3604 2517 3677 parabolam
2548 3602 2603 3655 in
2644 3600 2750 3654 line
2785 3599 3031 3669 ponitur.
3069 3595 3206 3662 Quis
3228 3595 3297 3650 de
3336 3594 3425 3648 his
3450 3593 3628 3649 tribus

2038 3701 2257 3756 videtur
2276 3696 2375 3753 tibi
2406 3694 2693 3766 proximus
2711 3706 2833 3748 esse
2861 3691 2981 3761 ejus
3010 3690 3103 3759 qui
3136 3689 3191 3742 iu
3217 3689 3458 3743 latrones
3489 3688 3627 3742 inci-

2038 3790 2289 3851 dit?Nec
2311 3788 2457 3846 enim
2508 3784 2785 3851 sacerdos,
2831 3798 2933 3838 nec
2980 3780 3195 3837 Levites
3245 3780 3479 3851 proximi
3504 3778 3628 3848 ejus

2040 3886 2263 3941 fuerunt
2290 3901 2305 3939 :
2334 3882 2450 3948 sed,
2490 3887 2553 3936 ut
2587 3879 2705 3949 ipse
2732 3890 2954 3947 quoque
2995 3875 3130 3945 legis
3166 3874 3361 3929 doctor
3394 3888 3624 3944 respon-

2039 3978 2138 4042 dit,
2174 3975 2265 4030 ille
2318 3974 2413 4044 qui
2471 3970 2600 4026 fecit
2644 3966 3106 4030 misericordiam,
3171 3966 3458 4037 proximus
3502 3963 3628 4034 ejus

2043 4068 2163 4124 fuit.
2194 4065 2348 4122 Unde
2379 4071 2431 4119 et
2461 4078 2492 4118 a
2527 4060 2811 4116 Salvatore
2863 4057 3084 4120 dicitur,
3136 4054 3300 4123 Vade,
3359 4063 3410 4109 et
3444 4063 3499 4108 tu
3539 4055 3626 4123 [ac

2040 4161 2309 4216 similiter.
2342 4156 2538 4212 Aiebat
2560 4153 2782 4224 quidam
2816 4150 2882 4205 de
2923 4148 3260 4221 presbyteris
3285 4147 3476 4203 volens
3528 4161 3624 4216 pa-

2041 4254 2287 4309 rabolam
2319 4245 2689 4317 interpretari,
2724 4242 3002 4297 hominem
3050 4239 3143 4309 qui
3173 4236 3455 4293 descendit
3503 4250 3626 4290 esse

2040 4346 2249 4411 Adam;
2283 4340 2609 4403 Jerusalem,
2660 4333 3017 4407 paradisum;
3047 4329 3288 4395 Jericho,
3325 4328 3624 4392 mundum;

2041 4441 2281 4495 latrones
2333 4431 2641 4490 contrarias
2690 4425 3078 4491 fortitudines;
3143 4421 3507 4485 sacerdotem,
3556 4417 3622 4472 le-

1970 4518 2014 4573 Ῑ)
2044 4545 2200 4603 gem;
2234 4526 2499 4591 Levitem,
2553 4522 2878 4594 prOphetas;
2914 4514 3262 4581 Samaritem,
3291 4511 3573 4569 Christum
3608 4525 3623 4565 :

2044 4623 2269 4678 vulnera
2305 4634 2458 4686 vero,
2495 4612 2959 4678 inobedientiam;
2991 4608 3218 4675 animal,
3267 4621 3467 4678 corpus
3519 4604 3624 4659 Do-

2040 4713 2206 4778 mini;
2258 4709 2624 4782 paudochium
2675 4698 2817 4772 (95),
2875 4701 2929 4758 id
2977 4711 3080 4767 est,
3131 4699 3435 4765 stabulum,
3471 4696 3621 4768 quod

414 4829 463 4864 ⁵⁸
512 4828 619 4885 lsa.
675 4842 785 4892 LW,
844 4825 894 4880 l.
972 4825 1015 4857 "
1053 4822 1120 4880 IV
1155 4822 1287 4895 Reg.
1322 4838 1375 4891 v,
1409 4824 1495 4880 l0.
1573 4824 1620 4857 “
1645 4823 1799 4882 Deut.
1831 4842 1905 4897 vr,
1930 4829 1987 4896 4,
2015 4829 2070 4885 5.
2147 4828 2194 4860 δ’
2224 4824 2413 4881 Matth.
2443 4837 2579 4887 xxii,
2610 4818 2681 4876 59

353 4971 567 5024 modum
595 4976 646 5025 et
666 4968 827 5039 vidua
857 4983 976 5039 qua:
996 4968 1052 5022 in
1084 4966 1320 5037 Sureptis
1346 4974 1485 5039 erat,
1524 4964 1717 5039 AEliatn
1753 4986 1932 5026 susce-

352 5041 629 5114 pit,_faot_a
648 5042 705 5114 in
749 5037 919 5094 Israel
956 5039 1102 5114 fame
1122 5038 1377 5114 audiendi
1427 5037 1568 5093 uerbi
1602 5037 1722 5114 Dei.
1757 5038 1829 5095 Et
1867 5045 1933 5096 de

354 5110 503 5163 nobis
534 5109 736 5165 dictum
765 5118 843 5164 est
883 5124 902 5163 :

352 5178 477 5264 ejus
507 5193 628 5264 quae
651 5181 814 5264 habet
842 5178 1040 5264 virum.
1059 5257 1072 5264 Δ
1090 5178 1160 5232 Et
1191 5195 1377 5264 rursus
1410 5180 1521 5264 alia
1548 5177 1936 5264 Sicriptuiiaodi-

352 5249 426 5302 cit
459 5260 478 5300 :
528 5248 738 5305 Sterilis
765 5253 998 5321 peperit,
1025 5257 1078 5305 et
1099 5263 1224 5321 quas
1255 5250 1459 5305 multos
1506 5250 1743 5305 habebat
1773 5251 1934 5318 ﬁlios,

353 5318 628 5373 inﬁrmata
659 5329 764 5375 est.
791 5319 1014 5378 Rugus.

425 5387 671 5461 (9|)Aut
700 5389 893 5473 absque
946 5390 1231 5473 legendum
1278 5398 1364 5473 est
1405 5406 1504 5473 pro
1556 5400 1730 5473 atque,
1770 5405 1938 5473 sensu
2035 5387 2216 5473 [rapes
2248 5393 2305 5473 in
2346 5389 2593 5473 humilius

1010 5108 1245 5180 ultiuﬁlii
1273 5109 1521 5175 desertae,
1560 5110 1738 5180 [uagis
1765 5126 1932 5180 quam
1964 5162 1965 5167 η

2037 4985 2213 5028 mero.
2238 4968 2361 5039 Ipse
2387 4951 2781 5039 auctor,_quod
2808 4968 2865 5015 et
2894 4957 2965 5039 e_l.
3006 4954 3238 5038 Boetius
3268 4954 3620 5039 animadver-

2038 5043 2125 5110 tit,
2163 5027 2315 5096 toufo
2360 5053 2460 5094 xui
2512 5037 2569 5089 in
2587 5027 2857 5110 Joannem
2885 5029 3071 5110 plures
3100 5027 3222 5083 istis
3270 5028 3496 5110 triginta
3525 5043 3622 5110 no-

2040 5095 2341 5180 vrein,rqu:e
2391 5111 2707 5180 supersunt,
2759 5100 2857 5180 abs
2885 5095 3241 5180 llieronymo
3277 5095 3468 5180 Latine
3497 5096 3620 5180 red:

2042 5164 2194 5248 ditis:
2225 5164 2255 5234 Ξ
2298 5164 2358 5235 se
2390 5164 2562 5233 fuisse
2591 5164 2896 5248 adornatas
2914 5164 3178 5248 declarat,
3207 5184 3329 5248 eum
3357 5167 3452 5248 ait_,
3477 5164 3547 5248 τίὰ
3566 5164 3620 5221 δδ

2044 5238 2526 5325 περὶῗτῷν-ὲκατρν
2561 5242 2849 5325 προϐάτων
2873 5238 3027 5325 ξχεις.
3052 5240 3149 5302 εἰς.
3167 5238 3621 5325 τᾲςῃιςιξξᾲᾼου-

2039 5305 2146 5378 ἐξᾶῦ
2168 5320 2388 5392 ὁμιλίας
2407 5336 2421 5351 ο
2458 5318 2590 5392 Qui:
2607 5305 2796 5369 'autem
2821 5305 3121 5392 ad'centum
3137 5323 3256 5365 oua
3271 5305 3622 5391 pertinentwa

2678 5400 2773 5438 uas
2833 5382 2890 5434 in
2934 5378 3134 5435 Lucam
3184 5380 3619 5446 conscripsimus.

356 5447 634 5529 υιὲιιηάυο
668 5474 775 5513 "0"
806 5447 1177 5526 ἶηοοῐηῆοάο.
1202 5447 1458 5516 ευιεετίθ
1492 5447 1936 5517 πιυῑῖιιιένθνιιίἐ
2032 5447 2184 5518 Nihil
2207 5462 2353 5516 enim
2390 5461 2495 5515 tale
2549 5459 2603 5512 in
2646 5447 2752 5518 his,
2814 5466 2938 5522 qua:
2999 5459 3237 5517 exstant,
3284 5447 3526 5505 homiliis
3566 5449 3621 5501 in

355 5528 563 5597 aliquot
585 5529 785 5583 misere
816 5529 1152 5586 detruncatis
1174 5531 1261 5587 hic
1291 5539 1469 5587 textus
1493 5542 1596 5587 est.

427 5598 546 5670 (98)
592 5597 891 5682 Postrema:
919 5602 1025 5681 .bze
1080 5603 1475 5682 subsequentes
1500 5617 1613 5682 ‘sex
1667 5602 1928 5668 homiliaz,

355 5683 479 5723 cum
506 5672 889 5741 continuatum
919 5672 972 5724 in
1012 5672 1386 5741 superioribus
1419 5672 1666 5727 ordinem
1696 5689 1805 5727 non
1849 5684 1929 5729 te-

355 5748 542 5821 neant,
579 5738 873 5795 manifesto
903 5756 961 5821 se
983 5738 1217 5821 produnt
1238 5760 1268 5797 a
1293 5741 1487 5821 majori
1505 5744 1787 5821 detractas
1824 5744 1926 5798 ho-

354 5808 670 5879 miliarum,
731 5825 872 5882 quas
929 5810 1287 5869 Adamantius
1337 5808 1761 5882 el'ucubraverit,
1822 5829 1929 5869 uu-

2033 5533 2234 5588 Lucam
2254 5532 2532 5594 invenias.

2103 5602 2219 5676 (95)
2238 5588 2354 5676 Hoc
2377 5596 2931 5676 quoqueprol‘ectum
2952 5613 3017 5652 ex
3039 5593 3261 5676 Ilirro'n.
3276 5602 3361 5646 est
3381 5588 3620 5676 calamo,

2034 5663 2181 5800 gredi
2202 5663 2483 5729 stabulum
2504 5663 2697 5726 Latine
2723 5679 2901 5738 sonet,
2925 5669 3074 5741 quod
3106 5668 3160 5722 in
3183 5663 3357 5721 Gmc.
3372 5670 3454 5717 est
3480 5673 3619 5712 πανο

2095 5762 2155 5800 γε
2181 5760 2259 5800 ον.

2095 5762 2155 5816 χε
2163 5760 2259 5800 ιον.
