2066 3234
238 191 305 220 1⁸87

976 181 1138 211 ORIGENIS

1797 174 1868 203 1888

238 248 382 276 universos
407 246 529 274 volentes
559 243 671 271 introire
696 241 844 276 suscipiat,
876 239 1025 268 Ecclesiam
1041 242 1063 269 Λ
1077 238 1186 272 quidem
1204 243 1254 271 ego
1267 241 1343 271 puto,
1366 242 1418 263 non
1433 238 1543 269 propter
1565 233 1648 261 istum
1669 239 1755 260 unum
1781 230 1868 258 senti-

239 293 422 329 interpretari.
437 291 523 318 Porro
537 291 606 317 duos
622 288 760 320 denarios,
773 288 878 315 Patrem
891 286 1025 314 etFilium

240 339 377 373 intelligi;
412 336 611 368 stabularium,
635 334 763 361 Ecclesia:
792 333 952 368 praesidem,
981 331 1026 361 cui

238 383 408 418 dispensatio
423 383 524 409 credita
538 386 590 408 est.
611 382 646 407 De
662 388 695 407 eo
712 387 777 406 vero
790 379 862 414 quod
877 378 1027 405 Samarites
1038 413 1046 421 λ

239 436 412 456 reversurum
427 435 456 454 se
473 434 534 454 esse
549 426 692 461 promittit,
709 425 859 453 secundum
878 423 1028 451 Salvatoris

238 475 373 509 figurabat
390 474 548 500 adventum.
565 472 628 499 lbec
655 480 717 499 cum
749 471 945 498 rationabiliter
965 470 1023 504 pul-

239 521 359 554 chreque
379 520 516 552 dicantur,
542 525 666 547 nonest
692 523 783 546 tanien
815 517 1026 544 existimandum

239 565 312 599 quod
325 565 359 592 ad
375 572 485 592 omnem
500 565 637 591 hominem
658 564 821 599 pertineant.
844 562 937 597 Neque
954 562 1026 589 enim

238 611 329 638 omnis
342 612 425 638 homo
455 611 597 637 descendit
618 610 651 637 de
673 609 824 637 Jerusalem
854 609 880 635 in
904 608 1025 640 Jericho,

239 664 290 684 nec
306 657 426 684 universi
454 661 598 691 propterea
619 656 646 682 itt
675 655 801 690 praesenti
830 655 932 682 saeculo
954 662 1029 682 corn-

240 706 384 729 morantur
406 712 413 730 :
434 702 498 729 licet
513 702 557 729 ille
582 702 627 736 qui
642 702 743 728 missus
757 705 807 733 est,
833 705 943 735 propter
965 708 1028 735 per-

239 748 312 775 ditas
326 755 391 775 oves
416 747 519 774 venerit
535 748 632 773 domus
656 746 748 774 Israel.
778 746 865 773 llomo
883 746 965 780 igitur
982 745 1028 780 qui

239 793 274 820 de
286 792 437 820 Jerusalem
454 792 593 819 descendit
615 793 640 819 in
656 791 775 823 Joricho,
791 792 853 826 quia
870 792 954 819 voluit
972 792 1030 826 ipse

241 838 416 870 desecnderc,
435 842 578 872 propterea
593 838 618 864 in
638 839 756 864 lalrones
776 838 878 865 incidit.
897 837 1030 865 LatrOnes

242 888 332 910 autent
348 884 414 909 nulli
432 888 496 910 sunt
514 883 569 916 alii,
585 883 638 910 nisi
652 884 686 911 de
704 884 803 917 quibus
826 884 950 911 Salvator
971 885 1028 911 ait:

243 928 340 956 Omnes
352 929 396 962 qui
408 934 468 955 ante
482 937 522 955 me
532 934 666 960 venerunt,
679 929 750 961 fures
769 930 874 964 fuerunt
892 935 916 958 et
945 930 1029 956 latro-

242 982 286 1000 nes
311 974 344 1001 ".
372 973 563 1002 Verumtamen
588 983 641 1001 non
665 976 760 1002 incidit
779 976 804 1002 in
826 975 911 1009 fures,
928 976 974 1003 scd
1003 977 1029 1003 in

243 1019 329 1046 multo
345 1019 451 1047 furibus
465 1020 610 1054 nequiores
624 1021 754 1051 latrones,
767 1021 812 1055 qui
822 1021 1029 1048 descendentem

241 1071 304 1091 eum
325 1065 357 1091 de
373 1064 524 1092 Jerusalem
548 1073 608 1092 cum
628 1065 767 1093 incidisset
782 1065 807 1092 in
829 1066 901 1097 illos,
929 1066 1030 1100 spolia-

242 1114 340 1136 verunt
362 1113 389 1136 et
405 1109 594 1143 imposuerunt
610 1110 633 1137 ei
652 1111 753 1146 plagas.
771 1111 836 1144 Qum
849 1115 911 1140 sunt
932 1111 1033 1145 plagas?

243 1163 304 1189 qua:
317 1155 429 1182 vulnera
447 1155 547 1189 quibus
569 1157 728 1183 vulneratus
759 1160 801 1184 est
827 1157 930 1184 homo?
962 1156 1031 1183 Vitia

243 1205 325 1234 atque
345 1206 464 1235 peccata.
484 1202 585 1230 Deinde
612 1203 675 1237 quia
699 1202 820 1229 latrones
840 1202 887 1237 qui
910 1203 1031 1229 nudave-

245 1249 307 1274 rant
319 1252 393 1278 eum,
412 1251 439 1273 et
452 1247 670 1279 vulneraveram,
684 1255 737 1274 non
756 1247 877 1274 assident
889 1248 972 1278 nudo,
985 1247 1032 1274 sed

243 1290 330 1325 plagis
342 1298 439 1319 rursus
454 1292 588 1326 impositis
602 1293 759 1327 eclinquunt
772 1301 845 1325 cum,
856 1294 956 1321 idcirco
965 1294 1033 1321 scri-

244 1341 319 1370 ptum
343 1342 406 1365 est:
435 1337 587 1372 Spoliantes
607 1347 676 1369 eum.
695 1344 720 1366 et
741 1339 850 1367 vulnera
875 1345 1032 1374 apponeutes

244 1381 376 1415 abierunt,
390 1391 420 1410 co
437 1391 491 1410 non
505 1389 624 1418 mortuo,
646 1386 692 1412 sed
707 1386 842 1413 seminece.
856 1385 968 1414 Factum
992 1392 1033 1414 est

243 1432 334 1456 autem
355 1433 385 1455 ut
400 1429 426 1456 in
446 1430 539 1456 eadem
565 1430 607 1457 via
637 1430 741 1465 primus
775 1432 913 1463 sacerdos,
935 1432 1032 1459 deinde

247 1472 354 1500 Levites
365 1474 569 1508 descenderent,
580 1476 626 1511 qui
647 1476 761 1503 forsitan
787 1477 848 1504 aliis
876 1477 1033 1506 hominibus

245 1517 316 1544 bona
341 1519 465 1552 quaedam
489 1519 620 1552 fecerant,
646 1528 699 1547 non
715 1526 805 1548 tamen
828 1521 901 1553 huic,
913 1522 958 1556 qui
983 1523 1032 1549 de-

244 1563 390 1590 scendcrat
402 1565 436 1591 ab
451 1563 600 1592 Jerusalctn
615 1566 640 1592 in
650 1566 769 1594 Jcricho.
781 1566 859 1595 llunc
873 1567 945 1594 enim
967 1567 1033 1596 vidit

246 1607 385 1641 sacerdos,
398 1614 463 1644 puto
479 1610 533 1637 Lex
550 1612 615 1640 vidit
631 1621 638 1638 :
662 1612 779 1645 Levites,
801 1618 831 1640 ut
856 1620 928 1645 reor,
942 1620 1032 1641 sermo

245 1653 432 1688 propheticus.
448 1654 481 1683 Et
493 1664 553 1682 cum
567 1657 698 1685 vidissent
709 1658 888 1693 reliquerunt,
902 1663 929 1685 et
943 1663 1031 1686 trans-

246 1697 348 1725 ierunt.
381 1699 513 1729 Serv-attat
527 1702 627 1737 quippe
647 1704 808 1730 seminecem
823 1704 992 1739 providentia
1008 1704 1032 1731 ei

245 1746 292 1780 qui
311 1745 407 1774 fortior
420 1753 478 1775 erat
488 1749 545 1783 lege
560 1753 588 1776 et
604 1750 753 1785 prophetis,
774 1750 947 1778 Samaritano
958 1751 1033 1779 vidcv

246 1791 320 1824 licet,
340 1793 385 1827 qui
400 1793 594 1829 interpretatur
606 1802 705 1823 custos.
724 1796 774 1824 Iste
788 1801 830 1824 est
846 1798 892 1832 qui
905 1805 958 1825 non
970 1798 1034 1826 dor-

247 1838 336 1870 mitat,
359 1847 446 1874 neque
472 1841 572 1868 dormit
598 1843 757 1870 custodiens
789 1843 895 1871 Israel:
923 1849 1034 1879 propter

247 1884 410 1912 seminecem
426 1885 564 1920 profectus
582 1890 625 1914 est
648 1888 699 1916 iste
715 1888 904 1917 Samaritanus
928 1898 982 1917 non
1001 1890 1035 1918 de

247 1927 398 1957 Jerusalem
417 1931 444 1958 in
456 1931 576 1966 Jcricbo,
592 1933 662 1961 sicut
678 1935 807 1962 sacerdos
825 1940 852 1962 et
875 1935 969 1963 Levita
988 1936 1035 1964 dc-

247 1975 381 2003 sccndens
400 1984 407 2003 :
424 1981 472 2004 aut
487 1978 509 2005 si
531 1978 680 2011 descendit,
704 1980 806 2008 idcirco
835 1981 983 2014 descendit,
1004 1987 1035 2010 ut

246 2019 366 2047 salvaret
382 2022 585 2058 custodiretque
608 2025 780 2053 moriturum.
797 2026 837 2054 Ad
854 2035 934 2062 quem
952 2028 1033 2055 locuti

247 2069 312 2091 sunt
334 2064 418 2093 Judaei
434 2076 441 2094 :
462 2067 650 2097 Samaritanus
662 2079 689 2098 es
706 2076 745 2104 tu,
766 2077 791 2099 et
807 2072 968 2100 damonium
987 2074 1034 2101 Itu-

246 2108 291 2135 ιιι
304 2109 337 2137 ⁸⁸.
356 2110 407 2144 Qui
421 2119 483 2140 cum
498 2118 623 2150 negasset
642 2122 671 2143 se
685 2117 784 2144 habere
796 2117 972 2151 daemonium,
985 2119 1036 2147 Sa-

246 2156 371 2184 maritem
382 2165 480 2194 negare
488 2167 518 2188 se
529 2161 626 2188 noluit.
640 2161 749 2191 Sciebat
760 2164 832 2191 enim
844 2171 874 2192 se
882 2165 1033 2192 custodem.

247 2202 341 2236 Itaque
355 2211 417 2231 cum
430 2205 548 2234 venisset
565 2207 598 2235 ad
615 2208 790 2243 seminecem,
804 2214 831 2237 et
844 2210 955 2238 vidisset
972 2219 1034 2238 eum

1078 290 1182 311 necem.
1200 282 1247 310 sed
1262 286 1371 316 propter
1383 281 1452 308 alios
1465 287 1576 315 quoque
1588 279 1634 314 qui
1648 278 1684 306 ob
1700 277 1790 304 varias
1805 283 1870 304 cau—

1078 336 1123 355 sas
1139 327 1247 357 fuerant
1266 328 1412 360 vulnerati,
1433 331 1461 354 et
1483 326 1639 361 indigebant
1657 323 1820 360 alligaturis,
1839 327 1870 351 et

1077 372 1147 404 oleo,
1163 377 1190 399 et
1205 373 1278 406 vino,
1292 380 1384 400 secum
1403 376 1525 406 portasse
1547 370 1722 398 Samaritem.
1745 367 1870 396 Habebat

1078 418 1166 444 oleum
1185 418 1219 445 de
1235 426 1290 453 quo
1305 418 1436 452 scriptum
1450 423 1491 444 est
1507 417 1551 444 la:
1578 415 1611 443 Ut
1623 415 1754 445 ealtilaret
1770 414 1868 449 faciem

1078 463 1104 489 in
1118 463 1191 495 oleo;
1209 464 1280 492 haud
1293 464 1407 492 dubium
1424 463 1490 498 quin
1506 463 1565 497 ejus
1577 461 1623 496 qui
1640 464 1752 488 curatus
1768 460 1869 493 fuerat,

1078 510 1138 537 oleo
1158 511 1249 538 etiam.
1263 514 1386 537 tumores
1410 510 1554 536 vulnerum
1577 508 1747 536 sedarentur.
1771 505 1825 534 Sed
1840 508 1869 532 et

1078 556 1142 583 vino
1154 556 1266 584 inundat
1281 556 1403 587 vulnera,
1414 554 1570 590 asperitatis
1583 553 1685 588 aliquid
1693 552 1850 581 admiscens
1859 560 1868 577 :

1079 609 1197 635 eumque
1216 601 1261 636 qui
1281 601 1369 628 fuerat
1385 599 1682 634 vulneratusimposuit
1693 598 1828 632 jumenlo,
1841 595 1869 623 id

1079 651 1132 681 est,
1150 648 1260 682 proprio
1275 647 1396 682 corpori,
1416 647 1494 682 juxta
1513 647 1539 674 id
1563 646 1636 681 quod
1659 649 1701 672 est
1726 644 1865 670 hominem

1079 694 1206 728 dignatus
1218 701 1368 720 assumere.
1381 693 1435 720 istc
1445 692 1633 719 Samaritanus
1650 694 1760 725 peccata
1775 693 1870 716 nostra

1080 743 1178 773 portat,
1197 743 1225 766 et
1241 746 1289 773 pro
1303 739 1382 766 nobis
1395 739 1478 771 dolet,
1489 741 1579 773 portat
1593 737 1769 768 seminecem,
1788 735 1870 762 indu-

1080 785 1118 813 cit
1148 784 1175 811 in
1200 784 1403 819 pandocbium,
1431 784 1458 810 id
1484 788 1525 811 est
1552 782 1578 809 in
1607 781 1774 811 Ecelesiam,
1806 786 1870 814 qua:
1918 810 1921 812 _

1081 837 1176 857 omnes
1190 830 1314 864 suscipit,
1328 834 1354 857 et
1369 829 1435 856 nulli
1450 829 1582 858 auxilium
1595 835 1676 855 suum
1693 826 1819 861 denegat,
1834 825 1870 852 ad

1081 884 1163 911 quam
1175 881 1289 903 cunctos
1298 880 1427 910 provocat
1448 874 1527 904 Jesus
1541 875 1634 903 dicens
1648 873 1672 888 "‘
1692 882 1699 900 :
1723 872 1814 900 Venite
1836 871 1870 899 ad

1081 929 1130 952 me,
1144 928 1231 946 omnes
1243 921 1288 955 qui
1301 920 1429 947 laboratis
1440 924 1465 946 et
1485 919 1588 946 onerati
1609 919 1685 950 estis,
1706 921 1731 945 et
1750 925 1797 951 ego
1809 916 1872 951 reﬁ-

1081 967 1148 992 ciant
1163 975 1216 993 uos.
1245 965 1279 992 Et
1303 970 1446 1001 postquam
1471 965 1553 1003 973
1577 964 1684 992 induxit
1712 971 1787 997 eum,
1814 970 1870 990 non

1081 1013 1172 1040 statim
1188 1012 1300 1045 recedit,
1319 1012 1365 1038 sed
1389 1018 1444 1038 uno
1455 1011 1499 1038 die
1521 1011 1548 1037 in
1571 1010 1678 1038 stabulo
1701 1017 1764 1037 cum
1787 1008 1871 1036 semi-

1082 1066 1147 1085 ucce
1160 1061 1324 1092 perseverat,
1340 1061 1367 1084 et
1379 1061 1458 1085 curat
1469 1057 1582 1086 vulnera
1598 1064 1653 1084 non
1667 1056 1757 1083 solum
1769 1055 1796 1082 in
1812 1055 1868 1086 die.

1083 1112 1174 1131 rerum
1186 1104 1267 1130 etiam
1280 1103 1305 1130 in
1320 1108 1408 1136 nocte,
1421 1103 1553 1137 reliquam
1563 1102 1773 1130 sollicitudinem
1789 1109 1868 1129 suam

1081 1150 1278 1177 etindustriam
1294 1149 1427 1176 tribuens.
1444 1149 1568 1183 Cumque
1588 1148 1667 1175 vellet
1688 1154 1769 1174 mane
1788 1147 1870 1182 proli-

1082 1195 1160 1227 cisci,
1175 1195 1208 1222 de
1226 1195 1339 1229 probato
1353 1198 1464 1229 argento
1489 1201 1548 1226 suo,
1571 1193 1605 1220 de
1623 1193 1734 1227 probata
1754 1192 1870 1227 pecunia

1083 1249 1131 1267 sua
1156 1241 1226 1268 tollit
1249 1241 1318 1268 duos
1339 1240 1474 1272 denarios,
1507 1243 1533 1267 ct
1560 1244 1655 1266 onerat
1678 1239 1869 1271 stabulariurn.

1083 1287 1154 1313 haud
1170 1286 1282 1314 dubium
1300 1286 1366 1320 quin
1383 1285 1508 1320 angelum
1525 1285 1662 1317 Ecclesiae,
1685 1285 1728 1311 cui
1748 1283 1871 1318 praecipit

1083 1338 1113 1360 ut
1125 1332 1268 1368 diligenter
1284 1336 1361 1360 curet
1379 1339 1453 1365 eum,
1468 1336 1496 1359 et
1512 1332 1544 1359 ad
1557 1332 1699 1359 sanitatem
1711 1338 1798 1364 usque
1809 1337 1871 1364 per-

1083 1379 1176 1411 ducat,
1192 1386 1272 1413 quem
1291 1385 1341 1413 pro
1354 1378 1479 1413 angustia
1500 1377 1628 1412 temporis
1640 1377 1721 1404 etiam
1745 1377 1804 1411 ipse
1819 1383 1870 1403 cu-

1085 1431 1203 1456 raverat.
1219 1426 1278 1453 Duo
1295 1426 1398 1453 denarii
1415 1426 1510 1452 notitia
1526 1425 1590 1452 mihi
1616 1424 1721 1452 videtur
1736 1431 1798 1451 esse
1814 1422 1870 1450 Pa-

1083 1472 1133 1499 tris
1151 1475 1178 1499 et
1190 1471 1262 1503 Filii,
1276 1475 1303 1498 et
1315 1470 1428 1498 scientia
1451 1469 1624 1500 sacramenti,
1638 1468 1777 1503 quomodo
1790 1467 1871 1497 Pater

1085 1518 1112 1545 in
1124 1516 1333 1550 Filio,etFilius
1347 1517 1373 1546 in
1387 1516 1465 1543 Patre
1477 1515 1569 1549 sit,qui
1585 1514 1658 1541 velut
1673 1513 1812 1541 mercedes
1823 1512 1870 1540 don

1085 1567 1185 1591 nantur
1202 1563 1309 1596 angelo,
1332 1567 1363 1589 ut
1384 1561 1541 1595 diligentius
1560 1564 1636 1588 curet
1660 1559 1712 1586 sibi
1731 1558 1871 1586 hominem

1085 1610 1318 1641 commendatum,
1336 1613 1362 1636 et
1374 1607 1540 1643 promittitur
1554 1606 1578 1633 ei
1594 1605 1724 1640 quidquid
1733 1605 1766 1632 de
1781 1613 1833 1632 suo
1842 1604 1873 1634 in

1086 1656 1219 1684 medelam
1238 1654 1382 1682 seminecis
1402 1651 1570 1686 cxpenderit,
1587 1650 1659 1677 illico
1673 1657 1734 1677 csse
1754 1648 1872 1678 redden-

1085 1702 1161 1730 dum.
1181 1700 1250 1728 Vere
1275 1699 1355 1733 Legis
1375 1702 1402 1725 et
1423 1697 1571 1732 prophetia:
1600 1700 1694 1724 custos
1717 1695 1874 1725 animarum

1087 1747 1137 1775 iste
1147 1746 1273 1777 vicinior,
1287 1745 1332 1779 qui
1348 1744 1412 1773 fecit
1425 1741 1641 1770 miscricordiam
1666 1741 1691 1768 ei
1705 1741 1752 1775 qui
1768 1740 1872 1768 incido-

1086 1797 1129 1820 rat
1146 1791 1174 1818 in
1187 1792 1317 1822 latrones,
1338 1793 1366 1817 et
1378 1788 1519 1823 proximus
1534 1787 1594 1822 ejus
1610 1787 1736 1822 apparuit
1749 1793 1803 1813 non
1815 1789 1874 1814 tant.

1087 1845 1214 1867 sermone
1228 1845 1309 1872 quant
1322 1843 1413 1870 opere.
1431 1834 1500 1868 Quia
1512 1842 1577 1870 ergo
1590 1833 1720 1869 possibile
1737 1836 1779 1860 est
1793 1831 1872 1867 juxta

1087 1885 1155 1912 illud
1172 1884 1244 1919 quod
1264 1882 1398 1918 sequitur,
1419 1881 1519 1908 imitari
1538 1888 1589 1908 nos
1607 1879 1757 1911 Christum,
1776 1883 1804 1906 et
1819 1877 1873 1905 mic.

1087 1931 1171 1960 sereri
1182 1937 1278 1959 eorum
1295 1930 1341 1964 qui
1357 1927 1509 1957 inciderant
1532 1927 1560 1955 in
1591 1927 1722 1958 latrones,
1745 1924 1876 1954 accedere

1087 1978 1121 2005 ad
1136 1984 1193 2010 eos,
1208 1976 1293 2010 ligare
1310 1975 1434 2006 vulnera,
1455 1973 1598 2002 infundere
1616 1973 1705 2000 oleum
1721 1975 1749 1998 et
1767 1971 1874 2003 vinum,

1088 2022 1228 2056 imporicre
1239 2027 1322 2054 super
1337 2019 1476 2054 proprium
1489 2018 1655 2052 jumentum,
1667 2021 1695 2044 et
1704 2016 1774 2043 ferre
1789 2022 1875 2042 onera

1088 2068 1225 2102 ipsorum;
1253 2070 1394 2100 propterea
1413 2065 1446 2092 ad
1461 2065 1523 2092 talia
1543 2071 1594 2092 nos
1623 2063 1769 2091 eohortans
1788 2061 1877 2088 Filius

1089 2115 1147 2147 Dei,
1160 2121 1214 2141 non
1227 2118 1281 2140 tam
1300 2111 1406 2139 doctori
1423 2111 1490 2146 legis
1505 2118 1588 2145 quam
1600 2109 1678 2137 nobis
1694 2115 1804 2144 quoque
1818 2115 1875 2135 om-

1088 2161 1169 2188 nibus
1181 2159 1300 2193 loquitur
1316 2166 1323 2185 :
1347 2157 1418 2184 Vade
1431 2161 1456 2184 et
1475 2161 1503 2184 tu
1515 2156 1559 2191 [ac
1569 2155 1703 2185 similiter.
1718 2154 1784 2187 Qua:
1801 2154 1823 2180 si
1835 2154 1875 2181 si-

1089 2207 1189 2233 militer
1204 2200 1360 2234 fecerimus,
1374 2202 1459 2231 vitam
1477 2207 1679 2235 consequemur
1699 2202 1828 2228 aeternam
1845 2197 1874 2226 in

248 2250 276 2277 in
291 2258 343 2278 suo
359 2251 491 2286 sanguine
505 2253 634 2287 volutari,
652 2254 782 2283 misertus
791 2256 908 2284 accessit
921 2257 954 2284 ad
971 2265 1033 2285 eum
1051 2262 1072 2290 ι)
1088 2251 1199 2279 (Ἇιτίειο
1214 2249 1289 2282 ³8⁵11,
1305 2249 1348 2276 cui
1365 2253 1407 2278 6⁵⁸
1417 2248 1504 2283 Simia
1517 2251 1545 2275 el
1559 2245 1702 2280 ἰωκπίωῐι
1723 2243 1750 2271 λη
1775 2243 1876 2271 “cum

250 2296 370 2323 utlieret
392 2297 452 2332 ejus
476 2299 626 2338 proximus.
656 2299 764 2336 Ligavit
791 2302 912 2335 vulnera,
937 2303 1035 2330 infudit

248 2341 339 2369 oleum
354 2342 418 2370 vino
429 2343 554 2378 mistum,
569 2352 658 2381 neque
677 2347 747 2374 dixit
761 2347 833 2382 quod
855 2348 881 2375 in
904 2349 1035 2384 propheta

248 2387 365 2423 legitur:
381 2388 441 2417 Non
458 2394 497 2417 est
518 2390 653 2426 malagma
674 2391 816 2426 imponere,
836 2401 917 2430 neque
937 2394 1034 2427 oleum,

247 2441 328 2469 neque
351 2434 511 2470 alligaturus
536 2436 571 2464 ”.
594 2437 646 2464 Iste
666 2442 708 2465 est
729 2437 929 2474 Samaritanus,
956 2441 1036 2476 cujus

248 2487 314 2507 cura
330 2485 359 2508 et
378 2481 482 2510 auxilio
498 2489 595 2510 omnes
610 2483 657 2518 qui
675 2484 746 2512 male
766 2485 876 2517 habent,
903 2486 1034 2521 indigent.

250 2524 338 2560 Hujus
350 2527 393 2554 vel
409 2528 526 2555 maxime
540 2527 706 2557 Samaritani
726 2530 862 2566 indigebat
875 2532 978 2559 auxilio
989 2531 1036 2567 qui

247 2571 282 2598 de
292 2570 443 2599 Jerusalem
462 2573 629 2602 descendens
651 2575 783 2604 inciderat
809 2577 835 2604 in
853 2578 982 2610 latrones,
1008 2582 1037 2605 et

249 2615 408 2644 vulneratus
424 2616 459 2644 ab
475 2616 526 2650 eis,
543 2618 712 2647 semianimis
727 2619 815 2648 fuerat
827 2620 983 2648 derelictus.
1001 2617 1037 2647 Ut

248 2665 340 2689 autem
352 2662 424 2690 scias
437 2663 509 2698 quod
521 2663 598 2698 juxta
613 2665 810 2700 providentiam
824 2666 870 2694 Dei
886 2666 1037 2694 Samarites

248 2706 300 2735 istc
313 2707 486 2736 descenderit
501 2714 530 2737 ut
543 2715 653 2738 curaret
663 2719 725 2738 eum
744 2711 792 2746 qui
805 2711 938 2739 inciderat
947 2712 982 2739 'in
994 2711 1036 2739 la-

247 2757 351 2786 trones,
364 2755 507 2783 manifesto
521 2755 662 2784 docebcris
675 2764 708 2784 ex
730 2764 764 2784 eo
783 2757 856 2791 quod
878 2764 971 2785 secum
988 2756 1037 2785 Ita-

248 2798 331 2826 bebat
339 2799 620 2835 alligaturas,.secum
636 2801 739 2835 oleum,
749 2809 842 2830 secum
851 2802 956 2830 vinum.
968 2801 1036 2835 Qua

1086 2297 1260 2327 saaculorum.
1271 2296 1369 2323 Amen.

1346 2349 1490 2377 HOMILIA
1500 2347 1547 2375 XX
1552 2346 1609 2374 XV.

1087 2399 1126 2427 De
1138 2407 1168 2426 eo
1179 2398 1248 2434 quod
1256 2397 1385 2432 scriptum
1394 2399 1433 2423 est
1447 2402 1456 2422 :
1470 2404 1479 2421 ι
1498 2393 1611 2434 ριιαηιάο
1624 2392 1697 2434 uad}:
1710 2399 1768 2421 cum
1779 2391 1875 2434 ςιᾴυςιςέ

1121 2425 1261 2466 luridae,
1277 2441 1287 2458 ι
1300 2425 1324 2459 ἐι
1335 2436 1441 2462 uetera,
1452 2425 1534 2464 usque
1544 2429 1582 2466 ad
1590 2436 1648 2455 eum
1662 2427 1749 2466 locum
1759 2425 1802 2453 ubi
1815 2427 1854 2454 ait
1863 2433 1874 2453 :

1124 2479 1134 2496 ε
1150 2468 1185 2496 Et
1195 2462 1365 2496 Mitissimum
1376 2462 1505 2492 minutum
1520 2464 1621 2491 reddes.
1634 2472 1643 2489 ι
1659 2462 1725 2497 Cap.
1743 2469 1793 2490 xu.

1120 2522 1180 2550 Nili
1193 2525 1266 2549 esset
1281 2520 1360 2548 nobis
1380 2524 1477 2547 natura
1498 2519 1622 2551 insitum,
1643 2518 1668 2545 id
1683 2516 1755 2552 quod
1768 2516 1877 2552 justum

1086 2573 1129 2597 est
1146 2567 1298 2604 judicandi,
1316 2573 1456 2601 nunquam
1479 2565 1605 2593 Salvator
1631 2564 1733 2591 diceret
1753 2572 1760 2589 :
1787 2562 1876 2595 Quare

1088 2620 1187 2646 autem,
1200 2619 1226 2644 et
1238 2622 1254 2640 a
1266 2612 1455 2647 nobismetipsis
1468 2620 1519 2638 non
1532 2610 1601 2646 quod
1612 2609 1715 2644 justum
1723 2608 1876 2643 “(judica-

1088 2661 1147 2688 tis?
1166 2659 1265 2693 Verum
1290 2667 1324 2687 ne
1351 2658 1385 2686 ad
1414 2658 1603 2693 probationem
1623 2655 1877 2690 hujus'sententias

1086 2706 1196 2742 longius
1213 2713 1370 2741 evagemur,
1392 2704 1511 2732 maxime
1530 2710 1593 2731 cum
1615 2702 1700 2729 multa
1723 2700 1876 2728 diliciliora

1087 2753 1152 2781 huic
1162 2752 1282 2787 capitulo
1299 2752 1420 2779 subnexa
1434 2751 1500 2781 sint,
1517 2754 1622 2777 tantum
1637 2748 1769 2783 superbos
1791 2746 1878 2781 signi-

1088 2799 1185 2828 ficasse
1198 2798 1322 2826 sufﬁciet.
1341 2797 1412 2830 Quin
1431 2796 1521 2832 potius
1542 2796 1696 2825 animarum
1721 2798 1876 2821 nostrarum

287 2887 311 2903 '°
323 2887 402 2918 Joan.
418 2899 445 2925 δ,
459 2891 486 2920 8.
524 2893 544 2908 ³·
559 2891 637 2920 Joan.
655 2900 714 2925 rm,
729 2894 772 2921 i8.
810 2893 832 2910 "
845 2892 896 2921 lsa.
913 2901 931 2927 ι,
947 2893 972 2921 (i.
1013 2893 1113 2929 “l‘sal.
1134 2901 1192 2927 cui,
1214 2893 1255 2921 15.
1295 2892 1316 2908 "
1332 2890 1425 2920 Matth.
1444 2898 1481 2925 χι,
1496 2890 1543 2919 ‘28.
