4132 6460
395 453 540 512 1889

1559 445 1624 501 lN
1667 446 1902 505 LUCMI
1943 447 2226 504 ΠΟΜΙΙΛᾹ
2269 450 2482 505 XXXV.

3527 454 3668 510 18ᾳο

398 575 468 629 ad
504 572 670 622 Deum
717 566 832 621 vela
900 563 1225 635 pamlamus,
1270 565 1734 634 deprecemurque
1777 564 1975 618 adven-
2008 569 2052 623 Α
2080 577 2179 620 est.
2220 566 2274 620 Si
2308 581 2490 621 autem
2531 565 2866 634 forinsecus,
2905 583 3007 623 nec
3033 567 3101 623 de
3146 569 3237 622 illa
3271 567 3508 625 Ecclesia
3541 588 3664 640 quae

400 675 514 719 tum
538 661 813 718 sermonis
839 659 978 727 ejus,
1028 667 1084 710 ut
1121 657 1509 725 interpretetur
1553 659 1864 726 parabolam
1911 659 1978 712 dc

403 774 506 824 qua
538 755 800 810 scribitur
825 770 837 804 :
870 749 1100 815 Quando
1124 749 1272 802 vadis
1301 764 1418 800 runt
1457 749 1759 802 adversario
1789 758 1878 802 tuo
1907 751 1975 802 ad

398 847 707 915 principem,
733 845 786 896 in
811 843 895 895 ria
920 842 990 893 da
1015 854 1247 908 operam,
1281 851 1336 892 ut
1379 840 1566 894 liberes
1605 850 1653 894 te
1689 841 1754 893 ab
1788 857 1868 906 eo,
1915 857 1978 894 ne

399 939 537 1008 forte
559 935 740 990 tradat
769 945 817 987 te
843 932 1036 1003 judici,
1073 932 1308 1000 etjudea:
1337 932 1516 984 tradat
1547 942 1595 985 te
1625 934 1880 997 eaactori,
1927 942 1975 985 et

399 1030 453 1081 in
479 1041 738 1081 carcerem
763 1025 1019 1077 mittaris.
1048 1024 1213 1076 Amen
1234 1025 1350 1076 dico
1375 1023 1490 1089 tibi,
1535 1039 1639 1076 non
1668 1025 1792 1076 inde
1810 1027 1973 1087 exies,

397 1123 561 1173 donec
593 1117 936 1170 novissimum
964 1115 1224 1167 minutum
1253 1114 1463 1168 reddas.
1505 1114 1754 1180 Quatuor
1790 1131 1975 1184 perso-

397 1228 496 1266 nas
527 1210 650 1280 poni
680 1208 856 1273 video,
883 1207 1215 1271 adversarii,
1250 1207 1512 1277 principis
1535 1249 1548 1272 ,
1594 1208 1796 1277 judicia
1822 1249 1836 1271 ,
1876 1224 1938 1262 ex
1968 1242 1971 1244 -

395 1303 616 1366 actoris,
645 1313 696 1355 et
731 1301 858 1370 quia
887 1299 1098 1354 videtur
1122 1299 1449 1368 evangelista
1481 1299 1766 1355 Mattlueus
1797 1301 1975 1355 simile

395 1397 524 1466 quid
557 1400 774 1449 locutus
808 1393 860 1447 in
898 1407 964 1445 eo
987 1392 1130 1461 quod
1164 1391 1240 1444 ait
1276 1405 1288 1444 :
1327 1389 1454 1443 Esto
1490 1391 1762 1445 benevolus
1785 1392 1973 1445 adrer-

395 1489 542 1541 sario
566 1497 656 1540 tuo
677 1487 803 1538 dum
829 1500 882 1537 es
907 1485 960 1536 in
977 1485 1060 1536 via
1083 1499 1202 1535 cum
1226 1498 1282 1534 eo
1314 1483 1381 1546 ",
1405 1499 1590 1552 qua-ro
1618 1493 1798 1538 utrum
1832 1486 1972 1538 idem

394 1591 592 1632 sensus
635 1577 726 1638 sit,
773 1591 841 1629 an
887 1574 1066 1642 aliqua
1116 1574 1188 1628 sit
1240 1573 1460 1638 vicinia,
1521 1575 1788 1644 siquidem
1831 1577 1973 1645 apud

392 1667 706 1725 Matthmum
738 1682 842 1722 una
869 1681 1101 1737 persona
1133 1668 1501 1736 praetermissa
1538 1669 1628 1732 sil,
1653 1679 1706 1724 et
1734 1671 1838 1724 alia
1871 1672 1974 1724 im-

395 1771 623 1817 mutata.
665 1760 1075 1816 Praetermissus
1098 1768 1182 1814 est
1205 1761 1476 1830 princeps,
1510 1770 1564 1816 et
1599 1777 1697 1831 pro
1719 1772 1973 1818 exactore

393 1855 644 1908 minister
667 1853 903 1909 insertus
946 1872 960 1908 :
993 1854 1342 1909 adversarius
1374 1869 1502 1908 vero
1535 1864 1587 1908 et
1617 1854 1782 1924 judex
1811 1856 1966 1910 simi-

393 1947 516 2000 liter
536 1946 603 1999 ab
627 1955 859 2016 utroque
879 1954 1006 2001 sunt
1035 1946 1221 2016 positi.
1247 1945 1391 2000 Intus
1415 1945 1597 2015 itaque
1628 1961 1752 2002 cum
1783 1947 1970 2000 adver-

393 2037 540 2090 sario
581 2044 769 2090 nostro
817 2036 885 2090 ad
936 2036 1262 2106 principem,
1310 2045 1364 2090 et
1415 2045 1630 2105 oportet
1668 2053 1788 2102 nos,
1836 2036 1966 2090 dum

390 2126 568 2181 adhuc
589 2127 641 2180 in
676 2127 760 2180 via
794 2141 1009 2192 sumus,
1043 2125 1254 2180 fortiter
1288 2125 1556 2190 laborare,
1586 2133 1646 2179 ut
1677 2126 1970 2181 liberemur

390 2217 461 2269 ah
485 2231 570 2270 eo.
601 2217 870 2282 Quoniam
917 2217 1230 2287 annbiguum
1262 2215 1460 2287 quippe
1499 2217 1709 2288 (94-95)
1743 2219 1968 2273 verbum

387 2321 490 2371 est,
511 2317 563 2362 et
579 2317 754 2378 potest
775 2318 882 2363 tam
901 2308 967 2363 ad
990 2308 1287 2379 principem
1311 2324 1472 2379 quam
1492 2309 1556 2363 ad
1574 2310 1967 2375 adversarium,

391 2400 582 2454 referri
615 2420 628 2455 :
659 2399 741 2454 Ne
765 2401 900 2469 forte
933 2401 1114 2454 tradat
1153 2414 1200 2454 te
1223 2441 1237 2465 ,
1278 2402 1394 2456 sive
1436 2401 1805 2469 adversarius,
1856 2402 1971 2457 sive

388 2491 665 2561 princeps,
688 2490 884 2558 judici,
909 2489 1141 2558 etjudetr
1172 2490 1356 2544 tradat
1392 2503 1440 2546 te
1467 2493 1726 2557 exactori,
1775 2501 1823 2544 et
1865 2506 1967 2544 non

388 2578 508 2630 inde
527 2580 687 2642 exics,
724 2579 887 2631 donec
924 2581 1260 2633 novissimum
1291 2579 1402 2651 (95)
1434 2589 1686 2634 neutrum
1731 2580 1925 2634 reddas
1952 2597 1966 2635 :

392 2683 492 2737 pro
519 2684 630 2738 quo
677 2669 963 2726 Matthaaus
1005 2671 1079 2725 ait
1117 2689 1130 2725 :
1179 2671 1355 2724 Donec
1398 2673 1586 2725 reddas
1626 2673 1968 2726 novissimum

389 2758 737 2825 quadrantem
779 2761 846 2814 ⁵⁸.
889 2759 1123 2815 Verbum
1168 2776 1298 2815 vero
1349 2764 1691 2816 novissimum
1742 2772 1969 2829 uterque

391 2850 581 2904 scribit
613 2869 626 2904 :
660 2851 971 2920 discrepare
998 2861 1177 2907 autem
1205 2862 1334 2906 sunt
1359 2853 1482 2918 visi,
1518 2856 1663 2924 quod
1702 2855 1790 2909 hic
1833 2871 1970 2925 qua-

390 2939 636 2993 drantem
661 2982 675 3006 ,
712 2942 800 2996 ille
834 2943 1102 2996 minutum
1147 2942 1364 3012 posuit:
1399 2947 1646 3013 quaedam
1677 2946 1808 3000 mihi
1842 2955 1970 3000 sunt

390 3031 688 3085 secretiora
716 3033 1006 3102 tangenda,
1037 3043 1096 3087 ut
1125 3034 1491 3104 intelligamus
1531 3036 1695 3089 alium
1722 3052 1843 3091 esse
1874 3038 1969 3091 ad-

387 3122 722 3186 versarium,
763 3123 898 3178 alias
933 3133 1042 3178 tres
1080 3139 1344 3194 personas
1368 3165 1384 3190 ,
1423 3127 1472 3180 id
1512 3135 1596 3180 est
1628 3127 1964 3197 principem,

2079 671 2190 709 non
2226 656 2387 709 habet
2420 657 2687 711 maculam
2722 668 2817 710 aut
2863 673 3054 726 rugam
3082 658 3165 722 ⁸⁸,
3210 670 3306 714 aut
3335 661 3464 729 quid
3500 661 3664 718 istius

2078 748 2224 800 modi
2251 788 2263 810 ,
2297 759 2349 801 et
2393 748 2508 818 ipsa
2550 764 2608 801 re
2650 749 2852 818 probor
2895 749 3106 806 alienus
3150 765 3273 807 esse
3313 767 3345 806 a
3383 750 3476 807 tali
3523 769 3660 809 con-

2077 840 2410 909 gregatione,
2439 855 2545 892 non
2577 840 2738 894 habet
2762 841 3016 895 fiduciam
3047 843 3275 912 angelus
3301 859 3457 899 meus
3486 848 3664 914 respi-

2079 929 2257 984 ciendi
2300 931 2506 983 vultum
2552 929 2732 986 Patris
2775 931 2879 985 mei
2914 932 3007 1000 qui
3047 933 3100 986 in
3147 934 3300 989 cadis
3333 949 3436 991 est.
3483 935 3662 1002 Quam

2078 1021 2149 1074 oh
2185 1039 2404 1076 causam
2437 1023 2616 1092 angeli
2653 1037 2752 1090 pro
2783 1023 2942 1079 bonis
2973 1024 3192 1080 solliciti
3231 1037 3382 1090 sunt,
3423 1028 3664 1084 scientes

2076 1116 2219 1184 quod
2247 1115 2290 1168 si
2319 1131 2419 1170 nos
2439 1115 2578 1169 bene
2602 1114 3044 1185 gubernaverint,
3063 1127 3115 1172 et
3138 1118 3204 1172 ad
3225 1118 3456 1173 salutem
3485 1132 3661 1190 usque

2077 1207 2465 1276 perduxerint,
2505 1207 2739 1261 habeant
2779 1209 2942 1261 etiam
2982 1209 3083 1277 ipsi
3134 1211 3388 1264 ﬁduciam
3438 1210 3660 1266 videndi

2077 1297 2268 1351 faciem
2306 1297 2502 1354 Patris.
2539 1297 2828 1364 Quomodo
2861 1300 3008 1353 enim
3039 1301 3084 1355 si
3118 1317 3213 1371 per
3242 1318 3431 1358 curam
3466 1320 3657 1359 eorum

2076 1396 2131 1439 et
2160 1387 2484 1440 industriam
2517 1388 2666 1441 salus
2701 1387 3020 1442 hominibus
3048 1400 3396 1459 comparatur
3415 1432 3430 1456 ,
3460 1391 3658 1447 faciem

2075 1473 2253 1529 Patris
2305 1491 2522 1544 semper
2553 1477 2884 1530 attendunt:
2929 1479 3008 1533 sic
3047 1479 3092 1532 si
3143 1495 3236 1548 per
3277 1480 3662 1553 negligentiam

2075 1581 2268 1620 eorum
2303 1566 2468 1620 homo
2496 1568 2784 1632 corruerit,
2815 1569 2978 1622 etiam
3008 1572 3092 1624 sui
3125 1571 3351 1640 periculi
3392 1589 3504 1627 rem
3537 1589 3663 1631 esse

2075 1673 2186 1711 non
2221 1658 2495 1712 nesciunt.
2530 1657 2597 1712 Et
2622 1659 2767 1712 sicut
2799 1659 2978 1714 bonus
3000 1662 3312 1732 episcOpus,
3342 1672 3389 1718 et
3417 1664 3664 1734 optimus

2076 1745 2335 1802 Ecclesiae
2364 1748 2708 1816 dispensator
2741 1748 2843 1802 scit
2868 1749 2950 1802 sui
2983 1751 3161 1803 meriti
3203 1766 3325 1805 esse
3356 1760 3519 1822 atque
3543 1752 3662 1808 vir-

2081 1842 2214 1895 tutis
2240 1883 2254 1907 ,
2284 1842 2328 1895 si
2373 1857 2504 1896 oves
2538 1840 2718 1911 gregis
2754 1841 2858 1894 sibi
2890 1841 3078 1894 crediti
3112 1841 3314 1897 fuerint
3346 1844 3658 1910 custodite,

2073 1934 2145 1986 ita
2190 1932 2426 2003 intelligo
2459 1942 2512 1986 et
2545 1933 2611 1985 de
2641 1932 2868 2001 angelis.
2901 1932 3204 2002 ignominia
3239 1935 3434 2003 angelo
3480 1947 3566 1991 est
3607 1937 3658 1991 si

2073 2025 2237 2079 homo
2260 2024 2441 2093 justus
2470 2023 2712 2079 creditus
2739 2022 2922 2087 fuerit,
2950 2032 3006 2078 et
3033 2025 3372 2094 peccaverit:
3406 2038 3466 2081 ut
3493 2043 3658 2082 econ-

2071 2120 2241 2174 trario
2271 2120 2442 2188 gloria
2467 2127 2553 2172 est
2577 2117 2770 2186 angelo
2801 2114 2848 2170 si
2874 2115 3042 2188 975
3062 2117 3303 2172 creditus
3333 2118 3435 2173 sibi
3464 2120 3656 2176 saltem

2073 2210 2338 2266 minimus
2371 2209 2423 2263 in
2458 2208 2702 2266 Ecclesia
2731 2207 2914 2263 fuerit.
2947 2205 3384 2264 Videbuutenim
3413 2227 3520 2265 non
3551 2213 3656 2266 ali-

2071 2303 2310 2373 quando,
2341 2303 2434 2358 sed
2466 2318 2703 2372 semper,
2735 2301 2928 2356 faciem
2952 2299 3130 2354 Patris
3157 2302 3248 2371 qui
3279 2311 3364 2356 est
3390 2302 3443 2356 in
3479 2303 3657 2368 oculis,

2072 2412 2195 2451 cum
2232 2397 2322 2450 alii
2360 2411 2577 2466 semper
2618 2412 2724 2449 non
2771 2395 3009 2448 videant.
3057 2391 3367 2450 Secundum
3401 2396 3656 2452 meritum

2071 2489 2216 2543 enim
2250 2503 2440 2542 eorum
2467 2502 2703 2557 quorum
2729 2485 2910 2556 angeli
2943 2492 3105 2551 sunt,
3141 2493 3236 2539 aut
3276 2500 3526 2553 semper,
3558 2493 3658 2540 aut

2072 2595 2352 2650 nunquam
2373 2621 2387 2645 ,
2418 2579 2501 2633 vel
2533 2593 2722 2648 parum
2748 2619 2761 2640 ,
2800 2578 2884 2632 vel
2919 2578 3040 2647 plus
3064 2617 3078 2641 ,
3119 2576 3312 2631 faciem
3352 2577 3446 2631 Dei
3477 2577 3660 2648 angeli

2073 2671 2617 2740 contemplabuntur.
2665 2669 2838 2738 Cujus
2878 2669 2955 2722 rei
2985 2669 3050 2722 ad
3081 2668 3348 2737 liquidum
3400 2669 3652 2724 notitiam

2073 2763 2216 2819 Deus
2247 2763 2480 2827 noverit,
2513 2771 2566 2815 et
2596 2761 2640 2816 si
2681 2762 2836 2830 quis,
2871 2761 2996 2814 licet
3023 2774 3167 2822 raro,
3200 2757 3362 2814 fuerit
3399 2759 3655 2814 inventus

2072 2873 2233 2926 quem
2281 2855 2533 2910 Christus
2580 2853 2841 2906 illuxerit.
2903 2851 3191 2906 Videamus
3233 2866 3365 2921 ergo
3411 2851 3653 2920 primum

2073 2948 2198 3017 quis
2225 2947 2296 3000 sit
2324 2946 2671 3001 adversarius
2697 2961 2821 3000 cum
2847 2960 2956 3015 quo
2983 2944 3086 2998 iter
3109 2943 3398 2999 faciamus.
3427 2941 3655 3011 Semper

2074 3039 2360 3093 nobiseum
2383 3047 2468 3092 est
2493 3038 2862 3092 adversarius.
2883 3036 3128 3091 Infelices
3152 3051 3276 3100 nos,
3297 3043 3461 3104 atque
3486 3034 3652 3088 mise-

2074 3133 2302 3186 rabiles!
2337 3131 2786 3200 Quotiescunque
2833 3129 3263 3199 peccaverimus,
3305 3126 3659 3183 adversarius

383 3199 648 3284 judicem,
681 3226 1014 3270 exactorem.
1046 3216 1302 3288 Legimus
1335 3218 1414 3283 (si
1453 3228 1630 3274 tamen
1664 3221 1750 3273 cui
1793 3221 1966 3290 placet
1995 3245 2036 3301 ρ
2076 3232 2259 3276 noster
2289 3221 2561 3286 exsultat,
2605 3199 2786 3275 sciens
2818 3220 3076 3288 quoniam
3125 3219 3286 3272 habet
3335 3217 3649 3272 facultatem

389 3307 767 3375 hujuscemodi
805 3306 1142 3376 Scripturam
1183 3309 1459 3378 recipere)
1497 3311 1724 3378 justitize
1768 3320 1822 3366 el.
1865 3312 1968 3365 ini-

386 3399 612 3466 quitatis
657 3401 882 3471 angelos
933 3416 1096 3468 super
1139 3401 1372 3455 Abt-aha:
1419 3402 1596 3456 salute
1639 3411 1693 3456 et
1745 3403 1965 3456 interitu

385 3489 777 3556 disceptantes,
811 3490 940 3544 dum
978 3499 1223 3558 utrmque
1254 3500 1448 3544 tutma:
1485 3506 1585 3544 suo
1619 3507 1742 3546 eum
1778 3493 1968 3546 Volunt

383 3583 551 3635 coetui
590 3581 891 3636 vindicare.
929 3579 1086 3647 Quod
1119 3583 1162 3636 si
1197 3583 1286 3636 cui
1315 3583 1594 3652 displicet,
1629 3593 1868 3638 transeat
1899 3585 1965 3637 ad

384 3673 643 3726 volumen
677 3674 823 3740 quod
858 3675 1017 3726 titulo
1046 3673 1289 3726 Pastoris
1325 3674 1604 3738 scribitur,
1639 3683 1693 3728 et
1727 3675 1967 3728 inveniet

384 3765 599 3818 cunctis
635 3764 949 3819 hominibus
977 3765 1115 3833 (97)
1155 3765 1294 3819 duos
1334 3765 1525 3820 adesse
1559 3766 1810 3834 angelos:
1847 3781 1966 3820 ma-

382 3856 515 3921 l-uu,
549 3856 644 3927 qui
682 3857 746 3910 ad
775 3872 1030 3926 perversa
1061 3857 1416 3920 exhortatur,
1446 3864 1501 3910 et
1534 3857 1736 3910 bonum
1771 3859 1863 3928 qui
1897 3858 1963 3911 ad

381 3948 587 4014 optima
626 3963 856 4018 quaeque
913 3948 1220 4018 persuadet.
1274 3946 1550 4002 Scribitur
1599 3948 1768 4014 alibi,
1817 3949 1963 4018 quod

383 4042 644 4096 assistant
691 4043 939 4107 homini,
983 4043 1096 4096 sive
1128 4041 1184 4095 in
1227 4040 1468 4105 bonam,
1503 4040 1617 4094 sive
1664 4041 1716 4094 in
1765 4042 1962 4094 malam

382 4141 590 4198 partem
639 4130 886 4201 duplices
935 4130 1135 4200 angeli.
1189 4127 1265 4185 De
1298 4129 1457 4186 bonis
1501 4131 1666 4185 etiam
1717 4131 1966 4185 Salvator

383 4223 672 4286 meminit,
713 4223 901 4278 dicens
943 4223 1018 4275 ’ἐ
1075 4220 1263 4291 Augeli
1309 4236 1489 4274 eorum
1539 4239 1741 4292 semper
1789 4223 1964 4276 rident

380 4313 571 4380 faciem
620 4311 802 4366 Patris
846 4312 949 4366 mei
999 4312 1090 4382 qui
1134 4312 1186 4364 in
1231 4311 1374 4366 caelis
1416 4320 1514 4366 est.
1557 4306 1734 4366 Simul
1782 4327 1965 4383 qumre

379 4414 563 4457 utrum
611 4404 965 4473 parvulorum
1001 4403 1055 4457 in
1088 4402 1330 4458 Ecclesia
1364 4418 1580 4472 seraper
1613 4403 1828 4457 videant
1861 4420 1957 4458 an-

379 4494 483 4562 geli
512 4493 708 4548 faciem
752 4493 968 4560 Patris,
1014 4504 1068 4549 et
1096 4493 1329 4548 aliorum
1371 4493 1548 4562 angeli
1585 4509 1691 4548 non
1731 4495 1963 4551 habeant

2073 3313 2214 3381 apud
2249 3312 2548 3381 principem
2578 3311 2762 3366 smculi
2793 3310 2978 3378 hujus,
3006 3310 3101 3378 qui
3134 3324 3192 3364 se
3223 3309 3449 3363 miserat
3477 3308 3658 3364 exsul-

2070 3405 2218 3458 tandi
2241 3413 2295 3458 et
2319 3403 2609 3472 gloriandi,
2633 3419 2698 3457 eo
2723 3404 2866 3472 quod
2895 3402 3262 3464 alvei-sarius,
3290 3401 3438 3455 verbi
3459 3403 3658 3470 gratia,

2069 3497 2234 3564 hujus
2265 3495 2348 3549 vel
2392 3495 2569 3559 illius,
2619 3510 2744 3546 eum
2781 3494 2967 3548 fecerit
2999 3494 3228 3562 principi
3268 3493 3454 3547 saeculi
3489 3494 3656 3561 hujus

2068 3605 2190 3644 esse
2236 3588 2548 3655 subjectum
2583 3601 2679 3654 per
2713 3585 2837 3637 talia
2879 3593 3066 3653 totque
3108 3593 3362 3652 peccata,
3410 3599 3507 3652 per
3548 3584 3655 3640 huc

2069 3680 2312 3747 illudque
2347 3678 2627 3732 delictum.
2684 3674 2876 3727 Evenit
2925 3685 3106 3726 autem
3157 3674 3464 3739 interdum,
3513 3684 3570 3728 ut
3605 3677 3651 3729 si

2067 3771 2158 3840 qui
2214 3768 2378 3822 fuerit
2422 3774 2753 3836 praeparatus
2795 3773 3072 3818 armatura
3121 3765 3250 3830 Dei,
3287 3777 3342 3819 et
3383 3780 3448 3818 ex
3498 3767 3651 3820 omni

2067 3869 2220 3931 parte
2249 3875 2306 3913 se
2333 3857 2546 3920 texerit,
2571 3865 2799 3911 conetur
2824 3854 3044 3923 quidem
3078 3853 3424 3909 adversarius
3451 3856 3652 3911 vulnus

2068 3952 2311 4016 inferre,
2368 3951 2461 4005 sed
2513 3947 2823 4002 facultatem
2875 3961 2980 3999 non
3042 3947 3238 4000 habeat
3288 3946 3652 4016 pereutiendi.

2069 4041 2296 4112 Semper
2336 4041 2622 4095 nobiseum
2672 4023 3020 4096 adversarius
3054 4039 3331 4106 graditur,
3367 4053 3650 4109 nunquam

2066 4151 2167 4190 nos
2194 4134 2428 4196 deserit,
2462 4131 2656 4202 quaerit
2696 4131 3039 4186 occasionem
3074 4130 3418 4195 insidiarum,
3451 4132 3497 4185 si
3539 4147 3652 4201 quo

2066 4225 2230 4279 modo
2262 4239 2364 4277 nos
2387 4222 2707 4277 subvertere
2729 4232 2913 4291 queat,
2942 4231 3004 4275 ut
3027 4223 3079 4274 in
3107 4218 3388 4289 principali
3423 4219 3654 4292 [ἠγεμοο

2064 4315 2222 4388 νικῷ]
2259 4314 2440 4371 cordis
2475 4315 2648 4368 nostri
2696 4315 2894 4367 malam
2946 4313 3203 4381 subjiciat
3236 4313 3654 4381 cogitationem.

2067 4409 2292 4475 Quando
2316 4409 2462 4462 uadis
2488 4407 2556 4460 ad
2583 4408 2874 4476 principem
2891 4407 2958 4458 δ’.
2982 4405 3246 4471 Quisnam
3273 4403 3375 4458 iste
3397 4403 3650 4472 princeps

2063 4502 2186 4558 est?
2205 4501 2430 4566 Quando
2461 4500 2731 4554 dividebat
2750 4498 3061 4551 Altissimus
3085 4507 3282 4567 gentes,
3307 4496 3518 4566 quando
3541 4495 3651 4549 dis-

378 4586 680 4639 lihcrtatem
732 4586 944 4640 vultum
988 4584 1168 4640 Patris
1217 4585 1537 4640 attendere:
1587 4601 1764 4655 neque
1813 4588 1956 4642 enim
1992 4593 2036 4646 D
2064 4592 2358 4649 sentinabal
2384 4591 2525 4661 filios
2555 4590 2748 4655 Αιιαηι,
2777 4589 2966 4642 statuit
2995 4591 3243 4642 terminos
3269 4585 3546 4640 nationum
3573 4602 3652 4640 se.

381 4676 708 4745 sperandum
769 4685 892 4743 est,
958 4677 1203 4730 omnium
1255 4676 1476 4745 angelos
1528 4677 1710 4732 videre
1764 4677 1956 4733 faciem

378 4768 556 4823 Patris
579 4769 670 4838 qui
697 4769 748 4822 in
774 4769 928 4824 cwlis
948 4778 1049 4822 est.
1073 4768 1128 4822 Si
1155 4768 1312 4824 fuero
1333 4771 1399 4824 de
1420 4767 1687 4834 Ecclesia,
1708 4786 1898 4840 quann
1914 4771 1960 4826 is

379 4861 642 4915 minimus
663 4861 788 4924 sim,
809 4861 972 4915 habet
992 4861 1294 4914 libertatem
1321 4861 1544 4930 angelus
1571 4876 1724 4914 meus
1745 4871 1796 4915 et
1821 4861 1961 4916 lidu-

379 4953 520 5006 ciam
551 4969 768 5023 semper
802 4953 981 5007 videre
1021 4951 1211 5006 faciem
1244 4950 1424 5006 Patris
1453 4953 1558 5008 mei
1598 4953 1690 5022 qui
1722 4952 1774 5005 in
1805 4954 1960 5008 ctelis

2069 4685 2299 4738 cundum
2329 4698 2601 4736 numerum
2631 4681 2938 4751 angelorum
2967 4678 3088 4744 Dei,
3121 4688 3169 4732 et
3200 4679 3347 4748 facta
3369 4688 3446 4732 est
3475 4679 3650 4746 portio

2069 4775 2285 4828 Domini
2330 4771 2554 4843 populus
2596 4772 2709 4841 ejus
2750 4761 2950 4837 Iacob,
3001 4769 3273 4839 funiculus
3319 4767 3648 4822 hereditatis

2064 4865 2180 4934 ejus
2216 4863 2390 4918 Israel
2413 4864 2477 4917 ‘°.
2512 4862 2622 4934 (98)
2654 4863 2820 4932 Igitur
2847 4861 3206 4930 principibus,
3240 4859 3293 4913 id
3320 4867 3404 4914 est
3436 4857 3648 4927 angelis

2067 4957 2180 5030 (99)
2208 4958 2277 5011 ab
2309 4956 2536 5011 exordio
2565 4964 2706 5008 terra
2737 4954 2910 5008 divisa
2941 4965 3044 5008 est.
3075 4951 3261 5007 Daniel
3294 4953 3496 5022 quippe
3523 4964 3648 5005 ma-

447 5088 494 5121 “
521 5089 708 5145 Matth.
741 5105 794 5156 γ,
822 5088 912 5144 25.
989 5089 1033 5120 ⁵⁸
1061 5087 1193 5144 ibid.
1222 5087 1313 5144 26.
1390 5087 1642 5160 ",“atth.
1669 5094 1925 5156 xvtu,lO.
2004 5097 2051 5129 ⁸⁸
2081 5096 2347 5168 Ephesv,
2370 5095 2459 5148 27.
2539 5094 2586 5127 ⁸³
2613 5092 2804 5148 Matth.
2834 5109 2934 5157 xu,
2970 5093 3057 5147 58.
3137 5093 3182 5124 ⁶⁰
3210 5091 3365 5146 Deut.
3393 5087 3643 5155 xxxu,8.
3673 5118 3680 5125 -

453 5221 670 5298 (Eli-95)
694 5223 942 5298 Graecum
986 5221 1124 5298 sacri
1153 5230 1332 5298 tostus
1359 5223 1607 5298 verbum,
1645 5225 1952 5298 κατασύρῃ,

380 5290 815 5363 substituendum
848 5294 934 5346 hic
962 5294 1174 5346 videtur
1205 5291 1418 5356 Latino,
1453 5296 1660 5363 quippe.
1792 5290 1816 5312 "

451 5360 560 5431 (96)
590 5358 814 5432 Videtur
834 5364 899 5416 de
922 5363 1190 5418 industria
1212 5358 1499 5417 lectionem
1531 5358 1674 5417 illam
1700 5362 1956 5432 pra'ferre

380 5429 552 5503 Graeci
585 5431 882 5503 archetypi,
915 5449 1036 5502 quae
1077 5434 1130 5488 in
1173 5443 1368 5487 neutro
1406 5433 1566 5487 habet
1591 5433 1651 5486 τὸ
1685 5429 1952 5503 ἔσχατον,

378 5501 536 5573 alteri
548 5517 672 5573 qua:
692 5501 745 5573 in
764 5504 882 5555 aliis
903 5501 1141 5557 occurrit
1156 5503 1576 5572 exemplaribus,
1595 5503 1687 5573 rev
1702 5501 1948 5573 ἒάχατον.

451 5569 836 5644 (97)Dixim_us
863 5587 1026 5641 supra
1055 5574 1122 5627 ad
1150 5569 1338 5644 homill
1371 5573 1442 5626 25
1468 5573 1635 5628 videri
1659 5569 1949 5644 Origenem

379 5643 621 5696 sensisse
638 5641 807 5712 bonis
821 5650 1051 5712 tantum,
1071 5642 1382 5712 sanctisque
1405 5643 1536 5697 viris
1551 5641 1832 5698 custodém
1858 5660 1951 5699 an-

378 5712 555 5778 gelum
591 5710 844 5783 adjuugi:
883 5710 970 5765 hic
997 5714 1168 5767 multo
1198 5710 1354 5767 aliter
1382 5714 1518 5768 duos
1543 5715 1740 5783 cuique
1769 5713 1949 5769 homi-

379 5797 512 5854 num
531 5781 840 5851 assignatos
865 5784 1297 5854 apocryphorum
1324 5798 1541 5854 quoque
1565 5781 1828 5854 librorum
1855 5799 1948 5838 au-

379 5852 629 5906 ctoritatc
652 5851 962 5907 contendit:
993 5851 1046 5907 et'
1068 5852 1232 5922 paulo
1259 5851 1490 5910 inferius
1516 5853 1947 5912 luculentissima

2065 5230 2133 5286 iis
2159 5231 2323 5286 etiam
2355 5230 2444 5299 qui
2472 5229 2541 5284 ab
2561 5227 2804 5282 Ecclesia
2823 5228 2982 5282 alicui
3009 5236 3156 5293 sunt,
3187 5228 3498 5299 assignatus
3520 5243 3647 5296 pro-

2066 5302 2282 5354 nuntiat
2303 5298 2559 5355 custodes
2583 5300 2824 5368 angelos,
2849 5301 2976 5351 dum
3002 5316 3095 5351 eos
3124 5299 3198 5350 ait
3221 5313 3327 5349 non
3352 5298 3553 5350 audere
3573 5299 3643 5351 ad

2064 5370 2302 5425 cmlestis
2333 5370 2511 5423 Patris
2536 5369 2726 5424 faciem
2751 5369 2941 5422 oculos
2968 5368 3234 5430 attollere,
3267 5376 3319 5420 et
3343 5383 3440 5434 pro
3468 5368 3641 5420 homi-

2064 5457 2195 5494 num
2223 5440 2326 5495 sibi
2364 5439 2704 5494 subditorum
2740 5438 2947 5491 meritis
2980 5447 3072 5490 aut
3116 5453 3338 5505 semper,
3385 5445 3476 5488 aut
3507 5453 3646 5490 nun-

2061 5526 2242 5576 quam,
2277 5510 2355 5564 uel
2385 5525 2609 5578 parum,
2644 5509 2722 5561 rel
2751 5508 2870 5577 plus
2918 5509 3109 5577 {aciem
3157 5505 3263 5578 Dei»
3296 5507 3642 5578 contemplari

2060 5575 2222 5650 posse
2251 5597 2266 5646 ;
2301 5575 2422 5651 qua:
2461 5575 2806 5648 exaggeratio
2828 5620 2844 5644 ,
2897 5575 3182 5651 quantum
3217 5576 3285 5630 ab
3335 5575 3644 5632 orthodoxa

2060 5649 2334 5706 Sententia
2365 5651 2680 5711 abhorreat,
2716 5665 2875 5702 nemo
2912 5664 3017 5700 non
3049 5649 3232 5701 sintit.

2135 5720 2245 5794 (38>
2280 5719 2414 5794 )iide
2438 5735 2556 5794 caa-
2585 5716 2618 5772 5
2653 5719 2748 5773 ιω·
2780 5735 2838 5794 L"
2861 5717 3005 5794 ,ξῖερι
3034 5716 3240 5794 ἀρχῶν·
3273 5785 3286 5794 .
3379 5782 3405 5794 -

2133 5785 2246 5862 (99)
2280 5790 2415 5847 Vide
2445 5785 2591 5845 min
2625 5804 2746 5860 cap.
2785 5790 2818 5844 5
2861 5785 2962 5845 lib;
2997 5803 3054 5841 ιιι
3076 5785 3230 5858 Περὶ
3264 5785 3468 5855 ἀρχῶν.
