4132 6432
490 438 620 492 1891

1967 427 2298 484 (ιιιιυΕΝιδ

3613 435 3759 491 I89!

488 553 739 610 nit‘estius
760 564 904 621 quos
931 549 1142 622 Moyses
1168 549 1394 618 angelos
1424 548 1756 613 nominarat,
1786 546 2060 618 principes
2091 551 2133 605 Α
2165 543 2357 599 Deum.
2395 543 2622 608 Quando
2649 546 2800 601 radis
2836 561 2957 599 cum
2995 546 3304 602 aduersario
3340 548 3433 601 tuo
3457 550 3527 602 ad
3551 552 3763 619 princi-

488 661 614 702 esse
639 652 888 705 testatur,
925 643 1152 696 dicens:
1192 641 1443 709 Princeps
1484 642 1631 708 regni
1667 638 1975 699 Persarum,
2014 647 2063 690 et

487 743 728 808 princeps
761 735 902 804 regni
939 733 1280 796 Grteeorum,
1319 743 1368 786 et
1413 732 1643 786 Michael
1671 734 1912 801 princeps
1946 747 2070 798 gen-

488 831 625 886 tium
652 832 716 882 ⁶¹.
759 827 817 896 (l
842 833 860 897 )
887 825 954 879 Et
990 824 1368 894 unusquisque
1397 833 1645 877 nostrum
1676 838 1862 878 secum
1908 823 2070 876 habet

487 920 864 976 adversarium
913 919 1316 978 cohaerentem,
1369 914 1529 983 cujus
1573 929 1713 984 opus
1744 922 1830 968 est
1872 913 2072 968 ducere

482 1024 594 1065 nos
631 1010 700 1063 ad
746 1007 1080 1078 principem,
1131 1011 1186 1057 et
1227 1002 1452 1057 dicere:
1495 1001 1540 1056 Ο
1580 1000 1868 1071 princeps,
1920 999 2068 1053 verbi

487 1099 696 1170 gratia,
727 1098 877 1168 regni
915 1095 1239 1157 Persarum,
1278 1094 1384 1148 iste
1412 1092 1507 1161 qui
1545 1092 1734 1146 subter
1778 1099 1897 1145 erat
1932 1088 2028 1143 tibi
2048 1124 2075 1153 ,-

478 1200 640 1254 count,
664 1197 724 1241 ut
748 1202 886 1255 opus
916 1184 1113 1248 fue.at,
1145 1182 1417 1238 custodiri
1450 1199 1465 1236 :
1500 1182 1684 1236 nullus
1714 1181 1861 1236 enim
1891 1181 1958 1235 de
1983 1194 2072 1233 re—

488 1278 661 1347 liquis
697 1275 1035 1348 principibus
1067 1274 1136 1328 ad
1166 1288 1226 1327 se
1255 1273 1434 1341 potuit
1461 1269 1834 1336 transducere,
1880 1285 1951 1323 ne
1981 1269 2071 1325 ille

484 1370 739 1440 quidem,
761 1368 855 1437 qui
882 1367 948 1420 a.l
974 1366 1080 1420 hoc
1097 1379 1155 1418 se
1177 1363 1393 1419 venisse
1405 1362 1666 1431 jactabat,
1687 1368 1743 1414 ut
1765 1361 1831 1414 de
1855 1360 2070 1416 cunctis

495 1458 908 1515 hereditatibus
933 1456 1249 1520 Persarum,
1283 1454 1396 1508 sive
1423 1452 1762 1517 Graecorum,
1795 1452 2071 1505 omniutn‘

492 1566 605 1620 que
636 1551 924 1604 nationum
958 1555 1172 1617 raperet
1212 1545 1459 1599 homines
1480 1583 1494 1607 ,
1532 1551 1587 1597 et
1626 1542 1941 1596 haereditate
1974 1540 2067 1596 Dei

494 1640 699 1694 faceret
750 1653 872 1691 esse
921 1636 1216 1704 subjectos.
1269 1633 1520 1688 Christus
1571 1630 1835 1686 Dominus
1883 1640 2069 1685 noster

490 1745 686 1784 omnes
713 1728 987 1798 principes
1013 1726 1162 1789 vicit,
1190 1733 1245 1778 et
1267 1724 1529 1778 terminos
1554 1738 1746 1778 eorum
1776 1722 2066 1789 transiens,

2169 648 2310 702 pem,
2342 635 2397 687 in
2423 636 2507 688 via
2535 636 2604 688 da
2635 652 2869 705 operam.
2924 634 3126 689 Lat‘ttat
3169 636 3223 689 in
3264 636 3369 690 hoc
3412 635 3532 691 loco
3564 640 3757 693 nescio

2169 724 2326 794 quid,
2371 735 2425 779 et
2465 736 2734 781 secretum
2773 736 2892 791 est,
2928 727 2984 779 in
3023 727 3107 780 via
3132 726 3206 780 da
3236 740 3471 794 operam.
3505 727 3760 783 Salvator

2168 816 2247 871 ait
2270 816 2317 849 “
2344 836 2358 872 :
2386 816 2501 887 Ego
2535 834 2653 871 sunt
2690 818 2810 883 cia,
2858 819 3052 873 veritas
3075 857 3092 883 ,
3155 829 3207 873 et
3248 820 3381 873 vita.
3428 817 3487 875 Si
3533 821 3758 877 dederis

2168 922 2415 977 operam,
2450 919 2505 963 ut
2536 909 2786 963 libereris
2814 909 2885 963 ab
2917 909 3255 976 adversario,
3281 918 3405 966 esto
3448 910 3505 964 in
3530 910 3619 966 via
3645 928 3660 966 :
3690 920 3757 968 et

2123 989 2148 1003 ”
2170 1014 2294 1054 cum
2317 999 2537 1055 steteris
2550 999 2604 1054 in
2627 1015 2693 1055 eo
2708 1000 2802 1069 qui
2819 999 2978 1054 dicit:
3004 998 3115 1069 Ego
3132 1016 3248 1054 sum
3265 1001 3369 1067 uia,
3386 1001 3607 1057 stetisse
3637 1016 3751 1056 non

2168 1090 2385 1157 sufﬁcit,
2431 1091 2530 1146 sed
2566 1091 2636 1146 da
2682 1105 2902 1160 operam
2936 1100 2994 1146 ut
3029 1091 3278 1147 libereris
3308 1093 3380 1148 ab
3408 1093 3755 1149 adversario.

2168 1177 2286 1235 Nisi
2332 1181 2548 1237 dederis
2600 1196 2844 1250 operam,
2891 1192 2947 1236 ut
3000 1182 3071 1237 ab
3116 1184 3431 1239 adversario
3481 1184 3756 1252 libereris,

2171 1284 2293 1338 quae
2332 1277 2386 1325 te
2428 1283 2730 1340 sequamur
2763 1271 3034 1326 ausculta.
3078 1271 3271 1326 Trahit
3310 1282 3361 1327 te
3398 1274 3466 1328 ad
3504 1274 3751 1344 judicent

2166 1362 2539 1427 adversarius,
2569 1363 2613 1418 si
2625 1378 2684 1419 re
2711 1363 2965 1432 princeps
2994 1378 3120 1419 cum
3152 1373 3210 1443 te
3230 1366 3532 1434 susceperit
3557 1367 3626 1421 ab
3654 1367 3757 1421 ad-

2170 1449 2439 1513 versario,
2473 1449 2639 1504 trahit
2678 1459 2731 1505 te
2762 1449 2828 1504 ad
2854 1450 3120 1519 judicent.
3162 1451 3334 1518 Quam
3381 1455 3602 1524 elegans
3629 1471 3757 1511 ver-

2174 1540 2324 1602 bum,
2358 1540 2546 1605 trahit,
2582 1550 2640 1597 ut
2660 1542 2915 1597 ostendat
2945 1544 3355 1612 quodammodo
3391 1556 3754 1605 retractantes

2171 1636 2227 1684 et
2264 1630 2510 1684 nolentes
2549 1630 2617 1685 ad
2653 1631 3164 1687 condemnationem
3211 1633 3354 1689 trahi
3390 1644 3444 1689 et
3483 1635 3562 1689 ire
3600 1650 3757 1691 com-

2171 1720 2330 1789 pelli!
2372 1719 2509 1788 Quis
2541 1722 2686 1777 enim
2720 1723 2992 1778 homicida
3023 1726 3239 1779 concito
3262 1727 3430 1794 gradu
3466 1728 3644 1797 pergit
3680 1727 3754 1783 ad

492 1819 738 1887 captivos
782 1816 1011 1885 populos
1038 1814 1105 1869 ad
1139 1830 1198 1869 se
1226 1814 1502 1869 transtulit
1537 1814 1594 1866 in'
1624 1813 1876 1869 salutent.
1914 1812 1977 1867 Et
2008 1822 2066 1866 tu
2168 1810 2448 1880 iudicem?
2494 1813 2619 1882 quis
2658 1815 2902 1884 gaudens
2936 1816 3005 1870 ad
3033 1818 3550 1873 condemnationem
3588 1835 3750 1875 suam

491 1911 559 1963 de
607 1918 759 1978 parte
811 1905 1043 1975 alicujus
1096 1905 1357 1974 principis
1397 1919 1562 1959 eras:
1618 1904 1767 1958 venit
1808 1902 1967 1958 Jesus
2019 1913 2072 1958 et.
2103 1891 2143 1945 Β
2176 1901 2254 1955 ite
2282 1902 2523 1968 festinat,
2561 1914 2616 1958 ct
2648 1919 2756 1958 non
2792 1904 2993 1960 inritus
3024 1907 3279 1974 trahitur,
3300 1923 3365 1963 ac
3401 1910 3756 1979 repugnans?

490 2001 674 2069 rapuit
707 2008 757 2053 te
786 1999 853 2053 de
899 2005 1167 2067 potestate
1216 2011 1472 2065 perversa
1495 2035 1510 2060 ,
1541 2004 1596 2050 et
1626 1993 1739 2049 Deo
1772 1993 1916 2049 Patri
1968 1995 2070 2050 ob-

494 2092 639 2146 tulit.
673 2091 1032 2147 Adversarius
1058 2102 1188 2157 ergo
1226 2097 1411 2143 noster
1439 2088 1706 2155 ambulat,
1740 2088 1947 2144 ducens
1973 2104 2070 2145 nos

488 2183 558 2239 ad
586 2183 887 2253 principem
919 2198 1101 2238 suum.
1137 2180 1290 2236 Unde
1327 2194 1428 2252 ego
1464 2181 1695 2235 credens
1721 2181 1903 2237 omnia
1926 2180 2072 2235 Scri-

491 2280 777 2344 ptnrarunt
809 2277 973 2331 verba
1009 2276 1210 2330 habcre
1244 2274 1534 2335 rationem,
1566 2288 1673 2329 non
1703 2282 1835 2342 puto
1868 2272 2069 2328 frustra

480 2363 725 2433 judicent
760 2364 834 2434 (2)
863 2365 1003 2435 apud
1027 2365 1271 2429 Graecos,
1301 2380 1424 2421 cum
1451 2364 1683 2419 articulo
1709 2364 1948 2434 positum
1975 2366 2069 2435 qui

484 2453 886 2523 singularitatis
923 2455 1261 2526 significator
1290 2464 1408 2521 est;
1453 2454 1750 2526 principem
1782 2471 1910 2510 vero
1944 2457 2065 2514 sine

482 2544 723 2598 articulo
770 2546 1034 2614 scriptum
1086 2561 1209 2603 esse
1250 2544 1592 2615 simpliciter.
1650 2546 1876 2611 Quando
1914 2547 2061 2602 vadis

483 2649 606 2687 cum
642 2634 946 2689 adversario
973 2645 1081 2697 tuo.
1115 2635 1402 2705 Signanter
1430 2634 1526 2701 ait,
1558 2646 1670 2690 tuo.
1705 2634 1890 2706 Neque
1917 2637 2065 2693 enim

485 2739 678 2780 omnes
702 2727 947 2783 ninnium
981 2734 1110 2781 sunt
1141 2725 1464 2793 adversarii,
1495 2726 1589 2781 sed
1624 2725 1824 2796 singuli
1873 2728 2065 2799 singu-

483 2815 570 2872 los
602 2817 820 2880 habent,
854 2818 948 2887 qui
987 2818 1187 2887 ubique
1233 2834 1329 2873 eos
1362 2827 1683 2888 sequantur,
1728 2829 1782 2874 et
1820 2820 1931 2875 sint
1973 2836 2066 2877 co-

483 2906 666 2961 mites.
711 2906 938 2974 Quando
974 2908 1126 2963 vadis
1154 2925 1272 2963 cum
1303 2910 1609 2965 adversario
1644 2921 1736 2966 tuo
1768 2911 1837 2965 ad
1868 2913 2066 2977 princi-

481 3011 619 3065 pem.
670 2996 790 3052 Non
824 3014 950 3054 cum
995 3000 1229 3055 articulo
1259 3003 1557 3073 principem
1599 3003 1804 3073 posuit,
1841 3020 1909 3059 ne
1945 3020 2061 3060 cer-

481 3096 600 3141 tum
650 3089 924 3144 videretur
964 3091 1286 3159 ostendere;
1330 3094 1424 3149 sed
1479 3094 1599 3149 sine
1637 3094 1890 3162 articulo,
1934 3107 1994 3152 ut
2032 3111 2064 3152 e

481 3174 736 3280 pluribus
762 3193 928 3232 unum
954 3192 1471 3280 esse-monstraret:
1501 3184 1644 3253 quod
1674 3185 1821 3254 apud
1843 3185 2061 3243 Graecos
2088 3223 2132 3280 ο

480 3269 664 3339 magis
701 3269 1040 3341 intelligitur.
1075 3270 1465 3345 Unusquisque
1492 3276 1637 3330 enim
1672 3292 1919 3332 nostrum
1952 3295 2060 3335 non

482 3358 654 3414 habet
684 3361 965 3430 proprium
999 3363 1320 3434 principem.
1353 3366 1457 3431 Qui
1490 3364 1661 3436 Syrus
1698 3376 1803 3430 est,
1836 3370 1940 3426 sub
1969 3369 2063 3442 Sy-

481 3463 670 3504 rorum
704 3451 950 3521 principe
974 3461 1077 3520 est,
1120 3465 1171 3508 et
1216 3456 1596 3527 unusquisque
1635 3459 1740 3514 sub
1777 3474 1879 3515 suo
1910 3462 2063 3532 prin-

479 3539 603 3609 cipe
625 3541 804 3611 gentis
835 3552 954 3600 est:
990 3543 1037 3600 si
1064 3554 1247 3601 tamen
1282 3548 1564 3618 hucusque
1602 3552 1938 3619 processisse
1974 3569 2063 3609 me

479 3631 714 3697 sulllcit,
750 3642 801 3688 et
858 3634 928 3692 ab
969 3636 1073 3692 hac
1117 3638 1487 3710 disputatione
1529 3641 1596 3696 ad
1628 3643 1791 3697 aliain
1829 3645 2063 3701 transire

480 3723 769 3798 majomm,
798 3737 857 3783 ut
882 3739 1110 3786 cmteras
1142 3746 1364 3800 quoque
1393 3743 1581 3802 gentes
1618 3734 1782 3789 etiam
1820 3750 2063 3792 comme-

480 3833 712 3873 morem.
768 3817 923 3874 Unde
975 3819 1177 3874 dicitur
1204 3822 1248 3852 ⁶²
1284 3840 1298 3875 :
1350 3820 1532 3878 Videte
1559 3821 1731 3878 Israel
1774 3826 2061 3879 rixandum

478 3925 714 3964 carnem.
751 3909 1015 3967 Prudenti
1043 3912 1301 3983 coepisse,
1334 3914 1539 3970 dixisse
1563 3924 1686 3970 est:
1719 3915 1843 3971 licet
1874 3928 1928 3972 et
1959 3916 2061 3972 hoc

479 4002 537 4058 in
564 4002 767 4072 populo
795 4003 1031 4073 coepisse
1062 4018 1394 4059 sermonem.
1444 4004 1550 4071 Qui
1596 4013 1648 4060 te
1682 4005 1819 4071 rult,
1859 4006 2057 4077 inquit,

479 4095 682 4150 ducere
726 4094 798 4152 ad
843 4094 1147 4165 principem
1209 4111 1405 4163 suum,
1454 4106 1511 4152 et
1549 4097 1622 4151 ab
1661 4097 1770 4152 alio
1818 4098 2061 4169 principe

473 4185 816 4251 conducere,
870 4188 1093 4257 quando
1137 4188 1291 4243 radis
1332 4203 1456 4243 cum
1495 4188 1812 4245 adversario
1856 4199 1950 4244 tuo
1991 4189 2059 4244 ad

475 4278 801 4347 principem,
849 4279 903 4333 in
947 4281 1035 4336 ria
1078 4281 1146 4337 da
1197 4294 1418 4349 cperam
1467 4290 1527 4335 ut
1574 4281 1820 4336 libereris
1861 4282 1931 4336 ab
1969 4296 2059 4336 eo.

475 4367 594 4426 Nisi
647 4371 799 4427 omni
853 4373 1036 4427 studio
1091 4371 1452 4439 laboraveris,
1506 4371 1638 4427 dum
1696 4373 1876 4429 adhuc
1915 4373 2058 4429 riam

473 4462 681 4532 carpis,
725 4472 1020 4532 antequam
1073 4464 1399 4534 ingrediaris
1425 4462 1491 4517 ad
1522 4463 1845 4534 principem,
1878 4466 2058 4534 prius-

2172 1992 2290 2047 Scit
2316 1996 2461 2048 enim
2490 2010 2550 2049 se
2574 1994 2643 2049 ad
2668 1996 2774 2050 hoc
2799 1997 2902 2061 ire,
2936 2007 2995 2052 ut
3023 2000 3345 2054 sententiam
3379 2002 3572 2057 mortis
3601 2004 3754 2060 accio

2164 2085 2305 2155 piat.
2335 2083 2414 2139 Ne
2444 2085 2584 2141 forte
2615 2087 2794 2141 trahat
2829 2098 2880 2143 te
2903 2089 2970 2144 ad
2995 2092 3263 2159 judiccm.
3296 2093 3433 2160 Quis
3458 2106 3619 2166 putas
3646 2099 3755 2156 iste

2166 2173 2336 2245 judex
2384 2176 2513 2231 est?
2559 2175 2675 2247 Ego
2707 2179 2891 2233 nescio
2942 2181 3108 2235 alium
3145 2182 3383 2251 judicent
3425 2187 3529 2242 nisi
3560 2188 3754 2244 Domi-

2171 2281 2301 2321 num
2342 2282 2524 2323 meutn
2558 2267 2744 2333 desum
2770 2269 3076 2338 Christum,
3107 2272 3176 2328 de
3202 2290 3313 2344 quo
3345 2277 3474 2332 alibi
3503 2280 3704 2336 dicitur
3729 2297 3747 2335 :

2170 2354 2241 2408 Et
2274 2366 2469 2410 statuet
2511 2373 2626 2411 ores
2665 2374 2695 2411 a
2731 2358 2953 2421 dextris,
2985 2359 3161 2413 ltwdos
3192 2372 3369 2415 autem
3412 2380 3444 2417 a
3478 2364 3643 2435 975
3669 2367 3750 2421 si-

2169 2447 2355 2501 nistris
2378 2448 2443 2501 ⁶⁸.
2475 2446 2543 2502 Et
2580 2449 2772 2503 iterum
2800 2464 2814 2500 :
2845 2447 2952 2514 Qui
2993 2450 3262 2510 confessus
3290 2454 3451 2522 fuerit
3493 2471 3593 2517 me,
3623 2472 3750 2510 con-

2167 2538 2358 2611 ﬁtebor
2386 2549 2432 2593 et
2454 2555 2547 2609 ego
2580 2555 2700 2592 eum
2734 2556 2914 2593 coram
2942 2539 3105 2595 l’atre
3137 2560 3249 2598 meo
3271 2545 3364 2615 qui
3399 2546 3454 2600 in
3480 2548 3623 2601 ralis
3644 2559 3745 2603 est.

2171 2630 2276 2696 Qui
2322 2645 2499 2685 autem
2547 2631 2812 2701 negaverit
2858 2649 2938 2686 me
2968 2649 3151 2686 coram
3195 2634 3517 2702 hominibus,
3548 2639 3749 2710 negabo

2164 2738 2285 2776 eum
2319 2738 2502 2775 coram
2527 2720 2691 2776 Patre
2727 2739 2839 2776 meo
2874 2723 2963 2793 qui
3002 2724 3059 2778 in
3091 2724 3235 2780 εωιίε
3263 2735 3340 2780 est
3368 2727 3433 2781 “.
3457 2727 3663 2783 'l‘rahat
3696 2739 3751 2785 te

2166 2813 2233 2868 ad
2264 2813 2530 2884 judicem,
2567 2813 2805 2882 etjudex
2836 2814 3013 2868 tradat
3040 2824 3093 2869 te
3120 2818 3384 2872 exactori.
3439 2815 3748 2888 Unusquis-

2166 2922 2273 2977 que
2306 2910 2553 2961 nostrum
2576 2921 2673 2975 per
2703 2905 2914 2974 singula
2942 2916 3159 2974 peccata
3190 2907 3454 2961 damnum
3487 2909 3746 2972 sustinet,

2165 3007 2220 3054 et
2259 2997 2414 3067 juxta
2465 2996 2786 3067 qualitatem
2838 2996 3219 3067 rationemque
3273 2997 3454 3053 delicti
3482 3040 3499 3062 ,
3559 3000 3747 3054 damni

2166 3088 2485 3160 magnitudo
2532 3097 2832 3157 reputatur.
2889 3086 3069 3143 Debeo
3098 3089 3319 3158 aliquod
3348 3090 3415 3144 de
3446 3089 3748 3160 Srripturis

2163 3180 2361 3237 aﬂerre
2391 3179 2764 3237 testimonium
2806 3195 2972 3250 super
2999 3180 3202 3234 damno
3252 3182 3534 3252 multaque
3577 3199 3747 3255 pecu-

2166 3274 2291 3331 niae.
2340 3274 2497 3328 Alius
2534 3272 2797 3327 damnum
2850 3272 3085 3327 sustinet
3112 3274 3533 3344 quingentorum
3580 3276 3751 3330 dena-

2165 3364 2397 3430 riorum,
2429 3372 2484 3418 et
2512 3362 2673 3418 debet
2714 3377 2833 3429 eos,
2868 3362 3010 3418 alius
3070 3365 3468 3435 quinquaginta
3509 3366 3748 3422 denariis

2166 3454 2565 3509 condemnatur
2609 3471 2622 3507 :
2666 3467 2814 3522 quae.
2853 3467 3067 3507 summa
3102 3454 3369 3509 ambobus
3410 3470 3441 3509 a
3475 3457 3746 3512 creditore

2160 3548 2502 3604 conceditur.
2554 3545 2726 3602 Porro
2766 3546 2941 3610 alius,
2992 3547 3134 3601 sicut
3171 3548 3455 3618 Scriptura
3500 3549 3633 3604 dicit
3659 3549 3739 3604 ":

2166 3639 2392 3696 Oblatas
2422 3651 2496 3696 est
2529 3640 2577 3693 ei
2596 3655 2730 3693 unus
2751 3639 2843 3709 qui
2871 3635 3090 3694 debebat
3113 3639 3290 3694 decem
3313 3640 3487 3694 millia
3515 3641 3738 3706 talenta,

2163 3732 2351 3790 decem
2388 3732 2631 3787 millibus
2673 3733 3002 3787 talentorum
3049 3732 3466 3788 condemnatur.
3516 3732 3584 3788 Et
3611 3732 3744 3803 quid

2167 3841 2256 3882 me
2304 3839 2527 3881 necesse
2565 3831 2651 3880 cst
2695 3824 2847 3894 plura
2888 3824 3181 3894 persequi?
3211 3821 3604 3895 Unusquisque
3636 3839 3738 3896 pro

2160 3918 2425 3989 quahtate
2469 3925 2524 3972 et
2567 3915 2874 3986 quantitate
2915 3915 3166 3985 peccati,
3216 3915 3489 3971 diversam
3557 3916 3741 3971 multa:

2161 4007 2484 4063 sententiam
2538 4005 2814 4075 expendit.
2865 4003 2924 4058 Si
2972 4020 3164 4075 parum
3197 4016 3283 4060 est
3328 4005 3474 4076 quod
3522 4020 3737 4078 peccas,

2160 4097 2377 4153 ferieris
2419 4097 2621 4151 damno
2664 4094 2885 4161 minuti,
2923 4104 2983 4148 ut
3007 4093 3189 4151 Lucas
3233 4096 3473 4166 scripsit,
3510 4106 3570 4153 ut
3606 4112 3741 4153 vero

2159 4189 2465 4255 Mattltams,
2491 4186 2832 4257 quadrantis.
2878 4186 3267 4242 Verumtamen
3309 4188 3471 4258 etiam
3516 4203 3738 4246 necesse

2159 4290 2243 4336 est
2281 4280 2386 4333 hoc
2422 4277 2601 4347 ipsum
2630 4275 2778 4347 quod
2821 4276 3029 4333 exstitit
3068 4277 3302 4341 debitor,
3343 4279 3577 4345 solvere,
3619 4279 3738 4335 Non

2158 4372 2306 4427 enim
2332 4369 2458 4425 inde
2484 4368 2637 4424 exies
2661 4367 2767 4422 nisi
2791 4375 2846 4422 et
2882 4367 3108 4424 minima
3136 4384 3366 4440 qumque
3391 4371 3735 4440 persolveris.

2159 4460 2263 4527 Qui
2294 4475 2422 4514 vero
2467 4457 2644 4513 fidelis
2686 4464 2790 4517 cst.
2828 4458 2979 4512 nullo
3025 4458 3228 4513 damno
3279 4460 3599 4529 percutitur,
3639 4463 3735 4516 sed

474 4567 643 4621 quam
671 4554 926 4624 princeps
971 4556 1152 4611 tradat
1198 4567 1251 4613 te
1282 4554 1447 4624 iudici
1476 4555 1547 4608 ab
1574 4555 1888 4609 adversario
1921 4571 2057 4625 prm-
2088 4581 2130 4634 η
2161 4550 2406 4621 quotidie
2430 4548 2636 4605 ditatur
2664 4563 2678 4600 :
2708 4548 2786 4618 (5)
2809 4546 2972 4602 Totus
3002 4548 3139 4601 enim
3173 4548 3398 4602 mundus
3423 4548 3733 4603 divitiarum

476 4653 752 4711 paratum,
796 4653 980 4712 postea
1022 4642 1227 4698 frustra
1268 4644 1578 4699 conaberis.
1629 4642 1701 4698 Da
1742 4661 1871 4715 ergo
1922 4660 2053 4715 0pc-

476 4748 616 4798 ram,
649 4745 707 4789 ut
740 4734 990 4791 libereris
1019 4735 1090 4790 ab
1114 4751 1201 4802 eo,
1231 4736 1347 4790 sive
1381 4750 1411 4788 a
1443 4735 1684 4805 principe
1715 4737 1780 4789 ad
1813 4752 1973 4806 quem
2004 4746 2056 4792 te

473 4823 647 4881 trahit
695 4823 1061 4880 adversarius.
1110 4822 1187 4878 Da
1234 4840 1455 4895 operam
1500 4834 1560 4878 ut
1593 4824 1795 4881 habeas
1837 4826 2053 4896 sapien-

473 4914 631 4981 tiam,
658 4913 949 4983 justitiam,
982 4915 1385 4980 fortitudinem,
1416 4926 1578 4987 atque
1613 4917 2048 4986 temperantiam,

471 5016 529 5058 et
561 5013 690 5060 tunc
724 5006 1129 5074 complcbitur:
1178 5006 1315 5061 Ecce
1353 5006 1528 5073 homo,
1572 5021 1727 5075 opera
1769 5007 1883 5075 ejus
1929 5018 2051 5061 ante

471 5096 668 5168 faciem
698 5112 849 5150 suam
882 5097 950 5152 “.
1004 5096 1118 5154 Nisi
1163 5099 1381 5154 dederis
1429 5113 1671 5167 operam,
1713 5114 1821 5152 non
1848 5101 2050 5169 poteris

2157 4644 2271 4712 ejus
2307 4651 2408 4696 est.
2444 4641 2683 4712 lnﬁdelis
2735 4650 2911 4695 autent
2957 4656 3049 4694 nec
3087 4640 3300 4694 obolum
3343 4640 3518 4698 liabet.
3580 4641 3733 4697 Altus

2157 4734 2452 4789 damnatur
2494 4732 2741 4798 denario,
2788 4731 2929 4785 alius
2978 4744 3139 4793 mna,
3196 4728 3339 4786 alius
3389 4731 3612 4787 talento.
3668 4731 3734 4787 lit

2154 4828 2416 4896 quaesitor
2451 4826 2616 4896 hujus
2643 4824 2869 4895 negotii,
2900 4822 2993 4894 qui
3028 4838 3315 4878 mensuras
3353 4823 3728 4879 universorum

2154 4920 2370 4974 noverit
2395 4928 2766 4987 peccatorum.
2810 4915 2923 4971 lloc
2951 4916 3211 4972 delictum
3241 4917 3445 4971 talento
3470 4917 3729 4971 condem-

2158 5017 2318 5063 natur
2357 5027 2371 5063 :
2412 5008 2541 5062 illud
2597 5015 2879 5077 peccatum
2929 5004 3156 5060 multam
3203 4990 3511 5061 istiusmodi
3555 5023 3729 5063 ntere-

2156 5109 2264 5154 tur.
2304 5099 2576 5170 Scriptutu
2614 5108 2698 5153 est
2727 5098 2873 5153 enim
2898 5097 2945 5129 ⁸⁸
2968 5115 2983 5152 :
3010 5095 3144 5154 Cum
3172 5107 3348 5152 autem
3376 5098 3616 5167 cepisset
3637 5097 3723 5169 [a-

470 5188 776 5245 adrersarii
799 5197 1019 5259 pactum
1061 5188 1380 5261 infringere,
1403 5189 1565 5260 cujus
1603 5189 1841 5244 amicitia
1869 5200 1953 5245 cst
1991 5193 2049 5248 in
2152 5207 2269 5246 cere
2299 5192 2580 5245 rationem.
2615 5188 2973 5260 Supputanda
3000 5198 3085 5245 est
3116 5188 3375 5245 omnibus
3403 5189 3564 5246 nobis
3601 5205 3728 5261 gra-

539 5325 753 5400 σξρεμε,
780 5344 836 5392 κ,
866 5314 1080 5400 13,30,
1111 5328 1203 5383 2|.
1278 5327 1516 5400 "ilicor.
1540 5343 1593 5400 ξ,
1622 5327 1707 5381 18.
1781 5329 1950 5384 "Isa-
1979 5348 2063 5386 LXI

2178 5331 2221 5386 l.
2297 5328 2523 5387 “Joan.
2568 5343 2681 5396 xnv,
2705 5328 2759 5383 6.
2837 5328 2883 5361 “
2905 5326 3095 5384 Matth.
3122 5343 3252 5391 xxv,
3297 5327 3385 5383 35.
3454 5326 3719 5384 “Matth.

471 5413 530 5464 ι,
561 5397 651 5463 '52,
673 5398 763 5452 33.
859 5398 901 5430 “
926 5396 1116 5453 Matth.
1143 5414 1295 5460 svnt,
1321 5399 1410 5454 24.
1479 5398 1523 5429 ⁸⁸
1544 5397 1733 5454 Matth.
1762 5416 1913 5468 xrtn,
1940 5401 2028 5455 ῆι.

537 5509 621 5584 (l)
652 5508 788 5584 \[idc
806 5525 928 5582 cap.
960 5510 1022 5584 8,
1047 5505 1143 5562 lib.
1174 5522 1219 5574 ι,
1242 5507 1620 5584 Περζὰρχῶν.

2229 5515 2308 5588 (3)
2371 5516 2600 5586 Sumpta
2656 5532 2724 5570 ex
2773 5514 3199 5588 Proverbiorntn
3254 5512 3394 5588 libro
3451 5512 3723 5588 sententia

540 5580 620 5669 (εξ)
673 5580 817 5669 Duas
858 5580 1111 5669 \iocujlas,
1162 5583 1302 5669 qpp'd
1351 5580 1876 5669 Gt-rccos,.iteinqtt‘e
1920 5585 2046 5669 illas

2162 5580 2270 5669 gap:
2291 5580 2435 5649 'xvn,
2467 5580 2591 5669 post
2616 5587 2845 5669 vers.'6,
2877 5587 3040 5664 juxta
3257 5582 3353 5669 τοῦ
3381 5582 3574 5669 morat)

471 5650 637 5727 paulo
684 5662 826 5727 post,
867 5655 1007 5722 quod
1051 5650 1439 5727 apudGmcqs
1486 5655 1653 5727 magis
1705 5650 2046 5727 intelligitur,

472 5719 558 5794 ile
588 5719 1079 5794 sunlliero’nymus
1123 5720 1457 5794 adjunxerit.
1513 5719 1610 5777 Es't
1661 5742 1791 5780 vero
1832 5719 2042 5794 Cra-ce,

472 5737 540 5773 ue.
588 5737 689 5774 suo
719 5737 1079 5843 ttlerotrjmus
1125 5737 1457 5789 adjttnxertt.
1513 5737 1610 5777 ὕει
1661 5742 1791 5780 vero
1832 5737 2042 5794 Ut'a'ce,

472 5789 559 5869 tif
582 5788 841 5869 ἄρχογτα,
868 5807 904 5869 a_
955 5792 1267 5869 principem,
1298 5793 1504 5869 absque
1533 5795 1796 5869 articulo;
1827 5809 1878 5853 cl
1910 5797 2049 5869 πρὸς

473 5857 565 5910 τὸν
599 5856 791 5927 κριτὴν
821 5860 916 5914 καὶ
946 5856 976 5912 ὁ
1000 5868 1208 5938 κριτής,
1241 5876 1365 5917 cum
1395 5856 1643 5919 articulo.

2147 5658 2177 5728 t5
2209 5652 2413 5728 ἱςόσμος
2453 5652 2561 5709 ’ἑῶν
2599 5652 2918 5728 χρημάτωεᾶ,
2948 5652 3043 5707 τοῦ
3082 5653 3139 5707 δὲ
3172 5652 3401 5728 anteacta
3439 5652 3570 5728 citos
3601 5652 3727 5728 663-

2149 5727 2261 5792 λός.
2294 5722 3080 5797 InterpretaturHieronymus
3126 5722 3412 5797 θρίω-⁸55,
3439 5723 3517 5797 ad
3537 5722 3724 5797 [fanti-

2152 5811 2306 5859 nuut,
2341 5791 2492 5850 num.
2525 5795 2594 5849 10
2620 5813 2633 5849 :
2662 5791 2937 5849 Credenti'
2960 5805 3101 5848 totus
3141 5791 3369 5846 mundus
3414 5791 3723 5848 divitiarum

2148 5878 2269 5923 est:
2305 5867 2537 5922 inﬁdelis
2574 5874 2751 5920 autem
2785 5866 2947 5920 etiam
2977 5864 3127 5920 obolo
3162 5863 3377 5932 indiget.
