4132 6456
384 417 526 479 1893

1526 416 1591 472 ΙΝ
1633 414 1870 474 LUC.\M
1913 413 2193 472 llOMILlA
2239 418 2478 473 XXXVI.

3523 440 3661 496 1894

379 536 477 591 tia.
528 532 646 588 Non
693 543 776 589 est
830 532 976 588 aliud
1027 542 1240 600 tempus
1290 531 1552 586 faciem-lae
1595 533 1826 586 rationis
1856 532 1958 584 nisi
1995 535 2036 590 Α
2069 531 2226 598 hujus
2257 533 2324 584 τ’.
2368 534 2475 586 Aut
2509 535 2925 602 comparatione
2977 543 3227 611 majoris,
3286 554 3447 627 tenue
3492 560 3660 617 atque

385 633 605 696 tempus
647 624 875 698 judicii,
918 626 1138 695 quando
1180 624 1388 692 liquido
1431 631 1791 691 cognoscetur
1826 622 1958 691 quid

381 719 540 775 nobis
589 718 852 773 creditum
908 726 1010 781 est,
1063 725 1116 770 et
1163 717 1293 787 quid
1343 716 1502 782 lucri,
1551 715 1751 784 quidve
1794 713 1960 767 detri-

380 810 549 863 menti
596 806 907 874 fecerimus,
959 808 1084 876 quis
1137 818 1385 864 nostrum
1439 807 1706 875 acceperit
1752 821 1958 870 mnam,

381 900 507 970 quis
535 914 704 954 unum
749 899 1036 965 talentum,
1084 901 1209 969 quis
1250 900 1392 964 duo,
1439 899 1566 968 quis
1613 898 1856 966 quinque
1890 896 1956 951 ⁶⁹.

382 992 615 1049 Necesse
640 1006 750 1046 non
783 1000 862 1047 est
895 992 1052 1062 plura
1087 993 1350 1058 indicare,
1389 1007 1514 1048 cum
1556 992 1659 1045 hoc
1710 991 1764 1043 in
1808 1003 1960 1044 com-

382 1100 548 1140 mune
585 1084 791 1140 dixisse
830 1083 1080 1148 sulliciat,
1121 1087 1432 1140 reddituros
1476 1099 1575 1140 nos
1626 1097 1747 1137 csse
1791 1081 1958 1135 ratio-

383 1191 507 1232 nem
535 1185 628 1232 :et
656 1175 703 1231 si
739 1176 1014 1232 debitores
1050 1177 1256 1232 inventi
1298 1177 1566 1232 fuerimus
1597 1175 1738 1230 trahi
1771 1175 1836 1228 ad
1871 1173 1960 1243 jn-

379 1266 577 1330 dieem,
609 1274 665 1320 et
693 1281 722 1319 a
745 1265 927 1333 judice
957 1269 1202 1322 exactori
1237 1268 1400 1322 tradi.
1431 1265 1641 1336 Singuli
1673 1275 1960 1320 exactores

381 1357 632 1426 proprios
664 1357 928 1414 habemus
953 1375 967 1410 :
992 1360 1174 1416 omnis
1201 1374 1332 1413 vero
1363 1359 1675 1422 multitudo,
1711 1358 1961 1428 pluribus

380 1449 654 1514 traditur,
717 1451 1020 1505 secundum
1078 1451 1130 1506 id
1185 1452 1331 1521 quod
1391 1452 1444 1506 in
1505 1450 1642 1506 Isaia
1695 1452 1955 1521 scriptum

378 1547 464 1594 est
487 1541 573 1592 ὀε
607 1540 840 1608 Populus
874 1558 1042 1605 meus,
1080 1552 1352 1597 exactores
1389 1545 1546 1597 restri
1577 1544 1809 1613 spoliant
1847 1561 1956 1610 vos,

377 1639 426 1685 et
447 1631 537 1700 qui
555 1639 788 1700 potentes
813 1642 935 1685 sunt
964 1635 1316 1688 dominantur
1360 1636 1540 1689 vestri.
1596 1634 1960 1691 Dominantur

375 1732 682 1788 exactores,
718 1725 764 1779 si
803 1723 1154 1783 debuerimus
1184 1727 1412 1798 aliquid.
1447 1726 1504 1781 Si
1534 1738 1717 1783 autem
1752 1730 1958 1784 habue-

378 1813 552 1868 rimus
577 1814 851 1881 ﬁduciam,
885 1827 940 1872 et
972 1817 1147 1872 fronte
1174 1819 1344 1872 libera
1371 1819 1696 1886 vixerimus,
1725 1821 1956 1875 servabo

379 1913 703 1972 praeceptum
733 1905 906 1962 libens
934 1923 948 1961 :
975 1907 1196 1962 Reddite
1219 1908 1459 1962 omnibus
1488 1909 1664 1963 debita
1691 1926 1709 1962 :
1736 1911 1824 1964 cui
1853 1913 1956 1964 tri-

379 1991 584 2059 butum,
618 1993 916 2051 tributum:
940 1998 1025 2050 cui
1060 1999 1321 2065 timorem,
1358 1999 1596 2052 timorem
1622 2016 1641 2054 :
1679 2001 1764 2054 cui
1798 2001 1956 2054 vecti-

377 2082 484 2149 gal,
515 2085 737 2154 vectigal
759 2100 778 2138 :
799 2088 886 2140 cui
910 2087 1181 2155 honorem,
1225 2089 1474 2146 honorent
1499 2092 1568 2145 7'.
1610 2090 1667 2145 Si
1698 2093 1956 2146 omnibus

377 2173 632 2230 universa
673 2177 981 2246 reddidero,
1011 2181 1170 2235 venio
1207 2181 1273 2235 ad
1317 2195 1651 2245 exactorem,
1693 2192 1747 2237 et
1788 2184 1953 2238 intre-

375 2265 501 2334 pida
544 2280 724 2322 mente
769 2271 1094 2339 respondeo,
1119 2271 1266 2327 Nihil
1310 2274 1408 2329 tibi
1435 2274 1626 2329 debeo.
1659 2273 1820 2329 Venit
1862 2291 1956 2328 ex-

373 2365 530 2412 actor
568 2359 634 2413 ad
660 2359 1086 2430 deposcendum,
1127 2365 1326 2420 resisto
1357 2365 1428 2420 ei.
1474 2365 1602 2420 Scio
1635 2366 1780 2420 enim
1809 2366 1955 2436 quod

373 2448 421 2503 si
471 2449 606 2503 nihil
657 2450 932 2517 debuero,
995 2454 1050 2508 in
1099 2471 1186 2511 me
1236 2471 1347 2511 non
1397 2456 1559 2511 habet
1607 2465 1952 2526 potestatem.

374 2539 530 2605 Quod
563 2541 607 2595 si
634 2541 848 2596 debitor
895 2543 1072 2610 fuero,
1105 2549 1283 2602 mittet
1313 2563 1403 2602 me
1433 2559 1655 2601 exactor
1703 2563 1858 2602 meus
1899 2549 1953 2603 in

372 2644 670 2714 carcerem,
711 2633 801 2686 illo
843 2635 1034 2689 ordine
1061 2637 1152 2705 qui
1180 2638 1474 2706 prwdictus
1519 2646 1621 2693 cst.
1685 2640 1957 2695 Adversa—

374 2722 490 2776 rius
529 2723 674 2777 enim
713 2739 799 2778 me
837 2725 988 2780 ducit
1026 2727 1093 2782 ad
1124 2729 1448 2800 principem,
1481 2732 1733 2803 princeps
1771 2735 1836 2788 ad
1865 2733 1955 2804 ju-

371 2812 572 2878 dicem,
623 2823 676 2868 et
723 2815 889 2884 judex
947 2818 1123 2872 tradet
1176 2835 1264 2874 me
1311 2823 1578 2885 exactori,
1639 2834 1692 2877 et
1733 2834 1956 2880 exactor

372 2901 552 2956 mittet
580 2903 632 2956 in
664 2919 961 2960 carcerem.
995 2906 1126 2974 Quae
1156 2909 1231 2981 (l)
1262 2919 1346 2966 est
1386 2911 1470 2965 lex
1501 2913 1738 2968 carceris
1761 2913 1958 2968 istius?

371 2992 491 3048 Non
543 2997 793 3066 egredior
843 3013 908 3052 ex
955 3014 1043 3065 eo,
1093 3017 1270 3071 neque
1331 3018 1416 3056 me
1474 3015 1699 3059 exactor
1749 3006 1956 3076 patitur

371 3085 550 3151 exire,
593 3088 696 3141 nisi
741 3088 983 3144 debitum
1034 3108 1197 3146 omne
1237 3095 1571 3162 pcrsolvero.
1629 3095 1746 3151 Non
1793 3099 1956 3154 habet

369 3185 592 3231 exactor
641 3185 984 3245 potestatem,
1035 3192 1093 3235 ut
1135 3183 1266 3237 mibi
1321 3185 1512 3240 saltem
1566 3187 1950 3256 quadrantem.
1982 3215 2022 3269 ο

371 3263 455 3316 vel
507 3264 788 3318 minimam
834 3269 1142 3336 portionem
1200 3271 1376 3328 valeat
1423 3275 1758 3345 concedere,
1807 3295 1951 3335 unus

365 3365 470 3424 est,
501 3356 594 3425 qui
641 3357 976 3415 debitoribus
1020 3377 1127 3416 non
1173 3363 1499 3420 habentibus
1554 3369 1696 3423 unde
1747 3373 1953 3440 persol-

369 3457 517 3512 vant,
542 3457 722 3520 potest
744 3453 1061 3510 concedere.
1083 3456 1336 3526 Accessit,
1355 3459 1550 3530 inquit,
1577 3460 1646 3514 ad
1671 3478 1789 3514 eum
1813 3478 1948 3519 unus

367 3538 458 3606 qui
497 3537 714 3593 debebat
747 3541 1057 3612 quingentos
1102 3547 1374 3611 denarios,
1416 3558 1466 3603 et
1509 3550 1651 3604 alius
1689 3555 1950 3625 quinqua-

371 3628 520 3695 ginta
549 3645 568 3684 :
597 3639 646 3682 et
678 3645 795 3682 cum
827 3647 930 3684 non
957 3633 1206 3690 haberent
1236 3637 1375 3690 unde
1406 3638 1718 3705 redderent,
1767 3641 1950 3695 ambo-

368 3716 462 3769 bus
497 3717 716 3771 donavit
745 3720 812 3773 ⁷³.
851 3720 953 3786 Qui
991 3723 1213 3780 donavit
1240 3725 1507 3782 Dominus
1533 3737 1618 3783 est
1644 3747 1657 3782 :
1687 3730 1789 3785 iste
1817 3747 1948 3786 vero

367 3809 460 3877 qui
494 3819 716 3865 exactor
737 3819 837 3874 est,
869 3828 977 3867 non
1010 3826 1094 3870 est
1114 3817 1390 3882 dominus,
1421 3821 1516 3874 sed
1547 3836 1577 3874 a
1616 3820 1848 3878 Domino
1877 3825 1943 3878 ad

367 3902 630 3972 exigenda
676 3903 856 3958 debita
904 3908 1246 3976 praepositus.
1300 3908 1417 3964 Non
1466 3910 1617 3967 fuisti
1655 3914 1852 3983 dignus
1888 3925 1946 3970 ut

371 3992 466 4045 tibi
501 3993 804 4064 quingenti,
849 3999 962 4051 sive
995 3999 1394 4070 quinquaginta
1422 4003 1630 4058 denarii
1675 4006 1945 4060 donaren-

371 4095 480 4150 tur,
515 4101 613 4140 nec
650 4085 840 4142 audire
866 4090 1134 4156 meruisti,
1167 4089 1403 4148 Dimissa
1446 4104 1576 4149 sunt
1618 4096 1715 4150 tibi
1747 4098 1943 4152 delicta

369 4188 460 4233 tua
507 4195 521 4232 :
570 4180 666 4235 sed
717 4182 950 4238 mitteris
1005 4183 1058 4237 in
1111 4199 1422 4246 carcerem.
1475 4196 1528 4242 et
1569 4189 1641 4243 ibi
1709 4190 1945 4261 exigeris

365 4285 464 4340 per
499 4271 739 4326 laborem
783 4282 833 4328 et
865 4288 1050 4345 opera,
1101 4276 1217 4330 sive
1259 4293 1354 4346 per
1386 4294 1575 4348 prunas
1610 4289 1774 4351 atque
1815 4297 1946 4352 sup-

365 4362 546 4432 plicia,
579 4373 633 4418 et
673 4380 780 4419 non
823 4366 948 4420 inde
979 4368 1130 4424 exies
1170 4369 1278 4424 nisi
1317 4370 1621 4427 reddideris
1661 4373 1944 4442 quadran-

366 4464 496 4520 tem,
547 4457 632 4511 vel
681 4457 1042 4514 novissimum
1095 4461 1391 4527 minutum,
1439 4463 1583 4533 quod
1630 4464 1706 4535 (ὃ)
1759 4465 1944 4522 Graece

2065 621 2285 673 subtile.
2329 621 2528 675 Beatus
2554 639 2638 676 est
2672 625 2855 692 igitur,
2894 627 3131 693 primum
3165 637 3257 700 qui
3292 621 3401 688 non
3433 651 3650 706 peccat,

2063 716 2304 764 seettndo
2347 720 2404 764 ut
2451 713 2504 765 in
2549 713 2838 767 collatione
2872 715 3072 784 aliquis
3102 722 3294 774 saltem
3331 734 3496 780 tenue
3525 740 3655 796 pec-

2061 807 2244 853 catum
2293 800 2509 854 habeat.
2549 800 2614 854 Et
2656 803 2796 856 inter
2837 805 2950 872 ipsa
3000 821 3222 877 quoque
3271 816 3455 867 tenuia
3491 827 3655 884 atque

2061 893 2304 956 subtilia,
2335 904 2417 947 est
2445 894 2734 948 diversitas
2770 905 3136 964 peccatorum.
3167 899 3283 956 Nisi
3315 917 3458 958 esset
3489 921 3656 974 pecn-

2063 982 2154 1035 nia
2207 983 2457 1047 subtilis,
2493 999 2774 1054 nunquam
2825 986 3137 1044 diceretur:
3182 989 3473 1046 Noneaies
3509 996 3654 1065 inde,

2060 1073 2225 1128 donec
2261 1075 2454 1130 reddas
2495 1077 2839 1134 novissimum
2869 1081 3219 1147 quadrantem
3244 1083 3311 1138 7‘.
3358 1084 3652 1150 Quomodo

2061 1164 2179 1219 sine
2213 1167 2444 1234 pecunia
2491 1168 2699 1224 diceret
2741 1171 3103 1226 novissimum
3152 1175 3447 1242 minutum,
3497 1180 3644 1246 quod

2059 1265 2145 1310 est
2183 1257 2463 1321 denarius,
2509 1259 2624 1314 sive
2667 1276 2943 1324 nummus.
2985 1263 3101 1318 sive
3144 1265 3365 1331 obolus,
3414 1269 3496 1321 vel
3540 1281 3651 1322 sta-

2063 1357 2199 1401 tera.
2229 1349 2384 1413 Quod
2417 1351 2461 1403 si
2493 1367 2748 1420 magnam
2778 1354 3065 1421 pecuniam
3097 1356 3472 1424 debuerimns,
3505 1361 3650 1415 sicut

2061 1440 2150 1494 ille
2188 1441 2281 1510 qui
2317 1443 2575 1496 scribitur
2609 1445 2795 1498 decem
2833 1447 3005 1502 millia
3054 1449 3252 1504 talenta
3305 1451 3651 1519 debuisse",

2059 1541 2266 1600 quanto
2309 1542 2551 1602 tempore
2589 1536 2909 1591 claudamur
2949 1541 3002 1592 in
3040 1556 3281 1604 carcere,
3314 1544 3488 1600 donec
3524 1546 3649 1599 red-

2061 1625 2256 1679 damus
2279 1625 2544 1692 debitum,
2570 1644 2676 1681 non
2705 1643 2928 1696 possum
2956 1634 3242 1689 manifeste
3265 1638 3642 1703 pronuntiare.

2061 1715 2116 1770 Si
2164 1718 2310 1772 enim
2363 1721 2457 1788 qui
2504 1736 2698 1789 parum
2745 1722 2938 1789 debet,
2982 1739 3091 1777 non
3144 1727 3489 1795 egredietur,
3539 1730 3647 1785 nisi

2059 1811 2305 1864 exsolvat
2348 1812 2620 1866 minutum
2666 1815 3027 1882 quadrantem
3064 1835 3076 1870 :
3120 1818 3308 1885 utique
3347 1819 3442 1888 qui
3497 1829 3649 1874 tanto

1993 1876 2240 1954 Bdebito
2288 1899 2450 1956 fuerit
2501 1876 2804 1971 obnoxius,
2837 1905 3049 1960 infinita
3100 1907 3149 1961 ei
3195 1876 3260 1962 ait
3312 1876 3646 1966 reddendum

2058 1994 2298 2048 debitum
2328 1996 2526 2050 saacula
2561 1999 3018 2053 numerabuntur.
3069 1998 3414 2071 QuaprOptcr
3437 2003 3513 2073 (6)
3549 2003 3646 2057 de-

2059 2101 2182 2138 mus
2234 2100 2489 2155 operam,
2543 2100 2603 2142 ut
2650 2089 2948 2144 liberemur
2991 2091 3061 2144 ab
3103 2092 3452 2159 adversario,
3513 2095 3643 2148 dum

2059 2194 2251 2234 Sllltlus
2301 2181 2356 2234 in
2402 2180 2511 2247 via,
2539 2191 2596 2235 et
2636 2182 2938 2251 jungamur
2972 2182 3206 2237 Domino
3228 2183 3381 2250 Jesu,
3432 2186 3521 2239 cui
3567 2197 3650 2242 est

2059 2273 2229 2341 gloria
2260 2283 2314 2327 et
2343 2273 2630 2344 imperimn
2662 2276 2714 2326 in
2740 2276 2939 2330 szecula
2968 2277 3316 2332 saeculorum.
3341 2278 3536 2332 Amen.

2556 2385 2839 2439 llOlllLM
2893 2385 3040 2439 XXX
3055 2387 3150 2441 \‘l.

2059 2495 2136 2549 De
2173 2512 2232 2548 eo
2272 2496 2412 2566 quod
2464 2499 2721 2566 scriptum
2767 2509 2842 2552 est
2880 2515 2898 2552 :
2941 2519 2959 2550 ι
2997 2499 3104 2563 Qui
3147 2499 3364 2552 ruluerit
3410 2501 3644 2555 animant

2129 2567 2540 2639 suamsalvare,
2575 2569 2752 2639 perdet
2786 2585 2902 2621 eam
2924 2611 2938 2633 ,
2976 2589 2992 2620 ι
3041 2586 3205 2639 usque
3234 2571 3303 2622 ad
3328 2586 3444 2623 eum
3475 2573 3647 2624 locum

2130 2637 2218 2689 ubi
2250 2637 2326 2689 ait
2355 2653 2373 2689 :
2405 2657 2421 2687 ι
2456 2637 2687 2708 Regnum
2722 2637 2819 2692 Dei
2851 2641 2995 2692 intra
3027 2637 3239 2693 vos'cst.
3273 2659 3291 2690 ι
3342 2641 3477 2708 Cap.
3511 2657 3643 2695 xvtt.

2135 2724 2240 2790 Qui
2266 2727 2558 2795 quwsierit,
2587 2726 2782 2794 inquit,
2823 2729 3057 2782 animam
3084 2745 3236 2781 suam
3265 2729 3494 2792 salvare,
3525 2747 3646 2798 per--

2058 2823 2145 2872 det
2173 2834 2289 2872 eam
2317 2834 2337 2872 .'
2381 2829 2430 2872 et
2461 2821 2552 2889 qui
2582 2821 2873 2889 perdiderit
2905 2838 3043 2887 earn,
3077 2820 3303 2874 salvabit
3331 2837 3470 2875 eam.
3504 2820 3649 2876 Mar-

2061 2921 2205 2981 ty'cs
2251 2921 2502 2980 Quaerunt
2555 2912 2767 2965 salvare
2820 2912 3059 2965 animam
3111 2926 3266 2966 suam
3307 2929 3322 2965 :
3361 2921 3645 2981 propterea

2059 3003 2311 3070 perdunt,
2357 3011 2414 3056 ut
2455 3002 2666 3056 Silit’Clll
2711 3017 2855 3056 eam.
2891 3001 2993 3066 Qui
3027 3017 3157 3056 vero
3189 3001 3378 3056 volunt
3428 3001 3644 3057 salvare

2058 3095 2298 3148 animam
2340 3111 2533 3157 suam,
2575 3105 2635 3148 ut
2672 3110 2779 3148 non
2813 3094 3041 3162 perdant
3072 3109 3215 3160 eam,
3254 3094 3310 3148 bi
3351 3104 3406 3148 et
3444 3110 3644 3165 corpus

2058 3200 2106 3238 et
2156 3185 2396 3239 animam
2442 3185 2610 3255 976
2665 3185 2899 3254 perdunt
2949 3185 3154 3253 pariter
3206 3185 3260 3238 in
3314 3185 3642 3255 gehennam.

2061 3274 2412 3338 Quamobrem
2435 3277 2595 3328 nolite
2628 3277 2810 3328 timere
2837 3290 2947 3339 eos,
2971 3276 3065 3340 ait,
3093 3276 3184 3344 qui
3206 3287 3424 3344 possunt
3453 3293 3643 3345 corpus

2060 3368 2316 3432 occidere,
2355 3367 2444 3419 sed
2486 3369 2662 3420 timete
2701 3367 2869 3434 magis
2914 3382 3032 3419 cum
3072 3367 3162 3434 qui
3200 3378 3370 3435 potest
3404 3369 3642 3422 animant

2057 3471 2103 3514 et
2140 3476 2328 3528 corpus
2361 3461 2574 3527 perdere
2607 3459 2663 3510 in
2687 3458 2995 3527 gehennam.
3017 3455 3144 3512 .lloc
3174 3459 3240 3511 ad
3271 3460 3639 3534 prepositum,

2053 3552 2208 3620 juxta
2243 3551 2387 3604 vires
2428 3549 2630 3614 ingenii
2673 3549 2844 3602 nostri
2877 3548 3112 3603 breviter
3141 3548 3462 3604 dixerimus.
3509 3552 3642 3604 Ani-

2058 3643 2214 3696 malis
2253 3650 2426 3694 autem
2477 3656 2580 3692 non
2632 3639 2816 3706 recipit
2864 3656 2925 3692 ea
2959 3655 3076 3708 qua:
3121 3649 3244 3692 sunt
3299 3640 3524 3708 spiritus
3559 3643 3638 3697 "z

2055 3745 2109 3788 ct
2164 3733 2366 3787 idcirco
2419 3731 2620 3784 salvari
2666 3745 2774 3784 non
2829 3739 3026 3800 potest.
3086 3729 3397 3784 Seminatur
3449 3749 3639 3800 cor,.us

2055 3826 2316 3890 animale,
2367 3825 2537 3894 surgit
2579 3840 2770 3892 corpus
2826 3825 3070 3893 spiritale
3097 3825 3162 3879 ⁷⁷.
3206 3824 3378 3878 Porro
3409 3826 3503 3895 qui
3541 3827 3640 3881 atl-

2055 3920 2221 3972 haarct
2250 3915 2499 3979 Domino,
2542 3913 2770 3983 spiritus
2809 3929 2954 3968 unus
2994 3912 3242 3967 eﬂicitur.
3290 3912 3347 3967 Si
3378 3929 3508 3983 ergo
3542 3916 3634 3984 qui

2056 4009 2286 4061 [hmino
2328 4006 2638 4076 copulatur,
2681 4020 2805 4060 cum
2853 4005 3108 4059 animalis
3153 4013 3299 4059 esset
3347 4020 3444 4074 per
3484 4006 3537 4060 id
3580 4008 3637 4062 in

2053 4098 2348 4168 spiritalem
2383 4095 2633 4158 vertitur,
2667 4103 2720 4148 et
2748 4109 2893 4148 unus
2927 4102 3008 4148 est
3043 4094 3269 4163 spiritus
3306 4109 3318 4145 :
3364 4108 3467 4148 nos
3499 4109 3636 4164 quo-

2052 4207 2159 4259 que
2203 4189 2495 4258 perdamus
2546 4187 2785 4240 animam
2858 4195 3101 4239 nostram
3129 4227 3144 4250 ,
3203 4194 3262 4239 ut
3294 4185 3637 4243 adhaerentes

2054 4279 2284 4332 Domino
2318 4277 2371 4330 in
2406 4291 2576 4331 unum
2628 4275 2879 4344 spiritum
2931 4273 3405 4328 transiurmemur.
3443 4273 3547 4328 Sed
3577 4285 3633 4330 et.

2051 4371 2118 4426 de
2147 4384 2314 4440 regno
2344 4367 2438 4423 Dei
2472 4368 2864 4436 interrogatus.
2904 4367 3184 4436 respondit
3214 4365 3462 4420 Salvator
3487 4364 3632 4420 Pha-

2052 4461 2264 4517 riszeis:
2313 4458 2540 4524 Quando
2573 4457 2790 4526 venerit,
2837 4457 3037 4526 inquit,
3083 4472 3187 4508 non
3229 4455 3363 4508 renit
3411 4471 3628 4524 regnum

366 4553 518 4599 tenue
561 4545 668 4601 dici
715 4556 914 4616 potest,
966 4549 1198 4605 Peccata
1245 4564 1428 4608 autem
1473 4564 1662 4608 nostra
1720 4557 1938 4625 pinguia
1977 4569 2017 4622 ι)
2049 4555 2142 4610 Dci
2175 4568 2292 4606 cum
2326 4550 2705 4612 observatione,
2752 4564 2913 4618 neque
2943 4548 3159 4610 dicunt,
3207 4562 3322 4600 ecce
3366 4545 3471 4609 hic,
3519 4556 3618 4600 aut

365 4645 513 4691 sunt.
562 4636 829 4694 Scribitur
870 4641 1017 4695 enim
1055 4660 1070 4692 :
1105 4641 1474 4699 Incrassatum
1518 4655 1594 4699 est
1631 4662 1724 4699 cor
1760 4648 1943 4716 populi

434 4775 479 4850 ξς
504 4774 691 4850 Matth.
719 4791 843 4850 xxv.
885 4776 1145 4850 ’βξ-(Σίδῃ.
1179 4797 1257 4850 Ill,
1308 4797 1450 4836 vers.
1496 4783 1583 4836 12.

363 4846 410 4878 ’⁸
425 4845 614 4901 Matth.
649 4847 807 4912 v,26.
885 4847 928 4878 '“’
953 4845 1141 4904 Matth.
1172 4845 1324 4904 xviii.

435 4992 514 5064 (4)
543 4989 623 5046 Ex
649 4989 754 5046 hoc
785 4989 928 5064 item
949 4990 1069 5045 loco
1093 4991 1162 5045 cl.
1193 4989 1425 5064 liuetius
1453 4993 1681 5064 colligit,
1720 5006 1944 5062 putasse

362 5060 671 5133 Origenem,
697 5061 874 5130 pannis
898 5060 1284 5133 damnatorum
1314 5063 1474 5133 tinem
1509 5060 1822 5133 impositum
1851 5066 1939 5133 iri,

365 5141 420 5185 et
457 5129 646 5203 omnia
678 5129 850 5187 tinum
896 5131 954 5184 in
987 5129 1102 5184 Deo
1133 5133 1348 5186 tandem
1381 5129 1678 5203 aliquando
1719 5129 1938 5201 futura;

367 5215 542 5273 neque
567 5201 720 5273 adeo
764 5203 899 5256 alias
943 5216 1106 5269 quam
1141 5201 1489 5273 purgatorias
1521 5219 1726 5273 plenas
1765 5204 1940 5259 admi-

366 5267 524 5341 sisse.
566 5267 698 5341 Nos,
739 5267 1053 5341 quanquam
1092 5267 1156 5326 et'
1188 5267 1352 5341 supra
1382 5272 1450 5327 ad
1497 5267 1685 5328 homil.
1711 5275 1782 5328 21
1829 5275 1940 5328 ani-

365 5338 780 5399 madvertimus}
811 5351 864 5396 et
893 5338 1014 5395 aliis
1044 5338 1418 5410 cornplu—ribus
1439 5359 1504 5397 ex
1533 5344 1669 5398 locis
1711 5345 1940 5399 manife-

366 5419 510 5463 stum
547 5410 752 5464 erroris
792 5421 1074 5488 teneamus
1114 5411 1400 5483 Origenem
1439 5413 1495 5488 in
1530 5414 1833 5488 quaestione
1855 5415 1935 5488 _de

459 5493 651 5533 narum
680 5481 1015 5548 aeternitate;
1063 5498 1172 5537 non
1216 5479 1404 5536 iamen
1437 5479 1585 5537 liun'c
1629 5482 1818 5539 eadem
1855 5484 1934 5538 Ia-

441 5563 562 5602 rare
598 5548 757 5622 culpa
799 5561 1112 5622 contextum
1155 5553 1556 5616 existimamus,
1587 5553 1718 5622 quin
1753 5555 1936 5622 potius

366 5617 674 5693 rcontrario
693 5617 767 5693 ex
792 5619 872 5693 iis
905 5636 1048 5676 unus
1080 5623 1346 5693 videatur,
1385 5623 1478 5693 qui
1512 5623 1566 5676 in
1595 5617 1724 5692 ejus
1747 5617 1934 5678 defen-

366 5690 576 5762 sionem
611 5688 803 5762 adduci
831 5701 1050 5762 queant.
1085 5691 1243 5748 Certe
1271 5688 1935 5762 cum'posset'commode

363 5759 722 5830 Adamantius
749 5760 1081 5828 propositam
1106 5759 1504 5830 parabolamin
1523 5777 1682 5817 suum
1711 5778 1932 5818 sensum

367 5843 617 5896 perverse
640 5829 988 5901 detorquere,
1016 5829 1284 5892 catholico
1313 5833 1426 5892 fere
1455 5849 1618 5891 sensu
1647 5834 1898 5905 exposuit

1687 4785 1730 4816 "
1778 4785 1934 4840 Rom.
1978 4803 2098 4849 xm,
2150 4785 2199 4836 7.

1402 4853 1446 4884 "
1483 4853 1496 4905 Ι
1525 4854 1649 4908 Cor.
1677 4870 1736 4919 Il,
1765 4857 1850 4910 M.
1927 4859 1969 4888 '”
2005 4858 2172 4912 lCor.
2210 4869 2299 4920 xv,
2331 4852 2422 4906 44.

2051 4661 2166 4704 ecce
2193 4643 2284 4698 ibi.
2321 4641 2556 4712 Regnum
2589 4641 2728 4694 enim
2750 4639 2848 4694 Dei
2887 4641 3027 4693 intra
3059 4655 3147 4693 vos
3171 4648 3270 4694 est.
3298 4637 3414 4694 Non
3450 4637 3629 4692 omni-

2309 4784 2354 4813 τ’
2390 4780 2523 4837 Luc.
2566 4797 2664 4844 \‘ll,
2701 4779 2792 4848 41,
2833 4779 2924 4834 42.
3034 4779 3080 4812 ’³
3113 4780 3232 4834 Act.
3283 4793 3450 4833 xxviii
3477 4819 3494 4843 ,
3531 4779 3624 4834 27.

2049 5005 2165 5051 tum
2199 4988 2637 5048 luculentissime
2674 4987 2937 5049 definivit,
2968 4988 3279 5056 graviorum
3329 4989 3623 5044 criminum

2049 5081 2173 5120 reos
2205 5062 2422 5135 aeternis
2455 5058 2784 5135 addicendos
2811 5058 3238 5135 suppliciiscum
3267 5059 3344 5135 ait
3377 5075 3389 5110 :
3421 5059 3488 5135 Si"
3508 5077 3626 5133 ma-

2040 5145 2199 5200 gnam
2219 5124 2894 5200 pecuniamdebuerimus,’
2918 5124 3057 5180 sicut
3097 5127 3192 5180 ille
3222 5129 3313 5196 qui
3358 5124 3622 5183 scribitur

2046 5197 2224 5258 decem
2260 5201 2433 5256 millia
2465 5197 2666 5252 talenta
2693 5197 2952 5261 debuisse,
2977 5207 3171 5263 quanto
3216 5208 3445 5263 tempore
3476 5201 3624 5252 cluu-

2045 5275 2240 5327 damur
2289 5273 2344 5324 in
2384 5283 2624 5334 carcere,
2667 5267 2831 5320 donec
2875 5267 3156 5320 reddamus
3208 5267 3472 5334 debitum,
3515 5285 3621 5323 non

2043 5358 2258 5411 possunt
2300 5338 2578 5411 manifeste
2616 5337 3082 5411 pronuntiare"...
3125 5339 3306 5411 utique
3341 5339 3431 5411 qui
3472 5347 3624 5411 tanta

2041 5405 2219 5466 debito
2247 5411 2408 5481 fuerit
2433 5405 2712 5481 obnoxius,
2743 5422 2980 5461 INI‘INITA
3007 5408 3055 5461 ei
3081 5407 3150 5460 ad
3178 5405 3498 5462 reddendum
3528 5409 3625 5464 de-

2043 5483 2210 5536 bitum
2247 5476 2443 5535 stecula
2471 5476 2910 5531 numerabantur.

2113 5552 2190 5621 (5)
2234 5550 2498 5621 Additum
2539 5548 2646 5621 hoc
2683 5563 2900 5621 quoque
2936 5562 3152 5621 comma
3185 5558 3268 5621 est
3304 5548 3403 5621 abs
3425 5545 3623 5621 lliero-

2040 5617 2236 5693 nymo.
2269 5635 2327 5693 ut
2357 5617 2822 5693 quoddam-itte;
2856 5619 3004 5673 vocis
3033 5620 3185 5673 varia
3226 5620 3623 5687 significatione

2041 5689 2180 5772 ludit
2203 5689 2488 5772 Q'rigeites,
2516 5689 2744 5772 Latinus
2771 5691 2942 5772 lector
2969 5700 3378 5772 assequemur.

2113 5763 2190 5834 (6)
2224 5759 2428 5820 Vitiose
2462 5761 2741 5834 legebatur
2766 5768 2926 5815 antea
2955 5759 3206 5819 debemus
3227 5802 3243 5830 ,
3279 5775 3378 5830 pro
3418 5763 3618 5817 demus.
