4132 6454
472 433 610 492 I895

473 645 597 699 dem
634 645 686 696 iu
722 639 1100 712 peccatoribus
1131 650 1357 704 regnum
1392 631 1598 703 peccati
1633 639 1740 691 est,
1775 637 1827 682 et
1852 626 2059 695 absque

477 738 587 790 ulla
623 735 1000 802 ambiguitate,
1027 741 1122 784 aut
1161 742 1387 796 regnum
1428 723 1662 794 peccati.
1709 731 1800 774 aut
1833 733 2058 788 regnum

477 824 572 879 Dei
605 825 658 877 in
684 824 850 878 corde.
888 833 1078 875 nostro
1110 821 1358 888 imperat.
1413 813 1568 869 Unde
1617 814 1734 868 sive
1766 827 1890 883 quae
1923 809 2062 864 faci-

480 933 633 979 mus,
687 916 802 968 sive
843 930 966 981 quae
1014 913 1334 982 loquimur,
1384 907 1498 963 sive
1553 921 1677 975 qua:
1729 903 2058 974 cogitamus,

475 1009 909 1073 contemplemur
953 1005 1234 1065 attentius.
1275 1011 1330 1056 et
1363 1011 1495 1055 tunc
1539 997 1846 1052 videbimus
1878 1005 2060 1048 utrum

479 1099 572 1155 Dei
607 1098 894 1167 imperium
935 1104 1127 1166 regnet
1168 1094 1222 1148 in
1264 1090 1446 1156 nobis,
1487 1105 1558 1143 an
1601 1086 1888 1155 imperium
1934 1083 2066 1136 deli-v-

477 1203 712 1248 ctorum.
741 1189 916 1256 Quam
939 1187 1315 1242 diversitatem
1349 1183 1528 1238 sciens
1551 1178 1866 1249 Apostolus,
1892 1191 2062 1245 quos-

476 1282 600 1335 dam
650 1285 990 1341 commonet,
1032 1276 1222 1330 dicens
1260 1291 1275 1327 :
1318 1271 1442 1326 Non
1479 1281 1655 1341 regnet
1699 1276 1967 1337 peccatum
2009 1266 2065 1317 in

479 1371 697 1426 mortali
726 1379 893 1423 vestro
919 1383 1136 1438 corpore
1158 1367 1224 1420 ⁷⁸.
1257 1363 1314 1419 Si
1361 1363 1484 1434 quis
1523 1370 1768 1415 nostrum
1794 1357 2068 1413 desiderat

479 1478 706 1531 regnum
745 1459 862 1524 Dei,
906 1466 1165 1529 regnatur
1209 1457 1278 1510 ab
1316 1470 1403 1509 eo.
1444 1452 1500 1507 Si
1534 1453 1660 1521 quis
1690 1448 1935 1505 avaritia:
1978 1461 2068 1498 ar-

478 1554 614 1609 dore
643 1551 942 1612 cruciatur,
975 1557 1234 1618 regnatur
1266 1545 1334 1600 ab
1363 1544 1612 1598 avaritia.
1655 1541 1827 1595 Porro
1856 1537 1950 1608 qui
1982 1537 2068 1590 in-

477 1643 750 1714 justitiam
786 1641 1027 1710 reginam
1065 1639 1247 1703 habet,
1275 1645 1532 1707 regnatur
1566 1634 1635 1688 ab
1661 1649 1745 1687 ea.
1778 1631 1884 1696 Qui
1914 1645 2068 1684 value

482 1735 670 1805 gloria:
699 1733 996 1786 ambitione
1037 1729 1370 1794 sustollitur,
1403 1734 1593 1796 regnat
1636 1724 1684 1778 ei
1719 1738 1854 1777 aura
1890 1736 2067 1791 popu-

482 1824 614 1879 laris
663 1821 767 1889 Qui
797 1828 1009 1882 moeret,
1041 1819 1134 1888 qui
1165 1818 1368 1887 aliquid
1399 1815 1741 1878 reformidat,
1773 1815 1867 1884 qui
1897 1821 2066 1875 amat,

483 1916 577 1984 qui
613 1914 907 1976 desiderat,
953 1913 1226 1980 imperant
1269 1909 1320 1962 ei
1371 1909 1606 1978 singula,
1651 1915 1816 1976 prout
1848 1914 2065 1975 pertur-

487 2008 801 2064 bationibus
849 2004 1015 2060 variis
1056 2003 1388 2073 possidetur.
1438 1999 1570 2065 Qua:
1610 1997 1792 2052 omnia
1855 2009 2064 2064 cogno-

484 2111 724 2165 scentes,
782 2109 835 2154 et
881 2113 1044 2168 quam
1095 2097 1266 2150 multa
1325 2095 1434 2148 sint
1481 2105 1678 2162 genera
1749 2103 2065 2156 regnorum,

487 2207 776 2263 surgamus
817 2203 1214 2260 precemurque
1250 2185 1443 2250 Deum,
1485 2193 1544 2238 ιιι
1588 2179 1803 2235 auferat
1843 2195 1870 2233 a
1908 2180 2067 2233 nobis

489 2300 714 2354 regnum
761 2281 1004 2344 inimici,
1042 2289 1096 2335 et
1136 2279 1413 2349 possimus
1453 2277 1556 2332 sub
1601 2289 1770 2344 regno
1819 2287 1942 2328 esse
1974 2271 2066 2325 Dei

489 2376 898 2447 eiiiiiipotentis,
953 2374 1004 2427 id
1046 2381 1130 2427 est
1176 2371 1281 2427 sub
1329 2385 1496 2440 regno
1542 2367 1844 2437 sapientiae,
1895 2366 2066 2435 pacis,

485 2469 730 2539 jtlSlIlIT,
759 2466 1024 2530 veritatis,
1051 2479 1173 2534 quae
1199 2471 1392 2518 cuncta
1428 2461 1480 2514 in
1514 2457 1794 2530 unigenito
1816 2456 1910 2510 Dei
1932 2455 2069 2511 Filio

489 2561 889 2631 intelliguntur,
927 2558 1015 2614 cui
1044 2564 1132 2612 est
1160 2554 1333 2627 gloria
1363 2563 1418 2608 et
1449 2551 1736 2622 imperium
1785 2549 1842 2605 in
1872 2547 2070 2606 Etecula

488 2653 833 2708 saeculorum.
864 2650 1075 2716 Amen.

984 2761 1263 2818 IIOMILIA
1307 2756 1574 2814 XXXVII.

545 2857 619 2911 De
650 2872 709 2911 eo
736 2855 874 2927 quod
907 2872 938 2908 a
968 2853 1248 2978 Δίδείρὲιίε
1277 2851 1454 2921 pullus
1486 2850 1652 2904 asina:
1685 2848 1889 2903 solutus
1921 2857 2019 2902 est.

1181 2939 1268 2978 an.
1318 2938 1428 2975 xui.

1181 2939 1268 2992 ap.
1318 2938 1428 2975 xui.

563 3033 788 3089 Lectum
824 3041 906 3087 est
943 3032 997 3086 in
1025 3030 1314 3101 Evangelio
1343 3029 1642 3084 secundum
1673 3027 1900 3089 Lucam.
1936 3041 2072 3097 quo-

493 3125 828 3184 modo,cum
874 3123 1113 3178 venisset
1153 3121 1406 3175 Salvator
1437 3119 1768 3190 Bcthphage,
1796 3127 1848 3173 et
1880 3119 2076 3173 Betha-

495 3217 640 3269 niam
668 3215 821 3280 juxta
850 3221 1090 3266 montem
1109 3211 1324 3274 Oliveti,
1347 3211 1557 3264 miserit
1578 3210 1718 3264 duos
1739 3225 1767 3264 e
1792 3207 2073 3278 discipulis
2105 3224 2146 3282 ρ

495 3307 632 3368 suis,
663 3318 721 3359 ut
747 3305 1020 3359 solverent
1045 3303 1251 3371 pullum
1281 3303 1472 3367 asinze,
1499 3301 1593 3370 qui
1627 3303 1842 3354 vinctus
1864 3309 2000 3364 erat,
2023 3308 2078 3353 et

495 3413 661 3466 super
673 3413 832 3466 quem
861 3396 1042 3448 nullus
1061 3394 1341 3447 hominum
1362 3392 1656 3461 aliquando
1677 3393 1908 3446 sederat.
1924 3393 2079 3457 Quod

497 3489 718 3557 quidem
751 3486 885 3540 mihi
921 3486 1134 3539 videtur
1163 3485 1336 3554 magis
1377 3483 1443 3537 ad
1492 3483 1741 3537 altiorem
1777 3484 2082 3553 intelligen-

495 3586 651 3647 tiam,
679 3594 844 3648 quam
877 3579 942 3631 ad
977 3578 1279 3646 simplicem
1307 3576 1595 3629 historiam
1632 3575 1927 3644 pertinere.
1959 3575 2082 3627 Asi-

497 3690 600 3726 nus
647 3671 863 3724 vinctus
906 3679 1040 3722 erat.
1106 3667 1380 3722 Ubinam?
1428 3668 1629 3721 Contra
1677 3666 1990 3736 Bethphagc
2029 3675 2083 3719 ιι

498 3763 838 3817 ηιιιιιῐιίιιιιι.
921 3759 962 3814 Ε
1010 3761 1209 3830 quibus
1266 3760 1524 3814 Bethania
1573 3759 1962 3827 interpretatur
2004 3757 2078 3827 (7)

497 3858 684 3909 domus
713 3855 1040 3918 obedientiw,
1078 3853 1388 3922 Bethphnge
1420 3868 1573 3917 vero,
1600 3851 1787 3903 domus
1827 3850 2080 3902 mamilla-

501 3960 616 3997 rum
652 3961 668 3997 :
703 3945 1061 3998 sacerdotalis
1091 3944 1311 4012 quidam
1342 3943 1494 3996 locus
1526 3960 1537 3994 :
1566 3941 1798 3994 maxilla:
1820 3940 1964 3993 enim
1996 3955 2083 3992 sa-

499 4036 814 4092 cerdotibus
850 4035 1140 4097 dabantur,
1178 4033 1318 4088 sicut
1350 4033 1402 4086 in
1433 4033 1548 4101 lege
1576 4032 1905 4100 ιιι-ωρίιιῑιιιι.
1952 4031 2084 4087 llluc

499 4145 630 4197 ergo
660 4127 750 4182 ubi
781 4123 1108 4190 obedientia,
1144 4126 1237 4179 ubi
1265 4126 1422 4178 locus
1469 4122 1846 4176 sawrdotibus
1878 4121 2085 4174 manci-

502 4230 695 4290 patus,
751 4216 916 4270 mittit
961 4215 1211 4269 Salvator
1238 4215 1537 4283 discipulos
1570 4229 1733 4275 suos,
1770 4221 1828 4264 ut
1871 4213 2086 4265 solvant

505 4311 718 4382 pullum
783 4308 950 4363 asina:
1001 4324 1164 4376 super
1212 4322 1373 4376 quem
1422 4307 1604 4359 nullus
1655 4305 1934 4358 hominum
1988 4302 2086 4355 ali—

501 4400 725 4472 quando
750 4399 988 4454 sederat.
1022 4395 1198 4451 Porro
1233 4396 1362 4466 quid
1396 4396 1540 4450 aliud
1567 4411 1728 4464 super
1751 4396 1965 4449 asinum
2000 4409 2086 4447 sc-

501 4493 630 4547 dcre
662 4498 844 4559 potest
868 4488 1077 4560 absque
1104 4488 1366 4543 homine?
1423 4487 1558 4541 Volo
1593 4486 1868 4556 paulisper
1897 4501 2084 4539 exeru-

504 4587 653 4654 pium
686 4595 940 4647 sumere,
974 4591 1032 4636 ut
1065 4582 1208 4652 quod
1243 4581 1490 4635 diclurus
1525 4595 1645 4634 sutn
1671 4619 1683 4641 ,
1724 4578 1897 4646 possit
1923 4578 2081 4631 intcl-
2119 4595 2161 4648 υ

503 4675 617 4746 Iigi.
667 4673 943 4744 Scriptum
993 4681 1072 4727 est
1108 4672 1162 4726 in
1199 4671 1336 4727 Isaia
1369 4673 1414 4702 7’
1449 4689 1463 4726 :
1511 4670 1656 4724 I'isio
1683 4670 2084 4739 quadrupedum

503 4769 557 4822 in
594 4767 938 4823 tribulatione
963 4775 1012 4819 et
1039 4764 1310 4835 angustia,
1333 4773 1387 4817 et
1416 4765 1644 4832 reliqua,
1673 4779 1843 4832 usque
1868 4763 1932 4815 ad
1959 4778 2083 4816 eum

504 4863 685 4917 locum
719 4859 812 4913 ubi
840 4859 918 4912 ait
960 4877 975 4913 :
1013 4855 1138 4910 Non
1171 4855 1458 4924 proderunt
1488 4856 1560 4909 eis
1592 4856 1793 4910 divitia:
1820 4855 2084 4924 aspidum.

509 4950 900 5022 Unusquisque
924 4958 1171 5005 nostrum
1195 4948 1507 5004 consideret
1535 4957 1770 5018 quantas
1790 4963 1921 5017 opes
1950 4947 2088 5015 aspi-

505 5045 636 5101 dum
669 5052 797 5098 ante
825 5043 1142 5114 portaverit,
1171 5049 1408 5112 quantas
1441 5039 1659 5094 divitias
1686 5039 2007 5102 bestiarum,
2035 5047 2088 5092 ct

506 5135 784 5207 quomodo
827 5148 1109 5204 nunquam
1161 5131 1502 5188 rationabilis
1551 5131 1716 5184 homo
1763 5128 1965 5184 sederit
1995 5144 2088 5183 su-

508 5243 605 5300 per
631 5227 849 5282 asinum
877 5233 1152 5290 nostrum,
1187 5238 1296 5277 non
1327 5236 1512 5278 sermo
1553 5219 1746 5291 Moysi,
1778 5235 1885 5274 non
1914 5218 2086 5285 Isaiae,

508 5332 618 5373 non
657 5314 942 5379 .Ieremize,
989 5328 1092 5369 nee
1126 5313 1461 5384 reliquorum
1505 5311 1753 5364 omnium
1794 5307 2088 5382 propheta-

1922 404 2250 470 ORIGENIS

473 555 575 606 bus
601 550 851 604 Salvator
881 548 1030 610 dicit,
1061 557 1275 614 regnum
1308 541 1402 596 Dei
1430 542 1571 594 intra
1614 553 1700 591 ros
1730 545 1807 589 est
1836 548 1852 587 :
1885 532 2057 599 siqui-
2087 535 2128 589 Α
2164 540 2282 578 rum
2332 542 2346 578 :

3599 402 3621 456 l
3634 401 3748 458 896

2400 532 2455 578 et
2483 522 2684 578 videbit
2713 531 2840 578 tunc
2878 520 3086 576 sedisse
3115 534 3278 588 super
3305 534 3406 572 nos
3432 533 3745 574 sermonem

2167 614 2259 668 Dei
2287 623 2450 683 atque
2496 615 2797 677 rationem,
2840 613 3059 682 quando
3094 611 3236 664 venit
3274 609 3536 663 Dominus
3561 606 3746 678 Jesus,

2161 717 2214 762 et
2239 706 2495 788 praecepit
2531 705 2818 775 discipulis
2852 705 2964 758 suis
2998 715 3053 756 ut
3086 711 3277 757 euntes
3306 701 3580 756 solverent
3619 701 3745 772 pula

2173 799 2284 854 lum
2313 798 2503 863 asitue,
2547 799 2640 867 qui
2673 799 2826 867 prius
2855 797 3070 850 vinctus
3101 795 3296 858 fuerat,
3339 804 3397 848 ut
3425 794 3562 848 liber
3597 795 3750 849 ince-

2163 891 2338 946 deret.
2377 890 2603 946 Solutus
2631 891 2813 960 itaque
2835 890 3014 959 pullus
3048 887 3216 942 asina:
3244 883 3532 940 adducitur
3561 883 3629 939 ad
3657 883 3752 941 tle-

2165 999 2310 1048 sutu,
2338 985 2404 1038 all
2436 984 2594 1052 cujus
2629 984 2957 1038 solutionem
3009 981 3228 1034 mittens
3263 977 3561 1046 discipulos
3588 978 3750 1032 dixeé

2166 1086 2252 1130 rat
2280 1094 2292 1128 :
2331 1074 2391 1129 Si
2417 1077 2533 1144 quis
2558 1093 2647 1130 ros
2676 1073 3074 1143 interrogarerit
3112 1088 3273 1140 quare
3291 1071 3496 1124 soltitis
3521 1069 3750 1138 pullum,

2166 1165 2326 1218 dicite
2379 1165 2426 1218 ei
2479 1165 2605 1234 quia
2659 1164 2914 1216 Dominus
2961 1162 3312 1227 necessarium
3363 1160 3518 1212 illum
3569 1160 3749 1218 habet.

2166 1254 2318 1310 Multi
2372 1266 2528 1310 erant
2577 1255 2784 1309 ἀυιιιίιιὶ
2827 1254 2990 1322 hujus
3026 1254 3158 1323 pulli
3188 1253 3264 1322 (8)
3297 1261 3592 1321 antequam
3629 1251 3752 1306 Sal-

2166 1357 2322 1402 vator
2364 1363 2488 1401 eum
2517 1347 2765 1400 haberet
2817 1345 3186 1400 necessarium
3239 1362 3254 1398 :
3297 1353 3586 1413 postquam
3620 1358 3752 1397 vero

2168 1439 2258 1493 ille
2289 1439 2455 1508 ccepit
2482 1455 2604 1494 esse
2629 1437 2905 1500 dominus,
2955 1436 3138 1505 plures
3169 1434 3377 1488 domini
3412 1448 3534 1489 esse
3563 1423 3752 1490 cessa-4

2168 1539 2383 1584 verunt.
2423 1527 2595 1582 Nemo
2626 1528 2771 1582 enirn
2811 1535 2989 1596 potest
3019 1525 3128 1578 Deo
3160 1525 3367 1580 servire
3393 1536 3448 1578 et
3477 1538 3756 1576 mammo-

2171 1637 2274 1674 nae.
2345 1618 2576 1685 Quando
2624 1616 2844 1671 malitia:
2889 1614 3274 1675 serviet-imus,
3331 1611 3518 1666 multis
3559 1626 3756 1666 sumus

2171 1711 2521 1782 passionibus
2544 1709 2799 1778 vitiisque
2831 1705 3080 1774 subjecti.
3113 1703 3354 1758 Solvitur
3381 1717 3512 1773 ergo
3544 1703 3752 1772 pullus,

2172 1801 2299 1868 quia
2349 1798 2615 1851 Dominus
2660 1795 3027 1850 necessarium
3077 1809 3202 1847 eum
3249 1794 3425 1846 habet.
3483 1790 3594 1848 Vos
3621 1793 3755 1846 estis

2175 1891 2352 1958 pullus
2396 1890 2594 1955 asimc,
2650 1889 2778 1958 quid
2831 1889 2995 1939 vestri
3031 1885 3201 1939 Filius
3246 1884 3337 1938 Dei
3383 1886 3753 1938 necessarium

2173 1981 2379 2034 habet?
2413 1981 2540 2050 quid
2569 1997 2601 2034 a
2635 1981 2789 2034 vobis
2813 1980 3049 2050 expetit?
3081 1981 3255 2033 salute
3281 1986 3457 2032 vestra
3481 1991 3620 2045 opus
3654 1976 3756 2028 ba-

2174 2072 2296 2136 brt,
2350 2073 2499 2140 cupit
2550 2087 2648 2126 vos
2695 2071 2832 2126 solvi
2867 2071 3100 2125 vinculis
3131 2079 3502 2138 peccatorum.
3553 2065 3760 2120 Deinde

2176 2163 2400 2216 tnittunt
2436 2162 2688 2232 discipuli
2731 2173 2908 2216 vestes
2941 2177 3070 2216 suas
3102 2176 3264 2228 super
3291 2158 3540 2225 asinum,
3583 2166 3637 2212 et
3671 2174 3760 2212 se-

2176 2254 2303 2307 dere
2330 2252 2537 2307 faciunt
2564 2252 2923 2307 Salvatorem.
2975 2253 3272 2306 Assumunt
3302 2264 3609 2304 sermonem
3637 2247 3757 2313 Dei,

2177 2354 2230 2398 et
2259 2344 2548 2414 imponunt
2577 2361 2702 2398 eum
2733 2360 2894 2412 super
2940 2343 3152 2398 animas
3181 2341 3517 2413 auditorum.
3581 2337 3760 2393 Vesti-

2176 2435 2281 2491 bus
2312 2448 2610 2500 exuuntur,
2661 2436 3020 2490 substcrnunt
3060 2449 3154 2488 eas
3200 2433 3408 2488 in'via.
3448 2430 3623 2500 Super
3655 2445 3760 2486 nos

2179 2537 2310 2583 sunt
2355 2529 2682 2583 vestimenta
2728 2527 3100 2598 apostolorum
3134 2545 3147 2580 :
3181 2541 3343 2595 opera
3373 2538 3562 2578 eorum
3594 2523 3758 2589 bona,

2177 2629 2502 2676 ornamenta
2548 2628 2737 2674 nostra
2765 2629 2913 2682 sunt,
2944 2619 3132 2673 volunt
3172 2615 3403 2685 apostoli
3441 2615 3761 2669 indumenta

2180 2727 2278 2768 Sua
2311 2711 2511 2768 calcari
2551 2727 2582 2766 a
2625 2712 2804 2766 nobis.
2847 2710 2913 2764 Et
2955 2726 3139 2765 revc.a
3168 2708 3382 2763 solutus
3414 2723 3443 2761 a
3477 2707 3763 2777 discipulis

2178 2803 2390 2866 asinus,
2425 2810 2480 2857 et
2511 2810 2737 2872 portans
2770 2799 2957 2856 Jesum
2979 2841 2994 2867 ,
3025 2799 3215 2854 incidit
3248 2813 3410 2868 super
3433 2797 3760 2853 vestimenta

2179 2895 2552 2966 apostolorum
2575 2935 2590 2958 ,
2627 2893 2847 2963 quando
2877 2891 3180 2947 doctrinam
3209 2906 3397 2946 eorum
3433 2891 3680 2944 imitatur
3708 2898 3763 2944 ct

2181 2989 2371 3042 vitam.
2430 2983 2846 3052 Quisnostrum
2892 2985 2964 3038 ita
3009 2985 3200 3038 beatus
3227 2989 3328 3047 est,
3366 2993 3426 3036 ut
3456 2981 3765 3036 sedeatsu-

2182 3093 2276 3148 per
2303 3077 2451 3131 illum
2483 3073 2687 3128 Iesus?
2743 3072 2846 3139 Qui
2875 3073 3114 3142 quandiu
3157 3073 3210 3123 in
3250 3077 3434 3124 monte
3471 3067 3608 3134 fuit,
3634 3082 3764 3121 cum

2183 3166 2298 3222 suis
2328 3165 2588 3236 apostolis
2618 3163 2931 3216 morabatur
2965 3180 2982 3216 ;
3019 3159 3238 3230 quando
3269 3173 3398 3214 ve:o
3436 3159 3600 3228 cavpit
3630 3157 3766 3211 vici-

2183 3271 2288 3310 nus
2334 3270 2457 3309 esse
2506 3250 2816 3315 descensui,
2849 3262 2959 3305 tum
2985 3250 3221 3306 occurrit
3258 3249 3306 3302 ei
3343 3248 3501 3302 turba
3537 3248 3766 3316 populo-

2182 3362 2325 3400 rum.
2367 3343 2424 3399 Si
2451 3360 2560 3398 non
2587 3342 2821 3397 venisset
2849 3343 2914 3394 al
2948 3341 3296 3403 descensum,
3329 3355 3442 3393 non
3470 3340 3517 3393 ei
3550 3347 3766 3408 poterat

2182 3451 2469 3492 occurrere
2497 3433 2806 3486 multitudo.
2848 3431 3156 3496 Descendit,
3186 3430 3434 3500 seditque
3461 3445 3624 3500 super
3653 3429 3767 3498 pul-

2184 3527 2293 3579 lutn
2323 3526 2510 3591 asinae,
2541 3533 2593 3577 et
2619 3524 2800 3577 omnis
2827 3523 3060 3592 populus
3085 3539 3215 3575 voce
3243 3539 3484 3576 consona
3509 3521 3769 3578 laudabat

2185 3617 2374 3670 Deum.
2409 3613 2564 3681 Quod
2598 3613 2858 3668 Pharisz
2897 3613 3162 3676 videntes,
3200 3613 3453 3667 dicebant
3477 3612 3711 3668 Domino
3749 3631 3766 3670 :

2187 3707 2409 3778 Increpa
2459 3724 2565 3761 eos.
2618 3706 2828 3771 Quibus
2874 3706 2961 3759 ille
3006 3705 3285 3774 respondit
3328 3704 3433 3759 :Si
3463 3706 3552 3758 isti
3588 3715 3770 3758 tacue-

2186 3802 2328 3864 rint,
2370 3800 2571 3868 lapides
2615 3796 2777 3866 977
2810 3797 3136 3851 clamabunt.
3196 3797 3425 3862 Quando
3458 3811 3560 3850 nos
3594 3797 3770 3866 loqui-

2187 3907 2340 3956 mur,
2386 3891 2594 3959 Iapidcs
2624 3891 2787 3944 silent
2817 3907 2828 3940 :
2860 3888 3080 3957 quando
3113 3904 3212 3942 nos
3244 3898 3484 3942 tacemus
3505 3927 3519 3954 ,
3561 3886 3770 3956 lapides

2187 3985 2440 4037 clamant.
2506 3981 2691 4037 Potest
2738 3982 2884 4034 enim
2935 3980 3199 4033 Dominus
3233 3979 3598 4048 dolapidihus
3649 3979 3770 4034 istis

2188 4075 2458 4129 suscitare
2502 4075 2642 4130 lilios
2680 4075 2914 4127 Abi-aha:
2937 4073 3004 4126 δί’,
3068 4075 3187 4136 Quo
3225 4081 3465 4139 tempore
3496 4085 3594 4125 nos
3625 4080 3771 4125 tace-

2188 4167 2400 4221 bimus?
2418 4165 2648 4233 Quando
2666 4167 2884 4221 relrixcr
2902 4164 2939 4216 it
2955 4163 3196 4218 charitas
3215 4162 3532 4225 multorum,
3548 4162 3770 4231 quando

2189 4259 2320 4312 illud
2355 4259 2498 4328 quod
2524 4273 2551 4310 a
2587 4257 2870 4310 Salvatore
2911 4255 3260 4324 praedicatum
3293 4261 3410 4316 est,
3459 4251 3627 4307 fuerit
3665 4251 3771 4305 im-

2188 4351 2390 4420 pletum
2425 4369 2438 4406 :
2476 4349 2648 4404 Putas
2674 4351 2879 4405 veniens
2907 4349 3086 4404 Filius
3111 4349 3338 4403 hominis
3365 4349 3588 4403 inveniet
3610 4349 3774 4418 ﬁdem

2191 4460 2348 4512 super
2383 4453 2578 4498 terram
2609 4443 2694 4498 ⁸ίῖ
2744 4441 3034 4512 Propterea
3076 4442 3294 4496 Domini
3336 4440 3774 4497 misericordiam

2191 4537 2566 4606 deprecemur.
2586 4550 2672 4600 ne,
2699 4534 2854 4588 nobis
2874 4533 3198 4596 tacentibus,
3221 4531 3426 4602 lapides
3451 4530 3732 4585 clamitent
3755 4549 3772 4598 ;

2195 4628 2287 4683 sed
2315 4627 2603 4696 lnquamttr
2635 4636 2687 4680 et
2713 4625 2998 4680 lau.lcmus
3021 4623 3188 4677 Deutn
3226 4623 3278 4676 in
3311 4620 3490 4688 Patre,
3522 4629 3575 4676 et
3607 4619 3772 4686 Filio,

2191 4729 2242 4772 et
2276 4717 2478 4783 Spiritu
2509 4728 2699 4770 sancto
2734 4716 2859 4770 :cui
2891 4723 2973 4770 est
2994 4713 3164 4784 gloria
3191 4723 3245 4768 et
3272 4713 3560 4784 imperium
3586 4711 3642 4767 in
3671 4727 3776 4768 sae-

2195 4812 2315 4866 cula
2352 4811 2699 4865 smculorutn.
2740 4810 2934 4862 Amen.

2681 4899 2970 4955 IIOMILIA
3006 4897 3299 4955 XXXVIII.

2199 4995 2274 5049 De
2315 5013 2374 5048 eo
2421 4993 2558 5065 quod
2602 4994 2858 5065 scriptum
2889 5001 2966 5046 est
2995 5009 3014 5045 :
3046 4991 3240 5065 t_Cttm
3283 4999 3457 5044 autem
3490 4991 3777 5059 appropin-

2262 5062 2495 5138 quasset,
2517 5065 2647 5138 vidit
2673 5062 2959 5138 civitatem,
2984 5072 3032 5116 et
3053 5062 3196 5138 [linit
3213 5075 3378 5138 super
3404 5074 3541 5124 eam,
3565 5079 3585 5113 ι
3615 5075 3778 5138 usque

2261 5129 2330 5190 ad
2375 5151 2493 5190 eum
2540 5134 2714 5188 locum
2743 5133 2832 5187 ubi
2865 5134 2989 5186 ait:
3025 5129 3248 5197 (Eiecit
3289 5129 3467 5184 amnes
3503 5129 3777 5185 uendentes

2271 5206 2564 5259 columbas.
2607 5223 2625 5256 ι
2667 5202 2803 5272 Cap.
2833 5218 2948 5258 xu.
3485 5239 3488 5242 ι

2271 5296 2405 5351 Cum
2440 5295 2910 5365 appropinquasset
2945 5287 3245 5347 Jerusaietn
3287 5286 3548 5344 Dominus
3577 5297 3775 5354 noster,

578 5477 623 5508 ⁷³
645 5475 804 5530 Rom.
836 5491 916 5540 vt,
945 5474 1034 5528 I2.
1112 5473 1156 5504 ⁷⁵
1187 5471 1324 5542 Cap.
1366 5485 1472 5524 xxx
1493 5510 1509 5536 ,
1537 5483 1679 5523 vers.
1721 5467 1775 5522 6.
1868 5465 1914 5496 ⁸ο
1943 5463 2078 5520 Luc.

2179 5480 2219 5531 ι,
2267 5463 2316 5516 l.
2408 5461 2450 5492 ⁸¹
2483 5455 2616 5512 Luc.
2649 5465 2818 5523 svnt,
2853 5453 2912 5511 8.
2979 5533 2984 5536 _

583 5630 662 5702 (ἲ)
701 5629 906 5702 Confer
937 5626 998 5684 S.
1022 5624 1339 5698 Hieronymi
1359 5625 1542 5702 libros
1572 5620 1864 5702 flaminum
1900 5617 2088 5702 ileon,

515 5709 568 5753 et
591 5689 718 5767 quin
743 5700 810 5752 ad
843 5699 1040 5752 harum
1083 5689 1279 5767 vocum
1325 5693 1680 5767 etyinologia‘s
1709 5707 1810 5746 nos
1835 5689 2087 5767 animad-

519 5760 979 5838 vei-iitnus;__iton
1029 5765 1196 5838 semel
1236 5760 1549 5838 Betltpltage
1567 5760 1744 5816 rillam
1790 5760 2093 5815 sacerdota-

521 5835 654 5890 lium
686 5833 1027 5889 maxillarum
1059 5833 1457 5905 interpretatur.

2271 5617 2354 5688 (ξ)
2389 5595 2892 5688 Ilecolendajujus
2925 5604 3032 5662 loci
3069 5599 3774 5688 Ilieronymianaettpositic

2201 5688 2256 5743 in
2275 5671 2579 5743 ‘Comincnt.
2611 5685 2665 5736 in
2693 5671 3032 5738 Metilium.
3087 5689 3206 5747 quae
3233 5673 3425 5731 iisdem
3451 5671 3613 5741 plane
3639 5685 3774 5727 cou-

2201 5759 2406 5814 tesitur
2429 5753 2702 5811 sensibus.
