4132 6424
417 400 550 469 i897

1611 414 1676 469 IN
1719 415 1949 472 LUCAM
1991 415 2272 472 IIOMILH
2317 418 2552 473 XXXIX.

3553 419 3688 472 4.θῖ

411 529 600 582 videns
632 544 747 582 eam
787 529 928 596 ﬂevit
950 568 964 592 ,
1004 537 1068 581 τι
1103 526 1242 581 dixit
1272 543 1289 580 :
1325 526 1383 580 Si
1411 543 1744 596 cognosceres
1784 539 1829 582 et
1863 537 1916 580 tu
1945 528 1999 580 in
2029 531 2075 590 Α
2105 529 2234 583 riosi
2264 530 2378 592 lilii,
2413 531 2504 600 qui
2531 526 2902 585 substantiam
2933 544 3090 584 suam
3127 529 3337 599 accepit
3369 545 3398 584 a
3433 545 3606 599 patre,
3635 538 3688 583 ct

407 622 501 674 die
524 621 629 674 ista
662 637 779 690 qua:
809 623 875 672 ad
902 637 1082 690 pacem
1111 629 1231 673 sunt
1265 619 1358 673 tibi
1381 637 1397 683 ;
1425 637 1561 674 nunc
1585 631 1756 674 autent
1785 622 2003 674 abscon-

412 717 534 770 dita
564 725 687 770 sunt
721 716 785 769 ab
816 715 983 769 oculis
1019 715 1123 768 tuis
1143 756 1158 779 ,
1202 715 1452 785 quoniam
1482 717 1685 768 ven-ient
1714 715 1825 768 dies
1851 730 2004 783 super

423 815 490 866 te,
521 817 569 859 et
603 806 1008 859 circumdabant
1035 817 1082 857 te
1106 807 1307 859 inimici
1335 807 1413 859 tui
1449 805 1606 860 callo.
1653 804 2002 858 Sacramenta

421 910 545 952 sunt
599 915 720 966 qum
761 898 1055 962 dlCllllllll‘,
1107 908 1160 952 cl.
1213 913 1534 966 speramus,
1571 900 1838 966 pandente
1864 895 1998 956 Dm,

411 987 631 1054 aperire
667 997 836 1055 posse
887 987 1031 1056 quod
1084 987 1282 1041 latitat.
1343 985 1585 1039 Primum
1616 1002 1746 1054 ergo
1776 987 1843 1038 de
1873 988 1999 1039 ﬂetu

415 1079 538 1146 ejus
565 1077 1096 1134 videndum.0mnes
1119 1079 1482 1136 beatitudines
1512 1095 1649 1149 quas
1681 1080 1895 1134 locutus
1915 1087 1999 1132 est

419 1169 475 1224 in
505 1171 797 1241 Evangelio
819 1169 1009 1234 Jesus,
1033 1186 1134 1225 suo
1165 1171 1344 1224 firmat
1367 1172 1636 1240 exemplo,
1662 1179 1714 1223 et
1739 1171 1880 1239 quud
1911 1169 2002 1222 do-

409 1262 556 1326 cuit,
592 1277 690 1330 pro
717 1247 1032 1316 testimonio
1063 1264 1277 1330 probat.
1330 1264 1516 1329 Beati,
1578 1263 1753 1331 inquit
1783 1263 1829 1294 ⁸²
1850 1302 1864 1324 ,
1903 1261 2000 1313 mi-

423 1365 520 1410 tes.
582 1353 718 1408 lluic
752 1355 929 1408 simile
974 1363 1058 1409 est
1104 1355 1170 1408 de
1214 1356 1507 1424 semelipso
1551 1373 1563 1407 :
1600 1353 1794 1407 Discite
1831 1371 1862 1405 α
1890 1369 1989 1416 me,

415 1445 663 1512 quoniam
689 1443 834 1496 mitis
855 1459 972 1496 sum
998 1443 1064 1496 ⁸³.
1093 1443 1246 1497 Beati
1267 1445 1479 1513 paciﬁci
1503 1445 1546 1475 3‘
1577 1463 1588 1498 :
1621 1454 1672 1498 et
1705 1443 1828 1512 quis
1860 1443 1998 1497 alius

420 1536 492 1588 ila
525 1535 804 1603 pacificus,
844 1544 902 1588 ut
946 1533 1212 1590 Dominus
1257 1552 1413 1590 meus
1440 1535 1625 1600 Jesus,
1660 1535 1750 1602 qui
1781 1544 1863 1588 est
1894 1549 1996 1603 pax

418 1632 604 1678 nostra
625 1666 639 1690 ,
663 1625 754 1693 qui
786 1625 948 1679 solvit
977 1625 1318 1680 inimicitiam
1343 1667 1357 1688 ,
1401 1637 1454 1680 et
1481 1627 1534 1680 in
1568 1642 1665 1681 sua
1692 1642 1810 1679 eam
1836 1641 1998 1680 carne

414 1716 724 1770 destruxit?
747 1715 899 1769 Beati
922 1717 1014 1786 qui
1035 1719 1446 1784 persecutionem
1475 1719 1758 1785 patiuntur
1787 1727 1998 1786 propter

414 1805 678 1873 justitiam
720 1807 786 1860 ".
843 1805 1012 1862 Nemo
1060 1809 1140 1863 sic
1194 1810 1627 1878 persecutionem
1673 1825 1868 1877 paSsus
1915 1817 1998 1862 est

408 1907 638 1966 propter
661 1897 934 1968 justitiam
955 1939 970 1964 ,
1009 1907 1067 1952 ut
1092 1899 1353 1953 Dominus
1379 1898 1538 1955 Jesus
1561 1941 1574 1964 ,
1606 1901 1699 1969 qui
1739 1917 1835 1970 pro
1867 1917 1995 1970 pec—

417 1989 555 2043 catis
589 1988 791 2044 nostris
830 1989 1127 2044 cruciﬁxus
1173 1998 1276 2044 est.
1335 1988 1537 2046 Omnes
1571 1993 1735 2061 igitur
1765 1993 1997 2046 beatitu-

413 2082 570 2135 dines
603 2082 654 2135 in
690 2082 983 2151 semetipso
1014 2081 1278 2137 Dominus
1309 2084 1568 2138 ostendit.
1611 2083 1690 2136 Ad
1729 2100 1890 2152 quam
1921 2086 1995 2139 si-

417 2173 779 2227 militudinem
828 2174 991 2226 etiam
1043 2173 1172 2227 illud
1222 2176 1366 2244 quod
1398 2176 1643 2238 dixerat,
1679 2175 1997 2244 Beati/len-

416 2273 493 2318 tes
526 2265 572 2294 "
592 2304 607 2328 ,
645 2265 760 2334 ipse
783 2264 966 2326 ﬂevit,
998 2273 1057 2318 ut
1087 2265 1250 2334 hujus
1279 2280 1499 2335 quoque
1522 2266 1878 2321 beatitudinis
1904 2266 1993 2335 ja-

411 2364 560 2409 ceret
601 2354 976 2410 fundamenta.
1041 2353 1212 2410 Flevit
1251 2365 1432 2410 autem
1478 2373 1639 2426 super
1667 2355 1992 2423 Jerusalem,

412 2446 600 2501 dicens
658 2464 672 2500 :
722 2445 788 2501 Si
812 2453 1136 2517 cognovisses
1166 2460 1212 2504 et
1245 2460 1301 2504 tu
1328 2451 1383 2502 in
1413 2450 1500 2502 die
1537 2452 1640 2503 ista
1662 2467 1780 2519 quw
1805 2452 1874 2502 ad
1899 2467 1996 2519 pa-

411 2552 524 2590 cem
558 2547 683 2591 sunt
730 2537 849 2604 tibi,
897 2557 1036 2594 nunc
1061 2552 1234 2593 autem
1259 2539 1569 2593 abscondita
1591 2552 1711 2594 sunt
1739 2541 1802 2593 ab
1826 2543 1994 2594 oculis

400 2629 540 2692 'tuis,
595 2638 648 2683 et
691 2629 920 2699 reliqua,
958 2645 1141 2700 usque
1171 2631 1247 2685 ad
1276 2646 1400 2685 eum
1433 2631 1612 2684 locum
1639 2631 1726 2685 ubi
1755 2632 1832 2686 ait
1866 2649 1878 2684 :
1915 2630 1995 2684 Eo

408 2721 550 2790 quod
595 2737 696 2774 non
745 2723 1042 2791 cognoveris
1069 2731 1270 2790 tempus
1297 2723 1627 2776 uisitationis
1663 2732 1788 2777 ttae.
1843 2723 1997 2777 Dicat

403 2813 617 2882 aliquis
668 2811 980 2866 auditorum
1028 2831 1040 2866 :
1077 2811 1357 2866 Manifesta
1393 2821 1520 2867 sunt
1553 2829 1674 2883 quae
1718 2814 1993 2877 dicuntur,

408 2912 463 2956 et
491 2916 654 2972 opere
688 2902 952 2971 completa
984 2901 1050 2955 de
1078 2899 1401 2956 Jerusalem.
1444 2901 1813 2956 Circumdedtt
1841 2900 1988 2954 enim

403 3011 534 3050 eam
568 2993 852 3050 Romanus
873 2995 1168 3059 exercitus,
1193 3003 1246 3048 et
1275 2995 1340 3049 ad
1369 2995 1792 3049 internecionem
1821 3009 1996 3066 usque

409 3087 668 3151 vastavit,
698 3095 1020 3156 tempusque
1050 3085 1228 3140 veniet
1257 3071 1478 3157 quando
1508 3087 1644 3156 lapis
1668 3103 1831 3158 super
1860 3086 1995 3158 lapi-

2105 620 2358 675 universa
2415 623 2650 690 perdidit
2696 621 2861 676 nimie
2910 621 3150 690 potando
3179 621 3244 674 ³⁸.
3307 622 3364 676 Si
3394 622 3518 690 quis
3557 635 3686 691 ergo

2107 709 2322 773 vendit,
2357 708 2608 778 cjieitur,
2647 709 2918 778 praecipue
2965 708 3010 762 si
3059 709 3325 764 vendebat
3377 710 3682 764 columbas.

2105 798 2284 863 Quare
2339 802 2475 854 alias
2523 817 2650 854 aves
2695 817 2801 854 non
2841 802 3020 871 posuit
3053 803 3157 857 nisi
3201 803 3523 858 columbas?
3570 801 3686 858 Hoc

2104 890 2306 944 animal
2354 892 2578 961 simplex
2607 901 2690 946 est
2714 933 2729 958 ,
2783 905 2839 946 et
2867 893 3146 948 decorum.
3210 893 3410 947 Vereor
3440 909 3508 948 ne
3544 902 3594 946 el
3627 893 3682 948 in

2105 981 2262 1036 nobis
2286 982 2475 1036 vitium
2509 983 2668 1038 istius
2695 984 2836 1038 modi
2861 985 3315 1055 deprehendatur.
3360 985 3415 1039 Si
3440 986 3583 1040 enim
3616 1003 3680 1040 ta

2102 1087 2225 1140 qua:
2252 1072 2382 1126 mihi
2413 1089 2440 1126 a
2470 1084 2660 1128 sancto
2691 1074 2894 1144 Spiritu
2923 1077 3156 1131 revelata
3183 1087 3338 1139 sunt,
3369 1085 3423 1132 et
3448 1076 3679 1144 credita,

2105 1172 2164 1216 ut
2191 1164 2241 1216 in
2272 1164 2463 1235 vulgus
2492 1165 2764 1230 ellerrem,
2817 1168 2990 1236 pretio
3039 1169 3355 1235 vendidero,
3385 1180 3438 1226 ct
3471 1171 3681 1240 absque

2102 1255 2352 1308 mercede
2384 1269 2490 1308 non
2517 1255 2778 1322 docuero,
2801 1257 2929 1326 quid
2965 1258 3110 1312 aliud
3143 1258 3305 1324 facio,
3333 1260 3438 1315 nisi
3466 1260 3680 1314 colum-

2101 1345 2218 1407 bas,
2257 1346 2306 1400 id
2357 1357 2442 1402 est
2472 1347 2735 1416 Spiritum
2780 1360 3027 1404 sanctum
3074 1351 3291 1405 vendo?
3347 1351 3517 1418 Quem
3548 1367 3677 1406 eum

2103 1437 2418 1501 vendidero,
2451 1438 2641 1507 ejicior
2667 1440 2733 1494 de
2769 1442 2968 1510 templo
2993 1441 3106 1497 Dei.
3148 1441 3490 1513 Quapropter
3518 1459 3675 1512 roge-

2093 1544 2223 1581 mus
2251 1527 2564 1595 Dominum,
2587 1540 2646 1584 ut
2668 1547 2859 1586 omnes
2881 1549 3131 1590 emamus
3161 1535 3342 1604 potius
3370 1551 3534 1605 quam
3563 1552 3683 1589 ven-

2100 1619 2317 1674 damus.
2355 1620 2411 1674 Si
2439 1621 2584 1675 enim
2623 1638 2731 1676 non
2761 1624 3192 1688 vendiderimus,
3215 1627 3598 1696 cognoscimus
3627 1635 3683 1680 ct

2101 1711 2453 1780 intelligimus
2478 1713 2710 1768 salutem
2739 1725 2982 1770 nostram
3021 1734 3034 1769 :
3070 1717 3308 1786 alioquin
3348 1718 3553 1773 inimici
3581 1717 3684 1774 cis-

2099 1802 2434 1858 cumdahunt
2495 1804 2682 1859 urbem
2736 1816 2998 1861 nostram.
3072 1807 3228 1873 Quod
3273 1809 3318 1864 si
3361 1809 3528 1863 semel
3575 1825 3680 1865 nos

2097 1896 2371 1950 exercitus
2397 1896 2609 1952 hostilis
2636 1897 2904 1960 cinxerit,
2941 1899 3208 1969 laerymas
3240 1898 3332 1953 Dei
3361 1915 3467 1954 non
3499 1917 3674 1954 mere-

2098 1985 2299 2040 bimur.
2337 1986 2638 2057 Surgamus
2656 2004 2793 2059 ergo
2816 1989 3079 2054 diluculo,
3108 1998 3160 2045 et
3190 1991 3543 2046 Obsecremus
3571 1990 3675 2045 Do-

2101 2076 2332 2142 minum,
2360 2089 2418 2132 ut
2445 2079 2633 2134 saltem
2663 2079 2833 2134 micas
2858 2096 2980 2150 quae
3003 2081 3068 2135 de
3096 2097 3283 2136 mensa
3307 2082 3428 2150 ejus
3450 2081 3676 2145 cadunt,

2098 2169 2382 2222 comedere
2410 2171 2711 2239 possimus.
2770 2171 2996 2226 Miratur
3043 2173 3323 2244 Scriptura
3349 2173 3395 2205 ”
3433 2174 3667 2242 reginam

2101 2257 2243 2313 Saba
2272 2262 2484 2315 venisse
2532 2262 2600 2316 ab
2651 2271 2898 2318 extremo
2947 2273 3106 2318 terra:
3131 2264 3319 2319 audire
3355 2264 3658 2333 sapientia"

2102 2348 2411 2405 Salomonis
2444 2370 2457 2406 :
2486 2368 2607 2421 qua:
2638 2369 2762 2407 cum
2795 2354 3020 2410 vidisset
3053 2356 3375 2424 prandium,
3405 2364 3458 2408 et
3495 2355 3680 2424 supel-

2100 2441 2331 2494 lectilem
2355 2481 2369 2502 ,
2407 2451 2463 2496 et
2492 2443 2796 2498 ministeria
2839 2445 3034 2500 domus
3061 2445 3212 2515 ejus,
3259 2446 3578 2508 obstupuit,
3623 2454 3678 2500 et

2101 2539 2212 2584 tota
2249 2530 2301 2584 in
2333 2534 2602 2587 miraculo
2630 2533 2750 2588 fuit.
2814 2533 2925 2590 Nos
2964 2535 3008 2590 si
3052 2543 3232 2591 tantas
3258 2534 3470 2590 Domini
3505 2537 3678 2590 nostri

2097 2638 2262 2692 opes,
2297 2634 2501 2679 tantam
2536 2627 2808 2682 sermonis
2856 2629 3243 2698 supellcctilem
3270 2669 3284 2691 ,
3316 2640 3369 2683 et
3395 2629 3678 2684 abundan-

2101 2715 2229 2770 tiam
2253 2717 2630 2772 doctrinarum
2657 2735 2764 2774 non
2791 2721 3021 2776 libenter
3053 2722 3454 2792 amplectimur,
3487 2723 3534 2778 si
3567 2738 3675 2776 non

2088 2809 2435 2864 comedimus
2462 2826 2655 2879 panem
2685 2811 2829 2878 vitae,
2858 2812 2904 2866 si
2937 2828 3042 2867 non
3069 2814 3330 2868 carnibus
3357 2814 3562 2867 Christi
3596 2830 3678 2867 ve-

2099 2899 2305 2955 scimur
2328 2939 2343 2964 ,
2377 2910 2430 2954 et
2456 2917 2650 2956 cruore
2678 2913 2962 2972 potamur;
2995 2904 3039 2958 si
3073 2905 3476 2959 contemnimus
3509 2905 3679 2972 dapes

2102 2989 2401 3046 Salvatoris
2429 2993 2622 3055 nostri,
2647 2994 2788 3050 scire
2814 2995 3080 3050 debemus
3110 2995 3256 3065 quod
3288 2997 3484 3050 habeat
3508 2995 3674 3061 Deus,

2098 3090 2152 3136 cl.
2179 3081 2592 3153 benignitatem,
2619 3092 2674 3138 et
2707 3086 3073 3140 severitatem.
3133 3086 3175 3141 E
3198 3087 3399 3156 quibus
3427 3087 3675 3157 benigni-

400 3177 533 3232 dem
566 3192 672 3231 non
705 3178 1042 3248 relinquetur
1071 3193 1234 3247 super
1263 3193 1406 3233 eam.
1449 3175 1566 3232 Non
1598 3193 1735 3248 nego
1769 3189 1821 3232 et
1845 3178 1990 3233 illam
2015 3209 2065 3264 Β
2100 3181 2262 3226 talem
2309 3173 2431 3242 ejus
2461 3175 2636 3244 magis
2673 3191 2837 3230 orare
2871 3177 3162 3244 debemus,
3213 3179 3266 3233 in
3298 3179 3515 3234 Christo
3546 3177 3674 3234 Jesu

407 3267 628 3336 quidem
663 3265 964 3321 Jerusalem
1001 3274 1220 3336 pr0pter
1257 3265 1622 3320 habitatorum
1664 3265 1868 3320 scelera
1905 3264 1989 3318 fu-

408 3361 520 3414 isse
552 3361 908 3423 destructum,
961 3361 1053 3413 sed
1085 3374 1272 3428 quaero
1313 3359 1360 3415 si
1397 3368 1452 3414 et
1481 3359 1546 3413 ad
1573 3359 1713 3413 hanc
1742 3369 1988 3412 nostram

406 3436 708 3506 Jerusalem
745 3449 903 3505 ﬂetus
952 3450 1056 3504 iste
1110 3451 1394 3518 pertineat.
1460 3448 1570 3505 Nos
1615 3449 1758 3504 enim
1799 3465 1990 3504 sumus

405 3540 708 3596 Jerusalem
732 3557 853 3611 qum
878 3541 1128 3607 deﬂetur,
1148 3541 1242 3610 qui
1275 3541 1430 3596 nobis
1459 3541 1707 3595 videmur
1731 3539 1985 3594 intuitum

398 3633 606 3689 habere
638 3633 923 3704 majorem.
987 3631 1141 3698 Quod
1181 3631 1224 3686 si
1247 3640 1376 3701 post
1413 3633 1672 3701 mysteria
1719 3631 1982 3696 veritatis,

399 3737 530 3796 post
561 3741 868 3781 sernmnem
895 3723 1198 3794 Evangelii,
1233 3734 1352 3792 post
1377 3725 1680 3806 doctrinam
1705 3719 1984 3788 Ecclesiae,

400 3827 528 3888 post
555 3817 819 3871 visionem
870 3821 1338 3869 sacramentorum
1368 3805 1510 3888 ejus,
1541 3814 1742 3882 aliquis
1771 3829 1801 3868 e
1828 3813 1986 3868 nobis

399 3906 730 3978 peccaverit,
763 3904 1034 3975 plangitur
1064 3914 1227 3973 atque
1259 3903 1436 3958 ﬂetur.
1479 3904 1649 3958 Nemo
1677 3904 1822 3957 enim
1857 3920 1986 3974 gen-

406 4001 514 4054 tilis
565 3999 757 4061 ﬂetur,
807 3997 899 4052 sed
951 3995 1038 4050 ille
1085 3996 1178 4064 qui
1214 3994 1312 4048 fuit
1342 3994 1412 4049 de
1442 3993 1779 4058 Jerusalem,
1839 3995 1983 4065 quod

399 4099 526 4160 post
559 4099 780 4160 peccata
804 4086 1146 4142 circumdant
1175 4101 1294 4140 eam
1331 4085 1560 4149 inimici,
1585 4086 1874 4138 contraria:
1906 4085 1984 4139 vi-

407 4181 600 4235 delicet
634 4179 1014 4242 fortitudines,
1045 4177 1272 4246 spiritus
1299 4191 1556 4246 nequam,
1589 4185 1642 4230 et
1686 4177 1984 4230 immittunt

402 4274 461 4326 in
485 4273 723 4326 circuitu
752 4271 870 4340 ejus
897 4271 1096 4324 vallum
1124 4308 1138 4330 ,
1165 4278 1217 4323 et
1248 4269 1539 4323 obsideant
1568 4283 1687 4322 eam
1710 4309 1725 4334 ,
1761 4277 1811 4321 et
1847 4268 1985 4336 lapi-

403 4365 525 4417 dem
555 4379 717 4432 super
746 4362 976 4430 lapidem
1003 4375 1109 4415 non
1140 4361 1450 4428 relinquant
1481 4378 1492 4411 :
1534 4359 1769 4412 maxime
1794 4359 1838 4413 si
1861 4369 1984 4428 post

405 4452 630 4505 multant
662 4453 1052 4505 centiuentiam
1072 4490 1085 4514 ,
1139 4458 1258 4519 post
1285 4450 1492 4519 aliquot
1513 4465 1691 4503 annos
1714 4449 1982 4504 castitatis

2095 3264 2333 3320 Domino
2357 3275 2542 3321 nostro
2591 3285 2605 3321 :
2659 3270 2746 3322 cui
2770 3279 2854 3324 est
2883 3270 3054 3340 gloria
3089 3280 3142 3326 et
3171 3271 3457 3342 imperium
3485 3272 3538 3326 in
3575 3288 3678 3328 sae-

2097 3357 2218 3412 cula
2250 3359 2597 3414 stnculor-um.
2636 3359 2830 3414 Amen.

2551 3471 2719 3542 978
2747 3471 3028 3527 ΙΙΟΜΙΜΑ
3067 3473 3311 3529 XXXIX.

2096 3583 2172 3638 De
2197 3587 2482 3656 quaestione
2509 3583 2944 3656 Sadducazornm.
2979 3603 3136 3656 quam
3164 3597 3544 3654 praposuerant
3574 3587 3675 3644 1).)-

2165 3655 2308 3709 ntiuo
2329 3695 2344 3719 ,
2393 3655 2628 3708 mulieris
2675 3656 2788 3724 ejus
2819 3672 2936 3724 qua:
2971 3655 3162 3723 septem
3194 3657 3331 3710 riros
3361 3659 3589 3723 habuit;
3623 3668 3675 3713 et

2164 3742 2347 3780 rursus
2368 3729 2437 3779 de
2451 3725 2668 3780 denario
2691 3723 2844 3794 quem
2868 3727 2968 3780 sibi
2989 3725 3242 3779 Salvator
3258 3727 3425 3796 jussit
3441 3733 3668 3783 ostendi.

2163 3796 2294 3864 Cap.
2329 3809 2417 3847 xx.

2165 3905 2260 3960 Est
2282 3906 2505 3962 haeresis
2535 3906 2588 3961 in
2611 3905 2834 3972 Judaeis,
2856 3924 2976 3977 qua
2995 3908 3197 3963 dicitur
3218 3910 3674 3964 Sadducmorum;

2095 3999 2208 4052 lucc
2237 3998 2689 4052 resurrectionem
2717 4007 3056 4053 mortuorum
3082 4009 3263 4067 negat,
3288 4010 3344 4054 et
3371 4008 3528 4070 putat
3560 4003 3674 4056 ani-

2094 4105 2235 4144 mam
2292 4089 2515 4146 interire
2543 4105 2670 4146 cum
2704 4106 2956 4161 corpore,
2985 4108 3083 4146 nec
3112 4103 3234 4162 post
3269 4104 3496 4149 mortem
3529 4095 3670 4148 ultra

2092 4183 2380 4251 respirare.
2425 4182 2590 4251 Igitur
2617 4183 2973 4252 quaestionem
3027 4185 3256 4240 Domino
3282 4195 3666 4256 proponentes,

2088 4282 2518 4343 composuerunt
2563 4273 2804 4328 fabulam
2858 4275 3104 4329 mulieris
3151 4284 3356 4344 septem
3404 4278 3667 4341 virorum,

2090 4380 2214 4434 quae
2259 4373 2382 4433 post
2423 4365 2661 4434 primum
2693 4366 2872 4420 virum
2906 4365 2973 4420 ad
3013 4365 3447 4420 resuscitandum
3480 4381 3667 4421 semen

2093 4457 2290 4525 prioris
2322 4457 2549 4510 alterum
2578 4457 2794 4511 duxerit
2827 4473 2842 4511 :
2875 4473 2985 4526 quo
3011 4467 3245 4520 mortuo,
3279 4458 3493 4510 tertium
3525 4475 3668 4527 qun-

406 4543 584 4596 victus
611 4543 736 4612 quis
773 4540 958 4606 fuerit,
995 4541 1488 4609 blandimentisqe
1538 4540 1719 4595 carnis
1771 4539 1981 4594 illectus
2013 4557 2054 4612 ῃ
2089 4562 2216 4616 que,
2245 4555 2298 4601 et
2321 4562 2535 4600 rursum
2567 4556 2847 4616 quartum,
2903 4558 3066 4616 atque
3093 4548 3146 4601 in
3178 4547 3324 4602 hunc
3350 4549 3571 4602 modum
3601 4549 3668 4602 ad

404 4636 722 4706 patientiam
755 4634 1187 4704 pudicitiamque
1215 4633 1478 4688 amiserit.
1527 4632 1582 4687 Si
1611 4632 1780 4688 fueris
1809 4633 1982 4688 forni-

400 4737 581 4789 catus,
616 4727 848 4796 lapidem
889 4742 1056 4796 super
1087 4725 1315 4794 lapidem
1345 4740 1450 4778 non
1485 4726 1792 4794 relinquent
1817 4742 1982 4795 super

401 4831 475 4873 te.
513 4821 604 4878 Alt
632 4833 775 4872 enim
810 4832 867 4870 in
903 4817 1012 4869 alio
1047 4815 1167 4869 loco
1197 4817 1240 4847 ⁸⁷
1276 4831 1291 4869 :
1327 4813 1448 4869 Non
1483 4818 1799 4869 recordabor
1840 4818 1982 4886 prio-

402 4927 518 4964 rum
551 4909 889 4978 justitiarum
913 4907 1026 4975 ejus
1066 4923 1083 4960 :
1130 4907 1182 4958 in
1211 4917 1422 4975 peccato
1447 4923 1565 4972 suo,
1589 4908 1640 4959 in
1665 4923 1768 4976 quo
1795 4909 1978 4976 depre-

401 5003 589 5057 hensus
637 5001 820 5070 fuerit,
868 5002 920 5051 in
965 4999 1078 5067 ipso
1123 4998 1368 5060 iudicabo
1405 5015 1543 5052 eum.
1587 4997 1708 5052 llaec
1737 5008 1981 5070 estergo

405 5109 526 5160 qua:
558 5092 784 5146 deﬂetur
803 5089 1126 5144 Jerusalem.
1188 5089 1316 5144 Post
1348 5105 1469 5158 quae
1495 5091 1697 5144 dicitur
1726 5109 1738 5143 :
1775 5089 1982 5161 Ingres-

402 5200 492 5236 sus
525 5193 600 5237 est
629 5183 900 5253 templum.
938 5180 1090 5246 Quod
1123 5197 1237 5233 cum
1269 5181 1454 5250 fuisset
1491 5182 1776 5251 ingressus,
1829 5184 1976 5252 ejecit

398 5289 488 5327 eos
533 5273 622 5342 qui
668 5273 954 5326 vendebant
998 5271 1290 5324 columbas.
1348 5269 1464 5323 Non
1496 5272 1653 5340 ejecit
1691 5283 1972 5338 ementes;

401 5365 495 5433 qui
530 5364 674 5417 enim
700 5375 910 5428 emunt,
965 5374 1020 5417 et
1065 5363 1209 5432 quod
1242 5363 1473 5416 emet-int
1504 5365 1802 5431 possident.
1859 5365 1980 5418 Illos

401 5456 561 5526 ejecit
593 5455 658 5510 de
683 5457 881 5524 templo
912 5455 1090 5510 Patris
1138 5454 1296 5510 Jesus
1320 5496 1334 5519 ,
1367 5457 1458 5526 qui
1490 5458 1727 5510 vendunt
1755 5467 1809 5511 et
1841 5459 1979 5526 abji-

400 5548 551 5598 ciunl
579 5545 722 5614 quod
755 5545 1072 5607 habuerant.
1111 5548 1163 5599 in
1195 5548 1608 5601 similitudinem
1642 5549 1786 5601 illius
1823 5551 1982 5605 lusu-

493 5641 537 5671 “
571 5639 760 5693 Matth.
802 5655 831 5690 v
855 5679 869 5703 ,
901 5639 956 5691 5.
1079 5641 1124 5671 ⁸³
1151 5641 1337 5695 Matth.
1365 5658 1441 5704 ιι,
1471 5641 1562 5696 "29.

401 5707 448 5738 ⁸⁸
480 5709 611 5765 Luc.
639 5724 729 5763 xv.
825 5710 869 5740 ⁸⁸⁸
899 5707 960 5762 lll
995 5708 1127 5780 Reg.
1161 5729 1210 5765 χ.
1307 5713 1352 5743 ⁹⁰
1382 5711 1568 5766 Matth.
1606 5729 1740 5775 xx".
1764 5715 1855 5779 29,
1885 5720 1974 5773 50.

476 5801 547 5869 ἰ9)
589 5799 727 5865 Qui"
773 5801 1102 5873 econtrario,
1154 5813 1212 5873 ut
1264 5819 1523 5873 perquam
1561 5808 1770 5860 erudite
1818 5819 1969 5864 notat

405 5871 937 5945 llie.'onymuscpis'..
968 5869 1138 5945 75,_ad
1165 5869 1528 5945 Theodotum,
1563 5879 1690 5939 n.2,
1724 5878 1971 5945 Quando,

717 5942 989 6000 ΡΑΤΙιοι.
1025 5942 1142 6001 Gn.
1172 5943 1314 6002 λιιι

1656 5643 1703 5673 ⁸⁸
1725 5643 1911 5717 Matth.
1947 5665 2011 5717 ν,
2043 5650 2096 5705 9.

2089 4637 2380 4706 septimum
2429 4650 2602 4705 usque
2639 4645 2979 4704 pervenerat.
3027 4635 3302 4702 Quaeritur
3336 4650 3465 4706 ergo
3493 4635 3544 4688 in
3579 4651 3665 4689 re-

2085 4729 2424 4784 surrectione
2472 4735 2853 4790 mortuorum,
2889 4726 3016 4795 quis
3066 4741 3184 4780 eam
3233 4725 3335 4780 sibi
3383 4739 3414 4779 e
3460 4734 3667 4794 septem

2087 4820 2349 4875 fratribus
2385 4820 2454 4873 sit
2482 4819 2860 4873 vindicaturus
2890 4833 3139 4872 uxorem.
3184 4815 3297 4870 lloc
3325 4825 3504 4871 autem
3544 4831 3669 4885 pro-

2084 4913 2256 4967 blema
2311 4912 2637 4968 insidiantes
2688 4911 2870 4964 verbis
2919 4910 3252 4976 Salvatoris,
3310 4926 3375 4965 ιιο
3425 4921 3670 4979 tempore

2084 5013 2517 5074 proposuerunt,
2551 5019 2662 5073 quo
2718 5018 2841 5056 eum
2897 5003 3144 5056 viderant
3173 5003 3240 5056 de
3273 5002 3670 5056 resurrectione

2083 5099 2278 5151 docere
2303 5095 2624 5164 discipulos.
2667 5095 2880 5161 Quibus
2906 5095 3242 5165 respondens
3271 5095 3523 5149 Salvator
3549 5096 3624 5149 ait
3647 5110 3664 5149 :

2089 5188 2324 5251 Erratis,
2370 5189 2653 5241 nescientes
2701 5185 3030 5257 Scriptaras,
3076 5205 3236 5257 neque
3281 5191 3520 5241 virtutem
3548 5186 3666 5241 Dei.

2088 5279 2151 5333 In
2183 5281 2560 5333 resurrectione
2609 5279 2744 5332 enim
2781 5289 3105 5332 mortuorum
3145 5295 3306 5348 neque
3344 5279 3554 5341 nubent,
3580 5293 3671 5330 ne-

2084 5388 2180 5439 que
2206 5369 2486 5433 nubentur,
2517 5369 2606 5422 sed
2632 5377 2786 5421 erunt
2811 5370 2948 5421 sicut
2978 5368 3150 5437 angeli
3187 5371 3238 5420 in
3272 5367 3414 5420 caelis
3443 5367 3508 5420 ⁹⁰.
3560 5365 3667 5432 Qui

2082 5472 2245 5519 erunt
2280 5463 2419 5517 sicut
2451 5462 2628 5532 angeli
2655 5504 2670 5527 ,
2713 5463 2903 5531 utique
2927 5461 3001 5532 (9)
3032 5461 3206 5530 angeli
3235 5469 3412 5514 erunt.
3462 5459 3670 5514 Simul-

2083 5571 2190 5625 que
2219 5553 2558 5617 discendum,
2585 5553 2730 5622 quod
2765 5553 2940 5622 angeli
2972 5554 3245 5606 commbia
3274 5568 3378 5605 non
3409 5552 3666 5607 habeant.

2201 5649 2244 5682 ⁸⁸
2299 5647 2431 5700 ibid.
2499 5645 2586 5698 10.
2640 5645 2723 5696 ,⁸⁸
2753 5647 2885 5700 ibid.
2923 5646 2974 5698 Δ.
3052 5646 3096 5677 ⁸⁷
3125 5645 3318 5698 Ιεῖῑθςῑι.
3356 5659 3520 5706 xvtll,
3571 5641 3646 5697 23

2075 5810 2239 5869 dicit,
2274 5827 2292 5858 ι
2321 5803 2494 5872 Neque
2523 5806 2715 5860 nubent
2736 5846 2752 5869 ,
2783 5823 2942 5876 neque
2974 5807 3232 5857 nulrentur
3253 5845 3267 5866 ,
3390 5803 3480 5855 sed
3507 5814 3663 5856 erant

2081 5878 2218 5931 sicut
2306 5878 2478 5952 angeli
2513 5878 2570 5932 in
2621 5878 2801 5943 cwlis,
2835 5897 2852 5928 ι
2892 5893 2992 5929 non
3027 5887 3221 5952 natura
3247 5889 3313 5952 Jet
3362 5876 3658 5926 substantia

3199 5947 3276 6005 (ὲο
