4132 6444
502 441 522 493 Ι
535 438 635 493 899

1945 424 2268 481 ()iliGENiS

3634 427 3772 483 “‘80

497 553 597 609 Hic
643 565 772 606 vero
822 549 912 605 ubi
954 562 1138 614 mors,
1192 557 1245 600 et
1299 546 1531 615 nuptiae,
1583 553 1638 597 et
1685 543 1837 597 liberi
1889 558 2075 597 neccs—
2107 549 2149 603 Α
2180 547 2365 592 vatore
2390 538 2591 591 dictum
2620 552 2739 591 esse
2761 536 3108 606 simpliciter:
3139 535 3352 592 Reddite
3375 550 3630 610 qua-sunt
3651 540 3777 596 Cte-

499 647 631 704 earii
674 654 833 711 sunt;
872 643 1015 706 illic,
1072 641 1161 694 ubi
1210 639 1624 702 immortalitas,
1674 651 1775 692 nec
1821 634 2080 705 coniugio

500 754 640 811 opus
684 746 803 801 est,
850 749 951 789 nec
1001 733 1145 787 liliis.
1200 729 1509 800 Proponam
1557 728 1689 782 mihi
1719 726 2077 797 quaestionem

502 831 656 885 valde
691 828 1000 888 moiestam,
1032 832 1087 878 et
1110 837 1233 893 quae
1262 837 1371 876 non
1405 820 1564 876 facile
1587 819 1837 882 solvitur,
1867 832 1934 872 ex
1961 830 2081 887 per-

501 937 634 977 sona
668 933 880 984 eorum,
930 914 1024 986 qui
1069 911 1462 968 studiosissimi
1488 909 1900 981 Scripturarum
1928 914 2077 972 sunt,

501 1025 554 1067 et
577 1011 666 1065 die
693 1025 759 1064 ae
794 1017 957 1062 nocte
984 1004 1318 1060 meditantur
1351 1003 1405 1055 in
1436 1002 1554 1070 lege
1582 998 1801 1053 Domini
1826 998 1895 1051 θ’.
1951 994 2076 1061 Ubi,

500 1102 776 1172 inquiunt,
810 1098 1074 1167 scriptum
1105 1103 1190 1149 est
1254 1091 1384 1161 quia
1428 1107 1590 1163 neque
1637 1089 1863 1153 nubent,
1916 1104 2077 1159 neque

500 1189 805 1245 nubentur?
854 1184 989 1240 Tam
1022 1183 1192 1239 Vetus
1230 1196 1396 1250 quam
1426 1178 1637 1235 Novum
1668 1178 2078 1234 Testamentum

503 1278 769 1334 memoria
815 1292 879 1333 ac
924 1284 1107 1330 mente
1136 1273 1509 1343 perlustrans,
1551 1284 1821 1339 nusquam
1857 1266 2080 1322 memini

492 1368 609 1424 sale
637 1367 769 1439 quid
798 1366 1053 1421 relatum.
1100 1362 1256 1430 Quod
1288 1362 1336 1418 si
1356 1360 1497 1415 forte
1527 1376 1614 1415 me
1645 1359 1803 1424 fallit,
1835 1358 1929 1429 qui
1958 1358 2080 1428 plus

503 1459 653 1514 novit
673 1458 885 1512 doceat.
903 1453 1172 1509 Libenter
1192 1452 1346 1508 disco
1366 1450 1512 1522 quod
1535 1450 1742 1505 nescio.
1770 1447 1876 1504 Sed
1901 1463 2078 1519 quan-

490 1561 760 1620 tum-ego
792 1547 1069 1611 existimo,
1094 1587 1099 1589 -
1122 1559 1227 1600 ηιιθο
1268 1544 1322 1599 in
1358 1542 1570 1609 Veteri,
1604 1557 1703 1599 nec
1727 1542 1781 1596 in
1812 1539 1962 1595 Novo
1990 1539 2081 1594 1η-

502 1651 808 1700 stramento
833 1639 1131 1710 quidquam
1165 1637 1271 1692 tale
1303 1636 1555 1707 reperiet.
1592 1633 1801 1689 'Omnis
1822 1649 1953 1704 ergo
1982 1648 2080 1688 eo-

486 1747 622 1787 ~.rum
671 1745 825 1786 error
858 1730 926 1784 de
957 1727 1314 1798 prophetica,
1370 1741 1537 1797 quam
1588 1740 1698 1779 nou
1748 1724 2076 1795 intelligunt,

503 1821 736 1876 lect-ioue
758 1820 1003 1875 surrexit
1029 1836 1042 1872 :
1076 1833 1107 1872 e
1139 1817 1338 1887 quibus
1360 1816 1498 1872 illud
1523 1824 1610 1871 est
1628 1815 1687 1870 in
1715 1815 1855 1870 isaia
1880 1831 1905 1869 ς
1932 1813 2081 1868 Lecti

2182 633 2345 698 saris,
2370 631 2570 684 Ca'sai-i
2588 672 2602 695 ,
2639 631 2690 684 id
2718 643 2802 685 est
2830 632 3092 686 tributum
3120 630 3326 687 reddite
3357 633 3503 702 quod
3532 634 3769 689 debetis.

2182 726 2318 794 Quis
2363 728 2509 782 enim
2556 735 2806 782 nostrum
2856 725 2924 785 de
2979 726 3201 783 tributis
3231 727 3521 783 reddendis
3561 729 3773 784 Ctesari

2181 819 2548 874 contradicit?
2577 817 2750 874 Habet
2777 818 2940 889 igitur
2973 821 3128 875 locus
3154 818 3412 890 quiddam
3444 821 3657 892 mystici
3685 831 3776 874 at-

2180 925 2290 982 que
2311 913 2525 966 secreti.
2545 910 2679 967 Dote
2699 920 2830 968 sunt
2858 912 3123 983 imagines
3159 914 3418 978 hominis,
3451 930 3557 968 una
3599 930 3769 984 quam

2182 1005 2390 1074 accepit
2434 1020 2463 1059 a
2502 1003 2615 1059 Deo
2659 1004 2837 1062 factus
2872 1007 2925 1060 in
2961 1006 3256 1077 principio,
3306 1007 3453 1062 sicut
3481 1004 3534 1061 iii
3564 1007 3771 1062 Gem-si

2183 1096 2445 1166 scriptum
2487 1104 2571 1152 est
2591 1097 2677 1151 ὀε
2728 1096 2902 1152 Juxta
2939 1098 3225 1167 imaginem
3262 1111 3313 1151 et
3354 1097 3771 1151 similitudinem

2181 1186 2324 1253 Dei;
2359 1188 2530 1244 altera
2562 1188 2772 1254 choici,
2816 1188 2869 1243 id
2909 1198 2994 1244 est
3036 1189 3267 1254 terreni,
3305 1198 3594 1259 postquam
3632 1205 3768 1258 pro—

2181 1287 2299 1348 pter
2334 1280 2761 1334 inobcdientiam
2793 1290 2956 1351 atque
2998 1289 3280 1350 peccatum
3319 1280 3526 1349 ejectus
3568 1281 3635 1333 de
3662 1295 3767 1348 pa-

2182 1368 2368 1425 radiso
2391 1371 2693 1440 assumpsit
2715 1386 2859 1436 eam,
2875 1369 3136 1440 principis
3160 1368 3348 1424 saeculi
3376 1369 3542 1439 hujus
3564 1382 3771 1423 suasua
3850 1357 3857 1363 ’

2180 1459 2479 1514 illecebris.
2518 1459 2672 1514 Sicut
2702 1460 2846 1515 enim
2884 1473 3144 1514 nummus
3174 1467 3337 1529 atque
3369 1458 3629 1512 denarius
3663 1457 3769 1512 ita-

2183 1551 2273 1607 bet
2318 1551 2610 1622 imaginem
2654 1553 3049 1623 imperatorum
3092 1551 3280 1605 mundi
3316 1567 3331 1618 ;
3373 1551 3455 1606 sic
3495 1550 3589 1621 qui
3633 1549 3769 1604 facit

2183 1657 2347 1713 opera
2375 1643 2602 1699 rectoris
2626 1645 2975 1698 tenebrarum
3002 1645 3255 1709 istarum,
3275 1651 3455 1712 portat
3471 1644 3766 1713 imaginem

2181 1736 2489 1807 ejuscujus
2518 1735 2682 1790 habet
2711 1750 2873 1805 Opera
2906 1752 2921 1801 ;
2953 1751 3118 1806 quam
3160 1735 3413 1806 przecepit
3450 1732 3612 1789 Jesus
3642 1751 3770 1791 esse

2183 1831 2514 1887 reddendam
2548 1840 2603 1885 et
2624 1829 3022 1900 proﬁciendum
3056 1830 3125 1885 de
3163 1830 3313 1883 vuitu
3346 1839 3536 1883 nostro
3560 1871 3572 1893 ,
3607 1843 3767 1884 assu—

499 1915 601 1968 mei
624 1930 733 1967 non
767 1911 1030 1967 habebunt
1064 1910 1254 1966 liberos
1282 1912 1337 1963 in
1367 1908 1793 1963 maledictionem
1821 1907 1888 1959 ".
1930 1904 1998 1959 Et
2021 1905 2077 1959 in
2110 1893 2153 1948 Β
2183 1923 2545 1993 luendamque
2571 1893 2692 1977 eam
2719 1893 3033 1990 imaginem.
3056 1921 3213 1992 juxta
3243 1936 3405 1991 quam
3438 1935 3467 1974 a
3495 1921 3769 1990 principio

500 2002 925 2061 Deutcronomio
954 2002 1011 2057 in
1051 1999 1521 2057 benedictionibus
1554 1997 1641 2052 υς
1674 1995 1947 2051 Benedicti
1973 1994 2077 2065 ﬁlii

500 2098 636 2151 uteri
676 2100 775 2150 tui.
828 2094 1123 2164 Eleputant
1160 2092 1277 2148 haec
1324 2090 1506 2145 futura
1554 2090 1609 2144 in
1656 2087 2075 2150 resurrectione,

501 2203 611 2243 non
641 2186 1004 2255 intelligentes
1040 2183 1314 2254 spiritales
1341 2179 1748 2237 benedictiones
1789 2192 1912 2233 esse
1940 2192 2078 2247 prte-

501 2279 700 2333 dlctas.
756 2276 955 2331 Paulus
982 2274 1129 2329 enim
1157 2288 1257 2330 vas
1290 2270 1608 2338 electionis,
1638 2284 1829 2324 omnes
1854 2268 1956 2323 bas
1984 2268 2079 2323 be-

502 2368 868 2435 nedictiones,
897 2381 1020 2436 quae
1040 2372 1326 2435 ponuntur
1354 2362 1410 2417 in
1440 2360 1602 2432 Lege,
1651 2359 1968 2430 spiritaliter
1996 2358 2080 2413 in-

501 2468 829 2531 terpretans,
864 2466 919 2512 et
965 2455 1145 2510 sciens
1184 2468 1305 2509 .non
1343 2466 1472 2508 esse
1496 2450 1766 2515 carnales,
1811 2449 1878 2504 ad
1904 2446 2081 2518 Ephe-

502 2550 617 2605 sios
659 2547 901 2618 loquitur
925 2545 974 2578 “
1009 2564 1024 2600 :
1056 2544 1376 2599 Benedictus
1417 2541 1555 2596 Deus
1651 2550 1703 2595 et
1759 2538 1923 2594 Pater
1971 2537 2081 2592 Do-

458 2672 471 2681 ~
501 2643 631 2697 mini
658 2640 830 2697 nostri
855 2637 983 2693 Jesu
1011 2635 1249 2701 Christi,
1292 2637 1395 2706 .qui
1426 2632 1689 2688 benedixit
1719 2647 1816 2687 nos
1850 2631 1906 2685 in
1938 2631 2080 2686 omni

502 2735 854 2790 benedictione
904 2729 1174 2800 spiritali,
1220 2744 1344 2782 cum
1393 2746 1424 2782 α
1476 2726 1703 2780 mortuis
1756 2733 2080 2795 resurgentes

468 2841 760 2884 -cternam
808 2824 1188 2880 beatitudinem
1242 2835 1694 2891 consequeremur.
1764 2816 1870 2873 Sed
1922 2826 1977 2872 et
2024 2818 2080 2872 in

503 2922 736 2977 Psalmis
777 2918 955 2974 simile
1007 2917 1137 2988 quid
1176 2915 1543 2985 reperientes,
1580 2912 1769 2968 eodem
1824 2911 2083 2967 labuntur

500 3024 684 3065 errore
751 3006 927 3072 Uxor,
969 3006 1179 3078 inquit,
1225 3016 1317 3059 tua
1368 3006 1504 3059 sicut
1552 3003 1674 3058 vitis
1709 3003 1985 3058 abundans
2025 3003 2082 3057 in

496 3101 758 3157 lateribus
824 3100 1014 3155 domus
1073 3108 1200 3163 tute,
1260 3097 1361 3167 ﬁlii
1425 3098 1502 3151 tui
1543 3098 1681 3152 sicut
1720 3094 1936 3150 norellte
1978 3094 2081 3149 oli-

501 3208 687 3247 rarum
714 3192 773 3246 iu
797 3193 1026 3245 circuitu
1072 3206 1264 3245 mensa:
1294 3199 1419 3257 tute,
1450 3204 1627 3260 usque
1646 3189 1713 3244 ad
1736 3204 1858 3245 eum
1901 3188 2080 3243 locum

480 3285 596 3339 «ubi
635 3284 713 3338 ait
752 3301 765 3336 :
806 3282 1091 3336 Benedicat
1128 3290 1173 3335 te
1211 3281 1467 3335 Dominus
1507 3296 1572 3335 ex
1617 3279 1769 3346 Sion,
1810 3291 1859 3333 et
1905 3282 2080 3336 uideas
2108 3263 2150 3319 (ἶ

502 3389 620 3444 qua:
683 3375 817 3428 bona
873 3382 993 3427 sunt
1039 3370 1335 3425 Jerusalem
1371 3372 1438 3427 ⁸⁵.
1478 3369 1622 3442 Ergo
1660 3386 1785 3425 cum
1818 3372 2081 3428 instructa

490 3463 667 3519 “fuerit
698 3462 1027 3529 Jerusalem,
1048 3462 1425 3518 etinstaurata
1453 3462 1507 3517 in
1540 3462 1825 3533 antiquum
1855 3472 2079 3531 statum,

504 3568 635 3612 tunc
667 3557 998 3610 visurus-cst
1024 3555 1166 3609 bona
1201 3570 1324 3625 qua:
1356 3552 1638 3624 Scriptura
1668 3566 2078 3611 commentor-au

503 3648 608 3713 Qui
643 3645 960 3717 spiritaliter
1000 3646 1307 3717 intelligunt
1335 3643 1664 3713 Jerusalem,
1697 3656 1752 3702 et
1783 3647 1850 3703 de
1876 3664 1941 3704 ea
1973 3650 2081 3704 dici

505 3742 687 3795 sciunt
718 3754 839 3809 qute
867 3738 1109 3794 celestis
1141 3747 1256 3802 est,
1299 3754 1420 3807 quae
1454 3754 1677 3795 sursum
1708 3749 1823 3804 est,
1848 3756 1970 3811 qua:
2000 3751 2084 3796 est

505 3842 677 3886 mater
717 3842 903 3885 nostra
930 3831 1013 3884 9":
1050 3830 1311 3885 videbunt
1362 3831 1502 3887 bona
1553 3833 1699 3887 illius
1723 3873 1738 3897 ,
1771 3833 1838 3888 de
1882 3835 2081 3905 quibus

503 3938 648 3993 saepe
678 3922 921 3978 diximus
944 3960 961 3987 ,
1007 3930 1061 3977 et
1090 3922 1144 3976 id
1174 3923 1319 3993 quod
1361 3939 1508 3980 nunc
1550 3923 1620 3980 de
1651 3923 1862 3995 psalmo
1889 3927 2081 3996 posui-

503 4030 628 4069 mus
650 4013 730 4069 ":
768 4012 916 4067 Umor
959 4025 1053 4069 tua
1085 4015 1223 4068 sicut
1258 4014 1383 4069 uitis
1421 4013 1701 4069 abundans
1747 4016 1802 4069 in
1827 4015 2080 4072 lateribus

501 4108 689 4161 domus
719 4116 841 4171 tute,
869 4105 969 4165 lilii
993 4105 1222 4160 tuisicut
1250 4104 1469 4160 novellae
1491 4104 1752 4161 olivarum
1774 4107 1829 4161 in
1854 4109 2081 4164 circuitu

504 4213 697 4253 mcnste
725 4208 849 4253 tute.
881 4195 1013 4263 Quae
1054 4197 1629 4267 ountia=corporalitcr
1656 4198 2083 4270 intelligentibus

504 4290 838 4354 Sadducazie,
873 4288 1011 4361 (10)
1043 4289 1138 4359 qui
1167 4299 1324 4344 erant
1364 4290 1545 4362 portio
1571 4288 1919 4361 Judteorum,
1952 4294 2084 4349 dicit

505 4378 754 4434 Salvator
773 4380 819 4411 “
842 4400 854 4434 :
890 4377 1124 4432 Nescitis
1151 4376 1481 4448 Scripturas,
1504 4396 1668 4451 neque
1697 4383 1939 4438 uirtutem
1964 4384 2079 4439 Dei.

506 4468 630 4523 Haec
653 4468 720 4522 de
752 4467 1072 4538 quaestione,
1104 4481 1269 4537 quam
1304 4466 1588 4523 Sadducaei
1622 4468 1852 4526 Domino
1885 4487 2083 4542 propo-

2180 2014 2248 2068 ad
2283 2014 2694 2069 similitudinem
2730 2012 2823 2068 Dei
2856 2012 3060 2067 conditi
3102 2027 3316 2067 sumus.
3344 2011 3522 2082 Atque
3553 2010 3627 2066 ita
3673 2014 3767 2075 lit,

2181 2114 2240 2163 ut
2270 2123 2392 2177 qtne
2419 2105 2653 2161 Caesaris
2691 2115 2853 2173 sunt,
2898 2104 3137 2173 Caesari,
3168 2112 3222 2159 et
3249 2119 3373 2174 qua:
3403 2103 3497 2159 Dei
3519 2145 3534 2169 ,
3572 2104 3769 2159 redda-

2180 2214 2305 2254 mus
2358 2197 2490 2252 Deo.
2552 2198 2844 2265 Ostendite,
2892 2197 3087 2268 inquit,
3136 2196 3266 2251 mihi
3322 2212 3613 2250 nummum.
3655 2193 3773 2249 Pro

2180 2306 2291 2361 quo
2323 2291 2376 2344 in
2411 2288 2664 2344 biatthzeo
2687 2289 2705 2321 ί
2734 2289 2993 2345 scribitur
3024 2287 3305 2342 denarius.
3336 2285 3500 2352 Quem
3527 2302 3645 2341 cunt
3675 2302 3768 2340 ac.

2182 2382 2432 2452 cepisset,
2465 2382 2538 2434 ait
2566 2396 2584 2434 :
2613 2379 2780 2450 Cujus
2814 2380 3155 2449 scriptionem
3189 2377 3388 2434 habet?
3419 2376 3524 2443 Qui
3551 2393 3770 2446 respon-

2180 2472 2379 2540 dentes,
2406 2473 2689 2526 dixerunt:
2721 2470 2974 2527 Ctesaris.
3008 2470 3249 2540 Ad'quos
3274 2484 3522 2522 rursum:
3540 2467 3770 2523 Reddite

2181 2580 2326 2635 ergo,
2357 2565 2556 2634 inquit,
2587 2579 2706 2634 qua!
2736 2572 2856 2617 sunt
2888 2560 3116 2618 Ca'saris
3149 2561 3382 2628 Cwsari,
3416 2570 3464 2614 et
3494 2576 3612 2630 qua:
3640 2572 3765 2614 sunt

2182 2655 2283 2710 Dei
2312 2654 2438 2709 Deo.
2470 2654 2715 2721 Quorum
2748 2653 3199 2724 consequentiam
3231 2663 3287 2707 et
3315 2650 3519 2707 Paulus
3550 2652 3770 2707 locutus

2181 2755 2302 2816 est,
2348 2747 2625 2803 dicens’:
2665 2746 2816 2803 Sicut
2858 2745 3182 2816 portavimus
3224 2745 3509 2814 imaginem
3555 2744 3766 2810 choici,

2182 2849 2450 2909 portemus
2480 2848 2528 2894 et
2554 2839 2840 2906 imaginem
2869 2836 3115 2891 ctelcstis.
3147 2834 3305 2902 Quod
3327 2849 3460 2906 ergo
3490 2836 3566 2908 ait
3589 2833 3769 2891 :Red-

2184 2931 2293 2986 dite
2321 2948 2440 2993 aute
2477 2939 2597 2984 sunt
2634 2930 2864 2986 Ca’saris
2897 2927 3123 2994 Caesari,
3159 2928 3263 2982 hoc
3294 2925 3427 2981 dicit
3455 2944 3469 2981 :
3506 2913 3771 2997 Deponite

2148 3029 2476 3093 ‘pcrsonam
2517 3022 2732 3088 choici,
2781 3020 3001 3091 abjicite
3050 3018 3340 3090 imaginem
3385 3027 3658 3073 terrenam
3706 3028 3769 3073 ut

2186 3114 2410 3184 possitis
2442 3114 2597 3169 vobis
2642 3128 2930 3185 personam
2963 3113 3203 3167 caelestis
3230 3110 3574 3180 imponentes
3595 3153 3609 3177 ,
3641 3111 3767 3166 red-

2183 3206 2311 3261 dere
2339 3222 2462 3276 qum
2492 3214 2620 3262 sunt
2645 3205 2737 3260 Dei
2757 3204 2887 3259 Deo.
2922 3202 3135 3274 Repetit
3166 3218 3266 3258 nos
3297 3201 3460 3257 Deus.
3492 3202 3767 3269 Quidnam

2187 3297 2426 3365 repetit?
2456 3296 2598 3366 Lege
2627 3294 2847 3368 Moysen
2879 3312 2894 3350 :
2932 3294 3000 3348 Et
3039 3310 3175 3347 nunc
3205 3293 3331 3363 quid
3384 3292 3636 3349 Dominus
3683 3309 3768 3347 re-

2183 3389 2308 3456 petit
2355 3407 2387 3442 a
2437 3387 2576 3443 tc'?
2611 3398 2666 3442 et
2704 3387 2910 3458 reliqua
2960 3402 3083 3457 quae
3137 3396 3463 3458 sequuntur.
3520 3384 3768 3441 Postulat

2184 3481 2351 3552 igitur
2375 3496 2406 3536 a
2439 3480 2598 3538 nobis
2628 3479 2792 3546 Deus,
2824 3490 2879 3536 et
2902 3481 3250 3551 deprecatur.
3281 3498 3391 3538 non
3419 3483 3548 3554 quia
3579 3497 3769 3539 neces-r

2184 3573 2391 3630 sarium
2423 3575 2586 3630 habet
2618 3574 2861 3644 aliquid,
2893 3584 2952 3630 ut
2978 3574 3027 3629 ei
3066 3576 3408 3630 tribuamus:
3444 3576 3684 3646 postulat
3713 3588 3769 3630 ct

2182 3676 2471 3736 postquam
2503 3666 2552 3720 ci
2575 3666 2909 3737 dederimus,
2934 3665 3170 3737 idipsum
3196 3667 3400 3723 tribuat
3425 3668 3477 3721 in
3508 3667 3764 3722 salutem;

2183 3755 2339 3824 Quod
2380 3757 2548 3828 979
2595 3768 2654 3813 ut
2683 3758 3028 3814 manifestius
3061 3759 3186 3825 liat,
3220 3775 3416 3829 ponam
3451 3759 3767 3829 parabolam

2184 3862 2458 3902 tunartun.
2500 3846 2603 3912 Qui
2656 3862 2819 3901 unam
2869 3857 3156 3916 acceperat
3203 3864 3385 3902 mnam
3414 3890 3428 3915 ,
3467 3858 3519 3903 ct
3568 3848 3769 3904 fecerat

2183 3936 2412 4005 decem;
2446 3946 2495 3992 et
2533 3937 2730 3993 obtulit
2782 3937 3025 4003 domino,
3049 3954 3087 3992 -a
3120 3954 3228 4008 quo
3261 3939 3363 3995 sibi
3402 3939 3605 3994 credita
3639 3955 3765 3995 mna

2183 4028 2399 4096 fuerat,
2442 4032 2651 4100 accepit
2684 4036 2739 4084 et
2785 4029 2944 4089 aliam
2975 4047 3137 4099 quam
3170 4040 3326 4084 antea
3366 4047 3473 4085 non
3515 4031 3766 4089 habebat.

2166 4120 2334 4177 illius
2366 4122 2512 4176 enim
2564 4139 2782 4189 ninam,
2824 4121 2917 4193 qui
2978 4138 3084 4177 run
3129 4123 3587 4193 multiplicaterat
3620 4126 3765 4194 quot

2184 4212 2415 4284 accepit,
2455 4212 2610 4283 jubet
2635 4213 2889 4267 dominus
2910 4211 3136 4280 auferri,
3181 4224 3235 4267 et
3268 4214 3382 4267 (ται-ἰ
3420 4214 3466 4266 ci
3504 4213 3596 4282 qui
3635 4214 3770 4267 alias

2166 4304 2366 4358 habet.
2401 4303 2622 4368 Tollite,
2655 4303 2864 4373 inquit,
2894 4320 3105 4371 omam,
3137 4316 3185 4357 et
3229 4311 3350 4358 date
3393 4306 3443 4373 ei
3481 4306 3572 4375 qui
3612 4305 3766 4358 habet

2182 4396 2218 4449 d
2249 4411 2356 4449 cent
2398 4411 2547 4449 muas
2573 4398 2612 4448 ⁸.
2647 4395 2824 4464 Atque
2872 4396 2927 4449 in
2965 4398 3108 4451 hunc
3152 4397 3371 4451 modum
3405 4412 3526 4465 qua:
3557 4396 3771 4450 dederi-

2184 4503 2309 4542 mus
2345 4486 2478 4554 Deo,
2508 4486 2666 4541 nobis
2692 4502 2753 4541 ea
2788 4487 2903 4558 ipsa
2940 4489 3192 4543 restituet
3218 4503 3342 4542 cum
3382 4487 3468 4541 his
3498 4503 3620 4555 qua:
3642 4498 3774 4541 anie

504 4570 766 4622 suerunt,
804 4559 1042 4614 breviter
1070 4558 1216 4614 dicta
1250 4559 1381 4614 sint.
1425 4559 1599 4616 Porro
1640 4563 1786 4632 quod
1822 4562 1955 4635 (11)
1987 4564 2081 4620 ad-

2188 4595 2294 4634 non
2324 4579 2714 4633 imbuet-anius.
2750 4577 2929 4649 Exigit
2959 4589 3013 4632 ct
3048 4579 3284 4647 postulat
3325 4593 3355 4632 a
3390 4579 3547 4633 nobis
3587 4577 3771 4645 Deus,

501 4654 705 4721 jectum
742 4659 827 4705 est
880 4650 949 4705 de
992 4649 1230 4719 imagine
1275 4651 1536 4719 Caesaris,
1577 4652 1740 4706 etiam
1781 4668 1946 4725 super
1978 4654 2083 4710 hoc

503 4742 765 4798 debemus
797 4757 969 4813 pauca
999 4743 1391 4814 perstringere.
1427 4742 1629 4798 Putant
1657 4744 1877 4814 quidam
1903 4762 1931 4801 a
1965 4746 2084 4802 Sal-

575 4860 620 4892 "
646 4857 795 4916 Psal.
827 4878 879 4926 ι,
908 4860 944 4914 2

1053 4860 1248 4940 f'ﬁcap.
1282 4877 1408 4928 ur,
1440 4878 1584 4940 vers.
1819 4867 1870 4940 “7
1899 4866 2053 4925 Deut.
2103 4891 2199 4940 rn,
2250 4878 2336 4930 15.

2169 4678 2245 4723 'ut
2280 4669 2479 4723 habeat
2513 4670 2863 4724 occasionem
2906 4668 3143 4739 donandi
3167 4710 3181 4734 ,
3213 4679 3272 4723 ut
3303 4668 3407 4738 ipsi
3444 4668 3646 4723 tribuat
3676 4669 3772 4738 qui

2190 4761 2455 4831 erogavit.
2491 4760 2668 4831 ipsius
2702 4761 2848 4816 enim
2883 4762 3056 4833 gratia
3093 4760 3369 4833 duplicata
3401 4768 3486 4817 est
3523 4776 3681 4828 mna,
3718 4771 3773 4816 et

2435 4877 2631 4946 “cap.
2661 4893 2698 4944 ι,
2719 4893 2862 4934 νει-ε.
2895 4879 2950 4933 3.
3046 4878 3092 4910 ”
3144 4877 3290 4935 Psal.
3345 4895 3547 4945 cxxvn,
3600 4879 3662 4939 5,
3714 4879 3746 4931 ii

504 4930 552 4962 "
577 4928 696 5017 Gai;
726 4945 819 5017 tv:
1027 4931 1071 4963 ’⁷
1093 4919 1238 5017 lissi.
1262 4919 1453 5017 cit-xiii
1483 4974 1497 4997 ,
1527 4934 1577 4987 5.
1650 4934 1706 5017 ξθι
1726 4934 1913 4990 Matth.

2181 4919 2230 5001 il.
2304 4948 2349 4979 "
2373 4963 2491 5017 cap.
2519 4919 2729 5011 ι,
2765 4919 2862 5004 εἰ.
2931 4950 2948 4980 ³
2974 4947 3165 5003 Matth.
3190 4919 3458 5017 :xitflo.
3532 4920 3557 4981 δ
3589 4949 3608 5002 l
3638 4919 3767 5004 ἀοι.

505 5016 596 5066 xv,
623 5000 712 5059 i9.
788 5001 810 5033 ³
834 5000 990 5056 Deut.
1028 5017 1083 5068 ι,
1115 5002 1201 5057 l2.
1277 5002 1300 5035 ⁸
1322 5002 1456 5083 Luc.
1500 5020 1613 5068 xix,
1647 5005 1738 5060 il.

504 5109 784 5168 corporum
819 5093 892 5147 tol
917 5095 1044 5168 itur,
1091 5095 1181 5168 sed
1227 5096 1411 5168 gloria:
1459 5098 1766 5166 magnitudo
1813 5113 2080 5157 monstra-

507 5162 615 5238 tur,
657 5162 839 5233 Neque
876 5165 1021 5238 enim
1059 5162 1312 5238 scriptum
1353 5175 1459 5238 est,
1520 5162 1670 5220 erunt
1713 5169 1921 5237 angeli,
1967 5174 2079 5238 sed,

513 5255 531 5286 ι
565 5235 700 5289 sicut
733 5232 907 5304 angeli
946 5245 963 5284 :
996 5253 1015 5285 s
1053 5234 1142 5289 ubi
1167 5232 1464 5291 similitudo
1490 5232 1847 5305 promittitur,
1892 5232 2080 5295 ueritas

505 5307 813 5426 tlenelqatur.
871 5322 889 5354 ι
925 5305 1133 5370 Erunt,
1187 5306 1387 5377 inquit,
1438 5307 1573 5361 sicut
1621 5308 1828 5376 angeli,
1872 5329 1890 5360 ι
1925 5313 2083 5365 idest

506 5375 627 5426 simi
654 5389 706 5426 es
734 5374 1039 5426 anaelorum
1064 5390 1083 5426 :
1111 5392 1233 5426 erao
1266 5376 1499 5426 homines
1547 5393 1658 5426 csse
1689 5393 1791 5426 non
1818 5380 2079 5426 desim-nt-

506 5374 706 5428 similes
734 5374 1039 5446 angelorum
1064 5390 1083 5428 :
1111 5392 1233 5446 ergo
1256 5374 1499 5429 homines
1539 5393 1658 5446 desse
1689 5374 1791 5431 non
1818 5380 2079 5435 desinrnt.

505 5448 773 5517 Caeterum
805 5445 992 5500 multis
1019 5444 1315 5509 stupe‘lucis
1339 5447 1504 5501 hocce
1525 5444 1777 5517 Origeois
1802 5464 2085 5506 commcn-

507 5525 620 5571 tum
655 5512 711 5568 S.
744 5514 933 5567 doctor
959 5516 1171 5569 refellit.
1354 5522 1357 5525 ’

576 5584 690 5656 (id)
727 5584 1028 5656 Nonnullis.
1060 5594 1186 5656 post
1219 5583 1476 5656 Italiamin
1523 5586 1673 5641 risus
1699 5596 1780 5641 est
1820 5584 2084 5656 Origenes

508 5652 826 5728 existimare
861 5654 962 5728 hoc
991 5652 1131 5720 loco,
1161 5652 1490 5728 sadducaeos
1516 5663 1678 5724 (quos
1706 5652 1946 5720 constat,
1966 5660 2085 5728 ipso

509 5722 828 5794 neutiquam
850 5723 1126 5787 diliitente,
1146 5726 1293 5778 solos
1315 5723 1513 5794 Moysis
1534 5722 1700 5780 libros
1720 5728 1771 5779 in
1797 5722 2081 5782 sacrarum

513 5789 923 5866 Scripturarnm
953 5789 1517 5866 cenStun:tdtnisiisst-)
1545 5798 1822 5866 pl'opilclis
1846 5812 2085 5866 quoque,

511 5866 567 5912 et
590 5856 817 5912 Psalmis
838 5861 1080 5914 caonlent
1106 5863 1362 5916 tribuisse
1385 5856 1756 5918 aut-[oriza'tem
1779 5884 1794 5932 ;
1816 5856 2084 5932 siquidem

2184 5103 2339 5158 isaiae
2367 5117 2473 5157 uv
2500 5112 2552 5155 et
2584 5104 2779 5173 psalmi
2815 5120 2999 5159 cxxvn
3038 5105 3370 5169 testimonia,
3404 5121 3529 5173 qua:
3563 5104 3771 5171 laudat,

2190 5175 2260 5230 ab
2289 5174 2355 5228 iis
2385 5183 2420 5226 ll
2436 5173 2547 5227 adit
2570 5176 2927 5243 corporaliter
2951 5177 3248 5239 intellecta,
3271 5174 3429 5242 cujus
3455 5176 3772 5243 ignorantia:

2189 5261 2219 5298 a
2268 5243 2552 5298 Salvatore
2595 5257 2946 5299 accusantur.
2993 5244 3190 5298 Verum
3231 5244 3331 5297 etsi
3357 5243 3667 5299 dederimus
3702 5248 3774 5300 ita

2190 5314 2335 5367 hunc
2370 5313 2640 5383 superiori
2677 5325 2991 5369 contextum
3033 5317 3273 5374 hterere,
3309 5324 3385 5375 ut,
3428 5329 3551 5383 qua:
3585 5315 3774 5369 laudat

2186 5383 2484 5453 Origenes,
2516 5385 2794 5453 prophetae
2837 5401 2901 5439 ac
2948 5384 3181 5453 Davidis
3205 5383 3369 5436 verba
3415 5399 3697 5453 perperam
3740 5402 3772 5440 ιι

2191 5452 2507 5524 Szniducwis
2530 5452 2735 5507 diceret
2758 5467 3002 5523 accepta,
3038 5469 3142 5524 non
3174 5452 3303 5507 hinc
3325 5462 3525 5524 tamen
3544 5456 3772 5524 colligas

2186 5523 2427 5576 sensisse
2465 5524 2617 5577 illum
2651 5539 2747 5577 eos
2782 5521 2949 5579 libros
2992 5540 3019 5577 a
3055 5522 3369 5577 Sadduczeis
3402 5526 3455 5576 in
3488 5521 3769 5579 Canon'ent

2172 5592 2595 5661 ~Seripturarutn
2652 5594 2869 5648 relatos.
2922 5593 3103 5648 Potuit
3151 5607 3278 5647 vero
3313 5592 3443 5646 illud
3502 5594 3772 5647 duntaxat

2189 5662 2592 5733 [tentet-enormi
2642 5680 2810 5717 mm
2853 5664 3262 5727 testimonium,
3310 5664 3453 5732 quod
3492 5664 3681 5733 utique
3721 5676 3774 5719 et

2188 5732 2469 5786 Sadducaei
2506 5733 2833 5802 reciperent,
2866 5735 3198 5802 respexisse.

2260 5803 2372 5873 (ll)
2417 5801 2641 5856 Lectum
2690 5814 2847 5858 antea
2892 5801 3028 5873 quia,
3077 5801 3372 5858 ntanilesto
3412 5815 3621 5870 errore,
3674 5818 3772 5873 pro

2183 5873 2345 5941 quod,
2381 5882 2471 5925 aut
2505 5874 2652 5942 quia.
