4132 6422
341 361 490 420 Ιθθδ·

1578 347 2001 408 FRAGMENTA
2041 349 2106 404 ΙΝ
2145 349 2425 407 μυρίων.

3483 348 3620 403 Νἷθϐ

336 473 742 546 παραλαϐόντες
771 471 1017 543 δόγματα
1043 470 1220 541 -ἓτερα
1270 467 1370 538 τῆς
1401 467 1675 540 θεότητος,
1721 465 1920 536 πολλὴν

2030 475 2221 520 cusant
2253 465 2488 535 receptis
2512 463 2862 535 dogmatibus
2884 461 3244 518 a-divinitate
3278 462 3492 525 alienis,
3524 479 3623 517 nec

336 570 529 638 ἔχοντα
559 565 893 635 πιθανότητα
923 564 1017 617 καὶ
1075 561 1350 615 ποικιλίαν
1383 559 1476 613 τοῦ
1518 560 1695 628 λόγου·
1733 558 1782 611 οἳ
1832 558 1926 612 καὶ

337 655 740 728 καταφρονοῦσι
775 654 869 708 τοῦ
898 651 1096 724 ἀγροῦ,
1145 651 1240 705 τοῦ
1283 651 1495 721 ἔχοντος
1545 651 1603 701 ὲν
1629 647 1807 717 ἑαυτῷ
1832 645 1927 716 θη-

339 748 541 820 σαυρὸν
587 747 682 801 καὶ
711 746 988 816 δυνάμεις.
1038 745 1098 796 Ὀ
1127 740 1219 798 οὖν
1246 742 1320 814 μὴ
1368 741 1512 806 ἰδὼν,
1543 740 1679 812 μηδὲ
1699 738 1928 809 δοκιμά-

339 855 439 903 σας
463 839 522 892 δν
546 839 747 890 ἐκτᾶτο
774 837 952 905 λόγον,
984 835 1072 889 διὰ
1093 835 1154 889 τὸ
1176 831 1539 904 προειλῆφθαι
1565 829 1624 895 ἐξ
1657 829 1927 897 ἀνάγκης,

337 933 433 985 καὶ
460 932 560 1001 οὐχ
587 928 872 992 ἑκουσίως,
904 927 1188 999 ἐξέρχεται
1223 928 1289 978 ὲκ
1333 924 1427 977 τοῦ
1476 923 1720 985 δείπνου,
1739 921 1834 973 καὶ
1863 921 1928 972 ὲκ

334 1023 431 1077 τοῦ
461 1021 810 1092 κεκληκότος,
845 1020 987 1091 τάχα
1021 1021 1077 1073 δὲ
1107 1019 1203 1072 καὶ
1235 1016 1452 1071 ἑαυτοῦ·
1504 1017 1532 1068 ό
1581 1015 1662 1079 δὲ,
1709 1009 1942 1080 Ἐρωτῶ.

337 1132 433 1181 (τε,
466 1114 653 1184 φησιν,
675 1113 751 1177 ὡς
771 1112 917 1182 λόγῳ
949 1111 1100 1183 μόνῳ
1127 1108 1452 1179 αίδούμενος
1475 1107 1566 1159 τὸν
1600 1102 1925 1174 κεκληκότα.

348 1206 408 1261 '0
438 1206 494 1260 δὲ
525 1204 695 1276 ζεύγη
736 1205 878 1276 βοῶν
902 1202 1182 1275 ἀγοράσας
1209 1200 1393 1263 πέντε,
1420 1192 1573 1260 οὗτός
1603 1199 1750 1249 ἐστιν
1771 1197 1798 1248 ὁ
1829 1193 1929 1262 τῆς

335 1301 534 1371 νοητῆς
563 1297 920 1371 καταφρονῶν
945 1297 1164 1367 φύσεως
1183 1313 1198 1326 ·
1245 1295 1375 1364 περὶ
1404 1293 1462 1346 δὲ
1515 1288 1752 1360 αίσθητά
1781 1287 1930 1356 φιλο-

336 1391 531 1462 χωρῶν
561 1389 667 1442 οὐδ’
700 1382 856 1452 οὗτος
889 1387 1216 1458 ἐδοκίμασεν
1270 1383 1330 1448 ἐξ
1360 1382 1536 1454 ἀρχῆς
1584 1379 1621 1434 ἃ
1672 1379 1926 1449 ἐώνηται.

339 1483 402 1534 Et
435 1477 527 1536 οῦν
561 1483 588 1535 ό
612 1481 705 1534 δύο
740 1478 976 1550 ἀριθμὸς
1005 1478 1097 1531 ἐπὶ
1150 1476 1283 1547 ὕλης
1313 1475 1574 1528 τάσσεται
1611 1471 1705 1525 καὶ
1730 1470 1927 1532 εἴδους,

337 1561 493 1633 οὗτος
518 1569 586 1623 τά
603 1569 763 1623 ὑλικά
791 1568 970 1638 ἐτίμα·
995 1567 1076 1620 διὸ
1101 1566 1196 1620 καὶ
1225 1560 1381 1628 οὗτος
1403 1563 1464 1617 τὸ
1496 1562 1686 1634 νοητὸν
1713 1561 1928 1614 δεῖπνον

339 1661 673 1733 παρῄτηται·
707 1661 830 1713 ὅθεν
852 1661 946 1712 καὶ
977 1658 1032 1712 έν
1059 1674 1223 1721 τισιν,
1261 1657 1382 1710 ἀντὶ
1424 1655 1541 1720 τοῦ,
1579 1652 1806 1723 Ἐρωτῶ
1831 1669 1926 1714 σε.

2029 573 2136 610 non
2170 557 2552 626 probabilitate
2580 566 2635 611 et
2663 556 2939 612 sermonis
2964 556 3228 611 varietate
3256 556 3467 610 ornatis
3489 575 3503 622 ;
3527 558 3620 625 qui

2028 653 2191 707 etiam
2222 660 2584 706 eorutemnunt
2619 666 2811 721 agrum
2870 651 2964 719 qui
2993 650 3164 704 habet
3208 649 3262 703 in
3313 665 3372 704 se
3401 649 3621 704 thesau-

2030 761 2151 799 rum
2181 754 2236 799 et
2268 745 2516 800 virtutes.
2542 744 2647 810 Qui
2705 744 2872 814 igitur
2924 757 3052 798 non~
3083 742 3217 797 vidit
3248 758 3347 797 nec
3372 742 3625 812 probavit

2031 853 2193 906 quem
2227 836 2890 906 acquisivitsermonem,
2916 850 2994 892 leo
3022 835 3168 905 quod
3206 841 3623 903 praeoccupatus

2030 931 2102 985 sit
2133 929 2480 992 necessitate,
2511 936 2576 983 et.
2617 944 2724 982 non
2777 929 2966 994 libere,
3015 927 3130 981 exit
3157 943 3187 981 a
3221 926 3475 996 prandio,
3503 936 3553 978 et
3589 943 3620 980 a

2029 1031 2260 1075 vocante
2283 1019 2556 1085 fortassis,
2588 1030 2643 1074 et
2673 1035 2704 1074 a
2757 1020 2958 1090 seipso.
2999 1019 3178 1083 Alius,
3208 1019 3432 1075 Obsecro
3466 1033 3514 1072 ιε
3550 1018 3617 1078 ’³.

2032 1111 2227 1181 inquit,
2265 1120 2525 1183 tanquam
2557 1111 2724 1166 verbo
2759 1111 2878 1166 solo
2933 1111 3201 1165 reveritus
3245 1128 3370 1165 eum
3398 1112 3493 1182 qui
3523 1127 3617 1164 vo.

2029 1213 2267 1258 caverat.
2296 1203 2400 1270 Qui
2432 1211 2612 1258 autem
2665 1202 2796 1273 juga
2851 1203 3015 1256 boum
3046 1203 3289 1273 quinque
3342 1202 3497 1266 emit,
3528 1201 3620 1257 hic

2029 1303 2112 1347 est
2134 1293 2226 1362 qui
2249 1293 2548 1362 spiritalem
2579 1293 2980 1364 intelligibilem
3007 1294 3310 1348 contemnit
3337 1305 3614 1348 naturam:

2030 1386 2122 1455 qui
2155 1401 2284 1439 vero
2341 1385 2396 1440 in
2454 1386 2622 1442 rebus
2672 1385 3030 1441 sensibilibus
3078 1385 3166 1440 libc
3187 1395 3308 1440 nter
3339 1395 3614 1449 versatus,

2031 1492 2209 1547 neque
2238 1476 2325 1532 hic
2359 1478 2428 1532 ab
2478 1478 2638 1532 initio
2689 1479 2942 1548 probavit
2989 1494 3112 1548 quae
3160 1479 3311 1533 emit.
3364 1477 3421 1533 Si
3453 1478 3618 1549 igitur

2031 1584 2294 1625 numerus
2321 1569 2430 1624 duo
2460 1569 2526 1624 de
2559 1570 2785 1624 materia
2833 1579 2888 1624 et
2942 1571 3009 1625 de
3057 1571 3236 1639 specie
3271 1570 3615 1640 praedicatur,

2033 1661 2123 1715 hic
2156 1661 2460 1716 materialia
2511 1661 2666 1715 multi
2721 1662 2992 1716 faciebat:
3051 1660 3409 1731 quamobrem
3444 1671 3496 1716 et
3530 1661 3620 1716 hic

339 1755 450 1810 Καὶ
475 1755 572 1808 διὰ
609 1754 786 1809 τοῦτο
815 1757 887 1809 οὐ
931 1754 1187 1824 δύναμαι
1214 1752 1434 1815 ἐλθεῖν,
1475 1754 1672 1804 κεῖται·
1723 1751 1772 1803 οί
1818 1749 1927 1822 γὰρ

2037 1753 2402 1808 intellectuale
2435 1754 2725 1823 prandium
2763 1753 3039 1807 recusavit
3075 1770 3088 1805 :
3124 1753 3267 1807 umle
3299 1761 3354 1807 et
3393 1754 3446 1807 in
3494 1753 3620 1822 qui-

336 1846 574 1917 όρῶντες
603 1850 669 1901 τά
708 1845 941 1916 αἰσθητά
972 1818 1103 1916 φασι
1129 1845 1204 1917 μὴ
1234 1843 1493 1898 δύνασθαι
1518 1841 1808 1914 ἀσώματον
1829 1818 1927 1896 κα.-

2033 1844 2261 1899 busdam
2297 1818 2702 1914 exemplaribus
2734 1861 2832 1914 pro
2882 1846 2967 1899 his
2996 1844 3178 1899 verbis
3215 1863 3228 1898 :
3284 1843 3430 1914 Rogo
3461 1818 3608 1906 te”,

337 1939 608 1992 ταλαδεϊνο
638 1942 666 1993 ὁ
685 1940 742 1994 δὲ
768 1939 954 2010 ἕτερός
971 1941 1118 1993 ἐστιν
1139 1939 1168 1992 ὁ
1190 1937 1378 1992 εἰπών·
1406 1936 1678 1992 Γυναῖκα
1713 1935 1922 2004 ἔγημα.

349 2031 408 2082 Ὀ
440 2031 613 2086 δοκῶν
643 2031 940 2102 εὑρηκέναι
974 2032 1191 2102 σοφίαν,
1231 2031 1325 2084 καὶ
1358 2029 1532 2102 ταύτῃ
1567 2029 1923 2098 κοινωνήσας,

338 2124 431 2177 καὶ
456 2124 894 2197 παραιτούμενος
923 2125 1021 2195 τὴν
1051 2122 1247 2195 ἀληθῆ·
1277 2123 1310 2195 ἢ
1337 2123 1366 2174 ὁ
1396 2125 1465 2194 τῇ
1503 2122 1667 2192 σαρκὶ
1697 2119 1817 2173 ἑνού
1828 2137 1926 2190 με-

337 2231 462 2279 voc,
520 2216 803 2288 φιλήδονος
841 2216 1041 2287 μᾶλλον
1079 2216 1114 2287 ἢ
1144 2214 1411 2284 φιλόθεος.
1449 2214 1522 2268 Τὸ
1559 2213 1657 2284 μὲν
1690 2208 1782 2269 οὖν
1811 2212 1927 2265 όλο-

337 2307 530 2381 σχερὲς
553 2308 651 2380 τῆς
678 2307 997 2382 παραδολῆς
1026 2307 1220 2371 οὕτως.
1274 2305 1560 2370 Ἐκλάϐοις
1592 2306 1649 2360 δὲ
1706 2305 1802 2358 καὶ
1829 2304 1925 2358 άλ-

336 2397 443 2462 λως
476 2399 618 2458 κατά
649 2399 741 2452 τὸν
765 2399 1113 2454 τόπον.”οσον
1163 2396 1440 2469 ἄνθρωποί
1481 2398 1672 2468 ἐσμεν,
1705 2394 1799 2449 καὶ
1836 2393 1926 2448 τὸν

338 2488 571 2546 πλοῦτον
594 2489 694 2560 τῆς
727 2489 824 2543 τοῦ
856 2489 991 2543 Θεοῦ
1027 2487 1395 2559 χρηστότητος
1427 2488 1490 2540 ού
1540 2485 1810 2557 συμφέρει
1843 2501 1927 2553 γι-

335 2579 565 2634 νώσκειν
597 2583 748 2652 ἡμῖν,
789 2579 1006 2652 άληθῶς
1036 2583 1064 2634 ὁ
1106 2581 1238 2646 Θεὸς
1295 2578 1568 2651 ἀνθρώπῳ
1615 2577 1920 2648 ὁμοιοῦται,

337 2674 404 2728 ἵν’
431 2673 506 2738 ώς
545 2674 829 2747 ἄνθρωπος
853 2672 1170 2744 ἀνθρώποις
1227 2672 1458 2747 λαλήσῃ,
1489 2674 1604 2734 τοῖς
1656 2668 1925 2742 χωροῦσιν

334 2765 754 2839 οῐκονομηθῆναι
795 2766 901 2820 ὑπὸ
933 2765 1027 2820 τοῦ
1061 2763 1220 2830 Θεοῦ,
1275 2765 1453 2835 πάντη
1490 2763 1740 2835 μένοντος
1763 2760 1920 2814 Θεοῦ.

339 2858 448 2913 Καὶ
479 2857 599 2912 τότε
627 2858 898 2912 παύσεται
923 2861 1279 2932 ὁμοιούμενος
1306 2855 1599 2928 ἀνθρώπῳ,
1633 2855 1760 2907 ὅταν
1787 2852 1925 2907 παύ-

337 2950 563 3020 σάμενοι
592 2950 786 3022 ἔριδος,
829 2951 1014 3022 ζήλου,
1047 2953 1140 3005 καὶ
1169 2950 1279 3005 τῶν
1327 2948 1529 3003 λοιπῶν
1563 2945 1770 3010 κακῶν,
1831 2945 1926 2999 καὶ

334 3040 429 3094 τοῦ
466 3041 606 3094 κατὰ.
647 3041 935 3113 ἄνθρωπον
966 3045 1308 3114 περιπατεῖν,
1345 3039 1665 3111 ἀξιωθῶμεν
1692 3037 1925 3092 ἀκοῦσαι

335 3130 444 3185 άπὸ
465 3132 560 3186 τοῦ
589 3132 746 3186 Θεοῦ·
795 3133 936 3204 Ἐγὼ
964 3131 1121 3188 εἶπα·
1155 3135 1290 3188 Θεοί
1311 3133 1471 3197 ἐστε,
1497 3132 1594 3186 καί
1621 3132 1735 3186 υἱοὶ
1765 3131 1928 3221 Ὑψλί-
1952 3163 1995 3221 C

333 3239 488 3279 στου
517 3223 758 3290 πάντες.
783 3225 1132 3278 Πεπαύσεται
1159 3225 1216 3279 δὲ
1242 3225 1337 3278 καὶ
1367 3223 1503 3278 ἄλλα
1535 3222 1704 3276 πολλὰ
1729 3219 1923 3275 καλού-

340 3334 519 3386 μενος,
551 3309 626 3370 ὧν
685 3317 1017 3389 ἁμαρτωλὸς
1068 3318 1262 3390 χρῄζει
1315 3315 1630 3389 ἄνθρωπος,
1681 3314 1920 3387 πάνθηρ,

336 3407 432 3472 καὶ
457 3407 616 3471 λέων,
645 3409 736 3462 καὶ
757 3409 980 3481 ἄρκτος,
1012 3409 1088 3472 ὼς
1120 3411 1178 3463 ὲν
1207 3411 1321 3472 τοῖς
1355 3403 1666 3480 προφήταις
1717 3406 1923 3478 γέγρα-

339 3517 488 3559 πται.
547 3499 820 3554 Παύσεται
847 3501 957 3573 γὰρ
984 3499 1158 3554 ταῦτα
1210 3500 1456 3569 γίνεσθαι
1506 3499 1660 3563 Θεὸς,
1717 3499 1804 3552 ὅτε
1837 3498 1923 3552 διὰ

334 3592 460 3656 τοὺς
487 3591 612 3646 τάδε
649 3592 1015 3664 πεποιηκότας
1042 3591 1238 3668 μηκέτι
1262 3591 1451 3664 χρῄζει
1485 3589 1577 3644 τοῦ
1611 3590 1686 3652 ὡς
1714 3589 1922 3660 πάνθη-

338 3699 453 3752 ρος,
476 3683 570 3736 καὶ
593 3683 686 3736 τοῦ
721 3683 796 3748 ὼς
829 3684 1062 3749 λέοντος,
1098 3686 1190 3738 καὶ
1230 3683 1322 3736 τοῦ
1354 3684 1429 3746 ὼς
1458 3682 1658 3754 ἄρκτου
1691 3684 1925 3751 ἀπορου-

341 3775 525 3844 μένου.
560 3776 732 3839 Αὐτὸς
781 3776 883 3829 οὐκ
936 3775 1019 3832 ἔτι
1073 3775 1211 3847 ἔχων
1255 3778 1383 3838 τοὺς
1439 3775 1715 3839 τοιούτους
1757 3773 1922 3827 αὑτοῦ

339 3869 660 3940 χρῄζοντας,
681 3870 971 3941 ὲμφανίσει
1001 3869 1194 3926 ἑαυτὸν
1215 3868 1396 3932 καθώς
1428 3870 1564 3933 ἐστι,
1589 3870 1720 3931 Θεὸς
1754 3866 1924 3930 ἑστὼς

338 3961 396 4011 ὲν
435 3959 588 4031 μέσῳ
619 3959 778 4015 θεῶν.
811 3958 998 4023 Οῦτως
1021 3959 1204 4016 ἀκούω
1234 3961 1327 4016 καὶ
1355 3959 1469 4019 τοῦ·
1507 3961 1559 4011 '0
1593 3959 1736 4026 Θεὸς
1758 3957 1926 4028 ἡμῶν

339 4051 460 4119 πῦρ
483 4054 966 4112 καταναλίσκονο
994 4052 1070 4124 τῷ
1095 4051 1206 4124 γὰρ
1232 4053 1332 4106 οὐκ
1363 4052 1476 4114 ὸντι
1511 4052 1646 4124 ἀξίῳ
1697 4069 1926 4106 κατανα-

339 4145 620 4198 λίσκεσθαι
647 4144 760 4215 φῶς
781 4145 894 4198 ἐστι
923 4143 1062 4196 κατά
1116 4145 1208 4198 τὸν
1257 4143 1510 4214 Ἰωάννην
1561 4145 1805 4214 λέγοντα·
1864 4145 1926 4197 'O

345 4239 488 4305 Θεὸς
521 4238 687 4308 ἡμῶν
711 4237 837 4308 φῶς
871 4240 1034 4302 ἐστι,
1081 4237 1176 4291 καὶ
1219 4240 1431 4292 σκοτία
1505 4237 1576 4290 ἐν
1619 4236 1779 4302 αὐτῷ
1811 4239 1925 4292 οὐκ

342 4332 492 4386 ἐστι’
530 4333 620 4386 καὶ
648 4329 826 4397 αὖθις·
863 4334 1059 4396 Οὔπω,
1116 4319 1299 4401 φησιν,
1330 4329 1668 4400 ἐφανερώθη
1698 4331 1755 4383 τί
1792 4331 1927 4384 ἐσό-

345 4427 507 4487 μεθα.
543 4426 799 4494 Οἴδαμεν
831 4425 918 4492 δὲ,
945 4426 1056 4491 ὅτι,
1088 4427 1195 4479 ἐὰν
1243 4421 1575 4493 φανερωθῇ,
1613 4423 1797 4496 ὅμοιοι
1822 4425 1927 4478 αὺ-

2029 1940 2249 2006 ponitur
2277 1956 2287 1992 :
2322 1936 2391 1992 Et
2421 1951 2699 2010 propterea
2740 1956 2846 1994 non
2882 1956 3094 2009 possum
3119 1939 3309 1992 venire.
3340 1937 3442 2006 Qui
3469 1940 3614 1994 enim

2029 2030 2308 2085 sensibilia
2343 2031 2550 2094 vident,
2580 2031 2736 2087 aiunt
2761 2047 2819 2087 se
2850 2046 3148 2106 non‘posse
3180 2031 3329 2102 quod
3365 2033 3616 2103 incorpo-

2029 2136 2182 2175 reum
2240 2130 2326 2177 est
2373 2122 2860 2192 comprehendere.
2913 2122 3065 2178 Alter
3096 2135 3279 2178 autem
3309 2125 3400 2193 qui
3431 2124 3567 2178 dixit
3600 2145 3612 2178 τ

2033 2211 2260 2269 Uxorem
2288 2214 2422 2269 duxi
2463 2215 2528 2279 ",
2564 2215 2610 2271 is
2664 2224 2750 2270 est
2803 2217 2898 2287 qui
2949 2217 3164 2272 videtur
3224 2219 3500 2275 invenisse
3527 2237 3616 2276 sa-

2029 2304 2312 2374 pientiam,
2339 2313 2394 2359 et
2423 2305 2570 2362 illius
2608 2306 2880 2377 particeps
2938 2323 3061 2362 esse
3113 2306 3310 2377 factus,
3343 2321 3398 2366 at
3431 2328 3612 2366 veram

2027 2396 2354 2466 sapientiam
2384 2406 2602 2452 recusat
2633 2417 2645 2452 :
2690 2400 2772 2454 vel
2806 2400 2900 2471 qui
2928 2403 3080 2457 carni
3133 2403 3337 2469 unitur,
3375 2412 3430 2458 et
3459 2405 3616 2458 volu-

2028 2489 2194 2558 ptatis
2219 2491 2393 2560 magis
2421 2507 2585 2562 quam
2624 2491 2718 2548 Dei
2751 2501 2965 2549 amator
3023 2503 3128 2549 est.
3175 2493 3457 2550 Parabola:
3486 2512 3616 2565 ergo

2027 2597 2246 2636 summa
2308 2583 2423 2638 haec
2477 2590 2580 2640 est.
2637 2583 2924 2655 Explicare
2970 2587 3175 2657 poteris
3220 2588 3383 2643 etiam
3436 2589 3612 2644 aliter.

2027 2672 2311 2740 Quatenus
2373 2675 2627 2733 homines
2675 2693 2888 2742 sumus,
2936 2693 3038 2734 nec
3083 2679 3300 2736 divitias
3359 2681 3616 2738 bonitatis

2028 2764 2122 2821 Dei
2154 2767 2314 2822 nobis
2345 2769 2602 2824 conducit
2629 2785 2986 2841 cognoscere,
3034 2787 3160 2826 vere
3218 2771 3363 2828 Deus
3403 2774 3615 2830 homini

2026 2858 2382 2927 assimilatur,
2413 2870 2474 2916 ut
2503 2869 2766 2932 tanquam
2813 2863 2979 2918 homo
3017 2864 3275 2936 loquatur
3303 2867 3615 2922 hominibus

2026 2951 2120 3022 qui
2148 2962 2375 3022 possunt
2425 2954 2720 3025 gubernari
2768 2973 2797 3009 a
2836 2953 2965 3019 Deo,
3019 2957 3244 3011 omnino
3298 2971 3614 3014 remanente

2027 3042 2158 3098 Deo.
2191 3041 2257 3098 Et
2318 3054 2449 3101 tunc
2500 3046 2712 3101 desinet
2767 3048 3063 3104 assimilari
3111 3050 3342 3114 homini,
3394 3052 3615 3121 quando

2029 3146 2310 3194 cessantes
2333 3153 2362 3192 a
2386 3140 2762 3206 contentione,
2794 3143 2932 3205 zelo,
2981 3151 3034 3197 ει
3070 3143 3296 3213 reliquis
3325 3144 3501 3206 malis,
3534 3153 3616 3198 at-

2029 3244 2138 3300 que
2167 3229 2467 3286 secundum
2498 3232 2774 3287 hominem
2804 3232 3085 3290 ambulare
3113 3234 3446 3302 desinentes,
3467 3236 3613 3307 digni

2031 3317 2159 3373 facti
2185 3319 2453 3377 fuerimus
2495 3323 2687 3377 audire
2726 3343 2739 3379 :
2777 3323 2887 3395 Ego
2910 3325 3068 3382 dixi:
3124 3325 3215 3380 Dii
3241 3329 3390 3394 estis,
3431 3337 3478 3381 et
3513 3329 3616 3396 [itii

2033 3409 2246 3466 Excelsi
2287 3429 2466 3468 omnes
2523 3415 2586 3468 ¹⁸.
2625 3413 2847 3471 Desinet
2897 3418 3062 3472 etiam
3112 3417 3216 3472 alia
3251 3419 3482 3488 plurima
3516 3435 3613 3473 vo-

2031 3503 2166 3566 cari,
2192 3502 2358 3574 $2
2388 3505 2589 3576 quibus
2638 3517 2891 3576 peccator
2947 3509 3112 3564 homo
3160 3510 3383 3582 indiget,
3419 3528 3614 3580 nempe

2032 3594 2318 3663 panthera,
2362 3595 2468 3662 leo,
2524 3607 2579 3652 et
2623 3614 2808 3661 ursus,
2873 3600 3019 3655 sicut
3067 3601 3119 3654 in
3175 3603 3454 3672 prophetis
3484 3604 3615 3658 scii-

2031 3694 2181 3755 ptum
2207 3695 2311 3740 est.
2365 3685 2587 3743 Desinet
2626 3689 2773 3743 enim
2831 3689 2946 3746 haec
2993 3707 3114 3748 esse
3164 3691 3330 3757 Dens,
3393 3695 3614 3765 quando

2031 3787 2251 3844 propter
2279 3793 2375 3831 eos
2405 3779 2497 3847 qui
2523 3779 2649 3833 talia
2681 3778 2949 3847 fecerunt,
2989 3799 3095 3837 non
3147 3784 3384 3852 amplius
3411 3785 3613 3856 indiget

2031 3866 2180 3921 illius
2209 3867 2302 3938 qui
2335 3877 2591 3940 tanquam
2640 3873 2925 3942 panthera,
2967 3875 3046 3929 vel
3102 3885 3359 3946 tanquam
3392 3878 3496 3942 leo,
3529 3880 3611 3933 vel

2035 3968 2294 4028 tanquam
2331 3979 2496 4019 ursus
2541 3963 2607 4018 ad
2660 3965 2900 4035 inopiam
2941 3967 3191 4024 redactus
3219 3982 3322 4025 est.
3357 3968 3472 4040 Ipse
3502 3989 3611 4026 non

2034 4052 2268 4122 amplius
2293 4053 2502 4110 habens
2531 4055 2669 4112 tales
2699 4059 2792 4126 qui
2837 4059 3019 4128 seipso
3046 4060 3343 4131 indigeant,
3367 4063 3609 4132 seipsum

2033 4143 2412 4200 manifestabit
2439 4147 2600 4202 sicuti
2652 4159 2756 4216 est,
2801 4150 3052 4220 Deosque
3110 4155 3274 4208 stabit
3326 4155 3612 4238 in‘medio

2033 4235 2284 4291 deorum.
2320 4239 2410 4293 Sic
2441 4239 2651 4309 accipio
2676 4241 2840 4296 etiam
2881 4243 3010 4297 illud
3050 4262 3062 4298 :
3096 4244 3235 4298 Deus
3271 4235 3447 4300 noster
3474 4248 3613 4317 ignis

2033 4344 2344 4383 consumens
2378 4331 2456 4394 ";
2491 4331 2538 4384 ei
2568 4331 2712 4386 enim
2746 4333 2840 4402 qui
2863 4333 3060 4404 dignus
3091 4351 3197 4388 non
3227 4346 3310 4390 est
3336 4339 3608 4398 constitui,

2035 4417 2128 4472 lux
2153 4429 2240 4473 est
2274 4421 2573 4476 secundum
2607 4419 2873 4478 Joannem
2906 4424 3170 4480 dicentem
3203 4444 3214 4479 :
3269 4425 3405 4480 Deus
3438 4435 3612 4482 noster

346 4514 422 4578 τῷ
454 4515 733 4584 ἐσόμεθα,
765 4516 855 4570 ὅτι
911 4519 1178 4588 ὀψόμεθα
1206 4515 1394 4570 αὐτὸν
1421 4513 1614 4581 καθώς
1643 4515 1832 4569 ἐστιν.
1865 4516 1927 4568 Et

2034 4511 2129 4561 lux
2157 4519 2256 4576 est,
2284 4521 2331 4564 et
2367 4510 2592 4567 tenebra:
2617 4514 2670 4566 in
2698 4530 2757 4567 eo
2788 4531 2888 4568 non
2940 4524 3062 4568 sunt
3095 4517 3159 4568 '°.
3193 4515 3255 4570 Et
3299 4532 3491 4571 rursus
3520 4519 3560 4548 ⁸¹
3597 4535 3608 4569 :

354 4607 452 4680 γὰρ
477 4608 572 4661 καὶ
598 4607 918 4679 άξιωθῶμεν
949 4608 1140 4680 βλέψαι
1193 4609 1288 4664 νῦν
1322 4609 1414 4672 τὸν
1450 4608 1584 4660 Θεὸν
1611 4605 1690 4680 τῷ
1732 4607 1808 4677 νῷ
1839 4607 1927 4660 καὶ

2039 4602 2294 4657 Nondum
2347 4607 2595 4675 apparuit
2655 4606 2782 4676 quid
2829 4608 3049 4663 erimus.
3123 4606 3333 4662 Scimus
3363 4611 3612 4678 quoniam

355 4703 418 4772 τῇ
433 4700 650 4773 καρδίᾳ,
681 4701 743 4754 ού
769 4701 1040 4773 βλέπομεν
1073 4703 1236 4756 αὑτὸν
1262 4701 1442 4765 καθώς
1471 4701 1639 4765 ἐστιν,
1675 4699 1810 4761 ἀλλά
1833 4716 1927 4754 κα-

2030 4713 2147 4750 rum
2202 4700 2530 4768 apparuerit,
2593 4699 2790 4754 similes
2831 4701 2880 4754 ei
2933 4702 3153 4765 erimus,
3197 4702 3444 4771 quoniam
3471 4703 3611 4756 vide-

348 4795 454 4860 θὼς
485 4793 572 4848 διὰ
604 4795 703 4866 τὴν
753 4795 1031 4867 ἡμετέραν
1073 4795 1384 4866 οἰκονομίαν
1417 4796 1552 4865 ἡμῖν
1599 4794 1828 4863 γίνεται·
1872 4794 1927 4846 έν

2030 4789 2201 4852 bimus
2223 4806 2342 4844 eum
2370 4791 2529 4844 sicuti
2563 4803 2662 4844 est.
2702 4789 2812 4845 Etsi
2840 4789 2983 4845 enim
3014 4792 3161 4860 digni
3189 4792 3313 4845 facti
3348 4793 3613 4849 fuerimus

349 4888 402 4949 δὲ
430 4890 499 4960 τῇ
520 4889 964 4953 ἀποκαταστάσει
1020 4888 1259 4953 πάντων,
1307 4890 1382 4951 ώς
1432 4887 1661 4958 ὲλάλησε
1693 4885 1781 4940 διά
1809 4886 1927 4939 στό-

2030 4880 2217 4935 videre
2243 4897 2388 4936 nunc
2449 4879 2618 4934 Deum
2675 4889 2853 4934 mente
2900 4889 2955 4934 ct
3007 4881 3191 4945 corde,
3226 4896 3332 4933 non
3369 4879 3612 4938 videmus

351 4997 520 5050 garo;
547 4981 657 5035 τῶν
697 4981 868 5050 ἁγίων
901 4981 1085 5045 αὑτοῦ,
1130 4978 1377 5051 ὀψόμεθα
1401 4981 1500 5050 οὐχ
1527 4979 1604 5042 ὡς
1633 4978 1750 5041 νῦν,
1777 4977 1807 5031 δ
1828 4979 1927 5032 οὐκ

2035 4987 2161 5027 ειιιη
2192 4972 2350 5027 sicuti
2380 4982 2483 5038 est,
2519 4971 2611 5026 sed
2636 4971 3092 5040 quemadmodum
3125 4970 3279 5024 nobis
3303 4978 3384 5024 est
3415 4986 3613 5024 secun-

353 5071 518 5135 ἐστιν,
554 5073 671 5126 ἀλλ’
699 5073 774 5138 ώς
807 5073 1009 5146 πρέπει
1061 5073 1181 5126 τότε
1221 5073 1248 5126 ὃ
1295 5073 1432 5125 ἐστι.
1489 5071 1626 5142 ﬂap’
1651 5072 1782 5142 ἡμῖν
1830 5069 1927 5140 μὲν

2036 5067 2165 5122 dum
2202 5075 2442 5122 nostram
2464 5065 2657 5135 agendi
2692 5066 2957 5119 rationem
2986 5065 3087 5118 :-in
3117 5063 3454 5127 restitutione
3485 5077 3617 5118 vero

350 5164 463 5224 τοῖς
497 5163 802 5236 ἀνθρώποις
854 5163 1126 5238 ἀνθρώπῳ
1154 5162 1434 5236 ὡμοιώθη·
1493 5164 1647 5236 παρά
1700 5163 1757 5216 δὲ
1815 5166 1927 5228 τοῖς

2039 5159 2308 5218 omnium,
2345 5157 2488 5212 sicut
2532 5157 2746 5211 locutus
2802 5166 2884 5210 est
2916 5171 3009 5225 per
3036 5171 3099 5209 os
3148 5164 3460 5217 sanctorum
3494 5169 3616 5208 suo-

352 5253 576 5318 έειυτοῦς
628 5258 1024 5318 ἀποθεώσουσι,
1056 5255 1195 5328 Θεῷ·
1253 5257 1318 5310 '0
1375 5255 1520 5323 Θεὸς
1571 5255 1683 5328 γὰρ
1741 5257 1927 5323 ἔστη,

2040 5266 2184 5316 rum,
2213 5249 2521 5304 videbimus
2547 5264 2651 5302 non
2676 5248 2818 5302 sicut
2849 5265 3012 5314 nunc,
3041 5247 3192 5324 quod
3225 5262 3332 5309 non
3366 5254 3469 5304 est.
3495 5245 3611 5306 sed,

353 5345 545 5416 φησιν,
585 5345 655 5398 ἐν
675 5348 998 5419 συναγωγῇ
1033 5347 1202 5403 θεῶν.

2039 5343 2182 5399 sicut
2221 5342 2374 5395 decet
2405 5349 2556 5407 tunc,
2583 5340 2724 5409 quod
2757 5349 2860 5393 est.
2915 5339 3071 5409 Apud
3122 5356 3221 5394 nos
3255 5339 3472 5408 quidem
3516 5338 3616 5391 ho-

353 5441 544 5500 "uites
559 5441 766 5500 homini
819 5446 1155 5501 assimilatus
1177 5454 1292 5507 est;
1331 5443 1474 5512 apud
1504 5458 1614 5501 eos
1630 5459 1760 5498 vero
1782 5443 1873 5514 qui
1907 5442 2116 5512 seipsos
2145 5440 2342 5496 divina:
2374 5446 2658 5493 consortes
2715 5446 2925 5492 natura:
2969 5435 3248 5500 iecerunt,
3280 5436 3390 5492 Deo
3420 5455 3434 5490 :
3478 5434 3615 5486 Deus

355 5532 527 5596 enim,
577 5532 784 5601 inquit,
812 5539 956 5591 stetit
1002 5537 1056 5591 in
1095 5549 1363 5605 synagoga
1389 5535 1603 5588 deorum
1632 5537 1697 5588 ".

435 5691 477 5724 "
510 5689 639 5744 Luc.
674 5705 793 5754 xm,
823 5691 910 5746 18.
1012 5693 1062 5724 ¹⁶λ
1106 5693 1237 5746 ibid.
1262 5692 1328 5746 19
1353 5690 1519 5746 et-20.
1621 5691 1660 5721 ’⁷
1691 5691 1818 5745 ibid.
1862 5692 1927 5745 ‘20

2069 5689 2110 5720 "
2145 5687 2289 5743 Psal.
2328 5703 2511 5753 um,
2548 5685 2602 5739 6.
2687 5684 2928 5742 "'llebr.
2959 5701 3058 5750 xu,
3090 5685 3180 5739 ‘23.
3256 5683 3302 5713 ’θ
3331 5678 3529 5737 ΙΙοιιη.
3568 5698 3608 5747 ι,

359 5762 410 5814 Ei.
487 5762 527 5795 ³⁸
567 5761 582 5814 l
623 5759 781 5825 Joani.
819 5777 901 5823 ιιι,
931 5763 985 5814 2.
1063 5765 1107 5796 “
1158 5763 1303 5818 l'sal.
1370 5776 1556 5820 ιικιι,
1595 5760 1640 5812 l.
