  <div class='ocr_page' id='page_1' title='image "/cluster/home/n/w/nwhite01/storage/ocr_20150623/13:no.3/coo.31924054872910/961.png"; bbox 0 0 4132 6432; ppageno 0'>
   <div class='ocr_carea' id='block_1_1' title="bbox 511 327 649 385">
    <p class='ocr_par' dir='ltr' id='par_1_1' title="bbox 511 327 649 385">
     <span class='ocr_line' id='line_1_1' title="bbox 511 327 649 385; baseline -0.014 -3"><span class='ocrx_word' id='word_1_1' title='bbox 511 327 649 385; x_wconf 71' lang='grc'><strong>1908</strong></span> 
     </span>
    </p>
   </div>
   <div class='ocr_carea' id='block_1_2' title="bbox 1586 320 2777 404">
    <p class='ocr_par' dir='ltr' id='par_1_2' title="bbox 1586 320 2777 404">
     <span class='ocr_line' id='line_1_2' title="bbox 1586 320 2777 404; baseline 0 -2"><span class='ocrx_word' id='word_1_2' title='bbox 1586 346 1911 403; x_wconf 69' lang='lat' dir='ltr'><strong>omesuts</strong></span> <span class='ocrx_word' id='word_1_3' title='bbox 1940 339 2371 402; x_wconf 65' lang='lat' dir='ltr'><strong>FRAGMENTA</strong></span> <span class='ocrx_word' id='word_1_4' title='bbox 2409 344 2479 401; x_wconf 71' lang='lat' dir='ltr'><strong>tu</strong></span> <span class='ocrx_word' id='word_1_5' title='bbox 2506 320 2777 404; x_wconf 59' lang='lat' dir='ltr'><strong>suum</strong></span> 
     </span>
    </p>
   </div>
   <div class='ocr_carea' id='block_1_3' title="bbox 3635 352 3778 409">
    <p class='ocr_par' dir='ltr' id='par_1_3' title="bbox 3635 352 3778 409">
     <span class='ocr_line' id='line_1_3' title="bbox 3635 352 3778 409; baseline 0.007 -2"><span class='ocrx_word' id='word_1_6' title='bbox 3635 352 3778 409; x_wconf 60' lang='grc' dir='ltr'><strong>11⁵0θί</strong></span> 
     </span>
    </p>
   </div>
   <div class='ocr_carea' id='block_1_4' title="bbox 710 456 2079 537">
    <p class='ocr_par' dir='ltr' id='par_1_4' title="bbox 710 461 2079 533">
     <span class='ocr_line' id='line_1_4' title="bbox 710 461 2079 533; baseline 0.001 -15"><span class='ocrx_word' id='word_1_7' title='bbox 710 461 860 521; x_wconf 87' lang='lat' dir='ltr'><strong>Orat.</strong></span> <span class='ocrx_word' id='word_1_8' title='bbox 893 478 967 519; x_wconf 75' lang='grc' dir='ltr'>ιι.</span> <span class='ocrx_word' id='word_1_9' title='bbox 1004 465 1110 531; x_wconf 80' lang='grc' dir='ltr'>ΕἸς</span> <span class='ocrx_word' id='word_1_10' title='bbox 1131 464 1484 533; x_wconf 74' lang='grc' dir='ltr'>παραϐολὴν</span> <span class='ocrx_word' id='word_1_11' title='bbox 1510 463 1619 520; x_wconf 81' lang='grc' dir='ltr'><strong>τοῦ</strong></span> <span class='ocrx_word' id='word_1_12' title='bbox 1641 464 1900 526; x_wconf 78' lang='grc' dir='ltr'><strong>ἀσώτου,</strong></span> <span class='ocrx_word' id='word_1_13' title='bbox 1927 463 2032 518; x_wconf 86' lang='lat' dir='ltr'><strong>hoc</strong></span> <span class='ocrx_word' id='word_1_14' title='bbox 2065 478 2079 519; x_wconf 74' lang='grc' dir='ltr'><strong>ι</strong></span> 
     </span>
    </p>
   </div>
   <div class='ocr_carea' id='block_1_5' title="bbox 2181 456 3557 537">
    <p class='ocr_par' dir='ltr' id='par_1_5' title="bbox 2181 456 3557 537">
     <span class='ocr_line' id='line_1_5' title="bbox 2181 456 3557 537; baseline 0.005 -20"><span class='ocrx_word' id='word_1_15' title='bbox 2181 476 2202 517; x_wconf 77' lang='lat' dir='ltr'><strong>r</strong></span> <span class='ocrx_word' id='word_1_16' title='bbox 2228 456 2301 515; x_wconf 75' lang='grc' dir='ltr'><strong>1η</strong></span> <span class='ocrx_word' id='word_1_17' title='bbox 2317 462 2628 533; x_wconf 75' lang='grc' dir='ltr'>ρατιιόοιαηι</span> <span class='ocrx_word' id='word_1_18' title='bbox 2667 461 2903 534; x_wconf 74' lang='lat' dir='ltr'><strong>prodigi,</strong></span> <span class='ocrx_word' id='word_1_19' title='bbox 2940 463 3056 518; x_wconf 60' lang='lat' dir='ltr'><strong>hac</strong></span> <span class='ocrx_word' id='word_1_20' title='bbox 3084 462 3335 537; x_wconf 71' lang='lat' dir='ltr'><strong>Origenis</strong></span> <span class='ocrx_word' id='word_1_21' title='bbox 3376 465 3557 523; x_wconf 80' lang='lat' dir='ltr'><strong>habet.</strong></span> 
     </span>
    </p>
   </div>
   <div class='ocr_carea' id='block_1_6' title="bbox 569 574 2079 655">
    <p class='ocr_par' dir='ltr' id='par_1_6' title="bbox 569 574 2079 652">
     <span class='ocr_line' id='line_1_6' title="bbox 569 574 2079 652; baseline -0.001 -18"><span class='ocrx_word' id='word_1_22' title='bbox 569 574 842 650; x_wconf 84' lang='lat' dir='ltr'><strong>lntelllges</strong></span> <span class='ocrx_word' id='word_1_23' title='bbox 870 579 1032 634; x_wconf 85' lang='lat' dir='ltr'><strong>etiam</strong></span> <span class='ocrx_word' id='word_1_24' title='bbox 1077 579 1159 636; x_wconf 85' lang='lat' dir='ltr'><strong>sic</strong></span> <span class='ocrx_word' id='word_1_25' title='bbox 1209 577 1519 637; x_wconf 89' lang='lat' dir='ltr'><strong>desiderare</strong></span> <span class='ocrx_word' id='word_1_26' title='bbox 1572 579 1860 652; x_wconf 81' lang='lat' dir='ltr'><strong>prodigum</strong></span> <span class='ocrx_word' id='word_1_27' title='bbox 1892 578 2079 634; x_wconf 87' lang='lat' dir='ltr'><strong>satiari</strong></span> 
     </span>
    </p>
   </div>
   <div class='ocr_carea' id='block_1_7' title="bbox 2181 574 3779 655">
    <p class='ocr_par' dir='ltr' id='par_1_7' title="bbox 2257 576 3779 655">
     <span class='ocr_line' id='line_1_7' title="bbox 2257 576 3779 655; baseline 0.004 -24"><span class='ocrx_word' id='word_1_28' title='bbox 2257 578 2492 648; x_wconf 73' lang='grc' dir='ltr'>Νοήσεις</span> <span class='ocrx_word' id='word_1_29' title='bbox 2522 576 2579 630; x_wconf 76' lang='grc' dir='ltr'><strong>δὲ</strong></span> <span class='ocrx_word' id='word_1_30' title='bbox 2627 579 2721 631; x_wconf 75' lang='grc' dir='ltr'><strong>καὶ</strong></span> <span class='ocrx_word' id='word_1_31' title='bbox 2770 576 2944 642; x_wconf 77' lang='grc' dir='ltr'>οὕτως</span> <span class='ocrx_word' id='word_1_32' title='bbox 2993 579 3053 634; x_wconf 77' lang='grc' dir='ltr'>τὸ</span> <span class='ocrx_word' id='word_1_33' title='bbox 3107 578 3397 652; x_wconf 70' lang='grc' dir='ltr'><strong>ἐπιθυμεῖν</strong></span> <span class='ocrx_word' id='word_1_34' title='bbox 3443 582 3779 655; x_wconf 76' lang='grc' dir='ltr'><strong>κορεσθῆναι</strong></span> 
     </span>
    </p>
   </div>
   <div class='ocr_carea' id='block_1_8' title="bbox 506 670 2082 743">
    <p class='ocr_par' dir='ltr' id='par_1_8' title="bbox 506 670 2082 743">
     <span class='ocr_line' id='line_1_8' title="bbox 506 670 2082 743; baseline 0 -17"><span class='ocrx_word' id='word_1_35' title='bbox 506 671 738 743; x_wconf 77' lang='lat' dir='ltr'><strong>siliquis.</strong></span> <span class='ocrx_word' id='word_1_36' title='bbox 793 671 1152 728; x_wconf 77' lang='lat' dir='ltr'><strong>Ratiouabilis</strong></span> <span class='ocrx_word' id='word_1_37' title='bbox 1198 680 1417 736; x_wconf 87' lang='lat' dir='ltr'><strong>natura,</strong></span> <span class='ocrx_word' id='word_1_38' title='bbox 1450 688 1576 729; x_wconf 88' lang='lat' dir='ltr'><strong>cum</strong></span> <span class='ocrx_word' id='word_1_39' title='bbox 1632 688 1665 726; x_wconf 89' lang='lat' dir='ltr'><strong>a</strong></span> <span class='ocrx_word' id='word_1_40' title='bbox 1695 679 1839 726; x_wconf 89' lang='lat' dir='ltr'><strong>recta</strong></span> <span class='ocrx_word' id='word_1_41' title='bbox 1871 670 2082 726; x_wconf 83' lang='lat' dir='ltr'><strong>ratione</strong></span> 
     </span>
    </p>
   </div>
   <div class='ocr_carea' id='block_1_9' title="bbox 501 762 2080 836">
    <p class='ocr_par' dir='ltr' id='par_1_9' title="bbox 501 762 2080 836">
     <span class='ocr_line' id='line_1_9' title="bbox 501 762 2080 836; baseline -0.001 -16"><span class='ocrx_word' id='word_1_42' title='bbox 501 779 694 821; x_wconf 78' lang='lat' dir='ltr'><strong>aversa</strong></span> <span class='ocrx_word' id='word_1_43' title='bbox 721 772 828 830; x_wconf 85' lang='lat' dir='ltr'><strong>est,</strong></span> <span class='ocrx_word' id='word_1_44' title='bbox 859 764 1153 831; x_wconf 80' lang='lat' dir='ltr'><strong>desiderat,</strong></span> <span class='ocrx_word' id='word_1_45' title='bbox 1183 766 1232 821; x_wconf 88' lang='lat' dir='ltr'><strong>si</strong></span> <span class='ocrx_word' id='word_1_46' title='bbox 1283 765 1466 821; x_wconf 90' lang='lat' dir='ltr'><strong>minus</strong></span> <span class='ocrx_word' id='word_1_47' title='bbox 1500 765 1558 820; x_wconf 91' lang='lat' dir='ltr'><strong>in</strong></span> <span class='ocrx_word' id='word_1_48' title='bbox 1585 762 2080 836; x_wconf 65' lang='lat' dir='ltr'><strong>prmstantioribus,</strong></span> 
     </span>
    </p>
   </div>
   <div class='ocr_carea' id='block_1_10' title="bbox 500 852 2080 927">
    <p class='ocr_par' dir='ltr' id='par_1_10' title="bbox 500 852 2080 927">
     <span class='ocr_line' id='line_1_10' title="bbox 500 852 2080 927; baseline -0.003 -17"><span class='ocrx_word' id='word_1_49' title='bbox 500 855 692 912; x_wconf 79' lang='lat' dir='ltr'><strong>saltem</strong></span> <span class='ocrx_word' id='word_1_50' title='bbox 787 855 840 909; x_wconf 90' lang='lat' dir='ltr'><strong>in</strong></span> <span class='ocrx_word' id='word_1_51' title='bbox 902 852 1379 927; x_wconf 85' lang='lat' dir='ltr'><strong>qualibuscunque</strong></span> <span class='ocrx_word' id='word_1_52' title='bbox 1443 855 1793 911; x_wconf 82' lang='lat' dir='ltr'><strong>sermonibus</strong></span> <span class='ocrx_word' id='word_1_53' title='bbox 1853 853 2080 909; x_wconf 77' lang='lat' dir='ltr'><strong>versari.</strong></span> 
     </span>
    </p>
   </div>
   <div class='ocr_carea' id='block_1_11' title="bbox 496 944 2080 1018">
    <p class='ocr_par' dir='ltr' id='par_1_11' title="bbox 496 944 2080 1018">
     <span class='ocr_line' id='line_1_11' title="bbox 496 944 2080 1018; baseline -0.001 -19"><span class='ocrx_word' id='word_1_54' title='bbox 496 945 768 1012; x_wconf 80' lang='lat' dir='ltr'><strong>Quoniam</strong></span> <span class='ocrx_word' id='word_1_55' title='bbox 799 960 929 1001; x_wconf 76' lang='lat' dir='ltr'><strong>vero</strong></span> <span class='ocrx_word' id='word_1_56' title='bbox 958 946 1170 1017; x_wconf 66' lang='lat' dir='ltr'><strong>siliquae</strong></span> <span class='ocrx_word' id='word_1_57' title='bbox 1189 947 1511 1003; x_wconf 90' lang='lat' dir='ltr'><strong>dulcescunt</strong></span> <span class='ocrx_word' id='word_1_58' title='bbox 1545 946 1766 1018; x_wconf 76' lang='lat' dir='ltr'><strong>quidem</strong></span> <span class='ocrx_word' id='word_1_59' title='bbox 1798 956 1849 1001; x_wconf 87' lang='lat' dir='ltr'><strong>et</strong></span> <span class='ocrx_word' id='word_1_60' title='bbox 1878 944 2080 1016; x_wconf 85' lang='lat' dir='ltr'><strong>impin-</strong></span> 
     </span>
    </p>
   </div>
   <div class='ocr_carea' id='block_1_12' title="bbox 496 1035 2081 1107">
    <p class='ocr_par' dir='ltr' id='par_1_12' title="bbox 496 1035 2081 1107">
     <span class='ocr_line' id='line_1_12' title="bbox 496 1035 2081 1107; baseline 0 -17"><span class='ocrx_word' id='word_1_61' title='bbox 496 1044 666 1104; x_wconf 72' lang='lat' dir='ltr'><strong>guant</strong></span> <span class='ocrx_word' id='word_1_62' title='bbox 691 1050 912 1107; x_wconf 88' lang='lat' dir='ltr'><strong>corpus,</strong></span> <span class='ocrx_word' id='word_1_63' title='bbox 942 1038 1172 1094; x_wconf 81' lang='lat' dir='ltr'><strong>stercori</strong></span> <span class='ocrx_word' id='word_1_64' title='bbox 1194 1046 1376 1094; x_wconf 87' lang='lat' dir='ltr'><strong>autem</strong></span> <span class='ocrx_word' id='word_1_65' title='bbox 1402 1052 1512 1093; x_wconf 87' lang='lat' dir='ltr'><strong>non</strong></span> <span class='ocrx_word' id='word_1_66' title='bbox 1538 1037 1671 1092; x_wconf 76' lang='lat' dir='ltr'><strong>dant</strong></span> <span class='ocrx_word' id='word_1_67' title='bbox 1702 1036 1869 1101; x_wconf 83' lang='lat' dir='ltr'><strong>viam,</strong></span> <span class='ocrx_word' id='word_1_68' title='bbox 1906 1035 2081 1107; x_wconf 84' lang='lat' dir='ltr'><strong>accipi</strong></span> 
     </span>
    </p>
   </div>
   <div class='ocr_carea' id='block_1_13' title="bbox 495 1128 2081 1200">
    <p class='ocr_par' dir='ltr' id='par_1_13' title="bbox 495 1128 2081 1200">
     <span class='ocr_line' id='line_1_13' title="bbox 495 1128 2081 1200; baseline 0 -17"><span class='ocrx_word' id='word_1_69' title='bbox 495 1136 726 1197; x_wconf 89' lang='lat' dir='ltr'><strong>possunt</strong></span> <span class='ocrx_word' id='word_1_70' title='bbox 757 1144 855 1200; x_wconf 86' lang='lat' dir='ltr'><strong>pro</strong></span> <span class='ocrx_word' id='word_1_71' title='bbox 883 1130 1125 1185; x_wconf 69' lang='lat' dir='ltr'><strong>materiae</strong></span> <span class='ocrx_word' id='word_1_72' title='bbox 1153 1130 1513 1200; x_wconf 82' lang='lat' dir='ltr'><strong>corporisque</strong></span> <span class='ocrx_word' id='word_1_73' title='bbox 1545 1129 1849 1185; x_wconf 84' lang='lat' dir='ltr'><strong>amantium</strong></span> <span class='ocrx_word' id='word_1_74' title='bbox 1880 1128 2081 1199; x_wconf 84' lang='lat' dir='ltr'><strong>proha-</strong></span> 
     </span>
    </p>
   </div>
   <div class='ocr_carea' id='block_1_14' title="bbox 495 1221 2079 1295">
    <p class='ocr_par' dir='ltr' id='par_1_14' title="bbox 495 1221 2079 1295">
     <span class='ocr_line' id='line_1_14' title="bbox 495 1221 2079 1295; baseline -0.002 -19"><span class='ocrx_word' id='word_1_75' title='bbox 495 1222 697 1281; x_wconf 85' lang='lat' dir='ltr'><strong>bilibus</strong></span> <span class='ocrx_word' id='word_1_76' title='bbox 719 1224 1088 1289; x_wconf 87' lang='lat' dir='ltr'><strong>sermonibus,</strong></span> <span class='ocrx_word' id='word_1_77' title='bbox 1144 1224 1480 1295; x_wconf 71' lang='lat' dir='ltr'><strong>voluptatem</strong></span> <span class='ocrx_word' id='word_1_78' title='bbox 1519 1221 1817 1278; x_wconf 82' lang='lat' dir='ltr'><strong>dicentium</strong></span> <span class='ocrx_word' id='word_1_79' title='bbox 1852 1222 2079 1282; x_wconf 91' lang='lat' dir='ltr'><strong>bonum,</strong></span> 
     </span>
    </p>
   </div>
   <div class='ocr_carea' id='block_1_15' title="bbox 501 1306 2080 1386">
    <p class='ocr_par' dir='ltr' id='par_1_15' title="bbox 501 1306 2080 1386">
     <span class='ocr_line' id='line_1_15' title="bbox 501 1306 2080 1386; baseline -0.004 -18"><span class='ocrx_word' id='word_1_80' title='bbox 501 1314 862 1386; x_wconf 85' lang='lat' dir='ltr'><strong>prurientium</strong></span> <span class='ocrx_word' id='word_1_81' title='bbox 888 1314 1140 1379; x_wconf 85' lang='lat' dir='ltr'><strong>auribus,</strong></span> <span class='ocrx_word' id='word_1_82' title='bbox 1173 1323 1228 1369; x_wconf 88' lang='lat' dir='ltr'><strong>et</strong></span> <span class='ocrx_word' id='word_1_83' title='bbox 1283 1314 1350 1369; x_wconf 85' lang='lat' dir='ltr'><strong>ad</strong></span> <span class='ocrx_word' id='word_1_84' title='bbox 1395 1311 1606 1369; x_wconf 82' lang='lat' dir='ltr'><strong>fabulas</strong></span> <span class='ocrx_word' id='word_1_85' title='bbox 1641 1326 1981 1377; x_wconf 77' lang='lat' dir='ltr'><strong>aversorum.</strong></span> <span class='ocrx_word' id='word_1_86' title='bbox 2012 1306 2080 1362; x_wconf 83' lang='lat' dir='ltr'><strong>Et</strong></span> 
     </span>
    </p>
   </div>
   <div class='ocr_carea' id='block_1_16' title="bbox 494 1401 2082 1473">
    <p class='ocr_par' dir='ltr' id='par_1_16' title="bbox 494 1401 2082 1473">
     <span class='ocr_line' id='line_1_16' title="bbox 494 1401 2082 1473; baseline -0.003 -14"><span class='ocrx_word' id='word_1_87' title='bbox 494 1421 648 1460; x_wconf 82' lang='lat' dir='ltr'><strong>nemo</strong></span> <span class='ocrx_word' id='word_1_88' title='bbox 669 1405 832 1459; x_wconf 79' lang='lat' dir='ltr'><strong>dabnt</strong></span> <span class='ocrx_word' id='word_1_89' title='bbox 863 1406 930 1461; x_wconf 81' lang='lat'><strong>&quot;.</strong></span> <span class='ocrx_word' id='word_1_90' title='bbox 967 1405 1119 1462; x_wconf 87' lang='lat' dir='ltr'><strong>Bona</strong></span> <span class='ocrx_word' id='word_1_91' title='bbox 1144 1406 1291 1460; x_wconf 89' lang='lat' dir='ltr'><strong>enim</strong></span> <span class='ocrx_word' id='word_1_92' title='bbox 1337 1405 1520 1460; x_wconf 86' lang='lat' dir='ltr'><strong>indole</strong></span> <span class='ocrx_word' id='word_1_93' title='bbox 1567 1401 2082 1473; x_wconf 29' lang='lat' dir='ltr'><strong>praeditisvputridas</strong></span> 
     </span>
    </p>
   </div>
   <div class='ocr_carea' id='block_1_17' title="bbox 496 1495 2077 1567">
    <p class='ocr_par' dir='ltr' id='par_1_17' title="bbox 496 1495 2077 1567">
     <span class='ocr_line' id='line_1_17' title="bbox 496 1495 2077 1567; baseline -0.001 -16"><span class='ocrx_word' id='word_1_94' title='bbox 496 1498 814 1567; x_wconf 84' lang='lat' dir='ltr'><strong>disciplinas</strong></span> <span class='ocrx_word' id='word_1_95' title='bbox 863 1516 973 1554; x_wconf 70' lang='lat' dir='ltr'><strong>non</strong></span> <span class='ocrx_word' id='word_1_96' title='bbox 1013 1499 1235 1554; x_wconf 89' lang='lat' dir='ltr'><strong>tradunt</strong></span> <span class='ocrx_word' id='word_1_97' title='bbox 1288 1499 1441 1563; x_wconf 87' lang='lat' dir='ltr'><strong>mali,</strong></span> <span class='ocrx_word' id='word_1_98' title='bbox 1472 1512 1541 1553; x_wconf 90' lang='lat' dir='ltr'><strong>ne</strong></span> <span class='ocrx_word' id='word_1_99' title='bbox 1590 1495 2077 1567; x_wconf 82' lang='lat' dir='ltr'><strong>reprehemlautur.</strong></span> 
     </span>
    </p>
   </div>
   <div class='ocr_carea' id='block_1_18' title="bbox 496 1587 2083 1662">
    <p class='ocr_par' dir='ltr' id='par_1_18' title="bbox 496 1587 2083 1662">
     <span class='ocr_line' id='line_1_18' title="bbox 496 1587 2083 1662; baseline -0.003 -18"><span class='ocrx_word' id='word_1_100' title='bbox 496 1589 616 1645; x_wconf 84' lang='lat' dir='ltr'><strong>Huc</strong></span> <span class='ocrx_word' id='word_1_101' title='bbox 644 1591 783 1646; x_wconf 88' lang='lat' dir='ltr'><strong>adde</strong></span> <span class='ocrx_word' id='word_1_102' title='bbox 808 1593 951 1662; x_wconf 86' lang='lat' dir='ltr'><strong>quod</strong></span> <span class='ocrx_word' id='word_1_103' title='bbox 986 1599 1373 1646; x_wconf 77' lang='lat' dir='ltr'><strong>extraneorum</strong></span> <span class='ocrx_word' id='word_1_104' title='bbox 1437 1605 1719 1646; x_wconf 90' lang='lat' dir='ltr'><strong>sermones</strong></span> <span class='ocrx_word' id='word_1_105' title='bbox 1749 1588 1957 1642; x_wconf 88' lang='lat' dir='ltr'><strong>nullum</strong></span> <span class='ocrx_word' id='word_1_106' title='bbox 1984 1587 2083 1641; x_wconf 84' lang='lat' dir='ltr'><strong>ali-</strong></span> 
     </span>
    </p>
   </div>
   <div class='ocr_carea' id='block_1_19' title="bbox 495 1678 2082 1751">
    <p class='ocr_par' dir='ltr' id='par_1_19' title="bbox 495 1678 2082 1751">
     <span class='ocr_line' id='line_1_19' title="bbox 495 1678 2082 1751; baseline -0.002 -18"><span class='ocrx_word' id='word_1_107' title='bbox 495 1689 740 1735; x_wconf 89' lang='lat' dir='ltr'><strong>mentum</strong></span> <span class='ocrx_word' id='word_1_108' title='bbox 764 1682 1133 1751; x_wconf 82' lang='lat' dir='ltr'><strong>suppeditant,</strong></span> <span class='ocrx_word' id='word_1_109' title='bbox 1180 1698 1281 1737; x_wconf 83' lang='lat' dir='ltr'><strong>nec</strong></span> <span class='ocrx_word' id='word_1_110' title='bbox 1328 1682 1474 1751; x_wconf 90' lang='lat' dir='ltr'><strong>quod</strong></span> <span class='ocrx_word' id='word_1_111' title='bbox 1523 1680 1576 1735; x_wconf 94' lang='lat' dir='ltr'><strong>in</strong></span> <span class='ocrx_word' id='word_1_112' title='bbox 1610 1678 1887 1733; x_wconf 85' lang='lat' dir='ltr'><strong>alimentis</strong></span> <span class='ocrx_word' id='word_1_113' title='bbox 1918 1678 2082 1731; x_wconf 89' lang='lat' dir='ltr'><strong>ratio-</strong></span> 
     </span>
    </p>
   </div>
   <div class='ocr_carea' id='block_1_20' title="bbox 496 1766 2083 1840">
    <p class='ocr_par' dir='ltr' id='par_1_20' title="bbox 496 1766 2083 1840">
     <span class='ocr_line' id='line_1_20' title="bbox 496 1766 2083 1840; baseline -0.004 -15"><span class='ocrx_word' id='word_1_114' title='bbox 496 1771 772 1827; x_wconf 85' lang='lat' dir='ltr'><strong>nabilibus</strong></span> <span class='ocrx_word' id='word_1_115' title='bbox 837 1786 1005 1840; x_wconf 76' lang='lat' dir='ltr'><strong>rapax</strong></span> <span class='ocrx_word' id='word_1_116' title='bbox 1076 1781 1161 1826; x_wconf 87' lang='lat' dir='ltr'><strong>est</strong></span> <span class='ocrx_word' id='word_1_117' title='bbox 1226 1779 1282 1825; x_wconf 91' lang='lat' dir='ltr'><strong>et</strong></span> <span class='ocrx_word' id='word_1_118' title='bbox 1340 1770 1791 1833; x_wconf 62' lang='lat' dir='ltr'><strong>distributixum,</strong></span> <span class='ocrx_word' id='word_1_119' title='bbox 1856 1766 2083 1835; x_wconf 71' lang='lat' dir='ltr'><strong>implere</strong></span> 
     </span>
    </p>
   </div>
   <div class='ocr_carea' id='block_1_21' title="bbox 494 1870 726 1932">
    <p class='ocr_par' dir='ltr' id='par_1_21' title="bbox 494 1870 726 1932">
     <span class='ocr_line' id='line_1_21' title="bbox 494 1870 726 1932; baseline 0.004 -18"><span class='ocrx_word' id='word_1_120' title='bbox 494 1870 726 1932; x_wconf 77' lang='lat' dir='ltr'><strong>qucum.</strong></span> 
     </span>
    </p>
   </div>
   <div class='ocr_carea' id='block_1_22' title="bbox 2182 667 3789 744">
    <p class='ocr_par' dir='ltr' id='par_1_22' title="bbox 2182 667 3789 744">
     <span class='ocr_line' id='line_1_22' title="bbox 2182 667 3789 744; baseline 0.004 -22"><span class='ocrx_word' id='word_1_121' title='bbox 2182 668 2275 722; x_wconf 74' lang='grc' dir='ltr'><strong>τὸν</strong></span> <span class='ocrx_word' id='word_1_122' title='bbox 2307 667 2518 721; x_wconf 80' lang='grc' dir='ltr'><strong>ἄσωτον</strong></span> <span class='ocrx_word' id='word_1_123' title='bbox 2571 669 2635 721; x_wconf 85' lang='grc' dir='ltr'><strong>ἐκ</strong></span> <span class='ocrx_word' id='word_1_124' title='bbox 2684 668 2795 722; x_wconf 82' lang='grc' dir='ltr'><strong>τῶν</strong></span> <span class='ocrx_word' id='word_1_125' title='bbox 2827 668 3120 741; x_wconf 86' lang='grc' dir='ltr'>κερατίων.</span> <span class='ocrx_word' id='word_1_126' title='bbox 3180 669 3244 724; x_wconf 87' lang='grc' dir='ltr'><strong>Ἦ</strong></span> <span class='ocrx_word' id='word_1_127' title='bbox 3283 670 3474 744; x_wconf 80' lang='grc' dir='ltr'>λογικὴ</span> <span class='ocrx_word' id='word_1_128' title='bbox 3502 670 3664 742; x_wconf 90' lang='grc' dir='ltr'>φύσις</span> <span class='ocrx_word' id='word_1_129' title='bbox 3691 668 3789 728; x_wconf 67' lang='grc' dir='ltr'>’ἐν</span> 
     </span>
    </p>
   </div>
   <div class='ocr_carea' id='block_1_23' title="bbox 2183 757 3778 834">
    <p class='ocr_par' dir='ltr' id='par_1_23' title="bbox 2183 757 3778 834">
     <span class='ocr_line' id='line_1_23' title="bbox 2183 757 3778 834; baseline 0.004 -22"><span class='ocrx_word' id='word_1_130' title='bbox 2183 757 2379 829; x_wconf 70' lang='grc' dir='ltr'>ἀλογίᾳ</span> <span class='ocrx_word' id='word_1_131' title='bbox 2409 757 2678 829; x_wconf 82' lang='grc' dir='ltr'><strong>γενομένη</strong></span> <span class='ocrx_word' id='word_1_132' title='bbox 2707 757 2987 827; x_wconf 84' lang='grc' dir='ltr'>ἐπιθυμεῖ,</span> <span class='ocrx_word' id='word_1_133' title='bbox 3020 758 3122 814; x_wconf 76' lang='grc' dir='ltr'>κᾶν</span> <span class='ocrx_word' id='word_1_134' title='bbox 3158 759 3231 831; x_wconf 80' lang='grc' dir='ltr'>μὴ</span> <span class='ocrx_word' id='word_1_135' title='bbox 3274 762 3334 815; x_wconf 86' lang='grc' dir='ltr'><strong>ἐν</strong></span> <span class='ocrx_word' id='word_1_136' title='bbox 3378 761 3656 834; x_wconf 74' lang='grc' dir='ltr'><strong>κρείττοσι</strong></span> <span class='ocrx_word' id='word_1_137' title='bbox 3684 763 3778 819; x_wconf 86' lang='grc' dir='ltr'>λό-</span> 
     </span>
    </p>
   </div>
   <div class='ocr_carea' id='block_1_24' title="bbox 2185 848 3776 928">
    <p class='ocr_par' dir='ltr' id='par_1_24' title="bbox 2185 848 3776 928">
     <span class='ocr_line' id='line_1_24' title="bbox 2185 848 3776 928; baseline 0.006 -25"><span class='ocrx_word' id='word_1_138' title='bbox 2185 867 2323 919; x_wconf 85' lang='grc' dir='ltr'>γοις,</span> <span class='ocrx_word' id='word_1_139' title='bbox 2356 849 2415 903; x_wconf 84' lang='grc' dir='ltr'><strong>ἐν</strong></span> <span class='ocrx_word' id='word_1_140' title='bbox 2445 848 2653 913; x_wconf 77' lang='grc' dir='ltr'>ὁποίοις</span> <span class='ocrx_word' id='word_1_141' title='bbox 2685 849 2818 920; x_wconf 90' lang='grc' dir='ltr'>γοῦν</span> <span class='ocrx_word' id='word_1_142' title='bbox 2842 852 3196 923; x_wconf 75' lang='grc' dir='ltr'><strong>καταντῆσαι.</strong></span> <span class='ocrx_word' id='word_1_143' title='bbox 3236 853 3390 907; x_wconf 77' lang='grc' dir='ltr'>Ἐπεὶ</span> <span class='ocrx_word' id='word_1_144' title='bbox 3434 854 3492 908; x_wconf 78' lang='grc' dir='ltr'><strong>δέ</strong></span> <span class='ocrx_word' id='word_1_145' title='bbox 3538 858 3776 928; x_wconf 82' lang='grc' dir='ltr'><strong>κεράτια</strong></span> 
     </span>
    </p>
   </div>
   <div class='ocr_carea' id='block_1_25' title="bbox 2185 939 3778 1020">
    <p class='ocr_par' dir='ltr' id='par_1_25' title="bbox 2185 939 3778 1020">
     <span class='ocr_line' id='line_1_25' title="bbox 2185 939 3778 1020; baseline 0.006 -26"><span class='ocrx_word' id='word_1_146' title='bbox 2185 939 2450 1011; x_wconf 77' lang='grc' dir='ltr'>γλυκάζει</span> <span class='ocrx_word' id='word_1_147' title='bbox 2486 943 2604 1014; x_wconf 78' lang='grc' dir='ltr'>μὲν,</span> <span class='ocrx_word' id='word_1_148' title='bbox 2637 943 2731 996; x_wconf 71' lang='grc' dir='ltr'><strong>καὶ</strong></span> <span class='ocrx_word' id='word_1_149' title='bbox 2761 943 2965 998; x_wconf 78' lang='grc' dir='ltr'>πιαίνει</span> <span class='ocrx_word' id='word_1_150' title='bbox 2992 942 3058 997; x_wconf 76' lang='grc' dir='ltr'>τὸ</span> <span class='ocrx_word' id='word_1_151' title='bbox 3103 943 3284 1016; x_wconf 84' lang='grc' dir='ltr'>σῶμα,</span> <span class='ocrx_word' id='word_1_152' title='bbox 3315 945 3395 1017; x_wconf 82' lang='grc' dir='ltr'>τῷ</span> <span class='ocrx_word' id='word_1_153' title='bbox 3424 946 3481 1001; x_wconf 80' lang='grc' dir='ltr'><strong>δὲ</strong></span> <span class='ocrx_word' id='word_1_154' title='bbox 3514 948 3778 1020; x_wconf 79' lang='grc' dir='ltr'>σκυϐάλῳ</span> 
     </span>
    </p>
   </div>
   <div class='ocr_carea' id='block_1_26' title="bbox 2183 1029 3778 1108">
    <p class='ocr_par' dir='ltr' id='par_1_26' title="bbox 2183 1029 3778 1108">
     <span class='ocr_line' id='line_1_26' title="bbox 2183 1029 3778 1108; baseline 0.003 -19"><span class='ocrx_word' id='word_1_155' title='bbox 2183 1034 2244 1089; x_wconf 79' lang='grc' dir='ltr'>οὐ</span> <span class='ocrx_word' id='word_1_156' title='bbox 2277 1035 2494 1089; x_wconf 81' lang='grc' dir='ltr'>δίδωσιν</span> <span class='ocrx_word' id='word_1_157' title='bbox 2511 1034 2650 1099; x_wconf 65' lang='grc' dir='ltr'>ὁδον,</span> <span class='ocrx_word' id='word_1_158' title='bbox 2686 1029 2795 1089; x_wconf 79' lang='grc' dir='ltr'>εἷεν</span> <span class='ocrx_word' id='word_1_159' title='bbox 2817 1031 2884 1089; x_wconf 73' lang='grc' dir='ltr'><strong>ἂν</strong></span> <span class='ocrx_word' id='word_1_160' title='bbox 2915 1033 3093 1089; x_wconf 78' lang='grc' dir='ltr'>ταῦτα</span> <span class='ocrx_word' id='word_1_161' title='bbox 3118 1036 3387 1105; x_wconf 77' lang='grc' dir='ltr'>φιλοΰλων</span> <span class='ocrx_word' id='word_1_162' title='bbox 3415 1038 3514 1092; x_wconf 70' lang='grc' dir='ltr'><strong>καῖ</strong></span> <span class='ocrx_word' id='word_1_163' title='bbox 3541 1037 3778 1108; x_wconf 63' lang='grc' dir='ltr'>φιλοσωι</span> 
     </span>
    </p>
   </div>
   <div class='ocr_carea' id='block_1_27' title="bbox 2187 1125 3782 1201">
    <p class='ocr_par' dir='ltr' id='par_1_27' title="bbox 2187 1125 3782 1201">
     <span class='ocr_line' id='line_1_27' title="bbox 2187 1125 3782 1201; baseline 0.001 -21"><span class='ocrx_word' id='word_1_164' title='bbox 2187 1125 2375 1198; x_wconf 83' lang='grc' dir='ltr'>μάτων</span> <span class='ocrx_word' id='word_1_165' title='bbox 2425 1125 2574 1196; x_wconf 79' lang='grc' dir='ltr'>λόγοι</span> <span class='ocrx_word' id='word_1_166' title='bbox 2622 1125 2859 1193; x_wconf 70' lang='grc' dir='ltr'>πιθανοὶ,</span> <span class='ocrx_word' id='word_1_167' title='bbox 2904 1126 3004 1199; x_wconf 75' lang='grc' dir='ltr'>τὴν</span> <span class='ocrx_word' id='word_1_168' title='bbox 3035 1126 3227 1201; x_wconf 68' lang='grc' dir='ltr'>ἡδονὴν</span> <span class='ocrx_word' id='word_1_169' title='bbox 3245 1128 3517 1198; x_wconf 84' lang='grc' dir='ltr'>λεγόντων</span> <span class='ocrx_word' id='word_1_170' title='bbox 3543 1128 3782 1199; x_wconf 71' lang='grc' dir='ltr'>ἀγαθὸν..</span> 
     </span>
    </p>
   </div>
   <div class='ocr_carea' id='block_1_28' title="bbox 2185 1217 3776 1295">
    <p class='ocr_par' dir='ltr' id='par_1_28' title="bbox 2185 1217 3776 1295">
     <span class='ocr_line' id='line_1_28' title="bbox 2185 1217 3776 1295; baseline 0.001 -22"><span class='ocrx_word' id='word_1_171' title='bbox 2185 1218 2538 1291; x_wconf 84' lang='grc' dir='ltr'>κνηθομένων</span> <span class='ocrx_word' id='word_1_172' title='bbox 2563 1217 2663 1292; x_wconf 76' lang='grc' dir='ltr'>τὴν</span> <span class='ocrx_word' id='word_1_173' title='bbox 2691 1220 2884 1291; x_wconf 78' lang='grc' dir='ltr'>ἀκοὴν,</span> <span class='ocrx_word' id='word_1_174' title='bbox 2916 1221 3014 1275; x_wconf 73' lang='grc' dir='ltr'><strong>καὶ</strong></span> <span class='ocrx_word' id='word_1_175' title='bbox 3054 1223 3146 1275; x_wconf 78' lang='grc' dir='ltr'><strong>ἐπὶ</strong></span> <span class='ocrx_word' id='word_1_176' title='bbox 3179 1223 3307 1287; x_wconf 82' lang='grc' dir='ltr'>τοὺς</span> <span class='ocrx_word' id='word_1_177' title='bbox 3337 1222 3541 1294; x_wconf 80' lang='grc' dir='ltr'>μύθους</span> <span class='ocrx_word' id='word_1_178' title='bbox 3580 1224 3776 1295; x_wconf 76' lang='grc' dir='ltr'>ἐκτρε-</span> 
     </span>
    </p>
   </div>
   <div class='ocr_carea' id='block_1_29' title="bbox 2184 1310 3781 1386">
    <p class='ocr_par' dir='ltr' id='par_1_29' title="bbox 2184 1310 3781 1386">
     <span class='ocr_line' id='line_1_29' title="bbox 2184 1310 3781 1386; baseline 0.003 -23"><span class='ocrx_word' id='word_1_179' title='bbox 2184 1310 2594 1381; x_wconf 80' lang='grc' dir='ltr'>πομένων.-Κιιὶ</span> <span class='ocrx_word' id='word_1_180' title='bbox 2636 1312 2837 1381; x_wconf 74' lang='grc' dir='ltr'>οὐδεὶς</span> <span class='ocrx_word' id='word_1_181' title='bbox 2882 1312 3107 1368; x_wconf 76' lang='grc' dir='ltr'>ἐδίδου.</span> <span class='ocrx_word' id='word_1_182' title='bbox 3151 1314 3276 1379; x_wconf 87' lang='grc' dir='ltr'>Τοῖς</span> <span class='ocrx_word' id='word_1_183' title='bbox 3300 1314 3410 1386; x_wconf 84' lang='grc' dir='ltr'><strong>γὰρ</strong></span> <span class='ocrx_word' id='word_1_184' title='bbox 3442 1314 3666 1382; x_wconf 75' lang='grc' dir='ltr'><strong>εὐφυέσι</strong></span> <span class='ocrx_word' id='word_1_185' title='bbox 3703 1315 3781 1367; x_wconf 78' lang='grc' dir='ltr'>τὰ</span> 
     </span>
    </p>
   </div>
   <div class='ocr_carea' id='block_1_30' title="bbox 2187 1400 3778 1477">
    <p class='ocr_par' dir='ltr' id='par_1_30' title="bbox 2187 1400 3778 1477">
     <span class='ocr_line' id='line_1_30' title="bbox 2187 1400 3778 1477; baseline 0.004 -22"><span class='ocrx_word' id='word_1_186' title='bbox 2187 1400 2363 1475; x_wconf 84' lang='grc' dir='ltr'>σαθρὰ</span> <span class='ocrx_word' id='word_1_187' title='bbox 2392 1402 2695 1476; x_wconf 77' lang='grc' dir='ltr'>μαθήματα</span> <span class='ocrx_word' id='word_1_188' title='bbox 2720 1406 2781 1459; x_wconf 83' lang='grc' dir='ltr'><strong>ού</strong></span> <span class='ocrx_word' id='word_1_189' title='bbox 2818 1404 3206 1477; x_wconf 82' lang='grc' dir='ltr'>παραδιδόασιν</span> <span class='ocrx_word' id='word_1_190' title='bbox 3233 1407 3283 1460; x_wconf 81' lang='grc' dir='ltr'>οἱ</span> <span class='ocrx_word' id='word_1_191' title='bbox 3312 1405 3527 1475; x_wconf 81' lang='grc' dir='ltr'>φαῦλοι,</span> <span class='ocrx_word' id='word_1_192' title='bbox 3581 1407 3668 1461; x_wconf 70' lang='lat' dir='ltr'><strong>rvat</strong></span> <span class='ocrx_word' id='word_1_193' title='bbox 3696 1406 3778 1477; x_wconf 78' lang='grc' dir='ltr'>μὴ</span> 
     </span>
    </p>
   </div>
   <div class='ocr_carea' id='block_1_31' title="bbox 2184 1492 3770 1569">
    <p class='ocr_par' dir='ltr' id='par_1_31' title="bbox 2184 1492 3770 1569">
     <span class='ocr_line' id='line_1_31' title="bbox 2184 1492 3770 1569; baseline 0.003 -24"><span class='ocrx_word' id='word_1_194' title='bbox 2184 1492 2534 1566; x_wconf 77' lang='grc' dir='ltr'>ἐλέγχωνται.</span> <span class='ocrx_word' id='word_1_195' title='bbox 2565 1495 2778 1560; x_wconf 72' lang='grc' dir='ltr'>’Ἄλλως</span> <span class='ocrx_word' id='word_1_196' title='bbox 2800 1514 2861 1550; x_wconf 88' lang='grc' dir='ltr'><strong>τε</strong></span> <span class='ocrx_word' id='word_1_197' title='bbox 2885 1498 2933 1550; x_wconf 88' lang='grc' dir='ltr'>οἱ</span> <span class='ocrx_word' id='word_1_198' title='bbox 2966 1495 3075 1549; x_wconf 85' lang='grc' dir='ltr'>τῶν</span> <span class='ocrx_word' id='word_1_199' title='bbox 3100 1495 3300 1561; x_wconf 77' lang='grc' dir='ltr'>ἔξωθεν</span> <span class='ocrx_word' id='word_1_200' title='bbox 3323 1496 3470 1565; x_wconf 84' lang='grc' dir='ltr'>λόγοι</span> <span class='ocrx_word' id='word_1_201' title='bbox 3520 1498 3770 1569; x_wconf 78' lang='grc' dir='ltr'>ἄτροφοι,</span> 
     </span>
    </p>
   </div>
   <div class='ocr_carea' id='block_1_32' title="bbox 2146 1584 3762 1661">
    <p class='ocr_par' dir='ltr' id='par_1_32' title="bbox 2146 1584 3762 1661">
     <span class='ocr_line' id='line_1_32' title="bbox 2146 1584 3762 1661; baseline 0.004 -25"><span class='ocrx_word' id='word_1_202' title='bbox 2146 1584 2147 1587; x_wconf 60' lang='grc'><em>“</em></span> <span class='ocrx_word' id='word_1_203' title='bbox 2183 1584 2280 1637; x_wconf 77' lang='grc' dir='ltr'>καὶ</span> <span class='ocrx_word' id='word_1_204' title='bbox 2307 1584 2368 1638; x_wconf 79' lang='grc' dir='ltr'><strong>τὸ</strong></span> <span class='ocrx_word' id='word_1_205' title='bbox 2400 1587 2707 1659; x_wconf 79' lang='grc' dir='ltr'>χωρητικὸν</span> <span class='ocrx_word' id='word_1_206' title='bbox 2753 1588 2846 1641; x_wconf 77' lang='grc' dir='ltr'>καὶ</span> <span class='ocrx_word' id='word_1_207' title='bbox 2873 1587 3191 1642; x_wconf 74' lang='grc' dir='ltr'>άναδοτικδν</span> <span class='ocrx_word' id='word_1_208' title='bbox 3215 1587 3325 1642; x_wconf 87' lang='grc' dir='ltr'>τῶν</span> <span class='ocrx_word' id='word_1_209' title='bbox 3375 1587 3611 1658; x_wconf 77' lang='grc' dir='ltr'>λογικῶν</span> <span class='ocrx_word' id='word_1_210' title='bbox 3641 1604 3762 1661; x_wconf 70' lang='grc' dir='ltr'>τραγ</span> 
     </span>
    </p>
   </div>
   <div class='ocr_carea' id='block_1_33' title="bbox 2185 1674 3010 1750">
    <p class='ocr_par' dir='ltr' id='par_1_33' title="bbox 2185 1674 3010 1750">
     <span class='ocr_line' id='line_1_33' title="bbox 2185 1674 3010 1750; baseline 0.01 -23"><span class='ocrx_word' id='word_1_211' title='bbox 2185 1674 2302 1744; x_wconf 84' lang='grc' dir='ltr'><strong>φῶν</strong></span> <span class='ocrx_word' id='word_1_212' title='bbox 2326 1677 2603 1750; x_wconf 73' lang='grc' dir='ltr'>ἐμπλῆσαι</span> <span class='ocrx_word' id='word_1_213' title='bbox 2633 1680 2696 1732; x_wconf 74' lang='grc' dir='ltr'><strong>οὐ</strong></span> <span class='ocrx_word' id='word_1_214' title='bbox 2728 1679 3010 1746; x_wconf 69' lang='grc' dir='ltr'>δύνανται.</span> 
     </span>
    </p>
   </div>
   <div class='ocr_carea' id='block_1_34' title="bbox 692 1945 2079 2028">
    <p class='ocr_par' dir='ltr' id='par_1_34' title="bbox 692 1945 2079 2023">
     <span class='ocr_line' id='line_1_34' title="bbox 692 1945 2079 2023; baseline -0.006 -15"><span class='ocrx_word' id='word_1_215' title='bbox 692 1952 845 2009; x_wconf 84' lang='lat' dir='ltr'><strong>Orat.</strong></span> <span class='ocrx_word' id='word_1_216' title='bbox 877 1970 965 2008; x_wconf 71' lang='lat' dir='ltr'><strong>xv.</strong></span> <span class='ocrx_word' id='word_1_217' title='bbox 993 1956 1094 2021; x_wconf 83' lang='grc' dir='ltr'>Είς</span> <span class='ocrx_word' id='word_1_218' title='bbox 1131 1953 1247 2023; x_wconf 68' lang='grc' dir='ltr'><strong>τὴν</strong></span> <span class='ocrx_word' id='word_1_219' title='bbox 1260 1953 1727 2023; x_wconf 71' lang='grc' dir='ltr'>μεταμόρφωσιν</span> <span class='ocrx_word' id='word_1_220' title='bbox 1758 1945 2041 2019; x_wconf 73' lang='grc' dir='ltr'>Χριστοῦ,</span> <span class='ocrx_word' id='word_1_221' title='bbox 2074 1947 2079 1999; x_wconf 94' lang='lat' dir='ltr'><strong>i</strong></span> 
     </span>
    </p>
   </div>
   <div class='ocr_carea' id='block_1_35' title="bbox 2181 1945 3569 2028">
    <p class='ocr_par' dir='ltr' id='par_1_35' title="bbox 2181 1951 3569 2028">
     <span class='ocr_line' id='line_1_35' title="bbox 2181 1951 3569 2028; baseline 0.003 -21"><span class='ocrx_word' id='word_1_222' title='bbox 2181 1961 2271 2007; x_wconf 84' lang='lat' dir='ltr'><strong>st:</strong></span> <span class='ocrx_word' id='word_1_223' title='bbox 2305 1951 2371 2008; x_wconf 85' lang='lat' dir='ltr'><strong>In</strong></span> <span class='ocrx_word' id='word_1_224' title='bbox 2403 1957 2930 2028; x_wconf 79' lang='lat' dir='ltr'><strong>transﬁguratt‘onem</strong></span> <span class='ocrx_word' id='word_1_225' title='bbox 2955 1955 3181 2024; x_wconf 60' lang='lat' dir='ltr'><strong>Christi,</strong></span> <span class='ocrx_word' id='word_1_226' title='bbox 3218 1957 3334 2013; x_wconf 69' lang='lat' dir='ltr'><strong>haec</strong></span> <span class='ocrx_word' id='word_1_227' title='bbox 3364 1956 3569 2011; x_wconf 82' lang='lat' dir='ltr'><strong>laudat‘.</strong></span> 
     </span>
    </p>
   </div>
   <div class='ocr_carea' id='block_1_36' title="bbox 562 2062 2079 2135">
    <p class='ocr_par' dir='ltr' id='par_1_36' title="bbox 562 2062 2077 2134">
     <span class='ocr_line' id='line_1_36' title="bbox 562 2062 2077 2134; baseline -0.007 -11"><span class='ocrx_word' id='word_1_228' title='bbox 562 2065 932 2134; x_wconf 83' lang='lat' dir='ltr'><strong>Quamobrem</strong></span> <span class='ocrx_word' id='word_1_229' title='bbox 958 2075 1016 2122; x_wconf 92' lang='lat' dir='ltr'><strong>ut</strong></span> <span class='ocrx_word' id='word_1_230' title='bbox 1040 2067 1202 2122; x_wconf 86' lang='lat' dir='ltr'><strong>etiam</strong></span> <span class='ocrx_word' id='word_1_231' title='bbox 1235 2081 1523 2121; x_wconf 86' lang='lat' dir='ltr'><strong>resumens</strong></span> <span class='ocrx_word' id='word_1_232' title='bbox 1545 2077 1861 2120; x_wconf 81' lang='lat' dir='ltr'><strong>sermonem</strong></span> <span class='ocrx_word' id='word_1_233' title='bbox 1878 2062 2077 2124; x_wconf 75' lang='lat' dir='ltr'><strong>dicam,</strong></span> 
     </span>
    </p>
   </div>
   <div class='ocr_carea' id='block_1_37' title="bbox 2181 2062 3776 2135">
    <p class='ocr_par' dir='ltr' id='par_1_37' title="bbox 2252 2066 3776 2135">
     <span class='ocr_line' id='line_1_37' title="bbox 2252 2066 3776 2135; baseline -0.002 -14"><span class='ocrx_word' id='word_1_234' title='bbox 2252 2068 2362 2122; x_wconf 72' lang='grc' dir='ltr'>Καὶ</span> <span class='ocrx_word' id='word_1_235' title='bbox 2407 2069 2589 2125; x_wconf 84' lang='grc' dir='ltr'>τοίνυν</span> <span class='ocrx_word' id='word_1_236' title='bbox 2650 2069 2737 2125; x_wconf 76' lang='grc' dir='ltr'><strong>ἵνα</strong></span> <span class='ocrx_word' id='word_1_237' title='bbox 2791 2070 2888 2124; x_wconf 80' lang='grc' dir='ltr'>καὶ</span> <span class='ocrx_word' id='word_1_238' title='bbox 2946 2067 3310 2125; x_wconf 75' lang='grc' dir='ltr'>ἐπαναλαῦὼν</span> <span class='ocrx_word' id='word_1_239' title='bbox 3360 2066 3450 2121; x_wconf 70' lang='grc' dir='ltr'>τὸν</span> <span class='ocrx_word' id='word_1_240' title='bbox 3503 2067 3658 2135; x_wconf 82' lang='grc' dir='ltr'>λόγον</span> <span class='ocrx_word' id='word_1_241' title='bbox 3697 2066 3776 2119; x_wconf 75' lang='grc' dir='ltr'>εῖ-</span> 
     </span>
    </p>
   </div>
   <div class='ocr_carea' id='block_1_38' title="bbox 501 2152 2086 2229">
    <p class='ocr_par' dir='ltr' id='par_1_38' title="bbox 501 2152 2086 2229">
     <span class='ocr_line' id='line_1_38' title="bbox 501 2152 2086 2229; baseline -0.006 -15"><span class='ocrx_word' id='word_1_242' title='bbox 501 2174 610 2214; x_wconf 85' lang='lat' dir='ltr'><strong>nou</strong></span> <span class='ocrx_word' id='word_1_243' title='bbox 637 2158 840 2214; x_wconf 85' lang='lat' dir='ltr'><strong>frustra</strong></span> <span class='ocrx_word' id='word_1_244' title='bbox 868 2167 994 2229; x_wconf 88' lang='lat' dir='ltr'><strong>post</strong></span> <span class='ocrx_word' id='word_1_245' title='bbox 1028 2174 1123 2214; x_wconf 80' lang='lat' dir='ltr'><strong>sex</strong></span> <span class='ocrx_word' id='word_1_246' title='bbox 1147 2157 1265 2212; x_wconf 89' lang='lat' dir='ltr'><strong>dies</strong></span> <span class='ocrx_word' id='word_1_247' title='bbox 1291 2156 1506 2212; x_wconf 79' lang='lat' dir='ltr'><strong>Marcus</strong></span> <span class='ocrx_word' id='word_1_248' title='bbox 1532 2164 1585 2211; x_wconf 88' lang='lat' dir='ltr'><strong>et</strong></span> <span class='ocrx_word' id='word_1_249' title='bbox 1617 2154 1903 2209; x_wconf 80' lang='lat' dir='ltr'><strong>Matthaeus</strong></span> <span class='ocrx_word' id='word_1_250' title='bbox 1933 2152 2086 2206; x_wconf 87' lang='lat' dir='ltr'><strong>aiunt</strong></span> 
     </span>
    </p>
   </div>
   <div class='ocr_carea' id='block_1_39' title="bbox 493 2243 2084 2315">
    <p class='ocr_par' dir='ltr' id='par_1_39' title="bbox 493 2243 2084 2315">
     <span class='ocr_line' id='line_1_39' title="bbox 493 2243 2084 2315; baseline -0.005 -10"><span class='ocrx_word' id='word_1_251' title='bbox 493 2250 788 2306; x_wconf 81' lang='lat' dir='ltr'><strong>ascendere</strong></span> <span class='ocrx_word' id='word_1_252' title='bbox 818 2248 1006 2305; x_wconf 80' lang='lat' dir='ltr'><strong>Jes‘um</strong></span> <span class='ocrx_word' id='word_1_253' title='bbox 1046 2251 1100 2304; x_wconf 90' lang='lat' dir='ltr'><strong>in</strong></span> <span class='ocrx_word' id='word_1_254' title='bbox 1133 2259 1371 2304; x_wconf 81' lang='lat' dir='ltr'><strong>montem</strong></span> <span class='ocrx_word' id='word_1_255' title='bbox 1436 2262 1560 2303; x_wconf 91' lang='lat' dir='ltr'><strong>cum</strong></span> <span class='ocrx_word' id='word_1_256' title='bbox 1597 2244 1884 2315; x_wconf 88' lang='lat' dir='ltr'><strong>discipulis</strong></span> <span class='ocrx_word' id='word_1_257' title='bbox 1918 2262 1946 2299; x_wconf 75' lang='grc' dir='ltr'><strong>ε·</strong></span> <span class='ocrx_word' id='word_1_258' title='bbox 1991 2243 2084 2298; x_wconf 85' lang='lat' dir='ltr'><strong>sed</strong></span> 
     </span>
    </p>
   </div>
   <div class='ocr_carea' id='block_1_40' title="bbox 496 2339 2085 2414">
    <p class='ocr_par' dir='ltr' id='par_1_40' title="bbox 496 2339 2085 2414">
     <span class='ocr_line' id='line_1_40' title="bbox 496 2339 2085 2414; baseline -0.004 -16"><span class='ocrx_word' id='word_1_259' title='bbox 496 2342 769 2414; x_wconf 77' lang='lat' dir='ltr'><strong>quoniam&#39;</strong></span> <span class='ocrx_word' id='word_1_260' title='bbox 817 2354 913 2397; x_wconf 87' lang='lat' dir='ltr'><strong>sex</strong></span> <span class='ocrx_word' id='word_1_261' title='bbox 972 2343 1165 2399; x_wconf 75' lang='lat' dir='ltr'><strong>dit-bus</strong></span> <span class='ocrx_word' id='word_1_262' title='bbox 1215 2342 1452 2413; x_wconf 84' lang='lat' dir='ltr'><strong>perfecto</strong></span> <span class='ocrx_word' id='word_1_263' title='bbox 1499 2354 1729 2395; x_wconf 87' lang='lat' dir='ltr'><strong>numero</strong></span> <span class='ocrx_word' id='word_1_264' title='bbox 1793 2339 2085 2393; x_wconf 83' lang='lat' dir='ltr'><strong>universus</strong></span> 
     </span>
    </p>
   </div>
   <div class='ocr_carea' id='block_1_41' title="bbox 494 2432 2084 2505">
    <p class='ocr_par' dir='ltr' id='par_1_41' title="bbox 494 2432 2084 2505">
     <span class='ocr_line' id='line_1_41' title="bbox 494 2432 2084 2505; baseline -0.004 -16"><span class='ocrx_word' id='word_1_265' title='bbox 494 2436 732 2491; x_wconf 87' lang='lat' dir='ltr'><strong>mundus</strong></span> <span class='ocrx_word' id='word_1_266' title='bbox 762 2433 939 2490; x_wconf 85' lang='lat' dir='ltr'><strong>factus</strong></span> <span class='ocrx_word' id='word_1_267' title='bbox 964 2444 1068 2498; x_wconf 84' lang='lat' dir='ltr'><strong>est,</strong></span> <span class='ocrx_word' id='word_1_268' title='bbox 1099 2435 1192 2505; x_wconf 75' lang='lat' dir='ltr'><strong>qui</strong></span> <span class='ocrx_word' id='word_1_269' title='bbox 1252 2435 1539 2488; x_wconf 78' lang='lat' dir='ltr'><strong>miiversas</strong></span> <span class='ocrx_word' id='word_1_270' title='bbox 1566 2432 1751 2487; x_wconf 91' lang='lat' dir='ltr'><strong>mundi</strong></span> <span class='ocrx_word' id='word_1_271' title='bbox 1777 2446 1864 2486; x_wconf 84' lang='lat' dir='ltr'><strong>res</strong></span> <span class='ocrx_word' id='word_1_272' title='bbox 1893 2443 2084 2500; x_wconf 87' lang='lat' dir='ltr'><strong>super-</strong></span> 
     </span>
    </p>
   </div>
   <div class='ocr_carea' id='block_1_42' title="bbox 492 2522 2085 2598">
    <p class='ocr_par' dir='ltr' id='par_1_42' title="bbox 492 2522 2085 2598">
     <span class='ocr_line' id='line_1_42' title="bbox 492 2522 2085 2598; baseline -0.005 -17"><span class='ocrx_word' id='word_1_273' title='bbox 492 2527 758 2598; x_wconf 66' lang='lat' dir='ltr'><strong>greditur,</strong></span> <span class='ocrx_word' id='word_1_274' title='bbox 792 2526 1127 2597; x_wconf 88' lang='lat' dir='ltr'><strong>stabilesque</strong></span> <span class='ocrx_word' id='word_1_275' title='bbox 1178 2527 1325 2581; x_wconf 88' lang='lat' dir='ltr'><strong>solas</strong></span> <span class='ocrx_word' id='word_1_276' title='bbox 1377 2533 1609 2580; x_wconf 69' lang='lat' dir='ltr'><strong>aeternas</strong></span> <span class='ocrx_word' id='word_1_277' title='bbox 1646 2523 1813 2587; x_wconf 71' lang='lat' dir='ltr'><strong>videt,</strong></span> <span class='ocrx_word' id='word_1_278' title='bbox 1844 2522 1931 2577; x_wconf 91' lang='lat' dir='ltr'><strong>hic</strong></span> <span class='ocrx_word' id='word_1_279' title='bbox 1963 2527 2085 2591; x_wconf 89' lang='lat' dir='ltr'><strong>post</strong></span> 
     </span>
    </p>
   </div>
   <div class='ocr_carea' id='block_1_43' title="bbox 491 2611 2075 2689">
    <p class='ocr_par' dir='ltr' id='par_1_43' title="bbox 491 2611 2075 2689">
     <span class='ocr_line' id='line_1_43' title="bbox 491 2611 2075 2689; baseline -0.004 -17"><span class='ocrx_word' id='word_1_280' title='bbox 491 2633 586 2673; x_wconf 88' lang='lat' dir='ltr'><strong>sex</strong></span> <span class='ocrx_word' id='word_1_281' title='bbox 618 2618 735 2674; x_wconf 88' lang='lat' dir='ltr'><strong>dies</strong></span> <span class='ocrx_word' id='word_1_282' title='bbox 778 2630 1092 2689; x_wconf 84' lang='lat' dir='ltr'><strong>assumptus</strong></span> <span class='ocrx_word' id='word_1_283' title='bbox 1148 2628 1271 2674; x_wconf 87' lang='lat' dir='ltr'><strong>esse</strong></span> <span class='ocrx_word' id='word_1_284' title='bbox 1317 2617 1629 2674; x_wconf 84' lang='lat' dir='ltr'><strong>declaratur</strong></span> <span class='ocrx_word' id='word_1_285' title='bbox 1689 2631 1720 2671; x_wconf 86' lang='lat' dir='ltr'><strong>a</strong></span> <span class='ocrx_word' id='word_1_286' title='bbox 1770 2613 1901 2670; x_wconf 80' lang='lat' dir='ltr'><strong>Jesu</strong></span> <span class='ocrx_word' id='word_1_287' title='bbox 1936 2632 1949 2667; x_wconf 92' lang='lat'>:</span> <span class='ocrx_word' id='word_1_288' title='bbox 1982 2611 2075 2681; x_wconf 87' lang='lat' dir='ltr'><strong>qui</strong></span> 
     </span>
    </p>
   </div>
   <div class='ocr_carea' id='block_1_44' title="bbox 492 2705 2077 2783">
    <p class='ocr_par' dir='ltr' id='par_1_44' title="bbox 492 2705 2077 2783">
     <span class='ocr_line' id='line_1_44' title="bbox 492 2705 2077 2783; baseline -0.004 -17"><span class='ocrx_word' id='word_1_289' title='bbox 492 2712 637 2766; x_wconf 87' lang='lat' dir='ltr'><strong>enim</strong></span> <span class='ocrx_word' id='word_1_290' title='bbox 673 2711 773 2767; x_wconf 86' lang='lat' dir='ltr'><strong>has</strong></span> <span class='ocrx_word' id='word_1_291' title='bbox 836 2724 1231 2783; x_wconf 78' lang='lat' dir='ltr'><strong>supergressus</strong></span> <span class='ocrx_word' id='word_1_292' title='bbox 1276 2721 1379 2777; x_wconf 80' lang='lat' dir='ltr'><strong>est,</strong></span> <span class='ocrx_word' id='word_1_293' title='bbox 1440 2710 1586 2767; x_wconf 76' lang='lat' dir='ltr'><strong>videt</strong></span> <span class='ocrx_word' id='word_1_294' title='bbox 1617 2708 1804 2765; x_wconf 87' lang='lat' dir='ltr'><strong>Jesum</strong></span> <span class='ocrx_word' id='word_1_295' title='bbox 1864 2705 2077 2761; x_wconf 88' lang='lat' dir='ltr'><strong>nemini</strong></span> 
     </span>
    </p>
   </div>
   <div class='ocr_carea' id='block_1_45' title="bbox 490 2799 2081 2878">
    <p class='ocr_par' dir='ltr' id='par_1_45' title="bbox 490 2799 2081 2878">
     <span class='ocr_line' id='line_1_45' title="bbox 490 2799 2081 2878; baseline -0.004 -17"><span class='ocrx_word' id='word_1_296' title='bbox 490 2806 878 2878; x_wconf 81' lang='lat' dir='ltr'><strong>eorum_983</strong></span> <span class='ocrx_word' id='word_1_297' title='bbox 912 2806 1005 2877; x_wconf 87' lang='lat' dir='ltr'><strong>qui</strong></span> <span class='ocrx_word' id='word_1_298' title='bbox 1056 2804 1196 2860; x_wconf 87' lang='lat' dir='ltr'><strong>infra</strong></span> <span class='ocrx_word' id='word_1_299' title='bbox 1247 2812 1397 2871; x_wconf 87' lang='lat' dir='ltr'><strong>sunt,</strong></span> <span class='ocrx_word' id='word_1_300' title='bbox 1453 2803 1923 2874; x_wconf 82' lang='lat' dir='ltr'><strong>transfiguratum,</strong></span> <span class='ocrx_word' id='word_1_301' title='bbox 1987 2799 2081 2857; x_wconf 87' lang='lat' dir='ltr'><strong>sed</strong></span> 
     </span>
    </p>
   </div>
   <div class='ocr_carea' id='block_1_46' title="bbox 491 2895 2082 2970">
    <p class='ocr_par' dir='ltr' id='par_1_46' title="bbox 491 2895 2082 2970">
     <span class='ocr_line' id='line_1_46' title="bbox 491 2895 2082 2970; baseline -0.002 -17"><span class='ocrx_word' id='word_1_302' title='bbox 491 2899 948 2955; x_wconf 87' lang='lat' dir='ltr'><strong>transformalum</strong></span> <span class='ocrx_word' id='word_1_303' title='bbox 977 2906 1104 2962; x_wconf 82' lang='lat' dir='ltr'><strong>ante</strong></span> <span class='ocrx_word' id='word_1_304' title='bbox 1127 2915 1186 2955; x_wconf 86' lang='lat' dir='ltr'><strong>se</strong></span> <span class='ocrx_word' id='word_1_305' title='bbox 1217 2916 1230 2952; x_wconf 90' lang='lat'><strong>:</strong></span> <span class='ocrx_word' id='word_1_306' title='bbox 1262 2906 1491 2970; x_wconf 81' lang='lat' dir='ltr'><strong>apparet</strong></span> <span class='ocrx_word' id='word_1_307' title='bbox 1538 2897 1684 2953; x_wconf 88' lang='lat' dir='ltr'><strong>enim</strong></span> <span class='ocrx_word' id='word_1_308' title='bbox 1710 2895 1951 2952; x_wconf 81' lang='lat' dir='ltr'><strong>Verbum</strong></span> <span class='ocrx_word' id='word_1_309' title='bbox 1984 2909 2082 2950; x_wconf 77' lang='lat' dir='ltr'><strong>va-</strong></span> 
     </span>
    </p>
   </div>
   <div class='ocr_carea' id='block_1_47' title="bbox 492 2989 2099 3064">
    <p class='ocr_par' dir='ltr' id='par_1_47' title="bbox 492 2989 2099 3064">
     <span class='ocr_line' id='line_1_47' title="bbox 492 2989 2099 3064; baseline -0.002 -16"><span class='ocrx_word' id='word_1_310' title='bbox 492 2994 603 3049; x_wconf 85' lang='lat' dir='ltr'><strong>rias</strong></span> <span class='ocrx_word' id='word_1_311' title='bbox 626 2994 834 3049; x_wconf 81' lang='lat' dir='ltr'><strong>habens</strong></span> <span class='ocrx_word' id='word_1_312' title='bbox 858 2992 1086 3056; x_wconf 80' lang='lat' dir='ltr'><strong>formas,</strong></span> <span class='ocrx_word' id='word_1_313' title='bbox 1110 2991 1407 3063; x_wconf 78' lang='lat' dir='ltr'><strong>unicuique</strong></span> <span class='ocrx_word' id='word_1_314' title='bbox 1431 2998 1597 3064; x_wconf 92' lang='lat' dir='ltr'><strong>prout</strong></span> <span class='ocrx_word' id='word_1_315' title='bbox 1624 3005 1795 3060; x_wconf 80' lang='lat' dir='ltr'><strong>capax</strong></span> <span class='ocrx_word' id='word_1_316' title='bbox 1821 2998 1905 3045; x_wconf 91' lang='lat' dir='ltr'><strong>est</strong></span> <span class='ocrx_word' id='word_1_317' title='bbox 1923 3009 1937 3045; x_wconf 91' lang='lat'>:</span> <span class='ocrx_word' id='word_1_318' title='bbox 1958 2989 2099 3045; x_wconf 87' lang='lat' dir='ltr'><strong>aliis-</strong></span> 
     </span>
    </p>
   </div>
   <div class='ocr_carea' id='block_1_48' title="bbox 491 3080 2093 3155">
    <p class='ocr_par' dir='ltr' id='par_1_48' title="bbox 491 3080 2093 3155">
     <span class='ocr_line' id='line_1_48' title="bbox 491 3080 2093 3155; baseline -0.001 -18"><span class='ocrx_word' id='word_1_319' title='bbox 491 3085 710 3154; x_wconf 86' lang='lat' dir='ltr'><strong>quidem</strong></span> <span class='ocrx_word' id='word_1_320' title='bbox 740 3098 849 3139; x_wconf 90' lang='lat' dir='ltr'><strong>non</strong></span> <span class='ocrx_word' id='word_1_321' title='bbox 874 3083 1039 3139; x_wconf 85' lang='lat' dir='ltr'><strong>habet</strong></span> <span class='ocrx_word' id='word_1_322' title='bbox 1070 3084 1329 3155; x_wconf 87' lang='lat' dir='ltr'><strong>speciem,</strong></span> <span class='ocrx_word' id='word_1_323' title='bbox 1361 3098 1540 3154; x_wconf 88' lang='lat' dir='ltr'><strong>neque</strong></span> <span class='ocrx_word' id='word_1_324' title='bbox 1574 3080 2035 3152; x_wconf 86' lang='lat' dir='ltr'><strong>pulchritudinem</strong></span> <span class='ocrx_word' id='word_1_325' title='bbox 2065 3099 2093 3135; x_wconf 54' lang='lat'><strong>:-</strong></span> 
     </span>
    </p>
   </div>
   <div class='ocr_carea' id='block_1_49' title="bbox 491 3169 2080 3244">
    <p class='ocr_par' dir='ltr' id='par_1_49' title="bbox 491 3169 2080 3244">
     <span class='ocr_line' id='line_1_49' title="bbox 491 3169 2080 3244; baseline -0.003 -16"><span class='ocrx_word' id='word_1_326' title='bbox 491 3174 616 3228; x_wconf 84' lang='lat' dir='ltr'><strong>aliis</strong></span> <span class='ocrx_word' id='word_1_327' title='bbox 642 3173 953 3244; x_wconf 82' lang='lat' dir='ltr'><strong>speciosum</strong></span> <span class='ocrx_word' id='word_1_328' title='bbox 993 3182 1076 3228; x_wconf 91' lang='lat' dir='ltr'><strong>est</strong></span> <span class='ocrx_word' id='word_1_329' title='bbox 1103 3172 1280 3227; x_wconf 88' lang='lat' dir='ltr'><strong>forma</strong></span> <span class='ocrx_word' id='word_1_330' title='bbox 1315 3191 1329 3228; x_wconf 89' lang='lat'><strong>:</strong></span> <span class='ocrx_word' id='word_1_331' title='bbox 1369 3172 1438 3228; x_wconf 91' lang='lat' dir='ltr'><strong>iis</strong></span> <span class='ocrx_word' id='word_1_332' title='bbox 1467 3171 1611 3226; x_wconf 89' lang='lat' dir='ltr'><strong>enim</strong></span> <span class='ocrx_word' id='word_1_333' title='bbox 1639 3169 1735 3240; x_wconf 87' lang='lat' dir='ltr'><strong>qui</strong></span> <span class='ocrx_word' id='word_1_334' title='bbox 1783 3185 1879 3241; x_wconf 90' lang='lat' dir='ltr'><strong>per</strong></span> <span class='ocrx_word' id='word_1_335' title='bbox 1907 3169 2080 3225; x_wconf 86' lang='lat' dir='ltr'><strong>subli-</strong></span> 
     </span>
    </p>
   </div>
   <div class='ocr_carea' id='block_1_50' title="bbox 494 3260 2083 3335">
    <p class='ocr_par' dir='ltr' id='par_1_50' title="bbox 494 3260 2083 3335">
     <span class='ocr_line' id='line_1_50' title="bbox 494 3260 2083 3335; baseline -0.003 -16"><span class='ocrx_word' id='word_1_336' title='bbox 494 3264 602 3319; x_wconf 88' lang='lat' dir='ltr'><strong>mia</strong></span> <span class='ocrx_word' id='word_1_337' title='bbox 635 3278 803 3335; x_wconf 86' lang='lat' dir='ltr'><strong>opera</strong></span> <span class='ocrx_word' id='word_1_338' title='bbox 836 3264 1160 3329; x_wconf 82' lang='lat' dir='ltr'><strong>asceudunt,</strong></span> <span class='ocrx_word' id='word_1_339' title='bbox 1204 3270 1261 3318; x_wconf 93' lang='lat' dir='ltr'><strong>et</strong></span> <span class='ocrx_word' id='word_1_340' title='bbox 1308 3274 1402 3332; x_wconf 88' lang='lat' dir='ltr'><strong>per</strong></span> <span class='ocrx_word' id='word_1_341' title='bbox 1430 3263 1547 3332; x_wconf 91' lang='lat' dir='ltr'><strong>ipsa</strong></span> <span class='ocrx_word' id='word_1_342' title='bbox 1571 3260 1637 3315; x_wconf 89' lang='lat' dir='ltr'><strong>ad</strong></span> <span class='ocrx_word' id='word_1_343' title='bbox 1686 3260 1963 3316; x_wconf 90' lang='lat' dir='ltr'><strong>excelsum</strong></span> <span class='ocrx_word' id='word_1_344' title='bbox 1992 3272 2083 3315; x_wconf 83' lang='lat' dir='ltr'><strong>sa-</strong></span> 
     </span>
    </p>
   </div>
   <div class='ocr_carea' id='block_1_51' title="bbox 492 3352 2079 3427">
    <p class='ocr_par' dir='ltr' id='par_1_51' title="bbox 492 3352 2079 3427">
     <span class='ocr_line' id='line_1_51' title="bbox 492 3352 2079 3427; baseline -0.003 -16"><span class='ocrx_word' id='word_1_345' title='bbox 492 3358 712 3427; x_wconf 78' lang='lat' dir='ltr'><strong>pientiae</strong></span> <span class='ocrx_word' id='word_1_346' title='bbox 744 3364 984 3410; x_wconf 89' lang='lat' dir='ltr'><strong>montem</strong></span> <span class='ocrx_word' id='word_1_347' title='bbox 1014 3354 1263 3421; x_wconf 79' lang='lat' dir='ltr'><strong>veniunt,</strong></span> <span class='ocrx_word' id='word_1_348' title='bbox 1288 3354 1609 3424; x_wconf 87' lang='lat' dir='ltr'><strong>simpliciter</strong></span> <span class='ocrx_word' id='word_1_349' title='bbox 1640 3352 1995 3424; x_wconf 79' lang='lat' dir='ltr'><strong>intelligitur,</strong></span> <span class='ocrx_word' id='word_1_350' title='bbox 2024 3360 2079 3408; x_wconf 90' lang='lat' dir='ltr'><strong>et</strong></span> 
     </span>
    </p>
   </div>
   <div class='ocr_carea' id='block_1_52' title="bbox 2188 2158 3798 2235">
    <p class='ocr_par' dir='ltr' id='par_1_52' title="bbox 2188 2158 3798 2235">
     <span class='ocr_line' id='line_1_52' title="bbox 2188 2158 3798 2235; baseline -0.004 -18"><span class='ocrx_word' id='word_1_351' title='bbox 2188 2178 2367 2233; x_wconf 89' lang='grc' dir='ltr'>ποιμι,</span> <span class='ocrx_word' id='word_1_352' title='bbox 2407 2163 2468 2216; x_wconf 84' lang='grc' dir='ltr'><strong>οὐ</strong></span> <span class='ocrx_word' id='word_1_353' title='bbox 2530 2162 2707 2235; x_wconf 84' lang='grc' dir='ltr'>μάτην</span> <span class='ocrx_word' id='word_1_354' title='bbox 2740 2162 2858 2232; x_wconf 81' lang='grc' dir='ltr'>μεθ’</span> <span class='ocrx_word' id='word_1_355' title='bbox 2913 2161 2974 2227; x_wconf 77' lang='grc' dir='ltr'><strong>ἐξ</strong></span> <span class='ocrx_word' id='word_1_356' title='bbox 3027 2160 3241 2233; x_wconf 63' lang='grc' dir='ltr'>ἡμέρας</span> <span class='ocrx_word' id='word_1_357' title='bbox 3291 2161 3321 2213; x_wconf 85' lang='lat'><strong>6</strong></span> <span class='ocrx_word' id='word_1_358' title='bbox 3370 2158 3600 2231; x_wconf 77' lang='grc' dir='ltr'>Μάρκος</span> <span class='ocrx_word' id='word_1_359' title='bbox 3630 2160 3722 2212; x_wconf 74' lang='grc' dir='ltr'><strong>καὶ</strong></span> <span class='ocrx_word' id='word_1_360' title='bbox 3746 2158 3798 2209; x_wconf 73' lang='grc' dir='ltr'><strong>όἸ</strong></span> 
     </span>
    </p>
   </div>
   <div class='ocr_carea' id='block_1_53' title="bbox 2184 2251 3785 2326">
    <p class='ocr_par' dir='ltr' id='par_1_53' title="bbox 2184 2251 3785 2326">
     <span class='ocr_line' id='line_1_53' title="bbox 2184 2251 3785 2326; baseline -0.003 -16"><span class='ocrx_word' id='word_1_361' title='bbox 2184 2254 2649 2326; x_wconf 81' lang='grc' dir='ltr'>Ματθαῖόςφασιν</span> <span class='ocrx_word' id='word_1_362' title='bbox 2675 2254 2919 2309; x_wconf 83' lang='grc' dir='ltr'>ἀνελθεῖν</span> <span class='ocrx_word' id='word_1_363' title='bbox 2952 2254 3042 2308; x_wconf 73' lang='grc' dir='ltr'>τὸν</span> <span class='ocrx_word' id='word_1_364' title='bbox 3085 2253 3294 2324; x_wconf 87' lang='grc' dir='ltr'>Ἰησοῦν</span> <span class='ocrx_word' id='word_1_365' title='bbox 3322 2253 3401 2316; x_wconf 81' lang='grc' dir='ltr'><strong>εἰς</strong></span> <span class='ocrx_word' id='word_1_366' title='bbox 3431 2252 3494 2304; x_wconf 83' lang='grc' dir='ltr'><strong>τὸ</strong></span> <span class='ocrx_word' id='word_1_367' title='bbox 3517 2251 3644 2324; x_wconf 80' lang='grc' dir='ltr'>ὄρος</span> <span class='ocrx_word' id='word_1_368' title='bbox 3678 2251 3785 2305; x_wconf 72' lang='grc' dir='ltr'><strong>σὺν</strong></span> 
     </span>
    </p>
   </div>
   <div class='ocr_carea' id='block_1_54' title="bbox 2183 2344 3789 2418">
    <p class='ocr_par' dir='ltr' id='par_1_54' title="bbox 2183 2344 3789 2418">
     <span class='ocr_line' id='line_1_54' title="bbox 2183 2344 3789 2418; baseline -0.002 -17"><span class='ocrx_word' id='word_1_369' title='bbox 2183 2349 2297 2412; x_wconf 88' lang='grc' dir='ltr'>τοῖς</span> <span class='ocrx_word' id='word_1_370' title='bbox 2334 2346 2621 2418; x_wconf 83' lang='grc' dir='ltr'>μαθηταῖς·</span> <span class='ocrx_word' id='word_1_371' title='bbox 2659 2346 2774 2400; x_wconf 80' lang='grc' dir='ltr'>ἀλλ’</span> <span class='ocrx_word' id='word_1_372' title='bbox 2804 2348 2928 2400; x_wconf 72' lang='grc' dir='ltr'>ἐπεὶ</span> <span class='ocrx_word' id='word_1_373' title='bbox 2954 2347 3010 2399; x_wconf 83' lang='grc' dir='ltr'><strong>ἐν</strong></span> <span class='ocrx_word' id='word_1_374' title='bbox 3049 2344 3110 2411; x_wconf 80' lang='grc' dir='ltr'><strong>ἒξ</strong></span> <span class='ocrx_word' id='word_1_375' title='bbox 3146 2344 3385 2418; x_wconf 78' lang='grc' dir='ltr'>ἡμέραις</span> <span class='ocrx_word' id='word_1_376' title='bbox 3434 2345 3626 2416; x_wconf 83' lang='grc' dir='ltr'>τελείῳ</span> <span class='ocrx_word' id='word_1_377' title='bbox 3655 2345 3789 2416; x_wconf 61' lang='grc' dir='ltr'>ἀριε</span> 
     </span>
    </p>
   </div>
   <div class='ocr_carea' id='block_1_55' title="bbox 2184 2434 3791 2511">
    <p class='ocr_par' dir='ltr' id='par_1_55' title="bbox 2184 2434 3791 2511">
     <span class='ocr_line' id='line_1_55' title="bbox 2184 2434 3791 2511; baseline -0.001 -20"><span class='ocrx_word' id='word_1_378' title='bbox 2184 2437 2308 2511; x_wconf 86' lang='grc' dir='ltr'>θμῷ</span> <span class='ocrx_word' id='word_1_379' title='bbox 2337 2441 2368 2493; x_wconf 97' lang='lat'><strong>6</strong></span> <span class='ocrx_word' id='word_1_380' title='bbox 2418 2437 2642 2510; x_wconf 78' lang='grc' dir='ltr'>σύμπας</span> <span class='ocrx_word' id='word_1_381' title='bbox 2673 2438 2878 2510; x_wconf 82' lang='grc' dir='ltr'>κόσμος</span> <span class='ocrx_word' id='word_1_382' title='bbox 2933 2439 3247 2511; x_wconf 86' lang='grc' dir='ltr'>γεγένηται,</span> <span class='ocrx_word' id='word_1_383' title='bbox 3275 2441 3303 2493; x_wconf 87' lang='grc' dir='ltr'>ὁ</span> <span class='ocrx_word' id='word_1_384' title='bbox 3343 2437 3520 2491; x_wconf 84' lang='grc' dir='ltr'>πάντα</span> <span class='ocrx_word' id='word_1_385' title='bbox 3576 2435 3647 2490; x_wconf 85' lang='grc' dir='ltr'><strong>τά</strong></span> <span class='ocrx_word' id='word_1_386' title='bbox 3677 2434 3791 2490; x_wconf 70' lang='grc' dir='ltr'><strong>τοῦ</strong></span> 
     </span>
    </p>
   </div>
   <div class='ocr_carea' id='block_1_56' title="bbox 2185 2528 3780 2604">
    <p class='ocr_par' dir='ltr' id='par_1_56' title="bbox 2185 2528 3780 2604">
     <span class='ocr_line' id='line_1_56' title="bbox 2185 2528 3780 2604; baseline 0 -19"><span class='ocrx_word' id='word_1_387' title='bbox 2185 2530 2394 2604; x_wconf 84' lang='grc' dir='ltr'>κόσμου</span> <span class='ocrx_word' id='word_1_388' title='bbox 2419 2529 2765 2604; x_wconf 78' lang='grc' dir='ltr'>ὑπερϐαίνων</span> <span class='ocrx_word' id='word_1_389' title='bbox 2793 2533 3117 2603; x_wconf 85' lang='grc' dir='ltr'>πράγματα,</span> <span class='ocrx_word' id='word_1_390' title='bbox 3148 2531 3363 2602; x_wconf 82' lang='grc' dir='ltr'>βλέπων</span> <span class='ocrx_word' id='word_1_391' title='bbox 3391 2532 3449 2585; x_wconf 83' lang='grc' dir='ltr'><strong>δὲ</strong></span> <span class='ocrx_word' id='word_1_392' title='bbox 3469 2531 3537 2586; x_wconf 78' lang='grc' dir='ltr'>τὰ</span> <span class='ocrx_word' id='word_1_393' title='bbox 3563 2528 3780 2585; x_wconf 77' lang='grc' dir='ltr'>ἐστιῖντα</span> 
     </span>
    </p>
   </div>
   <div class='ocr_carea' id='block_1_57' title="bbox 2187 2617 3791 2699">
    <p class='ocr_par' dir='ltr' id='par_1_57' title="bbox 2187 2617 3791 2699">
     <span class='ocr_line' id='line_1_57' title="bbox 2187 2617 3791 2699; baseline -0.002 -21"><span class='ocrx_word' id='word_1_394' title='bbox 2187 2625 2326 2697; x_wconf 88' lang='grc' dir='ltr'>μόνα</span> <span class='ocrx_word' id='word_1_395' title='bbox 2355 2624 2452 2678; x_wconf 71' lang='grc' dir='ltr'><strong>καὶ</strong></span> <span class='ocrx_word' id='word_1_396' title='bbox 2483 2622 2698 2699; x_wconf 86' lang='grc' dir='ltr'>αίὼνια,</span> <span class='ocrx_word' id='word_1_397' title='bbox 2725 2617 2882 2689; x_wconf 73' lang='grc' dir='ltr'>οὗτος</span> <span class='ocrx_word' id='word_1_398' title='bbox 2915 2624 3032 2696; x_wconf 80' lang='grc' dir='ltr'>μεθ’</span> <span class='ocrx_word' id='word_1_399' title='bbox 3060 2623 3119 2691; x_wconf 79' lang='grc' dir='ltr'><strong>ἒξ</strong></span> <span class='ocrx_word' id='word_1_400' title='bbox 3160 2624 3376 2696; x_wconf 61' lang='grc' dir='ltr'><strong>¹ἡμέρας</strong></span> <span class='ocrx_word' id='word_1_401' title='bbox 3405 2622 3791 2695; x_wconf 63' lang='grc' dir='ltr'>παρειλῆφθαις</span> 
     </span>
    </p>
   </div>
   <div class='ocr_carea' id='block_1_58' title="bbox 2182 2714 3790 2789">
    <p class='ocr_par' dir='ltr' id='par_1_58' title="bbox 2182 2714 3790 2789">
     <span class='ocr_line' id='line_1_58' title="bbox 2182 2714 3790 2789; baseline -0.002 -18"><span class='ocrx_word' id='word_1_402' title='bbox 2182 2714 2439 2789; x_wconf 84' lang='grc' dir='ltr'>δηλοῦται</span> <span class='ocrx_word' id='word_1_403' title='bbox 2468 2715 2547 2787; x_wconf 88' lang='grc' dir='ltr'>τῷ</span> <span class='ocrx_word' id='word_1_404' title='bbox 2592 2714 2787 2788; x_wconf 79' lang='grc' dir='ltr'>Ἰησοῦ·</span> <span class='ocrx_word' id='word_1_405' title='bbox 2823 2718 2852 2771; x_wconf 84' lang='lat'><strong>6</strong></span> <span class='ocrx_word' id='word_1_406' title='bbox 2885 2715 2996 2789; x_wconf 83' lang='grc' dir='ltr'><strong>γὰρ</strong></span> <span class='ocrx_word' id='word_1_407' title='bbox 3028 2716 3233 2780; x_wconf 83' lang='grc' dir='ltr'>ταύτας</span> <span class='ocrx_word' id='word_1_408' title='bbox 3283 2716 3531 2788; x_wconf 71' lang='grc' dir='ltr'>ὑπερϐὰς</span> <span class='ocrx_word' id='word_1_409' title='bbox 3587 2714 3790 2786; x_wconf 78' lang='grc' dir='ltr'>βλέπει-</span> 
     </span>
    </p>
   </div>
   <div class='ocr_carea' id='block_1_59' title="bbox 2181 2806 3774 2883">
    <p class='ocr_par' dir='ltr' id='par_1_59' title="bbox 2181 2806 3774 2883">
     <span class='ocr_line' id='line_1_59' title="bbox 2181 2806 3774 2883; baseline -0.003 -18"><span class='ocrx_word' id='word_1_410' title='bbox 2181 2808 2274 2865; x_wconf 80' lang='grc' dir='ltr'><strong>τὸν</strong></span> <span class='ocrx_word' id='word_1_411' title='bbox 2319 2806 2550 2883; x_wconf 81' lang='grc' dir='ltr'>Ἰησοῦν,</span> <span class='ocrx_word' id='word_1_412' title='bbox 2588 2809 2681 2862; x_wconf 85' lang='grc' dir='ltr'><strong>τὸν</strong></span> <span class='ocrx_word' id='word_1_413' title='bbox 2705 2808 2883 2864; x_wconf 74' lang='grc' dir='ltr'>οὐδενὶ</span> <span class='ocrx_word' id='word_1_414' title='bbox 2901 2809 3010 2863; x_wconf 82' lang='grc' dir='ltr'><strong>τῶν</strong></span> <span class='ocrx_word' id='word_1_415' title='bbox 3035 2811 3185 2864; x_wconf 83' lang='grc' dir='ltr'>κάτω</span> <span class='ocrx_word' id='word_1_416' title='bbox 3233 2807 3774 2882; x_wconf 84' lang='grc' dir='ltr'>μεταμορφούμενον,</span> 
     </span>
    </p>
   </div>
   <div class='ocr_carea' id='block_1_60' title="bbox 2187 2899 3777 2976">
    <p class='ocr_par' dir='ltr' id='par_1_60' title="bbox 2187 2899 3777 2976">
     <span class='ocr_line' id='line_1_60' title="bbox 2187 2899 3777 2976; baseline -0.003 -19"><span class='ocrx_word' id='word_1_417' title='bbox 2187 2900 2689 2976; x_wconf 85' lang='grc' dir='ltr'>μεταμορφωθέντα</span> <span class='ocrx_word' id='word_1_418' title='bbox 2735 2900 3044 2976; x_wconf 76' lang='grc' dir='ltr'>ἔμπροσθεν</span> <span class='ocrx_word' id='word_1_419' title='bbox 3084 2902 3269 2957; x_wconf 79' lang='grc' dir='ltr'>αὐτοῦ.</span> <span class='ocrx_word' id='word_1_420' title='bbox 3299 2903 3554 2957; x_wconf 85' lang='grc' dir='ltr'>Φαίνεται</span> <span class='ocrx_word' id='word_1_421' title='bbox 3591 2899 3699 2973; x_wconf 85' lang='grc' dir='ltr'><strong>γὰρ</strong></span> <span class='ocrx_word' id='word_1_422' title='bbox 3746 2901 3777 2952; x_wconf 85' lang='lat'><strong>6</strong></span> 
     </span>
    </p>
   </div>
   <div class='ocr_carea' id='block_1_61' title="bbox 2184 2994 3773 3070">
    <p class='ocr_par' dir='ltr' id='par_1_61' title="bbox 2184 2994 3773 3070">
     <span class='ocr_line' id='line_1_61' title="bbox 2184 2994 3773 3070; baseline -0.004 -19"><span class='ocrx_word' id='word_1_423' title='bbox 2184 2996 2357 3067; x_wconf 85' lang='grc' dir='ltr'>Λόγος</span> <span class='ocrx_word' id='word_1_424' title='bbox 2390 2997 2680 3070; x_wconf 80' lang='grc' dir='ltr'>διαφόρους</span> <span class='ocrx_word' id='word_1_425' title='bbox 2736 2997 2876 3069; x_wconf 78' lang='grc' dir='ltr'>έχων</span> <span class='ocrx_word' id='word_1_426' title='bbox 2934 2996 3169 3069; x_wconf 83' lang='grc' dir='ltr'>μορφὰς,</span> <span class='ocrx_word' id='word_1_427' title='bbox 3222 2995 3438 3064; x_wconf 79' lang='grc' dir='ltr'>ἑκάστῳ</span> <span class='ocrx_word' id='word_1_428' title='bbox 3478 2994 3555 3058; x_wconf 83' lang='grc' dir='ltr'>ὡς</span> <span class='ocrx_word' id='word_1_429' title='bbox 3583 2994 3773 3065; x_wconf 73' lang='grc' dir='ltr'>χωρεῖ’</span> 
     </span>
    </p>
   </div>
   <div class='ocr_carea' id='block_1_62' title="bbox 2183 3086 3771 3161">
    <p class='ocr_par' dir='ltr' id='par_1_62' title="bbox 2183 3086 3771 3161">
     <span class='ocr_line' id='line_1_62' title="bbox 2183 3086 3771 3161; baseline -0.003 -17"><span class='ocrx_word' id='word_1_430' title='bbox 2183 3092 2297 3154; x_wconf 89' lang='grc' dir='ltr'>τοῖς</span> <span class='ocrx_word' id='word_1_431' title='bbox 2334 3090 2433 3161; x_wconf 81' lang='grc' dir='ltr'>μὲν</span> <span class='ocrx_word' id='word_1_432' title='bbox 2462 3091 2563 3144; x_wconf 75' lang='grc' dir='ltr'><strong>οὐκ</strong></span> <span class='ocrx_word' id='word_1_433' title='bbox 2588 3089 2702 3161; x_wconf 84' lang='grc' dir='ltr'>ἐχει</span> <span class='ocrx_word' id='word_1_434' title='bbox 2734 3086 2895 3154; x_wconf 79' lang='grc' dir='ltr'>εἶδος,</span> <span class='ocrx_word' id='word_1_435' title='bbox 2950 3088 3069 3143; x_wconf 73' lang='grc' dir='ltr'><strong>οὐδὲ</strong></span> <span class='ocrx_word' id='word_1_436' title='bbox 3102 3087 3318 3152; x_wconf 83' lang='grc' dir='ltr'>κάλλος,</span> <span class='ocrx_word' id='word_1_437' title='bbox 3343 3090 3457 3152; x_wconf 89' lang='grc' dir='ltr'>τοῖς</span> <span class='ocrx_word' id='word_1_438' title='bbox 3483 3088 3540 3140; x_wconf 83' lang='grc' dir='ltr'>δὲ</span> <span class='ocrx_word' id='word_1_439' title='bbox 3569 3086 3771 3158; x_wconf 68' lang='grc' dir='ltr'>ὡραῖός</span> 
     </span>
    </p>
   </div>
   <div class='ocr_carea' id='block_1_63' title="bbox 2184 3177 3777 3255">
    <p class='ocr_par' dir='ltr' id='par_1_63' title="bbox 2184 3177 3777 3255">
     <span class='ocr_line' id='line_1_63' title="bbox 2184 3177 3777 3255; baseline -0.003 -19"><span class='ocrx_word' id='word_1_440' title='bbox 2184 3185 2302 3236; x_wconf 88' lang='grc' dir='ltr'>ἐστι</span> <span class='ocrx_word' id='word_1_441' title='bbox 2325 3181 2532 3237; x_wconf 88' lang='grc' dir='ltr'>κάλλει·</span> <span class='ocrx_word' id='word_1_442' title='bbox 2553 3184 2667 3245; x_wconf 84' lang='grc' dir='ltr'>τοῖς</span> <span class='ocrx_word' id='word_1_443' title='bbox 2692 3181 2790 3254; x_wconf 82' lang='grc' dir='ltr'><strong>μὲν</strong></span> <span class='ocrx_word' id='word_1_444' title='bbox 2819 3180 2929 3255; x_wconf 86' lang='grc' dir='ltr'><strong>γάρ</strong></span> <span class='ocrx_word' id='word_1_445' title='bbox 2958 3180 3307 3235; x_wconf 78' lang='grc' dir='ltr'>ἀναϐαίνουσι</span> <span class='ocrx_word' id='word_1_446' title='bbox 3330 3178 3419 3234; x_wconf 82' lang='grc' dir='ltr'><strong>διὰ</strong></span> <span class='ocrx_word' id='word_1_447' title='bbox 3448 3177 3557 3233; x_wconf 87' lang='grc' dir='ltr'>τῶν</span> <span class='ocrx_word' id='word_1_448' title='bbox 3581 3179 3777 3232; x_wconf 81' lang='grc' dir='ltr'>ἐπανα-</span> 
     </span>
    </p>
   </div>
   <div class='ocr_carea' id='block_1_64' title="bbox 2183 3269 3775 3347">
    <p class='ocr_par' dir='ltr' id='par_1_64' title="bbox 2183 3269 3775 3347">
     <span class='ocr_line' id='line_1_64' title="bbox 2183 3269 3775 3347; baseline -0.003 -20"><span class='ocrx_word' id='word_1_449' title='bbox 2183 3272 2495 3347; x_wconf 74' lang='grc' dir='ltr'>ϐεϐηκότων</span> <span class='ocrx_word' id='word_1_450' title='bbox 2541 3274 2741 3347; x_wconf 74' lang='grc' dir='ltr'>ἔργων,</span> <span class='ocrx_word' id='word_1_451' title='bbox 2763 3273 2858 3329; x_wconf 68' lang='grc' dir='ltr'><strong>καὶ</strong></span> <span class='ocrx_word' id='word_1_452' title='bbox 2907 3272 3171 3327; x_wconf 81' lang='grc' dir='ltr'>διἀύτῶν</span> <span class='ocrx_word' id='word_1_453' title='bbox 3194 3272 3287 3325; x_wconf 78' lang='grc' dir='ltr'>ἐπὶ</span> <span class='ocrx_word' id='word_1_454' title='bbox 3313 3269 3374 3324; x_wconf 80' lang='grc' dir='ltr'>τὸ</span> <span class='ocrx_word' id='word_1_455' title='bbox 3413 3270 3614 3342; x_wconf 64' lang='grc' dir='ltr'>ὑψηλὸν</span> <span class='ocrx_word' id='word_1_456' title='bbox 3647 3269 3775 3341; x_wconf 77' lang='grc' dir='ltr'>ὅρος</span> 
     </span>
    </p>
   </div>
   <div class='ocr_carea' id='block_1_65' title="bbox 2181 3359 3785 3434">
    <p class='ocr_par' dir='ltr' id='par_1_65' title="bbox 2181 3359 3785 3434">
     <span class='ocr_line' id='line_1_65' title="bbox 2181 3359 3785 3434; baseline -0.002 -20"><span class='ocrx_word' id='word_1_457' title='bbox 2181 3360 2282 3432; x_wconf 79' lang='grc' dir='ltr'>τῆς</span> <span class='ocrx_word' id='word_1_458' title='bbox 2334 3362 2551 3431; x_wconf 87' lang='grc' dir='ltr'>σοφίας.</span> <span class='ocrx_word' id='word_1_459' title='bbox 2588 3362 2927 3434; x_wconf 84' lang='grc' dir='ltr'>ἐρχομένοις,</span> <span class='ocrx_word' id='word_1_460' title='bbox 2989 3360 3357 3434; x_wconf 79' lang='grc' dir='ltr'>ἁπλούστερον</span> <span class='ocrx_word' id='word_1_461' title='bbox 3419 3362 3619 3414; x_wconf 82' lang='grc' dir='ltr'>νοεῖται</span> <span class='ocrx_word' id='word_1_462' title='bbox 3682 3359 3785 3412; x_wconf 58' lang='grc' dir='ltr'><strong>καῖ</strong></span> 
     </span>
    </p>
   </div>
   <div class='ocr_carea' id='block_1_66' title="bbox 492 3438 2079 3527">
    <p class='ocr_par' dir='ltr' id='par_1_66' title="bbox 492 3443 2077 3516">
     <span class='ocr_line' id='line_1_66' title="bbox 492 3443 2077 3516; baseline -0.004 -13"><span class='ocrx_word' id='word_1_463' title='bbox 492 3449 793 3504; x_wconf 85' lang='lat' dir='ltr'><strong>secundum</strong></span> <span class='ocrx_word' id='word_1_464' title='bbox 851 3458 1075 3502; x_wconf 88' lang='lat' dir='ltr'><strong>carnem</strong></span> <span class='ocrx_word' id='word_1_465' title='bbox 1133 3445 1531 3516; x_wconf 80' lang='lat' dir='ltr'><strong>cognoscitur:</strong></span> <span class='ocrx_word' id='word_1_466' title='bbox 1590 3443 1844 3515; x_wconf 87' lang='lat' dir='ltr'><strong>perfectis</strong></span> <span class='ocrx_word' id='word_1_467' title='bbox 1897 3450 2077 3498; x_wconf 92' lang='lat' dir='ltr'><strong>autem</strong></span> 
     </span>
    </p>
   </div>
   <div class='ocr_carea' id='block_1_67' title="bbox 2181 3438 3769 3527">
    <p class='ocr_par' dir='ltr' id='par_1_67' title="bbox 2183 3452 3769 3527">
     <span class='ocr_line' id='line_1_67' title="bbox 2183 3452 3769 3527; baseline -0.002 -19"><span class='ocrx_word' id='word_1_468' title='bbox 2183 3453 2328 3509; x_wconf 83' lang='grc' dir='ltr'>κατά</span> <span class='ocrx_word' id='word_1_469' title='bbox 2367 3455 2548 3527; x_wconf 80' lang='grc' dir='ltr'>σάρκα</span> <span class='ocrx_word' id='word_1_470' title='bbox 2588 3453 2936 3524; x_wconf 83' lang='grc' dir='ltr'>γινώσκεται⁶</span> <span class='ocrx_word' id='word_1_471' title='bbox 2973 3455 3087 3518; x_wconf 88' lang='grc' dir='ltr'>τοῖς</span> <span class='ocrx_word' id='word_1_472' title='bbox 3118 3453 3175 3507; x_wconf 85' lang='grc' dir='ltr'><strong>δέ</strong></span> <span class='ocrx_word' id='word_1_473' title='bbox 3220 3452 3448 3517; x_wconf 86' lang='grc' dir='ltr'>τελείοις</span> <span class='ocrx_word' id='word_1_474' title='bbox 3502 3452 3769 3521; x_wconf 84' lang='grc' dir='ltr'>θεολογεῖ-</span> 
     </span>
    </p>
   </div>
   <div class='ocr_carea' id='block_1_68' title="bbox 494 3534 2076 3601">
    <p class='ocr_par' dir='ltr' id='par_1_68' title="bbox 494 3534 2076 3601">
     <span class='ocr_line' id='line_1_68' title="bbox 494 3534 2076 3601; baseline -0.003 -6"><span class='ocrx_word' id='word_1_475' title='bbox 494 3538 637 3595; x_wconf 87' lang='lat' dir='ltr'><strong>Deus</strong></span> <span class='ocrx_word' id='word_1_476' title='bbox 675 3539 928 3601; x_wconf 87' lang='lat' dir='ltr'><strong>habetur,</strong></span> <span class='ocrx_word' id='word_1_477' title='bbox 964 3537 1103 3591; x_wconf 82' lang='lat' dir='ltr'><strong>etin</strong></span> <span class='ocrx_word' id='word_1_478' title='bbox 1160 3535 1254 3591; x_wconf 86' lang='lat' dir='ltr'><strong>Dei</strong></span> <span class='ocrx_word' id='word_1_479' title='bbox 1288 3534 1475 3591; x_wconf 22' lang='lat' dir='ltr'><strong>formai</strong></span> <span class='ocrx_word' id='word_1_480' title='bbox 1502 3535 1803 3592; x_wconf 89' lang='lat' dir='ltr'><strong>secundum</strong></span> <span class='ocrx_word' id='word_1_481' title='bbox 1858 3534 2076 3590; x_wconf 89' lang='lat' dir='ltr'><strong>illorum</strong></span> 
     </span>
    </p>
   </div>
   <div class='ocr_carea' id='block_1_69' title="bbox 490 3627 2078 3703">
    <p class='ocr_par' dir='ltr' id='par_1_69' title="bbox 490 3627 2078 3703">
     <span class='ocr_line' id='line_1_69' title="bbox 490 3627 2078 3703; baseline -0.004 -15"><span class='ocrx_word' id='word_1_482' title='bbox 490 3631 858 3703; x_wconf 82' lang='lat' dir='ltr'><strong>cognitionem</strong></span> <span class='ocrx_word' id='word_1_483' title='bbox 895 3629 1250 3700; x_wconf 85' lang='lat' dir='ltr'><strong>conspicitur.</strong></span> <span class='ocrx_word' id='word_1_484' title='bbox 1302 3627 1630 3700; x_wconf 78' lang='lat' dir='ltr'><strong>Resplendet</strong></span> <span class='ocrx_word' id='word_1_485' title='bbox 1664 3635 1847 3684; x_wconf 72' lang='lat' dir='ltr'><strong>autem</strong></span> <span class='ocrx_word' id='word_1_486' title='bbox 1873 3637 1928 3684; x_wconf 89' lang='lat' dir='ltr'><strong>et</strong></span> <span class='ocrx_word' id='word_1_487' title='bbox 1953 3628 2078 3684; x_wconf 88' lang='lat' dir='ltr'><strong>vul-</strong></span> 
     </span>
    </p>
   </div>
   <div class='ocr_carea' id='block_1_70' title="bbox 492 3719 2080 3794">
    <p class='ocr_par' dir='ltr' id='par_1_70' title="bbox 492 3719 2080 3794">
     <span class='ocr_line' id='line_1_70' title="bbox 492 3719 2080 3794; baseline -0.001 -15"><span class='ocrx_word' id='word_1_488' title='bbox 492 3734 583 3779; x_wconf 88' lang='lat' dir='ltr'><strong>tus</strong></span> <span class='ocrx_word' id='word_1_489' title='bbox 612 3723 734 3794; x_wconf 88' lang='lat' dir='ltr'><strong>ejus</strong></span> <span class='ocrx_word' id='word_1_490' title='bbox 757 3722 901 3779; x_wconf 78' lang='lat' dir='ltr'><strong>sicut</strong></span> <span class='ocrx_word' id='word_1_491' title='bbox 924 3722 1028 3787; x_wconf 90' lang='lat' dir='ltr'><strong>sol,</strong></span> <span class='ocrx_word' id='word_1_492' title='bbox 1067 3720 1355 3777; x_wconf 83' lang='lat' dir='ltr'><strong>ﬁliislucis</strong></span> <span class='ocrx_word' id='word_1_493' title='bbox 1387 3730 1441 3777; x_wconf 88' lang='lat' dir='ltr'><strong>et</strong></span> <span class='ocrx_word' id='word_1_494' title='bbox 1463 3721 1570 3776; x_wconf 87' lang='lat' dir='ltr'><strong>diei</strong></span> <span class='ocrx_word' id='word_1_495' title='bbox 1601 3719 1831 3792; x_wconf 61' lang='lat' dir='ltr'><strong>iustitia!</strong></span> <span class='ocrx_word' id='word_1_496' title='bbox 1859 3722 1952 3777; x_wconf 77' lang='lat' dir='ltr'><strong>sol-</strong></span> <span class='ocrx_word' id='word_1_497' title='bbox 1983 3738 2080 3793; x_wconf 85' lang='lat' dir='ltr'><strong>ap-</strong></span> 
     </span>
    </p>
   </div>
   <div class='ocr_carea' id='block_1_71' title="bbox 492 3798 2079 3887">
    <p class='ocr_par' dir='ltr' id='par_1_71' title="bbox 492 3798 2079 3887">
     <span class='ocr_line' id='line_1_71' title="bbox 492 3798 2079 3887; baseline -0.003 -17"><span class='ocrx_word' id='word_1_498' title='bbox 492 3831 711 3887; x_wconf 83' lang='lat' dir='ltr'><strong>parens.</strong></span> <span class='ocrx_word' id='word_1_499' title='bbox 738 3812 841 3869; x_wconf 86' lang='lat' dir='ltr'><strong>Sed</strong></span> <span class='ocrx_word' id='word_1_500' title='bbox 866 3824 919 3870; x_wconf 93' lang='lat' dir='ltr'><strong>et</strong></span> <span class='ocrx_word' id='word_1_501' title='bbox 943 3814 1266 3870; x_wconf 79' lang='lat' dir='ltr'><strong>vestimenta</strong></span> <span class='ocrx_word' id='word_1_502' title='bbox 1291 3814 1411 3883; x_wconf 83' lang='lat' dir='ltr'><strong>ejus</strong></span> <span class='ocrx_word' id='word_1_503' title='bbox 1440 3814 1506 3868; x_wconf 91' lang='lat' dir='ltr'><strong>iis</strong></span> <span class='ocrx_word' id='word_1_504' title='bbox 1539 3827 1678 3883; x_wconf 91' lang='lat' dir='ltr'><strong>quos</strong></span> <span class='ocrx_word' id='word_1_505' title='bbox 1711 3814 1863 3868; x_wconf 84' lang='lat' dir='ltr'><strong>duxit</strong></span> <span class='ocrx_word' id='word_1_506' title='bbox 1895 3798 1957 3868; x_wconf 75' lang='grc' dir='ltr'><strong><em>ἱιῖ</em></strong></span> <span class='ocrx_word' id='word_1_507' title='bbox 1984 3829 2079 3868; x_wconf 80' lang='lat' dir='ltr'><strong>ex-</strong></span> 
     </span>
    </p>
   </div>
   <div class='ocr_carea' id='block_1_72' title="bbox 491 3902 2079 3974">
    <p class='ocr_par' dir='ltr' id='par_1_72' title="bbox 491 3902 2079 3974">
     <span class='ocr_line' id='line_1_72' title="bbox 491 3902 2079 3974; baseline -0.004 -12"><span class='ocrx_word' id='word_1_508' title='bbox 491 3905 702 3962; x_wconf 85' lang='lat' dir='ltr'><strong>celsum</strong></span> <span class='ocrx_word' id='word_1_509' title='bbox 736 3912 1002 3970; x_wconf 88' lang='lat' dir='ltr'><strong>montem,</strong></span> <span class='ocrx_word' id='word_1_510' title='bbox 1042 3904 1292 3959; x_wconf 81' lang='lat' dir='ltr'><strong>videntur</strong></span> <span class='ocrx_word' id='word_1_511' title='bbox 1315 3903 1434 3958; x_wconf 83' lang='lat' dir='ltr'><strong>alba</strong></span> <span class='ocrx_word' id='word_1_512' title='bbox 1471 3904 1613 3959; x_wconf 87' lang='lat' dir='ltr'><strong>sicut</strong></span> <span class='ocrx_word' id='word_1_513' title='bbox 1639 3902 1732 3957; x_wconf 86' lang='lat' dir='ltr'><strong>lux</strong></span> <span class='ocrx_word' id='word_1_514' title='bbox 1761 3920 1775 3958; x_wconf 89' lang='lat'><strong>:</strong></span> <span class='ocrx_word' id='word_1_515' title='bbox 1804 3918 1927 3974; x_wconf 78' lang='lat' dir='ltr'><strong>quae</strong></span> <span class='ocrx_word' id='word_1_516' title='bbox 1950 3903 2079 3972; x_wconf 78' lang='lat' dir='ltr'><strong>qui~</strong></span> 
     </span>
    </p>
   </div>
   <div class='ocr_carea' id='block_1_73' title="bbox 494 3994 2074 4065">
    <p class='ocr_par' dir='ltr' id='par_1_73' title="bbox 494 3994 2074 4065">
     <span class='ocr_line' id='line_1_73' title="bbox 494 3994 2074 4065; baseline -0.002 -14"><span class='ocrx_word' id='word_1_517' title='bbox 494 3998 618 4051; x_wconf 84' lang='lat' dir='ltr'><strong>dem</strong></span> <span class='ocrx_word' id='word_1_518' title='bbox 655 4004 785 4051; x_wconf 83' lang='lat' dir='ltr'><strong>sunt</strong></span> <span class='ocrx_word' id='word_1_519' title='bbox 810 4010 994 4062; x_wconf 81' lang='lat' dir='ltr'><strong>voces,</strong></span> <span class='ocrx_word' id='word_1_520' title='bbox 1028 4004 1082 4050; x_wconf 92' lang='lat' dir='ltr'><strong>et</strong></span> <span class='ocrx_word' id='word_1_521' title='bbox 1110 4010 1246 4065; x_wconf 86' lang='lat' dir='ltr'><strong>quas</strong></span> <span class='ocrx_word' id='word_1_522' title='bbox 1282 3994 1467 4049; x_wconf 89' lang='lat' dir='ltr'><strong>iuduit-</strong></span> <span class='ocrx_word' id='word_1_523' title='bbox 1489 3994 1816 4064; x_wconf 74' lang='lat' dir='ltr'><strong>evangelicae</strong></span> <span class='ocrx_word' id='word_1_524' title='bbox 1844 3995 2074 4049; x_wconf 56' lang='lat' dir='ltr'><strong>litterae:</strong></span> 
     </span>
    </p>
   </div>
   <div class='ocr_carea' id='block_1_74' title="bbox 490 4085 2077 4159">
    <p class='ocr_par' dir='ltr' id='par_1_74' title="bbox 490 4085 2077 4159">
     <span class='ocr_line' id='line_1_74' title="bbox 490 4085 2077 4159; baseline -0.002 -15"><span class='ocrx_word' id='word_1_525' title='bbox 490 4100 626 4159; x_wconf 86' lang='lat' dir='ltr'><strong>puto</strong></span> <span class='ocrx_word' id='word_1_526' title='bbox 660 4098 842 4143; x_wconf 87' lang='lat' dir='ltr'><strong>autem</strong></span> <span class='ocrx_word' id='word_1_527' title='bbox 874 4096 936 4143; x_wconf 76' lang='lat' dir='ltr'><strong>et</strong></span> <span class='ocrx_word' id='word_1_528' title='bbox 954 4089 1324 4159; x_wconf 84' lang='lat' dir='ltr'><strong>apostolorum</strong></span> <span class='ocrx_word' id='word_1_529' title='bbox 1372 4086 1571 4156; x_wconf 87' lang='lat' dir='ltr'><strong>scripta</strong></span> <span class='ocrx_word' id='word_1_530' title='bbox 1607 4086 1903 4157; x_wconf 84' lang='lat' dir='ltr'><strong>designari.</strong></span> <span class='ocrx_word' id='word_1_531' title='bbox 1938 4085 2077 4142; x_wconf 90' lang='lat' dir='ltr'><strong>Cum</strong></span> 
     </span>
    </p>
   </div>
   <div class='ocr_carea' id='block_1_75' title="bbox 492 4177 2080 4250">
    <p class='ocr_par' dir='ltr' id='par_1_75' title="bbox 492 4177 2080 4250">
     <span class='ocr_line' id='line_1_75' title="bbox 492 4177 2080 4250; baseline 0.002 -15"><span class='ocrx_word' id='word_1_532' title='bbox 492 4196 627 4250; x_wconf 76' lang='lat' dir='ltr'><strong>ergo</strong></span> <span class='ocrx_word' id='word_1_533' title='bbox 650 4180 852 4237; x_wconf 81' lang='lat' dir='ltr'><strong>videris</strong></span> <span class='ocrx_word' id='word_1_534' title='bbox 880 4180 1190 4250; x_wconf 85' lang='lat' dir='ltr'><strong>quempiam</strong></span> <span class='ocrx_word' id='word_1_535' title='bbox 1230 4180 1298 4234; x_wconf 86' lang='lat' dir='ltr'><strong>de</strong></span> <span class='ocrx_word' id='word_1_536' title='bbox 1325 4177 1453 4233; x_wconf 83' lang='lat' dir='ltr'><strong>.lesu</strong></span> <span class='ocrx_word' id='word_1_537' title='bbox 1507 4178 1792 4236; x_wconf 85' lang='lat' dir='ltr'><strong>divinitate</strong></span> <span class='ocrx_word' id='word_1_538' title='bbox 1824 4192 2080 4238; x_wconf 85' lang='lat' dir='ltr'><strong>accurate</strong></span> 
     </span>
    </p>
   </div>
   <div class='ocr_carea' id='block_1_76' title="bbox 493 4268 2075 4343">
    <p class='ocr_par' dir='ltr' id='par_1_76' title="bbox 493 4268 2075 4343">
     <span class='ocr_line' id='line_1_76' title="bbox 493 4268 2075 4343; baseline 0 -14"><span class='ocrx_word' id='word_1_539' title='bbox 493 4273 881 4335; x_wconf 67' lang='lat' dir='ltr'><strong>disserentem,</strong></span> <span class='ocrx_word' id='word_1_540' title='bbox 917 4280 972 4326; x_wconf 92' lang='lat' dir='ltr'><strong>et</strong></span> <span class='ocrx_word' id='word_1_541' title='bbox 1030 4286 1250 4327; x_wconf 89' lang='lat' dir='ltr'><strong>omnem</strong></span> <span class='ocrx_word' id='word_1_542' title='bbox 1309 4268 1724 4343; x_wconf 81' lang='lat' dir='ltr'><strong>Evangeliorum</strong></span> <span class='ocrx_word' id='word_1_543' title='bbox 1782 4272 2075 4329; x_wconf 85' lang='lat' dir='ltr'><strong>dictionem</strong></span> 
     </span>
    </p>
   </div>
   <div class='ocr_carea' id='block_1_77' title="bbox 493 4361 2078 4427">
    <p class='ocr_par' dir='ltr' id='par_1_77' title="bbox 493 4361 2078 4427">
     <span class='ocr_line' id='line_1_77' title="bbox 493 4361 2078 4427; baseline 0.001 -10"><span class='ocrx_word' id='word_1_544' title='bbox 493 4363 882 4427; x_wconf 82' lang='lat' dir='ltr'><strong>elucidantem,</strong></span> <span class='ocrx_word' id='word_1_545' title='bbox 916 4378 982 4416; x_wconf 90' lang='lat' dir='ltr'><strong>ne</strong></span> <span class='ocrx_word' id='word_1_546' title='bbox 1008 4363 1233 4418; x_wconf 76' lang='lat' dir='ltr'><strong>dubites</strong></span> <span class='ocrx_word' id='word_1_547' title='bbox 1260 4361 1354 4416; x_wconf 88' lang='lat' dir='ltr'><strong>tali</strong></span> <span class='ocrx_word' id='word_1_548' title='bbox 1384 4362 1567 4418; x_wconf 90' lang='lat' dir='ltr'><strong>dicere</strong></span> <span class='ocrx_word' id='word_1_549' title='bbox 1588 4361 1728 4418; x_wconf 88' lang='lat' dir='ltr'><strong>facta</strong></span> <span class='ocrx_word' id='word_1_550' title='bbox 1762 4379 1886 4420; x_wconf 82' lang='lat' dir='ltr'><strong>esse</strong></span> <span class='ocrx_word' id='word_1_551' title='bbox 1911 4365 2078 4421; x_wconf 84' lang='lat' dir='ltr'><strong>vesti-</strong></span> 
     </span>
    </p>
   </div>
   <div class='ocr_carea' id='block_1_78' title="bbox 493 4452 2075 4525">
    <p class='ocr_par' dir='ltr' id='par_1_78' title="bbox 493 4452 2075 4525">
     <span class='ocr_line' id='line_1_78' title="bbox 493 4452 2075 4525; baseline 0.002 -17"><span class='ocrx_word' id='word_1_552' title='bbox 493 4463 679 4509; x_wconf 85' lang='lat' dir='ltr'><strong>menta</strong></span> <span class='ocrx_word' id='word_1_553' title='bbox 708 4452 837 4510; x_wconf 65' lang='lat' dir='ltr'><strong>Iesu</strong></span> <span class='ocrx_word' id='word_1_554' title='bbox 865 4454 997 4509; x_wconf 86' lang='lat' dir='ltr'><strong>alba</strong></span> <span class='ocrx_word' id='word_1_555' title='bbox 1016 4454 1156 4509; x_wconf 78' lang='lat' dir='ltr'><strong>sicut</strong></span> <span class='ocrx_word' id='word_1_556' title='bbox 1190 4457 1303 4508; x_wconf 82' lang='lat' dir='ltr'><strong>lux.</strong></span> <span class='ocrx_word' id='word_1_557' title='bbox 1334 4452 1395 4507; x_wconf 90' lang='lat' dir='ltr'><strong>Ei</strong></span> <span class='ocrx_word' id='word_1_558' title='bbox 1417 4455 1510 4525; x_wconf 89' lang='lat' dir='ltr'><strong>qui</strong></span> <span class='ocrx_word' id='word_1_559' title='bbox 1540 4454 1622 4510; x_wconf 87' lang='lat' dir='ltr'><strong>sic</strong></span> <span class='ocrx_word' id='word_1_560' title='bbox 1643 4455 1840 4511; x_wconf 84' lang='lat' dir='ltr'><strong>viderit</strong></span> <span class='ocrx_word' id='word_1_561' title='bbox 1866 4454 2075 4518; x_wconf 70' lang='lat' dir='ltr'><strong>Iesum,</strong></span> 
     </span>
    </p>
   </div>
   <div class='ocr_carea' id='block_1_79' title="bbox 493 4546 2079 4619">
    <p class='ocr_par' dir='ltr' id='par_1_79' title="bbox 493 4546 2079 4619">
     <span class='ocr_line' id='line_1_79' title="bbox 493 4546 2079 4619; baseline 0.004 -19"><span class='ocrx_word' id='word_1_562' title='bbox 493 4546 778 4615; x_wconf 85' lang='lat' dir='ltr'><strong>conspicui</strong></span> <span class='ocrx_word' id='word_1_563' title='bbox 806 4557 970 4601; x_wconf 80' lang='lat' dir='ltr'><strong>erum</strong></span> <span class='ocrx_word' id='word_1_564' title='bbox 1008 4547 1224 4619; x_wconf 81' lang='lat' dir='ltr'><strong>Moyses</strong></span> <span class='ocrx_word' id='word_1_565' title='bbox 1256 4548 1363 4616; x_wconf 83' lang='lat' dir='ltr'><strong>lex,</strong></span> <span class='ocrx_word' id='word_1_566' title='bbox 1425 4556 1480 4603; x_wconf 89' lang='lat' dir='ltr'><strong>et</strong></span> <span class='ocrx_word' id='word_1_567' title='bbox 1523 4547 1670 4604; x_wconf 84' lang='lat' dir='ltr'><strong>Elias</strong></span> <span class='ocrx_word' id='word_1_568' title='bbox 1725 4548 2079 4619; x_wconf 86' lang='lat' dir='ltr'><strong>propheticus</strong></span> 
     </span>
    </p>
   </div>
   <div class='ocr_carea' id='block_1_80' title="bbox 493 4635 2077 4711">
    <p class='ocr_par' dir='ltr' id='par_1_80' title="bbox 493 4635 2077 4711">
     <span class='ocr_line' id='line_1_80' title="bbox 493 4635 2077 4711; baseline 0.004 -21"><span class='ocrx_word' id='word_1_569' title='bbox 493 4650 679 4690; x_wconf 87' lang='lat' dir='ltr'><strong>sermo</strong></span> <span class='ocrx_word' id='word_1_570' title='bbox 708 4650 832 4691; x_wconf 90' lang='lat' dir='ltr'><strong>cum</strong></span> <span class='ocrx_word' id='word_1_571' title='bbox 866 4635 994 4690; x_wconf 81' lang='lat' dir='ltr'><strong>Jesu</strong></span> <span class='ocrx_word' id='word_1_572' title='bbox 1055 4638 1364 4707; x_wconf 85' lang='lat' dir='ltr'><strong>loquentes.</strong></span> <span class='ocrx_word' id='word_1_573' title='bbox 1418 4638 1521 4705; x_wconf 85' lang='lat' dir='ltr'><strong>Qui</strong></span> <span class='ocrx_word' id='word_1_574' title='bbox 1556 4639 1691 4693; x_wconf 82' lang='lat' dir='ltr'><strong>vidit</strong></span> <span class='ocrx_word' id='word_1_575' title='bbox 1730 4638 1934 4711; x_wconf 78' lang='lat' dir='ltr'><strong>Moysis</strong></span> <span class='ocrx_word' id='word_1_576' title='bbox 1962 4641 2077 4711; x_wconf 79' lang='lat' dir='ltr'><strong>glo-</strong></span> 
     </span>
    </p>
   </div>
   <div class='ocr_carea' id='block_1_81' title="bbox 492 4726 2079 4800">
    <p class='ocr_par' dir='ltr' id='par_1_81' title="bbox 492 4726 2079 4800">
     <span class='ocr_line' id='line_1_81' title="bbox 492 4726 2079 4800; baseline 0.005 -21"><span class='ocrx_word' id='word_1_577' title='bbox 492 4727 654 4792; x_wconf 74' lang='lat' dir='ltr'><strong>tiam,</strong></span> <span class='ocrx_word' id='word_1_578' title='bbox 688 4736 744 4781; x_wconf 89' lang='lat' dir='ltr'><strong>et</strong></span> <span class='ocrx_word' id='word_1_579' title='bbox 774 4726 1045 4783; x_wconf 87' lang='lat' dir='ltr'><strong>intellexit</strong></span> <span class='ocrx_word' id='word_1_580' title='bbox 1100 4728 1401 4798; x_wconf 84' lang='lat' dir='ltr'><strong>spiritalem</strong></span> <span class='ocrx_word' id='word_1_581' title='bbox 1432 4729 1603 4800; x_wconf 79' lang='lat' dir='ltr'><strong>legem</strong></span> <span class='ocrx_word' id='word_1_582' title='bbox 1633 4745 1757 4785; x_wconf 92' lang='lat' dir='ltr'><strong>eum</strong></span> <span class='ocrx_word' id='word_1_583' title='bbox 1807 4729 1934 4786; x_wconf 66' lang='lat' dir='ltr'><strong>Iesu</strong></span> <span class='ocrx_word' id='word_1_584' title='bbox 1968 4748 2079 4788; x_wconf 87' lang='lat' dir='ltr'><strong>ser-</strong></span> 
     </span>
    </p>
   </div>
   <div class='ocr_carea' id='block_1_82' title="bbox 491 4822 2069 4893">
    <p class='ocr_par' dir='ltr' id='par_1_82' title="bbox 491 4822 2069 4893">
     <span class='ocr_line' id='line_1_82' title="bbox 491 4822 2069 4893; baseline 0.004 -18"><span class='ocrx_word' id='word_1_585' title='bbox 491 4836 654 4876; x_wconf 89' lang='lat' dir='ltr'><strong>mone</strong></span> <span class='ocrx_word' id='word_1_586' title='bbox 674 4831 1087 4888; x_wconf 88' lang='lat' dir='ltr'><strong>consonantem,</strong></span> <span class='ocrx_word' id='word_1_587' title='bbox 1110 4830 1165 4877; x_wconf 88' lang='lat' dir='ltr'><strong>et</strong></span> <span class='ocrx_word' id='word_1_588' title='bbox 1193 4822 1334 4892; x_wconf 86' lang='lat' dir='ltr'><strong>apud</strong></span> <span class='ocrx_word' id='word_1_589' title='bbox 1363 4822 1653 4893; x_wconf 86' lang='lat' dir='ltr'><strong>prophetas</strong></span> <span class='ocrx_word' id='word_1_590' title='bbox 1693 4825 2069 4881; x_wconf 81' lang='lat' dir='ltr'><strong>absconditam</strong></span> 
     </span>
    </p>
   </div>
   <div class='ocr_carea' id='block_1_83' title="bbox 491 4901 2068 4987">
    <p class='ocr_par' dir='ltr' id='par_1_83' title="bbox 491 4901 2068 4987">
     <span class='ocr_line' id='line_1_83' title="bbox 491 4901 2068 4987; baseline 0.006 -22"><span class='ocrx_word' id='word_1_591' title='bbox 491 4913 545 4966; x_wconf 88' lang='lat' dir='ltr'><strong>in</strong></span> <span class='ocrx_word' id='word_1_592' title='bbox 590 4914 851 4983; x_wconf 79' lang='lat' dir='ltr'><strong>mysterio</strong></span> <span class='ocrx_word' id='word_1_593' title='bbox 893 4901 1241 4984; x_wconf 83' lang='lat' dir='ltr'><strong>sapientiam,</strong></span> <span class='ocrx_word' id='word_1_594' title='bbox 1271 4915 1409 4970; x_wconf 80' lang='lat' dir='ltr'><strong>vidit</strong></span> <span class='ocrx_word' id='word_1_595' title='bbox 1440 4913 1660 4987; x_wconf 83' lang='lat' dir='ltr'><strong>Moysen</strong></span> <span class='ocrx_word' id='word_1_596' title='bbox 1703 4924 1760 4971; x_wconf 90' lang='lat' dir='ltr'><strong>et</strong></span> <span class='ocrx_word' id='word_1_597' title='bbox 1804 4916 1976 4973; x_wconf 85' lang='lat' dir='ltr'><strong>Eliam</strong></span> <span class='ocrx_word' id='word_1_598' title='bbox 2014 4920 2068 4975; x_wconf 91' lang='lat' dir='ltr'><strong>iu</strong></span> 
     </span>
    </p>
   </div>
   <div class='ocr_carea' id='block_1_84' title="bbox 491 5005 2071 5075">
    <p class='ocr_par' dir='ltr' id='par_1_84' title="bbox 491 5005 2071 5075">
     <span class='ocr_line' id='line_1_84' title="bbox 491 5005 2071 5075; baseline 0.005 -17"><span class='ocrx_word' id='word_1_599' title='bbox 491 5005 686 5073; x_wconf 61' lang='lat' dir='ltr'><strong>gloria,</strong></span> <span class='ocrx_word' id='word_1_600' title='bbox 717 5007 940 5075; x_wconf 83' lang='lat' dir='ltr'><strong>quando</strong></span> <span class='ocrx_word' id='word_1_601' title='bbox 961 5008 1096 5064; x_wconf 71' lang='lat' dir='ltr'><strong>vidit</strong></span> <span class='ocrx_word' id='word_1_602' title='bbox 1127 5008 1251 5064; x_wconf 89' lang='lat' dir='ltr'><strong>illos</strong></span> <span class='ocrx_word' id='word_1_603' title='bbox 1286 5023 1409 5064; x_wconf 91' lang='lat' dir='ltr'><strong>cum</strong></span> <span class='ocrx_word' id='word_1_604' title='bbox 1440 5008 1590 5065; x_wconf 76' lang='lat' dir='ltr'><strong>Jesu.</strong></span> <span class='ocrx_word' id='word_1_605' title='bbox 1645 5010 1736 5065; x_wconf 89' lang='lat' dir='ltr'><strong>Sic</strong></span> <span class='ocrx_word' id='word_1_606' title='bbox 1781 5012 1927 5066; x_wconf 91' lang='lat' dir='ltr'><strong>enim</strong></span> <span class='ocrx_word' id='word_1_607' title='bbox 1962 5011 2071 5066; x_wconf 83' lang='lat' dir='ltr'><strong>Lu-</strong></span> 
     </span>
    </p>
   </div>
   <div class='ocr_carea' id='block_1_85' title="bbox 490 5095 2070 5173">
    <p class='ocr_par' dir='ltr' id='par_1_85' title="bbox 490 5095 2070 5173">
     <span class='ocr_line' id='line_1_85' title="bbox 490 5095 2070 5173; baseline 0.004 -24"><span class='ocrx_word' id='word_1_608' title='bbox 490 5112 626 5151; x_wconf 77' lang='lat' dir='ltr'><strong>cas:</strong></span> <span class='ocrx_word' id='word_1_609' title='bbox 665 5095 735 5150; x_wconf 85' lang='lat' dir='ltr'><strong>Et</strong></span> <span class='ocrx_word' id='word_1_610' title='bbox 787 5115 902 5153; x_wconf 79' lang='lat' dir='ltr'><strong>erce</strong></span> <span class='ocrx_word' id='word_1_611' title='bbox 954 5098 1061 5154; x_wconf 87' lang='lat' dir='ltr'><strong>duo</strong></span> <span class='ocrx_word' id='word_1_612' title='bbox 1121 5101 1221 5154; x_wconf 70' lang='lat' dir='ltr'><strong>viri</strong></span> <span class='ocrx_word' id='word_1_613' title='bbox 1277 5100 1626 5172; x_wconf 80' lang='lat' dir='ltr'><strong>loquebantur</strong></span> <span class='ocrx_word' id='word_1_614' title='bbox 1674 5118 1794 5156; x_wconf 82' lang='lat' dir='ltr'><strong>cum</strong></span> <span class='ocrx_word' id='word_1_615' title='bbox 1817 5102 2070 5173; x_wconf 50' lang='grc' dir='ltr'><strong>ἰιίογᾳιιί</strong></span> 
     </span>
    </p>
   </div>
   <div class='ocr_carea' id='block_1_86' title="bbox 2181 3543 3847 3620">
    <p class='ocr_par' dir='ltr' id='par_1_86' title="bbox 2181 3543 3847 3620">
     <span class='ocr_line' id='line_1_86' title="bbox 2181 3543 3847 3620; baseline -0.002 -20"><span class='ocrx_word' id='word_1_616' title='bbox 2181 3564 2295 3612; x_wconf 80' lang='grc' dir='ltr'>ται,</span> <span class='ocrx_word' id='word_1_617' title='bbox 2327 3546 2422 3601; x_wconf 73' lang='grc' dir='ltr'><strong>καὶ</strong></span> <span class='ocrx_word' id='word_1_618' title='bbox 2448 3549 2505 3601; x_wconf 91' lang='grc' dir='ltr'><strong>ἐν</strong></span> <span class='ocrx_word' id='word_1_619' title='bbox 2532 3548 2597 3617; x_wconf 84' lang='grc' dir='ltr'>τῇ</span> <span class='ocrx_word' id='word_1_620' title='bbox 2622 3545 2718 3600; x_wconf 88' lang='grc' dir='ltr'><strong>τοῦ</strong></span> <span class='ocrx_word' id='word_1_621' title='bbox 2749 3544 2883 3600; x_wconf 84' lang='grc' dir='ltr'>Θεοῦ</span> <span class='ocrx_word' id='word_1_622' title='bbox 2928 3546 3112 3620; x_wconf 83' lang='grc' dir='ltr'>μορφῇ</span> <span class='ocrx_word' id='word_1_623' title='bbox 3142 3543 3286 3598; x_wconf 80' lang='grc' dir='ltr'>κατὰ</span> <span class='ocrx_word' id='word_1_624' title='bbox 3310 3544 3412 3616; x_wconf 77' lang='grc' dir='ltr'><strong>τὴν</strong></span> <span class='ocrx_word' id='word_1_625' title='bbox 3437 3543 3635 3615; x_wconf 84' lang='grc' dir='ltr'>γνῶσιν</span> <span class='ocrx_word' id='word_1_626' title='bbox 3669 3543 3772 3597; x_wconf 79' lang='grc' dir='ltr'><strong>αὖ·-</strong></span> <span class='ocrx_word' id='word_1_627' title='bbox 3842 3581 3847 3586; x_wconf 73' lang='grc'>.</span> 
     </span>
    </p>
   </div>
   <div class='ocr_carea' id='block_1_87' title="bbox 2180 3634 3779 3711">
    <p class='ocr_par' dir='ltr' id='par_1_87' title="bbox 2180 3634 3779 3711">
     <span class='ocr_line' id='line_1_87' title="bbox 2180 3634 3779 3711; baseline -0.002 -20"><span class='ocrx_word' id='word_1_628' title='bbox 2180 3637 2290 3691; x_wconf 83' lang='grc' dir='ltr'>τῶν</span> <span class='ocrx_word' id='word_1_629' title='bbox 2315 3638 2624 3711; x_wconf 86' lang='grc' dir='ltr'>θεωρεῖται.</span> <span class='ocrx_word' id='word_1_630' title='bbox 2682 3638 2906 3710; x_wconf 87' lang='grc' dir='ltr'>Λάμπει</span> <span class='ocrx_word' id='word_1_631' title='bbox 2948 3638 3007 3693; x_wconf 80' lang='grc' dir='ltr'><strong>δὲ</strong></span> <span class='ocrx_word' id='word_1_632' title='bbox 3038 3638 3135 3692; x_wconf 59' lang='grc' dir='ltr'><strong>καλ⁸</strong></span> <span class='ocrx_word' id='word_1_633' title='bbox 3187 3635 3250 3690; x_wconf 84' lang='grc' dir='ltr'>τδ</span> <span class='ocrx_word' id='word_1_634' title='bbox 3285 3637 3578 3709; x_wconf 81' lang='grc' dir='ltr'>πρόσωπον</span> <span class='ocrx_word' id='word_1_635' title='bbox 3606 3634 3779 3691; x_wconf 80' lang='grc' dir='ltr'>αὐτοῦ</span> 
     </span>
    </p>
   </div>
   <div class='ocr_carea' id='block_1_88' title="bbox 2181 3729 3773 3805">
    <p class='ocr_par' dir='ltr' id='par_1_88' title="bbox 2181 3729 3773 3805">
     <span class='ocr_line' id='line_1_88' title="bbox 2181 3729 3773 3805; baseline -0.002 -20"><span class='ocrx_word' id='word_1_636' title='bbox 2181 3732 2257 3797; x_wconf 81' lang='grc' dir='ltr'><strong>ὡς</strong></span> <span class='ocrx_word' id='word_1_637' title='bbox 2282 3734 2310 3786; x_wconf 87' lang='lat'><strong>6</strong></span> <span class='ocrx_word' id='word_1_638' title='bbox 2340 3733 2512 3805; x_wconf 76' lang='grc' dir='ltr'>ἣλιος,</span> <span class='ocrx_word' id='word_1_639' title='bbox 2546 3735 2659 3798; x_wconf 84' lang='grc' dir='ltr'>τοῖς</span> <span class='ocrx_word' id='word_1_640' title='bbox 2683 3733 2894 3798; x_wconf 87' lang='grc' dir='ltr'>τέκνοις</span> <span class='ocrx_word' id='word_1_641' title='bbox 2929 3732 3108 3803; x_wconf 82' lang='grc' dir='ltr'>φωτὸς</span> <span class='ocrx_word' id='word_1_642' title='bbox 3154 3731 3248 3786; x_wconf 72' lang='grc' dir='ltr'>καὶ</span> <span class='ocrx_word' id='word_1_643' title='bbox 3295 3730 3532 3804; x_wconf 81' lang='grc' dir='ltr'>ἡμέρας,</span> <span class='ocrx_word' id='word_1_644' title='bbox 3561 3729 3773 3785; x_wconf 72' lang='grc' dir='ltr'>δικαιοε-</span> 
     </span>
    </p>
   </div>
   <div class='ocr_carea' id='block_1_89' title="bbox 2183 3822 3778 3897">
    <p class='ocr_par' dir='ltr' id='par_1_89' title="bbox 2183 3822 3778 3897">
     <span class='ocr_line' id='line_1_89' title="bbox 2183 3822 3778 3897; baseline -0.001 -20"><span class='ocrx_word' id='word_1_645' title='bbox 2183 3823 2351 3897; x_wconf 85' lang='grc' dir='ltr'>σύνης</span> <span class='ocrx_word' id='word_1_646' title='bbox 2376 3827 2528 3897; x_wconf 70' lang='grc' dir='ltr'>ἥλιος</span> <span class='ocrx_word' id='word_1_647' title='bbox 2559 3825 3005 3897; x_wconf 77' lang='grc' dir='ltr'>φανερούμενοςο·</span> <span class='ocrx_word' id='word_1_648' title='bbox 3030 3823 3168 3878; x_wconf 84' lang='grc' dir='ltr'>ἀλλὰ</span> <span class='ocrx_word' id='word_1_649' title='bbox 3204 3825 3298 3879; x_wconf 73' lang='grc' dir='ltr'><strong>καὶ</strong></span> <span class='ocrx_word' id='word_1_650' title='bbox 3339 3824 3408 3878; x_wconf 85' lang='grc' dir='ltr'>τὰ</span> <span class='ocrx_word' id='word_1_651' title='bbox 3461 3823 3652 3895; x_wconf 81' lang='grc' dir='ltr'>ἱμάτια</span> <span class='ocrx_word' id='word_1_652' title='bbox 3676 3822 3778 3876; x_wconf 66' lang='grc' dir='ltr'><strong>αὖα</strong></span> 
     </span>
    </p>
   </div>
   <div class='ocr_carea' id='block_1_90' title="bbox 2178 3916 3778 3990">
    <p class='ocr_par' dir='ltr' id='par_1_90' title="bbox 2178 3916 3778 3990">
     <span class='ocr_line' id='line_1_90' title="bbox 2178 3916 3778 3990; baseline -0.003 -18"><span class='ocrx_word' id='word_1_653' title='bbox 2178 3917 2274 3973; x_wconf 82' lang='grc' dir='ltr'><strong>τοῦ</strong></span> <span class='ocrx_word' id='word_1_654' title='bbox 2306 3922 2419 3983; x_wconf 83' lang='grc' dir='ltr'>τοῖς</span> <span class='ocrx_word' id='word_1_655' title='bbox 2442 3917 2752 3990; x_wconf 75' lang='grc' dir='ltr'>ἀναχθεῖσιν</span> <span class='ocrx_word' id='word_1_656' title='bbox 2776 3920 2867 3974; x_wconf 85' lang='grc' dir='ltr'>ὑπ’</span> <span class='ocrx_word' id='word_1_657' title='bbox 2889 3917 3054 3974; x_wconf 81' lang='grc' dir='ltr'>αὐτοῦ</span> <span class='ocrx_word' id='word_1_658' title='bbox 3086 3921 3166 3984; x_wconf 78' lang='grc' dir='ltr'>εἰς</span> <span class='ocrx_word' id='word_1_659' title='bbox 3192 3918 3255 3972; x_wconf 83' lang='grc' dir='ltr'><strong>τὸ</strong></span> <span class='ocrx_word' id='word_1_660' title='bbox 3281 3916 3484 3988; x_wconf 75' lang='grc' dir='ltr'>ὑψηλὸν</span> <span class='ocrx_word' id='word_1_661' title='bbox 3508 3916 3632 3989; x_wconf 73' lang='grc' dir='ltr'>ὅρος</span> <span class='ocrx_word' id='word_1_662' title='bbox 3652 3917 3778 3984; x_wconf 81' lang='grc' dir='ltr'>φαίο</span> 
     </span>
    </p>
   </div>
   <div class='ocr_carea' id='block_1_91' title="bbox 2179 4004 3774 4079">
    <p class='ocr_par' dir='ltr' id='par_1_91' title="bbox 2179 4004 3774 4079">
     <span class='ocr_line' id='line_1_91' title="bbox 2179 4004 3774 4079; baseline -0.004 -16"><span class='ocrx_word' id='word_1_663' title='bbox 2179 4026 2331 4063; x_wconf 87' lang='grc' dir='ltr'>νεται</span> <span class='ocrx_word' id='word_1_664' title='bbox 2369 4008 2540 4063; x_wconf 84' lang='grc' dir='ltr'>λευκά</span> <span class='ocrx_word' id='word_1_665' title='bbox 2567 4008 2643 4073; x_wconf 85' lang='grc' dir='ltr'>ὡς</span> <span class='ocrx_word' id='word_1_666' title='bbox 2667 4008 2729 4062; x_wconf 81' lang='grc' dir='ltr'>τὸ</span> <span class='ocrx_word' id='word_1_667' title='bbox 2761 4008 2895 4079; x_wconf 81' lang='grc' dir='ltr'>φῶς⁶</span> <span class='ocrx_word' id='word_1_668' title='bbox 2929 4008 3073 4079; x_wconf 83' lang='grc' dir='ltr'>ἆπερ</span> <span class='ocrx_word' id='word_1_669' title='bbox 3097 4008 3245 4061; x_wconf 70' lang='grc' dir='ltr'>ἐστὶν</span> <span class='ocrx_word' id='word_1_670' title='bbox 3271 4007 3328 4059; x_wconf 83' lang='grc' dir='ltr'><strong>αἱ</strong></span> <span class='ocrx_word' id='word_1_671' title='bbox 3359 4005 3555 4070; x_wconf 81' lang='grc' dir='ltr'>λέξεις,</span> <span class='ocrx_word' id='word_1_672' title='bbox 3591 4004 3687 4059; x_wconf 73' lang='grc' dir='ltr'>καὶ</span> <span class='ocrx_word' id='word_1_673' title='bbox 3735 4006 3774 4057; x_wconf 73' lang='grc' dir='ltr'>ἃ</span> 
     </span>
    </p>
   </div>
   <div class='ocr_carea' id='block_1_92' title="bbox 2179 4090 3775 4168">
    <p class='ocr_par' dir='ltr' id='par_1_92' title="bbox 2179 4090 3775 4168">
     <span class='ocr_line' id='line_1_92' title="bbox 2179 4090 3775 4168; baseline -0.003 -15"><span class='ocrx_word' id='word_1_674' title='bbox 2179 4098 2469 4154; x_wconf 83' lang='grc' dir='ltr'>ἐνεδύσατο</span> <span class='ocrx_word' id='word_1_675' title='bbox 2499 4098 2608 4153; x_wconf 85' lang='grc' dir='ltr'>τῶν</span> <span class='ocrx_word' id='word_1_676' title='bbox 2662 4096 3012 4168; x_wconf 83' lang='grc' dir='ltr'>Εὑαγγελίων</span> <span class='ocrx_word' id='word_1_677' title='bbox 3057 4097 3379 4168; x_wconf 85' lang='grc' dir='ltr'>γράμματα·</span> <span class='ocrx_word' id='word_1_678' title='bbox 3412 4090 3568 4166; x_wconf 79' lang='grc' dir='ltr'>οἶμαι</span> <span class='ocrx_word' id='word_1_679' title='bbox 3613 4093 3659 4148; x_wconf 81' lang='grc' dir='ltr'><strong>δ’</strong></span> <span class='ocrx_word' id='word_1_680' title='bbox 3690 4096 3775 4148; x_wconf 75' lang='grc' dir='ltr'>ὅτι</span> 
     </span>
    </p>
   </div>
   <div class='ocr_carea' id='block_1_93' title="bbox 2179 4187 3768 4263">
    <p class='ocr_par' dir='ltr' id='par_1_93' title="bbox 2179 4187 3768 4263">
     <span class='ocr_line' id='line_1_93' title="bbox 2179 4187 3768 4263; baseline -0.003 -17"><span class='ocrx_word' id='word_1_681' title='bbox 2179 4192 2364 4247; x_wconf 76' lang='grc' dir='ltr'>καὶτὰ</span> <span class='ocrx_word' id='word_1_682' title='bbox 2394 4191 2504 4245; x_wconf 83' lang='grc' dir='ltr'><strong>ἀπὸ</strong></span> <span class='ocrx_word' id='word_1_683' title='bbox 2533 4191 2632 4263; x_wconf 81' lang='grc' dir='ltr'>τῆς</span> <span class='ocrx_word' id='word_1_684' title='bbox 2656 4190 2890 4263; x_wconf 76' lang='grc' dir='ltr'>Τραφῆς</span> <span class='ocrx_word' id='word_1_685' title='bbox 2936 4190 3046 4246; x_wconf 85' lang='grc' dir='ltr'>τῶν</span> <span class='ocrx_word' id='word_1_686' title='bbox 3092 4188 3403 4244; x_wconf 76' lang='grc' dir='ltr'>ἀποστόλων</span> <span class='ocrx_word' id='word_1_687' title='bbox 3441 4187 3768 4258; x_wconf 76' lang='grc' dir='ltr'>δηλούμενα.</span> 
     </span>
    </p>
   </div>
   <div class='ocr_carea' id='block_1_94' title="bbox 2191 4277 3772 4355">
    <p class='ocr_par' dir='ltr' id='par_1_94' title="bbox 2191 4277 3772 4355">
     <span class='ocr_line' id='line_1_94' title="bbox 2191 4277 3772 4355; baseline -0.004 -17"><span class='ocrx_word' id='word_1_688' title='bbox 2191 4282 2364 4338; x_wconf 86' lang='grc' dir='ltr'>Ἐπὰν</span> <span class='ocrx_word' id='word_1_689' title='bbox 2391 4279 2485 4338; x_wconf 83' lang='grc' dir='ltr'><strong>οὖν</strong></span> <span class='ocrx_word' id='word_1_690' title='bbox 2522 4283 2642 4355; x_wconf 75' lang='grc' dir='ltr'><strong>ἴδῃς</strong></span> <span class='ocrx_word' id='word_1_691' title='bbox 2670 4283 2794 4337; x_wconf 84' lang='grc' dir='ltr'>τινὰ</span> <span class='ocrx_word' id='word_1_692' title='bbox 2824 4281 2925 4354; x_wconf 81' lang='grc' dir='ltr'>τὴν</span> <span class='ocrx_word' id='word_1_693' title='bbox 2958 4283 3087 4355; x_wconf 72' lang='grc' dir='ltr'>περὶ</span> <span class='ocrx_word' id='word_1_694' title='bbox 3135 4280 3231 4335; x_wconf 87' lang='grc' dir='ltr'><strong>τοῦ</strong></span> <span class='ocrx_word' id='word_1_695' title='bbox 3278 4279 3452 4352; x_wconf 79' lang='grc' dir='ltr'>Ἰησοῦ</span> <span class='ocrx_word' id='word_1_696' title='bbox 3488 4277 3772 4347; x_wconf 79' lang='grc' dir='ltr'>θεολογίαν</span> 
     </span>
    </p>
   </div>
   <div class='ocr_carea' id='block_1_95' title="bbox 2183 4371 3787 4447">
    <p class='ocr_par' dir='ltr' id='par_1_95' title="bbox 2183 4371 3787 4447">
     <span class='ocr_line' id='line_1_95' title="bbox 2183 4371 3787 4447; baseline -0.004 -18"><span class='ocrx_word' id='word_1_697' title='bbox 2183 4373 2521 4447; x_wconf 75' lang='grc' dir='ltr'>ἀκριϐοῦντα</span> <span class='ocrx_word' id='word_1_698' title='bbox 2543 4374 2640 4429; x_wconf 76' lang='grc' dir='ltr'><strong>καὶ</strong></span> <span class='ocrx_word' id='word_1_699' title='bbox 2664 4373 2767 4447; x_wconf 80' lang='grc' dir='ltr'><strong>τὴν</strong></span> <span class='ocrx_word' id='word_1_700' title='bbox 2793 4371 2939 4438; x_wconf 81' lang='grc' dir='ltr'>λέξιν</span> <span class='ocrx_word' id='word_1_701' title='bbox 2957 4373 3065 4427; x_wconf 87' lang='grc' dir='ltr'>τῶν</span> <span class='ocrx_word' id='word_1_702' title='bbox 3086 4372 3435 4442; x_wconf 74' lang='grc' dir='ltr'>Εὐαγγελίων</span> <span class='ocrx_word' id='word_1_703' title='bbox 3457 4372 3638 4425; x_wconf 82' lang='grc' dir='ltr'>πᾶσαν</span> <span class='ocrx_word' id='word_1_704' title='bbox 3672 4386 3787 4423; x_wconf 66' lang='grc' dir='ltr'>σαι</span> 
     </span>
    </p>
   </div>
   <div class='ocr_carea' id='block_1_96' title="bbox 2180 4460 3770 4534">
    <p class='ocr_par' dir='ltr' id='par_1_96' title="bbox 2180 4460 3770 4534">
     <span class='ocr_line' id='line_1_96' title="bbox 2180 4460 3770 4534; baseline -0.002 -19"><span class='ocrx_word' id='word_1_705' title='bbox 2180 4461 2495 4533; x_wconf 77' lang='grc' dir='ltr'>φηνίζοντα,</span> <span class='ocrx_word' id='word_1_706' title='bbox 2530 4461 2606 4534; x_wconf 84' lang='grc' dir='ltr'>μὴ</span> <span class='ocrx_word' id='word_1_707' title='bbox 2630 4460 2781 4517; x_wconf 79' lang='grc' dir='ltr'>όκνει</span> <span class='ocrx_word' id='word_1_708' title='bbox 2805 4461 2883 4534; x_wconf 81' lang='grc' dir='ltr'>τῷ</span> <span class='ocrx_word' id='word_1_709' title='bbox 2914 4462 3142 4534; x_wconf 85' lang='grc' dir='ltr'>τοιούτῳ</span> <span class='ocrx_word' id='word_1_710' title='bbox 3194 4464 3425 4530; x_wconf 86' lang='grc' dir='ltr'>φάσκειν</span> <span class='ocrx_word' id='word_1_711' title='bbox 3484 4461 3770 4532; x_wconf 85' lang='grc' dir='ltr'>γεγονέναι</span> 
     </span>
    </p>
   </div>
   <div class='ocr_carea' id='block_1_97' title="bbox 2177 4551 3769 4625">
    <p class='ocr_par' dir='ltr' id='par_1_97' title="bbox 2177 4551 3769 4625">
     <span class='ocr_line' id='line_1_97' title="bbox 2177 4551 3769 4625; baseline -0.001 -18"><span class='ocrx_word' id='word_1_712' title='bbox 2177 4552 2247 4607; x_wconf 83' lang='grc' dir='ltr'>τὰ</span> <span class='ocrx_word' id='word_1_713' title='bbox 2282 4553 2476 4625; x_wconf 87' lang='grc' dir='ltr'>ίμάτια</span> <span class='ocrx_word' id='word_1_714' title='bbox 2505 4553 2603 4607; x_wconf 84' lang='grc' dir='ltr'><strong>τοῦ</strong></span> <span class='ocrx_word' id='word_1_715' title='bbox 2644 4552 2821 4625; x_wconf 81' lang='grc' dir='ltr'>Ἰησοῦ</span> <span class='ocrx_word' id='word_1_716' title='bbox 2853 4553 3021 4608; x_wconf 86' lang='grc' dir='ltr'>λευκὰ</span> <span class='ocrx_word' id='word_1_717' title='bbox 3051 4554 3128 4618; x_wconf 84' lang='grc' dir='ltr'>ὡς</span> <span class='ocrx_word' id='word_1_718' title='bbox 3150 4554 3210 4607; x_wconf 79' lang='grc' dir='ltr'>τὸ</span> <span class='ocrx_word' id='word_1_719' title='bbox 3241 4553 3378 4624; x_wconf 83' lang='grc' dir='ltr'>φῶς.</span> <span class='ocrx_word' id='word_1_720' title='bbox 3402 4552 3493 4625; x_wconf 84' lang='grc' dir='ltr'>Τῷ</span> <span class='ocrx_word' id='word_1_721' title='bbox 3522 4552 3566 4606; x_wconf 86' lang='grc' dir='ltr'><strong>δ’</strong></span> <span class='ocrx_word' id='word_1_722' title='bbox 3593 4551 3769 4617; x_wconf 76' lang='grc' dir='ltr'>οὕτως</span> 
     </span>
    </p>
   </div>
   <div class='ocr_carea' id='block_1_98' title="bbox 2182 4644 3769 4719">
    <p class='ocr_par' dir='ltr' id='par_1_98' title="bbox 2182 4644 3769 4719">
     <span class='ocr_line' id='line_1_98' title="bbox 2182 4644 3769 4719; baseline 0.002 -20"><span class='ocrx_word' id='word_1_723' title='bbox 2182 4644 2345 4699; x_wconf 85' lang='grc' dir='ltr'>ίδόντι</span> <span class='ocrx_word' id='word_1_724' title='bbox 2377 4645 2471 4700; x_wconf 84' lang='grc' dir='ltr'><strong>τὸν</strong></span> <span class='ocrx_word' id='word_1_725' title='bbox 2510 4645 2718 4717; x_wconf 84' lang='grc' dir='ltr'>Ἰησοῦν</span> <span class='ocrx_word' id='word_1_726' title='bbox 2747 4646 2963 4718; x_wconf 83' lang='grc' dir='ltr'>ὀφθεῖεν</span> <span class='ocrx_word' id='word_1_727' title='bbox 3004 4646 3072 4702; x_wconf 80' lang='grc' dir='ltr'>ἂν</span> <span class='ocrx_word' id='word_1_728' title='bbox 3118 4648 3361 4718; x_wconf 80' lang='grc' dir='ltr'>Μωῦσῆς</span> <span class='ocrx_word' id='word_1_729' title='bbox 3388 4650 3417 4702; x_wconf 83' lang='grc' dir='ltr'><strong>ό</strong></span> <span class='ocrx_word' id='word_1_730' title='bbox 3450 4649 3635 4719; x_wconf 90' lang='grc' dir='ltr'>νόμος·</span> <span class='ocrx_word' id='word_1_731' title='bbox 3670 4647 3769 4702; x_wconf 73' lang='grc' dir='ltr'><strong>καὶ</strong></span> 
     </span>
    </p>
   </div>
   <div class='ocr_carea' id='block_1_99' title="bbox 2194 4734 3769 4813">
    <p class='ocr_par' dir='ltr' id='par_1_99' title="bbox 2194 4734 3769 4813">
     <span class='ocr_line' id='line_1_99' title="bbox 2194 4734 3769 4813; baseline 0.002 -22"><span class='ocrx_word' id='word_1_732' title='bbox 2194 4734 2379 4801; x_wconf 83' lang='grc' dir='ltr'>Ἠλίας</span> <span class='ocrx_word' id='word_1_733' title='bbox 2408 4739 2438 4792; x_wconf 89' lang='lat'><strong>6</strong></span> <span class='ocrx_word' id='word_1_734' title='bbox 2485 4739 2823 4810; x_wconf 84' lang='grc' dir='ltr'>προφητικὺς</span> <span class='ocrx_word' id='word_1_735' title='bbox 2866 4738 3025 4809; x_wconf 87' lang='grc' dir='ltr'>λόγος</span> <span class='ocrx_word' id='word_1_736' title='bbox 3044 4780 3060 4802; x_wconf 86' lang='grc'><strong>,</strong></span> <span class='ocrx_word' id='word_1_737' title='bbox 3105 4739 3410 4810; x_wconf 86' lang='grc' dir='ltr'>κοινολογού</span> <span class='ocrx_word' id='word_1_738' title='bbox 3419 4758 3568 4813; x_wconf 89' lang='grc' dir='ltr'>μενοι</span> <span class='ocrx_word' id='word_1_739' title='bbox 3628 4739 3769 4812; x_wconf 81' lang='grc' dir='ltr'>πρὸς</span> 
     </span>
    </p>
   </div>
   <div class='ocr_carea' id='block_1_100' title="bbox 2178 4829 3768 4902">
    <p class='ocr_par' dir='ltr' id='par_1_100' title="bbox 2178 4829 3768 4902">
     <span class='ocr_line' id='line_1_100' title="bbox 2178 4829 3768 4902; baseline 0 -19"><span class='ocrx_word' id='word_1_740' title='bbox 2178 4829 2269 4883; x_wconf 82' lang='grc' dir='ltr'><strong>τὸν</strong></span> <span class='ocrx_word' id='word_1_741' title='bbox 2312 4830 2539 4900; x_wconf 87' lang='grc' dir='ltr'>Ἰησοῦν.</span> <span class='ocrx_word' id='word_1_742' title='bbox 2605 4831 2665 4884; x_wconf 87' lang='lat'><strong>&#39;0</strong></span> <span class='ocrx_word' id='word_1_743' title='bbox 2705 4830 2763 4883; x_wconf 83' lang='grc' dir='ltr'><strong>δὲ</strong></span> <span class='ocrx_word' id='word_1_744' title='bbox 2810 4829 2935 4884; x_wconf 81' lang='grc' dir='ltr'><strong>ῑδὼν</strong></span> <span class='ocrx_word' id='word_1_745' title='bbox 2983 4829 3082 4902; x_wconf 79' lang='grc' dir='ltr'>τὴν</span> <span class='ocrx_word' id='word_1_746' title='bbox 3110 4831 3393 4897; x_wconf 75' lang='grc' dir='ltr'>Μωῦσέως</span> <span class='ocrx_word' id='word_1_747' title='bbox 3443 4830 3626 4899; x_wconf 81' lang='grc' dir='ltr'>δόξαν,</span> <span class='ocrx_word' id='word_1_748' title='bbox 3671 4831 3768 4886; x_wconf 78' lang='grc' dir='ltr'><strong>καὶ</strong></span> 
     </span>
    </p>
   </div>
   <div class='ocr_carea' id='block_1_101' title="bbox 2176 4908 3771 4996">
    <p class='ocr_par' dir='ltr' id='par_1_101' title="bbox 2176 4908 3771 4996">
     <span class='ocr_line' id='line_1_101' title="bbox 2176 4908 3771 4996; baseline 0.002 -22"><span class='ocrx_word' id='word_1_749' title='bbox 2176 4922 2377 4994; x_wconf 77' lang='grc' dir='ltr'>νοήσας</span> <span class='ocrx_word' id='word_1_750' title='bbox 2426 4922 2519 4975; x_wconf 85' lang='grc' dir='ltr'><strong>τὸν</strong></span> <span class='ocrx_word' id='word_1_751' title='bbox 2557 4908 2932 4993; x_wconf 77' lang='grc' dir='ltr'>πνευματικὸν</span> <span class='ocrx_word' id='word_1_752' title='bbox 2974 4924 3138 4995; x_wconf 85' lang='grc' dir='ltr'>νόμον</span> <span class='ocrx_word' id='word_1_753' title='bbox 3188 4923 3581 4995; x_wconf 83' lang='grc' dir='ltr'>συμφωνοῦντα</span> <span class='ocrx_word' id='word_1_754' title='bbox 3630 4923 3771 4996; x_wconf 78' lang='grc' dir='ltr'>πρὸς</span> 
     </span>
    </p>
   </div>
   <div class='ocr_carea' id='block_1_102' title="bbox 2173 5013 3785 5088">
    <p class='ocr_par' dir='ltr' id='par_1_102' title="bbox 2173 5013 3785 5088">
     <span class='ocr_line' id='line_1_102' title="bbox 2173 5013 3785 5088; baseline 0.001 -21"><span class='ocrx_word' id='word_1_755' title='bbox 2173 5013 2273 5067; x_wconf 68' lang='grc' dir='ltr'>τὸν·</span> <span class='ocrx_word' id='word_1_756' title='bbox 2312 5013 2490 5086; x_wconf 87' lang='grc' dir='ltr'>Ἰησοῦ</span> <span class='ocrx_word' id='word_1_757' title='bbox 2515 5014 2692 5085; x_wconf 87' lang='grc' dir='ltr'>λόγον,</span> <span class='ocrx_word' id='word_1_758' title='bbox 2728 5015 2826 5069; x_wconf 74' lang='grc' dir='ltr'>καὶ</span> <span class='ocrx_word' id='word_1_759' title='bbox 2858 5016 2957 5088; x_wconf 80' lang='grc' dir='ltr'><strong>τὴν</strong></span> <span class='ocrx_word' id='word_1_760' title='bbox 2986 5014 3045 5069; x_wconf 89' lang='grc' dir='ltr'><strong>ἐν</strong></span> <span class='ocrx_word' id='word_1_761' title='bbox 3085 5017 3197 5080; x_wconf 84' lang='grc' dir='ltr'>τοῖς</span> <span class='ocrx_word' id='word_1_762' title='bbox 3239 5017 3544 5087; x_wconf 77' lang='grc' dir='ltr'>προφήταις</span> <span class='ocrx_word' id='word_1_763' title='bbox 3573 5017 3631 5068; x_wconf 88' lang='grc' dir='ltr'><strong>ἐν</strong></span> <span class='ocrx_word' id='word_1_764' title='bbox 3669 5033 3785 5085; x_wconf 85' lang='grc' dir='ltr'>μυ--</span> 
     </span>
    </p>
   </div>
   <div class='ocr_carea' id='block_1_103' title="bbox 2176 5104 3767 5179">
    <p class='ocr_par' dir='ltr' id='par_1_103' title="bbox 2176 5104 3767 5179">
     <span class='ocr_line' id='line_1_103' title="bbox 2176 5104 3767 5179; baseline 0 -19"><span class='ocrx_word' id='word_1_765' title='bbox 2176 5107 2388 5178; x_wconf 83' lang='grc' dir='ltr'>στηρίῳ</span> <span class='ocrx_word' id='word_1_766' title='bbox 2410 5106 3038 5179; x_wconf 84' lang='grc' dir='ltr'>κεκρυμμένην-σοφίαν,</span> <span class='ocrx_word' id='word_1_767' title='bbox 3053 5104 3159 5162; x_wconf 72' lang='grc' dir='ltr'>εἶδε</span> <span class='ocrx_word' id='word_1_768' title='bbox 3180 5108 3423 5177; x_wconf 78' lang='grc' dir='ltr'>Μωῦσῆν</span> <span class='ocrx_word' id='word_1_769' title='bbox 3449 5108 3544 5161; x_wconf 77' lang='grc' dir='ltr'><strong>καὶ</strong></span> <span class='ocrx_word' id='word_1_770' title='bbox 3580 5107 3767 5161; x_wconf 83' lang='grc' dir='ltr'>Ἠλίαν</span> 
     </span>
    </p>
   </div>
   <div class='ocr_carea' id='block_1_104' title="bbox 490 5188 2079 5272">
    <p class='ocr_par' dir='ltr' id='par_1_104' title="bbox 490 5188 2073 5266">
     <span class='ocr_line' id='line_1_104' title="bbox 490 5188 2073 5266; baseline 0.004 -24"><span class='ocrx_word' id='word_1_771' title='bbox 490 5199 644 5245; x_wconf 83' lang='lat' dir='ltr'><strong>erant</strong></span> <span class='ocrx_word' id='word_1_772' title='bbox 674 5188 881 5262; x_wconf 75' lang='lat' dir='ltr'><strong>Moyses</strong></span> <span class='ocrx_word' id='word_1_773' title='bbox 921 5201 971 5246; x_wconf 85' lang='lat' dir='ltr'><strong>et</strong></span> <span class='ocrx_word' id='word_1_774' title='bbox 995 5191 1166 5262; x_wconf 77' lang='lat' dir='ltr'><strong>Elius,</strong></span> <span class='ocrx_word' id='word_1_775' title='bbox 1193 5193 1285 5264; x_wconf 81' lang='lat' dir='ltr'><strong>qui</strong></span> <span class='ocrx_word' id='word_1_776' title='bbox 1311 5195 1410 5249; x_wconf 79' lang='lat' dir='ltr'><strong>visi</strong></span> <span class='ocrx_word' id='word_1_777' title='bbox 1449 5195 1504 5248; x_wconf 78' lang='lat' dir='ltr'><strong>ir:</strong></span> <span class='ocrx_word' id='word_1_778' title='bbox 1525 5196 1805 5266; x_wconf 78' lang='lat' dir='ltr'><strong>majestate</strong></span> <span class='ocrx_word' id='word_1_779' title='bbox 1829 5196 2073 5251; x_wconf 80' lang='lat' dir='ltr'><strong>dicebant</strong></span> 
     </span>
    </p>
   </div>
   <div class='ocr_carea' id='block_1_105' title="bbox 2181 5188 3777 5272">
    <p class='ocr_par' dir='ltr' id='par_1_105' title="bbox 2181 5195 3777 5272">
     <span class='ocr_line' id='line_1_105' title="bbox 2181 5195 3777 5272; baseline 0 -20"><span class='ocrx_word' id='word_1_780' title='bbox 2181 5201 2236 5252; x_wconf 81' lang='grc' dir='ltr'><strong>ἐν</strong></span> <span class='ocrx_word' id='word_1_781' title='bbox 2257 5199 2405 5272; x_wconf 79' lang='grc' dir='ltr'>δόξῃ,</span> <span class='ocrx_word' id='word_1_782' title='bbox 2432 5201 2521 5253; x_wconf 78' lang='grc' dir='ltr'><strong>ὅτε</strong></span> <span class='ocrx_word' id='word_1_783' title='bbox 2547 5195 2685 5253; x_wconf 76' lang='grc' dir='ltr'>εἶδεν</span> <span class='ocrx_word' id='word_1_784' title='bbox 2720 5200 2919 5265; x_wconf 72' lang='grc' dir='ltr'>αὐτοὺς</span> <span class='ocrx_word' id='word_1_785' title='bbox 2950 5200 3086 5272; x_wconf 81' lang='grc' dir='ltr'>μετὰ</span> <span class='ocrx_word' id='word_1_786' title='bbox 3114 5199 3207 5253; x_wconf 85' lang='grc' dir='ltr'><strong>τοῦ</strong></span> <span class='ocrx_word' id='word_1_787' title='bbox 3250 5199 3444 5269; x_wconf 77' lang='grc' dir='ltr'>Ἰησοῦ.</span> <span class='ocrx_word' id='word_1_788' title='bbox 3473 5199 3630 5253; x_wconf 78' lang='grc' dir='ltr'>Οὕτω</span> <span class='ocrx_word' id='word_1_789' title='bbox 3658 5201 3777 5272; x_wconf 80' lang='grc' dir='ltr'>γὰρ’</span> 
     </span>
    </p>
   </div>
   <div class='ocr_carea' id='block_1_106' title="bbox 489 5282 2072 5357">
    <p class='ocr_par' dir='ltr' id='par_1_106' title="bbox 489 5282 2072 5357">
     <span class='ocr_line' id='line_1_106' title="bbox 489 5282 2072 5357; baseline 0.006 -23"><span class='ocrx_word' id='word_1_790' title='bbox 489 5297 761 5335; x_wconf 73' lang='lat' dir='ltr'><strong>excessum</strong></span> <span class='ocrx_word' id='word_1_791' title='bbox 806 5282 941 5352; x_wconf 80' lang='lat' dir='ltr'><strong>ejus,</strong></span> <span class='ocrx_word' id='word_1_792' title='bbox 993 5299 1146 5354; x_wconf 77' lang='lat' dir='ltr'><strong>quem</strong></span> <span class='ocrx_word' id='word_1_793' title='bbox 1180 5287 1535 5357; x_wconf 72' lang='lat' dir='ltr'><strong>completur-us</strong></span> <span class='ocrx_word' id='word_1_794' title='bbox 1582 5298 1695 5341; x_wconf 86' lang='lat' dir='ltr'><strong>erat</strong></span> <span class='ocrx_word' id='word_1_795' title='bbox 1738 5288 1795 5341; x_wconf 76' lang='lat' dir='ltr'><strong>in</strong></span> <span class='ocrx_word' id='word_1_796' title='bbox 1848 5285 2072 5342; x_wconf 73' lang='lat' dir='ltr'><strong>Jerusa-</strong></span> 
     </span>
    </p>
   </div>
   <div class='ocr_carea' id='block_1_107' title="bbox 491 5373 1895 5450">
    <p class='ocr_par' dir='ltr' id='par_1_107' title="bbox 491 5373 1895 5450">
     <span class='ocr_line' id='line_1_107' title="bbox 491 5373 1895 5450; baseline 0.008 -25"><span class='ocrx_word' id='word_1_797' title='bbox 491 5373 593 5427; x_wconf 85' lang='lat' dir='ltr'><strong>lcm</strong></span> <span class='ocrx_word' id='word_1_798' title='bbox 618 5373 686 5441; x_wconf 77' lang='grc'><strong>’⁸,</strong></span> <span class='ocrx_word' id='word_1_799' title='bbox 720 5375 823 5430; x_wconf 86' lang='lat' dir='ltr'><strong>hoc</strong></span> <span class='ocrx_word' id='word_1_800' title='bbox 849 5385 931 5432; x_wconf 87' lang='lat' dir='ltr'><strong>est</strong></span> <span class='ocrx_word' id='word_1_801' title='bbox 957 5392 1174 5432; x_wconf 83' lang='lat' dir='ltr'><strong>crucem</strong></span> <span class='ocrx_word' id='word_1_802' title='bbox 1202 5388 1256 5433; x_wconf 91' lang='lat' dir='ltr'><strong>et</strong></span> <span class='ocrx_word' id='word_1_803' title='bbox 1283 5380 1593 5450; x_wconf 86' lang='lat' dir='ltr'><strong>passionem</strong></span> <span class='ocrx_word' id='word_1_804' title='bbox 1626 5388 1895 5436; x_wconf 86' lang='lat' dir='ltr'><strong>sanctam.</strong></span> 
     </span>
    </p>
   </div>
   <div class='ocr_carea' id='block_1_108' title="bbox 2179 5291 3770 5365">
    <p class='ocr_par' dir='ltr' id='par_1_108' title="bbox 2179 5291 3770 5365">
     <span class='ocr_line' id='line_1_108' title="bbox 2179 5291 3770 5365; baseline 0.001 -21"><span class='ocrx_word' id='word_1_805' title='bbox 2179 5292 2210 5344; x_wconf 77' lang='grc' dir='ltr'><strong>ό</strong></span> <span class='ocrx_word' id='word_1_806' title='bbox 2242 5292 2459 5357; x_wconf 75' lang='grc' dir='ltr'>Λουκᾶς</span> <span class='ocrx_word' id='word_1_807' title='bbox 2482 5309 2669 5365; x_wconf 84' lang='grc' dir='ltr'>φησιν,</span> <span class='ocrx_word' id='word_1_808' title='bbox 2699 5294 2780 5348; x_wconf 84' lang='grc' dir='ltr'>ὅτι</span> <span class='ocrx_word' id='word_1_809' title='bbox 2830 5295 2939 5348; x_wconf 79' lang='grc' dir='ltr'><strong>Καὶ</strong></span> <span class='ocrx_word' id='word_1_810' title='bbox 2971 5294 3099 5348; x_wconf 77' lang='grc' dir='ltr'><strong>ιδοὺ</strong></span> <span class='ocrx_word' id='word_1_811' title='bbox 3125 5291 3339 5359; x_wconf 74' lang='grc' dir='ltr'>ἄνδρες</span> <span class='ocrx_word' id='word_1_812' title='bbox 3364 5291 3473 5346; x_wconf 79' lang='grc' dir='ltr'>δύο</span> <span class='ocrx_word' id='word_1_813' title='bbox 3503 5291 3770 5346; x_wconf 74' lang='grc' dir='ltr'><strong>συνελά-</strong></span> 
     </span>
    </p>
   </div>
   <div class='ocr_carea' id='block_1_109' title="bbox 2179 5382 3779 5457">
    <p class='ocr_par' dir='ltr' id='par_1_109' title="bbox 2179 5382 3779 5457">
     <span class='ocr_line' id='line_1_109' title="bbox 2179 5382 3779 5457; baseline 0 -20"><span class='ocrx_word' id='word_1_814' title='bbox 2179 5386 2336 5437; x_wconf 71' lang='grc' dir='ltr'>λουν</span> <span class='ocrx_word' id='word_1_815' title='bbox 2375 5384 2538 5448; x_wconf 83' lang='grc' dir='ltr'>αὐτῷ</span> <span class='ocrx_word' id='word_1_816' title='bbox 2558 5426 2574 5450; x_wconf 88' lang='grc'><strong>,</strong></span> <span class='ocrx_word' id='word_1_817' title='bbox 2629 5387 2847 5453; x_wconf 78' lang='grc' dir='ltr'>οἵτινες</span> <span class='ocrx_word' id='word_1_818' title='bbox 2892 5384 3057 5457; x_wconf 72' lang='grc' dir='ltr'>ἦσαν</span> <span class='ocrx_word' id='word_1_819' title='bbox 3088 5382 3352 5452; x_wconf 75' lang='grc' dir='ltr'><strong>Μωῦσῆς</strong></span> <span class='ocrx_word' id='word_1_820' title='bbox 3392 5383 3494 5438; x_wconf 81' lang='grc' dir='ltr'>καὶ</span> <span class='ocrx_word' id='word_1_821' title='bbox 3539 5383 3779 5449; x_wconf 56' lang='grc' dir='ltr'><strong>Ἠλίας.»</strong></span> 
     </span>
    </p>
   </div>
   <div class='ocr_carea' id='block_1_110' title="bbox 489 5466 3779 5548">
    <p class='ocr_par' dir='ltr' id='par_1_110' title="bbox 489 5466 3779 5548">
     <span class='ocr_line' id='line_1_110' title="bbox 489 5466 3779 5548; baseline -0.004 -11"><span class='ocrx_word' id='word_1_822' title='bbox 489 5466 549 5518; x_wconf 72' lang='grc' dir='ltr'><strong>οῖ</strong></span> <span class='ocrx_word' id='word_1_823' title='bbox 584 5466 871 5537; x_wconf 72' lang='grc' dir='ltr'>ὀφθέντες</span> <span class='ocrx_word' id='word_1_824' title='bbox 895 5469 966 5523; x_wconf 73' lang='grc' dir='ltr'>έν</span> <span class='ocrx_word' id='word_1_825' title='bbox 1001 5469 1154 5541; x_wconf 69' lang='grc' dir='ltr'><strong>δόξῃ</strong></span> <span class='ocrx_word' id='word_1_826' title='bbox 1189 5472 1405 5544; x_wconf 60' lang='grc' dir='ltr'>ἔλειπον</span> <span class='ocrx_word' id='word_1_827' title='bbox 1432 5471 1549 5542; x_wconf 76' lang='grc' dir='ltr'><strong>τὴν</strong></span> <span class='ocrx_word' id='word_1_828' title='bbox 1592 5472 1808 5537; x_wconf 68' lang='grc' dir='ltr'><strong>ἔξοδον</strong></span> <span class='ocrx_word' id='word_1_829' title='bbox 1866 5471 2092 5541; x_wconf 71' lang='grc' dir='ltr'>αὐτοῦ..</span> <span class='ocrx_word' id='word_1_830' title='bbox 2121 5473 2192 5543; x_wconf 71' lang='grc' dir='ltr'>ἦν</span> <span class='ocrx_word' id='word_1_831' title='bbox 2244 5476 2466 5547; x_wconf 68' lang='grc' dir='ltr'>ἔμελλε</span> <span class='ocrx_word' id='word_1_832' title='bbox 2500 5477 2778 5548; x_wconf 78' lang='grc' dir='ltr'>πληροῦν</span> <span class='ocrx_word' id='word_1_833' title='bbox 2820 5481 2891 5533; x_wconf 60' lang='grc' dir='ltr'><strong>ἐν</strong></span> <span class='ocrx_word' id='word_1_834' title='bbox 2941 5476 3359 5546; x_wconf 74' lang='grc' dir='ltr'>Ἰερουσαλὴμ,</span> <span class='ocrx_word' id='word_1_835' title='bbox 3393 5476 3639 5529; x_wconf 75' lang='grc' dir='ltr'>τουτέστι</span> <span class='ocrx_word' id='word_1_836' title='bbox 3674 5474 3779 5527; x_wconf 59' lang='grc' dir='ltr'>τουπ</span> 
     </span>
    </p>
   </div>
   <div class='ocr_carea' id='block_1_111' title="bbox 492 5558 1446 5634">
    <p class='ocr_par' dir='ltr' id='par_1_111' title="bbox 492 5558 1446 5634">
     <span class='ocr_line' id='line_1_111' title="bbox 492 5558 1446 5634; baseline 0.008 -23"><span class='ocrx_word' id='word_1_837' title='bbox 492 5558 725 5630; x_wconf 82' lang='grc' dir='ltr'>σταυρὸν</span> <span class='ocrx_word' id='word_1_838' title='bbox 755 5560 853 5614; x_wconf 73' lang='grc' dir='ltr'>καὶ</span> <span class='ocrx_word' id='word_1_839' title='bbox 879 5562 943 5614; x_wconf 81' lang='grc' dir='ltr'>τὸ</span> <span class='ocrx_word' id='word_1_840' title='bbox 970 5560 1145 5626; x_wconf 81' lang='grc' dir='ltr'>πάθος</span> <span class='ocrx_word' id='word_1_841' title='bbox 1164 5563 1228 5617; x_wconf 76' lang='grc' dir='ltr'><strong>τὸ</strong></span> <span class='ocrx_word' id='word_1_842' title='bbox 1254 5564 1446 5634; x_wconf 67' lang='grc' dir='ltr'>ἅγιον..</span> 
     </span>
    </p>
   </div>
   <div class='ocr_carea' id='block_1_112' title="bbox 558 5649 2083 5730">
    <p class='ocr_par' dir='ltr' id='par_1_112' title="bbox 558 5649 2083 5730">
     <span class='ocr_line' id='line_1_112' title="bbox 558 5649 2083 5730; baseline 0.007 -26"><span class='ocrx_word' id='word_1_843' title='bbox 558 5649 692 5715; x_wconf 65' lang='lat' dir='ltr'><strong>Qua</strong></span> <span class='ocrx_word' id='word_1_844' title='bbox 721 5650 883 5722; x_wconf 74' lang='lat' dir='ltr'><strong>Igitur</strong></span> <span class='ocrx_word' id='word_1_845' title='bbox 910 5667 942 5707; x_wconf 78' lang='grc' dir='ltr'><strong>ε</strong></span> <span class='ocrx_word' id='word_1_846' title='bbox 970 5653 1116 5710; x_wconf 82' lang='lat' dir='ltr'><strong>nube</strong></span> <span class='ocrx_word' id='word_1_847' title='bbox 1159 5670 1263 5710; x_wconf 77' lang='lat' dir='ltr'><strong>vox</strong></span> <span class='ocrx_word' id='word_1_848' title='bbox 1307 5657 1564 5727; x_wconf 86' lang='lat' dir='ltr'><strong>erumpit,</strong></span> <span class='ocrx_word' id='word_1_849' title='bbox 1626 5656 1859 5717; x_wconf 72' lang='lat' dir='ltr'><strong>fortasse</strong></span> <span class='ocrx_word' id='word_1_850' title='bbox 1899 5658 2083 5730; x_wconf 77' lang='lat' dir='ltr'><strong>Moysi-</strong></span> 
     </span>
    </p>
   </div>
   <div class='ocr_carea' id='block_1_113' title="bbox 558 5763 1660 5835">
    <p class='ocr_par' dir='ltr' id='par_1_113' title="bbox 558 5763 1660 5835">
     <span class='ocr_line' id='line_1_113' title="bbox 558 5763 1660 5835; baseline 0.011 -18"><span class='ocrx_word' id='word_1_851' title='bbox 558 5764 602 5796; x_wconf 81' lang='lat'>”</span> <span class='ocrx_word' id='word_1_852' title='bbox 634 5763 766 5820; x_wconf 75' lang='lat' dir='ltr'><strong>Luc.</strong></span> <span class='ocrx_word' id='word_1_853' title='bbox 808 5783 898 5832; x_wconf 81' lang='lat' dir='ltr'><strong>xv,</strong></span> <span class='ocrx_word' id='word_1_854' title='bbox 932 5768 1016 5822; x_wconf 73' lang='lat'><strong>16.</strong></span> <span class='ocrx_word' id='word_1_855' title='bbox 1094 5770 1139 5801; x_wconf 75' lang='lat'>”</span> <span class='ocrx_word' id='word_1_856' title='bbox 1170 5771 1301 5828; x_wconf 82' lang='lat' dir='ltr'><strong>Luc.</strong></span> <span class='ocrx_word' id='word_1_857' title='bbox 1335 5787 1412 5835; x_wconf 80' lang='lat' dir='ltr'><strong>rx,</strong></span> <span class='ocrx_word' id='word_1_858' title='bbox 1449 5774 1545 5834; x_wconf 60' lang='lat'><strong>50,</strong></span> <span class='ocrx_word' id='word_1_859' title='bbox 1569 5777 1660 5831; x_wconf 64' lang='lat' dir='ltr'><strong>5P.</strong></span> 
     </span>
    </p>
   </div>
   <div class='ocr_carea' id='block_1_114' title="bbox 2261 5656 3774 5731">
    <p class='ocr_par' dir='ltr' id='par_1_114' title="bbox 2261 5656 3774 5731">
     <span class='ocr_line' id='line_1_114' title="bbox 2261 5656 3774 5731; baseline -0.001 -18"><span class='ocrx_word' id='word_1_860' title='bbox 2261 5660 2325 5713; x_wconf 80' lang='grc' dir='ltr'><em>Ἡ</em></span> <span class='ocrx_word' id='word_1_861' title='bbox 2355 5659 2535 5714; x_wconf 84' lang='grc' dir='ltr'>τοίνυν</span> <span class='ocrx_word' id='word_1_862' title='bbox 2568 5663 2632 5714; x_wconf 79' lang='grc' dir='ltr'><strong>ἐκ</strong></span> <span class='ocrx_word' id='word_1_863' title='bbox 2658 5659 2757 5729; x_wconf 77' lang='grc' dir='ltr'>τῆς</span> <span class='ocrx_word' id='word_1_864' title='bbox 2792 5658 3020 5731; x_wconf 81' lang='grc' dir='ltr'>νεφέλης</span> <span class='ocrx_word' id='word_1_865' title='bbox 3049 5657 3219 5729; x_wconf 60' lang='grc' dir='ltr'><strong>φωνὴ⁴</strong></span> <span class='ocrx_word' id='word_1_866' title='bbox 3238 5657 3377 5729; x_wconf 81' lang='grc' dir='ltr'>τάχα</span> <span class='ocrx_word' id='word_1_867' title='bbox 3415 5657 3512 5729; x_wconf 76' lang='grc' dir='ltr'><strong>μὲν</strong></span> <span class='ocrx_word' id='word_1_868' title='bbox 3538 5656 3774 5711; x_wconf 71' lang='grc' dir='ltr'>Μωτὶσεὶ</span> 
     </span>
    </p>
   </div>
  </div>
