4132 6440
488 432 615 486 1921

552 541 827 614 Ρης.ᾼ666.
848 540 931 614 ab
956 538 1108 591 ittitio
1140 534 1613 614 cacantesjugiter
1635 544 1686 614 et
1715 528 2052 583 insidiantes.

480 604 707 669 Mssfab
736 613 891 665 initio
922 617 1111 663 vacant
1131 607 1332 682 jttgiter
1353 604 1769 682 eiinsidiantes.
1942 623 1963 639 ο
2008 670 2019 681 _

560 668 698 738 Ibid.
727 691 1102 748 consequenter
1125 668 1242 730 cuin
1272 677 1347 731 eis
1389 668 1814 748 discipuli/esti
1845 670 2068 748 egregiis

487 752 857 824 intelliguntur
882 738 1127 824 uirtutes,
1168 758 1241 824 et__
1265 750 1434 824 ἀρείω
1483 738 1534 798 α’
1574 739 1721 824 Filio
1934 738 2070 824 Mss.

485 810 856 892 consequenter
876 821 951 873 eis
991 810 1241 892 discipuli
1281 814 1412 892 {esu
1459 812 1661 892 egregie
1695 810 2074 881 intelliguntur

485 885 706 949 uirtutes
737 901 935 945 sanctae
956 899 1004 943 et
1031 889 1201 941 doctte
1224 905 1257 941 a
1294 886 1439 940 Filio
1464 885 1582 937 Dei.

558 962 690 1017 Ibid.
727 959 1003 1030 discipulis
1059 959 1174 1028 ejus
1224 958 1316 1024 qui
1347 956 1644 1027 prohibent,
1684 950 1957 1021 etc..Mss.
1987 951 2076 1004 di-

485 1033 708 1102 scipulis
733 1031 808 1102 eis
839 1032 951 1101 qui,
975 1039 1079 1084 etc.

556 1094 694 1158 Ibid.
726 1094 999 1155 Nec'ent'm
1032 1108 1250 1168 possunt
1287 1098 1456 1167 magis
1484 1094 2072 1168 specialiorisermone,

484 1183 593 1230 etc.
628 1171 761 1228 Mss.
791 1168 903 1225 Nec
929 1164 1068 1225 enim
1110 1177 1329 1238 possunt
1370 1164 1539 1239 magis
1593 1164 1915 1233 spiritaliort
1964 1178 2077 1215 ser-

579 1259 663 1295 ne.
697 1252 802 1295 etc.

488 1259 663 1309 moue,
697 1256 802 1296 etc.

559 1313 688 1383 Pag.
721 1310 848 1365 661.
879 1308 1060 1383 uidens
1089 1325 1196 1364 non
1235 1306 1531 1379 prohibeat,
1567 1314 1674 1361 etc.
1721 1302 1854 1359 Mss.
1888 1303 2072 1357 ridens

486 1380 670 1437 autem
699 1399 802 1437 non
834 1380 1131 1450 prohibeat,
1161 1389 1267 1434 etc.

563 1453 696 1522 Pag.
723 1445 849 1507 662.
877 1450 1050 1520 factus
1075 1459 1152 1522 est
1175 1448 1331 1519 quasi
1360 1463 1491 1517 puer
1520 1487 1535 1511 ,
1588 1456 1725 1522 recte
1769 1445 1938 1509 dicat,
1968 1452 2073 1499 etc.

490 1523 617 1578 Mss.
647 1519 829 1590 factus
859 1519 936 1575 est
962 1521 1120 1590 quasi
1160 1535 1310 1588 puer,
1336 1528 1394 1571 ut
1419 1519 1758 1590 recte_dicat,
1790 1523 1896 1570 etc.

566 1587 694 1662 Pagi.
720 1592 851 1646 665.
887 1587 1025 1647 unus
1055 1587 1231 1645 autem
1272 1589 1506 1660 proprie.
1535 1587 1667 1644 Mss.
1703 1602 1837 1641 unus
1895 1592 2077 1637 autem

490 1664 632 1718 Deus
659 1664 887 1732 proprie.

566 1725 693 1801 Pag'.
728 1725 856 1787 666.
893 1731 1188 1787 Considera
1244 1739 1424 1785 autem
1474 1728 1738 1801 quomodo
1789 1725 2078 1801 bonitatem

489 1804 603 1872 ejus
626 1797 804 1857 ormnia
829 1812 1040 1866 sperant
1073 1803 1235 1856 etiam
1257 1818 1341 1872 ea,
1373 1797 1637 1854 etc.’Mss.
1669 1797 1965 1872 Considera
1986 1811 2079 1848 au-

491 1869 595 1928 tem
633 1874 888 1944 quoniam
923 1872 1210 1926 bonitatem
1233 1870 1348 1940 ejus
1372 1878 1586 1940 sperant
1608 1869 1767 1922 etiam
1785 1884 1867 1929 ea,
1895 1875 2001 1920 etc.

564 1942 695 2008 Pag.
733 1942 860 1998 667.
902 1942 1237 2008 postmodum
1267 1951 1446 1993 autem
1500 1940 1735 2008 fructum
1793 1936 2077 2008 paciﬁcum

608 1959 695 1998 22.
733 1956 860 1998 ῧῧνίο
902 1956 1237 1998 postmodum
1267 1956 1446 1993 autem
1501 1956 1699 1998 [ﬂium

564 1959 695 2013 ηε.
733 1959 1237 2067 ocubroumoaum
1267 1959 1446 1993 autem
1500 1959 1735 2008 [rituum
1793 1959 2077 2007 pacqtcum

491 2014 693 2077 reddet,
728 2023 831 2068 etc.
922 2028 998 2068 ss.
1034 2010 1372 2081 postmodum
1412 2020 1589 2063 autent
1615 2009 1848 2078 fructum
1888 2006 2077 2075 pacifi-

490 2100 610 2138 cum
634 2084 866 2152 iustitia:
896 2083 1099 2148 reddet,
1128 2089 1235 2136 etc.

565 2153 697 2223 Pag.
732 2153 858 2207 669.
885 2154 938 2207 in
967 2154 1064 2206 hoc
1096 2152 1235 2206 enim
1261 2160 1496 2220 peccato,
1524 2157 1631 2205 etc.
1683 2145 1847 2217 Lege,
1891 2148 1947 2199 in
1982 2145 2079 2199 hoc

490 2226 627 2278 enim
659 2233 953 2293 peccatum,
981 2232 1087 2277 etc.

565 2285 699 2348 Ibid.
727 2285 979 2364 quoniam
1019 2290 1395 2364 etsecundum
1444 2287 1586 2364 quod
1622 2289 1727 2364 ait.
1782 2285 1912 2342 Mss.
1943 2302 2079 2356 quo-

494 2364 640 2417 niam
663 2374 712 2417 et
740 2358 1035 2417 secundum
1066 2360 1378 2431 Apcstolum
1407 2358 1681 2431 quod_a_it,
1708 2366 1814 2413 etc.

565 2432 702 2487 Ibid.
745 2432 981 2500 implevit
1005 2445 1051 2485 et
1077 2425 1193 2490 hoc.
1218 2428 1364 2501 quod
1387 2425 1466 2485 est
1494 2445 1512 2483 :
1544 2427 1755 2501 Diliges,
1774 2425 2077 2501 proximum

495 2514 667 2558 tuum.
705 2498 836 2558 Mss.
869 2502 1103 2571 implevit
1124 2512 1173 2555 et
1204 2498 1301 2554 hoc
1325 2501 1467 2571 quod
1497 2499 1628 2555 dicit
1656 2498 1676 2553 ὲ
1719 2498 1919 2568 Diliges
1948 2512 2080 2566 pro-

493 2574 700 2627 ximum
730 2581 878 2626 tttunt
909 2574 1049 2625 sicut
1075 2581 1123 2625 te
1161 2572 1357 2639 ipsum.

570 2641 697 2712 Pag.
734 2642 859 2698 670.
890 2653 1075 2696 neuter
1108 2636 1339 2695 addidit.
1379 2638 1511 2695 Mss.
1559 2646 1745 2693 neuter
1773 2652 1956 2692 eorum
1983 2636 2081 2690 ad-

498 2713 655 2767 didit.

572 2782 706 2837 Ibid.
740 2782 901 2836 etiam
937 2781 1075 2836 illud
1121 2798 1174 2835 se
1209 2779 1503 2849 implevisse
1531 2779 1777 2843 dixisset,
1805 2786 1912 2833 etc.
1946 2777 2075 2833 Mss.

492 2857 655 2923 etiam
684 2854 780 2906 hoc
808 2853 1060 2923 impleuit,
1097 2851 1233 2906 illud
1255 2867 1309 2904 se
1342 2852 1636 2923 implevisse
1669 2849 1915 2923 dixisset,
1967 2859 2076 2905 etc.

566 2921 697 2993 Paig.
728 2923 851 2977 671.
881 2918 1097 2993 propter
1141 2918 1545 2975 consonantiam
1587 2918 2033 2993 etcemplariorum
2060 2960 2078 2985 ,

494 3007 600 3047 etc.
634 2991 771 3064 Male
817 2989 1126 3064 Legctidum
1178 3001 1260 3046 est
1288 3029 1304 3055 ,
1362 3000 1578 3060 propter
1615 2989 2077 3044 incottsonatttiam

494 3062 962 3148 exemplariorutn,
992 3072 1098 3118 etc.
1172 3132 1183 3144 .
1828 3130 1839 3142 .
2063 3130 2077 3144 .

496 3131 857 3256 “sliget‘ZQ.
895 3131 1080 3188 sitnon
1103 3131 1184 3202 fili
1216 3129 1445 3197 Joanne,
1477 3138 1582 3187 etc.
1612 3129 1745 3186 Mss.
1778 3127 1965 3184 Simon
1994 3130 2076 3200 ﬁlt

535 3220 669 3264 οηιε,
701 3218 806 3258 σξιο.

573 3273 705 3328 Ibid.
736 3274 895 3339 dicet,
928 3289 1032 3326 non
1054 3273 1187 3344 satis
1210 3270 1512 3344 arguitiotte
1536 3280 1741 3344 reperta
1771 3310 1787 3335 ,
1825 3272 2079 3344 quoniam

496 3344 740 3397 strictum
772 3353 823 3397 et
856 3352 1106 3409 non,etc.
1140 3341 1457 3406 Mss.'dicet,
1484 3356 1586 3394 non
1618 3343 1752 3395 satis
1781 3341 2080 3413 arguitione

494 3425 709 3480 aperta,
744 3414 834 3483 sed
855 3416 1105 3483 quoniam
1136 3414 1377 3483 strictim;
1391 3420 1440 3463 et
1465 3427 1591 3476 nou,
1614 3421 1721 3483 etc.

572 3484 702 3552 Pag.
736 3480 876 3553 674.
896 3494 954 3537 ut
986 3484 1303 3552 exspiraret.
1330 3480 1463 3536 Mss.
1481 3482 1731 3553 utetiam
1758 3482 2077 3553 exspiraret.

572 3551 700 3623 Pag.
728 3551 856 3609 675.
885 3555 934 3607 si
958 3551 1200 3608 habuerit
1244 3570 1309 3607 ea
1340 3568 1457 3621 qua!
1503 3551 1761 3606 diximus.
1797 3551 1931 3610 Mss.
1980 3555 2081 3608 etsi

501 3640 602 3694 non
632 3623 877 3694 habuerit
908 3640 970 3678 ea
1006 3639 1126 3694 qute
1154 3624 1414 3677 diximus.

571 3692 704 3747 Ibid.
729 3694 777 3745 si
802 3695 880 3746 sic
905 3689 1252 3761 responderit,
1276 3704 1384 3745 etc.
1422 3689 1567 3761 Dele,
1588 3691 1667 3761 si.

567 3761 699 3832 Pag.
720 3761 845 3816 676.
865 3758 1089 3832 magnus
1115 3763 1372 3832 efﬁciatur
1398 3759 1551 3812 valde
1577 3760 1653 3822 in,
1670 3769 1775 3814 etc.
1813 3758 1904 3815 Bis
1927 3761 2079 3817 valde

497 3832 695 3901 legitur
727 3834 868 3901 apud
897 3846 1035 3886 mss.

727 3849 798 3956 :tp
800 3849 1108 3972 1.393335...
1136 3899 1420 3972 Christo...
1453 3908 1503 3952 et
1530 3900 1911 3972 expositionem
1939 3917 2077 3972 imo-

498 3971 664 4026 ratem
700 3969 971 4025 transibit.
1002 3969 1134 4025 Mss.
1161 3980 1211 4024 et
1248 3970 1534 4039 dignorum
1560 3971 1843 4026 (.hristo...
1877 3971 1948 4024 ad
1982 3987 2078 4026 cx-

498 4042 813 4111 positionem
840 4041 1093 4095 moralem
1122 4042 1389 4111 transibit.

572 4111 706 4167 Ibid.
740 4120 801 4165 ut
821 4112 887 4165 sit
908 4111 1212 4182 substantia
1233 4110 1446 4182 quidem
1460 4110 1735 4182 justorum
1757 4110 1879 4165 boni
1905 4122 1990 4166 act
2032 4129 2077 4177 s,

498 4183 737 4253 ipsorum
769 4190 947 4235 autem
976 4178 1261 4253 malorum,
1292 4178 1443 4233 mali.
1479 4178 1612 4253 Mss.
1647 4191 1705 4235 ut
1734 4183 1804 4235 sit
1833 4184 2082 4237 substan-

503 4250 579 4307 tia
601 4250 814 4324 quidem
821 4253 1107 4376 {iustorum
1133 4251 1253 4305 boni
1301 4260 1451 4304 actus
1501 4250 1736 4319 ipsorum
1755 4291 1770 4317 ,
1817 4252 2081 4306 malorum

503 4332 697 4376 autem.
730 4338 816 4374 nta
843 4338 881 4376 t.
1102 4343 1115 4353 -

499 4332 697 4388 autem,
730 4332 881 4376 ntali.
1102 4343 1115 4353 ·

538 4387 705 4477 [1³³8⁷.
737 4391 862 4446 677.
896 4400 945 4446 et
982 4408 1133 4446 amor
1165 4392 1526 4462 pecuniarum.
1560 4387 1692 4446 Mss.
1727 4402 1778 4446 et
1806 4408 1958 4446 amor
1992 4393 2082 4447 di-

499 4476 775 4518 utttarum.

573 4531 702 4602 Pag.
729 4531 854 4586 680.
879 4548 1034 4600 quam
1061 4532 1278 4587 divitem
1310 4532 1368 4585 in
1396 4546 1552 4602 regno
1591 4529 1863 4586 calorum.
1897 4531 2040 4603 Lege
2065 4576 2079 4599 ,

502 4604 559 4657 in
586 4618 802 4683 regnum
827 4603 1092 4682 caelorum.
1588 4648 1595 4658 ,
1705 4673 1716 4683 ⁸

584 4669 719 4727 Ibid.
755 4670 997 4742 Ostendit
1026 4682 1201 4725 autent
1249 4672 1499 4741 quoniam
1529 4689 1595 4728 ets
1639 4688 1880 4742 seipso...
1911 4688 2083 4742 quan-

505 4755 617 4795 tum
661 4743 730 4794 ad
781 4740 967 4804 Deum,
1016 4742 1095 4794 sic
1143 4750 1192 4795 et
1244 4743 1461 4796 divitem
1489 4784 1504 4809 ,
1547 4753 1654 4798 etc.
1693 4740 2076 4797 Rectius‘tttss.

507 4812 750 4883 ostendit
779 4821 955 4883 antem
989 4813 1241 4883 quoniam
1284 4814 1422 4865 sicut
1460 4829 1527 4868 es
1552 4814 1791 4881 seipso...
1823 4823 2081 4883 quantum

504 4882 575 4935 ad
604 4883 786 4944 Deum,
817 4880 895 4934 sic
922 4892 970 4936 et
1002 4880 1246 4945 diuitem,
1265 4892 1370 4937 etc.

575 4951 708 5007 Ibid.
730 4953 1001 5020 respondet
1025 4967 1043 5005 :
1063 4951 1218 5019 Apud
1242 4953 1471 5006 homines
1489 4951 1813 5022 impossibile
1829 4960 1926 5007 est.
1949 4950 2077 5008 Mss.

510 5022 776 5123 respondit
801 5035 825 5078 .'
854 5023 1003 5101 Apud
1030 5022 1388 5104 ltotnittes_hoc
1410 5023 1733 5092 impossibile
1761 5031 1859 5103 est.
1968 5093 1980 5104 .

575 5091 853 5163 Iag._682.
887 5092 1031 5157 Quid
1054 5109 1175 5163 ergo
1207 5102 1306 5146 ertt
1335 5093 1483 5147 nobis
1503 5096 1529 5149 .9
1552 5091 1683 5148 Mss.
1721 5091 1862 5157 Qutd
1900 5102 2080 5163 utique

538 5162 608 5215 rit
639 5161 786 5216 nobis
820 5164 845 5215 .’

507 5178 608 5217 em
639 5178 786 5217 natm
820 5178 845 5215 τ

578 5230 714 5287 Ibid.
746 5231 1073 5300 ﬁducialiter
1125 5232 1310 5287 dixit:
1364 5231 1499 5287 Ecce
1550 5249 1712 5288 nos...
1762 5230 1904 5297 Quid
1959 5249 2081 5301 ergo

504 5302 606 5355 erit
632 5302 825 5357 nobis!
850 5301 979 5358 Mss.
1026 5303 1349 5369 fiducialiter
1401 5304 1540 5357 dixit
1585 5304 1656 5356 ad
1681 5301 1863 5357 Iesum
1894 5318 1912 5355 :
1947 5301 2082 5356 Ecce

510 5387 670 5442 nos...
702 5370 843 5442 Quid
872 5374 1047 5442 u'ique
1068 5375 1169 5426 erit
1197 5372 1384 5427 nobis?

577 5439 708 5513 Pag.
731 5440 857 5495 685.
892 5439 1147 5497 Permitte
1173 5443 1300 5497 mihi
1320 5443 1548 5513 primum
1573 5453 1630 5498 ut
1667 5443 1936 5513 sepeliam,
1971 5453 2076 5496 etc.

510 5510 640 5584 Mss.
666 5510 922 5584 Permitte
958 5513 1088 5567 mihi
1103 5510 1334 5584 primum
1352 5523 1408 5567 ut
1429 5529 1568 5584 eam,
1600 5523 1649 5568 et
1675 5510 2076 5584 sepeliant,ictc.

579 5579 716 5652 Ibid.
743 5594 809 5635 ea:
834 5582 930 5635 illo
959 5579 1113 5652 facta'
1142 5583 1322 5652 Petro,
1352 5591 1457 5638 etc.
1491 5582 1622 5639 Mss.
1680 5579 1745 5637 ea}
1796 5582 1891 5636 illo
1933 5583 2081 5650 facta

510 5660 585 5705 est
620 5650 802 5716 Petro,
837 5660 944 5707 etc.

583 5719 716 5792 Ρη.
749 5721 874 5775 681.
901 5721 1199 5789 conﬁtentis
1230 5731 1287 5776 ut
1321 5723 1385 5778 de
1415 5734 1604 5779 ctetero
1639 5740 1741 5778 non
1790 5732 2029 5792 peccaret
2063 5762 2079 5789 ,

508 5799 617 5846 etc.
657 5792 817 5858 Lege,
849 5792 1158 5858 confidetttis
1197 5804 1277 5859 ut,
1299 5803 1404 5850 etc.

1369 421 1461 475 AI)
1500 415 1829 473 ORIGENIS
1869 410 2230 470 COMMENT.
2274 410 2340 465 IN
2382 409 2826 465 MATTII.EL'M.

3631 415 3773 470 I923

2246 523 2383 580 Ibid.
2417 534 2466 596 et
2495 525 2603 579 vita
2627 527 2823 577 dttt'ens
2850 524 2920 579 ad
2950 523 3138 592 Deam,
3157 535 3262 581 etc.
3292 522 3455 596 Lege,
3478 535 3529 579 et
3554 529 3640 583 via
3668 530 3770 585 du-

2173 613 2293 651 cens
2327 596 2397 649 ad
2434 595 2621 657 Deum,
2652 604 2760 649 etc.

2246 666 2378 737 Pas.
2407 665 2535 719 685.
2564 666 2830 735 percipere
2858 680 2976 734 qute
2996 674 3118 719 sunt
3149 664 3313 722 Petro
3333 684 3622 737 promissa,
3650 680 3760 728 etc.

2174 736 2349 805 Lege,
2369 737 2597 805 recipere
2628 751 2745 805 qua:
2776 743 2919 801 sunt,
2945 746 3054 790 etc.

2274 807 2385 863 bid.
2413 807 2467 859 in
2495 808 2830 877 generatione
2862 821 2982 859 cuttt
3009 807 3226 873 sederit,
3260 814 3369 863 etc.
3412 807 3546 865 Mss.
3580 808 3638 864 in
3685 826 3766 866 re-

2177 878 2513 949 generatione
2538 893 2680 949 cunt,
2709 885 2813 931 etc.

2249 948 2383 1003 Ibid.
2412 948 2545 1002 talia
2576 947 2749 1001 dicere
2772 963 2790 1000 :
2825 962 2933 1000 non
2959 961 3138 1000 omnes
3174 947 3332 1012 dicit,
3369 959 3476 1004 etc.
3519 948 3648 1008 Mss.
3687 958 3764 1005 tat

2175 1017 2251 1073 lia
2277 1020 2406 1073 dicit
2439 1034 2456 1071 :
2487 1034 2590 1071 non
2614 1034 2792 1071 omnes
2827 1016 2990 1079 dixit,
3014 1024 3120 1072 etc.
3264 1070 3273 1079 ,

2252 1089 2378 1159 Pag.
2412 1088 2538 1143 686.
2580 1089 2636 1142 in
2666 1086 2876 1157 Spiritu
2920 1098 3101 1141 sancto
3150 1096 3202 1141 et
3247 1087 3301 1141 in
3330 1088 3474 1159 igne.
3523 1087 3654 1146 Mss.
3707 1092 3764 1146 in

2178 1161 2371 1230 spiritu
2396 1171 2445 1214 et
2486 1160 2619 1229 igne.

2253 1230 2390 1313 Ibid.
2444 1228 2583 1313 quod
2634 1230 2735 1313 erit
2779 1229 2833 1283 in
2880 1230 3081 1299 spiritu
3110 1239 3162 1282 et
3188 1228 3244 1282 in
3291 1229 3432 1301 igne.
3463 1229 3596 1286 Mss.
3627 1232 3766 1301 quod

2177 1302 2279 1371 erit
2310 1301 2366 1354 itt
2389 1300 2583 1370 spiritu
2621 1310 2672 1354 et
2702 1300 2842 1371 igne.
2954 1360 2959 1363 _

2248 1370 2385 1442 Ibid.
2406 1364 2502 1425 sub
2534 1364 2754 1442 pedibus
2778 1371 2911 1442 suis.
2942 1369 3074 1427 Mss.
3106 1368 3202 1424 sub
3227 1371 3447 1440 pedibus
3485 1364 3623 1442 ejus.

2249 1439 2384 1495 Ibid.
2411 1439 2541 1495 ante
2554 1441 2747 1511 faciem
2775 1441 3071 1508 hominum,
3103 1457 3208 1495 non
3229 1439 3469 1496 creditur
3494 1439 3624 1507 uita,
3661 1453 3765 1498 etc.

2180 1511 2314 1567 Mss.
2351 1520 2473 1566 ante
2497 1511 2685 1581 faciem
2721 1511 3020 1579 hominum,
3049 1520 3326 1583 propterea
3377 1528 3483 1567 tton
3535 1514 3765 1569 creditur

2179 1583 2310 1643 vita,
2339 1590 2445 1636 etc.

2254 1650 2537 1723 Pag._687.
2588 1651 2744 1722 quasi
2798 1648 3023 1723 Verbum
3070 1652 3272 1707 videbis
3304 1668 3447 1717 eum,
3482 1662 3592 1709 etc.
3639 1654 3767 1710 Mss.

2181 1721 2366 1796 quasi:
2381 1721 2615 1796 verbum
2625 1738 2747 1796 ergo
2761 1722 2968 1796 ridebis
2997 1739 3144 1796 eum,
3159 1732 3279 1796 Aetc.

2252 1792 2386 1847 Ibid.
2406 1791 2868 1863 judicabittribus
2902 1791 3098 1846 Israel.
3128 1792 3257 1849 Mss.
3273 1792 3542 1863 judicabit
3569 1794 3767 1850 duode-

2180 1867 2284 1919 cim
2315 1863 2485 1917 tribus
2511 1860 2709 1916 Israel.

2253 1933 2385 2004 Pag.
2418 1932 2543 1988 659.
2575 1944 2624 1986 et
2657 1933 2797 2002 filios
2820 1950 2997 1988 omnes
3022 1942 3233 1988 atatem
3255 1934 3524 1989 habentes.
3557 1935 3686 1990 Mss.
3716 1946 3767 1991 et

2180 2005 2323 2075 filios
2351 2020 2528 2075 omnes
2557 2013 2766 2075 tetatem
2792 2004 3027 2073 filiorum
3053 2004 3324 2075 habentes.

2256 2075 2395 2129 Ibid.
2436 2073 2514 2127 'I'u
2556 2074 2724 2128 ibis...
2757 2076 2814 2127 itt
2845 2085 3060 2128 senecta
3102 2074 3259 2129 bona.
3293 2073 3423 2128 Mss.
3475 2073 3554 2129 Tu
3589 2085 3768 2130 autent

2181 2146 2353 2199 ibis...
2377 2145 2430 2197 itt
2459 2157 2719 2197 senectute
2747 2150 2904 2199 bona.

2253 2215 2379 2284 Pag.
2418 2214 2543 2267 690.
2574 2230 2658 2267 eos
2692 2217 2783 2284 qui
2816 2231 2953 2269 nunc
2978 2220 3255 2271 accedant.
3288 2213 3420 2270 Mss.
3447 2231 3533 2269 eos
3551 2217 3641 2286 qui
3671 2233 3767 2271 nu-

2181 2303 2274 2356 per
2295 2285 2574 2356 accedunt.

2260 2356 2385 2425 I'ag.
2420 2354 2545 2435 691.
2589 2364 2639 2410 et
2690 2357 2769 2410 sic
2825 2357 3274 2412 communicantes
3295 2396 3310 2422 ,
3338 2364 3444 2412 etc.
3477 2356 3609 2413 Mss.
3639 2366 3687 2411 et
3720 2358 3767 2412 si

2180 2436 2649 2489 communicantes,
2682 2436 2788 2481 etc.

2252 2495 2382 2569 Pas.
2415 2495 2543 2551 692.
2567 2499 2656 2566 qui
2690 2497 2832 2551 malo
2862 2507 3159 2552 tractant...
3194 2514 3315 2551 cum
3340 2500 3465 2552 sint.
3515 2496 3649 2554 Mss.
3676 2498 3769 2569 qui

2180 2567 2321 2621 male
2354 2582 2409 2621 se
2438 2575 2746 2622 tractant...
2772 2585 2891 2622 cum
2916 2585 3019 2623 non
3041 2570 3170 2621 sint.

2252 2636 2389 2708 Ibid.
2421 2638 2577 2707 quasi
2612 2639 2984 2693 honorabilius
3014 2637 3314 2692 hominibus
3337 2639 3430 2708 qui
3457 2639 3773 2707 novissimi,

2178 2717 2288 2763 etc.
2319 2706 2450 2789 Mss.
2477 2709 2633 2789 quasi
2648 2708 3014 2789 honorabilius
3061 2725 3221 2782 quam
3254 2706 3420 2779 genus
3475 2720 3553 2763 est
3594 2706 3767 2764 homié

2178 2794 2309 2833 num
2338 2779 2429 2844 qui
2467 2779 2761 2844 novissimi,
2799 2788 2907 2836 etc.

2253 2846 2389 2903 Ibid.
2446 2849 2538 2902 sed
2584 2849 2909 2919 reliquerunt
2980 2865 3130 2904 suam
3172 2849 3576 2904 habitationem.
3631 2848 3763 2906 Mss.

2178 2918 2279 2989 sed
2307 2919 2628 2989 reliquerunt
2666 2918 2937 2989 propriam
2972 2920 3373 2974 habitationem.

2252 2986 2384 3059 Pag.
2418 2986 2546 3043 693.
2574 2986 2677 3057 qui
2692 2986 2830 3044 sicut
2861 2990 3042 3059 fulgor
3089 2993 3289 3044 corruit
3328 2990 3395 3044 de
3428 2991 3577 3045 t‘tBiO.
3634 2990 3765 3047 Mss.

2178 3062 2271 3129 qui
2291 3060 2430 3113 sicut
2462 3059 2646 3129 fulgur
2671 3060 2780 3113 ruit
2807 3060 2871 3113 de
2899 3061 3050 3116 ccclo.

2254 3128 2387 3184 Ibid.
2412 3128 2469 3184 et
2489 3128 2661 3184 multa
2681 3129 2854 3201 gloria
2889 3143 3006 3185 tua.
3038 3129 3171 3185 Mss.
3212 3139 3263 3185 et
3311 3134 3481 3185 multa
3506 3130 3768 3201 jocundi-

2182 3209 2266 3254 tas
2298 3209 2411 3257 tua.

2250 3268 2380 3341 Pag.
2413 3269 2543 3325 694.
2571 3271 2854 3341 sapientia:
2873 3272 2930 3325 itt
2955 3272 3205 3341 mysterio
3242 3270 3574 3325 abscondita.
3605 3268 3768 3341 Lege,

2182 3340 2530 3395 abscottditte.

2256 3410 2389 3483 Reg.
2440 3410 2569 3466 695.
2597 3427 2761 3481 quare
2808 3412 3021 3483 quidem
3079 3413 3312 3481 operarii
3347 3429 3366 3477 ,-

2182 3481 2401 3552 quidam
2431 3483 2683 3549 operarii.

2259 3551 2392 3605 Ibid.
2416 3547 2763 3605 et'norissime
2811 3567 2915 3605 non
2945 3550 3089 3607 circa
3129 3551 3414 3618 decimam,
3448 3565 3555 3607 etc.
3584 3547 3727 3619 Lege
3750 3590 3766 3612 .

2181 3627 2232 3674 et
2257 3620 2531 3674 nouissimi
2560 3636 2664 3673 non
2688 3621 2853 3683 circa,
2884 3631 2991 3676 etc.

2256 3689 2387 3760 Ρη.
2419 3688 2543 3743 697.
2571 3691 2719 3744 vinea
2746 3691 3087 3761 intelligitur,
3112 3699 3219 3747 etc.
3248 3689 3380 3747 Mss.
3427 3690 3580 3745 vinea
3601 3690 3765 3746 intel-

2180 3758 2403 3813 liaatur.
2428 3767 2534 3813 etc.

2205 3760 2403 3821 igatur,
2428 3767 2534 3814 etc.

2224 3775 2921 3903 giliiittti'eilguistimauerunt
2971 3831 3221 3902 quoniam
3260 3830 3438 3903 plures
3466 3838 3650 3903 essent
3673 3848 3766 3885 ac~

2182 3900 2409 3967 cepturi,
2435 3909 2485 3954 et
2510 3912 2968 3971 murmuraverunt
2984 3900 2993 3902 “
3007 3900 3270 3957 adversus
3286 3901 3764 3971 patremfamilias,

2179 3970 2272 4041 sed
2302 3971 2417 4032 uni,
2439 3980 2545 4025 etc.
2574 3968 2792 4024 Rectius
2823 3986 2956 4027 mss.
2991 3981 3040 4027 et
3069 3968 3764 4041 existimaueruntquoniam

2181 4039 2301 4109 plus
2328 4050 2495 4111 essent
2526 4042 2813 4109 accepturi.
2838 4051 2887 4094 et
2910 4052 3368 4096 murmurarerunt
3385 4039 3635 4096 adversus
3665 4057 3765 4111 pst-

2185 4110 2884 4182 tretnfatnilias,_respondit
2912 4112 3328 4182 paterfamilias,
3360 4114 3450 4165 sed
3484 4113 3573 4165 uni
3599 4123 3761 4182 ,hetc.

2254 4179 2385 4253 Pug.
2417 4181 2543 4234 698.
2578 4179 2644 4253 Et
2669 4183 2897 4253 primum
2913 4179 3129 4253 quidem
3147 4183 3460 4249 ridebimus,
3492 4190 3599 4237 etc.
3627 4180 3760 4238 Mss.

2186 4249 2255 4304 Et
2292 4251 2521 4319 primum
2550 4249 2761 4320 quidem
2782 4249 3075 4319 videamus,
3099 4263 3206 4307 etc.
3250 4282 3255 4287 -

2258 4322 2391 4374 Ibid.
2425 4330 2679 4389 quantum
2722 4322 2792 4374 ad
2835 4325 2995 4375 citam
3026 4326 3259 4376 omnium
3297 4322 3388 4375 diu
3417 4362 3433 4388 ,
3476 4331 3579 4377 etc.
3628 4320 3760 4379 Mss.

2184 4406 2441 4462 quantum
2465 4392 2534 4442 ad
2558 4392 2728 4462 ritam
2753 4392 3023 4446 hominum
3054 4394 3166 4456 diu,
3195 4403 3298 4450 etc.

2260 4462 2396 4514 Ibid.
2422 4459 2648 4534 similem
2676 4476 2787 4513 esse
2809 4463 2971 4516 intelL
2982 4480 3100 4533 gere
3128 4480 3246 4534 qua:
3273 4462 3425 4516 dicit.
3456 4460 3568 4518 Mss
3610 4464 3764 4518 simi-

2185 4531 2288 4605 len_t
2317 4530 2743 4605 esse__t_rttelligere
2772 4546 2963 4605 eorum
2984 4530 3104 4605 qua:
3131 4530 3283 4605 dicit.

2258 4600 2384 4671 Pag.
2414 4599 2538 4653 699.
2570 4599 3184 4676 et’tutumseptimanale
3202 4621 3471 4673 maguum,
3491 4614 3596 4661 etc.
3623 4603 3766 4676 Lege

2183 4681 2404 4741 utitnss.
2434 4679 2484 4722 et
2519 4679 2684 4723 totum
2706 4674 3105 4739 septimanalem
3137 4691 3355 4741 annum,
3378 4687 3482 4731 etc.

2422 4742 2529 4795 sint
2570 4742 2750 4814 geniti.
2783 4741 2914 4797 Mss.
2940 4754 3062 4814 sunt
3085 4746 3268 4814 geniti.

2256 4803 2395 4864 Ibid.
2426 4822 2477 4883 et
2510 4803 2630 4880 qu'te
2660 4813 2724 4883 de
2760 4829 2820 4866 eo
2847 4814 2907 4866 in
2931 4812 3040 4883 lege
3061 4803 3479 4880 cbttstituuutur,
3501 4823 3589 4870 etc
3627 4812 3758 4869 Mss.

2183 4893 2232 4937 et
2260 4898 2378 4964 qua:
2400 4882 2546 4964 de‘eo
2571 4881 2797 4964 intelligi
2812 4881 3230 4949 constituuntur,
3263 4894 3349 4939 etc
3378 4924 3394 4949 ,
3427 4886 3521 4939 sed
3557 4889 3762 4940 rectius

2185 4964 2245 5008 ut
2269 4961 2323 5006 itt
2358 4961 2546 5006 nostro
2585 4962 2755 5006 textu.

2253 5022 2385 5092 Pag.
2415 5020 2535 5075 700.
2573 5023 2737 5074 tradit
2771 5038 2930 5092 opera
2952 5024 3134 5079 vincte.
3170 5023 3301 5081 Mss.
3329 5024 3583 5091 tradidit,
3614 5035 3725 5082 etc.

2255 5091 2392 5146 Ibid.
2429 5092 2637 5145 vidital
2659 5107 2739 5153 os.
2774 5091 2876 5147 etc.
2913 5092 3043 5149 Mss.
3073 5104 3124 5148 et
3164 5097 3296 5149 vidit
3327 5095 3486 5157 alios,
3527 5107 3633 5152 etc.

2255 5163 2390 5217 Ibid.
2411 5162 2637 5226 Quando
2668 5172 2843 5215 autent
2873 5165 3014 5217 circa
3038 5164 3396 5231 undecimam,
3414 5167 3632 5227 invenit,
3653 5178 3758 5223 ett‘.

2183 5232 2315 5287 Mss.
2347 5231 2573 5297 Quando
2600 5241 2776 5285 autem
2808 5235 2950 5287 circa
2979 5235 3314 5289 undecimam
3347 5236 3526 5291 exiens
3550 5277 3566 5303 ,
3616 5237 3752 5290 ἐδινε-

2183 5306 2285 5365 ttit,
2322 5312 2423 5356 etc.

2254 5373 2362 5446 Ρη
2423 5369 2549 5446 701.
2582 5370 2848 5446 Odorams
2880 5385 3057 5428 autem
3080 5376 3467 5442 misericordia,
3485 5385 3760 5446 propterea

2181 5439 2352 5564 quos,
2372 5452 2476 5564 ettc.
2501 5439 2630 5497 Mss.
2671 5441 2941 5499 Odoratus
2970 5455 3149 5499 autem
3172 5447 3228 5499 in
3264 5439 3516 5511 secttttda',
3548 5439 3760 5516 prapter

2181 5529 2284 5564 auo
2325 5554 2339 5564 .
2367 5530 2395 5564 c
2423 5531 2472 5564 te.

2181 5522 2339 5583 quod,
2367 5522 2472 5583 etc.

2260 5583 2393 5637 Ibid.
2421 5582 2755 5637 absconditos
2783 5623 2800 5647 ,
2841 5586 2977 5638 sicut
3023 5596 3099 5640 est
3139 5587 3194 5639 itt
3224 5584 3436 5650 Latino,
3489 5594 3594 5641 etc.
3624 5584 3756 5642 Mss.

2190 5652 2547 5718 absconditos,
2574 5653 2670 5716 vel,
2702 5657 2839 5708 sicut
2865 5664 2940 5709 est
2964 5656 3018 5709 in
3050 5655 3264 5721 Latino,
3290 5669 3391 5711 etc.

2260 5722 2394 5777 Ibid.
2427 5730 2640 5793 quando
2662 5726 2813 5780 oculi
2843 5726 3286 5781 beati'Christum
3315 5727 3575 5781 viderunt.
3621 5725 3749 5784 Mss.

2186 5793 2411 5859 Quando
2441 5793 2608 5849 oculis
2634 5795 2799 5851 beatis
2825 5795 3093 5855 Christum
3120 5794 3383 5853 'ridetuttt.

3429 3413 3566 3484 It-ge,
3606 3427 3768 3481 quare
