4132 6430
436 399 572 457 I937

433 521 485 566 et
512 509 778 564 conoincct
822 508 1012 563 mulier
1041 512 1251 561 verbum
1284 508 1418 561 illud

434 581 544 635 vult
571 581 900 650 fructificare
934 580 1220 632 secundum
1249 577 1412 631 leaent

436 650 545 721 vult
577 650 872 721 fraterqeiri
904 650 1026 713 mei,
1051 658 1156 703 etc.

510 715 641 790 Ptig.
662 718 794 776 8l8.
826 720 1155 788 interrogant
1178 733 1346 790 virum
1370 716 1524 790 illum
1549 715 1712 790 talem
1726 718 1772 770 si
1789 732 1904 772 vere
1916 730 2021 790 non

444 784 742 846 vult.‘Mss.
781 784 1114 858 interrogent
1160 789 1332 858 virum
1375 785 1575 858 illum:
1613 784 1795 858 Talem
1827 803 1881 841 se
1925 787 2023 858 hai-

438 861 555 914 bere
579 877 683 914 non
710 859 840 914 vult.
864 857 948 912 Ita
976 856 1055 921 ut,
1088 857 1246 912 talem
1278 873 1332 911 se
1352 856 1543 910 habere
1571 872 1676 910 non
1702 857 1834 916 vult.
1861 856 2022 926 quasi

439 944 761 998 responsum
789 929 1038 982 videatur
1068 928 1136 982 ad
1197 927 1681 998 interrogationem
1719 928 2019 998 seniorum.

440 995 646 1054 Reiera
674 1000 894 1069 quidem
928 998 1008 1053 sic
1033 998 1323 1069 tegendum
1349 1011 1473 1051 esse
1504 995 1749 1051 iudicare
1772 997 2024 1053 videntur

436 1070 745 1134 sequentia.

507 1137 640 1209 Pag.
679 1138 801 1194 8I9.
850 1156 882 1192 a
917 1138 1089 1209 colore
1125 1135 1431 1209 vensimilis
1473 1136 1671 1209 erroris
1716 1136 1831 1209 sui,
1881 1138 2022 1205 quod

438 1205 615 1278 furui
662 1206 1150 1278 calceatu-m.Mss.
1200 1225 1233 1262 a
1278 1206 1450 1259 colore
1493 1205 1767 1260 verisimili
1823 1209 2022 1262 erroris

438 1277 544 1348 sui,
571 1295 675 1348 quo
706 1278 881 1348 fuerat
911 1277 1205 1333 Calceatus.

508 1343 658 1430 Ibide
674 1343 723 1402 et
753 1348 1069 1430 respondens
1093 1348 1230 1430 ilicet
1257 1363 1275 1401 :
1300 1343 1391 1430 Sic
1422 1345 1639 1415 facient,
1661 1353 1767 1399 etc.
1806 1343 1935 1401 Mss.
1971 1357 2021 1400 et

438 1418 751 1541 respondens
778 1416 909 1472 dicit
940 1434 957 1471 :
982 1416 1072 1471 Sic
1103 1418 1319 1487 facient,
1345 1425 1451 1470 etc.

441 1556 486 1559 __
554 1503 640 1559 ag.
674 1488 799 1543 82L
843 1499 903 1559 et
942 1487 1129 1559 audire
1162 1488 1419 1559 dicentem
1444 1502 1473 1559 :4
1498 1483 1593 1559 Sic
1651 1483 1864 1552 facient,
1912 1496 2017 1542 etc.

440 1556 570 1611 Mss.
594 1554 649 1611 et
678 1558 829 1612 audit
859 1558 959 1612 sibi
984 1557 1240 1611 dicentem
1267 1573 1284 1609 :
1323 1554 1413 1610 Sic
1446 1556 1664 1625 facient,
1694 1564 1800 1609 etc.

512 1627 646 1681 Ibid.
676 1625 736 1682 Si
764 1636 938 1681 autem
964 1637 1199 1680 ntortuns
1224 1626 1381 1694 fuerit
1409 1628 1506 1689 vir,
1525 1625 1755 1678 liberata
1792 1628 1891 1684 est,
1914 1628 2017 1675 etc.

440 1695 573 1752 Mss.
608 1696 669 1753 Si
699 1707 874 1752 autem
897 1708 1136 1750 mortuus
1164 1696 1348 1765 fuerit,
1372 1696 1539 1748 libera
1560 1705 1663 1759 est,
1695 1706 1800 1765 etc.

516 1766 649 1822 Ibid.
683 1777 998 1837 putaverunt
1034 1763 1212 1819 omnia
1258 1766 1336 1820 sic
1384 1765 1591 1835 futura,
1622 1775 1727 1820 etc.
1757 1763 1886 1819 Mss.
1922 1777 2022 1830 pu-

440 1846 609 1891 tantes
639 1836 817 1891 omnia
844 1837 920 1890 sic
952 1836 1159 1904 futttra,
1187 1844 1291 1889 etc.

513 1906 646 1961 Ibid.
688 1907 755 1961 lit
793 1908 875 1960 his
903 1900 1029 1977 quid
1072 1915 1260 1976 potest,
1291 1914 1395 1960 etc.
1424 1903 1557 1960 Mss.
1596 1903 1665 1959 Et
1697 1904 1751 1957 in
1783 1903 1865 1957 Itis
1893 1900 2020 1973 quid

510 1984 628 2032 test.
659 1986 765 2032 etc.

438 1993 628 2047 potest,
659 1993 765 2032 etc.

510 2044 639 2117 Pag.
667 2049 793 2103 825.
827 2045 885 2102 Si
910 2055 1190 2117 autemest
1222 2047 1293 2100 ibi
1325 2055 1414 2117 aut
1431 2053 1731 2117 _pater_.aut
1765 2043 1933 2113 frater
1955 2072 2019 2117 ,ν

439 2133 545 2171 non
593 2113 768 2172 tamen
807 2128 884 2172 est
916 2116 1223 2180 sciendum,
1256 2126 1363 2171 etc.
1397 2113 1529 2171 Mss.
1568 2114 1629 2170 Si
1675 2123 1850 2167 autem
1877 2113 2023 2166 testi-

439 2187 677 2309 ztabitur
703 2198 875 2257 pater,
916 2196 1010 2241 aut
1051 2187 1219 2256 frater
1351 2202 1452 2239 non
1485 2197 1659 2240 tamen
1691 2200 1801 2238 esse
1838 2199 2022 2236 secun-

481 2273 594 2309 unt.
627 2268 733 2309 etc.

481 2273 595 2313 unt.
627 2268 733 2313 etc.

757 2328 928 2382 virum
956 2326 1012 2380 in
1048 2327 1269 2396 spiritus
1290 2326 1494 2380 unitate
1526 2322 1810 2396 intile
1833 2332 1909 2396 est
1941 2339 2023 2377 re-

443 2413 603 2468 gnum
639 2398 885 2452 caelorum
909 2392 1104 2451 homini
1128 2398 1217 2468 qui
1252 2397 1397 2468 fecit,
1441 2405 1550 2468 etc.
1592 2394 1725 2449 Mss.
1765 2402 1816 2447 et
1851 2392 2022 2468 virum

442 2462 499 2520 in
548 2468 740 2536 spiritu
785 2470 1009 2521 unitatis
1140 2462 1340 2523 'Simile
1383 2467 1459 2521 est
1510 2480 1728 2536 regnum
1766 2462 2022 2517 ctelorunt

441 2536 643 2608 homini
678 2539 785 2608 regi
813 2538 903 2608 qui
930 2539 1074 2607 fecit,
1099 2547 1203 2593 etc.

516 2605 642 2679 Ρη.
675 2599 1014 2679 8ίὶϋ.γῬοὶρδι
1048 2599 1242 2678 aliquis
1280 2607 1484 2672 dicere,
1529 2614 1634 2661 etc.
1676 2599 1808 2660 Mss.
1840 2601 2021 2657 Potest

444 2687 622 2746 autem
648 2678 843 2746 aliquis
866 2678 1057 2743 dicere,
1092 2688 1198 2732 etc.

514 2745 645 2817 Pag.
680 2743 805 2802 82"].
856 2749 1193 2817 manifestius
1235 2747 1440 2801 ridetur
1487 2761 1597 2800 esse
1644 2743 2020 2813 conseri-ptum.

445 2815 577 2873 Mss.
599 2815 944 2883 manifestius
977 2815 1238 2873 ridebitur
1261 2834 1371 2872 esse
1403 2817 1779 2884 conscriptum.

517 2887 650 2958 Ibid.
676 2880 781 2942 nisi
817 2888 1124 2958 Scripturas
1161 2889 1251 2958 qui
1295 2887 1566 2941 moraliter
1606 2880 1851 2938 audiens.
1886 2880 2020 2938 Mss.

444 2958 552 3033 nisi
575 2955 880 3033 Scripturas
903 2955 1019 3025 quis
1049 2955 1321 3012 moraliter
1352 2958 1592 3033 audiens.
1920 3022 1932 3033 .

520 3028 651 3081 Ibid.
678 3037 726 3081 et
749 3028 1005 3081 bibituros
1030 3046 1174 3083 escas
1211 3027 1450 3081 carnales
1478 3041 1496 3079 .'
1523 3036 1571 3079 et
1611 3033 1725 3094 post
1773 3027 2022 3093 quoniam

438 3107 492 3151 et
518 3097 809 3168 scripturae
830 3100 1143 3168 prophetica:
1170 3099 1302 3151 talia
1325 3094 1856 3168 continettt_a_u_tcdant
1885 3094 2023 3145 sicut

443 3177 492 3220 et
537 3167 599 3220 de
641 3164 868 3237 nuptiis,
917 3164 1023 3223 etc.
1072 3167 1292 3222 Rectius
1329 3183 1462 3237 mss.
1496 3174 1545 3219 et
1586 3164 2023 3237 bibituroscscns

444 3233 778 3308 carnales,‘et
805 3247 956 3307 potus
985 3257 1003 3293 :
1029 3239 1275 3308 quoniam
1307 3248 1352 3291 et
1385 3235 1677 3308 Scriptura:
1706 3233 2026 3301 prOphetica:

447 3305 585 3360 talia
620 3304 907 3362 continent.
935 3304 1163 3371 Quidam
1198 3308 1274 3360 sic
1306 3316 1354 3359 et
1388 3307 1451 3359 de
1481 3304 1702 3374 nuptiis,
1729 3312 1836 3358 etc.

516 3374 649 3445 Pag.
675 3376 798 3430 8‘28.
834 3375 971 3430 Deus
992 3378 1129 3443 enim
1157 3378 1245 3446 qui
1274 3385 1371 3440 est,
1406 3376 1536 3428 dicit
1554 3372 1577 3428 I:
1617 3372 1735 3446 Ipse
1762 3388 1854 3441 ego
1884 3387 2021 3437 sum,

447 3454 550 3517 etc.
582 3442 711 3517 Mss.
740 3446 875 3517 Deus
896 3448 1035 3500 enim
1055 3442 1144 3517 qui
1170 3442 1269 3517 est,
1290 3446 1418 3498 dicit
1447 3447 1555 3512 ipse
1574 3461 1598 3517 A:
1624 3442 1732 3517 Ego
1755 3458 1890 3505 sum,
1916 3451 2021 3497 etc.

517 3514 643 3588 I’ag.
676 3515 880 3588 829.“
904 3514 1100 3588 nemini
1124 3514 1317 3588 _alteri,
1348 3524 1402 3588 ut
1438 3531 1530 3588 nos
1554 3515 1879 3583 festinemus,
1914 3524 2019 3566 etc.

447 3582 578 3639 Mss.
595 3582 654 3639 'et
677 3586 877 3639 nemini
902 3586 1077 3640 alteri.
1114 3585 1180 3638 Et
1215 3602 1307 3638 nos
1342 3582 1671 3654 festinemus,
1699 3592 1805 3636 etc.

517 3654 646 3726 Pag.
680 3654 901 3726 850._Itt
938 3655 1035 3726 illo
1065 3666 1309 3723 tempore.
1342 3650 1627 3726 audientes
1672 3662 1849 3705 autem
1876 3650 2023 3706 Plia-

446 3724 618 3792 riswi,
642 3734 746 3780 etc.
781 3724 910 3780 Mss.
946 3725 1204 3779 Pharisaei
1238 3735 1413 3778 autem
1447 3724 1739 3785 audientes,
1773 3729 1878 3792 etcf.

518 3790 715 3850 lbid.et
737 3797 966 3864 primum
992 3796 1319 3858 mandatum,
1345 3804 1393 3847 et
1423 3793 1645 3864 reliqua.
1676 3792 1807 3864 Cum
1843 3790 2022 3843 Domi-

447 3880 566 3929 nus,
596 3877 701 3919 etc.
728 3858 867 3935 Mss.
890 3876 938 3919 et
977 3867 1206 3935 primum
1235 3858 1565 3918 mandatum.
1590 3858 1894 3917 Secundum
1918 3877 2023 3935 au-

446 3944 547 3987 tem
586 3934 762 3988 simile
805 3945 880 3988 est
922 3931 1043 3988 huic
1076 3950 1094 3987 :
1132 3934 1327 4003 Diliges
1356 3935 1661 4003 proximum
1696 3943 1849 4003 tuum
1884 3931 2023 3983 sicut

444 4004 668 4072 teipsum
694 4020 712 4059 :
740 4005 793 4058 in
827 4006 909 4058 his
945 4005 1146 4058 duobus
1183 4001 1449 4058 mandatis
1472 4004 1642 4057 omnis
1683 4001 1771 4055 lex
1814 4010 1863 4055 et
1899 4016 2023 4070 pro-

443 4072 611 4144 pheta:
631 4075 872 4144 pendent.
906 4074 1036 4129 Cum
1073 4075 1348 4137 Dominus,
1379 4084 1482 4128 etc.

516 4138 648 4198 Ibid.
677 4147 1086 4199 demonstrasset
1113 4145 1243 4212 legis
1270 4144 1504 4212 exemplo
1534 4142 1690 4211 (sicut
1714 4141 1853 4195 diuit
1885 4138 2022 4194 Mat-

449 4208 639 4283 tlttcus)
676 4216 1090 4278 silentium,etc.
1124 4201 1256 4268 MSS.
1290 4201 1696 4283 demonstrasset
1731 4211 1862 4281 legis
1893 4227 2018 4266 usus

443 4282 701 4354 exemplo,
727 4286 817 4354 sic
844 4286 985 4338 dixit
1013 4283 1299 4337 Mattha'us
1323 4299 1341 4337 :
1364 4282 1668 4347 Silentium,
1695 4292 1798 4335 etc.

514 4351 648 4408 Ibid.
715 4353 981 4409 Pharistei
1027 4355 1116 4420 qui
1166 4355 1602 4409 resurrectionem
1661 4352 2016 4405 consentiunt.

445 4419 586 4496 Mss.
612 4422 872 4496 Pharisaei
901 4425 991 4496 qui
1019 4425 1456 4496 resurrectionem
1500 4439 1611 4496 esse
1657 4422 2017 4475 consentiunt.

517 4491 649 4546 Ibid.
689 4491 969 4548 Dominum
1008 4494 1191 4548 Deum.
1227 4493 1359 4548 Mss.
1394 4492 1677 4547 Dontinunt
1720 4500 1979 4544 nostrum.

518 4563 651 4644 Ibid,
671 4563 872 4644 fecistis
896 4564 1170 4644 injuriant,
1203 4581 1279 4644 tne
1310 4571 1573 4644 tentastts,
1597 4573 1702 4644 etc.
1735 4559 1865 4644 Mss.
1896 4559 2019 4630 feci-

444 4634 550 4704 stis
575 4632 1014 4704 t'ttjttt't'atttttttiltt'
1042 4634 1270 4704 fecistis,
1302 4650 1381 4687 me
1414 4636 1681 4704 tentastis,
1714 4642 1818 4685 etc.

519 4698 647 4771 Pag'.
678 4703 803 4756 85L
835 4701 895 4757 Si
916 4698 1174 4774 quisr'ergo
1205 4698 1398 4774 aliquis
1420 4718 1523 4756 non
1549 4702 1729 4768 discit,
1755 4709 1860 4756 etc.
1883 4698 2015 4757 Mss.

446 4769 653 4843 Siquis
686 4788 809 4843 ergo
839 4769 1043 4843 aliquid
1082 4769 1183 4826 non
1210 4769 1393 4838 discit,
1431 4781 1537 4827 etc.

517 4839 647 4896 Ibid.
702 4839 843 4913 quod
895 4839 1201 4898 Phariswus
1264 4842 1629 4912 interrogavit.
1691 4839 1819 4898 Mss.
1877 4842 2016 4912 quod

442 4910 751 4994 “inrisa-us
783 4915 992 4994 quidem
1017 4913 1380 4994 interrogavit.

512 4981 644 5037 Ibid.
683 4980 977 5037 Secundum
1027 4992 1075 5037 et
1109 4980 1284 5037 simile
1321 4991 1398 5037 est
1428 4982 1619 5052 priori.
1650 4980 1782 5038 Mss.
1814 4981 2016 5037 Secun-

438 5050 568 5105 dum
599 5064 774 5106 autem
812 5054 986 5106 simile
1012 5063 1091 5107 est
1116 5054 1301 5119 priori.

512 5119 648 5174 Ibid.
698 5121 861 5175 donec
908 5124 1172 5177 inveniens
1199 5123 1356 5178 Jesus
1385 5121 1590 5185 docuit,
1620 5132 1725 5178 etc.
1765 5122 1896 5179 Mss.
1931 5139 2016 5177 ue—

441 5190 587 5243 niens
607 5189 641 5243 J
647 5206 762 5244 esus
787 5191 987 5258 docuit,
1027 5204 1132 5250 etc.

513 5259 655 5342 Ibid.
689 5260 834 5315 Dicit
867 5280 987 5334 ergo
1021 5263 1240 5334 aliquis,
1271 5270 1378 5318 etc.
1406 5260 1539 5317 Mss.
1571 5260 1721 5319 Dicet
1750 5280 1871 5335 ergo
1908 5263 2014 5318 ali-

476 5339 580 5395 uis,
609 5339 713 5386 etc.

492 5348 505 5382 t
700 5372 713 5385 .

438 5346 794 5473 q'Ib’itffcnon
840 5401 1064 5468 occides,
1113 5418 1213 5455 non
1261 5401 1465 5465 furtum
1513 5403 1697 5470 facies,
1723 5413 1772 5457 et
1802 5403 1847 5457 si
1874 5404 2013 5473 quod

439 5471 614 5543 aliud,
638 5481 743 5543 etc.
775 5472 903 5527 Mss.
937 5488 1040 5543 non
1072 5472 1298 5543 occides,
1330 5489 1432 5543 non
1466 5474 1665 5543 falsum
1708 5471 2011 5540 άὶειδίηυη

438 5541 637 5612 furtum
670 5542 852 5611 facies,
883 5552 931 5595 et
960 5542 1006 5595 si
1035 5542 1171 5612 quod
1205 5541 1375 5612 aliud,
1410 5541 1515 5598 etc.

509 5610 637 5681 Png.
672 5610 804 5666 852.
856 5610 1109 5666 erellatur
1144 5611 1213 5665 ad
1263 5611 1496 5681 aliquam
1539 5629 1666 5681 rem,
1715 5624 1818 5671 etc.
1871 5613 1999 5669 Mss.

438 5679 701 5751 ttvcllatur
740 5683 808 5734 ad
836 5683 1069 5751 aliquant
1099 5697 1227 5745 rem,
1264 5679 1369 5735 etc.

508 5746 638 5802 Ibid.
691 5753 853 5803 etiam
901 5746 1010 5805 hac
1045 5762 1164 5805 sunt
1209 5751 1476 5807 discenda.
1527 5753 1656 5809 Mss.
1698 5755 1854 5808 etiam
1894 5754 2005 5810 htec

442 5828 560 5870 sunt
583 5819 824 5873 dicenda.

1503 517 1707 570 rarum,
1745 505 1885 575 quod
1917 521 2019 561 non

1501 579 1549 630 ei
1607 586 1655 631 et
1684 577 1821 630 dicet
1849 592 1868 629 :
1895 574 2018 629 Non

1705 392 1940 448 VARI/IS
1980 391 2364 448 LECTIUNES

3576 396 3710 462 uss

2120 575 2162 628 Γ
2196 502 2332 626 Ibid.
2357 513 2637 575 peccatum
2669 505 2866 575 diligit.
2911 504 3039 560 Mss.
3066 511 3347 576 peccatum
3381 510 3599 585 aliquod
3628 527 3714 570 at-

2143 592 2215 628 tat
2249 613 2263 628 .

2143 577 2263 645 igit.

2193 644 2325 715 Ibid.
2351 660 2531 699 omnia
2553 654 2801 710 sustinet,
2827 663 3008 700 omnia
3029 647 3222 715 credit,
3244 658 3350 706 etc.
3377 650 3508 708 Mss.
3531 656 3713 711 omnia

2119 714 2330 837 “gert,
2366 715 2547 769 omnia
2576 716 2764 771 credit.
2790 727 2896 770 etc.

2235 801 2322 837 aa.
2363 784 2489 837 855.
2525 794 2678 837 erant
2706 787 2815 837 illae
2844 804 2896 837 vc

2235 801 2322 855 ag.
2363 784 2678 860 855.__erant
2706 787 2988 860 illteroces
3022 788 3247 843 dicentis
3277 806 3297 844 :
3320 790 3570 860 Conﬁdo,
3600 806 3707 851 etc.

2122 853 2443 928 MssJerant
2463 854 2584 909 'illte
2603 872 2755 928 voces
2774 856 3013 912 dicentes
3036 875 3054 913 :
3080 860 3334 928 Conﬁdo,
3360 853 3470 917 etc.

2195 923 2325 1002 Ibid.
2364 941 2526 995 neque
2559 924 2741 994 aliqua
2769 937 3035 992 creatura,
3066 940 3173 985 etc.
3201 923 3354 986 'Mss.
3399 948 3568 1002 neque
3594 935 3709 989 alia

2120 995 2306 1064 aliqua
2334 1004 2601 1057 creatura,
2630 1004 2737 1051 etc.

2195 1064 2328 1118 Ibid.
2514 1064 2703 1139 valens
2715 1077 2973 1139 proponat
2989 1067 3235 1124 Salvator
3250 1070 3569 1139 Pharisatis,
3593 1084 3704 1132 em

2121 1132 2412 1208 Ms_s_._quid
2451 1134 2636 1208 volens
2662 1132 2915 1208 Salvdtor
2951 1150 3209 1208 proponat
3246 1132 3567 1207 Pharisteis,
3598 1157 3707 1202 etc.

2192 1203 2328 1285 Ibid.
2367 1203 2433 1285 Iit
2460 1205 2753 1285 simplicior
2773 1203 2992 1277 aliquis,
3016 1203 3123 1265 etc.
3180 1209 3314 1266 Mss.
3349 1211 3418 1267 Et
3444 1203 3708 1285 simplici-

2123 1281 2201 1327 ter
2228 1273 2442 1344 aliquis,
2476 1273 2581 1329 etc.

2191 1342 2327 1418 Ibid.
2360 1342 2490 1398 Ideo
2526 1344 2631 1418 fuit
2664 1345 3073 1418 etADontinunt”
3106 1389 3121 1403 .
3148 1366 3437 1418 proponere
3486 1354 3563 1408 eis
3612 1372 3704 1408 nco

2122 1415 2434 1479 cessarinm,
2466 1416 2856 1483 proﬁtentibus,
2891 1427 2995 1472 etc.
3037 1415 3169 1474 Mss.
3196 1415 3314 1475 ideo
3350 1427 3703 1479 necessarium

2119 1486 2228 1559 fuit
2252 1495 2303 1559 _et_
2330 1483 2703 1559 Dominum...
2724 1503 3014 1559 proponere
3042 1490 3142 1552 eis,
3173 1491 3568 1559 profitentibus,
3593 1504 3703 1548 etc.

2194 1554 2327 1632 Ibid.
2360 1570 2579 1623 arguere
2608 1554 2947 1623 titubantem,
2978 1567 3083 1613 etc.
3123 1554 3251 1615 Mss.
3271 1554 3504 1632 arguere
3530 1554 3707 1620 volens

2124 1624 2464 1687 titubantem,
2494 1635 2601 1678 etc.

2196 1693 2329 1768 Ibid.
2373 1703 2422 1747 et
2456 1694 2632 1768 videre
2660 1697 2949 1750 secundum
2983 1698 3146 1768 quod,
3166 1706 3273 1755 et‘c.
3300 1698 3431 1757 Mss.
3455 1715 3505 1757 et
3532 1705 3711 1761 dicere

2122 1765 2409 1817 secundum
2442 1763 2603 1828 quod,
2636 1778 2743 1820 etc.

2194 1834 2322 1905 I‘ag.
2361 1833 2487 1888 854.
2527 1850 2632 1888 non
2656 1844 2735 1888 est
2763 1851 2935 1889 meum
2961 1836 3092 1893 dare
3118 1839 3282 1909 vobis,
3315 1852 3420 1898 etc.
3486 1844 3542 1898 In
3569 1860 3708 1901 mss.

2123 1903 2274 1959 deest
2297 1903 2461 1957 vobis.

2161 1913 2274 1958 eest
2297 1907 2461 1957 vobis.

2194 1974 2328 2048 Ibid.
2381 1974 2596 2048 sedeant
2638 1974 2709 2028 ad
2739 1975 3032 2048 dexteram,
3063 1979 3165 2046 vel,
3196 1990 3303 2038 etc.
3334 1980 3465 2037 Mss.
3494 1986 3648 2041 sedea
3691 1983 3710 2039 ἰ

2122 2044 2194 2097 ad
2224 2044 2495 2098 dexteram
2527 2044 2665 2114 ejus,
2695 2044 2794 2107 vel,
2827 2054 2932 2100 etc.

2121 2114 2327 2235 ἀμιξία.
2364 2114 2660 2235 τοὶιίνὶηθει
2698 2115 2754 2169 in
2780 2114 2865 2169 die
2889 2116 3007 2185 ἐγω,
3043 2126 3152 2174 etc.
3187 2118 3322 2177 Mss.
3359 2121 3616 2193 confregit
3652 2125 3709 2177 i-t

2161 2200 2208 2235 re
2237 2200 2355 2235 tm.
2385 2200 2414 2235 e
2441 2200 2491 2235 e.

2158 2192 2208 2237 ie
2237 2192 2355 2247 irte,
2385 2192 2491 2238 etc.

2165 2324 2172 2330 ι
2196 2253 2584 2332 Ibitl_._cultur_te
2610 2252 2807 2332 DeiLet
2834 2257 3060 2332 notitiaz,
3085 2257 3184 2332 Dei
3195 2259 3491 2332 scabellum
3514 2262 3709 2332 pedum

2120 2324 2260 2394 ejus.
2298 2323 2428 2398 Mss.
2457 2326 2683 2398 cultura:
2711 2324 2825 2393 Dei,
2856 2336 2906 2380 et
2935 2330 3142 2384 notitia:
3164 2330 3384 2398 Christi,
3417 2323 3709 2386 scabellunt

2121 2407 2197 2449 est
2227 2395 2423 2465 pedum
2451 2395 2588 2464 ejus.

2194 2464 2326 2543 Ibid.
2362 2464 2611 2543 Optabile
2656 2464 2799 2543 enim
2847 2476 2960 2521 erat
3008 2467 3105 2532 rel,
3139 2478 3246 2525 etc.
3294 2469 3427 2527 Mss.
3459 2470 3708 2543 Optabile

2121 2536 2261 2590 enim
2289 2544 2402 2590 erat
2428 2536 2478 2589 ei
2502 2535 2599 2602 vel,
2627 2542 2734 2589 etc.

2195 2604 2325 2676 Pag.
2351 2605 2478 2678 855.
2511 2603 2577 2659 Et
2608 2620 2705 2678 ego
2724 2604 2982 2676 conﬁtens
3009 2610 3283 2678 quoniam,
3314 2621 3421 2666 etc.
3463 2610 3595 2667 Mss.
3634 2611 3702 2677 Et

2122 2692 2216 2747 ego
2248 2675 2515 2746 confidens
2545 2675 2954 2747 quoniam,etc.

2197 2746 2331 2801 Ibid.
2385 2760 2562 2800 omnes
2595 2746 3019 2815 viviﬁcabuntur.
3069 2748 3202 2806 Mss.
3235 2767 3413 2807 omnes
3438 2752 3708 2822 viviﬁcan-

2126 2826 2232 2869 tur.

2197 2885 2522 2961 Ibid._‘donec
2547 2893 2712 2961 ponat
2734 2886 2977 2943 inimicos
3012 2889 3146 2959 ejus.
3195 2887 3325 2945 Mss.
3351 2889 3515 2946 donec
3540 2894 3707 2961 ponat

2126 2973 2303 3010 onmes
2332 2956 2578 3010 inimicos
2607 2955 2744 3025 ejus.

2201 3025 2331 3080 Ibid.
2381 3026 2684 3100 secundant
2707 3036 2885 3080 autem
2934 3043 3092 3100 opera
3140 3036 3319 3083 eorum
3358 3047 3429 3096 _ne
3462 3032 3705 3100 faciatis.

2129 3094 2471 3165 Frequenter,
2498 3105 2603 3171 etc.
2639 3090 2769 3171 Mss.
2790 3090 3008 3171 textum
3032 3090 3336 3171 Scriptura:
3357 3090 3707 3171 prosequun-

2129 3175 2217 3243 ΨΥ
2250 3182 2422 3243 usque
2465 3166 2529 3243 ad
2561 3166 2598 3235 Ῡ
2642 3165 2742 3228 12,
2790 3168 3072 3243 inclusive.
3123 3165 3249 3238 id,
3289 3165 3370 3225 sic
3413 3165 3705 3243 incipiunt.

2131 3234 2277 3288 Tunc
2296 3235 2451 3289 Iesus
2483 3236 2690 3288 locutus
2720 3247 2797 3291 est
2835 3238 2904 3291 ad
2936 3234 3137 3303 turbas,
3165 3234 3271 3294 etc.

2200 3304 2333 3361 Ibid.
2380 3306 2630 3376 quoniam
2664 3308 2710 3358 si
2749 3310 3115 3362 tantummodo
3161 3309 3401 3376 credunt,
3433 3320 3540 3367 etc.
3570 3311 3705 3369 Mss.

2125 3377 2375 3446 quoniam
2407 3375 2495 3445 qui
2532 3378 2895 3431 tantummodo
2917 3376 3158 3445 credunt,
3188 3387 3294 3434 etc.

2196 3445 2326 3516 Pag.
2348 3444 2475 3498 855.
2502 3446 2591 3523 qui
2624 3446 3038 3523 interpretantur
3062 3444 3241 3514 divisi,
3271 3458 3377 3505 etc.
3407 3447 3539 3507 Mss.
3565 3459 3706 3523 quod

2125 3515 2507 3584 interpretatur
2528 3515 2707 3580 divisi,
2736 3526 2842 3570 etc.

2197 3586 2332 3639 Ibid.
2363 3584 2728 3658 et__alligantes
2762 3603 2921 3640 onera
2954 3587 3159 3656 gravia,
3190 3598 3239 3641 et
3268 3589 3566 3658 imponunt,
3595 3602 3702 3648 etc.

2126 3653 2331 3727 Mss.et
2363 3653 2646 3727 alligantes
2675 3671 2835 3709 onera
2867 3653 3050 3726 gravia
3091 3653 3385 3727 imponunt,
3419 3672 3523 3716 etc.

2359 3726 2420 3798 in
2445 3723 2601 3798 regno
2623 3723 2908 3798 caelorum.
2938 3727 3069 3798 Mss.
3100 3723 3343 3798 in'regno
3372 3730 3488 3784 Dei.

2196 3795 2495 3871 Ihid._dicti
2539 3796 2695 3864 hujus
2723 3813 2826 3871 quo
2859 3797 2956 3851 ait.
3005 3796 3135 3853 Mss.
3184 3795 3314 3853 dicti
3367 3801 3525 3870 hujus
3566 3800 3704 3871 quod

2125 3865 2224 3919 ait.
2252 3863 2499 3937 Deinde,
2538 3863 2826 3920 secundum
2874 3883 3031 3937 opera
3061 3883 3264 3937 eorum,
3301 3878 3406 3924 ete.
3431 3863 3595 3925 'Mss'.
3620 3889 3703 3925 se-

2123 3934 2358 4007 cundum
2384 3950 2542 4004 opera
2582 3945 2758 4007 autem
2786 3934 2989 4003 eorum,
3021 3946 3129 3994 etc.
3162 3936 3249 4002 Et,
3272 3954 3368 4007 per
3392 3940 3503 3994 haec
3529 3951 3706 3995 osten-

2122 4003 2463 4076 derevoluit,
2486 4005 2764 4076 Aetchss.
2796 4023 2891 4076 per
2920 4007 3030 4061 ha’c
3059 4003 3330 4061 ostendere
3361 4010 3490 4074 vult,
3522 4022 3629 4066 etc.

2192 4072 2329 4147 Ibid.
2354 4076 2445 4147 qui
2476 4074 2717 4143 bajulare
2736 4072 2850 4147 eam
2878 4092 2983 4130 non
3007 4078 3289 4147 sufferunt.
3317 4072 3540 4137 Rectius
3566 4097 3700 4136 mss.

2120 4145 2221 4216 qui
2240 4144 2479 4216 bajulare
2500 4161 2563 4216 ea
2589 4161 2692 4199 non
2715 4146 2996 4216 sufferunt.

2190 4213 2321 4285 Pag.
2348 4215 2470 4288 857.
2500 4213 2818 4288 Prop/retain
2847 4216 2958 4271 hcec
2991 4216 3389 4288 iutellige'ntem.
3421 4216 3552 4276 Mss.
3574 4220 3705 4275 1³νο-

2120 4284 2330 4356 phetam
2358 4286 2455 4339 hoc
2492 4284 2887 4356 intelligentem.

2193 4354 2328 4426 Ibid.
2374 4353 2831 4426 scribentes'legis
2877 4355 3044 4421 dicta,
3092 4364 3199 4412 etc.
3250 4353 3381 4413 Mss.
3414 4357 3701 4416 scribentes

2119 4425 2364 4494 quadam
2395 4424 2522 4494 legis
2552 4426 2720 4491 dicta,
2741 4424 2846 4481 etc.

2189 4492 2323 4565 P33.
2363 4492 2490 4550 858.
2533 4505 2590 4548 ut
2616 4495 2666 4549 si
2691 4512 2794 4551 non
2818 4494 3050 4563 dicatur,
3080 4505 3185 4553 etc.
3210 4492 3342 4552 Mss.
3379 4507 3435 4551 ut
3469 4500 3569 4552 etsi
3596 4512 3701 4556 non

2119 4564 2356 4631 dicatur,
2384 4573 2489 4619 etc.

2362 4642 2639 4711 propterea
2666 4635 2828 4707 quod,
2850 4645 2955 4691 etc.
3000 4635 3130 4693 Mss.
3158 4650 3375 4711 propter
3397 4642 3561 4711 quod,
3588 4653 3694 4698 etc.

2190 4703 2325 4760 Ibid.
2358 4703 2628 4770 Quantum
2659 4703 2879 4778 magnus
2905 4722 2981 4775 es,
3006 4716 3112 4763 etc.
3159 4703 3302 4765 Mss.
3337 4703 3558 4776 Quianto
3588 4716 3701 4767 ma-

2115 4789 2348 4844 gnuses,
2374 4786 2477 4829 etc.

2191 4843 2327 4916 Ibid.
2364 4844 2636 4911 Quantum
2666 4846 2829 4913 enim,
2859 4854 2964 4903 etc.
2997 4846 3129 4905 Mss.
3161 4847 3374 4916 Quanto
3401 4854 3563 4914 enim,
3589 4866 3696 4909 etc.

2188 4913 2323 4987 Ibid.
2352 4918 2607 4987 quodest
2630 4931 2787 4985 super
2824 4933 2974 4972 omne
3012 4913 3219 4974 nomen.
3254 4921 3363 4987 Qui
3386 4935 3463 4977 est
3491 4925 3702 4978 benedi-

2119 4996 2235 5037 ctus
2266 4986 2319 5037 in
2348 4986 2546 5039 sa'cula
2590 4987 2928 5040 swculorunt.
2957 4989 3144 5044 Amen.
3171 4986 3301 5048 Mss.
3329 4996 3468 5063 quod
3499 5005 3575 5048 est
3610 5013 3702 5049 su-

2115 5066 2211 5125 per
2246 5070 2396 5109 omne
2428 5072 2639 5113 nomen.
2668 5065 2716 5109 ει
2758 5067 2972 5115 cratera.
3138 5114 3144 5119 _

2187 5124 2318 5202 Pag:
2352 5125 2477 5179 859.
2527 5137 2651 5202 ante
2694 5126 2950 5202 homines,
2979 5138 3028 5183 et
3059 5131 3284 5202 reliqua.
3341 5132 3449 5198 Qui
3477 5135 3697 5199 audent,

2114 5206 2221 5249 etc.
2245 5194 2387 5268 Mss.
2427 5206 2548 5249 ante
2575 5194 2831 5268 homines.
2883 5196 2984 5252 Vos
3014 5194 3299 5253 enim'non
3337 5194 3573 5268 intratis,
3604 5194 3699 5259 ne;

2112 5280 2211 5333 que
2236 5266 2559 5318 introeuntes
2591 5265 2767 5320 sinitis
2802 5267 3023 5322 intrare.
3056 5270 3161 5333 Qui
3198 5271 3413 5334 audent,
3448 5287 3553 5328 etc.

2188 5335 2326 5387 Ibid.
2355 5343 2405 5387 et
2436 5344 2630 5408 tamen
2655 5351 2756 5389 non
2781 5337 2887 5390 vult
2917 5340 3135 5408 dignum
3159 5340 3299 5407 fieri,
3335 5352 3439 5399 etc.
3487 5345 3619 5402 Mss.
3645 5356 3693 5400 et

2115 5413 2289 5458 tamen
2319 5421 2420 5457 non
2449 5404 2557 5457 vult
2580 5406 2798 5476 dignum
2825 5423 2941 5461 eum
2965 5404 3103 5477 fieri,
3122 5404 3227 5463 etc.

2172 5495 2321 5577 “Ibid.
2348 5503 2395 5549 et
2424 5497 2811 5564 exanimantes,
2834 5508 2938 5553 etc.
2972 5498 3064 5554 Sic
3088 5500 3290 5555 rectius
3304 5503 3457 5572 editi,
3487 5518 3534 5559 et
3567 5523 3697 5561 exa-

2112 5577 2394 5633 mmantes,
2423 5577 2528 5622 etc.

2184 5657 2311 5730 Pag.
2343 5657 2465 5713 8I0.
2510 5675 2609 5713 sua
2633 5659 2876 5728 justitia,
2912 5669 2962 5714 et
2991 5664 3230 5730 veritate,
3257 5634 3364 5721 etc.
3431 5665 3568 5722 Mss.
3593 5684 3693 5721 sua

2105 5729 2305 5798 justia,
2327 5738 2376 5782 et
2410 5730 2621 5797 virtute,
2661 5739 2768 5785 etc.

2193 5821 2324 5892 Pag.
2373 5820 2500 5877 8M.
2540 5822 2631 5892 qui
2675 5836 2777 5876 non
2822 5837 2939 5877 cum
2977 5826 3408 5897 requisitionc....
3446 5841 3496 5887 et
3526 5832 3617 5899 ips.
3645 5850 3695 5885 ιη
