4132 6454
416 447 437 501 ί
448 447 550 502 955

484 564 611 635 Pag.
643 565 767 620 880.
813 571 1071 621 conservis
1103 570 1495 637 quibuscunque
1522 568 1854 637 simpliciter,
1877 578 1984 623 etc.

410 634 553 707 Mss.
568 634 836 707 conservis
860 634 1338 707 qualisbuscm:que
1369 634 1700 705 simpliciter,
1728 647 1834 693 etc.

485 706 617 778 Ibid.
642 705 838 760 Omnes
869 705 1075 778 quidem
1107 705 1411 774 constituet,
1437 719 1542 764 etc.
1579 707 1710 764 Mss.
1741 718 1790 763 et
1813 724 1990 762 omnes

409 777 622 847 quidem
657 777 963 842 constituet,
992 786 1098 831 etc.

483 847 616 901 Ibid.
666 858 727 919 tit
756 856 883 916 puta
908 890 922 912 ,
974 847 1113 901 hunc
1155 848 1397 919 quidem,
1432 856 1537 901 etc.
1585 846 1715 902 Mss.
1751 858 1808 904 ut
1839 859 1990 919 puta,

411 932 573 971 unum
601 917 832 986 quidem,
845 928 969 972 'etc.

478 987 614 1040 Ibid.
652 987 948 1057 puniretur.
984 987 1144 1057 Lege,
1178 988 1447 1057 punietur.

398 1076 401 1093 ι
477 1057 610 1124 Pup.
641 1055 767 1111 881.
801 1055 1224 1125 βάσηι-ἰηλλεδὰ.
1251 1057 1380 1112 Mss.
1414 1059 1572 1126 ﬁdem
1595 1061 1645 1112 in
1679 1059 1884 1112 Jesum.

481 1126 616 1180 Ibid.
652 1127 793 1197 quod
824 1128 1052 1197 virgines
1083 1136 1228 1194 sunt,
1257 1136 1362 1182 etc.
1392 1126 1524 1183 Mss.
1554 1130 1805 1198 quoniam
1833 1130 1991 1200 virgi-

407 1213 497 1251 nes
522 1207 643 1250 sunt
654 1239 665 1257 ,
695 1206 799 1252 etc.

479 1267 613 1322 Ibid.
660 1283 865 1321 necesse
889 1278 965 1322 est
994 1277 1053 1321 ut
1083 1266 1139 1320 in
1167 1267 1289 1322 aliis
1309 1307 1324 1334 ,
1371 1277 1477 1324 etc.
1513 1268 1646 1325 Mss.
1678 1282 1884 1324 necesse
1915 1278 1990 1325 est

397 1347 540 1391 utet
560 1337 624 1391 ‘in
657 1336 819 1399 aliis,-
834 1345 940 1392 etc.

468 1407 1051 1462 Iltid.-nutrin'entum~
1075 1407 1303 1461 hominis
1343 1409 1464 1473 sui,
1493 1415 1600 1463 etc.
1640 1407 1781 1465 "Mss.
1812 1409 1991 1463 nutri-

403 1491 635 1549 mentum
684 1478 903 1530 luminis
941 1488 1098 1544 sunt,
1141 1484 1248 1532 etc.
1298 1476 1404 1533 Sed
1438 1478 1988 1549 Iegendumwidetur,

403 1548 489 1600 sui
504 1589 518 1610 ,
550 1562 667 1610 pro-
683 1558 827 1601 sunt.

403 1564 518 1610 ειη,
550 1564 827 1618 pro-sunt.
919 1617 930 1627 _

388 1650 395 1671 θ
460 1617 610 1672 1bid.
641 1635 673 1670 α
700 1634 856 1672 sensu
882 1616 1031 1671 ettali
1050 1655 1065 1671 .
1098 1615 1234 1673 Mss.
1260 1634 1297 1671 a
1323 1633 1481 1674 sensu
1511 1619 1606 1673 iilo
1635 1620 1810 1675 vitali.

402 1687 606 1810 Μίδης.
637 1687 763 1743 882.
800 1688 970 1741 oleum
1017 1686 1302 1743 rationale.
1347 1687 1480 1746 Mss.
1535 1690 1711 1746 oleum
1747 1691 1990 1745 rationa-

438 1775 527 1810 te.

438 1775 527 1812 ue.

473 1828 799 1909 lbidtquod
843 1828 1208 1899 congregavit,
1250 1835 1359 1885 etc.
1411 1827 1543 1886 Mss.
1580 1831 1835 1902 quoniam
1865 1848 1990 1887 con-

399 1906 659 1968 gregavit,
686 1906 793 1968 etc.

470 1967 607 2023 Ibid.
638 1967 801 2023 habeo
824 1970 1146 2033 doctrinam,
1174 1984 1281 2023 non
1306 1978 1504 2036 tamen,
1525 1978 1630 2026 etc.
1663 1970 1797 2028 Mss.
1824 1971 1988 2027 habeo

380 2038 699 2092 doctrinam
730 2039 897 2105 verbi,
921 2055 1025 2093 non
1058 2047 1255 2105 tamen,
1282 2048 1388 2096 etc.

469 2108 605 2163 Ibid.
661 2108 928 2165 Ornantes
975 2119 1183 2174 autem,
1222 2117 1335 2165 'etc.
1389 2108 1523 2167 Mss.
1579 2110 1858 2168 Ornantur
1887 2127 1987 2167 au-

383 2188 526 2241 dent,
540 2187 667 2234 rete.

456 2248 606 2320 'Itifd.
643 2248 994 2303 auditionem-
1022 2267 1125 2304 non
1161 2250 1383 2320 suscipit
1436 2266 1657 2315 vanam,
1707 2260 1813 2307 etc.
1849 2251 1981 2310 Mss.

396 2319 728 2372 auditionem
757 2320 1113 2388 quidem-nou
1141 2319 1366 2388 suscipit
1398 2321 1868 2388 vanamaDeiMc,
1893 2325 1985 2377 ob-

384 2387 463 2441 tit.
475 2397 558 2441 rat
595 2387 775 2458 aures,
804 2387 1213 2455 Iortc,'~obturat~
1235 2387 1411 2446 aures.

471 2458 612 2513 Ibid.
640 2461 761 2514 delc
793 2469 1079 2528 punctum,
1111 2469 1165 2515 ct
1189 2475 1331 2532 pone
1359 2461 1642 2533 virgulam
1659 2472 1805 2533 post,
1835 2464 1981 2520 dicta

394 2537 540 2582 suit.

468 2596 604 2654 Ibid.
634 2596 810 2671 Homo
843 2599 1061 2671 quidam
1089 2615 1299 2671 peregre
1332 2601 1823 2670 proﬁciscens,-etc.
1844 2603 1977 2662 Mss.

394 2667 480 2741 Si.
489 2679 545 2741 ut
568 2669 710 2723 enim
739 2667 894 2724 homo
929 2667 1140 2741 peregre
1169 2667 1401 2741 futurus,
1427 2667 1535 2728 etc.

466 2738 601 2811 Ibid.
643 2740 885 2811 omnibus
916 2738 1133 2801 diebus.
1169 2738 1370 2811 usque,
1409 2751 1518 2798 etc.
1554 2740 1702 2800 Mss.
1733 2746 1977 2802 omnibus

392 2808 574 2880 diebus
602 2810 745 2876 vitae,
778 2826 958 2880 usque,
988 2820 1096 2866 etc.

464 2879 601 2934 Ibid.
673 2879 1018 2953 proponitur
1053 2882 1438 2953 peregrinam?
1501 2881 1814 2939 Tractnntes
1873 2904 1975 2942 auo

392 2958 528 3017 tem,
567 2958 671 3005 ctc.
718 2949 851 3006 Mss.
894 2949 1114 3021 ponitur
1144 2949 1526 3025 peregrinaris?
1560 2953 1849 3012 Tradentes
1877 2975 1977 3013 au-

381 3027 517 3085 tem,
550 3030 654 3075 etc.

460 3088 600 3166 Pas.
621 3089 851 3166 883._sic
876 3101 926 3145 et
949 3089 1130 3166 Iesus,
1162 3103 1256 3148 aut
1288 3094 1367 3149 ita
1387 3134 1402 3160 ,
1435 3096 1512 3149 sic
1539 3104 1589 3150 et
1621 3094 1832 3166 Filius,
1863 3106 1970 3155 etc.

542 3154 633 3214 ’δίο
663 3169 713 3282 ft
736 3158 894 3215 Jesus
914 3202 929 3230 ,
960 3173 1053 3216 aut
1080 3154 1191 3230 ita,
1214 3166 1292 3219 sic
1321 3177 1370 3220 et
1389 3154 1515 3238 ego,
1549 3175 1642 3221 aut
1671 3169 1783 3235 ita,
1815 3154 1893 3224 sic
1920 3154 1971 3226 et

386 3255 391 3263 -
446 3246 461 3282 ι
490 3245 596 3282 ms.
626 3245 656 3282 e
684 3244 736 3282 c.

384 3240 596 3294 nemus,
626 3240 736 3286 elc.

455 3299 598 3381 Ibid.
659 3310 709 3354 et
755 3299 865 3372 ipse
905 3308 1029 3356 tunc
1056 3303 1221 3369 terit,
1256 3312 1376 3360 etc.
1424 3305 1556 3361 Mss.
1608 3316 1733 3362 tunc
1767 3319 1817 3362 et
1864 3310 1975 3379 ipse

374 3378 513 3435 erit,
548 3380 655 3426 etc.
1468 3395 1479 3413 ι

460 3441 595 3495 Ibid.
630 3442 720 3511 qui
753 3440 983 3512 quinque
1015 3454 1359 3513 acceperant,
1391 3453 1499 3503 etc.
1530 3444 1666 3502 Mss.
1699 3449 1790 3519 qui
1816 3448 1974 3519 quin-

374 3525 485 3581 ique
511 3520 846 3581 acceperunt,
875 3522 982 3568 etc.

620 3579 844 3656 quiduo
868 3592 1067 3656 autem,
1089 3592 1205 3640 etc.
1226 3584 1355 3640 Mss.
1386 3587 1477 3656 qui
1512 3597 1696 3642 autem
1710 3588 1839 3654 duo,
1861 3597 1968 3645 etc.

454 3651 688 3732 II;id.~ne
713 3654 850 3722 forte
880 3654 1009 3723 quia
1030 3657 1215 3709 omnia
1240 3696 1256 3724 ,
1300 3651 1408 3712 ctc.
1450 3655 1582 3712 Mss.
1621 3673 1683 3712 ne
1712 3651 1971 3731 forte-qui

385 3731 589 3785 omnia,
616 3731 723 3777 ctc.

456 3790 592 3871 Ibid:
622 3795 700 3846 ad
729 3794 1123 3871 discretionem.
1155 3795 1294 3871 Boni
1325 3812 1526 3871 quoque
1546 3806 1597 3852 et
1626 3797 1681 3852 hi
1708 3801 1968 3871 suntqui,

385 3869 506 3944 etc.
537 3861 670 3944 Mss.
718 3864 788 3944 ad
816 3865 1187 3920 discretionem
1223 3861 1580 3939 boni-quoque
1612 3870 1827 3924 et'mali
1855 3861 1878 3937 ,’
1915 3861 1972 3924 hi

384 3941 507 3985 sunt
539 3941 650 3999 qui,
678 3942 785 3988 ctc.

455 3948 1045 4059 Ibitqirdtfdictamentum
1079 4006 1278 4076 accepit
1307 4007 1546 4076 virtutis,
1571 4008 1837 4066 elc.-Mss.
1871 4009 1970 4065 ad-

374 4071 739 4144 ditamentum
770 4075 963 4144 accipit
993 4071 1228 4141 virtutis,
1258 4087 1364 4132 etc.

456 4141 587 4222 Ifsg.
610 4142 737 4222 884Γ
773 4141 914 4222 quod
938 4146 1091 4222 habet
1117 4148 1248 4216 ipse.
1269 4146 1405 4222 Mss.
1419 4148 1559 4222 quod
1579 4148 1732 4222 habet
1756 4160 1804 4222 et
1835 4151 1966 4222 ipse.

454 4212 591 4267 Ibid.
620 4223 670 4267 et
695 4214 760 4268 de
783 4212 905 4270 illis
932 4212 1197 4286 dicimus,
1227 4226 1334 4272 etc.
1385 4212 1517 4274 M'ss.
1554 4230 1603 4273 et
1633 4221 1698 4274 de
1737 4212 1866 4276 illis'
1890 4222 1968 4276 di-

376 4297 578 4348 cemus,
613 4293 719 4339 etc.

450 4352 589 4430 Ibid.
612 4362 664 4430 et
696 4355 754 4408 in
784 4354 1097 4430 altitudines
1121 4359 1299 4428 posuit
1328 4360 1466 4430 ejus.
1503 4358 1636 4417 Mss.
1668 4369 1719 4416 et
1751 4361 1808 4416 in
1838 4360 1956 4417 alti-

372 4421 563 4494 tudine
590 4424 705 4493 ejus
727 4427 932 4494 posuit.

452 4491 586 4548 Ibid.
614 4491 832 4573 quidem
862 4507 1108 4573 operatus
1132 4499 1199 4552 sit
1227 4512 1276 4555 et
1306 4500 1568 4555 lucratus.
1589 4499 1967 4573 Mss-quidem

384 4571 437 4616 et
461 4574 706 4629 operatus
735 4566 806 4617 sit
841 4576 891 4619 et
920 4568 1161 4622 lucratus

416 4629 688 4757 biﬁda?
723 4634 839 4703 ipsa
854 4636 1203 4707 «defensione,
1234 4648 1340 4695 etc.
1374 4639 1504 4697 Mss.
1547 4643 1602 4697 in
1637 4642 1963 4714 ipsa-defos—

378 4717 542 4768 sto'ze,
576 4717 683 4757 ctc.

446 4772 583 4853 Ibid.
611 4784 661 4829 et
686 4776 873 4853 crediti
900 4790 1044 4835 sunt.
1073 4777 1166 4835 Sic
1195 4789 1249 4835 ct
1273 4779 1537 4837 mss.Scd
1570 4782 1855 4853 legendum
1882 4785 1963 4839 vi-

368 4843 559 4907 detur,
588 4854 637 4898 et
648 4847 869 4901 ert-dita
899 4861 1048 4905 sunt.

435 4915 582 4994 Ibid.
605 4919 753 4995 quod
782 4921 1014 4995 creditus
1046 4932 1153 4995 est:
1177 4920 1251 4975 Ita
1270 4929 1337 4977 'ct
1363 4936 1496 4977 mss.
1518 4922 1634 4978 Sed
1668 4924 1956 4995 legendum

377 4986 805 5058 etiamvidetur,
840 4990 981 5058 quod
1009 4992 1268 5045 creditum
1298 5003 1396 5047 est.

610 5070 822 5135 peregre
847 5053 1150 5135 profectus.‘
1164 5060 1294 5119 Mss.
1326 5079 1537 5135 peregre
1568 5063 1803 5132 futurus.

445 5122 580 5199 Ibid.
611 5122 862 5197 quoniam
888 5122 992 5183 non
1022 5131 1091 5184 ad
1122 5122 1405 5187 Dominum
1440 5122 1783 5199 uadum,ctc.
1813 5134 1945 5192 M53

370 5196 629 5269 quoniam!
653 5212 757 5251 non
782 5200 920 5253 servi
942 5202 1012 5254 ad
1040 5199 1328 5256 Dominum
1349 5205 1568 5269 vadunt,
1598 5196 1704 5258 etc.

445 5264 745 5341 Ibid._bona
769 5279 953 5323 autem
985 5283 1261 5341 operantes
1277 5315 1293 5340 ,
1316 5282 1429 5330 etc.
1458 5264 1589 5328 Mss.
1614 5275 1748 5327 bona
1769 5284 1953 5329 autem

371 5336 657 5404 operando,
685 5346 795 5395 etc.

442 5406 574 5485 I’ug.
602 5406 728 5463 885.
764 5410 844 5485 ad
871 5409 1145 5485 justitiam
1171 5451 1186 5475 ,
1225 5413 1371 5485 sicut
1393 5425 1455 5485 fet
1490 5416 1538 5469 ei
1564 5416 1655 5485 qui
1686 5417 1890 5469 audivit
1920 5432 1951 5467 a

370 5476 587 5549 domino
634 5493 774 5549 suo:
805 5476 961 5535 Serre
984 5482 1179 5549 fidelis.
1213 5482 1337 5537 Sine
1357 5484 1548 5547 dubio,
1572 5476 1680 5541 etc.
1712 5485 1841 5540 Mss.
1880 5487 1949 5537 ad

371 5546 659 5620 justitiam.
684 5548 775 5604 Sic
806 5559 855 5602 et
884 5551 933 5604 ei
956 5546 1047 5620 qui
1080 5552 1284 5606 audivit
1313 5569 1346 5605 a
1376 5553 1591 5609 domino
1622 5573 1716 5611 suo
1741 5572 1759 5608 :
1792 5556 1950 5610 Serve

371 5617 570 5685 fidelis,
605 5620 719 5673 sine
743 5620 925 5687 dubio,
959 5617 1064 5676 (te.

441 5686 573 5741 Ibid.
606 5700 653 5741 et
692 5705 754 5742 επ
780 5700 891 5743 tota
918 5699 1089 5745 mente
1121 5700 1234 5748 tua.
1274 5690 1404 5749 Mss.
1442 5704 1489 5747 et
1523 5711 1587 5749 ex
1612 5706 1725 5752 tota
1756 5700 1947 5752 virtute

368 5764 487 5809 tua.

371 5843 381 5851 ~-
442 5825 577 5878 Ibid.
602 5837 651 5949 et
682 5828 780 5882 alii
808 5842 978 5884 mores
998 5846 1202 5899 eorum,
1225 5842 1333 5890 etc.
1358 5831 1493 5892 Mss.
1517 5846 1565 5892 et
1594 5837 1689 5892 alii
1713 5839 1943 5896 minores

371 5907 570 5949 eorum.
598 5909 628 5949 ο
654 5912 704 5949 (ἶ.

369 5907 491 5945 eoru
501 5911 570 5953 III.
598 5907 704 5949 CIC.

1692 444 1922 501 V..RI.E
1965 438 2350 498 LECTIONES

3548 442 3685 494 αεὶῖιῧ

2166 565 2301 620 Ibid.
2331 576 2378 618 et
2411 563 2563 634 quasi
2576 563 2675 633 qui
2700 560 2918 628 sciebat,
2948 575 3049 617 ctc.
3075 557 3206 617 Mss.
3244 571 3290 614 et
3315 563 3437 631 quia
3464 563 3682 624 sciebat,

2096 645 2203 690 CIC.

2169 704 2303 759 Ibid.
2333 714 2382 758 et
2411 706 2783 763 metunturad
2805 708 2963 760 vitam
2997 715 3274 768 trternam,
3320 702 3469 756 metit
3507 701 3643 756 Deus
3662 747 3677 769 ,

2100 775 2197 829 Dei
2225 776 2361 828 enim
2394 783 2470 827 est
2495 779 2754 844 possessio
2783 776 2986 845 justus,
3015 783 3120 845 etc.
3151 772 3281 829 Mss.
3312 781 3361 825 et
3391 782 3680 843 metuntur,

2099 847 2167 901 ad
2199 846 2360 899 vitam
2387 843 2641 899 teternam
2684 843 2833 901 metit
2866 843 3042 899 Deus:
3086 843 3231 899 Deus
3276 845 3419 897 enim
3449 851 3527 897 est
3559 860 3684 912 pos-

2096 917 2259 969 sessio
2278 915 2439 984 justi,
2468 925 2575 970 etc.

2169 981 2299 1039 Ibid.
2334 994 2383 1039 et
2413 1002 2732 1056 congregans
2761 1000 2881 1056 qua
2909 1001 3011 1038 non
3044 984 3264 1054 sparsit.
3302 981 3433 1040 Mss.
3458 993 3524 1038 'et
3552 1002 3682 1041 con-

2095 1070 2316 1127 gregans
2342 1056 2441 1127 ubi
2470 1073 2574 1127 non
2605 1059 2824 1125 sparsit.

2166 1127 2295 1193 Pag.
2334 1124 2457 1179 886.
2510 1123 2641 1180 Nec
2667 1129 2804 1181 enim
2847 1124 3014 1179 bonus
3042 1123 3371 1193 huiusmodi,
3401 1132 3508 1181 ctc.
3542 1124 3677 1182 Mss.

2097 1193 2211 1248 Nec
2235 1195 2374 1248 enim
2406 1205 2485 1249 est
2516 1197 2681 1250 bonus
2708 1195 3037 1264 hujusmodi,
3072 1204 3179 1249 etc.

2165 1265 2303 1320 Ibid.
2332 1267 2421 1335 qui
2451 1268 2639 1320 iterum
2669 1263 2888 1336 festinat
2921 1264 3151 1332 salvare,
3178 1272 3285 1320 etc.
3317 1263 3452 1321 Mss.
3474 1265 3571 1336 qui
3596 1266 3681 1319 al-

2094 1345 2267 1389 terum
2293 1336 2508 1405 festinat
2540 1336 2766 1402 salvere,
2791 1345 2898 1392 etc.

2164 1403 2304 1459 Ibid.
2359 1406 2497 1460 sicut
2543 1406 2811 1471 Andreas,
2845 1405 3039 1460 Petrus
3066 1444 3080 1468 ,
3115 1403 3429 1474 Philippus,
3463 1403 3681 1459 Natha-

2072 1475 2243 1547 nael,
2281 1485 2401 1547 etc.
2430 1475 2560 1531 Mss.
2606 1477 2746 1532 sicut
2798 1476 3037 1531 Andreas
3079 1474 3336 1540 Petrum,
3393 1474 3676 1547 Philippus

2093 1544 2424 1611 Nathanael,
2456 1556 2563 1602 etc.

2165 1615 2636 1688 Ibid.accipitvad
2666 1617 2840 1688 ipsum
2874 1625 2925 1671 et
2957 1630 3024 1671 ea:
3057 1615 3257 1687 gratia,
3291 1624 3394 1672 etc.
3424 1613 3557 1672 Mss.
3587 1633 3678 1671 ac-

2090 1686 2481 1759 cipitidipsum
2510 1698 2561 1742 et
2586 1702 2650 1759 ea:
2679 1686 2879 1759 gratia,
2913 1696 3019 1759 et_c_.

2163 1756 2295 1811 Ibid.
2327 1754 2508 1811 Vaut-in
2535 1754 2791 1822 vei-inite,
2822 1768 2926 1812 etc.
2953 1754 3090 1814 Mss.
3121 1765 3215 1811 aut
3243 1756 3296 1810 in
3323 1756 3538 1825 virtute,
3563 1766 3672 1813 etc.
3760 1777 3765 1782 '

2162 1827 2296 1881 Ibid.
2352 1828 2518 1883 donec
2548 1827 2953 1895 intellexerunt,
2976 1838 3106 1884 -etc.
3132 1825 3286 1883 ~Mss.
3312 1827 3484 1883 donec
3524 1827 3674 1882 intel-

2086 1896 2333 1963 lexerint,
2359 1908 2464 1953 etc.

2157 1966 2292 2022 Ibid.
2327 1977 2378 2022 et
2407 1970 2581 2024 sedeat
2626 1984 2783 2039 super
2811 1970 2983 2025 sedem
3003 2009 3019 2037 ,
3039 1977 3173 2024 ~etc.
3204 1965 3354 2024 Mss.
3374 1977 3442 2024 τι
3473 1967 3671 2024 sedebit

2087 2053 2246 2108 super
2275 2040 2480 2106 sedem,
2505 2049 2611 2095 etc.

2122 2106 2290 2229 l'Pag.
2321 2108 2447 2163 887.
2479 2110 2733 2165 adcentus
2764 2109 2821 2165 in
2850 2110 3100 2181 gloriam.
3145 2106 3277 2164 Mss.
3303 2107 3582 2163 adventus
3609 2109 3667 2163 in

2143 2194 2282 2229 οντα.

2086 2193 2282 2248 gtorta.

2156 2247 2291 2304 Ibid.
2327 2264 2398 2301 an
2425 2250 2583 2303 etiam
2606 2250 2705 2304 hoc
2728 2266 2858 2319 opus
2882 2250 3064 2318 habet,
3092 2258 3197 2306 etc.
3235 2247 3366 2305 Mss.
3391 2249 3670 2305 autretiam

2084 2315 2182 2372 hoc
2215 2334 2352 2388 opus
2367 2319 2543 2388 habet,
2570 2329 2679 2375 etc.

2156 2388 2291 2444 Ibid.
2326 2387 2477 2461 Sicut
2503 2390 2641 2444 enim
2670 2388 2920 2461 fulgur...
2939 2400 2988 2461 et
3011 2389 3663 2460 propterea-quod...rpro-

2082 2467 2370 2532 ptereaque
2392 2459 2599 2530 ubique,
2629 2458 2736 2516 etc.
2757 2458 2897 2532 Mss.
2924 2458 3083 2532 Sicut
3108 2458 3231 2532 ergo
3262 2458 3668 2531 fulgur...tpro-

2081 2529 2439 2600 pter-quod...
2469 2529 2683 2600 propter
2708 2530 2847 2600 quod
2878 2530 3089 2600 ubique,
3114 2529 3221 2586 etc.

2155 2599 2307 2671 Ibid.
2333 2600 2424 2670 qui
2457 2599 2512 2654 in
2539 2599 2917 2671 forma’factus
2943 2599 3059 2668 est,
3093 2611 3201 2657 etc.
3246 2600 3380 2655 Mss.
3410 2600 3502 2670 qui
3528 2611 3578 2655 ct
3610 2603 3667 2655 in

2083 2668 2258 2740 forma
2280 2668 2453 2740 factus
2473 2668 2570 2726 est.

2134 2737 2290 2795 ilbid.
2321 2741 2448 2811 quia
2477 2756 2664 2810 aspera
2710 2750 2762 2797 et
2803 2741 2942 2796 dura
2991 2757 3126 2796 saxa
3173 2741 3313 2796 male
3347 2742 3663 2801 ascendunt.

2079 2807 2211 2881 Mss.
2243 2807 2344 2881 qui
2360 2807 2552 2881 aspera
2574 2822 2622 2866 et
2651 2811 2791 2865 dura
2822 2828 2956 2866 saxa
2989 2812 3126 2867 male
3156 2816 3471 2866 ascendunt.

2126 2878 2282 2954 οΡος.
2313 2878 2438 2954 888.
2467 2881 3233 2954 adepositione-mundi.Mss.
3259 2899 3292 2937 a
3318 2883 3666 2952 dispositione

2078 2950 2301 3023 mundi,
2338 2950 2433 3023 sed
2464 2952 2519 3005 in
2548 2950 2904 3023 sequentibus
2937 2952 3142 3023 ubique
3173 2950 3504 3022 depositione
3525 2993 3541 3020 ,
3569 2955 3662 3008 de-

2063 3022 2290 3105 positio,
2313 3020 2572 3105 deposita,
2604 3020 2714 3104 etc.

2151 3087 2288 3164 Ibid.
2334 3087 2415 3146 sic
2440 3087 2820 3163 non'possibile
2839 3130 2855 3159 ,
2886 3106 2994 3149 etc.
3029 3087 3162 3148 Mss.
3193 3094 3271 3147 sic
3302 3109 3408 3148 non
3433 3103 3510 3149 est
3525 3108 3664 3164 .pos-
3762 3100 3781 3111 ‘

2078 3162 2254 3230 sibite,
2276 3170 2384 3218 etc.

2144 3232 2283 3288 Ibid.
2319 3230 2546 3287 Necesse
2575 3240 2655 3287 est
2682 3250 2802 3289 eum
2835 3242 2884 3287 et
2925 3242 3317 3303 quaestuosum,
3365 3243 3473 3290 etc.
3522 3232 3658 3290 Mss.

2078 3305 2304 3361 Necesse
2319 3309 2407 3374 _est
2426 3304 2566 3374 enim
2587 3314 2638 3357 et
2665 3314 3045 3374 quaestuosum,
3069 3312 3175 3360 etc.

2122 3371 2450 3444 Ibid-Item
2473 3371 2751 3428 Christum
2786 3374 3042 3444 algentem
3069 3374 3296 3429 teximus
3327 3374 3657 3430 vestimento.

2075 3444 2216 3516 Mss.
2244 3444 2377 3516 Item
2411 3443 2624 3516 Christo
2647 3443 2856 3516 algenti:
2875 3444 3101 3516 labimus
3125 3446 3515 3516 vestimentum.

2144 3514 2282 3596 Ibid.
2331 3512 2721 3582 confirmantur
2752 3514 3004 3585 inﬁrmis.
3034 3512 3217 3584 Lege,
3248 3515 3659 3584 coinfirmantur

2073 3601 2325 3640 υιηνηηδ.

2128 3586 2417 3726 ςέὲἷὲὃῼ.
2448 3654 2821 3723 confirmantes
2849 3655 3248 3726 refrigeramus.
3271 3655 3400 3711 Mss.
3418 3656 3656 3725 eoin/ir-

2073 3736 2278 3780 montes
2306 3724 2759 3794 refrigeravimus.

2124 3795 2280 3850 Ibid.
2315 3793 2466 3848 obliti
2489 3810 2675 3848 eorum
2701 3810 2820 3864 qua:
2836 3804 3050 3866 gerunt.
3082 3793 3233 3850 Mss.
3275 3796 3428 3851 obliti
3464 3812 3656 3851 eorum

2071 3882 2190 3937 qua:
2217 3874 2431 3935 egerunt

2122 3933 2279 3991 «Ibid.
2309 3944 2358 3988 et
2385 3935 3026 4006 quasi-elongames,~etc.
3042 3933 3376 4006 Mss-quasi
3402 3937 3657 4005 elongau-

2073 4015 2171 4069 188,
2195 4016 2300 4061 εις.

2126 4076 2278 4131 Ibid.
2325 4085 2392 4129 ut
2437 4076 2578 4129 dicat
2610 4076 2679 4130 ad
2717 4092 2848 4143 nos,
2897 4086 3002 4132 etc.
3037 4075 3184 4131 Mss.
3221 4086 3295 4131 ~ut
3341 4078 3554 4131 dicatur
3582 4080 3654 4132 ad

2072 4162 2188 4212 nos,
2214 4157 2320 4200 etc.

2124 4216 2280 4288 «Ibid.
2307 4215 2513 4288 etcfiunt
2539 4215 2641 4285 ﬁfii
2666 4214 2802 4284 ejus.
2824 4214 2957 4288 Mss.
2990 4226 3040 4271 ct
3068 4216 3201 4286 fiunt
3235 4217 3410 4288 angeli
3438 4217 3575 4286 ejus.

2142 4286 2272 4357 Pag.
2306 4287 2432 4342 890.
2470 4285 2726 4356 Infirmus
2753 4287 2855 4357 fui,
2882 4288 2960 4340 sic
2990 4299 3037 4342 et
3070 4285 3356 4343 incarcere
3375 4285 3483 4356 fui.
3512 4289 3649 4347 Mss.

2058 4356 2103 4413 '1
2108 4356 2329 4428 nﬁrmus
2342 4364 2404 4428 _e_t
2433 4359 2488 4410 in
2515 4371 2724 4428 carcere
2749 4356 2850 4425 fui.

2138 4424 2275 4482 Ibid.
2330 4424 2475 4480 Nam
2518 4424 2755 4496 abusiue’
2787 4427 2996 4496 quidem
3038 4443 3237 4481 nomen
3282 4429 3549 4484 credentes
3590 4430 3650 4484 in

2070 4498 2284 4554 Christo
2304 4537 2319 4563 ,
2358 4504 2479 4568 etc.
2515 4494 2649 4551 Mss.
2684 4494 2830 4549 Nam
2863 4497 3078 4551 abusive
3103 4498 3309 4568 quidem
3336 4513 3513 4555 omnes
3543 4516 3652 4555 cre-

2066 4570 2249 4623 dentes
2272 4570 2326 4620 in
2355 4566 2588 4632 Christo,
2613 4576 2718 4622 etc.

2139 4639 2279 4711 Ibid.
2324 4638 2621 4711 discedente
2655 4637 2720 4690 ab
2762 4654 2827 4711 eo
2865 4638 3076 4711 diabolo
3122 4655 3284 4711 usque
3312 4640 3382 4693 ad
3419 4652 3642 4711 tempus.

2066 4708 2197 4781 Mss.
2226 4709 2526 4781 discedente
2552 4707 2618 4761 ab
2656 4723 2732 4781 eo
2750 4709 2930 4778 utique
2954 4710 3167 4781 diabolo
3188 4707 3261 4762 ad
3293 4719 3519 4781 tempus.

2134 4779 2270 4834 Ibid.
2303 4788 2583 4848 postquam
2609 4779 2930 4833 traderetur.
2967 4779 3098 4834 Mss.
3124 4779 3437 4850 priusquam
3468 4783 3646 4836 trade-

2063 4859 2227 4905 retur.

2124 4918 2261 4990 'Pag.
2294 4918 2419 4978 89L
2458 4921 2593 4973 sicut
2624 4918 3028 4975 arbitrabantur
3050 4919 3292 4990 quidam.
3336 4919 3472 4976 Mss.
3502 4923 3639 4976 sicut

2060 4991 2391 5062 arbitrantur
2418 4992 2658 5062 quidam.
2841 5060 2847 5062 _
2974 4999 2984 5009 '

2128 5061 2265 5116 Ibid.
2296 5058 2439 5115 illud
2467 5060 2710 5115 succidat
2731 5060 3036 5131 antiquum.
3071 5058 3203 5116 Mss.
3233 5061 3371 5115 illud
3392 5061 3643 5115 succida-

2058 5140 2148 5184 tur
2176 5134 2474 5201 antiquum.

2053 5270 2093 5323 Γ
2130 5202 2262 5256 Ibid.
2305 5198 2450 5271 quod
2501 5203 2656 5255 unico
2702 5198 2850 5254 Filio
2869 5211 3022 5269 ,‘etc.
3071 5200 3202 5257 Mss.
3231 5203 3325 5272 qui
3349 5202 3503 5255 unico
3538 5199 3637 5254 Fi-

2077 5288 2146 5323 I0.
2181 5281 2289 5323 etc.

2077 5288 2146 5334 ιο,
2181 5281 2289 5326 etc.

2125 5340 2259 5395 Ibid.
2313 5351 2488 5411 egerat
2541 5342 2899 5411 fundatorem.
2968 5343 3101 5399 Mss.
3147 5353 3325 5412 egerat
3382 5341 3633 5397 Salvato-

2053 5428 2161 5465 rem
2169 5452 2181 5465 .

2123 5480 2259 5536 Ibid.
2291 5491 2344 5555 et
2371 5482 2657 5555 audientis.
2695 5482 2855 5555 Lege,
2880 5496 2930 5538 et
2952 5484 3205 5555 fodientis.

2120 5557 2264 5624 Pax.
2284 5552 2409 5624 892.
2450 5553 2612 5607 habeo
2638 5552 2892 5624 quid‘tibi
2924 5554 3115 5608 dicere.
3147 5554 3279 5610 Mss.
3317 5555 3484 5609 habeo
3517 5552 3629 5609 ali-

2049 5622 2175 5692 quid
2202 5621 2299 5675 tibi
2322 5625 2515 5677 dicere.

2120 5692 2255 5747 Ibid.
2289 5703 2339 5747 et
2369 5693 2614 5764 cognatio
2658 5694 2904 5762 quazdam
2936 5695 3000 5747 de
3027 5693 3263 5751 muliere.
3296 5695 3431 5752 Mss.
3461 5703 3510 5748 et
3537 5708 3632 5750 co-

2046 5765 2228 5834 gnatio
2260 5765 2507 5834 quwdam
2533 5764 2740 5819 ridetur
2764 5765 2829 5819 de
2855 5766 3093 5819 muliere.

2116 5833 2250 5888 Ibid.
2294 5835 2343 5888 si
2385 5833 2564 5889 Maria
2610 5837 2727 5905 ipsa
2761 5846 2911 5907 erat,
2951 5848 3054 5893 etc.
3104 5835 3233 5895 Mss.
3262 5837 3309 5892 si
3339 5835 3520 5893 Maria
3557 5841 3642 5896 hic

2045 5906 2158 5974 ipsa
2185 5916 2321 5967 erat.
2351 5915 2457 5960 etc.
