4132 6444
420 399 550 453 I937

486 505 617 577 Ρη.
644 504 770 561 892.
804 507 859 560 in
891 522 992 560 uno
1015 507 1272 575 capitulo.
1315 506 1448 564 Mss.
1486 510 1540 562 in
1573 525 1634 562 eo
1666 514 1925 577 capitulo.

486 575 621 630 Ibid.
649 586 697 630 et
723 594 823 630 non
850 578 1032 640 simul,
1061 586 1150 631 sed
1183 577 1388 646 Maria,
1421 588 1529 633 etc.
1558 578 1691 634 Mss.
1719 575 1770 633 et
1797 595 1903 632 non
1925 576 2006 633 Si-

418 663 560 710 mon,
592 646 683 701 sea‘
713 646 911 712 Maria,
945 659 1050 703 etc.

490 718 628 772 Ibid.
667 729 725 770 ut
752 718 969 788 quidam
1017 734 1199 772 eorum
1229 720 1580 776 mentiantur.
1634 718 1765 775 Mss.
1798 730 1853 774 ut
1883 718 2004 789 qui-

416 787 542 842 dam
574 787 945 841 eorumetiam
980 789 1327 842 mentiantur.

490 857 777 929 I’agt893.
810 867 866 911 ut
892 859 1178 913 secundum
1226 860 1500 914 veritatem
1540 868 1788 914 enarreut
1833 858 2005 911 histo-

417 929 531 982 riae.
576 927 721 983 Mss.
758 938 813 981 ut
847 929 1133 982 secundum
1174 931 1451 985 veritatem
1499 930 1737 985 historia:
1782 945 2006 983 enarra-

417 1008 552 1052 rent.

488 1068 623 1122 Ibid.
663 1065 917 1123 Forsitan
950 1084 1042 1138 per
1069 1068 1425 1138 di]]'crentias,
1448 1078 1554 1126 etc.
1589 1069 1717 1125 Mss.
1746 1067 2008 1123 Forsitan

416 1154 542 1206 ergo
570 1154 663 1206 per
696 1138 1049 1207 di/ferentias,
1082 1148 1190 1194 etc.

489 1207 627 1281 Ibid.
670 1208 1249 1281 sedobedientialiter,
1300 1227 1407 1265 non
1452 1210 1701 1281 spiritus.
1748 1207 1881 1264 Mss.
1917 1207 2007 1262 sed

417 1278 732 1350 obedientite
764 1279 988 1346 litterae,
1016 1295 1121 1332 non
1156 1282 1401 1350 spiritus.

492 1347 624 1421 Ibid.
649 1349 902 1421 Simonis
920 1350 1145 1421 quidem
1170 1347 1219 1404 et
1247 1352 1504 1421 alicujus,
1539 1361 1646 1407 etc.
1676 1348 1809 1407 Mss.
1840 1347 2008 1404 Simo-

420 1418 507 1490 nis
531 1418 740 1488 quidem
767 1418 1019 1489 alicujus,
1049 1429 1181 1485 ete.,
1210 1418 1418 1490 absque
1445 1432 1519 1481 et.

492 1488 627 1543 Ibid.
666 1488 1025 1545 remissionem
1045 1506 1249 1547 eorum.
1280 1488 1412 1548 Mss.
1440 1492 1798 1547 remissionem
1823 1506 2011 1561 pecca«

421 1569 619 1615 torum.

657 1647 750 1685 nec
781 1631 938 1684 nardi
965 1630 1192 1694 pisticre.
1220 1631 1349 1689 Mss.
1378 1649 1469 1687 nec
1499 1631 1657 1687 nardi
1685 1632 1887 1703 pistici.

492 1698 633 1773 Ibid.
660 1702 785 1771 quia
816 1703 1123 1755 conveniens
1164 1713 1278 1756 erat
1321 1720 1480 1773 super
1500 1742 1516 1769 ,
1554 1715 1660 1759 etc.
1685 1698 1849 1759 'Mss.
1881 1700 2009 1773 quia

420 1772 729 1824 conveniens
759 1780 875 1826 erat
902 1781 958 1824 ut
986 1788 1172 1839 super,
1197 1782 1302 1829 etc.

493 1839 621 1907 I’ag.
650 1840 960 1915 89-b._tt0bt's
989 1843 1223 1915 dicatur,
1254 1845 1383 1915 quia
1408 1860 1627 1915 semper
1645 1842 1877 1912 quidem,
1901 1851 2006 1896 etc.

424 1911 555 1970 Mss.
592 1912 740 1984 nobis
768 1912 1013 1976 dicatur,
1060 1914 1185 1982 quia
1214 1911 1408 1969 bonum
1436 1911 1566 1984 opus
1600 1911 1823 1983 fecimus
1852 1927 2010 1981 super

422 1995 579 2056 caput
597 1983 798 2056 ipsius,
830 1984 955 2052 quia
979 1998 1182 2052 semper
1207 1986 1443 2056 quidem,
1471 1983 1582 2040 etc.

495 2052 631 2134 Ibid.
680 2062 729 2106 et
777 2052 1316 2109 ronsnrreximus‘ei.
1367 2054 1498 2110 Mss.
1534 2065 1583 2109 et
1611 2054 2010 2109 conresurrexi-

425 2139 541 2176 81188
565 2140 635 2177 ει.

496 2192 630 2247 Ibid.
657 2210 813 2262 super
837 2204 997 2265 caput
1022 2195 1154 2264 ejus.
1193 2193 1324 2251 Mss.
1352 2213 1413 2250 su
1453 2212 1510 2249 er
1532 2205 1689 2264 caput
1715 2194 1867 2249 Iesu.

501 2262 636 2319 Ibid.
669 2264 880 2319 diﬂicile
924 2278 1003 2319 est
1045 2264 1336 2319 explicare.
1388 2212 1522 2319 bi’ss.
1563 2266 1774 2319 didicile
1799 2281 1867 2319 au

501 2262 1003 2387 Ibid.rdiﬂicile'est
1045 2262 1336 2335 explicare.
1388 2262 1522 2322 Mss.
1563 2262 1774 2335 d'iﬂicile
1799 2264 2010 2336 quidem

533 2350 632 2387 exp
659 2351 824 2387 utare.

423 2344 498 2387 est
533 2344 824 2401 explicare.

500 2404 634 2461 Ibid.
669 2405 820 2459 aliud
845 2405 986 2476 quod
1012 2422 1138 2472 non,
1163 2417 1271 2462 etc.
1322 2406 1461 2463 Mss.
1485 2405 1637 2461 aliud
1665 2417 1846 2461 autem
1867 2403 2010 2475 quod

424 2494 550 2543 non,
579 2485 684 2531 etc.

502 2544 636 2601 Ibid.
672 2562 763 2599 rex
783 2586 797 2610 ,
836 2556 1058 2617 peccata
1103 2557 1220 2615 tua,
1254 2556 1361 2604 etc.
1394 2546 1525 2604 Mss.
1561 2561 1652 2601 rex
1673 2586 1687 2612 ,
1720 2554 1769 2601 et
1794 2555 2010 2616 peccata

425 2630 543 2680 tua,
564 2625 672 2672 etc.

496 2686 633 2744 Ibid.
668 2688 760 2741 sed
789 2688 844 2742 in
872 2687 986 2743 illo.
1025 2684 1158 2746 Mss.
1197 2688 1290 2745 sed
1318 2697 1367 2743 et
1400 2688 1456 2742 in
1486 2687 1603 2742 illo.

498 2758 632 2813 Ibid.
667 2757 730 2811 Et
762 2760 858 2812 hoc
885 2774 1011 2828 opus
1045 2769 1123 2815 est
1156 2759 1455 2830 propriunt,
1483 2768 1588 2814 etc.
1622 2756 1755 2814 Mss.
1821 2755 1888 2811 Et
1915 2757 2012 2813 hoc

424 2842 502 2885 est
531 2844 662 2899 opus
684 2830 979 2899 proprium,
1008 2839 1116 2884 etc.

498 2898 635 2956 Ib.d.
662 2898 836 2955 Judus
860 2898 1090 2956 Scariot.
1120 2899 1252 2956 Mss.
1269 2899 1442 2956 Iudas
1462 2898 1766 2955 Scariotha.

504 2969 640 3026 Ibid.
668 2968 803 3041 Cum
828 2971 937 3041 sint
969 2987 1093 3041 ergo
1127 2972 1232 3025 duo
1258 2971 1529 3041 discipuli,
1560 2980 1665 3025 etc.
1698 2969 1829 3025 Mss.
1876 2967 2011 3025 Cum

428 3041 540 3097 sint
572 3040 831 3111 ergoﬂduo
866 3040 1067 3111 Christi
1096 3042 1366 3111 discipuli,
1391 3052 1497 3096 etc.

502 3108 648 3166 Ibid;
690 3110 955 3165 Existimo
999 3110 1132 3181 duos
1177 3108 1467 3181 discipulos
1495 3109 1670 3166 ludas
1691 3151 1707 3178 ,
1741 3118 1847 3166 etc.
1878 3108 2009 3166 Mss.

429 3183 637 3237 .cstimo
669 3181 801 3235 duos
832 3183 963 3235 istos
994 3180 1191 3248 ludas,
1223 3180 1327 3237 etc.

500 3251 632 3324 I’ag.
662 3251 786 3306 895.
818 3252 1009 3324 Λιιρἰπί
1032 3253 1400 3324 quemdam...
1441 3249 1766 3324 liebraicam
1788 3249 2017 3324 ηψπο-

431 3318 608 3378 catum
636 3324 834 3394 vocari.
893 3318 1022 3378 Mss.
1043 3318 1243 3377 'Audivi
1291 3324 1622 3394 aliquem....
1665 3318 2015 3387 Hebraicant,

428 3402 481 3447 et
509 3392 897 3463 exsuﬁ'ocatam
933 3395 1130 3448 vocari.

503 3458 942 3518 IbitI."Volebant
986 3464 1128 3517 enint
1172 3464 1445 3535 accipere,
1495 3471 1600 3519 etc.
1630 3460 1760 3519 Mss.
1800 3459 2018 3517 Volebat

432 3545 615 3590 autem
640 3535 896 3605 accipere,
923 3542 1030 3605 etc.

503 3605 640 3660 Ibid.
670 3601 896 3659 Verbum
927 3604 1021 3658 Dei
1046 3605 1264 3660 tradunt
1285 3612 1334 3659 et
1360 3613 1720 3659 contemnunt.
1745 3601 1875 3660 Mss.
1896 3601 2022 3658 Ver-

431 3677 576 3746 bupt
597 3674 690 3746 Dei
720 3685 1085 3746 contemnunt,
1112 3686 1167 3746 et
1193 3676 1345 3746 quasi
1371 3675 1615 3746 tradunt.

502 3742 639 3800 Ibid.
691 3744 1007 3813 transgressi
1060 3742 1253 3798 verbi:
1288 3743 1430 3808 Quid
1476 3743 1678 3810 vultis,
1730 3753 1839 3799 etc.
1882 3742 2015 3799 Mss.

431 3815 748 3883 transgressi
776 3812 914 3868 verbi
944 3812 1045 3866 Dei
1071 3828 1092 3868 :
1124 3812 1265 3881 Quid
1289 3814 1469 3877 vultis,
1496 3824 1602 3869 etc.

505 3883 639 3956 Ibid.
683 3885 753 3938 At
783 3883 867 3938 illi
892 3893 1192 3956 statuerunt
1237 3884 1556 3956 eiqtriginta
1608 3893 1847 3940 stateres.
1886 3883 2016 3942 Mss.

440 3951 616 4026 Atilii
637 3963 936 4009 statuerunt
963 3955 1010 4008 ei
1040 3954 1167 4008 dare
1191 3951 1425 4026 trigintti
1445 3964 1686 4026 stateres.

505 4024 642 4081 Ibid.
694 4041 957 4081 annorum
1000 4023 1283 4096 erogaret,
1308 4034 1414 4081 etc.
1446 4023 1579 4084 Mss.
1625 4040 1889 4080 annorum
1913 4063 1929 4091 ,
1960 4035 2019 4081 ut

432 4106 693 4167 erogaret,
723 4108 827 4152 etc.

509 4163 641 4223 Ibid.
669 4178 942 4239 erogatum
972 4178 1049 4239 est
1076 4167 1238 4224 etiant
1260 4163 1551 4238 zEgyptiis.
1585 4165 1716 4223 Mss.
1746 4175 2022 4238 erogatum

437 4250 526 4311 est
546 4238 911 4311 autemetiam
935 4238 1231 4311 Aigyptiis.

509 4307 644 4365 Ibid.
678 4308 948 4364 Christum
982 4306 1148 4365 Deum
1181 4308 1428 4377 Verbum,
1451 4317 1557 4366 etc.
1582 4307 1715 4366 Mss.
1747 4306 2021 4366 Christum

441 4379 658 4436 Domini
705 4379 952 4446 Verbum,
990 4392 1096 4438 etc.

510 4450 649 4505 Ibid.
685 4461 888 4522 tempus
915 4452 1172 4522 patiendi,
1202 4463 1307 4510 etc.
1336 4450 1499 4524 Lege,
1525 4461 1725 4523 tempus
1753 4452 2021 4523 pariendi,

435 4529 543 4574 etc.

510 4590 646 4714 Ilqd.
692 4600 750 4645 ut
800 4591 1179 4647 manducemus
1209 4595 1430 4664 pascha.
1465 4591 1600 4649 Mss.
1650 4601 1706 4648 ut
1736 4593 2022 4652 manduces

510 4679 562 4714 SC
581 4679 653 4714 IlI.

472 4679 653 4717 ascita.

436 4678 653 4790 paiiiiii:
697 4731 788 4788 Sic
830 4751 953 4804 ergo
984 4742 1202 4804 apparet
1230 4733 1372 4806 quod
1397 4751 1527 4800 una,
1567 4742 1674 4790 etc.
1706 4732 1837 4792 Mss.
1867 4734 2020 4793 Sicut

435 4819 560 4874 ergo
590 4817 828 4873 apparet.
861 4822 990 4870 una,
1023 4816 1127 4859 etc.

510 4875 643 4929 Ibid.
676 4876 952 4947 immolare
979 4874 1175 4947 pascha
1203 4890 1537 4945 azymorum,
1557 4886 1606 4930 et
1630 4877 1842 4947 quando
1866 4894 2023 4947 opor-

440 4945 616 5018 tebat,
643 4956 748 5002 etc.
803 4946 934 5018 Mss.
985 4945 1261 5001 immolare
1308 4948 1542 5016 pascha,
1590 4945 1651 5002 et
1682 4945 2017 5018 azymorum,

437 5016 650 5087 quando
679 5017 972 5087 Oportebat,
1010 5027 1114 5072 etc.

445 5118 451 5124 -
511 5086 642 5156 Pag.
675 5086 800 5143 896.
849 5088 940 5159 qui
970 5087 1090 5141 tulit
1116 5098 1409 5158 peccatum,
1461 5098 1564 5144 etc.
1598 5087 1727 5144 Mss.
1760 5088 2023 5160 qui..to!lit

437 5170 736 5227 peccatum,
766 5171 872 5215 etc.

514 5226 648 5302 Ibid.
686 5241 735 5284 et
762 5233 1068 5298 veritatem,
1103 5243 1152 5286 et
1178 5248 1242 5285 0-.-
1268 5246 1329 5285 ne
1359 5230 1496 5302 quod
1523 5241 1632 5297 est,
1663 5240 1769 5285 etc.
1803 5228 1934 5285 Mss.
1972 5238 2022 5283 et

439 5301 741 5372 veritatem,
761 5314 811 5357 et
843 5318 1049 5372 pacem,
1084 5313 1131 5359 et
1164 5320 1315 5358 omne
1339 5301 1477 5372 quod
1503 5312 1599 5365 est,
1634 5312 1740 5355 etc.

514 5369 784 5445 Ibid.,non
813 5369 1228 5445 qualiscunque,
1276 5369 1578 5442 cognitum,
1612 5383 1719 5427 etc.
1749 5370 1882 5428 Mss.
1919 5386 2023 5433 non

438 5439 897 5515 qualibuscunq'ue
922 5439 1214 5515 cognitum,
1244 5439 1347 5499 etc;

516 5510 650 5586 Ibid.
687 5512 774 5586 ubi
799 5510 919 5586 cum
945 5510 1225 5586 discipulis
1258 5514 1603 5582 manducent,
1637 5522 1744 5570 etc.
1775 5512 1903 5569 Mss.
1936 5510 2025 5566 ubi

438 5596 562 5653 eum
586 5583 863 5653 discipulis
897 5587 1025 5641 meis
1056 5583 1390 5651 manducent,
1417 5598 1527 5646 etc.

510 5652 648 5726 Ibid.
680 5652 933 5709 ascendat
967 5655 1519 5726 locumsuperiorem,
1546 5664 1653 5711 etc.
1688 5654 1823 5713 Mss.
1858 5664 2029 5713 osten-

440 5722 535 5777 dat
564 5723 737 5779 locum
763 5726 1110 5793 superiorem,
1139 5722 1248 5783 etc;

515 5794 651 5849 Ibid.
687 5806 916 5855 stratum
966 5797 1112 5857 illius
1156 5808 1423 5855 ortiatum.
1468 5796 1599 5857 Mss.
1643 5807 1843 5855 stratus
1878 5797 2065 5855 illius.

440 5876 712 5925 ornatum.

1304 397 1394 450 AI)
1432 394 1759 452 ORIGENIS
1797 392 2162 449 COMMENT.
2208 392 2273 448 IN
2313 392 2757 451 MATTIIIEUM.

3568 384 3707 457 πλῡέ

2188 506 2325 580 Ib'id.
2374 506 2541 580 latere
2570 508 2727 577 quasi
2753 507 3052 580 hominem.
3113 508 3218 575 Qui
3243 516 3521 580 postquam
3549 511 3705 576 vidit,

2112 586 2220 699 (tite.
2250 575 2381 699 hiis.
2408 575 2760 639 latere-quasi
2801 579 3065 634 hominem
3105 575 3284 651 quid:
3318 575 3593 652 postquam
3627 575 3706 637 vi?

2152 660 2212 699 tt.
2245 662 2275 699 e
2338 688 2352 699 .

2152 648 2212 709 it,
2245 655 2352 703 etc.

2181 717 2314 792 Ibid.
2348 720 2440 789 qui
2459 721 2815 792 prtecognitus
2837 731 2970 792 esset
2992 720 3255 789 proditor.
3287 720 3420 777 Mss.
3452 719 3544 792 qui
3563 737 3705 791 prte-

2111 790 2350 862 cognitus
2396 800 2510 843 erat
2560 791 2822 862 proditor.
2884 791 3110 851 Deinde.
3145 802 3423 861 propterea
3453 790 3594 862 quod
3618 794 3705 846 di-

2111 867 2253 932 ctu_m
2287 858 2463 932 fuerat
2488 858 2585 915 eis.
2646 860 2778 917 Mss.
2808 871 3023 932 propter
3055 858 3195 932 quod
3224 858 3427 915 dictum
3456 858 3572 915 erat
3601 865 3695 917 eis.

2169 926 2312 1051 Eas.
2340 928 2466 985 897.
2493 940 2543 987 et
2566 926 2817 986 servituti
2842 926 3044 1003 redigo.
3067 926 3207 1003 Mss.
3234 943 3283 986 et
3316 934 3372 985 iu
3396 933 3701 987 servitutem

2210 1015 2316 1051 tuo.

2112 1014 2316 1054 reatuo.

2349 1069 2663 1142 conﬁdentis
2693 1071 2923 1126 hominis
2972 1073 3176 1141 in/irmi
3221 1080 3297 1127 est
3323 1082 3558 1142 propter,
3590 1082 3698 1129 etc.

2110 1137 2256 1213 Ms_s_._
2274 1137 2587 1213 conﬁcientis
2616 1154 2663 1195 et
2689 1142 2835 1211 ﬁrmi
2863 1137 3092 1197 hominis
3119 1155 3196 1198 est
3228 1137 3606 1213 proptertetc.

2155 1208 2321 1292 .Ibid.
2349 1208 2420 1262 Et
2445 1215 2583 1279 quod
2613 1208 2909 1292 proponens
2941 1215 3058 1284 quis
3079 1255 3094 1281 ,
3127 1208 3237 1269 etc;
3270 1208 3399 1269 Mss.
3463 1212 3532 1266 Et
3564 1229 3698 1285 quo-

2111 1282 2259 1353 niam
2283 1294 2578 1353 proponens
2610 1282 2750 1353 quis,
2782 1293 2890 1337 etc.

2110 1420 2150 1474 Γ
2181 1350 2321 1432 Ibid.
2372 1367 2406 1405 a
2437 1350 2711 1422 proposito
2762 1353 2989 1407 meliori.
3031 1352 3165 1410 Mss.
3203 1354 3267 1409 de
3295 1353 3565 1424 proposito
3592 1370 3703 1407 me—

2133 1437 2259 1474 tort.
3525 1440 3553 1467 ·.

2133 1437 2259 1475 801³8.
3525 1440 3553 1467 ‘.

2180 1491 2319 1545 Ibid.
2349 1489 2744 1549 considerantes
2771 1511 2834 1548 ne
2867 1504 2917 1548 et
2954 1511 3042 1549 vos
3075 1493 3365 1549 teutemini.
3408 1492 3536 1549 Mss.
3567 1510 3702 1547 con-

2111 1561 2355 1615 siderans
2383 1577 2446 1615 ne
2472 1572 2522 1617 et
2559 1573 2615 1617 tu
2645 1566 2883 1618 tenteris.

2182 1631 2318 1704 Ibid.
2353 1631 2463 1704 idat
2511 1633 2791 1704 discipulis
2821 1635 2886 1689 de
2915 1633 3083 1700 Iuda,
3116 1644 3223 1691 etc.
3254 1633 3386 1690 Mss.
3422 1634 3514 1687 dat
3538 1634 3703 1688 disci-

2110 1702 2251 1772 pulis
2278 1703 2390 1756 suis
2418 1702 2481 1756 de
2509 1700 2679 1769 Iuda,
2707 1714 2813 1759 etc.

2182 1771 2333 1846 lbid_._
2361 1772 2913 1846 quibttshmagistrum
2945 1791 3066 1828 cunt
3095 1774 3212 1829 cibo
3250 1774 3449 1846 divina:
3492 1790 3704 1846 meum,

2110 1852 2217 1899 etc.
2287 1841 2417 1898 Mss.
2473 1844 2662 1914 quibus
2685 1841 3025 1916 'ntagistrum
3070 1855 3122 1900 et
3184 1845 3462 1898 concibant
3511 1844 3709 1901 divinae

2115 1929 2330 1977 menste,
2370 1923 2478 1969 etc.

2184 1981 2319 2059 Ibid.
2350 1993 2399 2066 et
2435 1983 2505 2037 ad
2529 1985 2766 2066 eumdem
2793 1995 2977 2066 potum
2998 1985 3282 2066 sanguinis
3314 1984 3453 2054 ejus.
3496 1983 3626 2040 Mss.
3651 1995 3709 2039 et

2115 2054 2450 2126 ad‘euntdem
2487 2056 2737 2124 poculum
2762 2054 3038 2126 sanguinis
3068 2054 3205 2125 ejus.

2188 2122 2323 2179 Ibid.
2372 2140 2466 2178 nos
2488 2122 2723 2195 quidem
2751 2126 2815 2180 ab
2845 2122 3151 2195 Iiujusmodi
3186 2142 3281 2179 nos
3316 2124 3703 2180 abstineamus.

2117 2194 2246 2250 Mss.
2278 2210 2372 2248 nos
2400 2194 2609 2265 quidem
2632 2195 2698 2250 ab
2729 2194 3035 2265 Itujusmodi
3068 2196 3414 2250 abstinemus.

2115 2334 2154 2390 J
2191 2266 2327 2390 ἔγω.
2358 2264 2619 2336 principis
2650 2264 2822 2322 tribus
2863 2266 3030 2322 Juda.
3091 2265 3224 2322 Mss.
3250 2266 3492 2336 princeps
3538 2266 3707 2321 tribus

2157 2354 2190 2390 ιι
2234 2354 2287 2390 a.

2157 2354 2226 2391 tta
2234 2354 2287 2392 ιι.

2192 2406 2326 2462 Ibid.
2360 2406 2649 2461 secundum
2671 2407 2863 2462 siclum
2884 2418 3152 2465 sanctum.
3194 2406 3325 2463 Mss.
3346 2418 3397 2461 et
3417 2408 3708 2463 secundum

2117 2477 2307 2532 sic-lunt
2340 2488 2605 2533 sanctum.
3540 2512 3545 2517 ι

2190 2546 2322 2670 Ιὲἱὲι.
2375 2547 2467 2601 sed
2509 2564 2603 2617 per
2640 2564 2796 2619 quem
2841 2548 3095 2603 traditur.
3141 2546 3273 2603 Mss.
3304 2547 3397 2602 sed
3432 2564 3527 2618 per
3553 2564 3709 2619 quem

2190 2636 2202 2670 I
2243 2635 2269 2670 e
2297 2634 2379 2670 ur.

2119 2628 2379 2673 tradetur.

2188 2687 2317 2759 Pag.
2340 2687 2487 2759 A898.
2523 2690 2694 2758 ipsum
2721 2687 2922 2744 ludam
2950 2698 3162 2758 autent,
3194 2699 3300 2745 etc.
3349 2688 3482 2745 Mss.
3532 2690 3709 2759 ipsum

2117 2756 2296 2813 autem
2323 2756 2551 2826 ludant,
2572 2769 2675 2814 etc.
3128 2790 3141 2793 -

2189 2829 2325 2884 Ibid.
2354 2829 2543 2900 dignus
2573 2840 2630 2885 ut
2659 2847 2764 2885 non
2785 2838 3107 2885 nasceretur.
3140 2830 3273 2886 Mss.
3306 2829 3500 2901 dignus
3526 2838 3587 2884 ut
3610 2843 3713 2885 tta-

2118 2910 2318 2972 sceretu
2329 2916 2373 2964 r,
2401 2901 2780 2972 etc.,absque,
2802 2917 2930 2955 non.

2191 2971 2323 3025 Ibid.
2355 2985 2475 3043 eum
2494 2987 2598 3025 non
2623 2969 2734 3043 esse
2761 2971 2858 3043 hoc
2881 2970 3131 3026 vocabulo
3152 2972 3393 3043 dignum.
3426 2969 3560 3029 Mss.
3588 2987 3711 3026 cum

2121 3056 2223 3094 non
2244 3050 2377 3111 esset
2400 3041 2509 3111 hoc
2538 3042 2793 3095 vocabqu
2816 3042 3029 3111 dignus.

2189 3111 2321 3183 Ibid.
2354 3109 2438 3163 hic
2467 3113 2703 3183 estenim
2728 3109 2944 3182 sanguis
2974 3111 3114 3168 Novi
3135 3110 3477 3183 Testamenti,
3501 3115 3590 3183 qui
3616 3130 3713 3183 pro

2120 3181 2342 3252 multis,
2398 3191 2508 3238 etc.
2553 3181 2684 3237 Mss.
2733 3181 2841 3236 hic
2862 3192 2938 3237 est
2972 3184 3113 3237 enim
3142 3182 3359 3252 sanguis
3393 3181 3538 3237 meus
3570 3181 3713 3238 Novi

2126 3250 2471 3323 Testantenti,
2499 3255 2625 3323 quia
2658 3269 2754 3322 pro
2786 3253 2993 3316 multis,
3018 3262 3125 3309 etc.

2191 3321 2482 3396 Psg._A899.
2509 3321 2557 3377 et
2587 3321 2991 3396 quoniamquod
3025 3324 3181 3396 dicit,
3209 3332 3319 3381 etc.
3344 3323 3478 3379 Mss.
3502 3333 3551 3378 et
3578 3341 3713 3396 quo-

2124 3392 2459 3464 niam’dicit,
2497 3392 2876 3464 ete..absque,
2911 3395 3074 3464 quod.

2386 3463 2635 3534 intelligit
2682 3462 3055 3521 communiter.
3100 3464 3235 3520 Mss.
3270 3466 3535 3536 intelligat
3562 3482 3714 3519 com-

2126 3544 2377 3589 muntter.
3096 3576 3108 3582 ,

2193 3604 2332 3659 Ibid.
2362 3601 2424 3657 Si
2448 3602 2611 3672 fuerit
2636 3603 2894 3659 Dominus
2931 3620 3076 3660 meus
3099 3621 3324 3671 mecum,
3347 3616 3454 3660 etc.
3482 3603 3615 3663 Mss.
3650 3604 3711 3661 Si

2123 3672 2575 3745 fueritDominus
2605 3674 2750 3727 Deus
2774 3690 2918 3729 meus
2944 3690 3170 3737 mecum,
3200 3686 3305 3730 etc.

2192 3743 2327 3826 Ibid.
2360 3759 2480 3826 cum
2505 3760 2599 3799 uos
2622 3744 2935 3816 praeparati,
2958 3754 3062 3800 etc.
3089 3745 3221 3802 Mss.
3246 3762 3365 3802 cum
3391 3755 3439 3800 et
3463 3762 3557 3802 nos
3582 3762 3718 3818 prat-

2158 3823 2323 3880 aratt,
2356 3823 2464 3871 etc.

2121 3832 2323 3885 parati,
2356 3832 2464 3871 etc.

2192 3884 2335 3957 Ibid.
2352 3883 2787 3957 purpurantibus
2814 3886 2989 3955 ipsum
3015 3887 3155 3940 notis
3186 3886 3375 3957 ipsius.
3417 3886 3546 3942 Mss.
3573 3903 3716 3957 pra:-

2119 3955 2438 4027 parantibus
2468 3972 2589 4011 eum
2616 3957 2664 4009 ei
2690 3957 2829 4009 notis
2861 3957 3051 4027 ipsius.
3207 3955 3214 3957 “
3240 4026 3245 4027 γ
3456 3976 3459 3979 ί

2193 4026 2534 4098 Ibid.,e/fusa
2560 4036 2635 4084 est
2670 4027 2728 4080 in
2760 4026 3011 4082 cordibus
3033 4067 3051 4094 ,
3084 4036 3192 4084 etc.
3235 4026 3369 4083 Mss.
3406 4028 3610 4098 di/fustt
3635 4036 3714 4082 est

2122 4099 2177 4153 in
2207 4096 2477 4162 cordibus,
2499 4107 2606 4154 etc.

2193 4167 2332 4225 Ibid.
2372 4167 2564 4223 Verum
2592 4167 2714 4232 Dei,
2737 4177 2843 4223 etc.
2873 4166 3004 4223 Mss.
3048 4167 3271 4222 Verbum
3298 4168 3460 4235 Deus,
3491 4177 3598 4224 etc.

2195 4238 2328 4312 Ibid.
2353 4248 2628 4309 propterea
2651 4239 3034 4307 ascenderunt,
3046 4249 3151 4295 etc.
3184 4238 3316 4296 Mss.
3340 4251 3556 4311 propter
3574 4240 3716 4312 quod

2123 4308 2501 4378 ascenderunt,
2533 4320 2639 4366 etc.

2194 4379 2324 4450 Pag.
2353 4380 2478 4436 900.
2528 4380 2620 4434 ubi
2666 4380 3111 4451 pronuntiaturus
3163 4380 3377 4451 fuerat,
3430 4391 3537 4438 etc.
3581 4379 3717 4437 Mss.

2123 4452 2219 4507 ubi
2242 4451 2695 4521 pramuntiaturus
2728 4451 2946 4521 fuerat,
2967 4461 3075 4507 etc.

2197 4521 2331 4576 Ibid.
2379 4521 2469 4575 sed
2512 4520 2926 4592 pronuntigbat,
2972 4531 3078 4576 etc.
3119 4520 3295 4592 Lege,
3341 4521 3433 4576 sed
3462 4537 3718 4591 prtenun-

2200 4537 2331 4576 una.
2379 4537 2468 4575 sea
2503 4537 2926 4646 pronuntiabat,
2972 4537 3078 4576 etc.
3119 4537 3295 4592 Lege,
3341 4537 3432 4576 sea
3462 4537 3716 4591 prtenun-

2123 4591 2348 4719 gigttbaét,c
2356 4600 2462 4648 etc.
2531 4591 2647 4649 Iss.
2666 4592 2724 4650 ὃ.
2758 4590 2991 4664 Remigii
3030 4592 3227 4662 habet,
3275 4593 3368 4648 sed
3394 4592 3716 4664 pronuntia-

2156 4674 2235 4729 at,
2263 4673 2369 4719 etc.

2181 4734 2327 4859 (Ibid.
2362 4732 2655 4805 discipulos
2682 4732 3071 4790 descendentes.
3102 4734 3235 4793 Mss.
3274 4734 3562 4806 discipulos
3598 4735 3716 4789 dis-

2218 4822 2277 4859 en
2306 4821 2382 4859 es.

2123 4814 2382 4861 cedentes.

2197 4876 2333 4935 Ibid.
2381 4876 2824 4947 psppinquaverat
2868 4877 2998 4942 lux,
3045 4885 3153 4932 etc.
3201 4875 3332 4931 Mss.
3390 4876 3718 4947 adproperat

2124 4948 2260 5012 lux,
2295 4955 2400 5003 etc.
2436 4945 2860 5018 Deinde,_,Ante
2904 4956 3119 5001 cantum
3164 4948 3305 5001 enim
3351 4946 3485 5018 galli
3534 4958 3712 5018 negat.

2124 5019 2255 5089 Mss.
2283 5019 2420 5089 Ante
2444 5018 2583 5071 enim
2609 5016 2752 5089 galli
2773 5027 2988 5072 cantum
3014 5027 3189 5089 negat.

2196 5088 2331 5159 Ibid.
2360 5087 2502 5141 dicto
2530 5087 2991 5157 scandalizantur,
3022 5087 3130 5144 etc.
3161 5087 3295 5146 Mss.
3328 5088 3522 5159 dictos,
3556 5104 3717 5145 scan-

2126 5157 2459 5222 dalizantur,
2489 5171 2597 5213 etc.

2199 5230 2332 5284 Ibid.
2366 5227 2714 5300 ambulabat,
2762 5229 2821 5285 in
2858 5228 2974 5285 luce
3016 5238 3131 5295 est,
3162 5246 3268 5284 non
3294 5230 3533 5300 denegat
3560 5270 3574 5294 ,
3605 5238 3713 5284 etc.

2126 5299 2258 5372 Mss.
2290 5300 2549 5365 ambulat,
2573 5301 2626 5353 in
2650 5299 2767 5353 luce
2789 5309 2867 5354 est
2898 5314 2918 5355 :
2941 5300 3033 5372 qui
3059 5311 3237 5355 autem
3271 5302 3323 5356 in
3346 5299 3463 5355 luce
3487 5312 3588 5369 est,
3614 5317 3718 5354 ncn

2126 5371 2384 5452 deteret».
2406 5379 2516 5452 els-

2200 5438 2328 5512 Ibidr.
2367 5441 2422 5494 in
2446 5438 2731 5495 Galila’am
2754 5481 2769 5507 ,
2797 5448 2857 5495 ut
2884 5442 3122 5512 gentium
3164 5441 3409 5512 populus,
3444 5450 3552 5498 etc.
3583 5439 3716 5499 Mss.

2128 5513 2181 5567 in
2203 5510 2499 5583 iCalilatam
2525 5512 2782 5583 gentium,
2812 5522 2874 5583 ut
2888 5510 3142 5583 populus,
3170 5510 3275 5569 etc.

2200 5581 2334 5637 Ibid.
2365 5582 2514 5635 Dixit
2544 5584 2591 5635 ei
2614 5581 2791 5636 .lesus.
2830 5581 2970 5639 MSS.
2996 5582 3061 5635 Et
3087 5586 3224 5638 dixit
3256 5584 3330 5638 eis
3355 5582 3537 5639 Iesus.

2201 5654 2337 5709 Ibid.
2390 5652 2623 5707 Rsalmo.
2649 5654 2885 5719 dicente,
2920 5667 3034 5710 etc.
3078 5653 3212 5710 Mss.
3258 5654 3322 5709 de
3364 5653 3586 5709 Psalmo
3628 5652 3720 5710 di-

2131 5736 2296 5787 cente,
2333 5735 2436 5779 CIC.

2206 5795 2340 5850 Ibid.
2390 5795 2460 5850 Et
2508 5794 2780 5865 denegavit
2817 5812 3088 5851 coram....
3145 5795 3211 5850 Et
3260 5797 3452 5851 iterum
3493 5796 3720 5865 denega-

2135 5868 2300 5924 vit....
2337 5867 2426 5922 sed
2454 5882 2572 5923 cum
2616 5866 2990 5935 advocatione,
3019 5879 3125 5925 etc.
3178 5867 3311 5924 Mss.
3356 5878 3403 5923 et
3440 5868 3721 5937 dene_aret
