4132 6416
462 350 591 408 (9-H

532 461 660 532 Pax,
689 463 815 519 910.
847 465 1104 519 Videbitis
1127 466 1391 518 sedentem
1415 463 1785 532 :simplicibus
1805 463 2036 532 quidem,

459 543 561 586 etc.
610 531 739 589 Mss.
802 533 1058 590 Videbitts
1103 535 1386 590 sedentem.
1432 531 1500 588 Et
1550 531 1878 604 simplicibus
1917 533 2037 603 qui-

459 607 830 740 ὀεῗέαῗιῗη.
883 673 950 729 Et
993 677 1129 729 hanc
1172 675 1534 744 fundationem
1583 673 1825 727 uidebunt
1851 674 2034 744 etiam,

459 752 564 864 εἶς.
599 743 728 868 Mss;
781 743 848 798 Et
878 746 1012 799 hanc
1061 742 1424 815 laudationem
1454 744 1744 814 aliquando
1789 742 2035 798 videbunt

457 831 485 867 ε
512 831 642 877 tam,
671 830 700 868 e
727 831 776 868 c.

529 883 662 938 Ibid.
694 885 1032 952 querendum
1062 896 1137 939 est
1167 887 1214 940 si
1251 903 1314 940 ex
1342 886 1436 937 hoc
1466 884 1576 938 haec
1603 899 1719 952 qua:
1745 884 1884 936 dixit
1913 883 2037 937 Sat-
2085 889 2106 911 ‘

460 963 647 1026 (ator,
677 963 784 1008 etc.
817 953 948 1010 Mss.
981 956 1316 1026 qutt'rcntlum
1347 964 1422 1008 est
1467 956 1512 1006 si
1535 971 1598 1008 ex
1623 970 1726 1022 quo
1758 954 1868 1008 htec
1900 954 2035 1006 dixit

461 1024 731 1085 Salvator,
762 1034 866 1080 etc.

531 1092 664 1146 Ibid.
715 1094 770 1146 id
818 1103 927 1155 est,
965 1105 1192 1162 ιινδριρυνε
1216 1094 1646 1162 dispensationis,
1678 1102 1784 1148 etc.
1817 1091 1946 1148 Mss.
1982 1095 2036 1146 id

457 1172 557 1219 est.
589 1181 620 1216 a
645 1173 870 1232 tempore
899 1166 1331 1232 dispensationis,
1362 1177 1465 1219 etc.

528 1232 662 1288 Ibid.
714 1237 851 1302 quoi!
896 1234 1224 1305 demonstrat
1252 1235 1509 1305 parabola
1533 1277 1548 1302 ε
1581 1244 1686 1290 etc.
1733 1233 1863 1289 Mss.
1897 1234 2036 1304 quod

457 1304 851 1372 demonstratur
880 1304 1160 1372 purabola,
1190 1304 1292 1360 etc.

532 1371 666 1429 Ibid.
721 1371 1162 1444 Inimicusienim
1210 1386 1322 1429 erat
1367 1386 1415 1430 et
1449 1375 1715 1444 Caiphas,
1744 1387 1849 1429 ctc.
1903 1374 2032 1428 Mss.

457 1444 724 1512 omittunt
745 1454 793 1496 et
818 1452 943 1497 ante
971 1443 1225 1512 Caiphos.

528 1511 663 1566 Ibid.
695 1510 754 1586 Si
783 1530 912 1586 quas
943 1510 1209 1570 autem...
1241 1518 1347 1586 ipse
1375 1518 1494 1571 scit.
1526 1512 1656 1571 Mss.
1701 1515 1759 1570 Si
1789 1517 1905 1586 quis
1939 1532 2028 1568 au~

457 1593 653 1652 tem....
692 1584 801 1652 ipse
826 1583 984 1637 sciat.

529 1649 664 1726 Ibid.
693 1649 848 1724 quasi
884 1669 985 1706 non
1007 1664 1121 1707 erat
1143 1658 1466 1726 propinquus
1488 1666 1566 1721 ut,
1593 1667 1696 1711 ctc.
1725 1653 1855 1709 Mss.
1883 1659 2036 1725 quasi

456 1723 547 1793 qui
579 1738 680 1776 non
705 1723 820 1776 erat
845 1723 1166 1793 propinquus
1200 1723 1276 1790 ut,
1313 1723 1420 1782 etc.

526 1789 662 1845 Ibid.
689 1809 723 1847 tl
751 1789 956 1846 dextris
997 1789 1208 1849 virtutis
1245 1789 1358 1849 Dei.
1401 1792 1532 1850 Mss.
1588 1794 1844 1850 omittunt
1884 1797 1996 1850 Dei.

528 1855 662 1934 Ibid.
695 1873 744 1916 et
770 1879 869 1916 non
900 1874 1012 1916 erat
1039 1866 1128 1933 qui
1157 1865 1410 1921 obediret.
1443 1865 1570 1922 Mss.
1601 1878 1648 1919 et
1680 1883 1782 1918 non
1813 1878 1925 1920 erat
1949 1868 2038 1934 qui

457 1933 754 1987 obaudiret.

529 1999 659 2070 Pag.
695 2003 822 2058 9η.
859 2003 1057 2060 vocavi.
1091 2014 1139 2057 et
1182 2022 1282 2059 non
1329 2015 1442 2060 erat
1483 2006 1572 2075 qui
1619 2006 1870 2060 obediret.
1907 2003 2037 2060 Mss.

458 2070 680 2147 neptim,
707 2075 906 2137 vocavi,
938 2085 988 2127 et
1015 2091 1116 2126 non
1140 2087 1262 2147 erat
1291 2080 1379 2147 qui
1407 2070 1706 2147 obaudiret.

479 2211 490 2223 .
530 2141 665 2224 Ibid.
717 2153 769 2224 et
812 2160 964 2213 opere
988 2161 1084 2196 suo
1114 2141 1330 2213 docuit',
1362 2157 1469 2201 etc.
1502 2144 1632 2202 Mss.
1671 2156 1718 2200 et
1746 2163 1898 2216 opere
1932 2147 2044 2213 ipso

455 2223 664 2276 docuit,
697 2223 806 2268 etc.

495 2281 661 2361 _Ibid.
695 2285 1108 2340 calceamentum
1132 2302 1318 2350 unum,
1341 2295 1446 2341 etc.
1477 2284 1602 2342 Mss.
1629 2286 2041 2341 calceamentum

457 2365 569 2418 ψη
603 2369 786 2419 unum,
819 2365 926 2410 etc.

499 2419 662 2500 _Ibid.
711 2425 836 2500 quia
870 2442 970 2480 non
1004 2428 1121 2480 novi
1160 2427 1443 2480 hominem.
1499 2424 1628 2482 Mss.
1660 2427 1785 2496 quia
1819 2445 1919 2482 non
1949 2445 2043 2482 no-

458 2493 616 2544 uisset
641 2493 918 2549 hominem.

528 2562 658 2634 Ibid.
687 2566 1020 2634 amarissime
1048 2567 1210 2634 ﬂevit.
1240 2565 1367 2621 Mss.
1393 2566 1727 2619 amarissime
1755 2566 2004 2630 ploravit.

489 2702 498 2712 _
531 2631 664 2686 Ibid.
696 2633 840 2687 Petri
870 2631 1298 2706 negotiationem,
1341 2647 1445 2691 etc.
1483 2635 1644 2708 Lege,
1689 2636 1834 2692 Petri
1882 2656 2044 2708 nega-

459 2710 671 2763 tionem,
702 2713 804 2759 etc.

530 2772 666 2826 Ibid.
698 2777 1089 2829 excusationem
1123 2776 1290 2829 ullam
1331 2775 1605 2831 habemus.
1651 2775 1780 2832 Mss.
1814 2793 2042 2830 excusa-

455 2839 652 2897 tionem
687 2844 886 2898 nullam
919 2845 1244 2900 habebimus.

529 2910 655 2981 Pag.
683 2914 806 2994 9t‘5.
836 2915 1112 2980 Quomodo
1142 2933 1203 2970 ne
1229 2917 1451 2986 putatis,
1479 2922 1582 2973 etc.
1613 2914 1742 2971 Mss.
1772 2917 2042 2981 Quomodo

459 2997 563 3035 non
591 2995 814 3051 putatts,
842 2997 946 3039 etc.

530 3052 665 3126 Ibid.
710 3057 845 3108 unde
875 3057 1199 3126 sanctiﬁcati
1239 3064 1380 3123 sunt,
1410 3064 1511 3110 etc.
1546 3055 1675 3112 Mss.
1711 3057 1846 3110 unde
1870 3059 2044 3111 sancti

458 3125 779 3190 sancti/ictui
809 3141 952 3188 sunt,
985 3137 1090 3180 etc.

534 3191 663 3266 Ibid.
686 3195 952 3266 denegavit
977 3198 1115 3266 quis,
1140 3206 1244 3251 etc.
1272 3195 1400 3250 Mss.
1420 3196 1747 3266 denegaverit
1778 3197 1915 3266 quis.
1935 3211 2038 3251 etc.

532 3261 666 3319 Ibid.
697 3261 967 3336 denegavit
989 3261 1112 3334 quis
1243 3267 1483 3319 renovari
1510 3261 1567 3318 m'
1595 3261 2042 3334 poenitentia,ctc.

459 3331 590 3405 Mss.
619 3331 947 3405 dettegacerit
973 3331 1088 3404 quis
1198 3337 1435 3389 reuocari
1462 3338 1513 3389 in
1539 3331 1919 3401 paenitentiam,
1939 3349 2044 3390 etc.

532 3403 668 3457 Ibid.
704 3403 769 3458 Et
802 3409 846 3459 si
889 3403 1158 3461 Christum
1196 3407 1485 3477 aliquando
1519 3407 1805 3460 secundant
1838 3421 2049 3460 carnem

458 3478 839 3548 cognovimus:
873 3478 996 3539 sed,
1026 3488 1129 3532 etc.
1169 3475 1298 3531 Mss.
1339 3475 1404 3529 Et
1449 3478 1495 3530 si
1537 3478 1809 3532 Christum
1859 3495 2051 3548 cogno-

459 3549 628 3665 viztus
675 3547 1001 3617 aliquando,
1054 3549 1337 3601 secundum
1385 3561 1598 3602 carnem
1649 3547 1983 3617 cognovimus
2029 3562 2049 3601 :

459 3631 514 3665 se
558 3656 573 3665 .
602 3625 707 3665 etc.

459 3625 549 3680 sed
558 3656 573 3680 ,
602 3625 707 3670 etc.

530 3679 664 3754 Ibid.
695 3685 924 3753 Angelus
952 3683 1072 3747 Dei,
1106 3697 1210 3741 etc.
1247 3685 1376 3740 Mss.
1411 3687 1641 3754 Angelus
1666 3689 1794 3749 diei,
1820 3695 1923 3738 etc.

530 3750 664 3807 Ibid.
700 3750 1003 3807 recordatus
1035 3767 1110 3808 est
1157 3757 1428 3809 verborum
1467 3750 1616 3823 Iesu,
1653 3769 1756 3813 etc.
1803 3756 1929 3813 Mss.
1969 3773 2048 3809 re-

456 3825 707 3877 cordatus
739 3835 814 3876 est
844 3825 1050 3876 verbum
1079 3825 1230 3889 Jesu,
1255 3835 1358 3879 etc.

532 3893 660 3964 Pag.
693 3894 816 3966 914.
849 3893 1000 3966 Sicut
1047 3897 1186 3948 enim
1229 3897 1483 3964 scriptum
1524 3906 1644 3950 est:
1673 3894 1931 3966 Egressus
1964 3897 2046 3966 fo-

463 3981 572 4029 ras,
599 3963 702 4019 etc.
736 3963 864 4019 Mss.
901 3963 990 4018 Sic
1033 3967 1171 4018 enim
1203 3963 1459 4035 scriptum
1501 3981 1576 4020 est
1609 3983 1627 4020 :
1677 3963 1928 4037 Egressus
1965 3963 2048 4035 Io-

462 4051 574 4097 ras,
603 4044 706 4090 etc.

535 4104 666 4159 Ibid.
696 4115 744 4160 et
772 4115 919 4159 nocte
947 4105 1185 4174 offendit.
1212 4105 1370 4176 Lege,
1396 4115 1444 4159 et
1475 4107 1526 4160 in
1554 4116 1700 4162 nocte
1727 4106 1966 4175 offendit.

538 4177 673 4229 Ibid.
727 4176 839 4230 lloc
872 4187 1045 4229 autem
1084 4178 1341 4240 diximus,
1383 4188 1487 4231 etc.
1532 4177 1660 4231 Mss.
1706 4177 1830 4231 llwc
1869 4187 2048 4231 autem

462 4244 723 4310 diximus,
753 4257 857 4300 etc.

540 4316 671 4370 Ibid.
697 4333 814 4386 quia
844 4333 946 4370 non
978 4326 1182 4385 poterat
1220 4334 1427 4370 sursum
1459 4320 1688 4386 aspicere
1711 4319 1879 4387 prius.
1913 4316 2042 4373 Mss.

463 4397 582 4455 qua:
604 4403 716 4458 non
748 4396 952 4456 poterat
982 4390 1188 4457 penitus
1213 4403 1422 4440 sursum
1460 4392 1692 4456 aspicere
1711 4390 1880 4458 prius.

537 4457 671 4528 Ibid.
707 4467 753 4510 et
784 4459 835 4510 in
878 4473 936 4511 eo
975 4459 1112 4527 quod
1147 4458 1459 4528 alligaretur
1489 4457 1720 4528 uinculis
1750 4459 1874 4526 ipsis
1907 4459 2044 4512 insi-

462 4524 582 4598 dias
611 4524 1013 4598 dirumpentent,
1047 4538 1101 4581 ut
1123 4524 1263 4596 jam,
1307 4538 1409 4580 etc.
1462 4527 1589 4582 Mss.
1631 4538 1678 4581 et
1725 4524 1774 4580 in
1807 4545 1866 4581 eo
1905 4529 2044 4598 quod

465 4595 782 4666 alligaretur
813 4597 1035 4652 vinculis
1071 4595 1197 4665 ipsis
1239 4599 1602 4660 insidiantem,
1634 4595 2046 4666 disrumpentem

463 4681 548 4726 ea,
584 4678 638 4718 ut
671 4667 808 4735 jam,
833 4679 937 4721 etc.

537 4733 680 4789 Ibid.
707 4739 806 4789 etsi
853 4738 1134 4805 alligantes
1168 4733 1350 4788 Jcsum
1383 4738 1728 4805 induxerunt,
1777 4748 1880 4792 ctc.
1914 4737 2043 4793 Mss.

461 4808 558 4877 etsi
591 4806 869 4877 alligantes
899 4806 1083 4861 Iesum
1114 4809 1399 4873 duxerunt,
1432 4820 1534 4861 etc.

538 4875 964 4941 Iliidfquoniam
1007 4878 1290 4931 damnatus
1331 4891 1406 4932 est
1431 4919 1446 4945 ,
1490 4887 1595 4931 etc.
1634 4876 1761 4931 Mss.
1796 4881 2045 4948 quoniam

465 4946 749 5000 damnatus
783 4957 935 5009 esset,
966 4958 1070 5001 etc.

538 5015 666 5086 Pag.
703 5019 825 5071 915.
863 5028 954 5070 aut
1009 5017 1250 5084 auferens
1299 5033 1401 5070 non
1457 5018 1715 5083 dixisset,
1759 5027 1860 5072 etc.
1913 5019 2042 5074 Mss.

465 5097 556 5139 aut
595 5088 821 5155 referens
846 5105 946 5140 non
970 5089 1210 5151 dixisset,
1238 5097 1342 5141 etc.

539 5155 671 5210 Ibid.
717 5170 770 5212 ut
819 5160 1092 5227 conﬁtens,
1122 5159 1428 5226 deprecans,
1461 5167 1564 5212 etc.
1609 5156 1740 5212 Mss.
1775 5169 1832 5212 ut
1882 5161 2048 5229 conﬁ-

467 5233 610 5298 tens,
628 5237 677 5280 et
707 5233 1012 5298 deprecans,
1037 5239 1142 5282 etc.

539 5293 674 5352 Ibid.
712 5293 965 5352 Forsitan
991 5315 1110 5368 ergo
1133 5299 1262 5353 dicit
1307 5297 1659 5368 aliquis,.ctc.
1689 5297 1823 5353 Mss.
1862 5298 2047 5352 Forsi-

467 5368 877 5439 tanAergodiret
910 5370 1122 5439 aliquis.
1153 5380 1257 5423 ctc.

540 5433 673 5489 Ibid.
704 5437 858 5509 dlius
899 5433 1073 5492 autem
1103 5440 1238 5493 dicet
1283 5437 1378 5490 hoc
1412 5439 1566 5491 modo
1608 5440 1748 5509 quod
1789 5440 2045 5509 scriptum

465 5513 564 5565 est,
589 5515 688 5580 etc.
721 5504 852 5580 Mss.
883 5509 1036 5561 Alius
1065 5520 1241 5563 autem
1281 5509 1415 5562 dicet
1449 5511 1545 5560 hoc
1587 5504 1762 5574 modo,
1795 5504 2046 5580 quoniam

467 5575 604 5644 quod
637 5579 891 5644 scriptum
916 5588 1014 5641 est,
1040 5589 1144 5634 etc.

467 5713 500 5782 Ι
541 5643 672 5765 Ibid.
709 5643 986 5716 postquam
1037 5649 1182 5717 fecit,
1212 5659 1317 5704 etc.
1368 5648 1498 5703 Mss.
1546 5657 1824 5720 postquam
1869 5661 2048 5703 autem

487 5730 566 5767 eet
599 5756 613 5774 ,
647 5727 752 5771 etc.

487 5725 613 5774 ’eeit,
647 5727 752 5771 CIC.

540 5785 673 5842 Ibid.
711 5795 767 5839 ut
793 5785 910 5854 jam
957 5802 1059 5840 non
1103 5801 1234 5843 esset
1289 5789 1569 5842 secundum
1618 5791 1805 5853 Deum,
1847 5791 1934 5844 sed
1969 5799 2048 5856 ut,

1377 352 1467 407 RD
1502 349 1831 407 OIIIGENIS
1868 350 2228 406 COMMENT.
2271 351 2338 405 IN
2379 350 2820 407 MAT'I'I‘IAiUM.

3591 345 3728 400 1912

2146 470 2250 516 etc.
2286 460 2412 517 Mss.
2438 473 2494 516 ut
2512 463 2629 530 jam
2669 479 2770 515 non
2809 471 2940 516 esset
2968 462 3253 515 secundum
3281 459 3448 514 Deum
3473 460 3590 528 ipsa
3622 461 3723 513 tri-

2144 533 2318 594 stitia,
2353 532 2444 586 sed
2467 542 2544 596 ut,
2571 545 2678 587 etc.

2217 603 2350 672 Ibid.
2395 601 2655 657 Similiter
2699 601 2904 672 aliquid
2954 601 3156 669 factum
3185 609 3300 667 est,
3333 607 3437 655 etc.
3476 596 3605 654 Mss.
3641 598 3702 653 Si

2145 671 2268 725 mile
2299 671 2501 738 aliquid
2533 673 2734 738 factum
2763 671 2862 733 est,
2892 680 2996 726 etc.

2216 739 2344 811 Pag.
2375 737 2499 796 9I6.
2532 737 2620 796 ubi
2654 743 2849 796 sciebat
2889 741 3167 794 Dominum
3197 740 3432 808 ejecisse,
3463 748 3568 794 etc.
3590 737 3722 795 Mss.

2145 812 2234 864 ubi
2259 811 2456 866 sciebat
2489 811 2771 866 Dominum
2802 813 3001 879 factum
3030 811 3267 877 ejecisse,
3293 819 3400 865 etc.

2216 880 2349 952 Ibid.
2382 880 2448 935 Et
2475 883 2674 950 accepit
2722 884 2938 952 triginta
2990 890 3263 949 argenteos
3285 888 3384 952 ,et
3421 881 3586 946 misit,
3617 890 3728 934 etc.

2146 947 2276 1022 Mss.
2311 949 2376 1004 Et
2402 954 2576 1021 accepi
2597 947 2824 1022 triginta
2854 947 3149 1022 argenteos,
3172 961 3220 1003 et
3247 951 3389 1011 misi,
3413 963 3519 1004 etc.

2217 1021 2348 1076 Ibid.
2385 1019 2582 1076 dicenti
2617 1019 3018 1092 interrogatorie
3047 1036 3064 1073 :
3098 1019 3217 1092 No_n
3263 1030 3322 1073 tu
3353 1033 3433 1083 es,
3454 1029 3558 1075 etc.
3595 1019 3722 1076 Mss.

2144 1090 2340 1144 dicenti
2375 1093 2798 1163 interrogatorie,
2819 1089 2940 1160 )‘am
2969 1103 3119 1163 ηυδε-ς
3155 1089 3232 1163 'I'u
3261 1108 3335 1163 es,
3360 1099 3466 1163 etc.

2219 1163 2352 1216 Ibid.
2384 1164 2438 1234 in
2470 1159 2636 1234 tribus
2665 1159 2862 1234 linguis
2982 1172 3038 1234 t_t_t
3066 1159 3375 1234 _lleb_rtei,‘_et
3403 1159 3596 1234 Graci,
3620 1170 3726 1217 etc.

2145 1227 2276 1303 Mss.
2311 1233 2476 1303 tribus
2508 1233 2702 1303 linguis
2724 1227 2788 1288 .I.
2814 1244 2870 1285 ut
2896 1243 2944 1286 et
2975 1231 3187 1303 llebrtei
3213 1240 3261 1283 et
3294 1229 3488 1303 Crteci,
3515 1241 3620 1285 etc.

2216 1301 2344 1372 Pag.
2381 1300 2506 1356 917.
2535 1300 2707 1356 nescio
2739 1305 2784 1356 si
2837 1317 2937 1354 non
2963 1302 3231 1372 intendosa
3285 1302 3506 1354 habeant
3554 1317 3729 1354 erem-

2143 1371 2320 1441 plbria
2435 1373 2495 1426 Si
2541 1386 2597 1426 tu
2643 1391 2694 1427 es
2717 1415 2732 1437 ,
2778 1383 2870 1426 aut
2900 1388 2917 1424 :
2955 1371 3033 1425 Tu
3061 1388 3136 1425 es.
3168 1371 3298 1424 Mss.
3344 1373 3518 1425 nescio
3549 1373 3728 1441 sinon

2147 1441 2390 1564 gtendum
2423 1443 2648 1496 habeant
2680 1444 3006 1513 exemplaria
3129 1441 3186 1495 Si
3210 1455 3265 1494 tu
3295 1458 3370 1507 es,
3396 1453 3488 1494 aut
3521 1440 3675 1495 ambo
3710 1457 3729 1495 :

2195 1529 2226 1564 u
2255 1530 2330 1564 es.

2195 1529 2226 1564 ιι
2255 1530 2330 1566 σε.

2216 1580 2350 1635 Ibid.
2396 1583 2669 1637 amborum
2715 1583 3001 1654 petentium
3035 1582 3226 1647 vitam,
3255 1591 3360 1638 etc.
3392 1580 3521 1637 Mss.
3552 1583 3728 1634 ambo-

2147 1668 2264 1705 rum
2294 1655 2581 1722 petentium
2613 1656 2746 1722 cita,
2771 1664 2878 1708 etc.

2218 1721 2354 1777 Ibid.
2386 1732 2434 1777 et
2463 1725 2632 1777 omnis
2682 1721 2920 1776 Ecclesia
2947 1731 3120 1790 petere
3161 1723 3326 1787 possit
3360 1721 3590 1791 aliquem
3616 1737 3732 1791 per»

2147 1802 2388 1860 culorum
2420 1803 2477 1845 ut
2519 1794 2766 1848 Salvator
2811 1811 2842 1846 a
2885 1792 3325 1846 condemnatioue
3372 1793 3596 1860 peccati,
3622 1802 3728 1845 etc.

2145 1859 2274 1917 Mss.
2310 1874 2364 1915 ut
2398 1866 2566 1917 omnis
2614 1861 2852 1917 Ecclesia
2882 1872 3051 1928 petere
3083 1863 3247 1929 possit
3281 1859 3513 1932 aliquem
3546 1873 3732 1930 pecca-

2146 1942 2311 1985 torem
2341 1942 2398 1986 ut
2425 1934 2660 1987 solvatur
2681 1952 2713 1987 a
2742 1933 3173 1988 condemnatione
3199 1933 3426 2000 peccati,
3451 1948 3558 1986 etc.

2216 2002 2355 2059 Ibid.
2387 2002 2442 2055 in
2470 2005 2765 2067 potentibus
2797 2003 3133 2068 constitutos,
3161 2013 3262 2058 etc.
3300 2000 3432 2058 Mss.
3470 2003 3520 2057 in
3549 2015 3735 2072 poten-

2147 2074 2345 2127 tatibus
2369 2075 2706 2136 constitutos,
2729 2084 2832 2128 ctc.

2215 2141 2350 2198 Ibid.
2384 2145 2539 2213 quasi
2569 2161 2664 2212 pro
2699 2146 2940 2199 omnibus
2969 2145 3149 2199 malis.
3173 2143 3306 2198 Mss.
3337 2145 3492 2212 quasi
3526 2157 3622 2213 pro
3647 2144 3734 2196 ho-

2146 2213 2376 2267 minibus
2412 2215 2588 2268 malis.

2218 2281 2351 2338 Ibid.
2390 2284 2583 2354 aliquis
2625 2297 2890 2354 peccator,
2933 2295 3039 2340 etc.
3085 2285 3216 2342 Mss.
3265 2285 3460 2354 aliquis
3490 2302 3732 2354 peccato-

2149 2370 2285 2419 rum,
2314 2363 2420 2408 etc.

2219 2423 2344 2493 I’ag.
2377 2423 2498 2478 918.
2534 2439 2634 2477 non
2661 2434 3059 2491 convertuntur,
3081 2435 3185 2480 etc.
3212 2425 3342 2479 Mss.
3377 2441 3478 2478 non
3521 2440 3734 2479 corner»

2151 2504 2348 2560 tentur,
2382 2507 2487 2548 etc.

2216 2563 2352 2619 Ibid.
2400 2580 2574 2618 rerum
2620 2565 2835 2635 aliquod
2890 2567 3224 2634 mysterium,
3251 2575 3354 2620 etc.
3394 2564 3520 2620 Mss.
3557 2581 3732 2618 rerum

2146 2637 2362 2704 aliquod
2386 2635 2714 2704 mysterium,
2742 2647 2846 2688 etc.

2219 2703 2354 2759 Ibid.
2385 2703 2440 2756 in
2483 2705 2726 2758 omnibus
2780 2706 3004 2771 cinctus,
3045 2716 3149 2762 etc.
3186 2706 3316 2760 Mss.
3348 2706 3401 2758 in
3434 2705 3733 2758 hominibus

2146 2777 2373 2838 vinctus,
2400 2783 2519 2833 etot.

2219 2845 2352 2900 Ibid.
2384 2853 2433 2897 et
2465 2859 2640 2898 omnes
2685 2847 2778 2914 qui
2823 2846 2896 2900 eis
2948 2845 3148 2900 similes
3199 2857 3348 2912 sunt,
3377 2853 3483 2900 etc.
3521 2843 3651 2899 Mss.
3686 2854 3732 2898 et

2147 2931 2322 2970 omnes
2357 2915 2448 2983 qui
2476 2917 2524 2969 ei
2550 2916 2747 2970 similes
2771 2927 2916 2972 sunt.
2945 2928 3050 2970 etc.

2219 2982 2375 3040 Ibid.’
2399 2982 2588 3057 Volunt
2630 2996 2806 3039 autem
2835 2987 3204 3057 evangelio-tat,
3236 2997 3345 3041 etc.
3383 2985 3515 3041 Mss.
3556 2984 3734 3040 Voluit

2148 3066 2322 3109 autem
2353 3055 2690 3125 euangelista,
2721 3065 2821 3109 etc.

2226 3125 2359 3179 Ibid.
2390 3123 2456 3178 Et
2478 3123 2554 3178 est
2578 3127 2749 3179 videre
2778 3143 2940 3197 usque
2967 3143 3127 3194 nunc,
3153 3139 3259 3182 etc.
3299 3126 3436 3182 Mss.
3479 3124 3737 3180 omittunt

2155 3211 2336 3250 usque.

2403 3265 2526 3319 9I9.
2565 3265 2707 3330 Quid
2754 3282 2875 3336 ergo
2928 3267 3127 3334 faciam
3175 3267 3238 3320 de
3279 3265 3431 3332 Jesu,
3463 3273 3572 3320 etc.
3604 3263 3733 3318 Mss.

2153 3336 2294 3402 Quid
2312 3335 2441 3404 ergo
2471 3338 2724 3402 faciemus
2750 3335 2984 3399 deJesu,
3013 3347 3119 3393 etc.

2228 3406 2360 3460 Ibid.
2382 3403 2448 3458 fut
2478 3409 2700 3458 audiant
2738 3405 2900 3459 Deum
2927 3408 3027 3459 sibi
3057 3408 3313 3460 dicentem
3339 3422 3357 3459 :
3389 3403 3522 3460 Cum
3555 3418 3737 3458 exten-

2152 3476 2356 3537 deritis,
2383 3485 2485 3530 etc.
2517 3473 2645 3529 Mss.
2678 3486 2732 3529 ut
2761 3476 2983 3529 audiant
3017 3476 3295 3528 Dominum
3315 3475 3416 3528 sibi
3438 3475 3691 3528 dicentem
3718 3490 3737 3529 :

2153 3548 2284 3601 Cum
2311 3546 2689 3614 expanderitis,
2725 3553 2829 3599 etc.

2223 3615 2355 3668 Ibid.
2377 3613 2382 3614 ⁷
2405 3624 2682 3684 propterea
2727 3624 2775 3666 et
2816 3631 2908 3666 nos
2938 3631 3174 3684 qutcrere
3231 3613 3503 3667 coluerunt
3535 3615 3734 3684 exitum

2152 3687 2246 3748 rei,
2278 3681 2546 3738 etchs's.
2597 3693 2807 3753 propter
2852 3681 2989 3754 quod
3039 3701 3131 3737 nos
3183 3700 3414 3753 quwrere
3460 3681 3735 3737 coluerunt

2151 3765 2350 3807 textum
2378 3756 2473 3818 rei,
2499 3764 2604 3808 etc.

2221 3823 2352 3878 Ibid.
2389 3833 2697 3893 consumpta
2723 3834 2798 3876 est
2839 3841 2870 3875 a
2908 3825 3080 3892 capite
3125 3822 3276 3882 Jcsu.
3308 3834 3412 3878 etc.
3449 3819 3580 3879 Mss.
3612 3839 3737 3878 cou-

2148 3908 2416 3963 summata
2450 3906 2525 3948 est
2561 3912 2591 3946 a
2624 3895 2795 3963 capite
2820 3893 2971 3957 Jesu,
3003 3905 3107 3948 etc.

2222 3961 2353 4018 Ibtd.
2391 3964 2643 4018 Calamus
2669 3961 2792 4034 ergo
2824 3966 3155 4032 mysterium,
3187 3973 3290 4018 etc.
3317 3962 3447 4016 Mss.
3482 3963 3736 4018 Calamus

2149 4051 2270 4103 ergo
2296 4035 2404 4097 ille,
2435 4036 2764 4104 mysterium,
2793 4046 2898 4089 etc.

2219 4104 2329 4175 Pag
2390 4102 2516 4159 9‘20.
2562 4106 2764 4175 virgam
2807 4105 3001 4157 calami
3037 4120 3185 4166 eam,
3224 4115 3329 4158 etc.
3375 4102 3502 4158 Mss.
3532 4105 3734 4173 uirgam

2150 4176 2492 4237 eclarninam,
2519 4184 2622 4228 clc.

2223 4245 2356 4298 Ibid.
2391 4242 2604 4308 Quazres
2639 4243 2722 4310 si,
2747 4244 3068 4308 secundum,
3093 4253 3199 4298 etc.
3233 4242 3360 4297 Mss.
3395 4244 3610 4309 Quafres
3637 4261 3737 4297 au-

2151 4325 2275 4379 tem,
2312 4318 2358 4368 si
2387 4317 2696 4377 secundum,
2725 4326 2832 4368 etc.

2223 4386 2351 4439 Ibid.
2384 4386 2437 4437 in
2465 4400 2566 4453 quo
2610 4401 2726 4439 eum
2765 4385 2981 4454 {uerunt
3012 4387 3336 4453 suspensuri.
3377 4382 3508 4440 Mss.
3542 4386 3597 4436 in
3631 4401 3735 4454 qua

2150 4471 2267 4508 eum
2298 4456 2510 4524 fuerant
2537 4456 2863 4520 suspensuri.

2226 4523 2357 4580 Ibid.
2393 4526 2642 4594 quoniam
2673 4525 2858 4577 iisdem
2883 4523 3077 4587 litteris
3103 4524 3339 4594 scribunt
3365 4524 3598 4590 Ilebrwi,
3627 4535 3730 4579 etc.

2153 4593 2282 4650 Mss.
2307 4591 2553 4666 quoniam
2586 4596 2712 4664 ipsis
2737 4595 2930 4647 litteris
2952 4596 3140 4666 dicunt
3169 4591 3406 4659 llebrtei,
3433 4604 3538 4651 etc.

2225 4666 2357 4720 Ibid.
2389 4665 2527 4735 quod
2559 4681 2745 4733 corpus
2781 4668 2933 4732 Adte,
2965 4676 3070 4720 etc.
3096 4665 3226 4720 Mss.
3257 4668 3504 4736 quoniam
3547 4681 3734 4732 corpus

2153 4737 2304 4795 Adw.
2330 4749 2431 4790 ctc.
2765 4741 2768 4746 ’

2226 4806 2356 4877 Ibid.
2388 4823 2478 4859 nec
2511 4823 2626 4859 cum
2657 4807 2836 4877 aliquo
2868 4807 3157 4871 contrario,
3188 4815 3292 4858 etc.
3326 4802 3462 4865 Mss.
3493 4821 3586 4858 nec
3616 4821 3734 4858 cum

2153 4876 2260 4946 alio
2296 4876 2498 4946 aliquid
2530 4876 2818 4946 contrario,
2852 4884 2954 4928 etc.

2227 4945 2352 5016 I‘ag.
2388 4945 2481 5000 921
2551 4949 2692 5016 apud
2738 4945 3000 5016 Joannem
3043 4954 3220 4998 autem
3269 4945 3553 4997 didicimus
3597 4947 3734 5014 quod

2228 4965 2352 5016 t'ag.
2388 4965 2481 5000 υΖΙ
2551 4965 2689 4998 ama
2738 4965 3000 4999 Joannem
3043 4965 3220 4998 autem
3269 4965 3553 4997 atatcmtus
3597 4965 3734 5014 quoa

2155 5017 2386 5078 milites,
2429 5027 2533 5070 etc.
2584 4965 2712 5070 IiIss.
2765 5016 2907 5084 apud
2951 5014 3212 5068 Joannem
3259 5026 3435 5068 autent
3481 5016 3735 5068 discnnus

2152 5090 2401 5156 quoniam
2424 5087 2638 5151 milites,
2663 5095 2767 5156 etc.

2228 5156 2358 5210 Ibid.
2389 5157 2478 5226 qui
2501 5155 2835 5226 dogmatibus
2863 5156 2996 5223 suis,
3023 5164 3126 5211 etc.
3157 5154 3286 5211 Mss.
3319 5155 3412 5226 qui
3435 5155 3482 5208 iu
3518 5155 3738 5226 dogma-

2154 5228 2293 5281 tibus
2319 5243 2450 5290 suts,
2474 5237 2579 5280 etc.

2227 5297 2358 5350 Ibid.
2383 5313 2502 5349 cum
2536 5297 2754 5348 daretur
2777 5303 2830 5366 et
2865 5297 3197 5366 myrrhatum
3236 5297 3434 5359 viuum,
3463 5304 3570 5351 etc.
3601 5289 3734 5352 Mss.

2072 5424 2079 5430 ,
2153 5383 2270 5420 cum
2301 5366 2521 5419 daretur
2542 5367 2587 5419 ei
2620 5364 2949 5434 ntyrrhatum
2979 5369 3178 5430 vinum,
3203 5376 3308 5422 etc.

2226 5437 2357 5490 Ibid.
2387 5439 2682 5506 quingentis
2729 5437 2988 5504 fratribus
3011 5477 3026 5500 ,
3066 5439 3344 5490 novissime
3383 5445 3558 5490 autem
3579 5479 3595 5504 ,
3622 5444 3731 5490 etc.

2153 5505 2283 5561 Mss.
2331 5505 2630 5576 quingentis
2690 5507 2948 5574 fratribus
3014 5507 3209 5574 simul,
3275 5507 3557 5560 novissime
3629 5523 3734 5560 au~

2241 5594 2254 5627 t
2307 5593 2334 5628 c
2395 5617 2410 5632 .

2156 5588 2549 5708 le'ItiidIcsuper
2581 5653 2738 5715 caput
2781 5647 2895 5717 ejus
2939 5642 3228 5717 scriptum,
3257 5659 3364 5702 etc.
3406 5646 3534 5704 Mss.
3579 5661 3728 5712 super

2154 5727 2310 5784 caput
2335 5717 2451 5787 ejus
2479 5717 2580 5785 fuit
2608 5720 2881 5787 scriptum,
2907 5726 3012 5772 etc.

2226 5789 2360 5842 Ibid.
2393 5803 2577 5858 capere
2599 5797 2784 5854 potest.
2815 5787 2943 5842 Mss.
2972 5789 3205 5860 accipere
3227 5799 3414 5861 potest.
