3872 6550
839 467 3479 482 mm

207 466 3482 524 Μ

1323 690 2393 905 PR/EFATIO.

280 1373 504 1429 Tertius
538 1369 780 1440 Operum
816 1367 1066 1440 Origeuis
1105 1378 1286 1423 tomus
1320 1367 1697 1438 complectitur
1735 1368 1981 1423 residuas
2014 1368 2133 1436 ejus
2161 1367 2214 1421 in
2248 1366 2543 1422 Proverbia
2576 1366 2908 1432 Salomonis,
2946 1368 3000 1421 in
3029 1367 3320 1424 Canticum
3357 1385 3492 1425 can-

210 1466 467 1526 ticorum,
509 1464 564 1517 in
592 1461 814 1528 Isaiam,
851 1464 905 1516 in
939 1460 1252 1526 Jeremiam,
1287 1461 1341 1515 in
1377 1461 1649 1526 Tbrenos,
1683 1462 1735 1514 in
1769 1461 2132 1524 Ezechielem,
2169 1461 2222 1514 in
2264 1460 2424 1526 Osee,
2461 1461 2512 1514 in
2538 1446 2866 1515 'Mattbteum
2895 1470 2950 1516 et
2978 1461 3032 1515 in
3061 1461 3264 1517 Lucam
3292 1464 3496 1534 ἐξηγή-

217 1571 343 1617 σεις.
378 1552 634 1622 Speciale
661 1551 924 1605 Monitum
963 1550 1076 1604 fere
1105 1551 1335 1620 singulis
1369 1550 1647 1620 prteiixum
1685 1559 1787 1613 est,
1821 1551 1964 1605 unde
2015 1551 2073 1604 iit
2121 1558 2181 1604 ut
2207 1550 2272 1604 de
2307 1551 2411 1604 illis
2463 1551 2658 1605 iterum
2692 1552 2871 1620 aliqua
2917 1552 3131 1621 praefari
3167 1570 3497 1624 supervaca-

224 1663 375 1700 neum
407 1646 688 1710 videatur,
723 1644 827 1698 nisi
866 1641 1006 1698 forte
1037 1642 1242 1712 aliquid
1278 1643 1501 1712 insuper
1533 1641 1826 1696 dicendum
1870 1641 1944 1695 sit
1985 1641 2052 1695 dc
2099 1639 2513 1697 commentariis
2556 1643 2610 1695 in
2645 1641 2956 1696 Matthaeum
2983 1654 3036 1698 et
3066 1645 3134 1700 de
3166 1645 3406 1703 bomiliis
3441 1648 3497 1703 in

232 1741 418 1796 Lucam
429 1782 441 1794 .

294 1834 448 1887 Circa
487 1847 698 1886 annum
732 1830 934 1886 Christi
979 1831 1107 1893 245,
1159 1831 1459 1900 imperante
1489 1828 1758 1898 Philippo,
1789 1829 1860 1884 25
1895 1829 1947 1883 in
1979 1828 2292 1884 Matthmum
2323 1839 2497 1885 tomos
2522 1829 2828 1885 elaboratos
2862 1832 2930 1886 ab
2956 1831 3189 1903 Origene
3221 1833 3392 1890 fuisse
3421 1847 3500 1890 te-

233 1934 404 1978 statur
437 1921 702 1976 Eusebius
736 1920 938 1974 Hister.
984 1921 1109 1973 eccl.
1148 1919 1241 1972 lib.
1278 1935 1352 1982 vr,
1381 1934 1498 1988 cap.
1541 1919 1631 1972 56.
1669 1917 1916 1973 Totidem
1950 1919 2144 1989 legisse
2179 1935 2236 1974 se
2273 1918 2469 1973 fatetur
2526 1918 2891 1991 Hieronymus
2944 1924 2996 1976 in
3039 1927 3310 1992 prooemio
3343 1927 3491 1980 Com-

236 2028 443 2069 menter.
478 2016 533 2068 in
567 2014 906 2068 Martiarum.
942 2012 1301 2083 Quapmpte'r,
1333 2013 1507 2083 inquit
1543 2012 1772 2069 Huetius
1795 2013 2102 2082 Origenian.
2146 2014 2238 2068 lib.
2270 2030 2351 2079 ιιι,
2376 2024 2506 2070 sect.
2537 2015 2592 2076 2,
2627 2017 2858 2079 num.-7,
2890 2017 3146 2073 mendosa
3175 2035 3296 2075 esse
3330 2023 3500 2091 liquet

234 2110 336 2162 haec
372 2107 537 2162 verba
571 2123 602 2162 e
630 2108 855 2177 prologo
889 2106 1224 2178 Hieronymi,
1258 2107 1351 2176 qui
1381 2108 1634 2176 praelixus
1660 2116 1743 2161 est
1775 2105 1982 2161 Latinae
2013 2108 2443 2178 interpretationi
2474 2109 2821 2164 bomiliarum
2861 2109 3112 2181 Origenis
3152 2114 3442 2182 inaLucam
3482 2135 3494 2169 :

234 2201 494 2272 Siquidem
525 2201 678 2271 illud;
695 2201 835 2270 quod
880 2201 1006 2254 olim
1048 2201 1228 2254 Roma:
1251 2209 1436 2254 sancta
1474 2199 1711 2254 Blesilla
1743 2201 2097 2269 flagitaverat,
2128 2209 2182 2252 ut
2229 2201 2297 2255 ’56
2334 2212 2501 2255 tomos
2530 2201 2676 2254 illius
2714 2204 2768 2254 in
2812 2203 3144 2266 Mattliteurtt,
3183 2215 3232 2258 et
3273 2207 3500 2276 quinque

228 2295 349 2347 alios
391 2293 448 2345 in
488 2291 717 2353 Lucam,
758 2302 806 2345 et
830 2292 898 2345 39
935 2291 986 2342 in
1016 2290 1278 2343 Joannem
1315 2300 1510 2344 nostra!
1536 2290 1732 2360 tinguw
1755 2291 2035 2344 traderem.
2067 2291 2374 2360 Legendum
2411 2293 2554 2345 enim
2585 2292 2656 2345 25
2685 2303 2848 2346 tomos
2880 2294 3025 2348 illius
3065 2297 3118 2349 in
3145 2295 3497 2365 jMatthrcum,

221 2385 546 2454 Corruptam
580 2384 865 2462 lectionem
905 2382 1165 2437 Erasmus
1192 2383 1242 2435 in
1276 2381 1495 2437 Censur.
1523 2381 1616 2434 lib.
1648 2381 1860 2449 Origen.
1883 2419 1896 2441 ,
1929 2379 2116 2435 Sixtus
2149 2379 2404 2435 Senensis
2435 2381 2685 2435 Biblioth.
2712 2383 2804 2437 lib.
2843 2395 2990 2447 tv,et
3015 2384 3207 2462 insidii
3237 2387 3504 2446 Simleius

217 2495 286 2533 ac.
313 2478 632 2536 Consules:
647 2455 1218 2546 Frisios-infruniti.
1247 2475 1682 2540 Bibt'.,‘Gesner.
1721 2475 1891 2529 secuti
1924 2485 2069 2529 sunt.
2105 2473 2361 2530 Mendosa
2401 2491 2619 2546 quoque
2655 2477 2741 2531 illa
2777 2479 2831 2531 in
2866 2455 3348 2582 Ruﬁnixlgtéectiva
3378 2498 3414 2537 ιι
3445 2465 3502 2538 in

220 2571 630 2642 Hieronymum,
659 2571 711 2625 in
744 2571 945 2640 quibus
971 2569 1040 2623 26
1073 2571 1321 2639 Origcnis
1347 2571 1398 2623 iu
1432 2569 1742 2623 Mattbaeum
1777 2568 1948 2622 libros
1973 2569 2040 2622 ab
2067 2567 2394 2639 Hieronymo
2418 2583 2875 2626 commemoratos
2910 2571 3076 2628 fuisse
3101 2565 3310 2648 Hiicrt;
3338 2592 3502 2646 quem

218 2664 388 2716 etiam
432 2678 672 2720 errorem
708 2672 933 2718 secutus
960 2671 1046 2716 est
1077 2661 1397 2716 Vincentius
1424 2661 1824 2716 Bellovacensis
1869 2660 2079 2729 Specul.
2111 2662 2399 2716 docti-incl.
2430 2663 2524 2716 lib.
2562 2679 2718 2726 xvtu,
2747 2679 2865 2734 cap.
2904 2664 2992 2719 45.
3033 2663 3100 2719 Ut
3124 2649 3194 2720 ut
3219 2677 3322 2731 est,
3355 2671 3502 2738 prio-

219 2771 339 2810 rem
375 2763 650 2810 tomorum
683 2755 899 2808 illorum
929 2763 1134 2823 partem
1155 2753 1476 2822 jamdudum
1509 2762 1724 2821 tempus
1754 2753 2077 2820 absumpsit,
2114 2762 2276 2821 atque
2306 2753 2351 2807 si
2379 2763 2615 2822 quatuor
2647 2756 2841 2823 exigua
2872 2756 3176 2812 admodum
3195 2757 3502 2829 fragmenta

218 2847 528 2916 exceperis,
563 2846 696 2900 nihil
730 2861 761 2899 e
791 2846 1068 2914 prioribus
1105 2860 1296 2898 novem
1329 2844 1490 2898 tomis
1532 2843 1694 2898 hodie
1728 2850 1995 2911 superest.
2045 2839 2413 2895 Posteriorem
2445 2851 2650 2910 partem
2687 2859 2716 2897 a
2742 2842 2929 2898 Matth.
2957 2861 3078 2912 xm,
3111 2847 3202 2911 39,
3232 2863 3407 2917 usque
3434 2847 3504 2902 ad

227 2941 390 2994 ﬁnem
422 2941 615 3009 partim
641 2939 827 2994 Grzece
855 2948 910 2994 et
936 2939 1141 3004 Latine,
1175 2941 1367 3009 partim
1395 2939 1582 2993 Latine
1611 2949 1822 2993 tantum
1854 2937 2138 2992 habemus.
2166 2936 2353 2991 Graeca
2379 2953 2407 2990 a
2433 2937 2616 2992 Matth.
2649 2954 2770 3007 xm,
2802 2939 2890 3002 56,
2915 2942 2980 2994 ad
3009 2957 3144 3006 xxu,
3176 2942 3266 3005 53,
3293 2944 3504 3014 primus

233 3034 293 3084 in
327 3032 493 3085 lucem
530 3030 704 3084 edidit
735 3029 1137 3084 illustrissimus
1165 3027 1359 3084 Petrus
1393 3028 1580 3082 Daniel
1616 3026 1866 3093 Huetius,
1899 3041 1964 3080 ac
1998 3041 2137 3080 nova
2167 3042 2265 3082 sua
2294 3027 2738 3097 interpretatione
2772 3028 2964 3084 Latina
3009 3031 3253 3098 donavit,
3299 3035 3504 3091 omissa

234 3128 422 3188 veteri,
453 3140 620 3194 quam
655 3139 756 3178 nos
799 3124 1012 3178 duabus
1049 3123 1115 3178 de
1145 3123 1328 3178 causis
1374 3122 1714 3176 retinendam
1741 3163 1756 3188 ,
1799 3130 1853 3176 et
1885 3121 2075 3176 saltem
2112 3121 2166 3175 in
2209 3122 2316 3175 ima
2365 3123 2681 3192 paginarum
2724 3138 2819 3178 ora
2852 3127 3345 3195 repraesentandam
3378 3146 3506 3187 esse

229 3222 561 3277 credidimus
593 3241 605 3274 :
638 3221 691 3274 1°
727 3219 880 3286 Quod
919 3221 1020 3275 etsi
1066 3220 1249 3274 minus
1292 3220 1534 3290 elegans,
1573 3220 1682 3272 imo
1724 3219 1955 3274 barbara
2007 3219 2329 3288 plerumque
2362 3219 2644 3286 videatur,
2679 3220 3031 3279 nihilominus
3063 3223 3269 3281 Graecis
3307 3227 3506 3282 intelli-

233 3319 419 3388 gendis
465 3325 520 3372 et
555 3317 622 3371 ad
670 3318 956 3372 sanitatem
1005 3316 1355 3371 restituendis
1387 3316 1688 3385 saepissime
1719 3314 1975 3380 inservit;
2023 3314 2082 3367 2"
2108 3315 2254 3384 quod
2303 3329 2412 3369 non
2461 3315 2533 3369 ibi
2581 3316 2801 3383 desinit,
2837 3317 2925 3371 ubi
2967 3318 3165 3374 desinit
3217 3332 3506 3380 contextus

234 3413 471 3476 Graecus,
502 3413 598 3469 sed
630 3413 696 3467 ad
730 3411 965 3467 Mattluei
997 3415 1156 3466 tinem
1195 3428 1368 3482 usque
1411 3412 1773 3482 progreditur,
1808 3420 1861 3466 et
1895 3411 1976 3466 sic
2008 3425 2130 3481 quae
2163 3409 2656 3482 Gmcedeperdita
2692 3423 2841 3477 sunt,
2886 3411 3076 3470 Latine
3105 3416 3508 3486 quodammodo

239 3512 488 3566 restituit.

301 3605 378 3657 Ad
404 3589 661 3660 bomilias
692 3603 745 3658 in
776 3603 975 3658 Lucam
1005 3604 1148 3673 quod
1185 3603 1396 3668 attinet,
1432 3617 1556 3657 cum
1587 3601 1942 3672 epistolarum
1967 3599 2021 3654 S.
2048 3600 2238 3670 lgnatii
2266 3602 2520 3672 martyris
2546 3603 2869 3659 Antioclieni
2893 3604 3150 3659 disertam
3177 3609 3506 3667 mentionem

233 3696 396 3751 faciat
430 3697 654 3752 homilia
701 3708 886 3762 sexta,
933 3706 986 3752 et
1037 3697 1444 3766 Ignatianarum
1479 3697 1837 3766 epistolarum
1876 3696 2200 3752 auctoritate
2235 3697 2476 3767 jugulari
2527 3713 2586 3751 se
2640 3699 3096 3766 persentiscerent
3151 3698 3507 3760 beterodoxi.

233 3787 633 3859 Presbyteriani
668 3789 830 3856 vulgo
854 3787 1008 3849 dicti,
1044 3788 1246 3857 quibus
1279 3787 1659 3858 episcoporum
1693 3787 1829 3842 ordo
1855 3787 2107 3856 displicet
2142 3789 2472 3858 presbyteris
2504 3805 2567 3843 ex
2598 3789 2719 3858 jure
2756 3790 2942 3845 divino
2969 3794 3238 3862 superior,
3275 3795 3511 3849 incredi-

236 3883 343 3936 bile
368 3882 519 3936 dictu
549 3890 634 3936 est
661 3891 795 3951 quot
831 3897 948 3936 sese
975 3881 1050 3936 illi
1077 3881 1253 3936 modis
1285 3880 1621 3937 versaverint
1646 3890 1705 3936 ut
1732 3881 1986 3935 bomilias
2020 3881 2070 3933 in
2107 3879 2308 3935 Lucam
2337 3881 2554 3952 Origeni
2581 3882 2902 3944 adimerent,
2935 3893 2989 3938 et
3021 3885 3246 3953 petitum
3285 3886 3409 3939 inde
3441 3887 3511 3941 ad

237 3977 638 4046 lgnatianarum
665 3977 1019 4047 epistolarum
1046 3978 1329 4032 veritatem
1363 3977 1712 4032 astruendam
1743 3985 2126 4046 argumentum
2163 3977 2423 4031 radicitus
2455 3977 2767 4032 evellerent.
2809 3979 2914 4032 Alii
2949 3986 3121 4033 totum
3159 3980 3302 4034 istud
3335 3981 3514 4036 homi-

235 4073 431 4127 liarum
464 4087 602 4142 Opus
633 4074 894 4126 natalium
941 4071 1255 4126 Latinorum
1289 4072 1505 4128 indiciis
1546 4079 1755 4127 scatere
1801 4072 2173 4134 clamitarunt,
2204 4071 2365 4140 idque
2411 4072 2641 4140 probare
2674 4074 2818 4128 serio
2862 4075 3090 4128 tentavit
3117 4074 3351 4131 Dallzcus
3383 4093 3508 4147 pag.

235 4169 340 4224 459
371 4179 424 4223 et
455 4169 583 4235 440,
609 4169 777 4222 variis
805 4168 859 4222 in
892 4167 1128 4222 medium
1160 4168 1389 4238 prolatis
1415 4182 1538 4238 quae
1575 4182 1642 4221 ex
1675 4167 1795 4221 istis
1832 4167 2072 4220 bomiliis
2099 4167 2388 4235 descripsit
2417 4167 2572 4230 locis,
2602 4169 2693 4221 sed
2724 4183 2845 4236 quae
2873 4170 3052 4223 solutu
3084 4179 3261 4225 tamen
3286 4174 3514 4226 omnino

234 4264 420 4320 facilia
464 4273 586 4317 sunt
631 4262 878 4316 animum
915 4261 1210 4315 attendenti
1241 4261 1436 4329 partim
1471 4260 1536 4314 ad
1567 4268 1783 4314 artatem
1818 4258 2060 4312 auctoris
2083 4255 2354 4327 Origenis,
2401 4259 2493 4327 qui
2523 4274 2638 4322 cas,
2671 4268 2802 4312 teste
2831 4258 3181 4333 Hieronymo,
3213 4261 3392 4318 adhuc
3419 4259 3522 4334 ju~'
3602 4318 3604 4320 ,

237 4356 390 4410 venis
423 4354 750 4423 composuit,
779 4353 975 4422 partim
1008 4353 1073 4408 ad
1111 4353 1456 4422 interpretem
1489 4352 1904 4424 Hieronymum,
1937 4351 2028 4406 cui
2061 4351 2116 4405 in
2151 4351 2424 4405 vertendis
2453 4349 2656 4407 Graicis
2687 4352 2869 4408 sciunt
2892 4347 3087 4407 eruditi
3121 4353 3364 4408 solemne
3395 4371 3518 4412 esse

241 4449 497 4504 nonnulla
531 4448 807 4504 interdum
843 4448 908 4502 dc
939 4465 1040 4502 suo
1073 4449 1332 4502 inserere.
1380 4448 1541 4503 Certe
1591 4449 1782 4503 harum
1833 4447 2179 4502 bomiliarum
2217 4447 2599 4518 primigenium
2637 4458 2913 4503 auctorem
2949 4465 3057 4503 non
3094 4451 3369 4516 Latinum,
3420 4455 3515 4508 sed

243 4542 486 4598 Gracum
511 4557 634 4597 esse
665 4541 862 4594 invicte
889 4541 1078 4608 probat
1115 4540 1338 4596 Graecus
1366 4551 1680 4603 contextus.
1731 4541 1890 4609 cujus
1936 4541 2231 4594 maximam
2264 4551 2470 4609 partem
2509 4541 2668 4595 hodie
2718 4553 3172 4611 repnesentamus
3202 4563 3267 4602 ex
3301 4550 3516 4607 schedis

245 4654 370 4693 mss.
397 4637 712 4692 Combeiisii
748 4646 801 4690 et
841 4635 1046 4700 Grabii,
1083 4636 1176 4704 qui
1207 4636 1274 4690 ad
1299 4651 1426 4691 suos
1459 4652 1592 4690 usus
1625 4638 1775 4689 illum
1814 4651 1844 4690 e
1879 4636 2048 4690 variis
2098 4651 2230 4690 mss.
2265 4636 2579 4705 Anglicanis
2609 4645 2664 4689 et
2698 4634 2992 4692 Gallicanis
3025 4640 3308 4696 codicibus
3353 4659 3516 4698 erue-

245 4743 384 4787 runt.
417 4731 537 4787 Huc
570 4733 710 4786 adde
739 4720 884 4801 quod
920 4740 1141 4786 sanctus
1176 4729 1540 4801 Hieronymus
1573 4732 1625 4784 in
1659 4731 1918 4799 Catalogo
1954 4731 2094 4783 inter
2125 4745 2289 4800 opera
2341 4745 2370 4783 a
2403 4745 2460 4784 se
2490 4729 2655 4794 edita,
2692 4730 2745 4784 in
2775 4730 2976 4785 Lucam
3010 4732 3261 4788 bomilias
3298 4736 3517 4804 triginta

245 4845 429 4883 novem
455 4829 672 4892 recitat,
704 4837 758 4881 et
791 4828 841 4880 in
871 4828 1090 4897 prologo
1118 4827 1184 4879 ad
1216 4825 1436 4879 Paulam
1473 4836 1528 4880 ct
1559 4825 1916 4880 Eustochium
1947 4825 2187 4879 declarat
2222 4840 2281 4878 se
2307 4839 2401 4878 eas
2428 4839 2490 4878 ex
2525 4821 2760 4893 Origene
2790 4827 3157 4881 transtulisse.
3197 4825 3351 4881 Hunc
3395 4827 3518 4881 Ilie-

247 4925 448 4994 ronymi
481 4924 764 4993 prologum
797 4922 966 4975 totum
1001 4921 1052 4974 in
1100 4937 1252 4975 suam
1287 4919 1607 4974 Invectivam
1653 4921 1997 4988 transcripsit
2031 4919 2284 4983 Rufinus,
2317 4931 2371 4972 et
2404 4918 2532 4988 quid
2571 4919 2622 4971 in
2657 4919 2759 4972 hoc
2789 4935 2953 4989 opere
2986 4921 3146 4974 inﬁde
3179 4923 3520 4978 transtulerit

244 5015 624 5086 Hieronymus,
648 5013 883 5068 ostendit
910 5021 1003 5066 aut
1033 5011 1245 5076 innuit;
1282 5011 1349 5065 de
1387 5019 1584 5064 caetero
1617 5011 1750 5079 quin
1783 5010 2140 5080 primigenius
2165 5011 2392 5064 istarum
2425 5009 2775 5064 bomiliarum
2807 5020 2995 5066 auctor
3027 5012 3094 5066 sit
3121 5012 3402 5083 Origenes,
3451 5032 3518 5069 ne

246 5112 408 5164 ullum
433 5108 655 5180 quidem
687 5107 912 5160 dubium
951 5117 1150 5159 movet.
1183 5104 1324 5174 Ergo
1357 5105 1583 5174 perinde
1608 5103 2084 5175 aqueronymus,
2115 5119 2209 5159 eas
2237 5103 2456 5174 Origeni
2489 5105 2765 5159 ascribere
2809 5107 3116 5160 censendus
3143 5117 3224 5162 est
3259 5107 3512 5168 Ruﬁnus.

246 5206 520 5260 Reclamat
563 5213 744 5256 tamen
783 5203 962 5256 Dallrei
995 5202 1408 5272 ὑπερασπιστὴς
1443 5199 1727 5255 Matthmus
1766 5199 2158 5270 Larroquanus
2203 5201 2258 5254 in
2311 5201 2427 5255 suis
2470 5201 2536 5255 ad
2574 5198 2891 5272 Ignatianas
2921 5200 3203 5257 Pearsonii
3246 5203 3518 5262 Vindicius

243 5299 734 5359 observationibus,
779 5306 831 5350 et
865 5307 923 5351 ut
962 5297 1214 5350 bomilias
1249 5297 1300 5349 in
1350 5295 1556 5351 Lucam
1606 5311 1830 5367 quoquo
1861 5298 2025 5351 modo
2055 5296 2276 5367 Origeni
2304 5297 2520 5367 eripiat,
2554 5312 2792 5368 sequens
2845 5298 3081 5352 instituit
3118 5300 3464 5356 ratiocinium
3498 5321 3514 5360 :

251 5413 270 5445 ‹
308 5394 483 5458 Initio,
514 5393 713 5463 inquit,
747 5393 958 5461 imperii
980 5392 1242 5447 Antonini
1276 5391 1574 5446 Caracallze
1608 5392 1701 5461 qui
1739 5407 1967 5462 regnare
2000 5392 2164 5462 erepit
2218 5407 2362 5446 anno
2406 5391 2619 5447 Domini
2653 5391 2781 5454 212,
2816 5402 2936 5461 post
2960 5389 3148 5459 lgnatii
3197 5395 3516 5466 martyrium

249 5491 367 5553 105,
400 5489 665 5559 Origenes
708 5504 910 5542 annum
944 5489 1118 5542 aetatis
1156 5489 1374 5543 circiter
1424 5503 1548 5541 χιιιί
1602 5487 1883 5556 attigerat;
1917 5486 2302 5541 Alexandriam
2349 5503 2456 5541 non
2504 5487 2722 5556 penitus
2755 5485 3042 5554 dereliquit
3078 5496 3203 5540 ante
3243 5488 3516 5543 decimum

245 5584 535 5639 Alexandri
569 5583 755 5638 Severi
788 5599 1014 5646 annum,
1044 5585 1149 5638 hoc
1176 5593 1279 5648 est,
1311 5593 1436 5638 ante
1467 5598 1672 5638 annum
1703 5582 1907 5637 Christi
1935 5582 2064 5646 254,
2093 5583 2268 5638 aetatis
2305 5598 2417 5637 suae
2443 5597 2565 5634 var
2595 5580 2677 5633 vel
2713 5595 2878 5633 xu'n.
2909 5578 3098 5633 Nullas
3128 5589 3307 5634 autem
3340 5581 3516 5635 bomi-

247 5676 344 5732 lias
377 5678 556 5731 adhuc
589 5676 877 5744 scripsisse
913 5686 1128 5732 constat
1154 5693 1216 5732 ex
1253 5679 1393 5731 libro
1420 5686 1573 5732 sexto
1609 5677 1849 5742 Eusebii,
1884 5693 2004 5746 cap.
2046 5676 2136 5732 24.
2176 5677 2249 5730 lbi
2299 5677 2442 5731 enim
2479 5684 2763 5729 enumerat
2795 5689 2957 5743 opera
2989 5673 3173 5727 omnia
3220 5689 3341 5742 qua:
3388 5673 3516 5728 Ale-

247 5773 486 5828 xandria:
517 5772 910 5837 elaboraverat,
947 5774 1093 5826 nulla
1133 5774 1352 5842 penitus
1382 5773 1612 5830 istarum
1659 5773 2006 5828 bomiliarum
2057 5773 2333 5827 mentione
2382 5770 2561 5837 facta;
2596 5779 2646 5825 et
2679 5786 2798 5840 cap.
2831 5768 2900 5824 52
2929 5767 3170 5838 ejusdem
3219 5768 3340 5822 libri
3375 5766 3515 5821 idem

567 5870 840 5928 ΡΑτιιοι..
874 5869 990 5929 Gn.
1035 5869 1207 5929 XIII.

3122 5867 3151 5921 1
