3872 6532
362 365 424 422 il
1550 357 1891 417 PRRJFATN

2104 356 2250 414 [ΟΜ.
2295 356 2384 414 lli.
3278 390 3285 397 .
3569 367 3633 422 te

359 485 630 542 Eusebius
680 493 946 539 memorat
973 480 1222 552 Origenis
1259 480 1667 538 lucubrationes
1707 481 1971 537 Caesarea:
2003 480 2058 535 in
2085 478 2378 536 Palaestina
2405 480 2658 551 scriptas,
2690 489 2745 536 et
2783 496 2920 552 quas
2958 481 3184 540 Athenis
3215 494 3632 558 composuerat;

360 579 711 635 homiliarum
740 587 923 634 autem
956 593 1060 631 non
1089 576 1354 631 meminit.
1389 575 1514 632 llzec
1540 575 1724 631 omnia
1769 575 1816 630 si
1850 573 2100 630 conferas
2127 589 2254 630 cum
2286 573 2557 644 capitibus
2586 575 2639 641 5,
2672 574 2760 640 15,
2796 575 2884 642 16,
2927 575 3019 641 25,
3055 576 3107 630 in
3141 591 3201 630 ea
3235 577 3408 647 magis
3435 579 3634 634 contir-

360 675 598 730 maberis
627 675 901 744 opinione,
938 683 1063 728 ante
1093 681 1307 727 aetatem
1338 672 1544 726 virilem
1577 671 1831 727 homilias
1859 685 1971 725 non
2003 669 2293 740 scripsisse
2327 668 2615 741 Origenem
2647 687 2662 724 :
2699 678 2752 724 et
2775 669 2820 724 si
2857 668 3024 724 haeret
3055 670 3150 724 tibi
3199 669 3397 740 aliquis
3433 673 3536 727 hac
3567 673 3634 728 de

361 783 420 822 re
445 769 756 838 scrupulus,
789 768 973 822 animo
999 766 1156 821 facile
1182 767 1471 832 eximetur,
1506 775 1797 837 postquam
1831 764 2072 820 audieris
2105 764 2458 834 sexagenario
2487 762 2748 834 majorem
2785 761 2955 818 fuisse
2983 760 3294 833 Origenem,
3340 779 3463 818 cum
3501 779 3635 820 suas

361 863 616 918 homilias
647 863 810 918 scribi
855 877 1051 932 passus
1094 869 1177 916 est
1213 881 1226 916 :
1263 863 1406 932 quod
1435 877 1464 916 a
1492 863 1628 917 viris
1653 861 1830 917 doctis
1857 860 2300 916 animadversum
2329 859 2571 930 quidem,
2611 874 2716 912 non
2768 868 2948 944 autem
3000 868 3256 915 accurate
3302 851 3659 944 perpensum?

363 972 460 1012 nec
491 967 677 1012 exacte
704 957 1061 1026 ponderatum
1114 958 1301 1012 mirari
1328 957 1463 1013 satis
1521 973 1753 1027 nequeo,
1791 972 1914 1012 cum
1965 965 2146 1010 tamen
2191 955 2240 1009 id
2294 955 2494 1010 diserte
2533 962 2759 1009 testetur
2791 953 3081 1017 Eusebius,
3129 953 3217 1009 cui
3249 952 3344 1007 uni
3380 953 3434 1006 in
3467 953 3635 1009 rebus

361 1051 607 1122 Origenis
635 1054 757 1122 plus
803 1054 1130 1108 credendum
1167 1054 1441 1118 existimo,
1472 1069 1634 1125 quam
1673 1054 1918 1124 pluribus
1964 1051 2309 1124 ilieronymis
2341 1052 2421 1106 vel
2448 1051 2676 1106 liulinis.
2720 1049 2852 1104 Rem
2890 1050 2963 1104 ita
2994 1059 3181 1104 narrat
3214 1049 3484 1105 Eusebius
3527 1049 3654 1125 ωλι

361 1158 434 1208 vt,
478 1159 597 1213 cap.
631 1144 699 1198 56
737 1163 749 1198 :
783 1143 914 1200 Cum
941 1145 1068 1215 ﬁdes
1096 1157 1307 1210 nostra,
1359 1159 1413 1201 ut
1445 1163 1544 1217 par
1595 1157 1729 1211 erat,
1763 1156 2043 1218 augeretur
2087 1148 2141 1200 in
2176 1147 2308 1210 dies,
2351 1155 2399 1200 et
2443 1146 2685 1198 doctrina
2719 1143 3142 1198 Christianorum
3186 1159 3394 1196 summa
3440 1121 3655 1212 ubique.

359 1234 598 1290 libertate
633 1236 916 1304 frueretur,
963 1237 1210 1309 Origenes
1236 1240 1352 1310 jam
1383 1241 1726 1310 sexagenario
1777 1240 1969 1309 major,
2005 1247 2182 1308 utpote
2225 1239 2313 1308 qui
2341 1253 2405 1290 ex
2437 1238 2690 1290 diuturna
2711 1237 3082 1290 exercitatione
3111 1235 3397 1288 maximum
3420 1233 3633 1288 dicendi

361 1344 514 1382 usum
563 1330 665 1383 sibi
697 1345 1074 1402 comparasset,
1105 1337 1377 1388 conciones
1401 1352 1528 1405 quas
1551 1335 1772 1390 habebat
1817 1343 1884 1388 ad
1915 1334 2166 1404 populum
2195 1351 2226 1387 a
2271 1335 2499 1387 notariis
2545 1334 2715 1402 excipi
2745 1333 3002 1402 permisit,
3027 1347 3145 1385 cum
3192 1331 3248 1384 id
3300 1338 3456 1384 antea
3511 1314 3632 1399 ﬁeri

361 1440 627 1494 nunquam
660 1427 1018 1482 concessisset.
1048 1426 1124 1482 Ex
1162 1429 1245 1483 his
1275 1429 1627 1500 consequitur
1660 1429 1991 1500 Hieronymo
2038 1429 2365 1499 imposuisse
2400 1429 2747 1484 homiliarum
2778 1429 2832 1483 in
2869 1427 3074 1483 Lucam
3103 1427 3345 1483 codicem
3379 1424 3633 1496 Origenis

370 1522 590 1575 nomine
639 1531 1040 1591 praenotatum;
1085 1533 1139 1578 et
1177 1535 1324 1580 certe
1379 1525 1670 1581 verisimile
1721 1534 1805 1580 est
1849 1523 1990 1581 falso
2025 1525 2229 1580 codicis
2265 1525 2420 1580 titulo
2465 1525 2716 1580 delusum
2757 1523 2927 1580 fuisse
2976 1521 3402 1592 Hieronymum;
3442 1529 3630 1574 tamen

361 1616 624 1682 quoniam
655 1617 709 1671 in
761 1619 868 1674 illis
901 1619 1143 1674 homiliis
1172 1619 1402 1676 eximias
1438 1620 1558 1675 illas
1608 1620 1811 1691 ingenii
1858 1619 2170 1692 Origeniani
2207 1619 2364 1674 dotes
2409 1635 2516 1673 non
2569 1617 3034 1674 animadvertebat
3074 1631 3195 1686 quae
3241 1615 3297 1669 in
3349 1613 3630 1683 germanis

359 1707 612 1779 Origenis
646 1713 864 1782 scriptis
908 1715 1112 1770 micare
1153 1716 1348 1783 solent,
1386 1717 1455 1772 ab
1483 1731 1548 1771 eo
1577 1716 1871 1771 admodum
1899 1716 2096 1786 juvene
2134 1717 2366 1786 scriptas
2412 1715 2552 1772 falso
2590 1717 2800 1786 putavit
2835 1733 2848 1769 :
2882 1729 3010 1768 nam
3053 1710 3411 1783 sexagenario
3442 1707 3628 1778 major

359 1814 474 1860 erat
507 1805 766 1878 Origenes
797 1825 921 1865 cum
952 1812 1204 1868 homilias
1234 1828 1362 1868 suas
1391 1829 1530 1883 quas
1561 1813 1792 1868 habebat
1837 1814 1904 1868 ad
1944 1813 2202 1882 populum
2230 1828 2260 1867 a
2291 1813 2519 1868 notariis
2545 1811 2721 1882 excipi
2747 1810 3012 1880 permisit.
3044 1807 3331 1862 Errantem
3363 1804 3628 1874 Hierony-

360 1912 511 1952 mum
541 1908 760 1954 secutus
809 1913 895 1954 est
941 1899 1192 1968 Ruﬁnus,
1223 1917 1288 1958 eo
1329 1904 1504 1974 magis
1537 1904 1681 1973 quod
1726 1903 1878 1958 illum
1915 1903 2246 1974 suggillandi
2280 1905 2627 1960 occasionem
2673 1911 2884 1957 tantum
2918 1900 3232 1972 quaerebat;
3280 1913 3405 1954 cum
3439 1905 3624 1952 autem

357 2003 480 2042 eam
510 1988 564 2043 in
594 1989 946 2046 homiliarum
972 1992 1201 2048 istarum
1237 1993 1429 2048 Latina
1457 1993 1813 2049 translatione
1838 2003 2032 2049 nactus
2062 2007 2227 2060 esset,
2270 1995 2370 2050 soli
2395 1995 2599 2051 codicis
2627 1993 2788 2050 titulo
2824 1994 3074 2058 adhaesit,
3103 2007 3204 2047 nec
3225 1991 3456 2060 amplius
3483 1992 3626 2046 scire

365 2076 632 2133 laboravit
655 2090 787 2129 num
815 2097 940 2136 vere
967 2082 1218 2152 Origenis
1253 2093 1458 2148 essent,
1491 2083 1636 2153 quod
1663 2097 1725 2136 ex
1766 2082 1980 2136 illarum
2011 2086 2417 2152 comparatione
2449 2101 2572 2140 cum
2609 2085 2858 2162 genuinis
2906 2085 3054 2140 illius
3083 2083 3336 2154 operibus
3370 2080 3618 2151 dignosci

361 2183 593 2240 poterat.
630 2193 648 2224 ›
691 2173 866 2230 Habes
892 2175 1036 2245 quod
1065 2173 1408 2228 ineluctabile
1435 2174 1662 2243 putabat
1701 2173 1988 2228 Matthaws
2037 2173 2426 2245 Larroquanus
2461 2187 2870 2248 argumentum,
2919 2177 3015 2232 sed
3064 2175 3210 2246 quod
3260 2175 3619 2230 nihilominus

357 2265 562 2322 nullius
611 2277 694 2322 est
727 2265 986 2336 ponderis
1037 2281 1130 2320 seu
1186 2264 1468 2328 momenti,
1503 2273 1685 2333 utpote
1715 2261 1852 2318 falso
1879 2262 2149 2332 principio
2183 2263 2502 2328 subnixum,
2548 2279 2741 2335 nempe
2780 2263 3076 2319 Eusebium
3107 2265 3376 2319 allirmare
3407 2264 3613 2318 nullam

353 2359 642 2432 Origenem
696 2361 932 2417 edidisse
977 2360 1257 2414 homiliam
1306 2367 1431 2414 ante
1468 2359 1645 2413 aetatis
1689 2374 1802 2413 suae
1847 2373 2054 2412 annum
2103 2374 2192 2412 ιι.
2245 2360 2409 2428 Atqui
2435 2359 2488 2414 id
2520 2375 2628 2414 non
2657 2360 2791 2416 dicit
2818 2359 3108 2415 Eusebius.
3157 2357 3214 2413 Μ
3255 2373 3424 2411 unum
3457 2357 3618 2419 dicit,

352 2450 640 2523 Origenem
689 2461 815 2508 ante
846 2452 1023 2509 aetatis
1069 2468 1181 2507 sua:
1214 2467 1416 2506 annum
1448 2451 1848 2521 sexagesimum
1895 2465 2005 2505 non
2041 2451 2358 2522 permisisse
2392 2461 2451 2507 ut
2478 2453 2772 2508 conciones
2807 2469 2945 2522 quas
2980 2452 3214 2507 habebat
3257 2451 3325 2505 ad
3358 2450 3618 2521 populum

354 2563 384 2601 a
425 2545 654 2602 notariis
698 2546 1095 2615 exciperentur.
1133 2545 1282 2609 Esto,
1318 2559 1423 2599 non
1466 2544 1791 2614 permiserit.
1822 2541 2078 2614 Nunquid
2113 2561 2219 2600 non
2250 2553 2545 2614 potuerunt
2567 2545 2758 2600 saltem
2806 2545 3032 2615 aliquot,
3063 2543 3374 2614 cujusmodi
3405 2549 3532 2596 sunt
3565 2542 3617 2594 in

354 2637 556 2692 Lucam
585 2638 978 2701 oratiunculae,
1029 2638 1148 2707 ipso
1181 2653 1287 2692 non
1336 2637 1712 2707 permittente,
1763 2645 1858 2691 aut
1903 2636 2097 2703 inscio,
2153 2637 2264 2690 imo
2293 2638 2457 2692 etiam
2494 2638 2701 2706 invito,
2737 2653 2770 2693 a
2801 2637 3028 2692 notariis
3058 2635 3315 2692 novitatis
3341 2634 3518 2689 avidis
3563 2645 3620 2690 et

351 2729 492 2786 lucri
534 2731 748 2802 cupidis
795 2726 1004 2800 excipi?
1041 2729 1182 2796 Quid
1211 2730 1392 2784 obstat
1426 2729 1722 2800 quominus
1756 2727 1809 2782 id
1841 2726 1973 2782 olim
2001 2737 2260 2799 expertus
2295 2729 2367 2784 sit
2396 2729 2682 2801 Origenes,
2711 2731 2858 2800 quod
2892 2745 3038 2785 nunc
3082 2728 3248 2784 etiam
3291 2728 3393 2783 sibi
3432 2726 3618 2781 invitis

349 2822 599 2878 accidere
648 2821 889 2892 quotidie
936 2830 1240 2892 queruntur
1285 2821 1625 2877 celeberrimi
1681 2819 2128 2888 concionatores,
2182 2837 2414 2892 quorum
2463 2837 2745 2878 sermones
2792 2823 2988 2877 notarii
3036 2822 3234 2877 occulti
3281 2819 3618 2888 surripiunt?

355 2933 384 2966 ι,
421 2915 548 2982 Sed,
579 2918 754 2988 inquit
783 2917 1193 2987 Larroquanus,
1228 2915 1498 2974 Eusebius
1522 2931 1630 2971 non
1655 2916 1963 2972 omissurus
2008 2915 2202 2972 fuisset
2229 2915 2480 2990 Origenis
2509 2933 2608 2989 pro
2636 2917 2934 2988 lgnatianis
2965 2919 3212 2988 epistolis
3242 2915 3616 2972 testimonium

347 3007 492 3078 quod
517 3017 696 3063 exstat
724 3008 946 3063 homilia
976 3016 1126 3063 sexta
1156 3008 1210 3061 in
1237 3006 1464 3071 Lucam,
1494 3007 1539 3063 si
1565 3021 1664 3077 pro
1690 3007 1926 3078 genuino
1952 3003 2203 3076 Origenis
2233 3008 2344 3064 fetu
2378 3009 2480 3062 hoc
2501 3009 2849 3062 homiliarum
2875 3023 3014 3078 Opus
3042 3008 3340 3062 habuisset.
3380 3004 3442 3060 Si
3467 3006 3616 3060 enim

345 3098 558 3154 lacinia:
599 3097 879 3171 Polycarpi
911 3100 1155 3170 epistolae
1185 3114 1294 3154 non
1329 3099 1531 3155 oblitus
1563 3108 1667 3166 est,
1695 3114 1795 3154 nec
1833 3097 2022 3170 lgnatii
2051 3101 2333 3156 sententia:
2368 3102 2437 3156 ab
2463 3101 2666 3156 Irenaeo
2713 3110 3044 3167 memoratae,
3075 3116 3195 3165 cur,
3223 3115 3430 3170 quaeso,
3464 3113 3608 3170 pra:-

345 3194 668 3250 termisisset
699 3194 878 3250 locum
908 3209 974 3249 ex
1000 3192 1224 3248 homilia
1261 3201 1413 3248 sexta
1465 3192 1518 3246 in
1547 3191 1749 3248 Lucam
1796 3193 2199 3264 depromptum,
2229 3193 2319 3246 ubi
2356 3193 2612 3264 martyris
2657 3194 2848 3264 lgnatii
2896 3193 3122 3262 epistola
3154 3193 3447 3248 laudatur?
3489 3210 3509 3243 ι
3541 3191 3616 3248 At

343 3285 621 3342 inﬁrmum
662 3289 842 3343 adhuc
889 3288 992 3343 hoc
1035 3294 1119 3342 est
1166 3285 1503 3355 Larroquani
1545 3295 1947 3356 argumentum.
2000 3285 2108 3340 Pro
2141 3286 2380 3355 genuino
2416 3288 2562 3341 enim
2590 3283 2840 3356 Origenis
2869 3300 3032 3356 opere
3068 3286 3302 3340 habebat
3344 3283 3614 3340 Eusebius

341 3380 511 3438 libros
542 3384 680 3450 Περὶ
729 3384 952 3452 ἀρχῶν,
986 3383 1079 3437 ubi
1110 3384 1212 3438 ista
1256 3381 1461 3436 Christi
1490 3382 1649 3436 verba
1689 3401 1700 3435 :
1740 3381 1850 3452 Ego
1885 3398 1986 3436 non
2018 3398 2134 3437 sum
2169 3380 2489 3435 dwmonium
2523 3382 2918 3450 incorporeum,
2976 3381 3214 3436 citantur
3256 3395 3323 3434 ex
3354 3377 3612 3432 Doctrina

342 3477 528 3544 Petri;
568 3488 806 3534 attamen
841 3495 965 3533 cum
998 3479 1187 3534 eadem
1224 3479 1276 3531 in
1310 3492 1420 3532 una
1455 3476 1646 3547 lgnatii
1671 3478 1898 3548 epistola
1933 3477 2295 3546 reperiantur.
2327 3476 2514 3532 mirari
2557 3492 2616 3532 se
2643 3476 2775 3532 dicit
2811 3475 3078 3532 Eusebius
3109 3475 3252 3530 unde
3276 3475 3376 3530 ista
3410 3476 3609 3544 depro-

340 3586 490 3626 mere
530 3572 770 3641 potuerit
795 3572 1076 3641 .lgnatius.
1133 3570 1370 3626 Eusebio
1402 3569 1566 3641 igitur
1594 3571 1648 3624 in
1681 3571 2002 3624 memoriam
2030 3587 2138 3626 non
2183 3570 2391 3626 redibat
2412 3570 2660 3642 Origenis
2687 3570 2859 3635 locus,
2893 3586 2993 3625 nec
3022 3579 3302 3640 propterea
3325 3568 3450 3639 jure
3483 3569 3610 3638 quis

340 3666 410 3720 ab
437 3662 668 3734 Origene
713 3663 880 3718 libros
927 3663 1067 3730 Περὶ
1097 3662 1319 3732 ἀρχῶν,
1365 3671 1459 3716 aut
1499 3661 1754 3716 homilias
1783 3662 1836 3715 in
1869 3659 2070 3715 Lucam
2112 3662 2523 3732 abjudicaverit.
2575 3663 2748 3720 Instat
2790 3662 3177 3732 Larroquanus
3209 3680 3222 3716 :
3258 3662 3496 3717 homilia:
3539 3663 3610 3720 59

341 3760 596 3828 scriptor,
638 3759 888 3829 quisquis
917 3759 1008 3822 sit,
1051 3757 1248 3814 Isaiam
1285 3767 1340 3812 et
1385 3756 1634 3812 Psalmos
1678 3756 1980 3811 litteraliter
2011 3773 2040 3811 a
2073 3757 2390 3814 Sadduczeis
2427 3759 2732 3814 intellectus
2777 3759 2852 3813 ait
2887 3777 2900 3812 :
2937 3773 3062 3812 nam
3095 3773 3220 3813 cum
3263 3759 3510 3828 quaedam
3537 3774 3606 3814 ex

340 3864 573 3925 utroque
615 3855 753 3910 libro
788 3855 1079 3920 attulisset,
1110 3869 1232 3925 quae
1264 3853 1622 3924 spiritualiter
1656 3866 1778 3908 esse
1804 3852 2120 3921 accipienda
2157 3853 2365 3921 deﬁnit,
2407 3871 2525 3925 qua:
2547 3855 2748 3921 omnia,
2775 3855 2976 3924 inquit,
3016 3855 3364 3924 corporaliter
3408 3854 3610 3908 intelli-

337 3950 574 4021 gentibus
609 3950 940 4016 Sadducteis,
988 3951 1078 4021 qui
1113 3958 1264 4004 erant
1293 3950 1466 4020 portio
1493 3947 1827 4016 Iudaeorum,
1859 3949 1992 4003 dicit
2035 3948 2329 4006 Salvator:
2363 3952 2590 4008 Nescitis
2629 3951 2957 4022 Scripturas,
2994 3970 3154 4024 neque
3201 3955 3442 4008 virtutem
3485 3954 3604 4009 Dei.

335 4046 393 4102 id
419 4062 547 4102 vero
591 4063 621 4102 a
659 4047 911 4118 genuinis
937 4045 1188 4118 Origenis
1217 4045 1497 4117 opusculis
1523 4045 1762 4100 alienum
1792 4059 1914 4101 esse
1953 4054 2124 4115 patet,
2154 4063 2278 4102 cum
2306 4063 2335 4101 a
2365 4046 2680 4103 Sadducaeis
2707 4063 2814 4102 non
2844 4049 2984 4103 alios
3015 4065 3175 4119 quam
3201 4047 3402 4120 Moysis
3433 4049 3608 4105 libros

333 4159 395 4201 ex
435 4151 551 4197 toto
580 4141 761 4198 Veteri
791 4142 1158 4197 Instrumenta
1183 4141 1455 4197 admissos
1479 4149 1792 4198 constanter
1817 4141 2042 4197 scribat.
2086 4141 2242 4197 Solos
2285 4141 2449 4197 Mosis
2487 4143 2650 4196 libros
2689 4144 2948 4212 recipiunt
2977 4142 3263 4198 Samarin
3305 4152 3354 4196 et
3393 4141 3606 4197 Saddu-

333 4234 464 4296 cari,
498 4234 706 4302 inquit,
752 4233 892 4286 libro
944 4233 1122 4302 primo
1166 4243 1350 4287 contra
1383 4232 1616 4299 Celsum,
1654 4247 1807 4287 num.
1839 4233 1930 4301 49,
1965 4241 2019 4288 et
2061 4240 2276 4287 tractat.
2323 4232 2394 4287 22
2440 4233 2494 4287 in
2543 4233 2852 4288 Matthteum
2905 4254 2918 4290 :
2968 4235 3252 4290 Sadducari
3294 4235 3602 4307 Scripturas

334 4323 470 4376 alias
500 4331 652 4376 extra
674 4323 838 4377 libros
874 4323 1136 4378 Mosaicos
1159 4341 1262 4378 non
1290 4325 1546 4394 legebant,
1579 4341 1670 4379 nec
1696 4327 1837 4394 ipsos
1861 4325 2084 4396 legentes
2110 4325 2486 4394 intelligebant.
2535 4325 2614 4381 lta
2646 4336 2803 4382 vetus
2830 4329 3096 4398 interpres
3127 4328 3377 4384 Latinus.
3413 4329 3599 4386 Grmca

334 4413 492 4468 aliter
522 4428 580 4468 se
615 4414 817 4470 habent
849 4435 862 4469 :
903 4414 1190 4470 Sadducwi
1236 4416 1401 4470 aliam
1451 4416 1785 4487 Scripturam
1818 4435 1851 4471 a
1887 4417 2047 4487 legali
2090 4434 2193 4470 non
2223 4418 2546 4484 admittunt;
2583 4428 2638 4475 et
2675 4422 2864 4490 paucis
2904 4423 3202 4493 interjectis
3254 4443 3268 4478 :
3315 4423 3600 4480 Sadducwi

330 4504 639 4575 Scripturas
669 4522 786 4576 qua:
817 4505 980 4577 legem
1005 4516 1314 4577 sequuntur,
1346 4524 1448 4562 non
1477 4509 1788 4562 admittunt.
1832 4510 1890 4564 Si
1923 4524 2048 4564 vere
2093 4508 2354 4580 Origenes
2385 4521 2530 4567 esset
2561 4513 2654 4583 qui
2689 4515 2743 4568 in
2787 4513 2988 4570 Lucam
3028 4518 3248 4586 scripsit
3278 4517 3345 4572 de
3381 4517 3598 4573 Sadtlu-

330 4603 479 4665 caeis,
522 4619 630 4656 non
664 4604 820 4659 aliter
867 4605 1108 4658 locutum
1149 4620 1270 4660 esse
1295 4621 1395 4674 par
1426 4614 1510 4660 est
1540 4605 1781 4660 credere.
1819 4606 1992 4660 Aliter
2025 4615 2207 4660 tamen
2253 4607 2497 4677 loquitur
2543 4611 2777 4680 scriptor
2827 4611 3065 4667 homilia:
3105 4613 3195 4667 59.
3231 4611 3371 4683 Ergo
3405 4615 3598 4668 saltem

330 4691 445 4746 htec
478 4691 704 4746 homilia
750 4691 819 4746 ab
865 4691 984 4760 ipso
1015 4691 1266 4762 Origenis
1313 4694 1504 4763 genio,
1536 4709 1721 4760 more,
1757 4711 1821 4750 ac
1855 4711 2016 4751 sensu
2051 4696 2226 4751 aliena
2254 4706 2371 4764 est,
2423 4707 2477 4753 et
2526 4701 2754 4770 proinde
2807 4718 2907 4772 pro
2955 4705 3140 4774 spuria
3171 4705 3356 4759 haberi
3409 4707 3596 4770 debet,

328 4783 637 4854 Respondet
679 4784 1001 4840 Pearsonius
1037 4785 1356 4854 scriptorem
1389 4785 1625 4841 homilia:
1666 4787 1733 4842 59
1765 4786 1818 4840 in
1849 4785 2052 4842 Lucam
2086 4802 2194 4841 non
2230 4786 2498 4845 aﬂirmare
2533 4791 2861 4849 Sadducaeos
2892 4796 3187 4865 prOphetas
3233 4799 3286 4851 in
3329 4813 3596 4852 canonetn

329 4879 733 4950 Scripturarum
769 4880 1056 4949 recepisse.
1091 4879 1203 4935 Hoc
1235 4889 1443 4934 tantum
1477 4880 1632 4944 dicit,
1663 4879 1996 4936 Sadduczeos
2030 4881 2172 4936 male
2208 4882 2541 4940 intellexisse
2584 4888 2895 4957 prophetas.
2936 4887 3238 4944 Potuerunt
3266 4899 3468 4953 autem,
3512 4891 3598 4944 in-

325 4978 464 5045 quit,
497 4986 550 5031 et
582 4977 902 5046 intelligere,
942 4985 996 5030 et
1036 4975 1201 5030 etiam
1247 4976 1409 5041 male,
1441 4990 1506 5030 ea
1534 4992 1655 5045 quae
1687 4991 1784 5046 pro
1814 4975 2116 5046 Scripturis
2166 4977 2339 5033 sacris
2373 4994 2484 5034 non
2520 4981 2776 5037 habuere.
2813 4980 2931 5036 Non
2977 4983 3334 5039 admittebant
3366 4982 3593 5053 quidem

327 5064 610 5122 Sadducazi
647 5081 832 5122 sacras
865 5065 1177 5135 Scripturas
1203 5075 1358 5120 extra
1389 5065 1558 5120 libros
1603 5064 1896 5134 Mosaicos,
1933 5067 2175 5134 scilicet,
2221 5067 2400 5138 inquit
2435 5070 2762 5128 Pearsonius
2787 5113 2803 5138 ,
2843 5073 2897 5126 in
2937 5075 3308 5128 controversiis
3340 5075 3465 5144 ﬁdei
3495 5075 3594 5131 de-

325 5159 669 5212 terminandis
703 5175 720 5210 :
751 5171 913 5227 atque
940 5159 1045 5213 hoc
1074 5173 1233 5212 suum
1268 5157 1540 5227 glossema
1572 5159 1928 5213 rabbinorum
1958 5161 2282 5217 auctoritate
2314 5172 2499 5217 tuetur
2537 5181 2550 5218 :
2587 5164 2734 5233 quod
2771 5164 2984 5219 abunde
3015 5165 3232 5221 sullicit.

392 5250 695 5317 Antequam
734 5250 859 5305 huic
892 5250 1318 5322 prazfatiunculm
1350 5251 1475 5306 linis
1526 5251 1872 5322 imponatur,
1923 5252 2086 5322 justas
2118 5254 2454 5310 defensionis
2508 5257 2648 5311 ratio
2689 5257 2802 5327 jam
2839 5273 2869 5312 a
2922 5274 3007 5312 me
3056 5261 3330 5328 postulat,
3372 5270 3429 5316 ut
3464 5277 3586 5317 eam

320 5345 574 5413 repellam
623 5345 1059 5402 criminationem
1111 5362 1221 5418 qua
1270 5347 1325 5400 in
1375 5362 1462 5402 me
1510 5363 1643 5403 usus
1671 5356 1754 5403 est
1783 5347 2041 5403 dominus
2073 5349 2298 5405 Alexius
2345 5349 2657 5406 Desessarts
2696 5353 2750 5406 in
2799 5353 2980 5408 libello
3010 5351 3214 5408 Gallice
3259 5355 3464 5424 scripto
3494 5356 3582 5410 cui

320 5436 534 5488 titulum
566 5435 692 5491 fecit
722 5455 734 5490 :
767 5437 988 5505 Defense
1021 5439 1092 5492 du
1117 5438 1395 5494 sentiment
1423 5439 1512 5493 des
1541 5442 1707 5494 saints
1733 5439 1888 5494 Peres
1917 5449 1964 5493 et
1993 5441 2082 5493 des
2109 5440 2348 5496 docteurs
2380 5443 2705 5514 catholiques
2736 5463 2830 5499 sur
2853 5446 2900 5500 le
2923 5457 3102 5500 retour
3130 5447 3283 5516 {utur
3306 5447 3503 5513 d‘Elic,
3532 5459 3583 5501 et

315 5546 409 5582 snr
435 5529 488 5581 la
530 5529 778 5584 véritable
819 5531 1142 5602 intelligence
1193 5533 1282 5586 des
1331 5518 1616 5597 Ecritures,
1663 5533 1751 5586 ubi
1801 5548 1923 5603 pag.
1965 5534 2066 5588 158
2093 5545 2147 5588 et
2173 5553 2326 5607 seqq.
2365 5537 2480 5591 htec
2510 5538 2766 5608 leguntur
2803 5537 3115 5593 :L‘éditeur
3147 5540 3210 5592 de
3248 5539 3304 5592 la
3342 5540 3580 5594 derniére

314 5624 515 5676 edition
549 5623 638 5676 des
670 5622 901 5678 (Euvres
927 5624 1210 5695 d’0rigéne
1245 5643 1276 5679 a
1301 5627 1399 5678 mis
1427 5627 1459 5679 ὰ
1486 5626 1537 5678 la
1576 5626 1675 5678 téte
1701 5628 1772 5679 du
1801 5629 1990 5679 second
2021 5630 2222 5683 volume
2251 5647 2350 5684 une
2377 5631 2586 5700 préfuce
2615 5632 2683 5684 ait
2718 5633 2760 5685 il
2784 5634 3022 5704 emptique
3053 5633 3107 5687 la
3133 5634 3372 5687 méthode
3395 5633 3582 5689 d’0ri-

315 5717 437 5786 géne
476 5735 609 5786 pour
631 5720 940 5788 interpreter
966 5719 1273 5777 l’Ecriture.
1310 5723 1360 5776 Il
1394 5740 1446 5777 se
1469 5725 1568 5792 [ait
1611 5725 1794 5793 gloire,
1821 5725 1983 5788 dit-il,
2016 5724 2081 5778 de
2111 5728 2286 5795 copier
2325 5743 2380 5780 ce
2411 5743 2508 5797 que
2536 5728 2764 5782 l’auteur
2785 5730 2854 5782 du
2872 5729 2999 5784 Sens
3040 5730 3242 5782 littéral
3272 5740 3318 5782 et
3353 5729 3424 5781 du
3458 5746 3579 5785 scus

313 5811 570 5880 mystique
598 5810 687 5866 des
717 5814 912 5866 saintes
939 5811 1232 5881 Ecritures,
1268 5817 1407 5871 selon
1437 5817 1488 5870 In
1520 5818 1755 5872 doctriue
1784 5820 1872 5873 des
1903 5818 2080 5886 Péres,
2113 5839 2144 5874 a
2175 5824 2251 5875 (tit
2277 5839 2368 5876 sur
2392 5840 2446 5877 cc
2471 5824 2626 5890 sujet,
2660 5826 2791 5878 dans
2823 5825 2870 5878 le
2898 5826 3088 5879 second
3125 5825 3360 5895 chapitre
3391 5825 3456 5878 de
3480 5839 3578 5879 son
