3872 6514
321 353 389 411 l5
870 290 880 313 ’
1535 345 1905 404 PREFATIO
1947 346 2039 401 an
2084 345 2248 403 ron.
2302 336 2439 402 1n.”
3088 301 3091 303 ’
3530 345 3596 403 l6

1136 496 1375 554 DOMlNl
1414 497 1672 553 CA‘ROLI
1706 494 2041 553 DELARUE
2078 492 2260 549 VITE
2304 490 2778 550 COMPENDIUM.

391 645 637 702 Corbeiae
667 642 810 717 apud
840 643 1138 700 Ambianos
1164 660 1212 698 tv
1244 639 1363 697 Kal.
1402 642 1540 712 Aug.
1573 657 1664 697 an.
1699 640 1839 697 i685
1864 649 2025 696 natus
2052 638 2115 694 Ι).
2147 639 2381 695 Carolus
2410 637 2660 701 Delarue,
2684 636 2874 693 Meldis
2898 636 3217 693 adolescens
3264 633 3323 691 S.
3366 634 3596 693 Faronis

320 742 381 795 in
410 744 663 800 coenobio
701 743 968 799 solemnia
1009 741 1286 813 religionis
1332 749 1459 796 vota
1492 738 1606 795 Deo
1650 740 1989 809 nuncupavit
2038 753 2093 792 xu
2130 735 2250 791 Kal.
2278 735 2426 804 .Dec.
2461 751 2551 790 an.
2598 735 2759 790 1705.
2790 734 2918 789 inde
2961 732 3266 805 theologia,
3315 730 3595 788 Hebraicis

321 832 638 906 Graecisque
682 835 877 890 litteris
928 834 1236 889 institutum
1284 830 1343 887 Β.
1381 830 1697 888 Bernardus
1742 830 1809 887 de
1851 829 2202 888 Moutfaucon
2239 830 2325 885 vir
2353 828 2503 885 omni
2545 826 2866 884 eruditionis
2897 825 3058 882 laude
3102 825 3443 882 clarissimus
3489 823 3593 880 sub

322 924 483 981 tinem
515 942 606 981 an.
630 926 780 1007 1712
806 925 1133 995 discipulum
1161 924 1263 981 sibi
1299 923 1522 980 accivit.
3609 919 3621 999 ς

391 1020 643 1092 Origenis
673 1020 918 1091 Hexapla
954 1020 1156 1090 publici
1182 1020 1327 1091 juris
1372 1018 1606 1076 faciebat
1635 1017 1699 1073 D.
1752 1017 2064 1075 Bernardus
2107 1017 2176 1075 de
2212 1015 2564 1073 Montfaueon
2586 1057 2602 1082 ,
2644 1015 2889 1087 illudque
2921 1014 3036 1070 fore
3074 1013 3333 1071 censebat
3365 1012 3597 1071 utilissi-

320 1133 473 1172 mum
513 1118 558 1173 si
584 1117 794 1189 reliqua
832 1116 967 1172 tanti
995 1116 1280 1187 scriptoris
1314 1130 1502 1187 opera,
1533 1122 1646 1171 tam
1676 1115 1764 1172 illa
1795 1129 2031 1186 quorum
2064 1114 2257 1169 Latina
2284 1123 2495 1169 tantum
2538 1121 2788 1183 superest
2823 1112 3215 1181 interpretatio,
3255 1126 3419 1180 quam
3474 1126 3599 1180 quae

322 1210 507 1267 Graeca
537 1212 605 1267 ad
632 1226 733 1266 nos
756 1220 1147 1281 pervenerunt,
1196 1212 1263 1266 ad
1304 1220 1550 1267 veterum
1588 1210 2092 1280 manuscriptorum
2124 1209 2287 1265 ﬁdem
2322 1216 2730 1278 revocarentur,
2759 1206 2812 1259 in
2855 1218 3136 1274 unumque
3180 1219 3381 1273 corpus
3408 1202 3596 1259 omnia

321 1306 673 1363 convenirent
704 1324 718 1360 :
762 1306 910 1377 quod
955 1321 1055 1362 nec
1100 1306 1305 1362 factum
1355 1308 1426 1363 ab
1462 1306 1662 1363 liuetio
1695 1307 1791 1378 qui
1824 1306 2037 1373 Graeca,
2086 1320 2187 1360 nec
2216 1320 2247 1360 a
2296 1303 2527 1360 Merlino
2554 1302 3012 1372 Genebrardoque
3050 1300 3146 1371 qui
3175 1299 3390 1365 Latina,
3419 1314 3599 1370 eaque

320 1402 532 1459 mendis
559 1404 760 1475 ubique
790 1404 1051 1459 scatentia
1082 1403 1386 1460 ediderant.
1441 1403 1540 1460 Ast
1584 1403 1730 1471 aliis,
1782 1417 1885 1459 nec
1915 1400 2147 1457 minoris
2173 1399 2440 1455 momenti
2476 1407 2609 1454 tunc
2643 1398 2877 1468 negotiis
2909 1395 3203 1467 impeditus
3239 1393 3598 1451 doctissimus
3632 1438 3643 1444 -

318 1500 422 1568 vir,
450 1501 787 1570 provinciam
825 1502 969 1558 hanc
1000 1500 1271 1570 discipulo
1304 1500 1620 1555 demandat.
1691 1500 1711 1514 ⁵

390 1597 628 1654 Publicae
676 1598 926 1654 utilitatis
972 1596 1361 1667 promovenda:
1408 1595 1609 1667 cupido
1641 1596 1829 1652 animo
1865 1593 2095 1651 arduum
2128 1608 2269 1664 opus
2307 1590 2621 1661 aggreditur
2666 1587 2731 1643 D.
2782 1586 3014 1642 Carolus
3042 1585 3293 1652 Delarue,
3339 1601 3442 1641 nec
3471 1600 3595 1655 qua:

324 1691 486 1760 vulgo
518 1697 824 1760 sequuntur
856 1688 1079 1744 fastidia
1107 1688 1399 1742 deterrent.
1434 1685 1527 1741 Sic
1556 1694 1702 1742 totus
1730 1686 1979 1743 incubuit
2006 1685 2062 1739 in
2088 1683 2399 1753 Origenem,
2436 1690 2494 1736 ut
2521 1695 2668 1735 anno
2698 1678 2839 1734 1725
2865 1679 2976 1735 duo
2997 1675 3234 1748 Operum
3263 1678 3385 1747 ejus
3414 1679 3599 1748 priora

320 1785 602 1840 volumina
652 1782 795 1854 typis
839 1780 1202 1845 mandaverit,
1237 1793 1360 1849 quae
1385 1777 1680 1848 plaudente
1704 1778 1839 1833 orbe
1869 1776 2136 1833 litterario
2162 1774 2214 1829 i’u
2248 1776 2427 1830 lucem
2460 1772 2781 1843 prodierunt
2811 1786 2955 1827 anno
3004 1771 3226 1826 ineunte
3257 1770 3417 1828 1755.
3451 1771 3598 1828 Inter

321 1888 547 1935 caeteros
593 1877 905 1932 laudatores
947 1876 1029 1931 sic
1056 1876 1123 1931 de
1154 1875 1262 1931 illis
1305 1874 1649 1931 celeberrimi
1679 1873 1958 1929 societatis
1989 1870 2308 1927 Sorbonicae
2338 1870 2592 1925 doctores
2640 1868 2695 1922 in
2738 1868 2900 1939 epist.
2928 1867 2997 1922 ad
3034 1865 3151 1922 RR.
3183 1866 3287 1920 PP.
3319 1868 3595 1937 superior.

323 1986 508 2046 gener.
541 1973 711 2045 prior.
747 1981 801 2029 et
845 1972 1101 2028 monach.
1130 1971 1190 2027 S.
1224 1969 1483 2027 Germani
1525 1985 1555 2024 a
1586 1969 1783 2033 Pratis,
1810 1968 2063 2038 impress.
2101 1983 2195 2023 an.
2237 1965 2394 2031 1755,
2425 1980 2549 2036 pag.
2579 1963 2651 2018 20
2681 1980 2695 2017 :
2722 1961 2845 2017 Non
2884 1972 3077 2033 wgre,‘
3100 1971 3155 2016 ut
3193 1977 3307 2031 spes
3352 1970 3466 2029 est,
3506 1962 3597 2023 in-

320 2069 537 2139 quiunt,
568 2078 805 2123 nostram
826 2067 1334 2122 animadversionem
1355 2067 1485 2136 feret
1513 2065 1905 2120 eruditissimus
1922 2063 2139 2129 Rursus,
2173 2071 2352 2132 utpote
2378 2062 2469 2132 qui
2492 2076 2597 2114 non
2618 2060 2688 2114 sit
2712 2068 2768 2114 ut
2793 2058 2927 2113 levia
2951 2058 3049 2113 illa
3063 2058 3295 2129 ingenia,
3324 2074 3443 2128 qua:
3469 2058 3601 2128 quia

321 2163 454 2216 nihil
490 2162 717 2228 habent,
760 2161 894 2215 nihil
948 2161 1051 2214 sibi
1104 2160 1378 2214 detrahere
1420 2167 1660 2229 possunt.
1701 2162 1962 2213 Accurate
1998 2159 2148 2225 edit,
2201 2166 2449 2211 accurate
2486 2165 2633 2211 notat
2674 2156 2812 2226 quod
2869 2155 3161 2210 notandum
3207 2165 3323 2219 est;
3361 2171 3598 2225 novaque

323 2252 567 2324 Origenis
628 2251 783 2306 editio
819 2266 1009 2322 magno
1039 2266 1242 2320 semper
1282 2252 1383 2305 erit
1423 2258 1732 2320 argumento
1791 2248 1967 2318 ipsum
2017 2265 2048 2302 e
2109 2250 2415 2317 promiscua
2463 2248 2893 2321 quotidianarum
2933 2247 3195 2304 editorum
3240 2248 3395 2303 turba
3425 2264 3598 2305 secer-

325 2348 550 2404 nendum
572 2390 577 2397 .

394 2440 588 2512 (lperis
621 2455 838 2496 summo
869 2439 1111 2510 pontifici
1135 2437 1403 2493 Clementi
1434 2434 1529 2490 Xll
1558 2435 1794 2492 dedicati
1822 2435 2224 2505 nuncupatoria
2263 2435 2493 2506 epistola
2537 2436 2885 2493 sanctissimo
2916 2436 3064 2493 Patri
3099 2438 3236 2494 adeo
3267 2438 3489 2509 placuit,
3534 2451 3597 2498 ut

321 2535 442 2604 ejus
474 2533 818 2589 bibliothecas
852 2547 1054 2603 praeses
1094 2530 1502 2587 illustrissimus
1534 2528 1609 2587 .D.
1641 2528 2047 2599 d’lnghembert
2075 2536 2208 2584 tunc
2232 2527 2554 2585 Theodosia:
2592 2530 3065 2601 archiepiscopus,
3102 2533 3263 2589 hodie
3299 2536 3595 2605 episcopus

325 2625 890 2696 Carpentoractensis,
913 2629 990 2689 ita
1019 2626 1197 2681 amico
1222 2623 1570 2693 rescripserit
1598 2620 1808 2677 auctori
1843 2639 1856 2675 :
1893 2619 2019 2674 Man
2066 2621 2441 2676 tres-reverend
2475 2621 2629 2689 Pére,
2674 2622 2815 2692 j’eus
2847 2623 3123 2679 l’honneur
3164 2625 3228 2680 de
3258 2625 3356 2681 lire
3379 2629 3413 2680 ὰ
3441 2638 3595 2683 notre

324 2721 478 2775 Saint
510 2721 643 2777 Pére
681 2722 729 2776 le
750 2721 897 2791 Pape
928 2729 1071 2775 solre
1095 2719 1262 2790 epitre
1298 2720 1645 2784 dédicatoire,
1682 2719 1774 2774 des
1813 2736 1912 2791 que
1938 2719 1997 2788 je
2028 2717 2158 2773 l’eus
2188 2731 2358 2780 recue.
2406 2714 2480 2771 Sa
2511 2714 2748 2771 Sainteté
2789 2734 2852 2771 en
2890 2719 3122 2772 entendit
3155 2719 3209 2772 la
3238 2718 3435 2774 lecture
3471 2736 3596 2774 accc

319 2830 422 2867 une
464 2814 725 2869 attention
757 2823 807 2869 et
839 2831 940 2868 une
965 2814 1299 2884 satisfaction
1322 2830 1419 2884 que
1449 2814 1508 2883 je
1551 2829 1613 2867 ne
1666 2813 1876 2867 saurois
1916 2827 2041 2865 vous
2057 2812 2318 2879 exprimer
2347 2824 2367 2863 :
2395 2817 2448 2863 et
2485 2825 2549 2863 en
2594 2811 2757 2863 vérité
2781 2810 2839 2879 je
2876 2826 2938 2864 ne
2984 2811 3137 2869 sache
3183 2827 3278 2880 pas
3317 2812 3395 2867 lui
3443 2813 3599 2867 auoir

315 2909 516 2977 jamais
546 2910 659 2963 rien
690 2909 767 2973 lu,
811 2910 993 2980 depuis
1033 2926 1130 2980 que
1161 2909 1265 2978 j’ui
1291 2908 1339 2963 le
1368 2907 1598 2962 bonheur
1623 2906 1787 2961 d’étre
1815 2907 1850 2960 ὰ
1883 2922 1979 2960 son
2012 2906 2226 2971 service,
2254 2904 2345 2974 qui
2383 2902 2461 2957 lui
2498 2903 2575 2957 ait
2606 2904 2697 2972 plu
2725 2904 3036 2974 davantage.
3087 2902 3224 2959 Vous
3244 2920 3438 2974 pouvez
3458 2905 3596 2960 dum:

320 2999 597 3067 imprimer
624 3008 755 3054 cette
779 3000 946 3071 epitre
973 3001 1297 3056 dédicatoire
1316 3000 1662 3070 prdeisdment
1685 3014 1885 3052 comme
1928 3011 2053 3052 vous
2102 3012 2183 3050 me
2221 2995 2384 3050 l’avez
2412 2997 2651 3065 envoyée.
2691 2993 2861 3050 Notre
2894 2994 2952 3051 S.
2986 2994 3118 3049 Pére
3154 2995 3202 3050 le
3230 2995 3393 3065 Papa,
3424 3007 3473 3050 et
3509 2995 3592 3059 ιι,

319 3089 371 3143 le
403 3094 650 3148 cardinal
678 3092 912 3162 Quirini,
953 3096 986 3149 ὰ
1023 3096 1113 3179 qui
1140 3096 1197 3166 je
1239 3095 1333 3149 l’ai
1375 3094 1521 3148 aussi
1548 3091 1967 3162 communiquée,
1995 3091 2181 3161 jugent
2219 3105 2317 3161 que
2353 3105 2479 3144 vous
2517 3105 2580 3143 ne
2620 3103 2815 3157 pouves
2845 3105 2879 3158 υ
2919 3090 3133 3144 toucher
3172 3105 3296 3151 sane
3332 3091 3385 3143 la
3423 3089 3592 3160 gdter.

318 3178 432 3242 "ai
473 3186 751 3242 l‘honneur
793 3187 956 3243 d‘etre
991 3177 1112 3243 aveo
1154 3188 1423 3257 beaucoup
1459 3188 1524 3241 de
1555 3184 1971 3249 consideration,
2012 3199 2133 3238 mon
2183 3178 2569 3238 trés-révérend
2596 3178 2749 3245 Pére,
2776 3187 2876 3234 etc.
2935 3180 2981 3232 Α
3014 3178 3214 3248 Rome,
3260 3180 3309 3236 le
3353 3179 3419 3237 19
3474 3177 3591 3234 Νο·

321 3285 524 3339 tembre
552 3284 709 3339 l75‘2.

397 3377 575 3433 Priori
610 3376 860 3449 Origenis
890 3376 1169 3432 volumine
1195 3383 1437 3446 recepto,
1462 3390 1714 3437 summus
1747 3373 1992 3446 pontifex
2019 3387 2337 3444 expressam
2367 3371 2453 3428 sui
2486 3371 2669 3426 vultus
2702 3369 2999 3441 imaginem
3046 3369 3100 3424 in
3149 3366 3368 3424 duobus
3396 3367 3582 3423 numi-

320 3469 592 3524 smatibus
629 3484 697 3524 ex
727 3483 864 3523 auro
894 3477 949 3523 et
977 3478 1202 3538 argento
1236 3465 1882 3537 (honoriﬁcentissimum
1923 3466 2113 3536 gratia:
2139 3472 2194 3520 et
2225 3462 2615 3520 benevolentiae
2648 3450 2867 3532 pignus)
2896 3461 2965 3516 ad
2992 3471 3268 3516 auctorem
3301 3459 3472 3525 misit,
3498 3474 3592 3516 cut

323 3561 656 3618 hanc'simul
700 3562 989 3632 epistolam
1027 3562 1371 3619 Sanctissimi
1407 3561 1582 3619 Patris
1627 3563 1850 3618 nomine
1894 3561 2114 3631 scripsit
2150 3559 2620 3616 eminentissimus
2663 3557 2961 3613 eardinalis
2998 3556 3193 3612 Firrao
3239 3575 3253 3611 :
3291 3556 3595 3610 Admodum

320 3657 594 3711 reverende
641 3653 820 3711 Pater.
873 3656 1113 3711 Primum
1163 3655 1473 3727 Origeniani
1516 3656 1690 3727 operis
1720 3655 1965 3710 volumen
1991 3671 2024 3707 a
2055 3653 2386 3708 Paternitate
2415 3661 2508 3705 tua
2533 3651 2756 3705 nitidius
2792 3666 2855 3704 ac
2886 3649 3193 3720 diligentius
3222 3664 3379 3719 quam
3412 3657 3593 3712 antea,

318 3751 589 3822 multaque
609 3751 880 3821 perfusum
901 3752 1214 3806 eruditionis
1245 3750 1361 3806 luce
1394 3751 1695 3821 posteritati
1727 3750 1983 3805 traditum
2001 3745 2101 3801 SS.
2136 3746 2295 3800 Pater
2325 3755 2414 3798 tuo
2441 3744 2648 3798 nomine
2676 3744 2777 3797 sibi
2812 3750 3242 3814 reprtesentatum
3274 3740 3399 3794 lteta
3420 3743 3596 3808 [route

321 3850 523 3918 accepit
572 3861 622 3903 et
671 3860 885 3921 gratum
929 3848 1150 3916 habuit;
1190 3858 1342 3903 ratus
1388 3849 1444 3902 in
1480 3848 1577 3903 hoc
1611 3845 2069 3917 ingeniosissimo,
2107 3842 2196 3897 sed
2250 3840 2495 3911 ambiguo
2538 3850 2755 3893 auctore
2792 3838 3221 3908 interpretando,
3256 3837 3515 3891 neminem
3545 3844 3596 3888 te

319 3941 483 3996 latere
514 3943 740 3998 uoluisse
762 3942 940 4010 illum,
988 3943 1281 4014 ubicunque
1303 3944 1584 4010 erraverit,
1614 3959 1731 4009 suo,
1766 3958 1871 3996 non
1906 3940 2183 3995 catholicte
2213 3937 2484 4007 religionis
2517 3937 2712 3990 damno
2740 3950 2983 4000 errasse;
3021 3935 3154 3988 nihil
3195 3933 3352 3987 simul
3386 3932 3440 3986 in
3476 3930 3595 4000 ejus

317 4036 658 4092 enucleandis
696 4038 967 4093 sententiis
994 4038 1089 4092 tibi
1114 4038 1377 4093 excidisse
1398 4037 1541 4108 quod
1567 4036 1895 4091 sanctissimi
1935 4033 2170 4088 instituti
2204 4031 2360 4085 vestri
2396 4029 2673 4083 alumnum
2723 4045 2957 4099 veraeque
2986 4028 3113 4097 ﬁdei
3145 4036 3454 4081 sectatorem
3489 4041 3595 4079 non

315 4127 518 4182 deceat.
556 4128 821 4194 Quocirca
847 4128 1042 4183 donum
1072 4141 1218 4185 tuum
1252 4130 1307 4183 in
1335 4128 1670 4199 amplissima
1698 4126 2145 4196 seleCtissimaque
2178 4121 2491 4177 bibliotheca
2537 4137 2636 4175 sua
2673 4120 2842 4174 locari
2890 4119 3075 4184 voluit,
3108 4120 3341 4190 obsequii
3379 4134 3503 4188 erga
3533 4132 3595 4173 se

320 4220 400 4272 tui
461 4220 832 4280 documentum
857 4262 872 4288 ,
922 4239 1024 4292 quo
1070 4224 1349 4293 pontiﬁcio
1404 4220 1758 4276 benevolentia
1787 4261 1802 4286 ,
1835 4220 1883 4275 si
1935 4236 1998 4273 ea
2043 4217 2137 4273 tibi
2180 4218 2251 4271 sit
2301 4232 2466 4287 opus,
2504 4213 2800 4278 excitetur;
2838 4224 2888 4267 et
2920 4214 3147 4268 excitari
3170 4211 3466 4282 jucundum
3507 4212 3595 4267 illi

317 4310 541 4365 accidet.
572 4312 701 4368 Haec
728 4330 808 4368 me
830 4316 955 4392 ‘luis
990 4315 1185 4368 litteris
1225 4315 1409 4369 addita
1441 4325 1664 4385 paterna
1693 4314 2045 4368 benedictione
2087 4311 2398 4381 respondere
2423 4310 2611 4380 jussit.
2654 4306 2824 4364 Velim
2851 4324 2965 4379 ego,
3004 4318 3061 4361 ut
3094 4324 3194 4377 quo
3231 4307 3356 4361 mihi
3387 4310 3492 4361 sint
3531 4309 3592 4361 in

316 4404 510 4458 honore
541 4406 631 4474 qui
656 4406 818 4459 bonas
852 4406 1035 4459 sedulo
1060 4406 1237 4458 studio
1262 4406 1473 4459 litteras
1498 4413 1879 4474 persequuntur
1910 4403 2119 4468 (horum
2157 4411 2332 4454 autem
2369 4417 2533 4455 unum
2566 4414 2615 4458 te
2650 4419 2757 4458 esse
2783 4401 3079 4473 gratulor),
3121 4413 3363 4467 expertus
3385 4398 3589 4457 discas.

314 4496 497 4555 Roma:
518 4516 594 4555 xu
622 4498 751 4554 Kal.
780 4498 913 4554 Nov.
947 4500 1103 4554 1755.
1132 4496 1395 4554 Paternil.
1429 4510 1534 4554 lttlB
1561 4498 1627 4552 ad
1655 4497 1835 4566 ofﬁcia
1864 4505 2107 4565 paratus,
2139 4503 2239 4549 etc.

388 4592 668 4651 Postrema
692 4596 803 4650 duo
827 4595 1078 4666 Origenis
1102 4596 1378 4650 volumina
1399 4593 1623 4663 jamjam
1652 4593 1873 4646 ineunte
1892 4605 2037 4646 anno
2062 4591 2199 4646 1756
2221 4603 2339 4647 erat
2369 4589 2534 4662 praslo
2563 4590 2959 4646 commissurus
2990 4588 3051 4645 ι).
3080 4588 3311 4644 Carolus
3333 4586 3588 4656 Delarue,

315 4683 371 4737 ni
396 4682 458 4738 ι).
498 4683 763 4741 Vincentii
795 4684 1060 4741 Tbuillier
1087 4687 1309 4757 quicum
1344 4686 1415 4741 ab
1444 4684 1676 4739 solemni
1725 4690 1977 4738 votorum
2027 4683 2434 4752 nuncupatione
2469 4680 2803 4738 amicissime
2849 4698 3063 4752 semper
3089 4682 3319 4748 vixerat,
3363 4683 3587 4753 inopina

315 4788 490 4834 morte
509 4788 638 4834 tunc
660 4779 854 4835 fuisset
875 4795 906 4835 a
927 4782 1205 4851 proposito
1231 4780 1543 4836 deterritus.
1566 4778 1743 4833 Amici
1768 4778 1911 4833 enim
1938 4777 2209 4834 desiderio
2234 4793 2494 4845 manens,
2522 4787 2631 4835 tam
2661 4778 3016 4834 acerbissimo
3037 4780 3496 4849 contabuitluctu,
3527 4790 3593 4836 ut

318 4873 559 4929 thoracis
584 4872 940 4929 distillatione
972 4888 1114 4943 pene
1140 4874 1256 4944 ipse
1278 4872 1647 4935 exanimatus,
1670 4887 1735 4927 ea
1766 4872 1883 4941 lege
1914 4870 2088 4927 fatum
2114 4872 2371 4943 effugisse
2396 4872 2693 4938 videretur,
2724 4881 2784 4927 ut
2809 4873 2973 4927 vitam
3003 4887 3127 4926 cum
3156 4872 3418 4941 languore
3461 4888 3591 4944 per-

314 4974 478 5034 petuo
507 4974 889 5022 commutaret.
937 4966 1090 5034 Quod
1134 4976 1315 5022 tamen
1347 4966 1684 5022 imminentis
1710 4966 1896 5021 obitus
1931 4967 2297 5036 praenuntiam
2328 4966 2607 5037 judicans,
2634 4974 2840 5037 quanto
2866 4967 3040 5037 magis
3075 4966 3305 5038 languor
3336 4970 3590 5037 ingrave-

314 5062 521 5127 scebat,
546 5070 698 5117 tanto
730 5063 904 5134 magis
930 5078 991 5118 ea
1015 5077 1138 5133 qua:
1157 5069 1480 5132 conceperat
1504 5061 1820 5132 foveratque
1838 5060 2166 5117 Christianae
2190 5061 2409 5134 pietatis
2438 5062 2670 5126 semina,
2699 5061 2988 5131 religiosus
3011 5061 3282 5132 adaugere
3309 5059 3585 5117 studebat.

313 5149 537 5209 Interim
571 5164 753 5211 tamen
782 5158 928 5228 quod
958 5157 1161 5228 vigoris
1194 5156 1383 5212 deerat
1427 5157 1597 5211 animi
1639 5157 1898 5212 ﬁrmitate
1945 5159 2228 5228 suppleas,
2264 5159 2484 5213 tertium
2516 5155 2767 5228 Origenis
2796 5157 3054 5212 volumen
3085 5158 3227 5228 typis
3256 5172 3401 5212 anno
3445 5156 3587 5212 1737

313 5246 631 5300 mandatum
665 5246 779 5315 jam
810 5264 947 5318 pene
974 5248 1041 5304 ad
1079 5248 1242 5303 linem
1283 5247 1631 5318 perduxerat,
1661 5263 1785 5304 cum
1817 5249 2004 5319 lingua
2036 5247 2218 5304 subito
2251 5248 2572 5316 immobilis,
2617 5248 2916 5319 dextraque
2959 5249 3207 5318 corporis
3251 5256 3404 5318 parte
3435 5250 3587 5304 omni

313 5351 481 5393 sensu
509 5352 772 5411 motuque
798 5356 1011 5412 expers,
1047 5342 1237 5414 paucis
1262 5341 1458 5397 diebus
1486 5341 1795 5398 exstinctus
1825 5354 1926 5398 est.
1969 5341 2119 5398 Obiit
2153 5342 2381 5397 Lutetia:
2404 5340 2747 5398 Parisiorum
2782 5341 2836 5396 in
2866 5339 3201 5395 monasterio
3230 5338 3289 5394 S.
3323 5338 3587 5394 Germani

314 5445 348 5485 a
376 5429 556 5490 Pratis
587 5434 728 5505 prid.
759 5431 902 5489 Non.
926 5432 1145 5489 Octobr.
1181 5449 1271 5488 an.
1300 5433 1460 5489 1759.
1499 5431 1651 5488 Vixit
1680 5449 1852 5491 annos
1880 5433 1972 5501 54,
2000 5450 2219 5491 menses
2250 5436 2306 5500 2,
2340 5434 2456 5491 dies
2486 5433 2537 5489 7.

384 5525 511 5580 Fuit
540 5525 603 5582 D.
634 5528 865 5584 Carolus
887 5526 1115 5585 Delarue
1144 5526 1509 5585 ammnissimi
1535 5528 1907 5599 elegantisque
1937 5529 2226 5596 sermonis,
2253 5534 2473 5598 apertus
2502 5537 2558 5584 et
2587 5526 2839 5597 simplex,
2866 5527 3005 5582 ﬁdus
3026 5525 3256 5589 amicus,
3286 5522 3586 5580 familiares

311 5616 437 5688 plus
469 5619 700 5691 diligens
728 5635 893 5690 quam
919 5622 1124 5687 colens,
1158 5637 1373 5692 semper
1408 5621 1478 5675 ad
1509 5621 1914 5676 inserviendum
1955 5631 2197 5691 paratus.
2244 5620 2460 5676 Judicio
2505 5630 2561 5676 et
2589 5622 2791 5677 eximio
2819 5629 2871 5676 et
2904 5622 3015 5675 acri
3055 5621 3347 5677 accedebat
3395 5627 3584 5690 vegeta

312 5711 510 5765 excelsi
555 5711 757 5780 ingenii
798 5712 901 5780 vis,
953 5712 1186 5768 facilitas
1235 5713 1618 5783 splendorque.
1648 5710 1905 5769 Pluribus
1938 5723 2065 5769 ante
2104 5723 2333 5771 mortem
2361 5712 2521 5768 annis
2536 5714 2937 5784 gravissimum
2970 5713 3115 5768 aliud
3150 5728 3214 5768 ac
3246 5711 3473 5784 perutile
3500 5708 3581 5762 De

315 5805 723 5875 antiquitatibus
766 5806 1138 5863 ecclesiasticis
1165 5806 1369 5864 Gallice
1399 5806 1855 5865 conscribendum
1890 5821 2029 5879 opus
2074 5809 2368 5864 meditatus
2402 5808 2582 5865 fuerat
2611 5808 2857 5867 eruditus
2884 5809 2986 5875 vir,
3008 5808 3234 5879 jamque
3270 5822 3377 5862 non
3406 5819 3579 5878 pauca
