3872 6514
255 362 308 422 η
1141 341 1468 418 oniGEN'is
1506 361 1934 419 FRAGMENTA
1974 363 2042 418 IN
2082 363 2499 422 moveam.
3407 375 3472 430 ιε

245 497 555 559 congesserat
594 487 657 544 ad
687 492 1082 561 amplissimam
1134 493 1282 547 illam
1336 508 1501 563 quam
1535 493 1834 564 apparabat
1872 491 2088 548 aedilicii
2135 493 2371 556 molem;
2412 490 2507 547 sed
2555 505 2666 561 prae.
2702 491 3010 548 valetudine
3047 493 3223 564 impar
3251 503 3472 549 strenuo

245 583 392 636 factus
440 583 642 649 labori,
695 585 862 641 totius
914 601 1186 640 summam
1239 588 1421 658 operis
1465 587 1687 657 reliquit
1731 586 1918 642 fratris
1973 586 2084 642 lilio
2117 587 2320 642 domno
2352 585 2553 640 Carolo
2603 584 2888 639 Vincentio
2936 585 3162 641 Dclarue
3205 588 3472 641 monacho

240 674 450 742 ejusdem
481 678 912 747 congregationis
958 679 1017 735 S.
1053 679 1248 744 Mauri,
1295 696 1457 751 quem
1498 681 1702 737 idcirco
1734 680 2006 736 Lutetiam
2042 681 2108 735 ad
2155 695 2214 736 se
2240 681 2620 748 advocaverat,
2654 690 2714 737 ut
2747 681 2799 736 in
2855 681 2906 735 id
2954 695 3092 749 opus
3117 679 3319 749 junctis
3350 695 3470 733 cum

239 769 338 837 ipso
379 769 574 825 viribus
611 770 972 838 incumberet,
1015 783 1069 829 et
1099 774 1308 845 aliquid
1355 776 1634 846 acciperet
1665 777 1786 847 opis
1820 777 1873 832 in
1911 775 2162 847 Origenis
2190 776 2449 843 editione,
2481 777 2640 848 cujus
2669 787 3004 847 postremum
3038 774 3290 831 volumen
3329 772 3470 844 quod

238 864 460 920 omnibus
492 879 622 935 pene
667 867 915 922 numeris
941 867 1256 924 absolutum
1287 868 1530 940 reliquit,
1572 885 1700 925 mox
1732 870 1876 942 typis
1898 869 2268 926 mandabitur.

986 1253 1668 1372 ORIGENIS
1722 1190 2681 1371 FRAGMENTA

2717 1085 3182 1094 .————-—————_.—.

3179 1082 3439 1109 “=2:

2393 1088 2771 1111 ____———'
2407 1085 3206 1110 ——'—""———————"“—

591 1497 751 1586 EX
824 1495 1192 1620 LIBBO
1270 1497 1418 1585 DE
1496 1487 2240 1586 PROVERBIIS
2340 1495 3072 1589 SALOMONIS.

1641 1839 2044 1902 MONITUM.

281 1999 352 2054 Ex
376 1999 616 2071 Origenis
643 2000 1015 2069 seriptionibus
1042 2001 1095 2071 in
1124 1998 1412 2054 Proverbia
1461 2001 1592 2054 nihil
1634 2003 1802 2071 reperi
1825 2011 2016 2071 praeter
2041 2003 2312 2070 sequentia
2339 2001 2659 2070 fragmenta,
2691 2016 2910 2071 quorum
2938 2001 3041 2053 duo
3069 2001 3248 2067 priora
3278 1999 3466 2071 Latine

225 2069 636 2142 tantumea‘stant
671 2072 729 2142 in
759 2071 1012 2140 Apologia
1049 2070 1320 2140 Pamphili
1363 2071 1618 2142 martyris
1649 2069 1744 2142 pro
1782 2069 2038 2142 Origene;
2076 2069 2266 2125 caetera
2291 2087 2406 2142 vero
2433 2069 2612 2142 omnia
2636 2069 2971 2142 in'Epitome
3004 2087 3102 2124 sua
3142 2071 3303 2142 refert
3330 2069 3459 2142 Pro-

223 2143 368 2208 copius
392 2141 642 2204 Gaurus,
669 2140 763 2194 illo
785 2142 1047 2194 duntaxat
1095 2153 1307 2210 excepto
1346 2143 1485 2211 quod
1510 2140 1747 2211 pertinet
1770 2143 1838 2197 ad

222 2213 351 2280 theca
389 2211 784 2265 Mazarinianw
813 2211 878 2263 ad
906 2222 1062 2280 caput
1101 2221 1342 2266 octauum
1381 2211 1560 2267 Lucw.

1921 2142 2278 2198 roverbiorum
2301 2159 2338 2205 ι,
2361 2140 2416 2206 6,
2445 2141 2683 2210 quodque
2712 2142 2913 2195 exhibet
2934 2139 3132 2195 Catena
3159 2156 3255 2194 ms.
3288 2140 3468 2193 biblio-

273 2279 436 2335 Sixtus
463 2281 717 2354 Senensis
753 2280 1003 2354 Biblioth.
1045 2297 1160 2337 sac.
1187 2281 1283 2354 lib.
1324 2298 1396 2346 Iv,
1417 2299 1542 2354 pag.
1576 2282 1702 2348 554,
1735 2281 1952 2353 Origeni
1988 2299 2191 2354 quoque
2214 2283 2397 2337 tribuit
2414 2282 2746 2354 Ἐξηγητικά
2775 2283 2828 2354 in
2859 2280 3050 2334 librum
3081 2279 3472 2342 Ecclesiastici,

219 2367 347 2424 eaque
384 2352 529 2424 addit
573 2369 605 2404 a
650 2350 1108 2424 Methodiocitari
1144 2353 1198 2405 in
1240 2353 1374 2406 libro
1413 2350 1509 2407 De'
1533 2350 1954 2424 resurrectione.
1998 2350 2221 2408 Illorum
2255 2364 2427 2408 tamen
2464 2350 2664 2424 ηείγρξ»
2699 2353 2906 2424 quidem
2952 2359 3214 2419 comparet
3267 2360 3375 2402 tum
3408 2366 3465 2403 in

215 2423 344 2489 hujus
375 2422 707 2475 Hethodiani
751 2422 877 2474 libri
913 2422 1222 2492 fragmentis
1252 2440 1370 2492 qua:
1409 2425 1486 2477 vel
1516 2425 1579 2476 ab
1620 2423 1919 2492 Epiphanio
1952 2425 2136 2479 horres.
2191 2441 2302 2490 xlv,
2348 2425 2426 2478 vel
2461 2443 2494 2478 a
2530 2422 2722 2478 Photio
2757 2423 2925 2477 codic.
2967 2436 3232 2486 ccxxxtv,
3271 2435 3464 2488 repue-

217 2502 473 2558 tentantur,
503 2502 625 2546 tum
650 2493 705 2546 in
731 2492 840 2546 illis
868 2509 984 2555 qua:
1005 2503 1210 2547 exstant
1255 2503 1393 2548 tonio
1431 2494 1588 2548 tertio
1622 2494 1964 2549 Bibliotheca’
1992 2494 2375 2565 Lugdunensis.

273 2762 544 2831 lV’idetur
566 2778 748 2821 autem
775 2767 906 2822 mihi
934 2779 987 2825 et
1014 2769 1099 2822 illa
1117 2770 1346 2825 assertio
1366 2769 1770 2840 quaatransfor-
1803 2779 1846 2834 Α
1874 2771 2184 2827 animarum
2226 2767 2507 2839 perveniat
2546 2776 2602 2824 et
2641 2767 2697 2823 in
2729 2769 3037 2823 dannonum
3083 2775 3360 2828 naturam,
3401 2773 3464 2818 ut

211 2856 325 2909 mari
357 2858 572 2912 animas
608 2859 674 2913 dc
702 2860 1021 2930 corporibus
1061 2860 1113 2913 in
1151 2862 1255 2915 alia
1295 2877 1522 2932 corpora
1552 2878 1774 2917 asseve-

212 2955 298 3013 rat,
328 2951 642 3017 pervenisse
674 2952 838 3006 etiam
873 2953 924 3004 in
954 2953 1170 3021 aliquos
1200 2968 1388 3005 eorum
1423 2953 1515 3022 qui
1550 2953 1776 3009 Christo

208 3040 396 3096 credere
424 3042 720 3106 videntur,
768 3059 832 3098 ex
880 3044 1208 3113 quibusdam
1241 3043 1536 3114 Scriptura:
1571 3054 1776 3100 sancta:

209 3135 591 3199 occasionibus,
645 3151 754 3190 non
814 3135 1176 3207 intelligentes
1219 3137 1494 3206 quomodo
1548 3139 1773 3209 intelligi

207 3223 408 3282 debeant
443 3243 578 3298 quae
613 3229 743 3299 scrij
766 3237 817 3283 ta
842 3237 991 3283 sunt.
1020 3227 1138 3283 Non
1164 3229 1308 3284 enim
1334 3229 1776 3286 animadvertunt

207 3321 448 3385 quomodo
499 3321 677 3374 homo
708 3319 992 3383 eﬂiciatur,
1046 3329 1142 3375 aut
1187 3321 1390 3390 pullus,
1434 3331 1530 3376 aut
1575 3338 1771 3393 equus,

205 3419 281 3465 aut
331 3415 535 3480 mulus,
587 3425 639 3467 ct
686 3423 1014 3483 putaverunt
1045 3411 1429 3468 transformari
1470 3414 1770 3470 humanum

206 3508 415 3559 animum
456 3506 512 3560 in
574 3505 845 3574 pecudum
889 3520 1142 3575 corpora,
1172 3513 1233 3558 ut
1267 3505 1604 3561 aestimarent
1627 3509 1771 3577 quod

207 3594 471 3666 aliquando
500 3598 784 3666 serpentis
820 3597 1050 3666 suscipit
1073 3611 1275 3666 corpus
1306 3597 1392 3652 vel
1423 3597 1644 3668 viperae,
1674 3600 1773 3652 ali-

207 3690 396 3755 quando
423 3690 584 3760 equi,
630 3690 714 3749 ναι
743 3690 1080 3760 reliquorum
1113 3690 1459 3745 animalium.
1490 3690 1608 3744 lam
1641 3707 1772 3762 ergo

204 3791 516 3850 consequens
541 3788 634 3835 est
657 3780 840 3838 ethoc
872 3781 995 3836 illos
1022 3781 1203 3837 dicere
1224 3781 1444 3849 debere,
1474 3783 1621 3852 quod
1653 3783 1772 3837 dia-

207 3868 337 3926 bolus
365 3874 452 3943 qui
499 3875 596 3928 leo
641 3872 694 3927 in
744 3871 1041 3943 Scripturis
1085 3875 1304 3937 dicitur,
1337 3889 1564 3945 corpore
1597 3876 1770 3931 leonis

208 3972 381 4029 utatur,
416 3975 510 4020 aut
547 3967 810 4022 draconis
841 3969 1131 4034 carnibus,
1167 3986 1290 4025 cum
1326 3972 1493 4026 draco
1518 3969 1770 4023 nomina-

205 4060 292 4108 tur.
340 4054 408 4109 Ita
449 4058 561 4110 erit
617 4067 676 4110 ut
737 4057 1036 4111 secundum
1087 4058 1208 4112 illos
1249 4058 1632 4114 transmutatio
1664 4058 1767 4111 ista

205 4281 288 4333 ει(
323 4284 458 4338 ΤΩΝ
506 4285 847 4361 omnem
861 4287 967 4361 I_‘.‘_I_
985 4289 1140 4361 1:1;
1169 4291 1318 4361 in}:
1369 4291 1773 4344 naporum:
1806 4308 1844 4361 υ

715 4357 759 4407 Σ
765 4359 856 4408 ΟΛ
866 4357 1220 4410 ΟΜΩΝΤΟΣ.

842 4465 1000 4519 ΚΕΦ.
1029 4467 1106 4519 Α’.

255 4557 556 4626 Παροιμίαι
611 4557 999 4626 Σολομῶντος
1044 4557 1181 4613 υἱοῦ
1217 4556 1417 4612 Δαυΐδ.
1458 4561 1582 4624 Υἱὸς
1611 4558 1774 4614 Actum

201 4649 275 4700 ita".
307 4651 332 4701 ὁ
362 4651 558 4722 Σωτὴρ
585 4649 825 4718 λέγεται.
868 4643 1037 4714 Οὗτος
1071 4652 1340 4724 εἰρηνικὸς
1380 4651 1537 4722 ἡμῶν
1578 4653 1770 4724 Σωτὴρ

200 4743 228 4794 ό
252 4743 564 4812 γενόμενος
601 4744 672 4797 ἐκ
704 4742 1044 4813 σπέρματος
1073 4745 1273 4811 Δαυϊὸ,
1293 4750 1356 4799 τὸ
1381 4745 1530 4799 κατὰ
1546 4745 1764 4814 σάρκα,

199 4834 524 4889 ἐϐασίλευσεν
566 4838 625 4888 ὲν
673 4835 907 4908 Ἰσραήλ.
943 4836 1035 4889 Διὸ
1060 4837 1154 4890 καὶ
1183 4837 1471 4908 ἐπεγράφη
1508 4838 1605 4909 τὴν
1631 4839 1770 4910 ὑπὲρ

197 4927 476 5001 ἀνθρώπων
515 4931 832 5000 οἰκονομίαν
863 4927 1032 4982 τελῶν
1052 4947 1064 4958 ·
1098 4926 1290 4995 Οὗτός
1319 4931 1491 4984 ἐστιν
1523 4935 1555 4985 ό
1583 4932 1768 4996 βασι-

196 5020 322 5087 λεὺς
365 5023 486 5077 τῶν
529 5022 856 5078 Ἰουδαίων.
899 5021 1140 5076 Ἰουδαῖοί
1175 5023 1338 5091 εἰσιν,
1358 5023 1386 5074 ὁ
1416 5024 1631 5096 Ἰσραὴλ
1651 5065 1664 5088 ,
1694 5019 1770 5078 ὧν

197 5113 448 5183 εἰρηνικὸς
492 5115 686 5186 Σωτὴρ
730 5114 1000 5185 βασιλεύει
1027 5114 1102 5180 ὡς
1135 5115 1478 5185 διορατικῶν,
1511 5116 1606 5168 ἐὰν
1637 5110 1770 5171 ὦσιν

195 5205 387 5276 ἀληθῶς
416 5209 660 5279 Ἰσραήλ.
685 5211 766 5262 Οὐ
794 5208 903 5278 γὰρ
933 5209 1066 5262 ὅσοι
1096 5208 1333 5278 σπέρμα
1357 5205 1463 5260 τοῦ
1490 5209 1766 5278 Ἀϐραὰμ,

198 5297 415 5366 πάντως
471 5300 573 5354 καὶ
621 5301 821 5363 τέκνα,
879 5299 956 5371 τῷ
1015 5299 1091 5371 μὴ
1140 5303 1316 5353 ποιεῖν
1373 5299 1441 5353 τὰ
1491 5299 1630 5370 ἔργα
1673 5301 1767 5354 τοῦ

204 5390 460 5463 Ἀϐραάμ.

258 5486 362 5538 Τοῦ
398 5486 621 5555 γνῶναι
671 5490 896 5558 σοφίαν
939 5489 1036 5542 καὶ
1069 5488 1362 5544 παιδείαν.
1411 5490 1580 5560 Σοφία
1623 5490 1769 5543 ἐστὶν

191 5576 457 5651 ὲπιττὴμη
502 5580 662 5634 θείων
694 5582 788 5634 καὶ
827 5581 1181 5653 ἀνθρωπίνων
1227 5583 1566 5655 πραγμάτων
1598 5582 1767 5636 κατά-

257 5756 493 5814 ‘Matth.
531 5776 654 5828 xxv,
688 5762 773 5816 Ill.
855 5766 873 5794 ³
898 5761 1052 5817 Rom.
1089 5779 1123 5827 l,
1146 5764 1196 5818 5.

1879 2866 1951 2921 sit
1981 2863 2277 2934 aliquando
2309 2863 2392 2916 vel
2430 2862 2513 2916 leo
2540 2862 2622 2915 vel
2669 2861 2835 2916 draco
2877 2861 3058 2915 anima
3093 2860 3299 2914 habens
3339 2857 3461 2913 dia-
3542 2877 3550 2884 ·

1877 2958 2083 3012 bolum.
2142 2955 2210 3008 Et
2253 2955 2413 3025 paulo
2455 2963 2568 3023 post
2600 2968 2617 3006 :
2654 2951 2757 3007 Sed
2795 2952 3082 3023 superﬂua:
3117 2962 3243 3006 sunt
3270 2965 3463 3005 omnes

1877 3049 1996 3104 ista:
2027 3046 2460 3102 adinventioncs.
2497 3044 2840 3099 Manifestum
2873 3054 2957 3100 est
2989 3046 3135 3098 enim
3168 3043 3314 3113 quod
3354 3057 3462 3096 una

1878 3155 2038 3211 pinna
2076 3149 2187 3194 tam
2215 3138 2528 3193 dazmonum
2569 3146 2779 3190 natura:
2801 3151 2965 3204 quam
3000 3135 3241 3188 humano
3271 3133 3459 3204 generi

1877 3242 2228 3303 peccatorum
2255 3245 2283 3284 a
2312 3228 2540 3282 Domino
2573 3227 2834 3297 praeﬁnita
2865 3227 2934 3280 sit
2957 3226 3047 3280 illa
3077 3240 3240 3294 quam
3278 3223 3464 3278 Domi-

1876 3340 1981 3379 nus
2022 3339 2121 3379 sua
2150 3321 2416 3378 sententia
2449 3320 2770 3392 designavit,
2804 3321 2993 3374 dicens
3030 3335 3043 3372 :
3075 3317 3157 3371 Ite
3191 3319 3248 3370 in
3287 3318 3460 3387 ignem

1877 3425 2154 3481 veternum,
2205 3415 2295 3483 qui
2337 3421 2556 3481 paratus
2598 3421 2674 3465 est
2717 3410 2931 3464 diabolo
2954 3420 3004 3464 et
3034 3409 3232 3480 angelis
3257 3411 3373 3479 ejus
3402 3411 3458 3475 ¹;

1875 3507 2169 3564 ostendens
2208 3506 2336 3578 quia
2375 3507 2565 3562 eadem
2597 3504 2805 3574 species
2841 3517 3129 3574 poenarum
3156 3501 3461 3572 peccatori-

1877 3599 1982 3655 bus
2014 3599 2363 3664 hominibus,
2411 3608 2464 3654 ct
2513 3597 2752 3660 diabolo,
2793 3603 2848 3650 et
2869 3596 3076 3666 angelis
3109 3595 3228 3665 cjus
3251 3608 3462 3664 prepa-

1875 3703 1992 3748 rata
2025 3694 2116 3760 sit,
2169 3693 2296 3748 licet
2334 3692 2388 3746 in
2419 3691 2606 3746 eadem
2637 3705 2800 3760 poena
2832 3689 3048 3746 diversa
3077 3690 3149 3745 sit
3184 3686 3465 3757 quantitas

1875 3801 2069 3855 patum.
2097 3785 2252 3840 Alius
2271 3785 2416 3840 enim
2442 3784 2668 3853 gravius
2690 3799 2756 3839 ac
2777 3784 3156 3840 vehementius
3183 3780 3462 3835 cruciatur

1871 3893 1971 3946 pro
2015 3878 2392 3948 magnitudine
2437 3887 2824 3947 peccatorum;
2881 3876 3021 3930 alius
3051 3883 3231 3930 autem
3265 3873 3463 3929 remis-

1873 3969 2013 4033 sius,
2043 3969 2203 4038 cujus
2234 3969 2439 4024 leviora
2471 3978 2525 4024 et
2549 3967 2794 4023 faciliora
2823 3976 3041 4038 peccata
3069 3974 3216 4022 sunt.

1878 4290 1929 4358 2
1989 4288 2084 4342 ex
2139 4283 2510 4358 omet:le
2537 4283 3119 4358 CQMMENTABHS
3162 4284 3249 4340 IN
3288 4283 3463 4342 PRO-

2295 4356 2556 4410 l’EIlBIA
2594 4356 3044 4412 SALOMONIS.

2546 4469 2698 4525 CAP.
2746 4471 2784 4524 l.

1949 4563 2103 4620 Vcrs.
2140 4566 2188 4620 l.
2234 4564 2524 4618 Proverbia
2557 4564 2861 4619 Salomonis
2905 4564 3005 4632 ﬁlii
3056 4562 3247 4617 David.
3288 4559 3460 4616 Filius

1881 4657 2044 4713 David
2079 4657 2242 4712 etiam
2279 4658 2527 4712 Salvator
2559 4669 2804 4713 vocatur.
2847 4655 2946 4712 ilic
2976 4656 3238 4727 paciﬁcus
3271 4665 3460 4711 noster

1878 4748 2148 4818 Salvator,
2178 4753 2352 4820 factus
2373 4768 2437 4805 ex
2467 4754 2661 4806 semine
2684 4751 2856 4805 David
2874 4751 3158 4806 secundum
3183 4767 3391 4804 carnem
3415 4751 3457 4816 ²,

1873 4844 2118 4914 regnavit
2165 4844 2218 4896 in
2262 4842 2446 4899 Israel.
2499 4844 2706 4900 Idcirco
2752 4854 3061 4915 susceptam
3100 4844 3331 4914 implcns
3361 4858 3460 4910 pro

1875 4940 2189 4995 hominibus
2215 4939 2698 5009 dispensationem,
2724 4939 2937 4994 titulum
2963 4940 3106 4993 hunc
3131 4938 3458 5006 inscriptum

1874 5031 2108 5084 habuit:
2150 5028 2252 5083 Hic
2313 5038 2388 5082 est
2446 5045 2536 5082 rex
2575 5026 2888 5084 Iudaeorum
2925 5030 2963 5082 ’.
3023 5026 3194 5083 Judtei
3227 5068 3242 5094 ,
3293 5026 3458 5082 Israel

1873 5131 2031 5185 sunt,
2084 5136 2316 5190 quorum
2358 5118 2620 5189 paciﬁcus
2671 5118 2920 5174 Salvator
2968 5133 3063 5171 rex
3121 5117 3456 5180 dominatur,

1873 5223 2132 5282 tanquam
2164 5213 2364 5268 animis
2399 5211 2820 5284 perspicacium,
2857 5209 2902 5264 si
2943 5208 3108 5262 modo
3142 5222 3267 5262 vere
3295 5206 3459 5261 Israel

1875 5314 2020 5361 sunt.
2073 5303 2196 5358 Non
2243 5306 2382 5358 enim
2433 5308 2522 5376 qui
2571 5319 2741 5357 semen
2784 5312 2906 5354 sunt
2949 5300 3208 5367 Abrahm,
3245 5299 3458 5353 omnino

1872 5400 2032 5454 etiam
2073 5397 2174 5468 ﬁlii
2207 5398 2248 5466 ‘,
2304 5413 2370 5453 eo
2404 5398 2548 5468 quod
2576 5412 2740 5466 opera
2775 5395 3008 5449 Abraba:
3039 5409 3145 5450 non
3185 5392 3391 5448 faciunt
3413 5390 3456 5444 '.

1947 5490 2105 5546 Vers.
2139 5491 2194 5545 2.
2249 5491 2332 5544 Ad
2367 5489 2640 5544 sciendam
2669 5488 2988 5558 sapientiam
3015 5497 3063 5542 et
3095 5485 3456 5553 disciplinam.

1877 5580 2157 5654 Sapientia
2221 5590 2306 5638 est
2364 5581 2676 5636 divinarum
2734 5570 3214 5649 humanarumque
3273 5589 3458 5632 rerum

1278 5764 1295 5794 ³
1323 5764 1454 5820 Luc.
1484 5765 1747 5832 xxut,’58.
1824 5769 1845 5799 ⁸
1869 5763 2026 5822 Rom.
2060 5781 2134 5829 ix,
2171 5765 2219 5817 7.
2297 5765 2316 5795 ⁸
2344 5760 2500 5818 Joan.
2533 5777 2651 5830 vni,
2692 5762 2779 5818 59.
