3872 6550
341 370 412 449 is
1831 375 2156 434 omcms
3527 377 3599 432 eo

340 508 570 567 scientia
617 516 782 577 atque
844 504 1311 575 comprehensio:
1381 502 1684 560 secundum
1743 513 1923 558 autem

2026 501 2187 573 ληψις
2205 518 2218 531 ·
2249 502 2390 556 κατὰ
2410 500 2468 555 δέ
2488 518 2661 566 τινας,
2693 499 2870 569 ἀτμίς
2897 500 3026 554 ἐστι
3048 498 3158 570 τῆς
3186 497 3292 553 τοῦ
3320 497 3469 553 Θεοῦ
3498 498 3600 553 δυ-

339 597 636 669 quosdam,
670 613 832 667 vapor
868 607 945 649 est
976 596 1185 650 virtutis
1229 594 1345 658 Dei,
1362 604 1412 649 et
1439 595 1701 649 emanatio
1738 593 1922 649 Omni-

340 690 567 761 potentis
610 690 795 759 gloria:
831 693 1081 743 sincera:
1125 685 1258 739 nihil
1294 686 1431 740 enim
1474 686 1920 755 inquinamentum

345 782 571 838 incurrit
615 782 669 833 in
698 779 853 835 illam
888 793 907 833 :
940 777 1188 848 splendor
1238 778 1381 830 enim
1413 789 1488 830 est
1530 776 1663 831 lucis
1714 787 1922 831 interna:

342 883 392 927 et
421 871 691 941 speculum
726 872 838 926 sine
887 870 1099 924 macula
1140 869 1462 938 operationis
1497 867 1617 936 Dei,
1648 878 1697 923 et
1746 870 1921 939 imago

342 961 596 1017 bonitatis
642 961 789 1015 illius
816 961 856 1013 ⁸.
910 958 1014 1026 Qui
1048 959 1336 1029 sapientiae
1374 959 1527 1014 novit
1562 973 1757 1029 opera,
1806 959 1924 1013 haec

345 1051 521 1118 novit,
570 1067 763 1123 nempe
796 1051 1141 1122 splendorem
1174 1050 1314 1106 lucis
1360 1060 1598 1115 aeternae,
1640 1049 1921 1119 speculum

344 1144 463 1199 sine
489 1144 701 1200 macula
723 1143 941 1199 virtutis
967 1142 1086 1209 Dei,
1106 1152 1161 1198 et
1180 1143 1472 1214 imaginem
1498 1142 1755 1197 bonitatis
1780 1142 1918 1213 ejus.

350 1237 473 1294 llaec
501 1247 681 1292 autem
715 1236 850 1290 nihil
880 1236 1026 1291 aliud
1052 1244 1202 1303 sunt,
1249 1252 1414 1306 quam
1448 1236 1588 1292 scire
1617 1234 1815 1290 Filium
1841 1235 1925 1289 di-

344 1326 598 1384 Ieetionis
647 1324 764 1390 Dei,
813 1333 869 1380 et
925 1324 1203 1379 Christum
1259 1326 1605 1395 sapientiam.
1673 1325 1924 1381 Christus

343 1423 489 1478 etiim
525 1421 617 1476 Dei
658 1422 833 1476 virtus
873 1430 1039 1489 est-et
1080 1419 1174 1475 Dei
1218 1422 1506 1492 sapientia.
1558 1421 1615 1476 ld
1651 1436 1778 1475 vero
1812 1435 1923 1474 non

345 1517 528 1574 carnis
556 1527 608 1571 et
635 1516 920 1589 sanguinis
939 1557 957 1581 ,
988 1516 1080 1572 sed
1120 1516 1303 1572 Patris
1328 1517 1565 1573 etetestis
1598 1516 1923 1572 revelatione

349 1605 751 1667 manifestatur.
787 1606 901 1662 Scit
932 1616 1112 1662 autem
1146 1608 1312 1662 etiam
1339 1608 1686 1677 sapientiam,
1722 1608 1814 1676 qui
1839 1608 1923 1661 di-

347 1701 601 1755 vinorum
647 1699 994 1754 oraculorum
1042 1700 1176 1771 legis
1221 1709 1275 1755 et
1300 1700 1713 1770 prephetarum,
1744 1698 1921 1754 Evan-

348 1791 614 1861 geliorum
658 1799 821 1861 atque
864 1792 1237 1859 apostolorum
1271 1792 1556 1848 scientiam
1599 1791 1765 1847 novit.
1819 1787 1922 1843 Su-

345 1896 445 1952 per
465 1890 670 1950 petram
702 1881 853 1950 potiit
878 1879 1317 1948 fundamentum,
1348 1898 1540 1952 nempe
1566 1898 1730 1953 super
1760 1882 1919 1938 ﬁdem

345 1970 569 2037 Christi,
626 1979 685 2025 ut
726 1971 944 2028 resistat
985 1969 1248 2027 adversus
1287 1971 1515 2036 imbres,
1539 1982 1594 2027 et
1625 1982 1837 2036 ventos,
1871 1981 1923 2027 et

345 2065 591 2134 Spiritus,
646 2065 973 2120 tentationes
1020 2063 1269 2120 videlicet
1329 2067 1691 2136 undecunque
1735 2082 1924 2136 prove-

345 2155 519 2209 aiant.
569 2154 724 2222 Quod
775 2155 952 2210 Lucas
995 2154 1100 2220 ait,
1136 2156 1264 2224 quia
1310 2156 1550 2210 laudavit
1601 2172 1926 2210 meonomnm

344 2246 649 2316 iniquitatis
677 2247 721 2312 ",
749 2244 976 2299 abusive
1000 2243 1218 2300 locutus
1245 2254 1348 2313 est,
1371 2247 1649 2302 solertiam
1675 2247 1922 2312 laudans,

346 2338 418 2393 ob
459 2337 661 2408 ingenii
691 2337 1092 2393 dexteritatem.
1134 2336 1291 2404 Quod
1327 2339 1503 2408 ipsum
1540 2346 1594 2394 et
1633 2340 1720 2394 his
1747 2339 1925 2394 verbis

346 2429 641 2500 signiﬁcari
676 2430 887 2485 videtur
915 2448 929 2484 :
967 2429 1102 2484 Erat
1142 2440 1315 2485 autem
1345 2448 1554 2501 serpens
1583 2432 1927 2502 prudentissi-

347 2538 464 2580 tmts
512 2524 746 2576 omnium
807 2523 1092 2578 bestiarum
1143 2523 1197 2591 ες
1259 2523 1402 2578 unde
1457 2525 1717 2594 scriptum
1782 2534 1865 2579 est
1910 2542 1925 2577 :

346 2611 530 2673 Estote
554 2616 832 2684 prudentes
853 2616 988 2670 sicut
1015 2631 1227 2685 serpens
1249 2616 1293 2683 ’,
1320 2614 1479 2686 quasi
1505 2615 1671 2683 dicat,
1698 2631 1806 2671 non
1840 2631 1930 2673 ex-

347 2718 529 2785 pertes
560 2707 890 2765 astutiarum
928 2710 1215 2781 serpentis.

419 2890 580 2948 Vers.
623 2893 677 2949 6.
707 2893 1205 2965 Animadvertetque
1238 2892 1568 2964 parabolam,
1599 2901 1658 2948 et
1693 2891 1928 2947 tenebro-

345 3002 466 3042 sttm
506 3003 836 3052 sermonem,
887 2987 1133 3058 dictaque
1189 2987 1487 3056 sapientum
1530 2996 1577 3040 et
1618 2985 1923 3056 (enigmata.

346 3076 635 3148 Quodnam
688 3078 985 3135 discrimen
1037 3079 1155 3135 haec
1189 3094 1221 3134 a
1259 3093 1319 3136 se
1367 3079 1601 3134 invicem
1657 3077 1924 3145 habeant,

2024 592 2274 662 νάμεως,
2329 594 2426 647 καί
2473 594 2761 662 ἀπόρῤοια
2806 590 2914 662 τῆς
2953 591 3059 646 τοῦ
3115 589 3597 660 Παντοκράτορος

2022 684 2209 753 δόξης
2233 684 2563 755 εἰλικρινής
2587 702 2599 715 ·
2637 683 2816 739 οὐδὲν
2835 686 2946 755 γὰρ
2974 686 3061 749 είς
3081 681 3275 752 αὐτὴν
3286 682 3601 737 σκοτεινὸν

2022 778 2296 847 ἐμπίπτει
2313 779 2720 847 ’ἀπαύγασμα
2742 775 2853 845 reip
2871 777 3001 830 ἐστι
3033 776 3227 846 φωτὸς
3252 773 3465 845 ἀϊδίου,
3499 772 3599 828 καὶ

2023 867 2323 938 ἔσοπτρον
2369 867 2745 936 ἀκηλίδωτον
2790 866 2902 938 τῆς
2931 867 3038 923 τοῦ
3077 867 3226 922 Θεοῦ
3273 867 3596 937 ἐνεργείας.

2024 960 2120 1013 καί
2167 958 2344 1014 εἰκὼν
2372 960 2484 1030 τῆς
2529 961 2893 1032 ἁγαθότητος
2944 961 3150 1016 αὐτοῦ.
3215 961 3272 1014 '0
3315 959 3600 1029 γινώσκων

2022 1052 2159 1126 ἔργα
2198 1054 2410 1123 σοφίας,
2456 1054 2630 1108 ταῦτα
2654 1053 2931 1123 γινώσκει,
2962 1053 3228 1118 τουτέστι,
3256 1051 3599 1119 τὸνάπαύγαο

2026 1161 2139 1215 σμα
2188 1145 2283 1199 τοῦ
2322 1145 2516 1211 ἀϊδίου,
2566 1146 2661 1199 καὶ
2705 1145 2765 1199 τὸ
2813 1146 3144 1217 ἀκηλίδωτον
3191 1144 3451 1216 ἔσοπτρον
3496 1145 3601 1215 τῆς

2022 1234 2116 1289 τοῦ
2150 1235 2283 1289 Θεοῦ
2321 1236 2618 1309 ἐνεργείας,
2659 1238 2753 1293 καὶ
2777 1238 2874 1309 τὴν
2906 1236 3092 1291 εἰκόνα
3126 1236 3224 1307 τῆς
3253 1235 3593 1307 ἀγαθότητος

2023 1326 2210 1383 αὑτοῦ.
2268 1329 2454 1382 Ταῦτα
2495 1329 2552 1384 δὲ
2598 1331 2750 1384 οὐδὲν
2791 1329 2975 1400 ἕτερόν
3015 1329 3242 1400 ἐστιν’τῆ
3269 1327 3472 1398 γνῶναι
3506 1327 3602 1381 τὸν

2024 1419 2150 1473 Υἰὸν
2172 1419 2275 1490 τῆς
2306 1420 2398 1475 τοῦ
2419 1421 2553 1475 Θεοῦ
2586 1423 2807 1491 ἀγάπης
2830 1459 2846 1484 ,
2880 1420 2973 1474 καὶ
2997 1420 3096 1492 τὴν
3127 1420 3317 1490 σοφίαν
3342 1419 3432 1473 τὸν
3464 1420 3613 1490 Χρι-·

2026 1510 2167 1564 στόν.
2207 1512 2440 1583 Χριστὸς
2486 1511 2595 1581 γὰρ
2644 1512 2779 1568 Θεοῦ
2817 1513 3046 1583 δύναμις
3094 1513 3194 1567 καὶ
3231 1509 3367 1565 Θεοῦ
3408 1511 3592 1580 σοφία.

2024 1602 2194 1656 Τοῦτο
2232 1602 2288 1655 δὲ
2317 1603 2417 1656 οὐκ
2454 1602 2561 1657 ἀπὸ
2586 1602 2786 1677 σαρκὸς
2812 1603 2907 1657 καὶ
2929 1603 3178 1674 αἵματος,
3230 1600 3344 1655 ἀλλ’
3371 1601 3479 1655 ἀπὸ
3500 1599 3604 1654 τοῦ

2023 1693 2271 1765 οὐρανίου
2300 1695 2513 1767 Πατρὸς
2536 1694 2995 1750 ἀποκαλύπτεται.
3021 1694 3280 1749 Γινώσκει
3304 1694 3361 1748 δὲ
3383 1694 3603 1764 σοφίαν,

2024 1784 2118 1837 καί⁵
2149 1785 2178 1836 ὁ
2220 1784 2317 1857 τήν
2358 1786 2667 1857 ἐπιστήμην
2703 1784 2858 1850 εἰδὼς
2894 1785 3004 1841 τῶν
3026 1782 3205 1852 θείων,
3238 1785 3476 1857 νομικῶν
3504 1785 3606 1839 καὶ

2025 1877 2414 1949 προφητικῶν,
2462 1878 2829 1946 εὐαγγελικῶν
2870 1896 2931 1933 τε
2985 1878 3078 1932 καὶ
3111 1875 3479 1932 ἀποστολικῶν
3513 1876 3606 1930 λο-

2023 1970 2177 2039 γίων.
2221 1969 2345 2026 Ἐπὶ
2375 1970 2488 2042 ξτήν
2527 1970 2732 2041 πέτραν
2758 1970 2939 2042 τίθησι
2975 1969 3067 2024 τὸν
3099 1969 3367 2041 θεμέλιον,
3410 1970 3604 2026 τουτέ-

2026 2077 2141 2115 στιν
2182 2060 2275 2114 ἐπὶ
2312 2063 2379 2132 τῇ
2415 2063 2593 2115 πίστει
2619 2061 2855 2133 Χριστοῦ
2876 2101 2891 2126 ,
2920 2061 2996 2126 ὡς
3028 2061 3273 2132 ἀντέχειν
3304 2060 3439 2132 πρὸς
3468 2060 3607 2132 βρο-

2024 2153 2151 2225 χὰς,
2187 2154 2281 2207 καὶ
2322 2152 2575 2224 ἀνέμους,
2616 2154 2707 2207 καὶ
2735 2151 3039 2223 πνεύματα,
3069 2149 3267 2223 δηλαδὴ
3299 2150 3425 2215 τοὺς
3449 2149 3600 2203 ὁθεν-

2023 2243 2118 2298 οῦν
2149 2245 2465 2315 γινομένους
2485 2244 2843 2317 πειρασμούς.
2866 2246 2927 2299 Εἰ
2955 2245 3012 2298 δέ
3042 2261 3206 2317 φησιν
3228 2246 3256 2298 ὀ
3282 2246 3497 2309 Λουκᾶς
3513 2244 3596 2310 ὡς

2023 2334 2286 2405 ἐπῄνεσε
2324 2336 2430 2389 τὸν
2454 2339 2769 2407 οἰκονόμον
2790 2336 2899 2405 τῆς
2923 2336 3172 2402 ἀδικίας,
3190 2338 3592 2409 κατεχρήσατο,

2023 2428 2114 2482 τὸν
2143 2428 2363 2481 ἔπαινον
2387 2429 2478 2481 ἐπὶ
2501 2429 2599 2499 τῆς
2622 2428 2932 2501 ἐντρεχείας
2955 2428 3153 2493 λαϐὼν,
3173 2429 3268 2485 διά
3283 2446 3342 2482 τε
3362 2428 3460 2500 τῆς
3485 2427 3609 2482 δια-

2025 2521 2173 2585 νοίας
2203 2520 2294 2586 ὀξύ
2314 2538 2327 2551 ο
2361 2522 2496 2593 ὅπερ
2528 2518 2669 2574 ἔοικε
2688 2519 2974 2592 δηλοῦσθαι
3008 2521 3113 2574 κὰν
3137 2519 3237 2591 τῷ,
3285 2520 3337 2574 Ὀ
3365 2519 3433 2573 δὲ
3463 2520 3607 2590 ὄφις

2025 2614 2468 2684 φρονιμώτατος
2488 2612 2730 2667 πάντων
2750 2611 2869 2668 τῶν
2887 2613 3124 2682 θηρίων,
3155 2613 3277 2667 καθ’
3301 2613 3330 2666 ὃ
3348 2612 3607 2667 λέλεκται

2025 2707 2119 2761 καὶ
2160 2706 2240 2772 τὸ,
2266 2707 2520 2760 Γίνεσθε
2572 2707 2844 2776 φρόνιμοι
2888 2706 2970 2772 ὡς
3013 2709 3046 2761 ό
3076 2705 3273 2776 -ὅφιςο
3321 2704 3483 2758 οἱονεὶ
3523 2703 3606 2777 μὴ

2025 2797 2241 2870 ἄπειροι
2263 2798 2371 2851 τῶν
2398 2798 2490 2852 τοῦ
2513 2797 2689 2866 ὄφεως
2723 2797 3213 2870 πανουργημάτων.

2092 2894 2316 2960 Νοήσει
2343 2909 2407 2947 τε
2432 2894 2700 2962 παραϐολ
2710 2890 2784 2960 ὴν
2804 2890 2903 2946 καὶ
2926 2889 3248 2946 σκοτεινὸν
3266 2890 3472 2959 λόγον,
3497 2887 3608 2959 ῥή-

2026 3002 2154 3052 σεις
2193 3003 2259 3040 τε
2305 2984 2513 3056 σοφῶν
2535 2986 2632 3040 καί
2661 2986 2989 3056 αἰνίγματα.
3035 2984 3169 3038 Τίνα
3199 2984 3463 3056 διαφορὰν
3487 2983 3606 3055 ἔχει

2024 3075 2195 3130 ταῦτα
2224 3076 2360 3148 πρὸς
2392 3075 2594 3146 ἄλληλα
2617 3115 2633 3137 ,
2669 3075 3121 3147 κατανοήσωμεν⁸
3161 3073 3257 3131 καὶ
3296 3073 3511 3145 πρῶτον
3546 3073 3613 3127 τι

344 3168 788 3237 consideremus;
827 3185 894 3225 ac
941 3171 1177 3240 primum
1221 3169 1439 3240 quidem
1486 3168 1615 3240 quid
1656 3168 1727 3224 sit
1765 3183 1923 3239 para-

2029 3170 2161 3223 ποτέ
2200 3170 2319 3222 ἐστι
2350 3167 2630 3240 παραϐολὴ
2674 3165 2892 3239 ἴδωμεν,
2932 3166 3025 3236 ἀφ’
3050 3158 3126 3221 ὧν
3147 3165 3341 3238 ἔχομεν
3374 3166 3608 3235 εὐαγγε-

347 3258 470 3315 hola
502 3259 786 3317 videamus
828 3277 895 3317 ex
932 3262 1001 3317 iis
1037 3277 1161 3332 quae
1196 3258 1491 3331 Evangelia
1526 3259 1685 3315 nobis
1725 3274 1924 3329 suppe-

345 3348 568 3417 ditant,
642 3353 1001 3422 argumentis.
1058 3349 1336 3406 Parabolas
1385 3350 1530 3406 enim
1572 3351 1790 3406 nomine
1839 3350 1925 3404 usi

346 3448 476 3495 sunt
497 3441 659 3496 etiam
692 3443 804 3510 alii,
847 3453 903 3499 et
926 3443 1217 3498 Matthaaus
1249 3442 1333 3497 his
1370 3443 1589 3498 verbis:
1624 3440 1691 3496 In
1715 3442 1809 3496 illo
1839 3440 1926 3495 die

344 3531 522 3588 exiens
547 3531 705 3587 Iesus
733 3534 797 3588 de
837 3535 992 3588 domo
1029 3534 1240 3589 sedebat
1279 3550 1427 3588 secus
1452 3551 1630 3599 mare,
1667 3544 1715 3590 et
1754 3534 1924 3588 omnis

347 3623 504 3678 turba
533 3625 587 3677 in
618 3624 670 3696 3
699 3625 879 3680 littore
915 3626 1116 3693 stabat,
1158 3634 1211 3679 et
1234 3625 1441 3679 locutus
1470 3634 1546 3680 est
1571 3626 1646 3703 eis
1680 3625 1847 3679 multa
1871 3627 1926 3678 in

346 3716 615 3784 parabolis
649 3734 667 3771 :
698 3716 838 3772 Ecce
876 3718 1007 3772 exiit
1050 3717 1140 3788 qui
1177 3718 1403 3772 seminat
1442 3718 1701 3771 seminare
1732 3718 1795 3770 ⁸ο.
1831 3716 1929 3773 Est

348 3800 513 3872 igitur
545 3804 803 3873 parabola
860 3819 1042 3860 sermo
1085 3806 1153 3860 de
1189 3820 1248 3860 re
1282 3815 1539 3876 tanquam
1582 3814 1732 3876 gesta
1755 3847 1770 3872 ,
1806 3824 1927 3877 qua

348 3902 530 3950 tamen
560 3905 713 3967 gesta
747 3912 855 3952 non
892 3906 977 3953 est
1026 3898 1329 3954 secundum
1360 3898 1596 3953 litteram
1618 3940 1635 3966 ,
1666 3900 1760 3954 sed
1805 3915 1927 3969 qua:

349 3996 530 4062 potest
570 3989 693 4044 fieri
723 4007 736 4044 ι
766 3990 859 4059 qui
896 3990 1114 4060 quidem
1148 4004 1334 4046 sermo
1374 3990 1579 4060 tropice
1604 4005 1695 4045 res
1719 3990 1927 4061 signiti-

348 4087 436 4134 eat
459 4094 558 4149 per
581 4080 994 4137 translationem
1028 4098 1218 4137 eorum
1245 4098 1368 4155 quae
1404 4083 1457 4137 in
1488 4084 1745 4154 parabola
1781 4085 1926 4142 dicta

348 4179 495 4228 sunt.
529 4169 648 4227 Non
673 4173 817 4228 enim
836 4183 999 4245 prout
1027 4174 1201 4230 littera
1229 4184 1391 4230 sonat
1420 4174 1621 4231 factum
1651 4178 1881 4233 estillud
1907 4198 1919 4234 :

351 4261 497 4322 Eziit
530 4264 620 4333 qui
647 4265 906 4332 seminat,
936 4264 1397 4335 quemadmodum
1437 4265 1720 4320 historiam
1749 4269 1923 4322 conti-

346 4350 492 4427 gisse
534 4350 813 4407 dicimus:
843 4361 1219 4408 verumtamen
1281 4363 1456 4422 potest
1507 4355 1638 4410 illud
1686 4358 1799 4410 ﬁeri
1836 4373 1922 4413 se-

345 4440 587 4497 cundum
654 4441 891 4497 litteram
929 4460 941 4496 :
976 4442 1132 4510 Ecce,
1193 4444 1326 4497 exiit
1376 4444 1467 4513 qui
1520 4445 1765 4510 seminat,
1812 4455 1915 4503 etc.

2026 3262 2194 3316 λικῶν
2238 3260 2519 3333 ἀφορμῶν.
2589 3260 2921 3333 Ἐχρήσαντο
2968 3257 3077 3331 γὰρ
3119 3258 3198 3330 τῷ
3243 3259 3465 3331 ὀνόματι
3498 3257 3609 3327 τῆς

2026 3353 2341 3425 παραϐολῆς
2389 3351 2536 3406 ἄλλοι
2574 3368 2634 3404 τε
2658 3391 2673 3416 ,
2709 3351 2800 3405 καὶ
2841 3348 3118 3414 Ματθαῖος
3144 3350 3316 3413 οὕτως
3333 3366 3346 3380 ·
3394 3350 3498 3403 Ἐν
3525 3345 3608 3417 τῇ

2024 3443 2215 3513 ἡμέρᾳ
2246 3443 2467 3512 ἐκείνῃ,
2509 3440 2772 3507 ἐξελθὼν
2809 3444 2842 3495 ό
2886 3442 3124 3511 Ἰησοῦς
3158 3442 3226 3495 ἐκ
3259 3439 3369 3510 τῆς
3407 3441 3608 3507 οἰκίας

2023 3532 2276 3600 ἐκάθητο
2315 3532 2474 3600 παρὰ
2516 3530 2631 3600 τὴν
2678 3530 3020 3599 θάλασσαν,
3054 3531 3152 3586 καί
3184 3530 3303 3597 πᾶς
3342 3534 3376 3585 ό
3417 3530 3607 3598 ὄχλος

2024 3622 2121 3675 ἐπὶ
2146 3621 2255 3676 τὸν
2298 3620 2573 3691 αἰγιαλὸν
2600 3621 2886 3688 εἱστήκει,
2920 3622 3019 3677 καὶ
3055 3623 3362 3692 ἐλάλησεν
3397 3622 3607 3690 αὐτοῖς

2026 3714 2226 3768 πολλὰ
2250 3714 2321 3767 ἐν
2364 3713 2761 3782 παραϐολαῖςο
2796 3715 2937 3770 Ἰδοὺ
2969 3715 3230 3784 ἐξῆλθεν
3269 3718 3302 3769 ό
3338 3715 3608 3783 σπείρων

2025 3805 2131 3860 τοῦ
2160 3805 2418 3873 anteibat.
2459 3807 2615 3859 Ἔστι
2656 3806 2835 3861 τοίνυν
2870 3806 3153 3880 παραϐολὴ
3193 3807 3350 3878 λόγος
3374 3806 3450 3871 ὼς
3473 3806 3606 3878 περὶ

2025 3895 2338 3966 γενομένου,
2389 3895 2462 3968 μὴ
2507 3897 2795 3966 γενομένου
2834 3898 2939 3970 μὲν
2958 3899 3098 3954 κατὰ
3122 3899 3185 3952 τὸ
3217 3899 3396 3971 ῥητὸν,
3438 3898 3603 3953 δυνα-

2030 3988 2190 4059 μένου
2216 3986 2271 4040 se
2297 3988 2587 4057 γενέσθαι,
2625 3990 2902 4063 τροπικῶς
2932 3991 3227 4064 δηλωτικδς
3260 3990 3605 4063 πραγμάτων

2025 4079 2091 4131 ὲκ
2118 4077 2471 4151 μεταλήψεως
2496 4081 2604 4135 τῶν
2630 4083 2687 4135 ὲν
2712 4085 2777 4154 τῇ
2815 4083 3095 4157 παραϐολῇ
3129 4082 3487 4154 λελεγμένων.
3523 4083 3603 4138 Οὐ

2023 4171 2133 4244 γὰρ
2163 4172 2353 4241 γέγονε
2384 4171 2525 4227 κατὰ
2546 4171 2643 4245 τὴν
2670 4170 2814 4237 λέξιν
2844 4172 2926 4241 τὸ,
2945 4172 3230 4243 Ἐξῆλθεν
3254 4176 3288 4228 ὁ
3311 4173 3602 4241 σπείρων,

2022 4261 2100 4327 ὡς
2134 4262 2362 4335 λέγομεν
2389 4264 2666 4333 γεγονέναι
2693 4263 2762 4317 τὰ
2786 4264 2886 4335 τῆς
2912 4266 3151 4337 ἰστορίας
3167 4284 3182 4297 ·
3210 4265 3348 4339 πλὴν
3379 4266 3610 4321 δυνατὸν

2021 4353 2271 4422 γενέσθαι
2304 4354 2446 4407 κατὰ
2466 4354 2527 4406 τὸ
2558 4355 2749 4426 ῥητόν⁸
2787 4355 2942 4410 Ἰδοὺ
2966 4356 3226 4425 ἐξῆλθεν
3247 4361 3280 4412 ό
3311 4359 3603 4426 σπείρων,

2024 4457 2079 4494 κ.
2119 4457 2170 4494 τ.
2216 4448 2264 4499 ἑ.
2315 4441 2455 4512 Ἐγὼ
2501 4443 2683 4514 μέντοι
2715 4445 2919 4516 νομίζω
2943 4449 3056 4509 τοῖς
3083 4447 3187 4513 ἔξω
3222 4447 3485 4501 λαλοῦντα
3509 4450 3605 4504 τὸν

347 4528 463 4602 Ego
508 4539 655 4587 certe
706 4539 839 4601 puto
868 4529 1055 4592 Iesum
1090 4532 1145 4585 in
1176 4532 1453 4602 parabolis
1489 4534 1800 4604 loquentem
1827 4552 1919 4592 ex-

2036 4526 2243 4601 Ἰησοῦν
2275 4532 2334 4585 ὲν
2370 4532 2723 4607 παραϐολαῖς,
2740 4530 2840 4602 οἷς,
2860 4538 2949 4592 διὰ
2973 4538 3035 4592 τὸ
3059 4534 3196 4597 εἶναι
3221 4539 3343 4606 ἔξω,
3363 4541 3462 4594 οὐκ
3486 4540 3604 4594 ὲδέ-

348 4625 576 4688 traneis,
632 4624 865 4694 quibus,
915 4625 1043 4695 quia
1078 4622 1214 4680 foris
1239 4635 1416 4690 erant,
1446 4627 1632 4682 datum
1670 4642 1777 4682 non
1809 4639 1923 4684 erat

2025 4620 2145 4674 δοτο
2175 4622 2371 4676 εἰδέναι
2412 4623 2481 4677 τὰ
2517 4627 2792 4699 μυστήρια
2835 4628 2936 4699 τῆς
2982 4629 3257 4700 βασιλείας
3292 4631 3385 4684 τοῦ
3439 4631 3605 4699 Θεοῦ,

346 4730 510 4773 nosse
536 4713 793 4786 mysteria
818 4714 969 4783 regni
1000 4712 1097 4769 Dei
1125 4756 1140 4781 ,
1184 4715 1384 4771 exiisse
1415 4715 1481 4770 de
1508 4714 1702 4782 domo,
1729 4730 1923 4786 quem-

2025 4711 2403 4787 ἐξεληλυθέναι
2427 4715 2526 4787 τῆς
2555 4718 2733 4783 οἰκίας
2753 4760 2766 4783 ,
2810 4721 2885 4786 ὼς
2913 4723 2941 4774 ό
2968 4722 3244 4787 Ματθαῖος
3271 4723 3600 4796 ἀνέγραψεν,

345 4805 642 4865 admodum
669 4805 999 4876 conscripsit
1029 4803 1332 4873 Matthteus,
1358 4806 1450 4876 qui
1475 4822 1583 4861 non
1616 4806 1734 4863 sine
1757 4822 1920 4863 causa

2025 4805 2084 4858 οὐ
2118 4806 2286 4879 χωρὶς
2314 4805 2493 4871 αἰτίας
2523 4809 2617 4862 καὶ
2648 4809 2807 4879 λόγου
2836 4813 3068 4885 ποιήσας
3094 4813 3157 4868 τὸ
3175 4846 3188 4870 ι
3228 4815 3330 4869 Ἔν
3353 4814 3428 4884 τῇ
3459 4816 3603 4886 ἠμέ-

345 4905 401 4951 et
428 4896 638 4951 ratione
676 4894 960 4950 adnotavit
998 4894 1130 4951 illud
1164 4915 1177 4950 :
1212 4894 1279 4950 In
1318 4895 1411 4950 illo
1439 4896 1527 4950 die
1557 4898 1735 4951 exiens
1766 4897 1919 4951 .Iesus

2025 4910 2096 4961 ρᾳ
2114 4895 2338 4965 ἐκείνῃ,
2370 4896 2630 4962 ἐξελθὼν
2651 4902 2685 4952 ὁ
2718 4901 2957 4971 Ἰησοῦς
2981 4901 3091 4971 τῆς
3106 4906 3316 4972 οίκίας,
3346 4905 3602 4974 ἐκάθητο

344 4985 411 5046 a‘e
450 4986 607 5043 domo
634 4986 846 5041 sedebat
870 5002 1018 5042 secus
1067 5002 1230 5042 mare.
1262 4986 1607 5043 Conveniens
1634 4989 1778 5044 enim
1806 4999 1923 5045 erat

348 5086 410 5133 ut
449 5078 517 5133 de
543 5076 708 5135 domo
739 5080 915 5135 exiret
949 5078 1016 5134 ad
1052 5093 1149 5137 eos
1180 5081 1271 5150 qui
1298 5080 1354 5135 in
1391 5080 1537 5135 illam
1577 5081 1784 5150 ingredi
1818 5097 1922 5139 non

349 5168 623 5236 valebant,
676 5170 773 5226 sed
799 5182 955 5227 erant
978 5170 1131 5227 foris.
1165 5171 1295 5228 'l‘ale
1323 5173 1603 5246 quidpiam
1643 5174 1697 5227 in
1741 5174 1924 5228 animo

346 5259 610 5321 habuisse
649 5259 965 5321 Matthaeum
1006 5262 1111 5318 hoc
1157 5262 1305 5330 loco,
1342 5265 1699 5320 manifestum
1746 5265 1847 5322 erit
1874 5266 1922 5320 ei

344 5354 442 5423 qui
470 5351 844 5410 observaverit
869 5369 933 5409 ea
954 5370 1076 5425 quae
1096 5354 1409 5411 inferuntur
1434 5374 1448 5411 :
1484 5357 1730 5411 Dimissis
1751 5359 1919 5425 enim,

347 5443 545 5517 inquit,
603 5445 772 5502 turbis
814 5447 1037 5501 intravit
1074 5449 1131 5501 in
1154 5448 1369 5503 domum
1398 5464 1550 5503 suam
1574 5448 1612 5480 “
1637 5489 1652 5509 .
1680 5458 1733 5503 et
1756 5447 1921 5504 disci-

347 5533 494 5608 pulis
541 5533 832 5590 edisseruit
879 5535 1217 5605 parabolam.
1272 5533 1514 5592 Observa
1559 5538 1704 5592 enim
1745 5538 1800 5591 in
1833 5536 1925 5592 his

349 5623 812 5699 quemadmodum
862 5625 1034 5681 turbis
1074 5626 1127 5681 in
1160 5628 1434 5698 parabolis
1461 5626 1618 5685 Iesus
1656 5628 1917 5700 loquitur,

2022 4987 2183 5057 παρὰ
2217 4988 2333 5057 τὴν
2379 4989 2722 5045 θάλασσαν.
2771 4993 3016 5065 Ἕπρεπε
3047 4996 3155 5068 γὰρ
3183 4997 3318 5069 πρὸς
3355 4999 3480 5061 τοὺς
3522 4997 3602 5070 μὴ

2019 5078 2331 5152 χωροῦντας
2359 5079 2616 5133 εἰσελθεῖν
2640 5082 2836 5147 αὐτοὺς
2859 5085 2939 5148 εἰς
2959 5084 3054 5154 τὴν
3075 5087 3274 5152 οἰκίαν,
3303 5085 3415 5139 ἀλλ’
3441 5087 3599 5153 ὄντας

2020 5168 2124 5236 ἔξω
2168 5169 2360 5240 αὐτῆς,
2409 5168 2643 5236 ἐξελθεῖν
2679 5172 2871 5243 αὐτῆς.
2909 5174 3031 5227 Ὅτι
3069 5174 3125 5228 δὲ
3172 5174 3413 5228 τοιοῦτόν
3438 5192 3491 5227 τι
3521 5176 3602 5247 τῷ

2020 5258 2285 5331 Ματθαίῳ
2326 5260 2467 5314 κατὰ
2490 5262 2582 5315 τὸν
2622 5263 2787 5321 τόπον
2827 5265 3098 5337 νενόηται,
3131 5267 3297 5336 σαφὲς
3328 5266 3481 5320 ἔσται
3520 5265 3601 5338 τῷ

2023 5353 2347 5425 τετηρηκότι
2360 5352 2431 5407 τὰ
2452 5354 2849 5428 ἐπιφερόμενα·
2889 5357 3085 5428 Ἀφείς
3113 5357 3239 5431 γὰρ,
3271 5359 3426 5431 φησὶ,
3456 5359 3603 5430 τοὺς

2026 5444 2269 5514 ὄχλους,
2322 5444 2608 5514 εἰσῆλθεν
2638 5449 2726 5513 εἰς
2754 5448 2871 5516 τὴν
2890 5449 3087 5502 οὶκίαν
3111 5447 3319 5511 αὑτοῦ,
3358 5448 3452 5501 καὶ
3486 5451 3597 5512 τοῖς

2028 5536 2296 5609 μαθηταῖς
2334 5537 2706 5592 ἀνακαλύπτει
2743 5540 2812 5593 τὰ
2847 5540 2947 5612 τῆς
2979 5538 3311 5617 παραϐολῆς.
3342 5541 3603 5611 Παρατήη

2028 5645 2112 5700 ρει
2142 5628 2251 5701 γὰρ
2277 5631 2336 5684 ἐν
2367 5630 2576 5696 τούτοις
2599 5631 2722 5686 τίνα
2742 5630 2942 5703 τρόπον
2978 5631 3090 5695 τοῖς
3121 5629 3298 5701 ὄχλοις
3327 5631 3385 5687 ὲν
3420 5646 3603 5703 παρα-ι

420 5810 449 5853 ⁸
470 5806 725 5883 Sanum,
750 5807 848 5867 23.
916 5810 937 5843 ⁷
966 5807 1101 5869 Luc.
1135 5825 1254 5880 ινι,
1284 5810 1336 5866 8.
1412 5810 1437 5844 '
1457 5810 1608 5884 ,Gen.
1636 5826 1724 5881 in,
1755 5810 1807 5870 1.
1883 5815 1903 5847 ³

2025 5812 2120 5870 lth.
2155 5829 2213 5885 x,
2242 5812 2333 5872 l6.
2407 5814 2452 5849 ³ο
2482 5811 2672 5872 Matth.
2697 5829 2826 5883 xm,
2865 5814 2917 5884 1,
2947 5813 3008 5883 2,
3031 5811 3083 5871 ὅ.
3163 5814 3203 5847 ³⁸
3244 5811 3413 5883 ΗΜ..
3445 5812 3544 5872 56.

1663 6066 1708 6090 δ
