3872 6554
263 371 323 427 21
1373 368 1795 427 FRAGMENTA
1836 368 1903 424 IN
1938 364 2350 423 PROVERBIA.
3456 366 3526 420 22

263 493 436 557 ϐολαῖς
476 493 508 545 ὁ
561 489 773 565 Ἰησοῦς
804 490 977 559 λαλει,
1023 490 1118 546 καὶ
1158 492 1329 565 χωρὶς
1362 491 1677 564 παραϐολῆς
1701 491 1820 545 οὐδὲ

1954 496 2007 544 et
2034 488 2153 543 sine
2186 485 2443 558 parabola
2470 484 2605 539 nihil
2641 484 2721 539 eis
2752 483 2902 539 dicit.
2933 482 3087 550 Quod
3120 481 3413 541 etiamnum
3450 484 3527 539 fa-

260 586 436 647 αὐτοῖς
483 583 669 637 λαλεῖ·
716 582 746 636 ὄ
770 584 867 637 καὶ
907 583 1070 655 μέχρι
1102 584 1202 655 τῆς
1236 583 1396 655 δεῦρο
1435 587 1606 638 ποιεῖ·
1655 586 1703 637 οἱ
1735 582 1844 656 γὰρ

256 675 396 746 ὄχλοι
416 676 480 727 οὐ
528 674 770 746 χωροῦσι
812 673 1136 747 παραϐολῶν
1168 675 1482 747 ἑρμηνείαν.
1518 675 1762 747 Πρόσχες
1787 675 1843 728 δέ

256 767 345 820 καὶ
368 767 448 837 τῷ
473 802 491 829 ,
524 767 729 837 Ἀφείς
758 766 901 833 τοὺς
941 766 1167 835 ὄχλους
1191 764 1482 836 εἰσῆλθεν
1502 770 1589 833 εις
1611 766 1727 835 τὴν
1756 770 1842 821 οὶ-

254 857 392 909 κίαν
419 854 613 909 αὐτοῦ
631 894 647 920 ,
674 855 817 909 πάνυ
843 853 1080 918 συνετῶς
1102 854 1732 926 ἀναγεγμμμένῳοέπεὶ
1766 853 1841 925 μὴ

254 939 361 998 οἷόν
402 961 464 998 τε
493 940 563 1016 ἦν
587 947 712 1009 τοὺς
742 944 934 1016 ὄχλους
953 943 1103 1015 αὐτῷ
1152 943 1446 1008 συνελθεῖν,
1481 943 1617 997 ἀλλά
1652 943 1843 1013 μόνους

254 1036 378 1098 τοὺς
422 1036 784 1109 διαφέροντας
833 1035 984 1108 παρὰ
1032 1035 1158 1099 τοὺς
1210 1033 1423 1106 ὄχλους,
1471 1035 1665 1098 οἵτινες
1701 1029 1842 1104 ἦσαν

257 1126 500 1197 μαθηταὶ
524 1125 710 1193 αὐτοῦ,
749 1126 843 1181 καὶ
869 1126 1156 1196 δυνάμενοι
1184 1124 1501 1196 παρρησίαν
1535 1124 1678 1195 ἔχειν
1706 1124 1842 1193 πρὸς

251 1218 312 1271 τὺ
334 1217 603 1272 εἰσελθεῖν
632 1220 714 1283 εἰς
738 1218 836 1290 τὴν
858 1219 1034 1273 οἰκίαν
1057 1215 1153 1270 τοῦ
1196 1216 1393 1288 Ἰησοῦ.
1444 1218 1608 1281 Ἐκεῖ,
1640 1217 1738 1287 οὐχ
1766 1215 1841 1279 ὡς

252 1310 299 1362 οἰ
348 1309 506 1373 ὄντες
545 1308 671 1376 ἐξω,
722 1309 857 1363 ἀλλά
902 1309 1252 1381 χωρήσαντες
1298 1309 1360 1362 τὸ
1396 1307 1660 1376 ⁵γενέσθαι
1708 1308 1836 1371 ἔσω,

252 1398 644 1471 προσελθόντες
686 1398 765 1469 τῷ
813 1398 1136 1469 διδασκάλῳ,
1181 1398 1274 1451 τὸν
1322 1397 1430 1451 ἐσω
1474 1397 1599 1452 νοῦν
1627 1396 1839 1461 ἀξιοῦσι

251 1492 359 1543 τῶν
393 1489 724 1561 παραϐολῶν
761 1489 970 1561 μαθεῖν.
1008 1491 1118 1543 Καὶ
1154 1490 1384 1561 ἐπείπερ
1416 1489 1703 1561 ἐχώρησαν
1735 1492 1835 1543 αῦ-

251 1582 327 1653 τῷ
352 1580 721 1653 ἀκολουθῆσαι
737 1581 957 1635 εἰσιόντι
977 1583 1057 1646 εἰς
1073 1580 1172 1653 τὴν
1193 1582 1391 1645 οἰκίαν,
1418 1581 1507 1636 διὰ
1527 1564 1685 1636 τοῦτο
1704 1583 1839 1637 ἀπο-

252 1674 460 1746 κριθεὶς
486 1675 625 1745 πρὸς
650 1676 716 1729 rb
732 1720 749 1744 ,
782 1672 1021 1742 Φράσον
1046 1673 1192 1743 ἡμῖν
1219 1672 1335 1741 τὴν
1357 1673 1728 1742 παραϐολὴν,
1759 1670 1837 1728 εἰ·

250 1784 349 1819 πεν
387 1766 425 1820 ἃ
455 1763 632 1819 εἶπεν.
663 1762 745 1820 Oti
792 1766 949 1837 μόνον
989 1764 1048 1818 δέ
1080 1764 1359 1835 ἐξέρχεται
1388 1764 1488 1835 τῆς
1522 1765 1701 1830 οἰκίας
1737 1766 1835 1820 αύ-

1944 582 2043 637 cit.
2079 580 2214 637 Nam
2244 580 2418 636 turbae
2446 594 2556 634 non
2594 577 2816 648 capiunt
2848 576 3228 647 parabolarum
3262 578 3527 646 interpre-

1950 675 2233 729 tationem.
2258 672 2489 728 Attende
2511 680 2690 726 autem
2717 680 2769 726 et
2793 671 2896 725 hoc
2922 688 2935 724 :
2965 668 3213 723 Dimissis
3242 671 3408 724 turbis
3440 682 3524 723 m-

1949 782 2158 838 gressus
2204 774 2281 819 est
2328 764 2385 818 in
2432 764 2643 817 domum
2695 778 2868 827 suam,
2912 761 3057 833 quod
3092 760 3226 816 scite
3261 761 3519 832 scriptum

1944 867 2028 913 est
2070 877 2084 912 :
2126 872 2252 912 nam
2293 856 2467 911 turba
2498 870 2604 909 non
2634 863 2883 925 poterant
2912 868 3035 909 cum
3065 853 3157 907 illo
3179 853 3401 915 intrare,
3424 853 3518 908 sed

1942 950 2019 1005 illi
2067 960 2277 1004 tantum
2311 950 2405 1019 qui
2452 947 2627 1003 turbis
2672 946 3077 1017 prmstantiores
3122 955 3297 1012 erant,
3327 960 3523 1017 nempe

1943 1042 2201 1111 discipuli
2218 1041 2361 1111 ejus,
2391 1041 2595 1111 quibus
2616 1039 2808 1094 ﬁducia
2831 1049 2885 1092 et
2909 1038 3128 1093 libertas
3149 1046 3264 1092 erat
3281 1037 3517 1094 intrandi

1943 1134 1997 1187 in
2030 1132 2256 1188 domum
2292 1132 2443 1188 Jcsu.
2468 1130 2570 1200 lbi,
2598 1147 2705 1186 non
2738 1140 2996 1200 tanquam
3025 1130 3060 1183 ii
3085 1129 3177 1200 qui
3212 1128 3346 1185 foris
3366 1139 3514 1195 sunt,

1942 1227 2037 1282 sed
2078 1234 2337 1296 tanquam
2368 1227 2461 1296 qui
2492 1226 2638 1281 intro
2670 1240 2791 1281 esse
2817 1225 3063 1289 valeant,
3106 1222 3421 1279 accedentes
3446 1223 3513 1277 ad

1940 1327 2351 1388 praceptorem,
2379 1318 2689 1385 interiorem
2722 1316 3102 1385 parabolarum
3136 1329 3353 1369 sensum
3379 1314 3515 1369 edo-

1939 1411 2051 1466 ceri
2080 1410 2380 1480 postulant.
2419 1408 2486 1463 Et
2511 1410 2768 1479 quoniam
2803 1409 2980 1478 ipsum
3012 1407 3064 1461 in
3096 1407 3319 1461 domum
3353 1421 3510 1460 suam

1940 1498 2232 1554 intrantem
2265 1499 2418 1568 sequi
2448 1498 2730 1565 valebant,
2771 1506 3057 1566 propterea
3083 1495 3418 1565 respondens
3443 1495 3513 1549 ad

1937 1593 2069 1648 illud
2106 1611 2120 1648 :
2158 1591 2404 1646 Edissere
2430 1590 2578 1646 nobis
2601 1588 2931 1660 purabolam,
2960 1587 3098 1643 dixit
3113 1601 3176 1642 ea
3206 1601 3327 1656 qua:
3355 1586 3508 1640 dixit.

1935 1685 2052 1741 Non
2069 1686 2243 1743 solum
2262 1695 2441 1739 autem
2457 1682 2730 1753 egreditur
2741 1696 2771 1735 e
2783 1681 2945 1735 domo
2960 1694 3057 1736 sua
3070 1678 3249 1744 Jesus,
3264 1686 3323 1734 ut
3337 1686 3514 1732 extra-

1911 1812 1916 1816 η
1937 1779 2053 1835 neis
2077 1786 2369 1834 extraneas
2391 1775 2566 1831 factus
2585 1776 2833 1844 loquatur
2852 1773 3155 1843 parabolas,
3179 1771 3272 1827 sed
3282 1780 3335 1826 et
3352 1785 3512 1826 secus

248 1863 340 1916 τοῦ
382 1863 415 1914 ό
454 1861 693 1933 Ἰησοῦς,
744 1860 832 1916 ἴνα
871 1862 979 1924 τοῖς
1009 1858 1115 1924 ἔξω
1150 1858 1255 1926 ἔξω
1296 1860 1587 1930 γενόμενος
1629 1857 1824 1931 λαλήσγ

1940 1885 2090 1925 mare
2114 1869 2382 1933 considet,
2407 1868 2639 1922 innuens
2666 1865 2854 1920 turbas
2879 1873 2933 1921 et
2957 1879 3055 1921 eos
3075 1864 3168 1934 qui
3195 1863 3328 1933 {oris
3357 1870 3508 1927 sunt,

248 1956 349 2019 τὰς
369 1952 689 2025 παραϐολὰς
708 1992 723 2017 ,
768 1952 904 2007 ἀλλὰ
938 1952 1034 2005 καὶ
1070 1951 1222 2024 παρά
1247 1952 1350 2023 τὴν
1376 1950 1649 2007 Θάλασσαν
1693 1948 1830 2005 καθ-

249 2044 439 2108 ίζεται,
455 2044 857 2116 αἰνισσόμενος,
891 2045 971 2099 ὅτι
999 2047 1047 2098 οἱ
1079 2043 1226 2115 ὄχλοι
1260 2046 1355 2098 καὶ
1385 2046 1433 2098 οἱ
1477 2043 1583 2109 ἐξω
1605 2043 1714 2097 τῶν
1739 2043 1837 2114 τῆς

249 2135 526 2207 θαλάσσης
566 2135 850 2206 κυμάτων,
886 2136 980 2190 καὶ
1015 2135 1109 2190 τοῦ
1137 2135 1382 2207 ἁλμυροῦ
1413 2134 1603 2200 ὕδατος
1644 2136 1838 2207 αὐτῆς,

247 2228 341 2280 οὐκ
384 2228 497 2280 εἰσί
553 2228 792 2299 μακράν.
848 2227 1163 2299 Παρατήρει
1202 2225 1280 2292 δέ,
1323 2227 1405 2281 ὅτι
1439 2227 1576 2298 πρὸς
1607 2226 1707 2298 μὲν
1744 2227 1836 2279 τὸν

247 2317 530 2381 ἐξελθόντα
551 2319 653 2389 τῆς
676 2317 856 2380 οἰκίας
882 2317 975 2371 καὶ
999 2315 1309 2388 καθήμενον
1335 2316 1488 2388 παρὰ
1525 2315 1622 2388 τὴν
1646 2315 1841 2370 θάλασ-

246 2424 339 2461 σαν
396 2408 614 2481 Ἰησοῦν
673 2407 1016 2478 συνήχθησαν
1078 2405 1225 2477 ὄχλοι
1270 2406 1488 2460 πολλοίο
1527 2407 1628 2461 οὐκ
1653 2405 1733 2460 ἐτι
1776 2404 1833 2458 δὲ

241 2499 386 2570 ὄχλοι
435 2500 645 2567 πολλοὶ,
691 2499 806 2554 ἀλλ’
856 2502 907 2554 οἰ
961 2498 1060 2570 τὴν
1108 2498 1299 2569 στενὴν
1338 2499 1434 2553 καὶ
1468 2496 1834 2570 τεθλιμμένην

236 2593 523 2658 ὁδεύοντες
548 2593 719 2660 ὀλίγοι
741 2632 757 2657 ,
784 2593 879 2647 καὶ
906 2593 1252 2664 εὑρίσκοντες
1282 2591 1382 2664 τὴν
1415 2591 1726 2660 ἐπάγουσαν
1752 2590 1834 2655 εἰς

232 2682 331 2751 τὴν
369 2680 525 2752 ζωὴν
567 2682 685 2736 ὁδὸν
731 2682 974 2753 μαθηταί
1011 2681 1350 2752 εἰσέρχονται
1390 2681 1527 2751 πρὸς
1564 2681 1725 2734 αὑτὸν
1753 2682 1833 2746 εἰς

231 2775 327 2841 τὴν
350 2775 563 2829 οἰκίαν.
594 2775 755 2844 Λόγῳ
782 2773 963 2827 τοίνυν
988 2773 1048 2826 rb
1086 2772 1295 2844 πρέπον
1323 2773 1665 2844 εὐαγγελικῷ
1693 2772 1833 2829 κατὰ

235 2862 472 2935 δύναμιν
508 2863 801 2930 ἐξετάζων,
834 2862 1035 2933 καὶτῷ
1057 2862 1152 2916 τοῦ
1199 2862 1372 2935 Ἰησοῦ
1402 2861 1706 2934 βουλήματι
1728 2864 1830 2934 ἐμ-

236 2952 438 3018 ϐάντος
485 2955 570 3018 είς
601 2952 664 3007 rb
709 2952 916 3019 πλοῖον,
963 2961 1060 3007 καὶ
1095 2953 1347 3023 λέγοντος
1381 2954 1546 3007 παντὶ
1584 2953 1662 3025 τῷ
1688 2954 1830 3025 ὄχλῳ

234 3046 310 3117 τῷ
342 3045 507 3119 παρά
536 3045 630 3100 rbv
654 3045 903 3115 αἰγιαλὸν
936 3048 994 3100 ἐν
1028 3044 1386 3117 παραϐολαῖς,
1422 3046 1586 3117 φημὶ,
1619 3047 1829 3118 μήποτε

1938 1975 1969 2015 a
2016 1958 2271 2014 ﬂuctibus
2315 1957 2484 2012 maris
2514 1964 2568 2009 et
2614 1954 2762 2010 illius
2810 1969 2950 2024 aqua
2981 1955 3125 2009 salsa
3160 1970 3269 2009 non
3319 1951 3509 2023 procul

1936 2051 2159 2106 distare.
2209 2046 2449 2103 Observa
2483 2054 2660 2101 autem
2696 2045 2764 2100 ad
2810 2043 2998 2099 Jesum
3027 2044 3192 2098 domo
3225 2044 3508 2113 egredien-

1938 2152 2045 2197 tem
2083 2148 2139 2195 et
2183 2139 2461 2195 sedentem
2492 2152 2651 2192 secus
2682 2150 2832 2189 mare
2861 2134 3123 2203 plurimas
3156 2134 3344 2188 turbas
3370 2147 3505 2187 cou-

1936 2231 2181 2287 ﬂuxisse.
2211 2228 2563 2299 Nequaquam
2592 2235 2775 2281 autem
2797 2226 2968 2280 turbae
2990 2224 3194 2287 multae,
3221 2223 3314 2278 sed
3344 2224 3505 2293 pauci

1936 2322 2188 2392 discipuli
2221 2320 2313 2391 qui
2364 2328 2568 2374 arctam
2618 2331 2979 2387 asperumque
3018 2314 3162 2369 viam
3203 2315 3505 2380 ambulant,

1935 2425 1990 2470 et
2017 2405 2295 2483 reperi'unt
2319 2411 2565 2467 semitam
2621 2424 2743 2480 quae
2762 2407 2995 2463 ducitad
3024 2407 3209 2473 vitam,
3232 2406 3298 2461 ad
3324 2405 3504 2476 ipsum

1935 2506 1990 2561 in
2023 2506 2245 2561 domum
2282 2503 2403 2573 ejus
2444 2502 2671 2557 intrant.
2710 2499 2997 2569 luquirens
3033 2498 3197 2570 igitur
3227 2512 3326 2568 pro
3358 2497 3503 2552 virili

1934 2597 2199 2652 rationem
2242 2594 2651 2650 convenientem
2689 2592 2999 2662 evangelieo
3029 2590 3268 2647 sermoni
3301 2604 3367 2645 ac
3406 2603 3503 2643 vo-

1932 2688 2129 2745 luntati
2172 2686 2300 2743 Jesu
2348 2687 2401 2741 in
2434 2699 2627 2741 navem
2675 2682 3051 2753 ingredientis,
3099 2680 3156 2754 4
3183 2689 3347 2751 atque
3380 2680 3505 2735 uni-

1931 2798 2102 2839 versa!
2145 2782 2316 2837 turbae
2355 2779 2512 2851 juxta
2565 2776 2717 2832 littus
2767 2775 2821 2830 in
2867 2773 3142 2845 parabolis
3191 2774 3498 2844 loquentis,

1931 2877 2073 2943 dico,
2120 2874 2346 2930 forsitan
2388 2870 2613 2927 verbum
2665 2870 2811 2940 quod
2858 2882 3021 2937 super
3062 2868 3236 2923 turbis
3282 2867 3499 2922 firmum

1932 2984 2039 3024 non
2075 2975 2180 3032 est,
2213 2980 2311 3020 nec
2342 2971 2470 3028 stat,
2499 2962 2592 3017 sed
2621 2961 2674 3015 in
2712 2956 2856 3014 unda
2894 2958 3062 3014 maris
3091 2966 3195 3024 est,
3239 2957 3385 3027 loqui
3408 2972 3502 3011 ve-

1930 3070 2076 3116 ctum
2106 3072 2171 3114 eo
2200 3055 2370 3126 quod,
2399 3059 2663 3124 quantum
2706 3050 2822 3104 fieri
2852 3057 3046 3119 potest,
3083 3048 3285 3102 lirmari
3324 3055 3501 3116 potest

234 3139 261 3191 ὁ
283 3137 450 3208 λόγος
484 3139 600 3201 τοῖς
627 3136 805 3207 ὄχλοις
838 3137 897 3190 ού
940 3135 1215 3208 βεϐηκὼς,
1249 3136 1370 3190 οὐδὲ
1402 3136 1592 3201 ἐστὼς,
1623 3136 1736 3189 ἀλλ’
1770 3138 1824 3191 ἐν

1932 3154 1985 3207 in
2013 3165 2153 3222 aqua
2180 3166 2191 3203 :
2226 3146 2371 3218 quod
2403 3142 2623 3215 quidem
2647 3149 2874 3196 vocatur
2897 3139 3196 3209 navigium.
3233 3135 3309 3190 Ne
3334 3137 3500 3191 mire-

234 3229 387 3283 ὕδατι
425 3229 705 3299 θαλάσσης
735 3227 1041 3299 τυγχάνων,
1075 3227 1225 3281 λαλεῖ
1254 3226 1545 3299 ὀχούμενος
1586 3227 1678 3280 ἐπὶ
1705 3227 1818 3292 τοῦ,

231 3322 304 3386 ὡς
337 3316 462 3397 οἷόν
500 3339 564 3375 τε
605 3320 743 3386 ἐστὶ,
796 3321 1091 3392 δυναμένου
1134 3319 1427 3393 βεϐηκέναι
1460 3319 1552 3372 ἐπὶ
1596 3317 1816 3382 ὕδατος·

231 3415 365 3486 ὅπερ
400 3413 592 3467 πλοῖον
623 3413 858 3485 εἴρηται.
885 3413 974 3485 Μὴ
1000 3412 1286 3485 θαυμάσῃς
1311 3411 1390 3476 δέ,
1425 3414 1474 3465 εἰ
1496 3411 1567 3465 τὰ
1595 3410 1822 3466 τοιαῦτα

232 3508 480 3580 νοήματα
513 3507 841 3581 ὠραιὸτερον
873 3510 1194 3581 ἐνήνεκται,
1218 3508 1293 3573 ὡς
1337 3507 1404 3562 ἂν
1449 3508 1541 3562 τὸν
1579 3506 1684 3573 ἔξω
1728 3507 1821 3561 καὶ

231 3602 315 3656 τὸν
339 3601 508 3672 ὄχλον
546 3601 621 3672 μὴ
660 3602 900 3673 νομίσαι,
944 3602 1079 3673 μηδέ
1108 3601 1233 3655 νοῦν
1261 3618 1381 3655 τινα
1414 3597 1553 3658 εἶναι
1584 3618 1822 3672 κεκρυμ-

235 3693 393 3763 μένον
452 3694 551 3748 καὶ
598 3692 853 3763 ἐχόμενον
902 3692 1112 3762 πυκνῆς
1159 3692 1566 3764 γλαφυρότητος
1615 3691 1706 3747 τὸν
1749 3695 1816 3763 τῇ

231 3782 563 3855 εύαγγελικῇ
616 3783 855 3837 διαθέσει
906 3782 1296 3853 ἀποκείμενον·
1354 3783 1448 3836 καὶ
1477 3781 1585 3854 γὰρ
1620 3776 1689 3854 ἦν
1720 3782 1819 3853 τῆς

228 3874 624 3946 οἰκονομούσης
637 3875 858 3946 χάριτος
883 3873 974 3927 τὸν
992 3872 1086 3926 τοῦ
1107 3873 1243 3928 Θεοῦ
1269 3872 1449 3943 λόγον,
1480 3872 1655 3944 ἔργον.
1676 3872 1817 3942 Ἐγὼ

228 3966 282 4020 δὲ
312 3969 414 4021 ναὶ
457 3969 554 4034 τὸ,
587 3967 1033 4036 Προσελθόντες
1063 3969 1117 4020 οι
1141 3967 1398 4036 μαθηταὶ
1431 3962 1605 4020 εἷπον
1633 3965 1811 4032 αὐτῷ·

226 4059 328 4114 Διά
372 4058 441 4111 τί
497 4057 570 4111 ὲν
608 4058 979 4126 παραϐολαῖς
1033 4057 1245 4124 λαλεῖς
1294 4056 1539 4123 αὑτοῖς;
1575 4056 1671 4110 καὶ
1718 4056 1811 4124 rb,

240 4145 445 4217 Ἀςρεὶς
473 4149 617 4215 τοὺς
642 4148 865 4217 ὄχλους
892 4146 1080 4220 ἦλθεν
1103 4151 1194 4215 εἰς
1221 4148 1342 4217 τὴν
1364 4149 1563 4202 οἰκίαν
1593 4147 1808 4201 αὐτοῦ·

227 4239 320 4292 καὶ
348 4239 714 4308 προσ-ἦλθον
734 4239 896 4306 αὐτῷ
927 4243 981 4294 οί
1004 4240 1261 4310 μαθηταὶ
1292 4238 1479 4294 αὐτοῦ
1498 4239 1779 4309 λέγοντες
1796 4255 1809 4270 ·

228 4330 474 4399 Φράσον
517 4331 663 4401 ἡμῖν
704 4331 821 4400 τὴν
853 4331 1224 4401 παραϐολὴν,
1270 4330 1562 4404 βαθύτερον
1594 4333 1811 4389 ἀκούειν

228 4421 531 4494 πειρῶμαι.
564 4422 677 4476 Ἀεὶ
703 4420 813 4494 γὰρ
839 4422 891 4475 οἰ
924 4422 1024 4494 μὲν
1046 4422 1216 4493 ὄχλοι,
1251 4423 1348 4477 ἐὰν
1369 4422 1607 4477 ἀκούωσι
1633 4441 1811 4496 παρα-

1925 3244 2002 3300 ris
2028 3251 2208 3297 autem
2232 3237 2379 3309 quod
2410 3232 2680 3306 ejusmodi
2720 3231 3003 3289 sententia:
3030 3228 3324 3284 sublimius
3357 3227 3499 3282 infe-

1922 3343 2139 3399 runtur,
2176 3347 2247 3387 ne
2266 3339 2562 3387 extraneas
2592 3335 2647 3382 et
2691 3323 2843 3379 turba
2875 3322 3166 3377 arbitretur
3201 3321 3303 3376 sub
3332 3336 3497 3375 evan-

1922 3427 2091 3498 gelica
2137 3421 2480 3494 expositione
2525 3417 2734 3472 nullum
2775 3430 2895 3469 esse
2946 3429 3166 3470 sensum
3201 3413 3495 3470 abscondi-

1922 3532 2035 3576 tum
2079 3527 2133 3573 et
2180 3515 2274 3587 qui
2323 3512 2591 3583 frequenti
2629 3508 2893 3564 varietate
2923 3508 3168 3564 delectet.
3206 3505 3321 3562 Hoc
3347 3507 3490 3562 enim

1920 3620 2037 3667 erat
2064 3608 2252 3680 gratias
2282 3605 2378 3661 Dei
2407 3605 2631 3660 verbum
2661 3603 3031 3674 dispensantis
3070 3617 3227 3672 opus.
3262 3600 3376 3671 Ego
3395 3617 3494 3655 au-

1921 3710 2026 3758 tent
2074 3701 2236 3756 etiam
2279 3696 2412 3753 illud
2444 3715 2456 3751 :
2489 3696 2803 3750 Accedentes
2839 3694 3086 3763 discipuli
3120 3694 3367 3748 dixerunt
3392 3694 3440 3747 ei
3471 3708 3491 3749 :

1921 3792 2096 3859 Quare
2122 3793 2174 3846 in
2210 3788 2478 3860 parabolis
2509 3788 2735 3857 loqueris
2762 3787 2837 3841 eis
2870 3786 2947 3840 “i
2983 3794 3037 3840 et
3061 3786 3191 3841 illud
3230 3803 3243 3840 :
3283 3784 3488 3838 Dimis-

1918 3886 1991 3939 sis
2016 3862 2195 3936 ’turbis
2234 3883 2369 3936 venit
2410 3881 2464 3935 in
2510 3879 2731 3934 domum
2759 3863 2943 3944 suam,
2978 3887 3024 3931 et
3062 3885 3390 3931 accesserunt
3419 3878 3488 3928 ad

1916 3992 2033 4029 eum
2066 3973 2315 4042 discipuli
2343 3972 2455 4041 ejus
2483 3972 2713 4025 dicentes
2748 3985 2767 4023 :
2809 3968 3052 4023 Edissere
3087 3968 3234 4022 nobis
3257 3967 3488 4037 parabo-

1916 4067 2026 4120 lam
2062 4066 2126 4131 ¹³,
2169 4062 2494 4134 profundius
2540 4061 2840 4131 intelligere
2880 4058 3139 4114 conabor.
3188 4056 3385 4113 Turbae
3412 4060 3482 4113 si-

1916 4158 2179 4229 quidem,
2246 4155 2463 4210 tametsi
2527 4153 2786 4209 coutinuo
2835 4151 3129 4206 audiebant
3177 4150 3485 4219 parabolas,

1915 4261 2196 4316 nunquam
2240 4254 2420 4299 tamen
2467 4240 2818 4296 advertebant
2852 4255 2947 4294 eas
2977 4239 3217 4310 indigere
3250 4239 3489 4308 explica-

1916 4338 2100 4404 tione;
2136 4334 2388 4405 discipuli
2415 4347 2543 4387 vero
2573 4332 2821 4387 videntes
2843 4346 2969 4385 eum
3000 4330 3196 4398 turbis,
3231 4345 3297 4386 eo
3338 4332 3486 4400 quod

1913 4428 2048 4485 foris
2077 4436 2279 4493 essent,
2312 4427 2365 4482 in
2386 4425 2660 4497 parabolis
2682 4423 2850 4493 loqui,
2873 4421 3055 4479 Jesum
3086 4422 3485 4492 quiturbasdi-

228 4512 385 4586 ϐολῆς
408 4555 427 4580 ,
462 4514 585 4569 οὐδὲ
619 4514 900 4584 ἐφιστᾶσιν
931 4514 1068 4585 αὐτῇ
1110 4514 1338 4588 δεομένῃ
1377 4515 1689 4586 ἐξηγήσεως
1714 4532 1727 4545 ·
1757 4517 1805 4568 οί

1927 4522 2133 4576 niserat
2155 4529 2479 4590 sequuntur,
2510 4518 2851 4586 scientesque
2878 4530 2937 4572 se
2955 4514 3081 4570 alibi
3102 4515 3482 4584 parabolarum

226 4605 278 4659 δὲ
302 4608 552 4680 μαθηταὶ
574 4606 927 4680 θεωροῦντες,
949 4608 1033 4662 ὅτι
1055 4611 1113 4662 ἐν
1139 4607 1475 4679 παραϐολαῖς
1503 4610 1613 4672 τοῖς
1635 4608 1811 4678 ὄχλοις

225 4696 405 4763 λαλεῖ,
445 4699 535 4753 διὰ
560 4699 620 4753 rb
651 4696 790 4755 εἶναι
822 4701 1016 4765 αὐτοὺς
1044 4700 1169 4767 ἐξω,
1200 4700 1413 4770 ἀφιέντι
1457 4700 1584 4763 τοὺς
1617 4699 1808 4770 ὄχλους

226 4792 300 4864 τῷ
340 4793 527 4865 Ἰησοῦ
554 4793 799 4858 ἕπονται,
837 4794 932 4848 καί
961 4793 1180 4858 ἰδόντες,
1215 4793 1298 4846 ὅτι
1324 4793 1425 4846 οὐκ
1456 4791 1689 4863 ἀλλαχοῦ
1710 4793 1803 4846 δύ-

226 4902 411 4939 νανται
465 4885 757 4956 μανθάνειν
798 4884 867 4938 τά
902 4884 1008 4938 τῶν
1052 4882 1377 4956 παραϐολῶν
1410 4882 1444 4953 ἢ
1474 4882 1803 4947 εἰσελθόντες

227 4977 303 5040 εἰς
332 4977 439 5048 τὴν
475 4975 653 5029 οἰκίαν
685 4975 779 5029 τοῦ
816 4976 1012 5049 Ἰησοῦ,
1051 4976 1146 5031 καὶ
1170 4974 1505 5046 εἰσέρχονται
1530 4975 1668 5048 πρὸς
1699 4976 1798 5029 αὑ-

1917 4628 2140 4669 sensum
2179 4612 2484 4682 perdiscere
2514 4625 2621 4664 non
2662 4623 2843 4678 posse,
2877 4608 2983 4661 nisi
3014 4608 3065 4661 in
3097 4608 3316 4662 domum
3354 4606 3481 4663 Jcsu

1913 4705 2344 4777 ingrederentur,
2400 4712 2455 4759 et
2504 4702 2573 4757 ad
2616 4701 2768 4756 illum
2818 4699 3217 4770 ingrediuntur,
3250 4709 3304 4754 et
3333 4715 3485 4755 acce-

1910 4793 2099 4848 dentes
2136 4792 2327 4847 dicunt
2352 4793 2402 4846 ei
2435 4810 2449 4847 :
2490 4790 2735 4846 Edissere
2775 4790 2923 4844 nobis
2951 4787 3256 4858 parabolam
3278 4830 3292 4855 ,
3317 4805 3482 4858 quam

1909 4899 2103 4954 nempe
2147 4883 2355 4939 discere
2404 4883 2712 4953 cupiebant.
2762 4882 2938 4953 Atque
2978 4881 3353 4952 hujuscemodi
3398 4891 3482 4936 est

1907 4977 2182 5045 parabola.
3135 4995 3139 4999 ν

225 5070 331 5136 rbv,
365 5070 469 5125 καὶ
494 5070 881 5143 προσελθόντες
919 5070 1090 5142 αὐτῷ,
1115 5069 1281 5141 φασί’
1317 5067 1565 5138 Φράσον
1590 5069 1733 5138 ἡμῖν
1757 5068 1873 5139 τὴν
1906 5072 2275 5142 παραϐολὴν,
2314 5071 2441 5143 περί
2467 5066 2535 5143 ἦς
2578 5070 2766 5141 μαθεῖν
2811 5069 3105 5139 βούλονται.
3170 5067 3329 5125 Ἀλλά
3370 5086 3481 5124 τοι-

226 5161 364 5233 αὕτη
400 5162 502 5234 μὲν
533 5164 568 5234 ὴ
589 5162 895 5236 παραϐολή.

302 5255 465 5326 Ἑξῆς
489 5255 545 5310 δέ
578 5258 727 5310 ἐστιν
754 5259 783 5309 ὁ
815 5256 1083 5321 σκοτεινὸς
1121 5256 1297 5325 λόγος.
1336 5256 1493 5310 Ἔστι
1532 5256 1712 5310 τοίνυν
1744 5259 1802 5310 ἐν

226 5345 338 5407 ταῖς
366 5344 615 5415 Γραφαῖς
660 5363 782 5401 τινα
821 5345 1073 5400 τοσοῦτον
1120 5346 1373 5417 ἐπίτηδες
1408 5347 1696 5411 σκοτεινῶς
1726 5350 1802 5401 εἰ-

227 5434 460 5506 ρημένα,
487 5436 629 5491 ὥστε
659 5437 795 5508 μηδέ
819 5437 882 5492 rb
908 5438 1069 5508 τυχὸν
1097 5436 1349 5492 ἐκλαϐεῖν
1379 5438 1445 5492 ἀν
1472 5455 1592 5491 τινα
1627 5439 1687 5492 ἐν
1712 5439 1801 5492 αύ-

223 5525 333 5586 τοῖς
384 5525 554 5597 χωρὶς
602 5526 803 5586 πολλῆς
855 5526 950 5580 καὶ
986 5527 1227 5599 μεγάλης
1266 5526 1565 5594 ἐξετάσεως
1598 5544 1796 5598 συγκε-

226 5614 466 5684 χυμένης
492 5615 585 5672 καὶ
612 5616 754 5673 κατὰ
778 5616 877 5689 τὴν
900 5617 1123 5689 φράσιν,
1143 5617 1238 5676 καὶ
1264 5617 1404 5676 κατὰ
1430 5619 1489 5676 τὸ
1508 5618 1794 5692 διανόημα,

296 5784 341 5821 ⁸⁸
374 5780 565 5841 Matth.
601 5800 726 5857 xui,
754 5785 838 5843 10.
918 5787 960 5820 "
984 5785 1142 5857 lbid.,
1171 5786 1259 5845 56.

1975 5256 2231 5327 Sequitur
2244 5256 2512 5313 obscurus
2534 5270 2734 5312 sermo.
2758 5253 2897 5311 Sunt
2920 5254 3088 5327 igitur
3103 5257 3159 5312 in
3180 5256 3477 5327 Scripturis

1899 5345 2157 5401 nonnulla
2178 5344 2384 5416 quaeita
2396 5344 2463 5400 de
2479 5345 2747 5400 industria
2772 5346 3002 5401 obscure
3020 5346 3165 5402 dicta
3181 5356 3397 5410 suut,ut
3410 5364 3478 5401 ne

1898 5434 2273 5506 ullusquidem
2303 5451 2498 5493 sensus
2518 5436 2574 5491 iu
2589 5437 2654 5491 iis
2680 5437 2885 5506 percipi
2903 5437 3210 5508 possitsine
3237 5438 3406 5492 multa
3424 5447 3479 5491 et

1896 5542 2091 5598 magna
2101 5526 2500 5598 disquisitione,
2518 5543 2640 5584 cum
2656 5528 2881 5584 dictioni
2910 5544 3103 5601 magna
3120 5526 3370 5584 conlusio
3393 5527 3477 5581 in—

1895 5618 2032 5676 sitet
2057 5617 2356 5677 secundum
2378 5617 2645 5693 phrasim,
2675 5626 2731 5696 et
2745 5620 3041 5681 secundum
3064 5626 3381 5686 sensum,“
3396 5629 3478 5680 so-
