3872 6528
354 312 430 370 15
1856 320 1924 379 Ol

2029 319 2180 378 ENIS
3545 320 3615 374 Ἡ

354 425 596 481 cundum
624 426 1079 497 compositionem
1119 448 1131 483 :
1164 445 1286 500 quae
1321 432 1540 503 quidem
1573 442 1703 505 puto
1735 449 1858 490 esse
1882 433 1924 489 id

2038 430 2131 484 καὶ
2163 427 2301 485 κατὰ
2326 428 2425 502 τὴν
2460 428 2707 484 σύνθεσιν
2734 430 2834 501 τῆς
2862 430 3062 498 λέξεως
3086 450 3099 465 ·
3136 432 3279 504 ὅπερ
3311 431 3515 503 νομίζω
3533 427 3613 485 εἵ-

354 517 501 586 quod
547 518 602 572 in
642 518 823 574 bibliis
860 519 1061 576 dicitur
1089 520 1359 578 obscurus
1386 540 1585 580 sermo.
1631 524 1687 579 ln
1748 539 1933 580 exem-

353 607 503 678 plum
532 609 803 679 ejusmodi
832 610 1099 666 adducam
1128 629 1159 668 e
1195 612 1427 670 Psalmis
1452 631 1513 671 ea
1549 631 1671 687 quae
1701 614 1755 669 in
1787 614 1933 687 psal-

352 716 448 757 mo
490 702 776 775 trigesimo
816 703 993 773 primo
1036 703 1180 760 dicta
1234 716 1362 762 sunt
1397 707 1482 763 his
1527 708 1709 763 verbis
1748 726 1761 760 :
1794 707 1934 773 Quo-

354 798 499 851 niam
532 796 675 850 tacui
693 837 708 861 ,
739 796 1154 853 inveteraverunt
1190 814 1310 853 ossa
1335 815 1451 855 mea
1477 799 1542 865 “,
1573 808 1678 855 etc.
1707 799 1784 855 Ac
1807 816 1932 855 sen-

354 890 540 946 tentias
588 889 811 960 quidem
859 891 1039 949 littera
1099 892 1417 962 simpliciter
1461 891 1686 963 intelligi
1729 900 1931 963 potest,

354 982 820 1054 quemadmodum
875 984 1260 1051 ostendemus;
1307 985 1402 1041 sed
1445 985 1512 1040 de
1548 986 1791 1042 obscuro
1817 1000 1934 1040 sero

354 1089 518 1131 mone
544 1090 651 1130 non
689 1076 761 1132 ita
787 1092 847 1132 se
876 1093 965 1134 res
994 1077 1158 1133 habet
1188 1095 1203 1132 :
1235 1076 1541 1147 cujusmodi
1574 1076 1836 1132 estetiam
1870 1078 1934 1130 il-

352 1168 445 1225 Iud
489 1167 647 1225 Isaia
692 1185 708 1226 :
774 1168 864 1226 Vae
910 1179 1066 1227 terra:
1120 1172 1331 1226 navium
1364 1171 1488 1235 alis,
1523 1182 1669 1225 trans
1708 1171 1935 1241 ﬂumina

350 1259 647 1332 JEthiopia:
678 1277 699 1317 :
725 1266 815 1335 qui
867 1266 1031 1320 mittit
1063 1267 1117 1320 in
1149 1267 1285 1320 mari
1313 1266 1514 1322 obsides
1542 1307 1557 1331 ,
1603 1276 1651 1321 et
1683 1264 1932 1335 epistolas

352 1352 581 1411 biblinas
634 1372 791 1425 super
843 1374 1009 1429 aquas
1045 1357 1109 1413 ".
1163 1358 1454 1425 Quodlibet
1502 1367 1679 1413 autem
1736 1357 1932 1412 borum

350 1448 629 1519 explicare
649 1491 665 1515 ,
702 1460 868 1521 atque
897 1452 1310 1524 interpretando
1343 1453 1614 1508 sermonis
1644 1452 1809 1521 hujus
1834 1451 1933 1508 ob-

350 1539 669 1597 scuritatem
702 1542 997 1611 illustrare,
1043 1560 1155 1600 non
1199 1554 1283 1601 est
1328 1546 1612 1615 praesentis
1645 1544 1929 1615 temporis,

349 1647 420 1689 ne
460 1632 647 1703 plures
693 1641 748 1689 et
796 1635 1207 1706 intempestivas
1240 1637 1508 1695 faciamus
1536 1636 1930 1707 digressiones.

332 1723 595 1799 .Sulﬁciat
628 1728 820 1797 psalmi
868 1729 1049 1785 locum
1089 1731 1496 1800 quodammodo
1527 1731 1608 1786 sic
1635 1730 1927 1800 explicare.

348 1817 631 1884 Quatenus
662 1821 808 1875 enim
837 1822 1160 1889 exclamavi,
1208 1825 1441 1895 hymnos
1471 1823 1582 1879 Deo
1611 1824 1929 1887 concinens,

347 1921 400 1965 et
423 1919 534 1967 tota
560 1912 648 1968 die
667 1913 734 1968 de
766 1912 876 1970 Deo
905 1915 1158 1985 loquens,
1199 1918 1334 1971 nihil
1370 1918 1424 1972 in
1455 1935 1540 1974 me
1567 1919 1931 1974 inveteratum

347 2013 453 2072 est,
484 2006 577 2060 sed
608 2008 789 2075 potius
820 2019 1118 2065 renovatus
1146 2026 1290 2066 sum.
1346 2009 1450 2066 Ubi
1490 2027 1621 2067 vero
1671 2027 1700 2067 a
1734 2012 1933 2066 divinis

348 2098 699 2154 sermonibus
746 2100 984 2157 abstinui
1010 2142 1025 2165 ,
1060 2118 1173 2172 pra;
1198 2113 1419 2172 torpore
1444 2104 1613 2159 silens
1632 2146 1647 2172 ,
1674 2113 1932 2159 veternus

350 2203 525 2258 usque
552 2191 618 2244 ad
660 2205 791 2246 ossa
826 2208 947 2246 mea
977 2195 1303 2262 penetravit,
1344 2204 1399 2249 et
1424 2196 1491 2250 ad
1516 2210 1578 2251 ea
1604 2212 1727 2266 quae
1750 2196 1803 2249 in
1843 2210 1932 2250 me

349 2281 685 2336 solidissima
741 2282 1089 2340 videbantur.
1140 2285 1279 2342 Hinc
1324 2296 1682 2344 consecutum
1728 2297 1831 2353 est,
1874 2298 1934 2343 ut

347 2372 437 2427 die
464 2388 529 2429 ac
557 2383 717 2431 nocte
737 2385 962 2447 gravata
997 2376 1159 2433 fuerit
1190 2378 1241 2449 5
1274 2395 1440 2449 super
1472 2396 1557 2435 me
1586 2396 1783 2435 nianus
1814 2390 1926 2445 tua,

346 2472 396 2519 et
450 2478 739 2536 propterea
787 2485 818 2523 a
867 2470 1038 2540 priori
1090 2471 1404 2529 visitatione
1454 2489 1721 2530 conversa
1756 2484 1840 2531 est
1874 2477 1931 2531 in

346 2572 527 2613 meam
576 2560 855 2617 miseriam
908 2572 1203 2634 aggravata
1252 2581 1451 2623 manus
1500 2577 1591 2622 tua
1625 2584 1789 2639 super
1820 2585 1925 2625 me.

346 2648 413 2706 Et
451 2654 647 2709 merito
691 2656 911 2725 quidem
960 2658 1075 2713 haec
1106 2673 1304 2729 passus
1331 2675 1494 2728 sum;
1553 2661 1716 2717 inﬁxa
1753 2663 1807 2716 in
1842 2679 1931 2719 me

347 2742 527 2812 spina,
552 2747 815 2815 quoniam
852 2747 1032 2805 victus
1063 2766 1181 2806 sum
1209 2767 1239 2806 a
1266 2753 1438 2818 curis,
1474 2753 1559 2806 vel
1583 2753 1746 2808 etiam
1775 2769 1805 2808 a
1840 2755 1926 2808 di—

346 2835 497 2889 vitiis
525 2845 579 2891 et
606 2838 980 2909 voluptatibus
1011 2842 1177 2914 hujus
1210 2845 1416 2901 saeculi.
1450 2843 1732 2915 Ejusmodi
1768 2846 1929 2915 quid-

344 2926 490 2995 piam
526 2930 846 3000 prophetam
874 2932 978 2989 hoc
1011 2935 1133 2991 loco
1156 2936 1209 2990 in
1236 2946 1418 2993 mente
1444 2935 1722 3001 habuisse,
1759 2936 1930 3006 liquet

343 3034 408 3074 ex
453 3021 538 3076 his
569 3039 691 3093 qua:
721 3023 1072 3082 inferuntur:
1116 3026 1403 3082 Peccatum
1444 3045 1617 3082 meum
1660 3030 1925 3100 cognitum

346 3109 442 3162 tibi
471 3110 572 3179 feci
605 3112 669 3178 “,
695 3122 799 3170 etc.

414 3200 664 3259 Posthtec
710 3206 1003 3262 videndum
1066 3225 1318 3280 quaenam
1358 3208 1470 3268 sint
1507 3214 1652 3270 dicta
1704 3216 1923 3285 sapien-

343 3298 483 3360 tum,
507 3295 703 3351 dcinde
728 3313 850 3367 qua:
875 3300 983 3355 sint
1007 3302 1316 3372 arnigmala,
1342 3306 1588 3375 qualium
1614 3309 1923 3378 sapientum

341 3384 486 3441 dicta
533 3387 799 3461 intelligat
840 3392 1083 3462 sapiens,
1115 3405 1280 3466 atque
1307 3398 1499 3453 eadem
1529 3401 1803 3456 audiendo
1837 3418 1927 3457 sa-

341 3475 578 3545 pientior
606 3482 820 3537 evadat.
851 3483 934 3537 An
982 3500 1173 3541 eorum
1217 3498 1435 3545 tantum
1477 3493 1570 3561 qui
1622 3495 1923 3549 secundum

265 3609 270 3614 .
341 3564 514 3623 Deum
537 3579 589 3624 et
614 3573 895 3628 veritatem
918 3576 1039 3645 ejus
1062 3578 1318 3647 sapiunt?
1339 3582 1421 3635 An
1440 3597 1569 3637 vero
1595 3599 1702 3637 non
1728 3583 1923 3639 horum

342 3660 557 3727 solum,
614 3664 709 3719 sed
768 3665 932 3721 etiam
1002 3684 1192 3724 eorum
1244 3686 1385 3741 quos
1441 3672 1584 3730 Deus
1636 3676 1815 3746 capiet
1869 3678 1922 3731 in

341 3754 542 3807 astutia
570 3768 665 3809 sua
687 3756 713 3809 ἲ
739 3754 875 3811 Nam
908 3767 961 3813 et
994 3759 1095 3816 hos
1144 3776 1328 3818 sermo
1364 3765 1639 3834 sapientes
1673 3768 1925 3821 nomina-

339 3843 438 3897 vit.
474 3842 687 3902 Etenim
733 3865 832 3905 cnr
889 3851 1070 3910 dictus
1116 3855 1336 3925 sapiens
1384 3856 1647 3929 intelliget
1701 3860 1921 3930 quidem

341 3934 623 4000 beatorum
655 3942 962 4011 sapientum
993 3945 1158 4012 dicta,
1194 3948 1425 4005 aliorum
1455 3965 1585 4006 vero
1612 3953 1918 4021 sapientum

340 4042 626 4088 sermones
678 4033 977 4106 intelligere
1029 4054 1138 4093 non
1190 4041 1428 4110 poterit?
1477 4041 1560 4097 An
1615 4043 1921 4101 intellectus

339 4120 460 4190 ejus
510 4124 616 4178 erit
675 4124 1001 4183 imbecillior
1054 4130 1328 4188 intellectu
1391 4136 1699 4204 sapientum
1756 4136 1921 4207 hujus

340 4213 551 4279 mundi,
583 4226 637 4271 et
689 4218 907 4275 illorum
955 4221 1100 4277 dicta
1142 4225 1361 4296 assequi
1408 4242 1515 4281 non
1568 4228 1810 4284 valebit?
1855 4229 1920 4285 Et

339 4303 463 4358 vide
510 4321 578 4361 ne
621 4307 759 4364 forte
810 4313 1271 4381 quemadmodum
1315 4318 1456 4372 oculi
1506 4334 1645 4389 opus
1691 4329 1777 4375 est
1808 4336 1915 4375 non

341 4395 518 4450 solum
571 4412 658 4453 res
698 4399 835 4455 bene
874 4403 1157 4460 ordinatas
1200 4407 1405 4473 videre,
1453 4410 1548 4463 sed
1581 4410 1744 4464 etiam
1796 4412 1917 4468 illas

2034 540 2117 577 ναι
2161 522 2254 576 τὸν
2298 520 2588 593 λεγόμενον
2630 522 2689 574 ὲν
2720 521 2886 594 βίϐλῳ
2914 523 3185 578 σκοτεινὸν
3218 523 3393 592 λόγον.
3432 524 3616 596 Παρά-

2033 615 2233 686 δειγμα
2262 614 2371 669 τῶν
2391 614 2647 669 τοιούτων
2680 614 2979 687 ἐκθήσομαι
3010 616 3119 670 ἀπὸ
3146 616 3389 687 Ψαλμῶν
3431 619 3496 672 ὲκ
3520 616 3615 671 τοῦ

2034 708 2111 762 λα’
2139 706 2355 780 ψαλμοῦ
2376 708 2446 762 τὰ
2472 707 2615 763 οὕτω
2646 707 2943 781 λελεγμένα
2962 726 2976 740 ι
3016 711 3145 764 Ὅτι
3168 710 3447 780 ἐσίγησα,
3468 710 3616 765 ἑπα-

2032 799 2258 870 λαιὼθη
2290 800 2364 855 τὰ
2395 797 2547 855 ὀστᾶ
2575 817 2714 870 μου,
2745 802 2840 855 καὶ
2870 800 2938 854 τὰ
2967 800 3118 872 ἑξῆς.
3164 802 3275 857 Καὶ
3306 801 3493 867 ἁπλῶς
3522 802 3616 857 τοῦ

2041 896 2137 967 μὲν
2168 895 2435 966 νοήματος
2466 881 2655 967 νοῆσαι
2680 894 2795 949 ἔστι
2828 894 2891 949 τὸ
2919 896 3099 968 ῥητὸν,
3128 896 3204 962 ὡς
3225 896 3496 969 δείξομεν·
3520 896 3618 951 τοῦ

2034 987 2089 1041 δὲ
2122 986 2398 1041 σκοτεινοῦ
2422 987 2605 1056 λόγου,
2641 987 2767 1041 οὐδὲ
2792 987 2851 1041 τὸ
2876 986 3136 1042 τοιοῦτον·
3173 983 3285 1042 οἷον
3318 989 3540 1042 κάκεῖνο
3556 990 3619 1041 ἐν

2046 1078 2273 1153 Ἡσαΐᾳ·
2338 1079 2483 1134 Οὐαί
2527 1078 2641 1149 γῆς
2683 1080 2911 1134 πλοίων
2975 1080 3283 1150 πτέρυγες,
3338 1079 3619 1134 ἐπέκεινα

2036 1171 2314 1242 ποταμῶν
2366 1174 2703 1241 Αἰθιοπίας,
2765 1173 3163 1229 ἀποστέλλων
3210 1174 3280 1227 ἐν
3329 1172 3619 1243 θαλάσσῃ

2036 1264 2226 1334 ὅμηρα
2258 1265 2358 1320 καὶ
2388 1266 2716 1332 ἐπιστολὰς
2740 1266 3042 1332 ,βυϐλίνπς
3087 1265 3287 1319 ἐπάνω
3316 1265 3429 1321 τοῦ
3472 1264 3618 1319 ὕδα-

2034 1375 2154 1423 τος.
2194 1358 2464 1412 Ἐκαστον
2502 1358 2557 1412 δὲ
2593 1358 2798 1412 τούτων
2831 1358 3125 1430 σαφηνίσαι
3157 1359 3252 1412 καὶ
3282 1358 3472 1429 νοῆσαι
3501 1375 3619 1427 φω-

2034 1446 2247 1512 τίζοντα
2279 1451 2346 1520 τῇ
2375 1448 2622 1521 διηγήσει
2664 1448 2726 1502 τὸ
2761 1448 3031 1503 σκοτεινὸν
3059 1448 3225 1503 αὐτοῦ
3261 1446 3327 1502 ὀύ
3348 1447 3445 1502 τοῦ
3472 1464 3617 1519 παρ-

2034 1539 2186 1603 όντος
2240 1539 2356 1592 ἐστὶ
2410 1539 2604 1611 καιροῦ
2631 1579 2647 1604 ,
2709 1540 2797 1594 ἴνα
2860 1538 2934 1613 μὴ
2969 1539 3170 1604 πολλὰς
3209 1542 3304 1595 καὶ
3351 1542 3617 1613 ἀκαίρους

2036 1631 2316 1705 ποιώμεθα
2355 1631 2742 1704 παρεκϐάσεις.
2794 1633 2981 1705 Ἀρκεῖ
3007 1633 3064 1687 δὲ
3097 1633 3257 1703 μόνον
3284 1633 3346 1686 τὸ
3379 1632 3487 1686 ἀπὸ
3516 1631 3616 1687 τοῦ

2033 1726 2250 1799 ψαλμοῦ
2293 1726 2435 1781 οὕτω
2467 1744 2583 1789 πως
2615 1725 2907 1796 σαφηνίσαι
2942 1725 3251 1798 λεγόμενον.
3306 1727 3470 1780 Ὅσον
3504 1726 3617 1798 γὰρ

1961 1785 2004 1840 Β
2034 1785 2358 1890 ἐκεκράγειν
2391 1785 2579 1890 ύμνῶν
2609 1785 2709 1871 τὸν.
2722 1785 2872 1881 Θεὸν,
2908 1785 3098 1872 καὶυδέ
3125 1817 3253 1891 ὅλης
3283 1818 3381 1889 τῆς
3402 1785 3615 1891 ἡμέρας

2034 1908 2335 1978 θεολογῶν,
2369 1907 2525 1961 οὐδέν
2561 1924 2663 1979 μου
2703 1907 3046 1972 ἐπαλαιοῦτο,
3093 1907 3207 1961 ἀλλ’
3239 1910 3362 1962 ὅσον
3398 1910 3618 1964 ἁνεκαι-

2032 2004 2259 2076 νούμην.
2287 2004 2412 2057 Ὅτε
2448 2002 2506 2055 δὲ
2537 2002 2789 2073 ἁργήσας
2818 2001 2927 2055 ἀπὸ
2949 2001 3045 2055 τοῦ
3075 2001 3252 2071 λέγειν
3282 2003 3348 2057 τὰ
3370 2003 3469 2075 τῆς
3496 2004 3620 2057 θεο-

2032 2096 2218 2164 λογίας
2261 2094 2564 2165 ὲσιώπ-ησα,
2615 2094 2734 2148 τότε
2786 2094 2819 2164 ή
2874 2093 3171 2163 παλαιότης
3227 2094 3404 2148 εἰσέδυ
3449 2095 3618 2168 μέχρι

2032 2188 2137 2242 τῶν
2167 2187 2368 2242 ὀστέων
2411 2203 2535 2258 μου,
2582 2187 2673 2240 καὶ⁵
2700 2185 2807 2240 τῶν
2842 2185 3138 2240 δοκούντων
3161 2188 3219 2240 ὲν
3248 2187 3370 2258 ἐμοὶ
3394 2190 3620 2260 στερῥο-

2032 2280 2227 2335 τάτων.
2259 2281 2367 2333 Καὶ
2395 2278 2607 2343 τούτοις
2637 2278 2974 2350 ἠκολούθησε
3005 2278 3067 2332 τὸ
3109 2277 3333 2351 βαρεῖαν
3359 2278 3615 2347 γενέσθαι

2032 2373 2130 2446 τὴν
2163 2371 2323 2443 χεῖρά
2357 2389 2449 2427 σου
2492 2371 2686 2436 νυκτὸς
2711 2374 2802 2426 καὶ
2832 2373 3043 2444 ήμέρας
3069 2373 3187 2425 κατ’
3211 2370 3369 2441 ἐμοῦ,
3407 2372 3497 2427 καὶ
3522 2372 3619 2427 διὰ

2031 2464 2186 2518 τοῦτο
2219 2465 2327 2519 ἀπὸ
2356 2464 2455 2535 τῆς
2482 2464 2755 2536 προτέρας
2788 2463 3089 2534 ἐπισκοπῆς
3124 2463 3370 2535 ἐστράφη
3400 2464 3480 2526 είς
3510 2462 3618 2536 τὴν

2031 2556 2169 2629 ἐμὴν
2198 2558 2572 2628 ταλαιπωρίαν
2596 2557 2630 2627 ή
2657 2555 2995 2628 βαρυνομένη
3030 2573 3121 2610 σου
3148 2557 3268 2628 χεὶρ
3300 2557 3416 2610 κατ’
3451 2554 3614 2627 ἐμοῦ.

2030 2650 2139 2704 Καὶ
2190 2650 2359 2716 ἀξίως
2400 2667 2464 2719 γε
2498 2648 2673 2703 ταῦτα
2706 2648 2969 2711 πέπονθα,
3018 2647 3287 2718 παγείσης
3326 2666 3416 2720 μοι
3444 2649 3622 2703 ἀκάν-

2030 2741 2149 2814 θης,
2187 2744 2350 2813 ήνίκα
2399 2741 2711 2813 ὲκρατήθην
2758 2740 2865 2794 ὑπὸ
2911 2739 3211 2813 μεριμνῶν,
3265 2741 3429 2812 ῆκαὶ
3454 2739 3622 2794 πλούο

2028 2855 2120 2891 του
2141 2878 2155 2903 ,
2191 2837 2287 2889 καὶ
2319 2834 2523 2907 ἡδονῶν
2548 2834 2834 2905 βιωτικῶν.
2885 2835 3008 2887 Ὅτι
3048 2833 3104 2887 δὲ
3135 2832 3360 2888 τοιαῦτά
3382 2851 3505 2889 τινα
3528 2833 3619 2905 τῷ

2029 2930 2290 3001 Προφήτῃ
2339 2929 2396 2980 ὲν
2441 2926 2649 2987 τούτοις
2682 2927 2947 2997 νενόηται,
2982 2925 3140 2995 δῆλον
3186 2920 3251 2980 ὲκ
3282 2925 3376 2980 τοῦ
3420 2926 3619 2996 ἐπιφέ-

2031 3020 2221 3092 ρεσθαι
2272 3016 2478 3080 τούτοις
2526 3019 2624 3082 τὸ,
2656 3014 2775 3083 Τὴν
2802 3014 3096 3085 ἁμαρτίαν
3132 3032 3251 3084 μου
3292 3012 3619 3083 ἐγνώρισα,

1957 3126 1999 3185 C
2036 3110 2129 3164 καὶ
2164 3108 2234 3161 τὰ
2262 3107 2413 3178 ἑξῆς.

2096 3200 2251 3256 Μετὰ
2298 3198 2471 3253 ταῦτα
2514 3197 2661 3252 ἔστιν
2711 3197 2840 3251 ἰδεῖν
2882 3196 3026 3260 τίνες
3070 3195 3128 3248 αί
3165 3196 3350 3267 ῥήσεις
3380 3195 3491 3249 τῶν
3519 3210 3617 3248 σο-

2028 3294 2143 3364 φῶν
2162 3311 2174 3324 ·
2218 3289 2336 3347 εἶτα
2363 3292 2487 3347 τίνα
2516 3290 2587 3343 τὰ.
2617 3290 2911 3361 αἰνίγματα
2930 3307 2943 3320 ·
2977 3289 3144 3343 ποίων
3192 3287 3371 3358 σοφῶν
3418 3287 3617 3373 ῥήσεις

2024 3390 2053 3442 6
2087 3387 2253 3442 τῶνδε
2284 3385 2525 3449 ἀκούσας
2551 3384 2738 3452 σοφὸς.
2766 3384 2860 3437 καὶ
2892 3382 2982 3436 διὰ
3014 3382 3078 3436 τὸ
3106 3381 3399 3451 ἀκηκοέναι
3427 3379 3615 3435 αὐτῶν

2027 3480 2218 3534 ἑαυτοῦ
2259 3478 2548 3549 γενόμενος
2588 3476 2911 3548 σοφώτερος.
2941 3470 3090 3545 Ἀρα
3131 3473 3242 3546 γὰρ
3283 3473 3461 3544 μόνων
3496 3471 3614 3527 τῶν

2026 3572 2166 3625 κατὰ
2190 3571 2324 3625 Θεὸν
2350 3570 2446 3624 καὶ
2482 3569 2579 3640 τὴν
2605 3569 2863 3640 ἀλήθειαν
2891 3566 3055 3620 αὑτοῦ
3098 3564 3299 3634 σοφῶν,
3330 3565 3364 3637 ἢ
3392 3564 3456 3618 οὐ
3483 3562 3615 3618 τού-

2025 3680 2132 3716 των
2163 3663 2342 3733 μόνον.
2368 3660 2503 3714 ἀλλὰ
2529 3662 2625 3715 καὶ
2648 3654 2723 3714 ὧν
2746 3659 3001 3731 δράξεται
3029 3660 3058 3711 ό
3081 3657 3215 3722 Θεὸς
3242 3656 3343 3729 τῆς
3365 3673 3613 3729 πανουρ-

2024 3751 2181 3820 γίας;
2233 3755 2342 3808 Καὶ
2386 3753 2497 3824 γὰρ
2532 3752 2753 3815 τούτους
2797 3751 3079 3823 ὠνόμασεν
3119 3753 3148 3805 6
3187 3750 3343 3818 λόγος
3383 3747 3607 3819 σοφούς.

2024 3847 2119 3900 Διὰ
2146 3848 2197 3900 τί
2218 3846 2326 3919 γὰρ
2352 3848 2379 3898 6
2401 3845 2691 3918 εἰρημένος
2711 3846 2893 3916 νοήσει
2924 3846 3020 3916 μὲν
3051 3845 3149 3909 τὰς
3180 3844 3287 3900 τῶν
3319 3842 3611 3915 μακαρίων

2026 3937 2203 4008 σοφῶν
2240 3939 2444 4009 ῥήσεις,
2479 3938 2540 3990 οὐ
2574 3936 2848 4008 διαρκέσει
2877 3935 2932 3988 δὲ
2981 3936 3117 4008 πρὸς
3164 3935 3225 3989 τὸ
3276 3936 3465 4005 νοῆσαι
3508 3936 3608 3990 καὶ

2022 4032 2147 4095 τοὺς
2179 4029 2288 4084 τῶν
2331 4028 2533 4084 λοιπῶν
2579 4028 2757 4097 σοφῶν
2788 4028 2999 4098 λόγους,
3035 4027 3148 4081 ἀλλ’
3194 4027 3351 4080 ἔσται
3380 4027 3531 4098 αὐτῷ
3576 4030 3608 4083 6

2021 4119 2146 4183 νοῦς
2178 4119 2415 4173 ἐλάττων
2442 4117 2536 4171 τοῦ
2561 4117 2653 4171 νοῦ
2680 4116 2789 4171 τῶν
2820 4117 2998 4185 σοφῶν
3024 4117 3119 4171 τοῦ
3150 4116 3357 4188 κόσμου
3390 4115 3605 4181 τούτου,

2020 4214 2115 4267 καὶ
2156 4213 2231 4284 μὴ
2281 4211 2579 4283 δυνάμενος
2622 4208 3051 4281 παρακολουθεῖν
3090 4213 3203 4273 τοῖς
3250 4211 3342 4263 ὑπ’
3380 4210 3607 4265 ἐκείνων

2020 4302 2367 4374 λεγομένοιςς
2394 4301 2506 4354 Καὶ
2533 4301 2644 4371 ἄρα
2677 4300 2888 4369 μήποτε
2910 4294 3100 4369 ὥσπερ
3130 4297 3409 4369 ὀφθαλμοῦ
3440 4298 3609 4369 ἔργον

2020 4396 2169 4448 ἐστὶν
2203 4395 2263 4446 οὐ
2297 4393 2458 4463 μόνον
2495 4392 2561 4444 τὰ
2598 4392 2906 4461 τεταγμένα
2945 4392 3098 4462 όρᾷν,
3121 4390 3260 4444 ἀλλὰ
3291 4390 3385 4444 καί⁹
3415 4390 3485 4444 τὰ
3510 4391 3611 4446 ἄλ·-

340 4502 464 4557 ιιιιαι
501 4488 657 4544 aliter
681 4505 740 4545 se
769 4492 991 4559 habent,
1022 4511 1087 4551 ac
1114 4498 1289 4566 posita
1322 4499 1375 4553 in
1409 4500 1518 4554 illis
1543 4515 1633 4555 ars
1661 4503 1914 4572 requirit;

2029 4489 2130 4550 λως
2158 4486 2368 4556 ἔχοντα,
2402 4485 2435 4554 ἢ
2470 4485 2546 4548 ὡς
2576 4484 2636 4537 τὸ
2673 4485 2730 4536 ὲν
2777 4483 2988 4546 τούτοις
3026 4484 3270 4554 τεχνικὸν
3317 4482 3569 4554 βούλεται
3590 4500 3606 4515 °

341 4576 423 4632 sic
466 4581 662 4637 mentis
704 4598 842 4654 opus
886 4586 958 4641 sit
1005 4597 1111 4642 tam
1161 4588 1350 4645 obvias
1391 4607 1555 4661 quam
1586 4609 1695 4648 non
1728 4595 1919 4652 obvias

340 4670 697 4741 cogitationes
730 4676 1101 4745 considerare,
1144 4695 1212 4735 ne
1245 4696 1357 4750 quo
1397 4683 1561 4739 modo
1606 4687 1920 4743 mendacio-

336 4777 461 4817 rum
492 4765 966 4825 verisimilitudine
1003 4771 1334 4843 decipiatur,
1364 4776 1457 4830 sed
1487 4777 1745 4849 deceptos
1781 4780 1916 4837 libe-

335 4862 441 4922 ret,
488 4869 613 4912 cum
663 4859 991 4918 intellexerit
1046 4865 1278 4921 aliorum
1334 4884 1551 4939 quoque
1604 4872 1914 4942 sapientum

333 4945 503 5013 dicta,
536 4948 828 5022 siquando
870 4962 1087 5011 struant
1136 4958 1493 5029 sOphismata,
1526 4974 1579 5018 et
1637 4966 1913 5033 quomodo

335 5034 489 5095 falsis
537 5040 767 5100 illudant
800 5036 1126 5116 rationibus,
1158 5058 1211 5104 et
1242 5067 1348 5122 qua
1390 5054 1602 5110 ratione
1630 5057 1911 5126 sophisma

333 5131 580 5189 solvatur
624 5151 690 5193 ac
730 5137 977 5212 deceptio
1024 5142 1283 5201 elidatur.
1334 5145 1433 5201 Hic
1479 5149 1642 5203 etiam
1676 5166 1774 5221 per
1823 5167 1911 5207 sa-
1958 5158 1963 5165 ‘

331 5222 544 5292 pientes
576 5242 709 5285 suos
741 5232 982 5290 minatur
1014 5235 1157 5291 Dens
1191 5235 1306 5290 fore
1336 5246 1394 5292 nt
1420 5254 1540 5294 eam
1564 5257 1686 5311 quae
1712 5243 1781 5298 ob
1812 5242 1912 5299 l‘al—

331 5312 529 5371 laciam
558 5317 767 5376 destrui
808 5334 1049 5382 meretur
1087 5328 1412 5400 sapientiam
1457 5332 1761 5401 sapientum
1787 5350 1911 5405 per-

331 5405 446 5474 dat,
474 5422 689 5467 necnon
738 5412 987 5472 fallacem
1030 5421 1379 5490 prudentiam
1419 5438 1609 5479 eorum
1660 5426 1755 5496 qui
1800 5442 1909 5481 non

332 5500 637 5559 secundum
683 5504 861 5577 ipsum
890 5509 1186 5581 prudentes
1216 5527 1363 5571 sunt.
1408 5512 1499 5572 Sic
1531 5532 1628 5587 per
1658 5532 1788 5573 suos
1820 5534 1909 5575 sa-

332 5587 544 5660 pientes
589 5597 1015 5667 comprehendet
1070 5609 1329 5661 astutlam
1380 5607 1547 5679 hujus
1600 5608 1809 5665 sazculi.
1847 5607 1905 5664 Si

2023 4578 2165 4632 οὕτω
2190 4576 2284 4631 νοῦ
2314 4577 2474 4650 ἔργον
2498 4575 2616 4629 ἐστὶ
2635 4574 2706 4629 τά
2727 4593 2786 4629 τε
2807 4576 3278 4647 ὲπιτυγχανόμενα
3299 4577 3608 4647 ἐννοήματα

2024 4669 2268 4740 θεωρεῖν,
2298 4669 2392 4722 καὶ
2425 4667 2492 4721 τὰ
2534 4666 2628 4737 μὴ,
2660 4666 2828 4730 είπως
2856 4667 3020 4731 αὑτός
3046 4684 3104 4721 τε
3138 4667 3244 4721 ὑπὸ
3267 4667 3368 4738 τῆς
3400 4670 3459 4721 ὲν
3490 4670 3607 4733 τοῖς

2020 4762 2239 4832 ψεύδεσι
2265 4760 2622 4833 πιθανότητος
2646 4760 2745 4830 οὐχ
2773 4756 3062 4822 ἁλώσεται,
3094 4759 3188 4813 καὶ
3222 4761 3349 4824 τοὺς
3375 4759 3608 4826 ἁλόντας

2023 4856 2264 4927 ῥύσεται,
2294 4856 2388 4909 ὲὰν
2415 4858 2584 4930 νοήσῃ
2607 4855 2826 4910 καὶτῶν
2859 4854 3034 4908 ἄλλων
3058 4854 3236 4925 σοφῶν
3264 4854 3363 4919 τὰς
3391 4856 3604 4927 ῥήσεις,

2023 4948 2175 5003 εἵπου
2212 4947 2538 5017 σοφίζονται,
2575 4949 2675 5002 καὶ
2699 4949 2822 5002 τίνα
2864 4947 3062 5019 τρόπον
3110 4948 3593 5022 παραλογίζονται·

2023 5042 2115 5095 καὶ
2143 5041 2260 5106 πῶς
2284 5043 2344 5095 τὸ
2366 5041 2610 5113 σόφισμα
2628 5041 2837 5103 λύεται,
2854 5043 2947 5097 καὶ
2968 5045 2996 5096 ό
3018 5040 3425 5114 παραλογισμὸς
3448 5039 3605 5100 ἐλέγ-

2021 5151 2193 5204 χεται.
2231 5135 2387 5188 Ούτω
2427 5135 2533 5206 γὰρ
2561 5136 2653 5187 καὶ
2681 5134 2770 5187 διὰ
2800 5134 2908 5186 τῶν
2939 5133 3129 5188 ἑαυτοῦ
3160 5132 3340 5203 σοφῶν
3388 5132 3604 5186 ἀπειλεῖ

2019 5226 2048 5277 6
2078 5225 2230 5289 Θεὸς,
2253 5227 2336 5280 ὅτι
2366 5226 2464 5297 τὴν
2488 5225 2575 5279 διὰ
2598 5227 2659 5279 τὸ
2690 5223 2885 5295 ψεῦδος
2906 5225 3062 5291 ἀξίαν
3088 5224 3382 5280 ἀπολέσθαι
3408 5224 3601 5293 σοφίαν

2018 5316 2126 5369 τῶν
2170 5316 2349 5387 σοφῶν
2376 5318 2649 5389 ἀθετήσει,
2678 5318 2772 5371 καὶ
2799 5321 2897 5391 τὴν
2931 5317 3215 5389 ἀπατηλήν
3247 5317 3462 5371 σύνεσιν
3488 5316 3603 5373 τῶν

2021 5408 2097 5479 μὴ
2124 5411 2242 5462 κατ’
2268 5409 2431 5465 αὑτὸν
2462 5408 2719 5476 συνετῶν,
2756 5410 2851 5463 καὶ
2888 5408 3031 5463 οὔτω
3053 5408 3141 5462 διὰ
3164 5407 3273 5461 τῶν
3297 5407 3446 5461 ἰδίων
3467 5407 3599 5477 δρά-

2018 5498 2167 5563 ξεται
2194 5502 2292 5573 τῆς
2318 5503 2654 5576 πανουργίας
2672 5502 2768 5557 τοῦ
2801 5503 2993 5566 αἰῶνος
3036 5501 3225 5556 τούτου
3254 5498 3452 5569 σοφῶν.
3489 5498 3597 5554 Δύ-

2016 5591 2145 5648 τίκα
2188 5596 2238 5649 οἱ
2281 5593 2522 5667 μαθηταὶΙ
2560 5594 2657 5651 τοῦ
2691 5596 2917 5668 Κυρίου,
2948 5596 2995 5649 εί
3030 5594 3104 5668 μὴ
3136 5595 3318 5649 ὲνόουν
3360 5592 3462 5659 τὰς
3486 5589 3596 5648 τῶν

418 5747 629 5808 “Psal.
652 5771 806 5826 xxxi,
839 5759 891 5815 5.
972 5762 1012 5795 "
1035 5761 1140 5820 lsa.
1175 5783 1333 5836 xviu,
1368 5770 1421 5838 l,
1452 5771 1507 5826 2.
1587 5773 1630 5805 ”
1664 5771 1808 5832 Psal.
1836 5792 1989 5845 xxxi,
2028 5778 2080 5837 5.
