3872 6508
109 354 164 408 2‘5
1293 350 1725 410 FRAGMENTA
1771 350 1839 408 [Ν
1876 350 2290 410 PROVERBIA.
3291 358 3362 413 26

110 473 361 546 κτισμιιῶν
389 473 574 543 σοφῶν
596 477 808 547 ῥήσεις,
841 474 957 538 πῶς
978 473 1367 546 ἐστρατεύοντο
1396 476 1534 548 πρὸς
1558 474 1678 529 καθ-

1789 490 1900 529 non
1934 475 2242 546 sapientum
2273 472 2438 544 hujus
2465 471 2648 527 smculi
2677 472 2819 527 dicta
2853 471 3245 527 intellexissent
3274 473 3359 527 dio

108 571 287 641 σίρεσιν
337 567 758 637 ὀχυρωμάτων,
800 567 1095 637 λογισμοὺς
1156 566 1548 639 καθαιροῦντες
1586 567 1679 620 καὶ

111 667 199 718 πᾶν
217 662 417 733 ὕψωμα
437 656 806 733 ὲτὲαιρόμενον
828 660 969 718 κατὰ
992 659 1092 730 τῆς
1116 658 1372 729 γνώσεως
1399 658 1495 712 τοῦ
1519 659 1677 724 Θεοῦς

110 758 215 821 Πῶς
239 757 423 811 δὲκαὶ
465 755 530 808 τὸ
570 756 677 808 ὑπὸ
723 755 819 809 τοῦ
864 755 1072 825 Πέτρου
1120 754 1414 824 λεγόμενον
1462 754 1680 818 τελείως

110 846 379 920 τηρήσαι-τό
426 863 516 909 τις
561 846 648 908 ἂν,
698 846 781 909 τὸ,
815 846 1079 913 Ἐτοιμοι
1128 843 1220 898 ἀεὶ
1274 845 1424 913 πρὸς
1459 845 1682 898 ἀπολο-

112 946 230 1014 γίαν
254 941 434 996 παντὶ
470 938 553 1006 τῷ
591 940 860 994 αίτσῦγτι
893 937 1044 1007 ὑμᾶς
1071 939 1260 1008 λόγον
1301 936 1575 1006 περὶτῆς
1611 937 1683 990 ἐν

112 1034 234 1104 ὑμῖν
253 1032 526 1098 ἐλπίδος,
559 1031 634 1102 μὴ
675 1030 896 1093 τελείως
928 1029 1065 1099 ἔχων
1090 1028 1192 1098 τὴν
1218 1030 1277 1083 ὲν
1310 1027 1455 1099 λόγῳ
1493 1044 1681 1100 παρα-

114 1126 309 1197 σκευὴν,
350 1127 443 1179 ἵνα
486 1125 657 1178 παντὶ
684 1122 906 1193 ’Έλληνι
937 1122 1033 1176 καὶ
1063 1120 1230 1175 παντὶ
1267 1120 1551 1195 βαρϐάρῳ,
1586 1121 1681 1174 καὶ

105 1219 252 1273 παντὶ
279 1216 452 1287 σοφῷ,
487 1216 583 1270 καὶ
611 1215 776 1268 παντὶ
806 1215 1017 1285 ἀνοήτῳ
1044 1213 1262 1285 ἕτοιμος
1376 1213 1515 1286 πρὸς
1547 1214 1684 1267 ἁπο-

99 1312 273 1380 λογίαν
320 1312 451 1382 περὶ
495 1310 597 1382 τῆς
625 1311 683 1362 ὲν
712 1307 862 1379 αὐτῷ
899 1307 1132 1373 ἐλπίδος,
1170 1307 1249 1379 τῷ
1297 1308 1537 1360 συνιέναι
1585 1306 1684 1370 τὰς

100 1404 199 1457 τῶν
230 1402 409 1472 σοφῶν
455 1404 669 1474 ῥήσεις,
712 1400 821 1454 τῶν
857 1401 955 1470 μὲν
983 1397 1328 1470 κατηγορῶν,
1353 1397 1423 1451 τὰ
1464 1396 1522 1451 δὲ
1549 1397 1683 1451 ἁνα-

99 1495 337 1567 τρίτιων,
390 1492 566 1547 ταῦτα
612 1492 672 1545 δὲ
729 1490 981 1554 συνιστὰς
1032 1490 1129 1544 καὶ
1178 1488 1542 1553 ἀποδεικνύς;
1589 1487 1682 1561 Μὴ

100 1588 376 1657 θαυμάσῃς
413 1584 474 1638 δὲ
502 1585 554 1637 εί
594 1584 691 1637 νῦν
721 1586 751 1638 ὁ
782 1582 997 1655 ἀληθῶς
1044 1582 1187 1636 κατὰ
1224 1583 1358 1635 Θεὸν
1395 1581 1557 1651 σοφὸς
1586 1582 1685 1651 οὐχ

101 1677 399 1749 εὑρίσκεται
422 1694 436 1706 ⁸
470 1674 754 1730 ἐκλέλοιπε
801 1671 911 1746 γὰρ
952 1674 1019 1729 τὰ
1052 1674 1279 1728 πλεῖστα
1304 1672 1417 1726 τῶν
1458 1673 1675 1745 ἐξαιρέ-

102 1788 196 1823 των
218 1769 599 1842 χαρισμάτων,
628 1768 707 1832 ὡς
736 1767 770 1839 ἢ
811 1765 1076 1839 μηδαμῶς
1103 1766 1137 1838 ἢ
1182 1766 1427 1830 σπανίως
1447 1766 1687 1836 εὑρίσκει

108 1866 231 1918 σθαι.

162 1955 415 2012 Λεῑπεται
462 1952 760 2007 ἀποδοῦναι
800 1951 896 2005 καὶ
937 1951 1056 2004 τίνα
1104 1949 1174 2004 τὰ
1221 1950 1536 2022 αἰνίγματα.
1580 1950 1675 2003 Αί-

107 2066 251 2119 νιγμα
288 2047 347 2101 δὲ
376 2042 519 2100 εἶναι
548 2043 761 2117 νομίζω
785 2042 1014 2108 διέξοδόν
1042 2061 1162 2097 τινα
1196 2045 1325 2115 περὶ
1352 2043 1428 2108 ὡς
1458 2043 1681 2113 γεγονό-

106 2157 197 2191 των
240 2139 311 2209 μή
352 2136 684 2206 γεγονότων,
729 2136 866 2206 μήτε
907 2124 1161 2202 γενέσθαι
1204 2133 1541 2203 δυναμένων,
1579 2149 1678 2205 ση-

106 2231 384 2300 μαινόντων
406 2228 451 2281 δ’
478 2231 539 2281 ὲν
564 2228 859 2299 ἁποκρυφῇ
886 2225 1195 2299 ἀπόρρητόν
1220 2243 1300 2279 τι’
1331 2220 1442 2280 οἷον
1467 2226 1545 2290 ὡς
1572 2226 1681 2281 ἀπὸ

105 2322 532 2394 παραδείγματος
579 2318 642 2371 τὸ
689 2320 748 2371 ὲν
809 2317 924 2381 τοῖς
973 2316 1242 2385 Κριτιιῖς·
1297 2318 1682 2386 Πορευόμενα

101 2413 505 2481 ἐπορεύθησαν
531 2411 604 2463 τὰ
626 2409 806 2474 ξύλα,
824 2407 930 2461 τοῦ
959 2410 1164 2477 χρῖσαι
1188 2407 1282 2477 ἐφ’
1305 2407 1537 2461 ἑαυτῶν
1560 2408 1679 2472 ,βα-

102 2504 280 2558 σιλὲιι.
316 2501 456 2557 Τίνα
509 2500 621 2573 γὰρ
652 2501 781 2573 τρία
834 2498 966 2565 ξύλα
993 2502 1340 2571 καρποφόρα,
1381 2502 1415 2572 ἡ
1451 2500 1611 2570 συκῆν
1644 2502 1677 2571 ὴ

102 2595 347 2666 ἄμπελκ,
381 2597 418 2665 ή
442 2595 624 2658 ἐλαία,
656 2594 731 2665 μὴ
764 2592 1090 2664 βουληθέντα
1118 2591 1422 2662 βασιλεύειν
1452 2593 1560 2646 τῶν
1580 2595 1682 2647 οὐκ

287 2687 392 2756 τῆς
425 2685 611 2739 αὐτῶν
644 2684 923 2755 βασιλείας
950 2685 1122 2752 ξύλων
1144 2703 1156 2715 '
1200 2686 1295 2739 καὶ
1318 2685 1404 2748 τίς
1437 2687 1469 2755 ή
1511 2686 1681 2739 ἀκαν-

100 2779 257 2849 θώδης
285 2780 498 2850 ῥάμνος
529 2778 626 2831 καὶ
655 2776 768 2848 πῦρ
796 2776 857 2844 ὲξ
894 2778 1065 2848 αὐτῆς
1112 2778 1337 2847 ἀφιεῖσα
1377 2776 1682 2831 κατεσθίειν

99 2870 181 2931 τὰς
233 2868 467 2939 κὲδρους
523 2866 621 2920 τοῦ
668 2865 890 2921 λιϐάνου
912 2906 926 2929 ,
970 2866 1063 2920 τοῦ
1108 2866 1274 2937 σοφοῦ
1334 2868 1479 2921 ἐστιν
1534 2868 1681 2933 ἰδεῖν,

101 2962 450 3034 ἀναφέροντος
501 2958 680 3014 ταῦτα
732 2960 829 3031 μὲν
874 2960 969 3012 ἐπὶ
1011 2960 1105 3012 τὸν
1148 2959 1410 3032 Πατέρα,
1458 2960 1557 3013 καὶ
1592 2959 1685 3013 τὸν

105 3052 233 3115 Τίον.
259 3052 358 3107 καὶ
388 3053 453 3105 τὸ
496 3052 654 3120 ἅγιον
701 3048 947 3122 Πνεῦμα,
990 3049 1087 3122 τὴν
1131 3050 1189 3104 δὲ
1217 3052 1423 3123 ῥάμνον
1468 3051 1564 3105 ἐπὶ
1593 3051 1685 3105 τὸν

104 3143 479 3214 ἀντικείμενον.
520 3143 680 3196 Ἐστι
716 3142 776 3195 δὲ
822 3141 917 3196 καὶ
959 3144 1018 3195 ὲν
1059 3144 1181 3207 ταῖς
1212 3143 1565 3210 Βασιλείαις
1598 3143 1686 3197 al-

107 3253 252 3307 νιγμα
278 3234 526 3290 τοιοῦτον
546 3253 558 3265 ·
608 3226 671 3287 Ὀ
709 3234 969 3300 ἄκανθος
1003 3237 1038 3288 ό
1066 3235 1137 3288 ἐν
1166 3233 1247 3301 τῷ
1275 3234 1508 3301 Λιϐάνῳ
1567 3232 1684 3287 ἀπ-

101 3322 493 3396 ἑστειλεζρός
513 3323 631 3393 τὴν
659 3325 888 3395 Κέδρων·
915 3327 1031 3395 τὴν
1064 3327 1135 3380 ἐν
1164 3326 1247 3393 τῷ
1290 3326 1543 3393 Λιϐάνῳ,
1574 3328 1681 3382 λέ-

104 3435 204 3486 γων
223 3439 237 3449 ο
268 3419 383 3485 Δὸς
412 3419 535 3488 τὴν
567 3417 863 3488 θυγατέρα
889 3435 1005 3474 σου
1031 3418 1111 3486 τῷ
1137 3418 1247 3485 υἱῷ
1291 3438 1412 3489 μου
1443 3422 1533 3487 εὶς
1576 3438 1683 3490 γυ-

102 3511 283 3575 ναῖκα,
313 3512 411 3565 καὶ
438 3511 509 3564 τὰ
547 3508 694 3581 ἑξῆς.
723 3510 918 3581 Εῦροις
948 3511 991 3564 δ’
1023 3511 1089 3566 ἂν
1114 3511 1210 3565 καὶ
1238 3513 1294 3565 ὲν
1322 3513 1433 3577 τοῖς
1463 3514 1679 3586 προφή-

101 3619 202 3666 ταις
220 3603 548 3674 αἰνίγματα,
563 3602 641 3666 ὡς
664 3602 724 3655 ὲν
754 3600 832 3672 τῷ
860 3599 1117 3675 Ἰεζεκιὴλ
1138 3603 1219 3667 τὸ,
1239 3604 1301 3656 '0
1322 3603 1497 3671 ἀετὸς
1520 3607 1552 3658 ό
1579 3604 1681 3675 μέ-

100 3712 195 3762 γας
207 3699 240 3748 ὁ
246 3696 838 3764 μεγαλοπτέρυγος,ό
844 3694 1077 3764 μακρὸς
1089 3694 1163 3764 τῇ
1172 3695 1682 3765 ἐκτάσει,πλήρης

104 3790 302 3852 πίλων,
332 3789 432 3842 καί
455 3790 525 3843 τὰ
550 3788 697 3859 ἑξῆς.
725 3788 976 3842 Τοσαῦτα
1004 3789 1251 3861 χωρῆσαι
1289 3791 1383 3843 ἐπὶ
1412 3791 1507 3844 τοῦ
1536 3808 1681 3863 παρ-

100 3879 233 3945 ὀπος
259 3879 608 3952 δεδυνήμεθα
650 3882 732 3944 είς
759 3880 821 3934 τὸ
864 3881 1256 3952 προκείμενον’
1285 3881 1459 3936 ταῦτα
1500 3881 1556 3935 δὲ
1609 3877 1678 3952 ἦν

102 3972 371 4043 παραϐολὴ
396 3973 493 4025 καὶ
534 3970 811 4035 σκοτεινὸς
843 3970 1019 4039 λέγος,
1045 3973 1235 4043 ῥήσεις
1274 3989 1332 4025 τε
1376 3970 1553 4040 σοφῶν
1590 3972 1684 4025 καὶ

100 4060 403 4132 αἰνίγματα.
441 4060 735 4133 Παραϐολή
767 4063 883 4114 ἐστι
914 4060 1072 4130 λόγος
1100 4061 1177 4125 ὡς
1211 4062 1341 4134 περὶ
1384 4060 1693 4132 γενομένου

102 4152 183 4203 τοῦ
212 4154 287 4224 μὴ
315 4153 614 4223 γενομένου
656 4154 756 4224 μὲν
787 4152 927 4206 κατὰ
955 4153 1018 4207 τὸ
1066 4153 1252 4225 ῥητὸν,
1282 4153 1583 4225 δυναμένου
1625 4153 1682 4207 δὲ

101 4243 359 4309 γενέσθαι,
408 4245 689 4316 τροπικῶς
734 4244 1029 4315 δηλωτικὺς
1073 4244 1433 4316 αἰνιγμάτων,
1478 4244 1555 4309 ὡς
1601 4245 1681 4307 τὺ,

113 4334 385 4405 Ἐξῆλθεν
421 4340 457 4391 ό
496 4337 769 4404 σπείρων
804 4336 913 4390 τοῦ
944 4336 1184 4405 σπεῖραι
1207 4354 1219 4366 ·
1249 4338 1310 4389 οὺ
1354 4336 1463 4407 γὰρ
1492 4336 1682 4405 γέγονε

101 4428 227 4481 κατὰ
252 4430 355 4499 τὴν
394 4428 565 4495 λέξιν,
602 4428 709 4482 κᾶν
754 4429 1027 4500 ἀνάγηται
1075 4429 1383 4499 εἰς’ἒτερα.
1428 4430 1540 4483 Καὶ
1567 4429 1684 4493 πῶς

1789 567 1988 637 scipuli
2015 566 2250 631 Domini,
2277 565 2555 636 quomodo
2581 575 2915 635 pugna-ssent
2940 564 3005 619 ad
3025 564 3361 618 eversionem

1784 659 2177 725 munitionum,
2210 658 2504 713 evertenda
2535 657 2892 725 cogitationes
2919 665 2973 711 et
3001 670 3217 709 omnem
3245 655 3363 709 alli-

1784 749 2029 805 tudinem
2079 766 2203 819 quae
2250 766 2309 806 se
2352 750 2565 805 extollit
2609 751 2874 805 adversus
2920 748 3202 804 scientiam
3234 746 3365 801 Dei?

1787 839 2076 908 Quomodo
2112 848 2168 896 et
2200 841 2253 896 id
2280 841 2427 912 quod
2468 855 2499 895 a
2533 840 2698 896 Petro
2722 840 2922 895 dicitur
2960 857 2973 892 :
3003 834 3191 891 Parati
3229 851 3366 889 sem-

1785 949 1880 1004 per
1901 933 1971 987 ad
2003 932 2421 1003 satisfactionem
2454 931 2597 985 omni
2629 930 2862 1002 poscenti
2891 945 2978 985 vos
3018 930 3274 983 rationem
3300 924 3367 980 de

1783 1044 1872 1092 ea,
1905 1043 2023 1097 qum
2046 1027 2102 1081 in
2124 1025 2266 1081 vobis
2287 1035 2386 1090 est,
2410 1026 2514 1095 ﬁde
2538 1027 2602 1093 ",
2628 1038 2848 1081 servare
2866 1022 3039 1093 possit
3063 1022 3112 1077 is
3139 1020 3232 1091 qui
3255 1034 3364 1075 non

1786 1120 2026 1191 perfecte
2056 1120 2110 1173 in
2137 1119 2306 1173 verbo
2332 1119 2635 1173 instructus
2665 1116 2851 1182 fuerit,
2882 1124 2943 1169 ut
2974 1113 3123 1169 omni
3152 1110 3365 1177 Graeco,

1787 1214 1936 1268 omni
1972 1212 2227 1277 barbaro,
2258 1209 2408 1264 omni
2450 1208 2685 1279 sapienti
2714 1216 2769 1263 et
2791 1206 2940 1263 omni
2974 1204 3249 1274 insipienti
3275 1218 3364 1274 pa-

1788 1315 1945 1362 ratus
1985 1306 2056 1360 sit
2101 1304 2169 1359 ad
2221 1300 2648 1358 satisfactionem
2689 1300 2757 1356 de
2793 1314 2880 1366 ea,
2914 1313 3036 1369 qua:
3069 1297 3123 1351 in
3169 1311 3228 1353 se
3259 1303 3363 1362 est,

1789 1399 1915 1464 ﬁde,
1946 1412 2013 1452 ex
2036 1411 2104 1451 eo
2130 1394 2281 1466 quod~
2306 1393 2573 1464 intelligat
2595 1392 2900 1462 sapientum
2920 1390 3086 1455 dicta,
3113 1388 3218 1442 alia
3245 1386 3368 1457 qui-

1786 1491 1909 1546 dem
1942 1489 2268 1560 reprobans,
2296 1485 2401 1539 alia
2433 1493 2703 1548 evertens,
2737 1484 2841 1538 alia
2872 1498 3000 1538 vero
3034 1481 3367 1537 conﬁrmans

1787 1592 1843 1640 et
1867 1581 2218 1654 approbans?
2242 1576 2363 1632 Noli
2400 1584 2582 1630 autem
2631 1576 2841 1640 mirari,
2871 1575 2917 1630 si
2946 1575 3108 1628 modo
3136 1589 3243 1627 non
3274 1586 3365 1626 re-

1787 1677 2033 1749 periatur
2077 1675 2298 1745 sapiens
2346 1669 2647 1729 secundum
2691 1668 2884 1723 Deum.
2931 1665 3196 1736 Pleraque
3221 1665 3367 1719 enim

1789 1768 1990 1823 eximia
2032 1767 2366 1823 charismata
2407 1764 2741 1827 defecerunt,
2786 1769 2846 1816 ut
2892 1759 3037 1815 nulla
3081 1760 3241 1830 plane
3284 1755 3372 1813 vel
3422 1744 3437 1767 ’“

1709 1834 1755 1897 Β
1788 1877 1911 1918 rara
1947 1861 2243 1917 admodum
2275 1860 2634 1931 reperiantur.

1858 1952 2120 2023 Superest
2163 1961 2225 2007 ut
2261 1953 2602 2023 explicemus
2654 1946 2819 2003 etiam
2862 1959 3113 2013 quamam
3166 1942 3278 1996 sint
3313 1938 3373 2012 6

1782 2045 2094 2116 :cnigmata.
2130 2043 2387 2114 Enigma
2419 2052 2600 2097 autem
2641 2047 2771 2109 puto
2813 2052 2935 2092 esse
2973 2033 3367 2103 expositionem

1783 2153 1966 2193 rerum
1993 2137 2151 2207 quasi
2180 2145 2484 2208 gestarum,
2528 2148 2649 2204 qua:
2678 2131 2833 2185 factae
2872 2145 2980 2183 non
3013 2137 3162 2189 sunt,
3194 2140 3369 2194 neque

1783 2230 1899 2284 ﬁeri
1951 2236 2269 2300 potuerunt,
2301 2241 2533 2297 quaeque
2576 2238 2838 2279 arcanum
2890 2218 3108 2289 aliquod
3138 2217 3373 2270 obscure

1783 2323 2113 2396 signiﬁcant,
2144 2322 2304 2393 quale
2331 2329 2415 2376 est
2448 2317 2579 2373 illud
2628 2316 2773 2387 quod
2803 2313 3036 2383 exempli
3084 2324 3249 2365 causa
3279 2305 3365 2362 al-

1782 2416 1955 2471 fertur
2000 2416 2055 2470 in
2089 2414 2247 2469 libris
2288 2410 2545 2467 Iudicum
2584 2428 2597 2463 :
2632 2407 2819 2463 lerunt
2855 2405 3001 2476 ligna
3030 2412 3087 2457 ut
3121 2408 3373 2473 ungerent

1783 2523 1941 2577 super
1981 2522 2035 2561 se
2075 2521 2245 2576 regem
2279 2505 2342 2558 ⁸⁸.
2371 2501 2633 2570 Quaenam
2675 2499 2819 2554 enim
2858 2496 3059 2551 fuerint
3085 2495 3187 2549 tria
3225 2493 3373 2564 ligna

1784 2596 2091 2661 fmctifera,
2143 2597 2303 2661 licus,
2355 2594 2481 2649 vitis
2535 2601 2589 2647 et
2637 2592 2778 2660 olea,
2832 2604 2956 2660 quae
3001 2588 3373 2643 detrectarunt

1783 2705 2017 2761 regnare
2050 2704 2215 2758 super
2262 2688 2410 2760 ligna
2453 2684 2717 2757 regimine
2752 2683 2996 2753 indigna,
3030 2687 3085 2735 et
3128 2679 3253 2749 quis
3301 2677 3374 2734 sit

1786 2784 2044 2853 spinosus
2086 2795 2294 2844 ramus,
2331 2788 2386 2835 et
2413 2779 2555 2849 ignis
2584 2792 2649 2832 ex
2675 2775 2767 2829 illo
2799 2773 3082 2845 egrediens
3112 2772 3177 2827 ad
3203 2771 3372 2825 devo-

1785 2876 1989 2931 randos
2036 2874 2230 2929 cedros
2278 2872 2491 2938 Libani,
2527 2868 2832 2937 intelligere
2880 2865 3144 2936 sapientis
3177 2873 3281 2929 est,
3316 2870 3371 2917 et

1782 2968 1997 3025 referre
2028 2966 2121 3021 illa
2161 2965 2380 3036 quidem
2414 2962 2479 3017 ad
2506 2958 2750 3025 Patrem,
2784 2968 2835 3013 ct
2864 2956 3086 3021 Filium,
3114 2963 3166 3009 et
3193 2953 3359 3023 Spiri-

1789 3065 1901 3112 tum
1948 3066 2224 3118 sanctum,
2259 3055 2549 3109 rhamnum
2580 3066 2710 3105 vero
2740 3050 2804 3103 ad
2839 3050 3238 3102 adversarium.
3272 3045 3369 3099 Est

1791 3157 1971 3203 autem
2006 3148 2171 3203 etiam
2213 3148 2265 3201 in
2314 3145 2467 3200 libris
2518 3142 2725 3213 Regum
2774 3142 3005 3210 aanigma
3054 3136 3366 3209 ejusmodi:

1788 3239 2034 3296 Carduus
2062 3240 2252 3295 Libani
2292 3240 2436 3293 misit
2465 3238 2535 3291 ad
2564 3235 2779 3289 cedrum
2806 3249 2923 3303 qua:
2953 3240 3029 3285 est
3055 3232 3110 3283 in
3141 3229 3365 3294 Libano,

1787 3332 1964 3386 dicens
1991 3346 2008 3384 :
2034 3330 2117 3384 Da
2144 3330 2317 3399 filiam
2344 3337 2488 3382 tuam
2518 3326 2631 3397 ﬁlio
2663 3339 2775 3378 meo
2810 3337 3025 3377 uxorem
3058 3319 3125 3387 υ,
3155 3330 3258 3374 etc.
3286 3320 3371 3371 ιιι-

1785 3424 1976 3480 venies
2002 3424 2166 3478 etiam
2198 3422 2252 3476 in
2287 3419 2571 3492 prophetis
2612 3418 2919 3488 aenigmata,
2953 3410 3263 3483 cuiusmodi
3288 3416 3372 3465 est

1787 3520 1841 3572 in
1871 3516 2151 3571 Ezechiele
2181 3515 2327 3570 istud
2358 3533 2373 3569 :
2424 3511 2619 3581 Aquila
2649 3510 2866 3581 grandis
2903 3520 3218 3577 magnarum
3252 3502 3370 3556 ala-

1787 3625 1926 3674 rum,
1964 3608 2120 3677 lougo
2150 3606 2504 3660 membrorum
2533 3604 2718 3669 ductu,
2746 3601 2901 3671 plena
2938 3598 3135 3668 plumis
3165 3596 3233 3661 ”,
3262 3602 3373 3649 etc.

1786 3701 1913 3756 Haec
1945 3697 2434 3769 impraesentiarum
2481 3694 2549 3749 ad
2596 3693 2937 3763 propositum
2966 3703 3158 3759 capere
3190 3685 3373 3756 potui-

1786 3809 1933 3850 mus.
2002 3790 2288 3863 Ejusmodi
2341 3797 2525 3844 autem
2581 3795 2712 3843 sunt
2767 3784 3049 3856 parabola,
3104 3781 3373 3835 obscurus

1786 3902 1967 3943 sermo
1999 3926 2015 3952 ,
2066 3885 2214 3940 dicta
2269 3882 2577 3953 sapientum
2637 3888 2691 3934 et
2746 3878 3057 3947 aetiigmata.
3106 3871 3369 3927 Parabola

1787 3996 1971 4036 sermo
2000 3987 2086 4034 est
2118 3978 2265 4033 velut
2306 3976 2374 4031 de
2405 3990 2464 4029 re
2508 3974 2692 4042 aliqua
2739 3986 2862 4041 quae
2910 3968 3222 4037 contigerit,
3267 3965 3372 4021 etsi

1788 4087 1848 4127 re
1882 4072 2000 4141 ipsa
2044 4085 2151 4125 non
2178 4067 2428 4137 contigit,
2460 4066 2640 4134 potuit
2669 4073 2849 4117 tamen
2880 4062 3201 4130 contigisse,
3233 4060 3374 4128 ligu-

1788 4176 1904 4222 rate
1951 4166 2249 4221 obscurum
2297 4163 2501 4231 aliquid
2550 4160 2887 4229 significans,
2932 4156 3241 4226 cujusmodi
3284 4165 3372 4212 est

1787 4259 1919 4315 illud
1971 4276 1987 4312 :
2037 4254 2184 4309 Exiit
2226 4254 2318 4323 qui
2356 4252 2582 4306 seminat
2635 4251 2899 4304 seminare
2942 4250 3010 4303 υ.
3056 4247 3176 4302 Non
3221 4248 3368 4302 enim

1787 4354 1893 4407 hoc
1934 4351 2000 4405 ad
2031 4349 2265 4403 litteram
2309 4344 2558 4413 contigit,
2592 4344 2693 4397 etsi
2724 4343 3014 4397 adducitur
3056 4343 3123 4399 ad
3156 4342 3261 4396 alia
3296 4342 3372 4396 si-

1789 4441 2120 4515 gnificanda.
2154 4437 2277 4505 Quo
2313 4443 2473 4506 pacto
2520 4442 2700 4488 autem
2744 4433 2871 4487 huic
2911 4442 3176 4503 congruat
3224 4431 3371 4502 quod

104 4520 330 4591 ἁρμόσαι
386 4522 570 4595 τούτῳ
620 4522 704 4588 τὸ,
769 4522 1015 4587 Ἀνοίξω
1067 4523 1139 4576 ἐν
1191 4521 1562 4590 παραϐολαῖς
1616 4521 1678 4575 τὸ

1790 4536 1997 4593 dictum
2018 4540 2101 4587 est
2128 4550 2142 4585 :
2177 4529 2425 4598 Aperiam
2454 4527 2510 4581 in
2539 4524 2810 4596 parabolis
2843 4540 2901 4579 os
2928 4540 3103 4577 meum
3122 4523 3207 4576 “‘3
3234 4521 3370 4576 Nam

98 4614 278 4684 στόμα
297 4632 461 4685 μου;
493 4616 695 4685 Γέγονε
728 4615 837 4688 γὰρ
862 4617 1001 4688 ὅπερ
1040 4616 1349 4688 ἐπήγαγενο
1383 4615 1678 4669 Ὲναντίον

1788 4628 1936 4702 quod
1979 4624 2261 4695 subiungit
2296 4636 2357 4676 re
2400 4624 2519 4691 ipsa
2564 4618 2793 4686 contigit
2831 4635 2845 4672 :
2892 4616 3086 4673 Coram
3128 4616 3372 4686 patribus

100 4702 195 4758 τῶν
218 4707 499 4776 πατέρων
526 4707 731 4763 αὐτῶν
758 4709 1006 4776 ἐποίησε
1037 4707 1364 4777 θαυμάσια.
1395 4708 1506 4762 Καὶ
1540 4707 1687 4762 κατὰ

98 4796 149 4848 τὸ
181 4800 350 4869 ρήτὸν
397 4799 674 4869 διέρῤηξε
710 4800 1051 4867 θάλασσαν,
1097 4803 1199 4855 καὶ
1249 4802 1533 4873 διήγαγεν
1578 4804 1686 4857 αὑ-

98 4892 222 4956 τεύς
242 4909 257 4921 ·
293 4893 477 4947 πάντα
507 4894 620 4965 γὰρ
650 4893 895 4963 γέγονεν,
923 4895 972 4947 εί
1011 4894 1109 4948 καὶ
1143 4892 1393 4964 σύμϐολα
1425 4895 1546 4947 ἐστι
1576 4891 1685 4946 τῶν

98 4980 169 5050 ἐφ’
198 4983 352 5056 ἅπερ
395 4985 634 5056 ἀνήγετο
679 4986 901 5056 τρόπων
940 4973 1263 5058 παραϐολῶν
1303 4983 1673 5055 εὐαγγελικῶν

96 5071 497 5146 λαμβανόμενα.
535 5077 766 5147 Ἕτερος
806 5077 863 5131 δέ
907 5096 991 5142 τις
1021 5079 1156 5149 ἐρεῖ,
1185 5078 1286 5132 οὐκ
1333 5079 1426 5131 ἐπὶ
1452 5077 1520 5131 τὰ
1568 5077 1676 5130 ἀπὸ

96 5161 177 5231 τῆς
205 5165 434 5234 Ὲξὸθου
449 5167 819 5245 ἀναφέρεσθαι
839 5167 923 5234 τὸ,
949 5168 1185 5233 Ἀνοίξω
1209 5168 1280 5222 ἐν
1310 5166 1678 5236 παραϐολαῖς

96 5253 149 5302 τό
169 5258 372 5325 στόμα
396 5274 519 5325 μου
537 5274 551 5287 ’
580 5257 695 5311 ἀλλ’
723 5258 816 5311 ἐπὶ
843 5258 941 5323 τὰς
962 5259 1019 5311 ὲν
1042 5258 1122 5329 τῷ
1148 5258 1465 5330 Εὑαγγελίῳ
1493 5275 1675 5331 παρα-

94 5344 241 5411 εολὰς
270 5346 374 5402 τοῦ
397 5350 640 5421 Χριστοῦ
662 5350 911 5420 λέγοντος
937 5354 994 5406 ὲν
1032 5351 1110 5423 τῷ
1164 5353 1418 5425 προφήτῃ
1443 5370 1456 5384 ο
1484 5356 1677 5422 Προσ-

91 5436 269 5506 έχετε,
302 5444 459 5510 λαός
474 5461 621 5514 μου,
647 5446 839 5514 νόμον
858 5463 999 5514 μου,
1034 5446 1127 5498 καὶ
1156 5444 1226 5498 τὰ
1257 5446 1342 5497 ἐπ’
1374 5447 1543 5519 αὐτῷ.

152 5531 463 5604 Στέφανος
502 5538 782 5607 χαρίτων.
837 5539 901 5591 Ἥ
926 5539 1156 5612 περιοχὴ
1179 5539 1289 5594 τῶν
1320 5541 1556 5612 ἀρετῶν,
1589 5544 1679 5599 διὰ

94 5623 145 5678 τὸ
172 5628 526 5683 συνδεδέσθαι
555 5629 839 5701 ἀλλήλαις.

154 5765 231 5818 "I
258 5764 412 5824 Petr.
442 5784 524 5830 ιιι,
552 5770 639 5825 l5.

92 5836 291 5892 “ibid.
346 5839 430 5906 12,
466 5840 553 5895 l3.
632 5842 680 5872 "
709 5840 839 5897 ibid.
868 5842 923 5896 ‘2.
1002 5836 1048 5878 δ’
1074 5844 1204 5900 ibid.
1245 5848 1293 5901 Ι.

1785 4735 1971 4775 eorum
2018 4717 2142 4784 fecit
2189 4711 2482 4768 mirabilia.
2532 4710 2612 4766 Ad
2643 4710 2879 4765 litteram
2910 4723 3129 4778 quoque
3170 4707 3372 4777 dirupit

1786 4828 1934 4867 mare
1962 4819 2012 4865 et
2040 4807 2286 4880 perduxit
2314 4822 2401 4860 eos
2446 4805 2513 4859 ".
2558 4804 2769 4859 Cuncta
2812 4802 2960 4857 ollim
3005 4800 3371 4870 contigerunt,

1787 4903 2004 4960 tametsi
2041 4902 2151 4956 alio
2180 4914 2343 4954 sensu
2378 4897 2535 4966 signa
2563 4903 2741 4961 erant,
2779 4895 2951 4949 relata
2990 4893 3375 4964 ad-parabola-
3432 4934 3440 4971 ἑ

1778 5012 1902 5051 rum
1956 4992 2393 5064 evangelicarum
2446 4987 2659 5043 modos.
2716 4988 2872 5043 Alius
2924 4984 3196 5056 quispiam
3226 4982 3371 5037 dicet

1780 5086 1927 5142 istud
1963 5084 2254 5155 :Aperiam
2277 5082 2331 5135 in
2362 5080 2631 5149 parabolis
2666 5096 2722 5132 os
2757 5093 2929 5131 meum
2958 5076 3026 5139 “,
3060 5090 3169 5129 non
3200 5074 3268 5129 ad
3306 5087 3371 5129 ea

1781 5185 2050 5246 spectare,
2096 5190 2219 5245 quae
2266 5174 2321 5226 in
2377 5172 2517 5227 libro
2564 5169 2735 5228 Exodi
2783 5166 3117 5233 referuntur,
3153 5166 3246 5222 sed
3298 5169 3369 5221 ad

1781 5285 1877 5325 eas
1921 5267 2213 5339 parabolas
2255 5281 2377 5334 qua:
2425 5265 2478 5318 in
2526 5262 2821 5332 Evangelio
2869 5260 3142 5315 habentur
3182 5299 3207 5326 ,
3242 5275 3370 5323 eum

1784 5361 2040 5427 Christus
2069 5359 2217 5414 dicat
2249 5359 2303 5413 in
2327 5357 2601 5427 Propheta
2628 5374 2641 5409 :
2667 5352 2962 5421 Attendite,
2986 5351 3178 5423 populo
3201 5368 3371 5418 meus,

1784 5454 1948 5526 legem
1977 5468 2150 5507 meam
2178 5452 2246 5517 ’³,
2276 5460 2329 5506 et
2354 5465 2477 5520 quae
2509 5455 2834 5518 sequuntur.

1858 5544 2014 5601 Vers.
2055 5546 2110 5599 9.
2157 5543 2368 5599 Corona
2412 5542 2709 5613 gratiarum
2749 5556 2766 5593 :
2821 5538 3063 5594 circulus
3107 5536 3371 5593 nimirum

1787 5639 2076 5704 virtutum,
2106 5651 2172 5691 co
2200 5634 2347 5706 quod
2379 5634 2499 5688 alia:
2528 5633 2649 5687 aliis
2681 5648 2943 5687 connexa:
2971 5639 3119 5688 sunt.

726 5769 911 5851 {Qui}:
940 5774 1106 5851 ix,_8‘._
1131 5845 1142 5851 _
1167 5776 1218 5851 _"
1242 5774 1311 5851 iV
1334 5775 1465 5851 Reg.
1492 5796 1602 5847 xiv,
1634 5780 1686 5837 9.
1768 5782 1813 5815 '°
1844 5777 2041 5836 Ezech.
2074 5792 2208 5846 xvn,
2244 5774 2295 5830 3.
2378 5776 2420 5807 ¹¹
2456 5772 2714 5839 Luc.vm,
2737 5773 2787 5828 5.
2869 5766 3367 5833 “Psal.us’vn,2.
