3872 6514
515 330 588 386 27
1826 390 1835 399 ,
1993 334 2319 392 ORIGENIS
3120 307 3141 317 ’
3675 332 3739 388 23

590 448 845 519 Torquem
891 469 1108 507 aureum
1157 455 1302 510 circa
1351 457 1546 511 collum
1591 468 1759 513 tuum.
1810 457 2064 527 Torquen

2255 453 2474 510 Κλοιὸν
2502 454 2768 525 χρύσεον
2790 452 2922 522 περὶ
2949 450 3040 518 σῷ
3075 451 3371 521 τραχήλῳ.
3401 451 3593 509 Κὶνιδν
3616 456 3741 526 χρύ-

514 556 740 597 aureum
796 553 987 610 vocat,
1028 546 1336 604 divinorum
1393 550 1734 621 eloquiorum
1778 551 2079 606 circumfu-

515 650 637 687 sum
680 636 1047 706 splendorem,
1094 656 1162 696 ac
1201 642 1349 697 velut
1392 642 1601 699 circulo
1644 644 1855 700 micans
1895 644 2075 715 jubar.

512 724 725 781 Collum
752 739 934 785 autem
968 732 1202 801 appellat
1229 743 1489 793 mentem.

590 818 740 877 Vers.
779 822 866 878 12.
906 823 1174 880 Tollamus
1200 827 1313 896 ejus
1343 830 1649 884 memoriam
1678 831 1743 885 de
1771 841 1933 886 terra.
1957 829 2082 887 Hice

510 910 692 965 dicere
714 915 925 983 possint
942 917 1034 985 qui
1056 917 1379 974 etdixerunt
1406 940 1418 974 :
1447 920 1548 975 Hic
1575 932 1652 976 est
1680 928 1869 978 hwres'
1892 925 2076 992 venite,

510 1003 811 1060 oceidamus
837 1023 975 1073 eum,
994 1018 1068 1069 Aut
1100 1011 1170 1064 sit
1201 1022 1384 1066 nostra
1421 1014 1700 1070 hwreditas
1729 1017 1795 1071 ".

582 1177 736 1236 Vers.
776 1180 863 1237 l4.
899 1181 1065 1237 Tuam
1100 1194 1279 1240 autem
1309 1197 1503 1243 sortem
1530 1190 1679 1244 mitte
1702 1191 1756 1244 in
1784 1191 1956 1248 nobis.
1986 1193 2075 1250 llla

508 1269 695 1325 relicta
719 1271 1024 1342 disciplina.
1049 1284 1168 1332 esto
1190 1279 1498 1335 nobiscum.
1531 1280 1766 1338 Sabbata
1790 1284 2076 1343 nobiscum

507 1376 607 1431 age
656 1380 670 1416 :
715 1362 804 1420 fac
853 1366 1137 1424 nobiscum
1186 1386 1378 1443 azyma
1434 1382 1601 1444 atque
1650 1376 1893 1446 reliquos
1944 1379 2079 1450 legis

506 1451 666 1507 ritus.

578 1543 794 1614 7Vers.
815 1546 902 1602 18.
920 1546 1035 1619 Ipsi
1053 1550 1194 1605 enim
1219 1554 1312 1624 qui
1337 1553 1609 1610 homicidii
1627 1560 1911 1629 participes
1931 1569 2076 1619 sunt.

505 1632 650 1689 Deus
666 1636 884 1705 quidem
911 1639 1177 1697 bonorum
1204 1644 1427 1715 largitor
1449 1654 1533 1703 est
1552 1666 1566 1713 ;
1585 1664 1685 1705 nos
1701 1657 1880 1706 autem
1899 1661 2079 1708 aucto-

505 1741 595 1781 res
616 1729 907 1795 malorum,
921 1748 1115 1804 nempe
1133 1751 1519 1795 aerumnarum.
1545 1740 1735 1798 Dicere
1761 1744 1876 1799 haec
1895 1747 2075 1815 possis

2185 566 2305 602 σεον
2339 546 2486 617 λέγει
2517 546 2608 599 τὸν
2642 544 3058 617 περιαυγασμὺν
3089 545 3182 598 καὶ
3208 544 3271 598 τὸ
3315 544 3621 608 κυκλοειδὲς
3667 546 3761 598 ait

2181 639 2278 697 λας
2304 641 2410 694 τῶν
2445 638 2604 694 θείων
2648 637 2864 709 λογίων.
2911 636 3192 709 Τράχηλον
3221 637 3280 691 δὲ
3306 636 3454 707 λέγει
3485 637 3575 691 τὸν
3604 637 3741 690 νοῦν.

2253 821 2511 889 Ἀρωμεν
2533 817 2719 874 αὐτοῦ
2751 818 2868 886 τὴν
2880 815 3126 887 μνήμην
3157 817 3226 870 ἐκ
3251 813 3382 887 τῆς.
3425 817 3659 889 Φήσαιεν
3693 815 3745 869 δὲ

2177 912 2350 968 ταῦτα
2379 914 2471 967 καὶ
2496 915 2546 967 oi
2579 913 2823 976 εἰπόντες
2839 928 2853 943 ·
2883 908 3071 978 Οὗτός
3094 910 3264 966 ἐστιν
3286 913 3319 965 ὀ
3342 912 3740 981 κληρονόμος·

2178 1004 2375 1069 δεῦτε,
2410 1005 2853 1076 ἀποκτείνωμεν
2888 1004 3095 1070 αὑτὸν,
3123 1004 3225 1057 ἵνα
3246 1000 3414 1073 ἡμῶν
3439 1000 3683 1074 γένηται
3708 1002 3743 1070 ἡ

2179 1097 2567 1167 κληρονομία.
2834 1160 2837 1161 ν
3208 1152 3211 1155 .

2254 1191 2367 1246 Τὸν
2387 1188 2456 1243 δὲ
2479 1188 2596 1244 σὸν
2632 1186 2861 1257 κλῆρον
2877 1184 3038 1251 ,βάλε
3072 1183 3144 1239 ἐν
3169 1183 3332 1254 ἡμῖν.
3371 1183 3617 1254 Ἐκείνης
3649 1182 3748 1254 τῆς

2180 1282 2456 1347 πολιτείας
2510 1279 2771 1345 ἀποστὰς,
2824 1276 2982 1348 γενοῦ
3041 1276 3159 1348 μεθ’
3215 1275 3395 1347 ἡμῶν,
3454 1275 3745 1339 σαϐὅάτιξε

2181 1376 2299 1446 μεθ’
2335 1374 2514 1445 ἡμῶν,
2550 1372 2618 1427 τὰ
2649 1371 2831 1444 ἄζυμα
2861 1370 3003 1424 ποίει
3034 1368 3154 1442 μεθ’
3181 1368 3363 1455 ἡμῶν,
3397 1368 3493 1422 καὶ
3531 1366 3633 1431 τὰς
3658 1366 3748 1420 ἄλ-

2178 1465 2275 1530 λας
2304 1466 2396 1519 τοῦ
2426 1466 2591 1536 νόμου
2621 1463 3046 1536 παρατηρήσεις.

2247 1554 2427 1608 Αὐτοὶ
2456 1554 2566 1624 τὰρ
2597 1556 2651 1607 οἱ
2708 1554 2898 1622 φόνου
2944 1548 3319 1620 μετέχοντες.
3371 1547 3614 1617 Ἀγαθῶν
3653 1547 3747 1618 μὲν

2178 1643 2287 1715 γάρ
2314 1646 2458 1698 ἐστιν
2488 1645 2517 1696 ό
2543 1643 2673 1706 Θεὸς
2706 1641 2890 1713 δοτὴρ·
2923 1638 3109 1693 κακῶν
3136 1638 3193 1691 δὲ
3241 1639 3402 1708 ἡμεῖς
3438 1635 3621 1699 αἴτιοι,
3652 1634 3745 1704 δη-

2178 1735 2309 1807 λαδὴ
2357 1735 2698 1790 κακωτικῶν.
2726 1734 2898 1806 Φαίης
2951 1733 2996 1786 δ’
3025 1734 3090 1788 ἂν
3120 1731 3290 1786 ταῦτα
3343 1730 3437 1784 καὶ
3489 1727 3747 1799 περὶτῶν

504 1818 668 1874 etiam
692 1821 760 1876 de
787 1820 1009 1890 Iudaeis,
1061 1828 1153 1895 qui
1184 1826 1405 1885 fuerunt
1459 1834 1750 1903 participes
1794 1812 2064 1908 sanguinis

2189 1828 2559 1899 μετασχόντων
2614 1827 2843 1897 αἵματος
2878 1825 3164 1890 Ἰουδαίων,
3198 1822 3306 1878 τῶν
3346 1839 3408 1875 τε
3457 1820 3747 1893 προφητῶν

503 1926 627 1965 cum
660 1914 1069 1982 prophetarum,
1104 1926 1216 1972 tum
1249 1920 1421 1988 ipsius
1449 1922 1673 1978 Christi.

573 2001 728 2058 Vers.
773 2004 860 2059 19.
897 2004 999 2059 Ha:
1039 2008 1138 2061 via:
1166 2019 1289 2063 sunt
1324 2013 1558 2066 omnium
1596 2018 2075 2075 consummantium

500 2093 701 2164 iniqua.
736 2093 1154 2165 Consummare,
1189 2114 1296 2155 non
1326 2102 1647 2172 simpliciter
1672 2104 1852 2161 facere
1876 2116 1981 2175 est,
2016 2117 2076 2163 ut

500 2185 722 2254 quidem
746 2186 1024 2252 existimo,
1084 2190 1179 2244 sed
1214 2190 1438 2260 implere
1489 2210 1804 2251 mensuram
1858 2208 2073 2268 patrum

500 2287 751 2340 suorum,
784 2283 947 2344 atque
981 2278 1130 2331 omni
1179 2281 1433 2351 sanguini
1481 2283 1550 2340 ab
1596 2284 1727 2340 Abel
1772 2287 1838 2343 ad
1868 2286 2076 2344 Zacha-

500 2365 637 2419 riam
671 2382 845 2437 usque
872 2369 937 2435 ",
970 2370 1239 2427 obnoxius
1268 2388 1412 2429 esse.

580 2455 730 2513 Vers.
761 2458 852 2516 20.
890 2458 1164 2529 Sapientia
1194 2464 1250 2517 in
1305 2466 1533 2521 exitibus
1575 2470 1803 2525 canitur.
1837 2469 2075 2529 Tacente

501 2549 720 2618 quidem
760 2567 880 2607 eam
915 2554 1181 2625 sapiente,
1205 2572 1313 2613 non
1343 2560 1576 2628 canitur,
1612 2572 1771 2620 nacta
1795 2580 1926 2622 vero
1953 2567 2072 2621 eni-

501 2649 638 2708 tum,
672 2643 906 2701 canitur.

570 2727 729 2786 Vers.
751 2731 844 2787 28.
880 2731 1005 2787 Erit
1053 2736 1191 2790 enim
1218 2753 1338 2791 cum
1367 2738 1678 2795 invocabitis
1719 2758 1819 2797 me.
1870 2740 1939 2798 Ut
1969 2742 2074 2799 Do-

497 2821 707 2876 minum
741 2824 887 2878 enim
929 2826 1251 2895 sapientiam
1284 2831 1604 2887 invocamus
1629 2832 1928 2889 Christum.
1964 2834 2070 2901 Qui

497 2928 629 2983 ergo
659 2914 876 2971 invocat
907 2915 1208 2989 Christum,
1243 2922 1289 2977 si
1328 2925 1480 2979 novit
1515 2925 1639 2996 quis
1666 2926 1758 2982 ille
1785 2927 1878 2995 sit,
1915 2928 2071 2984 invo—

497 3010 586 3058 cat
612 3006 958 3073 sapientiam,
996 3009 1431 3085 intelligentiam,
1466 3017 1837 3087 prudentiam,
1869 3020 2070 3075 sancti-

2176 1919 2271 1971 καὶ
2299 1917 2481 1971 αὐτοῦ.
2495 1916 2587 1970 τοῦ
2621 1916 2875 1989 Χριστοῦ.

2246 2005 2433 2065 Αὖται
2461 2012 2519 2063 αἱ
2549 2008 2679 2063 ὁδοί
2705 2010 2822 2061 εισι
2853 2008 3096 2061 πάντων
3131 2005 3250 2060 τῶν
3286 2005 3746 2059 συντελούντων

2175 2100 2248 2154 τὰ
2276 2097 2488 2169 ἄνομα.
2519 2097 2795 2151 Συντελεϊν
2820 2096 2917 2165 οὐχ
2940 2094 3123 2159 ἁπλῶς
3150 2090 3299 2164 οἶμαί
3324 2110 3375 2145 τι
3400 2094 3592 2156 ποιεῖν,
3610 2089 3747 2144 ἀλλὰ

2176 2193 2462 2265 πληρῶσαι
2494 2193 2555 2245 τὸ
2587 2191 2781 2264 μέτρον
2832 2191 2941 2246 τῶν
2969 2189 3219 2262 πατέρων
3250 2187 3450 2252 αὐτῶν,
3485 2187 3581 2240 καὶ
3614 2187 3747 2240 ὑπο-

2176 2285 2386 2339 κεῖσθαι
2420 2285 2583 2340 παντὶ⁵
2622 2285 2814 2356 αἵματι
2847 2282 2953 2336 ἀπὺ
2995 2282 3159 2335 Ἅϐελ
3188 2280 3348 2353 μέχρι
3380 2278 3676 2351 Ζαχαρίου.

2232 2467 2432 2537 ’Σοφία
2458 2468 2529 2522 ἐν
2555 2465 2788 2533 ἐξόδοις
2815 2464 3101 2534 ὑμνεῖται.
3137 2460 3472 2532 Σιωπωμὲνη
3509 2458 3609 2530 μὲν
3642 2456 3749 2512 ὑπὸ

2175 2558 2361 2630 σοφοῦ,
2394 2559 2492 2630 οὐχ
2528 2559 2796 2632 ὑμνεῖται·
2834 2556 3014 2624 ἐξόδου
3046 2555 3104 2608 δὲ
3131 2552 3389 2625 τυχοῦσα,
3434 2553 3711 2623 ὑμνεῖται.

2246 2760 2452 2813 Ἔσται
2485 2756 2596 2829 γὰρ
2628 2756 2776 2812 ὅταν
2810 2753 3252 2823 ἐπικαλέσησθέ
3270 2770 3366 2825 με.
3420 2752 3507 2818 Ὣς
3537 2750 3749 2824 Κύριον

2170 2853 2281 2926 γὰρ
2339 2849 2746 2922 ὲπικαλούμεθα
2792 2851 2893 2922 τὴν
2945 2849 3135 2919 σοφίαν
3166 2843 3329 2902 οὖσαν
3388 2846 3647 2917 Χριστόν.
3692 2846 3748 2899 ’0

2170 2943 2263 3002 οὖν
2294 2946 2722 3017 ἐπικαλούμενος
2761 2945 2851 2999 τὸν
2896 2943 3150 3015 Χριστὸν,
3195 2943 3243 2995 εἰ
3292 2942 3403 2996 νοεῖ
3435 2939 3518 3002 τίς
3556 2940 3748 3003 ἐστιν,

2170 3040 2510 3094 ἐπικαλεῖται
2541 3039 2752 3107 σοφίαν,
2790 3036 3024 3101 σύνεσιν,
3051 3034 3341 3105 ἁγιασμόν,
3371 3030 3746 3102 δικαιοσύνην,

496 3094 758 3162 muniam,
785 3096 1055 3166 justitiam
1089 3109 1144 3157 et
1172 3117 1387 3160 omnem
1415 3106 1668 3162 virtutem
1701 3126 1717 3164 :
1752 3123 2064 3180 quanquam

2189 3134 2264 3188 cal.
2292 3134 2470 3185 πᾶσαν
2501 3094 2718 3203 ἀρετήν·
2740 3094 2799 3184 ἐἰ
2820 3132 2911 3184 καὶ¹
2943 3094 3021 3200 μή
3064 3094 3335 3199 χείλεσιν,
3372 3124 3506 3179 ἀλλὰ
3536 3124 3749 3194 πράξε-

496 3201 603 3239 non
631 3187 811 3256 labiis,
845 3193 938 3248 sed
990 3194 1222 3251 actibus.
1254 3196 1411 3252 Absit
1439 3212 1567 3254 vero
1603 3207 1659 3254 ut
1692 3201 1829 3256 tales
1875 3202 2067 3258 eﬂicia-

494 3293 637 3345 mur,
673 3291 732 3336 ut
756 3283 1072 3342 invocemus
1090 3287 1343 3357 quidem,
1385 3289 1478 3345 sed
1508 3306 1616 3346 non
1650 3293 2027 3351 exaudiamur.

1143 3399 1294 3457 CAP.
1330 3400 1395 3457 11.

566 3503 722 3563 Vcrs.
759 3509 812 3563 Ι.
864 3508 924 3565 Si
972 3512 1261 3586 suscipiens
1313 3518 1628 3570 sententiam
1679 3520 1781 3573 mei
1824 3522 2065 3575 niandati

494 3597 829 3655 absconderis
876 3619 1027 3672 penes
1081 3614 1148 3660 te.
1199 3607 1497 3663 Abscondit
1548 3618 1730 3664 autem
1765 3613 2060 3682 quispiam,

493 3687 623 3742 dum
660 3706 766 3745 non
797 3692 977 3750 inanis
1010 3696 1194 3766 gloriae
1228 3712 1417 3765 causa,
1449 3701 1541 3755 sed
1569 3701 1918 3758 delitescendi
1943 3713 2061 3759 stu-

491 3780 583 3835 dio
612 3782 758 3838 facit.

564 3871 719 3930 Vers.
749 3875 802 3931 5.
838 3876 983 3933 Tunc
1026 3881 1284 3953 intelliges
1341 3884 1584 3937 timorem
1642 3883 1878 3938 Domini.
1933 3884 2063 3941 Vide

491 3974 698 4034 quanta
746 3968 874 4032 sint,
935 3979 1057 4039 post
1087 3987 1208 4042 qua:
1267 3975 1630 4045 intelligemus
1673 3976 1924 4030 timorem
1954 3976 2062 4031 Do-

491 4056 648 4112 mini.
681 4056 815 4114 Nam
848 4060 964 4131 ipse
1012 4080 1232 4135 quoque
1260 4067 1528 4123 obscurus
1562 4076 1664 4133 est,
1718 4077 1778 4123 ut
1810 4078 1959 4139 patet
1993 4085 2059 4124 ex

487 4149 936 4219 simplicioribus.
966 4151 1164 4211 Videas
1196 4158 1340 4212 enim
1373 4159 1639 4228 quosdam
1694 4161 1787 4230 qui
1832 4162 2059 4216 timeant

487 4239 777 4297 Dominum
810 4245 866 4298 in
900 4247 1100 4314 quibus
1130 4264 1239 4303 non
1273 4251 1480 4317 deceat,
1513 4260 1566 4305 et
1598 4266 1708 4305 non
1743 4252 1972 4308 timeant
2003 4255 2056 4308 in

485 4331 682 4399 quibus
711 4333 918 4389 deceat.

561 4418 714 4477 Vers.
742 4423 794 4477 5.
831 4423 899 4477 Et
959 4426 1320 4497 intelligentia:
1355 4430 1425 4484 da
1470 4448 1641 4486 vocem
1673 4442 1837 4488 tuam.
1868 4433 2053 4491 Unus-

482 4510 718 4580 quisque
754 4528 940 4568 vocem
993 4531 1149 4571 suam
1183 4519 1276 4574 dat
1303 4520 1463 4575 alicui
1494 4524 1594 4589 rei,
1620 4534 1747 4593 puta
1773 4526 1884 4592 irae,
1919 4527 2048 4582 dum
2084 4500 2127 4556 Β

480 4618 604 4672 qua:
637 4612 768 4658 sunt
816 4605 937 4675 ejus
969 4607 1229 4677 loquitur,
1281 4622 1375 4667 aut
1408 4613 1662 4682 tristitiae,
1690 4626 1785 4671 aut
1808 4617 2049 4673 fornica-

479 4693 637 4747 tioni.
666 4692 769 4761 Qui
805 4706 984 4751 autem
1020 4700 1210 4757 beatus
1238 4712 1341 4770 est,
1398 4721 1553 4760 suam
1612 4722 1829 4763 omnem
1862 4725 2048 4765 vocem

479 4785 672 4840 tribuit
724 4786 979 4855 Domino,
1031 4800 1091 4846 ut
1121 4795 1384 4863 quidquid
1451 4797 1729 4869 loquatur,
1786 4801 2049 4871 sapientia

478 4873 570 4931 sit.
624 4874 1095 4944 Quemadmodum
1167 4894 1347 4939 autem
1417 4886 1509 4942 alii
1577 4890 1899 4959 pecuniam,
1969 4894 2050 4949 sic

475 4985 657 5038 quaere
716 4981 774 5028 tu
824 4973 1171 5044 sapientiam,
1195 4985 1256 5031 ut
1288 4978 1410 5050 ejus
1457 4982 1638 5039 studio
1674 4985 1821 5040 velut
1851 5001 2050 5044 avarus

471 5064 723 5120 exsistas.

544 5173 699 5231 Vers.
753 5177 838 5232 l6.
873 5177 956 5233 Ne
995 5189 1043 5235 te
1073 5183 1475 5252 comprehendat
1517 5186 1714 5240 malum
1738 5190 2040 5247 consilium.

470 5265 574 5333 Qui
604 5268 674 5322 ab
706 5266 948 5326 Ecclesia
1004 5274 1249 5329 extranei
1299 5287 1448 5344 sunt,
1484 5279 1591 5334 alia
1636 5281 1855 5350 quidem
1887 5284 2042 5339 initio

2171 3242 2274 3280 σιν.
2326 3223 2487 3279 Ἀλλὰ
2521 3222 2596 3297 μὴ
2617 3222 2847 3278 τοιοῦτοι
2896 3220 3205 3294 γενώμεθα,
3246 3218 3321 3283 ὼς
3370 3217 3749 3271 ἐπικαλεῖσθαι

2168 3319 2336 3390 ἡμᾶς,
2370 3317 2532 3373 αὐτὸν
2557 3317 2614 3371 δὲ
2647 3317 2722 3388 μὴ
2749 3315 3063 3371 ὑπακούειν.

2818 3430 2976 3482 ΚΕΦ.
3004 3429 3079 3484 B'.

2250 3543 2403 3608 Ἐὰν,
2431 3542 2757 3613 δεξάμενος
2772 3542 2961 3612 ῥῆσιν
2995 3542 3145 3612 ἐμῆς
3192 3542 3466 3611 ἐντολῆς,
3498 3543 3750 3611 κρύψῃς

2164 3635 2324 3702 παρὰ
2369 3633 2623 3700 σεαυτῷ.
2674 3632 2924 3704 Κρύπτει
2969 3633 3027 3686 δέ
3067 3650 3171 3719 τις,
3205 3633 3279 3705 μὴ
3320 3633 3412 3685 ἐπὶ
3461 3633 3751 3707 κενοδοξία

2165 3725 2368 3795 ταύτην
2400 3725 2593 3791 ποιῶν,
2619 3724 2754 3780 ἀλλὰ
2788 3724 3102 3788 σπουδάζων
3125 3723 3425 3778 λανθάνειν.

2238 3907 2375 3960 Τότε
2400 3903 2696 3971 συνήσεις
2721 3904 2910 3974 φόϐον
2948 3905 3191 3972 Κυρίου.
3225 3904 3366 3973 Ὅρα
3392 3903 3447 3956 δὲ
3481 3901 3598 3974 μεθ’
3636 3903 3749 3959 ὅσα

2163 3998 2467 4068 συνήσομεν
2503 3995 2667 4065 φόϐον
2723 3995 2950 4066 Κυρίου·
2988 3995 3199 4066 ἀσαφὴς
3242 3995 3350 4066 γὰρ
3399 3996 3493 4048 καὶ
3545 3994 3744 4058 αὐτὸς,

2158 4086 2234 4150 ὡς
2269 4086 2429 4156 δῆλον
2447 4088 2513 4139 ἐκ
2543 4086 2651 4142 τῶν
2682 4085 3083 4155 ἁπλουστέρων·
3135 4085 3247 4138 ἔστι
3278 4088 3382 4156 γὰρ
3421 4085 3572 4149 τινὰς
3599 4086 3743 4141 ἰδεῖν

2158 4182 2258 4233 οὐκ
2285 4182 2342 4233 ἐν
2370 4174 2452 4243 οἷς
2495 4179 2576 4232 δεῖ
2609 4178 2974 4250 φοϐουμένους
3017 4177 3106 4231 τὸν
3156 4177 3378 4251 Κύριον,
3409 4179 3504 4231 καὶ
3557 4179 3615 4233 ἐν
3650 4173 3741 4242 οἷς

2158 4271 2262 4344 χρὴ
2296 4271 2370 4343 μὴ
2400 4271 2782 4342 φοϐουμένους.

2228 4443 2335 4498 Καὶ
2371 4443 2447 4513 τῇ
2485 4443 2732 4498 συνέσει
2783 4444 2902 4512 δῷς
2955 4443 3164 4515 φωνήν
3195 4460 3333 4500 σου.
3370 4446 3638 4508 ’Ἕκαστος
3674 4445 3739 4499 δὲ

2155 4535 2339 4590 δίδωσι
2388 4536 2487 4606 τὴν
2536 4535 2727 4589 ἑαυτοῦ
2760 4538 2943 4607 φωνήν
2990 4554 3116 4600 τινι,
3157 4538 3190 4608 ἦ
3222 4540 3285 4608 τῇ
3312 4536 3449 4609 ὀργῇ
3482 4536 3644 4606 τυχὸν
3671 4538 3743 4589 τὸ

2155 4628 2326 4698 αὐτῆς
2351 4628 2740 4700 φθεγγόμενος,
2765 4631 2797 4702 ἢ
2829 4633 2894 4702 τῇ
2923 4630 3088 4704 λύπῃ,
3119 4630 3151 4703 ἢ
3200 4633 3265 4701 τῇ
3300 4630 3541 4702 πορνείᾳ.
3583 4630 3641 4681 '0
3672 4631 3740 4684 δὲ

2155 4719 2426 4792 μακάριος
2451 4721 2578 4792 ὅλην
2606 4721 2705 4794 τὴν
2730 4723 2922 4776 ἑαυτοῦ
2967 4724 3149 4795 φωνὴν
3200 4723 3483 4794 ἀνατίθησι
3506 4721 3584 4792 τῷ
3612 4724 3741 4776 Κυ-

2156 4813 2274 4885 ρίῳ,
2309 4813 2392 4866 ἴνα
2416 4811 2452 4867 ἃ
2479 4814 2523 4867 δ’
2554 4814 2620 4867 ἂν
2646 4814 2801 4886 λαλῇ,
2831 4814 2989 4884 σοφία
3140 4815 3226 4880 Ὠς
3261 4814 3415 4878 ἄλλος
3455 4814 3513 4867 δὲ
3533 4816 3594 4868 τὸ
3621 4817 3737 4888 ἀρ-

2152 4904 2359 4977 γύριον,
2389 4905 2532 4959 οὕτω
2571 4904 2722 4977 ζήτει
2759 4907 2823 4960 σὺ
2857 4907 2955 4979 τὴν
2985 4907 3197 4977 σοφίαν,
3237 4908 3398 4961 οἱονεὶ
3453 4907 3736 4977 φιλάργυς-

2150 5014 2243 5068 ρος
2267 4999 2323 5053 ὲν
2345 4996 2519 5069 τούτῳ
2541 4999 2837 5070 γινόμενος.

2220 5195 2315 5263 Μή
2342 5212 2417 5251 σε
2443 5196 2745 5267 καταλάϐῃ
2771 5197 2975 5266 ,βουλὴ
3003 5197 3177 5265 κακή.
3225 5198 3289 5251 Oi
3329 5196 3596 5268 ἀλλότριοι
3618 5195 3733 5269 τῆς

2157 5285 2483 5358 Ἐκκλησίας
2522 5287 2657 5341 ἄλλα
2713 5288 2810 5360 μὲν
2864 5287 3286 5357 ἐπαγγέλλονται
3348 5290 3466 5341 κατ’
3514 5287 3724 5359 ἀρχὰς,

468 5357 815 5427 promittunt,
849 5359 955 5414 alia
981 5377 1110 5420 vero
1163 5366 1266 5422 sub
1320 5365 1480 5422 ﬁnem
1513 5370 1856 5438 proﬁtentur.
1903 5370 2038 5428 Nam

2189 5378 2280 5431 λλα
2305 5357 2361 5432 δὲ
2392 5379 2533 5432 κατὰ
2557 5357 2981 5451 τέλη-γὰφιστᾶσι
3009 5380 3109 5451 μὲν
3137 5379 3247 5453 γὰρ
3272 5357 3729 5449 εἰδωλολατρείας

469 5448 626 5504 initio
659 5450 880 5519 quidem
930 5454 999 5509 ab
1048 5456 1317 5515 idolorum
1374 5460 1521 5515 cultu
1578 5473 1828 5531 avocant,
1883 5476 1936 5519 ct
1969 5466 2037 5520 ad

2189 5471 2203 5536 Ξ
2230 5471 2425 5545 ἀρχῆς,
2462 5473 2558 5526 καὶ
2588 5448 2919 5544 προσάγουσι
2949 5448 3026 5543 τῷ
3074 5448 3419 5545 Δημιουργῷ·
3464 5448 3583 5524 εἶτα
3617 5488 3727 5540 με-

463 5539 781 5597 Creatorem
808 5542 1090 5602 adducunt
1126 5566 1139 5602 :
1201 5551 1396 5607 deinde
1448 5567 1606 5611 secus
1636 5557 1850 5623 mutati,
1878 5554 2039 5613 Vete-

2189 5539 2501 5632 ιτιθέμενοι,
2714 5539 2953 5619 Παλαιὰν
2998 5539 3247 5618 ἄθετούσι
3287 5539 3514 5637 Τραφὴν
3550 5539 3724 5617 how-

531 5741 578 5779 "
605 5743 792 5803 Matth.
823 5763 936 5814 xxi,
962 5748 1063 5818 58;
1087 5748 1218 5810 Luc.
1250 5770 1342 5823 xx,
1378 5757 1465 5812 Μ.
1567 5758 1612 5791 ⁸⁷
1640 5756 1831 5814 Matth.
1872 5774 2033 5829 XXIII,

2190 5760 2281 5818 35.
