  <div class='ocr_page' id='page_1' title='image "/cluster/home/n/w/nwhite01/storage/ocr_20150623/13/hvd.32044019207646/025.png"; bbox 0 0 3872 6532; ppageno 0'>
   <div class='ocr_carea' id='block_1_1' title="bbox 572 295 3806 376">
    <p class='ocr_par' dir='ltr' id='par_1_1' title="bbox 572 295 3806 376">
     <span class='ocr_line' id='line_1_1' title="bbox 572 295 3806 376; baseline 0.006 -21"><span class='ocrx_word' id='word_1_1' title='bbox 572 295 646 355; x_wconf 74' lang='lat'><strong>35</strong></span> <span class='ocrx_word' id='word_1_2' title='bbox 1640 301 1962 362; x_wconf 83' lang='lat' dir='ltr'><strong>ORIGENIS</strong></span> <span class='ocrx_word' id='word_1_3' title='bbox 1997 305 2066 364; x_wconf 81' lang='lat' dir='ltr'><strong>IN</strong></span> <span class='ocrx_word' id='word_1_4' title='bbox 2100 306 2455 369; x_wconf 72' lang='lat' dir='ltr'><strong>CANTICUM</strong></span> <span class='ocrx_word' id='word_1_5' title='bbox 2492 310 2763 368; x_wconf 82' lang='lat' dir='ltr'><strong>CANTIC.</strong></span> <span class='ocrx_word' id='word_1_6' title='bbox 3753 317 3806 376; x_wconf 69' lang='lat' dir='ltr'><strong>3G</strong></span> 
     </span>
    </p>
   </div>
   <div class='ocr_carea' id='block_1_2' title="bbox 598 452 3795 485">
    <p class='ocr_par' dir='ltr' id='par_1_2' title="bbox 598 452 3795 485">
     <span class='ocr_line' id='line_1_2' title="bbox 598 452 3795 485; baseline 0.002 -4"><span class='ocrx_word' id='word_1_7' title='bbox 598 452 3795 485; x_wconf 39' lang='grc' dir='ltr'>Μ</span> 
     </span>
    </p>
   </div>
   <div class='ocr_carea' id='block_1_3' title="bbox 1348 618 3058 750">
    <p class='ocr_par' dir='ltr' id='par_1_3' title="bbox 1348 618 3058 750">
     <span class='ocr_line' id='line_1_3' title="bbox 1348 618 3058 750; baseline 0.008 -17"><span class='ocrx_word' id='word_1_8' title='bbox 1348 621 1561 734; x_wconf 87' lang='grc' dir='ltr'><strong>ΕΚ</strong></span> <span class='ocrx_word' id='word_1_9' title='bbox 1650 618 1951 740; x_wconf 89' lang='grc' dir='ltr'><strong>ΤΟΥ</strong></span> <span class='ocrx_word' id='word_1_10' title='bbox 2039 627 2279 740; x_wconf 89' lang='grc' dir='ltr'><strong>ΕΙΣ</strong></span> <span class='ocrx_word' id='word_1_11' title='bbox 2351 628 2559 746; x_wconf 89' lang='grc' dir='ltr'><strong>ΤΟ</strong></span> <span class='ocrx_word' id='word_1_12' title='bbox 2633 631 3058 750; x_wconf 89' lang='grc' dir='ltr'><strong>ΑΣΜΑ</strong></span> 
     </span>
    </p>
   </div>
   <div class='ocr_carea' id='block_1_4' title="bbox 1927 839 2469 896">
    <p class='ocr_par' dir='ltr' id='par_1_4' title="bbox 1927 839 2469 896">
     <span class='ocr_line' id='line_1_4' title="bbox 1927 839 2469 896; baseline 0.009 -5"><span class='ocrx_word' id='word_1_13' title='bbox 1927 839 2199 894; x_wconf 83' lang='grc' dir='ltr'><strong>ΜΙΚΡΟΥ</strong></span> <span class='ocrx_word' id='word_1_14' title='bbox 2229 841 2469 896; x_wconf 84' lang='grc' dir='ltr'><strong>ἹῸΜΟΥ</strong></span> 
     </span>
    </p>
   </div>
   <div class='ocr_carea' id='block_1_5' title="bbox 1568 993 2817 1073">
    <p class='ocr_par' dir='ltr' id='par_1_5' title="bbox 1568 993 2817 1073">
     <span class='ocr_line' id='line_1_5' title="bbox 1568 993 2817 1073; baseline 0.008 -26"><span class='ocrx_word' id='word_1_15' title='bbox 1568 997 1667 1048; x_wconf 72' lang='lat' dir='ltr'><strong>“Or</strong></span> <span class='ocrx_word' id='word_1_16' title='bbox 1707 995 1778 1048; x_wconf 86' lang='grc' dir='ltr'><strong>ἐν</strong></span> <span class='ocrx_word' id='word_1_17' title='bbox 1810 993 1884 1064; x_wconf 77' lang='grc' dir='ltr'>τῇ</span> <span class='ocrx_word' id='word_1_18' title='bbox 1926 997 2160 1066; x_wconf 80' lang='grc' dir='ltr'>νεότητι</span> <span class='ocrx_word' id='word_1_19' title='bbox 2201 999 2462 1069; x_wconf 68' lang='grc' dir='ltr'>ἔγραφεν</span> <span class='ocrx_word' id='word_1_20' title='bbox 2499 1000 2817 1073; x_wconf 66' lang='grc' dir='ltr'>Ὠριτένης.</span> 
     </span>
    </p>
   </div>
   <div class='ocr_carea' id='block_1_6' title="bbox 718 1299 3658 1380">
    <p class='ocr_par' dir='ltr' id='par_1_6' title="bbox 718 1299 3658 1380">
     <span class='ocr_line' id='line_1_6' title="bbox 718 1299 3658 1380; baseline 0.006 -19"><span class='ocrx_word' id='word_1_21' title='bbox 718 1299 769 1361; x_wconf 93' lang='grc' dir='ltr'><strong>Ε</strong></span> <span class='ocrx_word' id='word_1_22' title='bbox 812 1301 1083 1362; x_wconf 75' lang='lat' dir='ltr'><strong>PARVO</strong></span> <span class='ocrx_word' id='word_1_23' title='bbox 1143 1302 1376 1365; x_wconf 90' lang='grc' dir='ltr'><strong>ΤΟΜΟ</strong></span> <span class='ocrx_word' id='word_1_24' title='bbox 1438 1303 1520 1364; x_wconf 88' lang='grc' dir='ltr'><strong>ΙΝ</strong></span> <span class='ocrx_word' id='word_1_25' title='bbox 1584 1303 1996 1365; x_wconf 86' lang='lat' dir='ltr'><strong>CANTICUM</strong></span> <span class='ocrx_word' id='word_1_26' title='bbox 2050 1303 2275 1376; x_wconf 90' lang='lat' dir='ltr'><strong>QUEM</strong></span> <span class='ocrx_word' id='word_1_27' title='bbox 2321 1306 2645 1368; x_wconf 83' lang='lat' dir='ltr'><strong>.IUVENIS</strong></span> <span class='ocrx_word' id='word_1_28' title='bbox 2695 1310 3180 1372; x_wconf 80' lang='lat' dir='ltr'><strong>SCRIPSERAT</strong></span> <span class='ocrx_word' id='word_1_29' title='bbox 3235 1313 3658 1380; x_wconf 82' lang='lat' dir='ltr'><strong>ORIGENES.</strong></span> 
     </span>
    </p>
   </div>
   <div class='ocr_carea' id='block_1_7' title="bbox 633 1642 2110 1726">
    <p class='ocr_par' dir='ltr' id='par_1_7' title="bbox 633 1642 2110 1718">
     <span class='ocr_line' id='line_1_7' title="bbox 633 1642 2110 1718; baseline 0.007 -22"><span class='ocrx_word' id='word_1_30' title='bbox 633 1645 730 1716; x_wconf 81' lang='grc' dir='ltr'><strong>ιι</strong></span> <span class='ocrx_word' id='word_1_31' title='bbox 751 1642 854 1710; x_wconf 86' lang='lat' dir='ltr'><strong>Qui</strong></span> <span class='ocrx_word' id='word_1_32' title='bbox 873 1659 982 1698; x_wconf 88' lang='lat' dir='ltr'><strong>non</strong></span> <span class='ocrx_word' id='word_1_33' title='bbox 1015 1645 1317 1715; x_wconf 77' lang='lat' dir='ltr'><strong>perceperit</strong></span> <span class='ocrx_word' id='word_1_34' title='bbox 1343 1645 1732 1717; x_wconf 88' lang='lat' dir='ltr'><strong>proprietatem</strong></span> <span class='ocrx_word' id='word_1_35' title='bbox 1765 1664 2110 1718; x_wconf 84' lang='lat' dir='ltr'><strong>personarun</strong></span> 
     </span>
    </p>
   </div>
   <div class='ocr_carea' id='block_1_8' title="bbox 2222 1642 3800 1726">
    <p class='ocr_par' dir='ltr' id='par_1_8' title="bbox 2305 1649 3800 1726">
     <span class='ocr_line' id='line_1_8' title="bbox 2305 1649 3800 1726; baseline -0.001 -19"><span class='ocrx_word' id='word_1_36' title='bbox 2305 1653 2381 1724; x_wconf 69' lang='lat'><strong>(2)</strong></span> <span class='ocrx_word' id='word_1_37' title='bbox 2422 1653 2510 1724; x_wconf 81' lang='grc' dir='ltr'><strong>Τῷ</strong></span> <span class='ocrx_word' id='word_1_38' title='bbox 2547 1653 2620 1724; x_wconf 82' lang='grc' dir='ltr'><strong>μὴ</strong></span> <span class='ocrx_word' id='word_1_39' title='bbox 2659 1651 2962 1722; x_wconf 78' lang='grc' dir='ltr'>ὲξειληφότι</span> <span class='ocrx_word' id='word_1_40' title='bbox 3008 1649 3068 1705; x_wconf 81' lang='grc' dir='ltr'><strong>τὸ</strong></span> <span class='ocrx_word' id='word_1_41' title='bbox 3123 1652 3319 1723; x_wconf 74' lang='grc' dir='ltr'>ἰδίωμα</span> <span class='ocrx_word' id='word_1_42' title='bbox 3361 1652 3468 1707; x_wconf 85' lang='grc' dir='ltr'><strong>τῶν</strong></span> <span class='ocrx_word' id='word_1_43' title='bbox 3505 1653 3800 1726; x_wconf 80' lang='grc' dir='ltr'><strong>προσώπων</strong></span> 
     </span>
    </p>
   </div>
   <div class='ocr_carea' id='block_1_9' title="bbox 549 1735 2123 1810">
    <p class='ocr_par' dir='ltr' id='par_1_9' title="bbox 549 1735 2123 1810">
     <span class='ocr_line' id='line_1_9' title="bbox 549 1735 2123 1810; baseline 0.005 -19"><span class='ocrx_word' id='word_1_44' title='bbox 549 1735 749 1791; x_wconf 70' lang='lat' dir='ltr'><strong>divina:</strong></span> <span class='ocrx_word' id='word_1_45' title='bbox 777 1736 1091 1806; x_wconf 75' lang='lat' dir='ltr'><strong>Scripturae,</strong></span> <span class='ocrx_word' id='word_1_46' title='bbox 1122 1753 1246 1792; x_wconf 87' lang='lat' dir='ltr'><strong>cum</strong></span> <span class='ocrx_word' id='word_1_47' title='bbox 1275 1753 1465 1793; x_wconf 88' lang='lat' dir='ltr'><strong>earum</strong></span> <span class='ocrx_word' id='word_1_48' title='bbox 1496 1756 1618 1809; x_wconf 70' lang='lat' dir='ltr'><strong>qua:</strong></span> <span class='ocrx_word' id='word_1_49' title='bbox 1649 1741 1970 1810; x_wconf 90' lang='lat' dir='ltr'><strong>loquuntur,</strong></span> <span class='ocrx_word' id='word_1_50' title='bbox 2013 1755 2123 1800; x_wconf 91' lang='lat' dir='ltr'><strong>tmn</strong></span> 
     </span>
    </p>
   </div>
   <div class='ocr_carea' id='block_1_10' title="bbox 548 1829 2126 1898">
    <p class='ocr_par' dir='ltr' id='par_1_10' title="bbox 548 1829 2126 1898">
     <span class='ocr_line' id='line_1_10' title="bbox 548 1829 2126 1898; baseline 0.007 -16"><span class='ocrx_word' id='word_1_51' title='bbox 548 1843 738 1882; x_wconf 82' lang='lat' dir='ltr'><strong>earum</strong></span> <span class='ocrx_word' id='word_1_52' title='bbox 787 1829 852 1882; x_wconf 90' lang='lat' dir='ltr'><strong>ad</strong></span> <span class='ocrx_word' id='word_1_53' title='bbox 897 1845 1036 1898; x_wconf 86' lang='lat' dir='ltr'><strong>quas</strong></span> <span class='ocrx_word' id='word_1_54' title='bbox 1084 1831 1246 1883; x_wconf 83' lang='lat' dir='ltr'><strong>verba</strong></span> <span class='ocrx_word' id='word_1_55' title='bbox 1303 1832 1475 1895; x_wconf 91' lang='lat' dir='ltr'><strong>liunt,</strong></span> <span class='ocrx_word' id='word_1_56' title='bbox 1531 1831 1759 1886; x_wconf 86' lang='lat' dir='ltr'><strong>multam</strong></span> <span class='ocrx_word' id='word_1_57' title='bbox 1824 1835 1898 1889; x_wconf 89' lang='lat' dir='ltr'><strong>illi</strong></span> <span class='ocrx_word' id='word_1_58' title='bbox 1948 1841 2126 1892; x_wconf 88' lang='lat' dir='ltr'><strong>oratio</strong></span> 
     </span>
    </p>
   </div>
   <div class='ocr_carea' id='block_1_11' title="bbox 547 1917 2122 1996">
    <p class='ocr_par' dir='ltr' id='par_1_11' title="bbox 547 1917 2122 1996">
     <span class='ocr_line' id='line_1_11' title="bbox 547 1917 2122 1996; baseline 0.006 -22"><span class='ocrx_word' id='word_1_59' title='bbox 547 1917 926 1974; x_wconf 82' lang='lat' dir='ltr'><strong>confusionem</strong></span> <span class='ocrx_word' id='word_1_60' title='bbox 975 1921 1210 1989; x_wconf 74' lang='lat' dir='ltr'><strong>przebet,</strong></span> <span class='ocrx_word' id='word_1_61' title='bbox 1261 1923 1526 1989; x_wconf 63' lang='lat' dir='ltr'><strong>quwrenti</strong></span> <span class='ocrx_word' id='word_1_62' title='bbox 1586 1941 1837 1995; x_wconf 79' lang='lat' dir='ltr'><strong>quamam</strong></span> <span class='ocrx_word' id='word_1_63' title='bbox 1891 1943 2122 1996; x_wconf 86' lang='lat' dir='ltr'><strong>persona</strong></span> 
     </span>
    </p>
   </div>
   <div class='ocr_carea' id='block_1_12' title="bbox 547 2011 2124 2086">
    <p class='ocr_par' dir='ltr' id='par_1_12' title="bbox 547 2011 2124 2086">
     <span class='ocr_line' id='line_1_12' title="bbox 547 2011 2124 2086; baseline 0.006 -20"><span class='ocrx_word' id='word_1_64' title='bbox 547 2011 836 2082; x_wconf 84' lang='lat' dir='ltr'><strong>loquatur,</strong></span> <span class='ocrx_word' id='word_1_65' title='bbox 881 2029 1130 2083; x_wconf 76' lang='lat' dir='ltr'><strong>quaenam</strong></span> <span class='ocrx_word' id='word_1_66' title='bbox 1171 2013 1392 2076; x_wconf 87' lang='lat' dir='ltr'><strong>audiat,</strong></span> <span class='ocrx_word' id='word_1_67' title='bbox 1421 2024 1476 2069; x_wconf 88' lang='lat' dir='ltr'><strong>ct</strong></span> <span class='ocrx_word' id='word_1_68' title='bbox 1519 2033 1768 2086; x_wconf 62' lang='lat' dir='ltr'><strong>quaenam</strong></span> <span class='ocrx_word' id='word_1_69' title='bbox 1803 2019 2018 2075; x_wconf 83' lang='lat' dir='ltr'><strong>dicendi</strong></span> <span class='ocrx_word' id='word_1_70' title='bbox 2056 2022 2124 2076; x_wconf 85' lang='lat' dir='ltr'><strong>li-</strong></span> 
     </span>
    </p>
   </div>
   <div class='ocr_carea' id='block_1_13' title="bbox 545 2103 2120 2180">
    <p class='ocr_par' dir='ltr' id='par_1_13' title="bbox 545 2103 2120 2180">
     <span class='ocr_line' id='line_1_13' title="bbox 545 2103 2120 2180; baseline 0.006 -24"><span class='ocrx_word' id='word_1_71' title='bbox 545 2119 668 2157; x_wconf 88' lang='lat' dir='ltr'><strong>nem</strong></span> <span class='ocrx_word' id='word_1_72' title='bbox 699 2103 920 2167; x_wconf 82' lang='lat' dir='ltr'><strong>fecerit,</strong></span> <span class='ocrx_word' id='word_1_73' title='bbox 954 2120 1077 2157; x_wconf 89' lang='lat' dir='ltr'><strong>cum</strong></span> <span class='ocrx_word' id='word_1_74' title='bbox 1115 2119 1257 2172; x_wconf 75' lang='lat' dir='ltr'><strong>saepe</strong></span> <span class='ocrx_word' id='word_1_75' title='bbox 1285 2106 1454 2160; x_wconf 87' lang='lat' dir='ltr'><strong>altera</strong></span> <span class='ocrx_word' id='word_1_76' title='bbox 1479 2147 1493 2170; x_wconf 94' lang='lat'><strong>,</strong></span> <span class='ocrx_word' id='word_1_77' title='bbox 1527 2108 1595 2162; x_wconf 87' lang='lat' dir='ltr'><strong>ad</strong></span> <span class='ocrx_word' id='word_1_78' title='bbox 1626 2125 1790 2179; x_wconf 90' lang='lat' dir='ltr'><strong>quam</strong></span> <span class='ocrx_word' id='word_1_79' title='bbox 1820 2111 1880 2164; x_wconf 81' lang='lat' dir='ltr'><strong>ﬁt</strong></span> <span class='ocrx_word' id='word_1_80' title='bbox 1917 2127 2120 2180; x_wconf 80' lang='lat' dir='ltr'><strong>sermo,</strong></span> 
     </span>
    </p>
   </div>
   <div class='ocr_carea' id='block_1_14' title="bbox 544 2195 2118 2270">
    <p class='ocr_par' dir='ltr' id='par_1_14' title="bbox 544 2195 2118 2270">
     <span class='ocr_line' id='line_1_14' title="bbox 544 2195 2118 2270; baseline 0.004 -22"><span class='ocrx_word' id='word_1_81' title='bbox 544 2204 793 2248; x_wconf 84' lang='lat' dir='ltr'><strong>servetur</strong></span> <span class='ocrx_word' id='word_1_82' title='bbox 835 2202 887 2249; x_wconf 89' lang='lat' dir='ltr'><strong>et</strong></span> <span class='ocrx_word' id='word_1_83' title='bbox 928 2195 1258 2258; x_wconf 81' lang='lat' dir='ltr'><strong>retineatur,</strong></span> <span class='ocrx_word' id='word_1_84' title='bbox 1295 2203 1350 2249; x_wconf 90' lang='lat' dir='ltr'><strong>et</strong></span> <span class='ocrx_word' id='word_1_85' title='bbox 1379 2197 1485 2250; x_wconf 86' lang='lat' dir='ltr'><strong>alia</strong></span> <span class='ocrx_word' id='word_1_86' title='bbox 1519 2199 1585 2252; x_wconf 90' lang='lat' dir='ltr'><strong>ad</strong></span> <span class='ocrx_word' id='word_1_87' title='bbox 1628 2200 1874 2255; x_wconf 88' lang='lat' dir='ltr'><strong>eamdem</strong></span> <span class='ocrx_word' id='word_1_88' title='bbox 1921 2202 2118 2270; x_wconf 84' lang='lat' dir='ltr'><strong>loqua-</strong></span> 
     </span>
    </p>
   </div>
   <div class='ocr_carea' id='block_1_15' title="bbox 543 2291 2118 2360">
    <p class='ocr_par' dir='ltr' id='par_1_15' title="bbox 543 2291 2118 2360">
     <span class='ocr_line' id='line_1_15' title="bbox 543 2291 2118 2360; baseline 0.004 -20"><span class='ocrx_word' id='word_1_89' title='bbox 543 2295 636 2340; x_wconf 88' lang='lat' dir='ltr'><strong>tur</strong></span> <span class='ocrx_word' id='word_1_90' title='bbox 666 2305 678 2341; x_wconf 91' lang='lat'><strong>:</strong></span> <span class='ocrx_word' id='word_1_91' title='bbox 711 2297 804 2340; x_wconf 87' lang='lat' dir='ltr'><strong>aut</strong></span> <span class='ocrx_word' id='word_1_92' title='bbox 837 2297 1024 2340; x_wconf 83' lang='lat' dir='ltr'><strong>contra</strong></span> <span class='ocrx_word' id='word_1_93' title='bbox 1075 2297 1292 2342; x_wconf 84' lang='lat' dir='ltr'><strong>maneat</strong></span> <span class='ocrx_word' id='word_1_94' title='bbox 1323 2305 1559 2358; x_wconf 85' lang='lat' dir='ltr'><strong>persona</strong></span> <span class='ocrx_word' id='word_1_95' title='bbox 1595 2291 1858 2360; x_wconf 81' lang='lat' dir='ltr'><strong>loquens,</strong></span> <span class='ocrx_word' id='word_1_96' title='bbox 1896 2309 2019 2346; x_wconf 89' lang='lat' dir='ltr'><strong>cum</strong></span> <span class='ocrx_word' id='word_1_97' title='bbox 2055 2309 2118 2347; x_wconf 90' lang='lat' dir='ltr'><strong>ca</strong></span> 
     </span>
    </p>
   </div>
   <div class='ocr_carea' id='block_1_16' title="bbox 539 2383 2119 2451">
    <p class='ocr_par' dir='ltr' id='par_1_16' title="bbox 539 2383 2119 2451">
     <span class='ocr_line' id='line_1_16' title="bbox 539 2383 2119 2451; baseline 0.003 -18"><span class='ocrx_word' id='word_1_98' title='bbox 539 2383 607 2433; x_wconf 87' lang='lat' dir='ltr'><strong>ad</strong></span> <span class='ocrx_word' id='word_1_99' title='bbox 642 2396 804 2449; x_wconf 82' lang='lat' dir='ltr'><strong>quam</strong></span> <span class='ocrx_word' id='word_1_100' title='bbox 836 2389 951 2433; x_wconf 86' lang='lat' dir='ltr'><strong>erat</strong></span> <span class='ocrx_word' id='word_1_101' title='bbox 987 2395 1199 2447; x_wconf 86' lang='lat' dir='ltr'><strong>sermo,</strong></span> <span class='ocrx_word' id='word_1_102' title='bbox 1238 2397 1343 2434; x_wconf 89' lang='lat' dir='ltr'><strong>non</strong></span> <span class='ocrx_word' id='word_1_103' title='bbox 1377 2383 1611 2451; x_wconf 87' lang='lat' dir='ltr'><strong>amplius</strong></span> <span class='ocrx_word' id='word_1_104' title='bbox 1653 2384 1871 2449; x_wconf 80' lang='lat' dir='ltr'><strong>audiat,</strong></span> <span class='ocrx_word' id='word_1_105' title='bbox 1906 2386 2000 2439; x_wconf 90' lang='lat' dir='ltr'><strong>sed</strong></span> <span class='ocrx_word' id='word_1_106' title='bbox 2031 2386 2119 2439; x_wconf 91' lang='lat' dir='ltr'><strong>di-</strong></span> 
     </span>
    </p>
   </div>
   <div class='ocr_carea' id='block_1_17' title="bbox 537 2473 2118 2544">
    <p class='ocr_par' dir='ltr' id='par_1_17' title="bbox 537 2473 2118 2544">
     <span class='ocr_line' id='line_1_17' title="bbox 537 2473 2118 2544; baseline 0.003 -16"><span class='ocrx_word' id='word_1_107' title='bbox 537 2481 687 2528; x_wconf 88' lang='lat' dir='ltr'><strong>ctum</strong></span> <span class='ocrx_word' id='word_1_108' title='bbox 725 2473 883 2526; x_wconf 86' lang='lat' dir='ltr'><strong>tertia</strong></span> <span class='ocrx_word' id='word_1_109' title='bbox 914 2473 1161 2542; x_wconf 67' lang='lat' dir='ltr'><strong>quaedam</strong></span> <span class='ocrx_word' id='word_1_110' title='bbox 1197 2476 1454 2544; x_wconf 83' lang='lat' dir='ltr'><strong>excipiat.</strong></span> <span class='ocrx_word' id='word_1_111' title='bbox 1485 2477 1760 2531; x_wconf 86' lang='lat' dir='ltr'><strong>Interdum</strong></span> <span class='ocrx_word' id='word_1_112' title='bbox 1791 2479 1964 2533; x_wconf 72' lang='lat' dir='ltr'><strong>amba:</strong></span> <span class='ocrx_word' id='word_1_113' title='bbox 1992 2495 2118 2533; x_wconf 89' lang='lat' dir='ltr'><strong>mu-</strong></span> 
     </span>
    </p>
   </div>
   <div class='ocr_carea' id='block_1_18' title="bbox 533 2566 2118 2636">
    <p class='ocr_par' dir='ltr' id='par_1_18' title="bbox 533 2566 2118 2636">
     <span class='ocr_line' id='line_1_18' title="bbox 533 2566 2118 2636; baseline 0.002 -15"><span class='ocrx_word' id='word_1_114' title='bbox 533 2573 762 2628; x_wconf 77' lang='lat' dir='ltr'><strong>tantur,</strong></span> <span class='ocrx_word' id='word_1_115' title='bbox 813 2573 921 2618; x_wconf 88' lang='lat' dir='ltr'><strong>tam</strong></span> <span class='ocrx_word' id='word_1_116' title='bbox 969 2566 1200 2634; x_wconf 88' lang='lat' dir='ltr'><strong>loquens</strong></span> <span class='ocrx_word' id='word_1_117' title='bbox 1225 2583 1389 2636; x_wconf 89' lang='lat' dir='ltr'><strong>quam</strong></span> <span class='ocrx_word' id='word_1_118' title='bbox 1418 2568 1646 2621; x_wconf 87' lang='lat' dir='ltr'><strong>audiens</strong></span> <span class='ocrx_word' id='word_1_119' title='bbox 1671 2608 1684 2631; x_wconf 91' lang='lat'><strong>,</strong></span> <span class='ocrx_word' id='word_1_120' title='bbox 1723 2577 1818 2622; x_wconf 88' lang='lat' dir='ltr'><strong>aut</strong></span> <span class='ocrx_word' id='word_1_121' title='bbox 1856 2569 1900 2622; x_wconf 91' lang='lat' dir='ltr'><strong>si</strong></span> <span class='ocrx_word' id='word_1_122' title='bbox 1937 2570 2118 2626; x_wconf 86' lang='lat' dir='ltr'><strong>adhuc</strong></span> 
     </span>
    </p>
   </div>
   <div class='ocr_carea' id='block_1_19' title="bbox 537 2657 2112 2728">
    <p class='ocr_par' dir='ltr' id='par_1_19' title="bbox 537 2657 2112 2728">
     <span class='ocr_line' id='line_1_19' title="bbox 537 2657 2112 2728; baseline 0.004 -18"><span class='ocrx_word' id='word_1_123' title='bbox 537 2657 712 2711; x_wconf 73' lang='lat' dir='ltr'><strong>amba:</strong></span> <span class='ocrx_word' id='word_1_124' title='bbox 761 2666 1020 2724; x_wconf 83' lang='lat' dir='ltr'><strong>manent,</strong></span> <span class='ocrx_word' id='word_1_125' title='bbox 1073 2673 1180 2712; x_wconf 88' lang='lat' dir='ltr'><strong>non</strong></span> <span class='ocrx_word' id='word_1_126' title='bbox 1227 2669 1410 2728; x_wconf 87' lang='lat' dir='ltr'><strong>aperte</strong></span> <span class='ocrx_word' id='word_1_127' title='bbox 1457 2661 1820 2714; x_wconf 87' lang='lat' dir='ltr'><strong>ostenduntur</strong></span> <span class='ocrx_word' id='word_1_128' title='bbox 1869 2676 2112 2718; x_wconf 87' lang='lat' dir='ltr'><strong>manere.</strong></span> 
     </span>
    </p>
   </div>
   <div class='ocr_carea' id='block_1_20' title="bbox 534 2746 2110 2822">
    <p class='ocr_par' dir='ltr' id='par_1_20' title="bbox 534 2746 2110 2822">
     <span class='ocr_line' id='line_1_20' title="bbox 534 2746 2110 2822; baseline 0.004 -21"><span class='ocrx_word' id='word_1_129' title='bbox 534 2746 679 2816; x_wconf 83' lang='lat' dir='ltr'><strong>Quid</strong></span> <span class='ocrx_word' id='word_1_130' title='bbox 711 2760 890 2803; x_wconf 87' lang='lat' dir='ltr'><strong>autem</strong></span> <span class='ocrx_word' id='word_1_131' title='bbox 929 2751 1124 2804; x_wconf 87' lang='lat' dir='ltr'><strong>attinet</strong></span> <span class='ocrx_word' id='word_1_132' title='bbox 1165 2753 1411 2821; x_wconf 77' lang='lat' dir='ltr'><strong>exempla</strong></span> <span class='ocrx_word' id='word_1_133' title='bbox 1443 2767 1687 2821; x_wconf 54' lang='lat' dir='ltr'><strong>quaerere</strong></span> <span class='ocrx_word' id='word_1_134' title='bbox 1735 2753 2110 2822; x_wconf 83' lang='lat' dir='ltr'><strong>singulorum,</strong></span> 
     </span>
    </p>
   </div>
   <div class='ocr_carea' id='block_1_21' title="bbox 533 2843 2113 2911">
    <p class='ocr_par' dir='ltr' id='par_1_21' title="bbox 533 2843 2113 2911">
     <span class='ocr_line' id='line_1_21' title="bbox 533 2843 2113 2911; baseline 0.001 -13"><span class='ocrx_word' id='word_1_135' title='bbox 533 2856 661 2898; x_wconf 75' lang='lat' dir='ltr'><strong>eum</strong></span> <span class='ocrx_word' id='word_1_136' title='bbox 723 2843 1000 2911; x_wconf 65' lang='grc' dir='ltr'>ιιι-οριιοιδξ</span> <span class='ocrx_word' id='word_1_137' title='bbox 1061 2844 1286 2897; x_wconf 91' lang='lat' dir='ltr'><strong>omnino</strong></span> <span class='ocrx_word' id='word_1_138' title='bbox 1349 2845 1579 2898; x_wconf 90' lang='lat' dir='ltr'><strong>istorum</strong></span> <span class='ocrx_word' id='word_1_139' title='bbox 1635 2845 1940 2899; x_wconf 69' lang='lat' dir='ltr'><strong>differentia</strong></span> <span class='ocrx_word' id='word_1_140' title='bbox 2002 2846 2113 2900; x_wconf 88' lang='lat' dir='ltr'><strong>sint</strong></span> 
     </span>
    </p>
   </div>
   <div class='ocr_carea' id='block_1_22' title="bbox 2229 1743 3802 1818">
    <p class='ocr_par' dir='ltr' id='par_1_22' title="bbox 2229 1743 3802 1818">
     <span class='ocr_line' id='line_1_22' title="bbox 2229 1743 3802 1818; baseline 0.001 -20"><span class='ocrx_word' id='word_1_141' title='bbox 2229 1746 2328 1816; x_wconf 85' lang='grc' dir='ltr'>τῆς</span> <span class='ocrx_word' id='word_1_142' title='bbox 2357 1745 2506 1808; x_wconf 80' lang='grc' dir='ltr'>θείας</span> <span class='ocrx_word' id='word_1_143' title='bbox 2539 1745 2760 1816; x_wconf 81' lang='grc' dir='ltr'>Γραφῆς</span> <span class='ocrx_word' id='word_1_144' title='bbox 2779 1785 2794 1807; x_wconf 90' lang='grc'><em>,</em></span> <span class='ocrx_word' id='word_1_145' title='bbox 2823 1744 2930 1796; x_wconf 84' lang='grc' dir='ltr'><strong>τῶν</strong></span> <span class='ocrx_word' id='word_1_146' title='bbox 2960 1760 3020 1796; x_wconf 89' lang='grc' dir='ltr'><strong>τε</strong></span> <span class='ocrx_word' id='word_1_147' title='bbox 3053 1743 3318 1812; x_wconf 86' lang='grc' dir='ltr'>λεγόντων</span> <span class='ocrx_word' id='word_1_148' title='bbox 3346 1747 3438 1798; x_wconf 78' lang='grc' dir='ltr'>καὶ</span> <span class='ocrx_word' id='word_1_149' title='bbox 3472 1744 3582 1799; x_wconf 86' lang='grc' dir='ltr'>τῶν</span> <span class='ocrx_word' id='word_1_150' title='bbox 3615 1746 3751 1818; x_wconf 83' lang='grc' dir='ltr'>πρὸς</span> <span class='ocrx_word' id='word_1_151' title='bbox 3772 1746 3802 1800; x_wconf 79' lang='lat' dir='ltr'><strong>a</strong></span> 
     </span>
    </p>
   </div>
   <div class='ocr_carea' id='block_1_23' title="bbox 2226 1833 3801 1907">
    <p class='ocr_par' dir='ltr' id='par_1_23' title="bbox 2226 1833 3801 1907">
     <span class='ocr_line' id='line_1_23' title="bbox 2226 1833 3801 1907; baseline -0.003 -18"><span class='ocrx_word' id='word_1_152' title='bbox 2226 1837 2255 1890; x_wconf 89' lang='grc' dir='ltr'><strong>ό</strong></span> <span class='ocrx_word' id='word_1_153' title='bbox 2286 1836 2463 1904; x_wconf 86' lang='grc' dir='ltr'><strong>λόγος,</strong></span> <span class='ocrx_word' id='word_1_154' title='bbox 2501 1834 2700 1906; x_wconf 83' lang='grc' dir='ltr'>πολλὴν</span> <span class='ocrx_word' id='word_1_155' title='bbox 2742 1834 2968 1904; x_wconf 80' lang='grc' dir='ltr'><strong>παρέχει</strong></span> <span class='ocrx_word' id='word_1_156' title='bbox 3003 1833 3262 1904; x_wconf 80' lang='grc' dir='ltr'>σύγχυσιν</span> <span class='ocrx_word' id='word_1_157' title='bbox 3291 1835 3692 1907; x_wconf 68' lang='grc' dir='ltr'><strong>τὰξΙλεγόμενα,</strong></span> <span class='ocrx_word' id='word_1_158' title='bbox 3723 1836 3801 1906; x_wconf 78' lang='grc' dir='ltr'><strong>ζη-</strong></span> 
     </span>
    </p>
   </div>
   <div class='ocr_carea' id='block_1_24' title="bbox 2226 1925 3801 1998">
    <p class='ocr_par' dir='ltr' id='par_1_24' title="bbox 2226 1925 3801 1998">
     <span class='ocr_line' id='line_1_24' title="bbox 2226 1925 3801 1998; baseline -0.002 -17"><span class='ocrx_word' id='word_1_159' title='bbox 2226 1927 2406 1981; x_wconf 80' lang='grc' dir='ltr'>τοῦντι</span> <span class='ocrx_word' id='word_1_160' title='bbox 2427 1927 2486 1980; x_wconf 84' lang='grc' dir='ltr'>τὸ</span> <span class='ocrx_word' id='word_1_161' title='bbox 2509 1926 2664 1996; x_wconf 83' lang='grc' dir='ltr'>λέγον</span> <span class='ocrx_word' id='word_1_162' title='bbox 2696 1926 3004 1997; x_wconf 83' lang='grc' dir='ltr'>πρόσωπον,</span> <span class='ocrx_word' id='word_1_163' title='bbox 3025 1926 3054 1978; x_wconf 84' lang='grc' dir='ltr'><strong>ὃ</strong></span> <span class='ocrx_word' id='word_1_164' title='bbox 3079 1943 3130 1978; x_wconf 89' lang='grc' dir='ltr'><strong>τι</strong></span> <span class='ocrx_word' id='word_1_165' title='bbox 3159 1925 3289 1978; x_wconf 90' lang='grc' dir='ltr'>ποτέ</span> <span class='ocrx_word' id='word_1_166' title='bbox 3314 1927 3450 1990; x_wconf 79' lang='grc' dir='ltr'>ἐστι,</span> <span class='ocrx_word' id='word_1_167' title='bbox 3469 1929 3565 1981; x_wconf 76' lang='grc' dir='ltr'>καὶ</span> <span class='ocrx_word' id='word_1_168' title='bbox 3586 1928 3649 1980; x_wconf 79' lang='grc' dir='ltr'><strong>τὸ</strong></span> <span class='ocrx_word' id='word_1_169' title='bbox 3681 1927 3801 1998; x_wconf 76' lang='grc' dir='ltr'>πρὸς</span> 
     </span>
    </p>
   </div>
   <div class='ocr_carea' id='block_1_25' title="bbox 2225 2015 3800 2090">
    <p class='ocr_par' dir='ltr' id='par_1_25' title="bbox 2225 2015 3800 2090">
     <span class='ocr_line' id='line_1_25' title="bbox 2225 2015 3800 2090; baseline -0.003 -18"><span class='ocrx_word' id='word_1_170' title='bbox 2225 2019 2254 2072; x_wconf 84' lang='grc' dir='ltr'>ὃ</span> <span class='ocrx_word' id='word_1_171' title='bbox 2293 2022 2321 2073; x_wconf 91' lang='grc' dir='ltr'><strong>ό</strong></span> <span class='ocrx_word' id='word_1_172' title='bbox 2355 2019 2510 2088; x_wconf 84' lang='grc' dir='ltr'>λόγος</span> <span class='ocrx_word' id='word_1_173' title='bbox 2547 2019 2750 2081; x_wconf 85' lang='grc' dir='ltr'>ὁποῖον,</span> <span class='ocrx_word' id='word_1_174' title='bbox 2785 2018 2879 2069; x_wconf 71' lang='grc' dir='ltr'><strong>καὶ</strong></span> <span class='ocrx_word' id='word_1_175' title='bbox 2908 2017 3035 2070; x_wconf 87' lang='grc' dir='ltr'>πότε</span> <span class='ocrx_word' id='word_1_176' title='bbox 3067 2017 3127 2068; x_wconf 84' lang='grc' dir='ltr'><strong>τὸ</strong></span> <span class='ocrx_word' id='word_1_177' title='bbox 3153 2015 3309 2085; x_wconf 84' lang='grc' dir='ltr'>λέγον</span> <span class='ocrx_word' id='word_1_178' title='bbox 3338 2016 3614 2071; x_wconf 77' lang='grc' dir='ltr'>ἐπαύσατο</span> <span class='ocrx_word' id='word_1_179' title='bbox 3649 2018 3800 2090; x_wconf 78' lang='grc' dir='ltr'>πρόσ-</span> 
     </span>
    </p>
   </div>
   <div class='ocr_carea' id='block_1_26' title="bbox 2223 2108 3802 2181">
    <p class='ocr_par' dir='ltr' id='par_1_26' title="bbox 2223 2108 3802 2181">
     <span class='ocr_line' id='line_1_26' title="bbox 2223 2108 3802 2181; baseline -0.003 -16"><span class='ocrx_word' id='word_1_180' title='bbox 2223 2129 2400 2175; x_wconf 87' lang='grc' dir='ltr'>ωπον,</span> <span class='ocrx_word' id='word_1_181' title='bbox 2449 2109 2541 2163; x_wconf 80' lang='grc' dir='ltr'><strong>τοῦ</strong></span> <span class='ocrx_word' id='word_1_182' title='bbox 2589 2109 2725 2180; x_wconf 80' lang='grc' dir='ltr'>πρὸς</span> <span class='ocrx_word' id='word_1_183' title='bbox 2758 2110 2785 2162; x_wconf 84' lang='grc' dir='ltr'><strong>ὃ</strong></span> <span class='ocrx_word' id='word_1_184' title='bbox 2828 2111 2943 2161; x_wconf 76' lang='grc' dir='ltr'>ἐστι</span> <span class='ocrx_word' id='word_1_185' title='bbox 2991 2108 3247 2172; x_wconf 82' lang='grc' dir='ltr'><strong>πολλάκις</strong></span> <span class='ocrx_word' id='word_1_186' title='bbox 3298 2108 3634 2181; x_wconf 79' lang='grc' dir='ltr'><strong>τηρουμένου</strong></span> <span class='ocrx_word' id='word_1_187' title='bbox 3660 2149 3676 2171; x_wconf 83' lang='grc'>,</span> <span class='ocrx_word' id='word_1_188' title='bbox 3721 2110 3802 2161; x_wconf 69' lang='grc' dir='ltr'>καὶ</span> 
     </span>
    </p>
   </div>
   <div class='ocr_carea' id='block_1_27' title="bbox 2224 2199 3802 2271">
    <p class='ocr_par' dir='ltr' id='par_1_27' title="bbox 2224 2199 3802 2271">
     <span class='ocr_line' id='line_1_27' title="bbox 2224 2199 3802 2271; baseline 0 -19"><span class='ocrx_word' id='word_1_189' title='bbox 2224 2200 2410 2271; x_wconf 79' lang='grc' dir='ltr'>ἑτέρου</span> <span class='ocrx_word' id='word_1_190' title='bbox 2441 2200 2577 2270; x_wconf 79' lang='grc' dir='ltr'>πρὸς</span> <span class='ocrx_word' id='word_1_191' title='bbox 2600 2200 2659 2252; x_wconf 88' lang='grc' dir='ltr'><strong>τὸ</strong></span> <span class='ocrx_word' id='word_1_192' title='bbox 2684 2200 2814 2254; x_wconf 73' lang='grc' dir='ltr'>αὐτὸ</span> <span class='ocrx_word' id='word_1_193' title='bbox 2847 2199 3097 2267; x_wconf 85' lang='grc' dir='ltr'>λέγοντος</span> <span class='ocrx_word' id='word_1_194' title='bbox 3116 2240 3129 2262; x_wconf 84' lang='grc'>,</span> <span class='ocrx_word' id='word_1_195' title='bbox 3159 2199 3192 2270; x_wconf 81' lang='grc' dir='ltr'><strong>ἢ</strong></span> <span class='ocrx_word' id='word_1_196' title='bbox 3227 2200 3334 2253; x_wconf 83' lang='grc' dir='ltr'><strong>τῶν</strong></span> <span class='ocrx_word' id='word_1_197' title='bbox 3363 2201 3497 2270; x_wconf 82' lang='grc' dir='ltr'>πρὸς</span> <span class='ocrx_word' id='word_1_198' title='bbox 3529 2201 3558 2253; x_wconf 82' lang='grc' dir='ltr'><strong>ὃ</strong></span> <span class='ocrx_word' id='word_1_199' title='bbox 3590 2203 3619 2253; x_wconf 87' lang='grc' dir='ltr'><strong>ό</strong></span> <span class='ocrx_word' id='word_1_200' title='bbox 3654 2201 3802 2268; x_wconf 82' lang='grc' dir='ltr'>λόγος</span> 
     </span>
    </p>
   </div>
   <div class='ocr_carea' id='block_1_28' title="bbox 2221 2291 3802 2364">
    <p class='ocr_par' dir='ltr' id='par_1_28' title="bbox 2221 2291 3802 2364">
     <span class='ocr_line' id='line_1_28' title="bbox 2221 2291 3802 2364; baseline -0.001 -18"><span class='ocrx_word' id='word_1_201' title='bbox 2221 2293 2398 2346; x_wconf 81' lang='grc' dir='ltr'>οὐκέτι</span> <span class='ocrx_word' id='word_1_202' title='bbox 2431 2291 2750 2356; x_wconf 77' lang='grc' dir='ltr'>ἀκούοντος,</span> <span class='ocrx_word' id='word_1_203' title='bbox 2791 2292 2976 2364; x_wconf 82' lang='grc' dir='ltr'>ἑτέρου</span> <span class='ocrx_word' id='word_1_204' title='bbox 3027 2293 3083 2345; x_wconf 85' lang='grc' dir='ltr'>δὲ</span> <span class='ocrx_word' id='word_1_205' title='bbox 3124 2293 3510 2362; x_wconf 80' lang='grc' dir='ltr'><strong>διαδεξαμένου</strong></span> <span class='ocrx_word' id='word_1_206' title='bbox 3548 2294 3620 2345; x_wconf 78' lang='grc' dir='ltr'><strong>τὰ</strong></span> <span class='ocrx_word' id='word_1_207' title='bbox 3660 2293 3802 2361; x_wconf 82' lang='grc' dir='ltr'>λεγό-</span> 
     </span>
    </p>
   </div>
   <div class='ocr_carea' id='block_1_29' title="bbox 2224 2385 3803 2457">
    <p class='ocr_par' dir='ltr' id='par_1_29' title="bbox 2224 2385 3803 2457">
     <span class='ocr_line' id='line_1_29' title="bbox 2224 2385 3803 2457; baseline 0.001 -19"><span class='ocrx_word' id='word_1_208' title='bbox 2224 2403 2379 2457; x_wconf 86' lang='grc' dir='ltr'>μενα,</span> <span class='ocrx_word' id='word_1_209' title='bbox 2404 2385 2653 2456; x_wconf 80' lang='grc' dir='ltr'><strong>μένοντος</strong></span> <span class='ocrx_word' id='word_1_210' title='bbox 2679 2385 2771 2438; x_wconf 80' lang='grc' dir='ltr'><strong>τοῦ</strong></span> <span class='ocrx_word' id='word_1_211' title='bbox 2805 2385 3072 2453; x_wconf 86' lang='grc' dir='ltr'>λέγοντος.</span> <span class='ocrx_word' id='word_1_212' title='bbox 3099 2387 3256 2438; x_wconf 84' lang='grc' dir='ltr'>Ἐστι</span> <span class='ocrx_word' id='word_1_213' title='bbox 3286 2385 3330 2438; x_wconf 85' lang='grc' dir='ltr'>δ’</span> <span class='ocrx_word' id='word_1_214' title='bbox 3360 2386 3447 2438; x_wconf 80' lang='grc' dir='ltr'>ὅτε</span> <span class='ocrx_word' id='word_1_215' title='bbox 3481 2385 3803 2456; x_wconf 75' lang='grc' dir='ltr'>μεταϐάλλει</span> 
     </span>
    </p>
   </div>
   <div class='ocr_carea' id='block_1_30' title="bbox 2219 2476 3804 2552">
    <p class='ocr_par' dir='ltr' id='par_1_30' title="bbox 2219 2476 3804 2552">
     <span class='ocr_line' id='line_1_30' title="bbox 2219 2476 3804 2552; baseline -0.001 -21"><span class='ocrx_word' id='word_1_216' title='bbox 2219 2480 2536 2552; x_wconf 82' lang='grc' dir='ltr'>ἀμφότερα,</span> <span class='ocrx_word' id='word_1_217' title='bbox 2576 2479 2669 2533; x_wconf 72' lang='grc' dir='ltr'><strong>καὶ</strong></span> <span class='ocrx_word' id='word_1_218' title='bbox 2696 2478 2757 2530; x_wconf 82' lang='grc' dir='ltr'>τὸ</span> <span class='ocrx_word' id='word_1_219' title='bbox 2784 2477 2941 2546; x_wconf 86' lang='grc' dir='ltr'>λέγον</span> <span class='ocrx_word' id='word_1_220' title='bbox 2962 2517 2976 2541; x_wconf 88' lang='grc'><strong><em>,</em></strong></span> <span class='ocrx_word' id='word_1_221' title='bbox 3005 2478 3097 2531; x_wconf 74' lang='grc' dir='ltr'><strong>καὶ</strong></span> <span class='ocrx_word' id='word_1_222' title='bbox 3137 2479 3197 2531; x_wconf 86' lang='grc' dir='ltr'><strong>τὸ</strong></span> <span class='ocrx_word' id='word_1_223' title='bbox 3231 2477 3366 2550; x_wconf 85' lang='grc' dir='ltr'>πρὸς</span> <span class='ocrx_word' id='word_1_224' title='bbox 3406 2478 3435 2530; x_wconf 84' lang='grc' dir='ltr'><strong>ὃ</strong></span> <span class='ocrx_word' id='word_1_225' title='bbox 3475 2479 3502 2531; x_wconf 86' lang='grc' dir='ltr'><strong>ό</strong></span> <span class='ocrx_word' id='word_1_226' title='bbox 3539 2478 3706 2546; x_wconf 84' lang='grc' dir='ltr'>λόγος</span> <span class='ocrx_word' id='word_1_227' title='bbox 3727 2499 3740 2513; x_wconf 90' lang='grc'><strong>·</strong></span> <span class='ocrx_word' id='word_1_228' title='bbox 3773 2476 3804 2547; x_wconf 81' lang='grc' dir='ltr'><strong>ἦ</strong></span> 
     </span>
    </p>
   </div>
   <div class='ocr_carea' id='block_1_31' title="bbox 2218 2567 3804 2642">
    <p class='ocr_par' dir='ltr' id='par_1_31' title="bbox 2218 2567 3804 2642">
     <span class='ocr_line' id='line_1_31' title="bbox 2218 2567 3804 2642; baseline -0.004 -18"><span class='ocrx_word' id='word_1_229' title='bbox 2218 2573 2309 2624; x_wconf 78' lang='grc' dir='ltr'>ἐπὶ</span> <span class='ocrx_word' id='word_1_230' title='bbox 2353 2572 2532 2624; x_wconf 85' lang='grc' dir='ltr'>πλεῖον</span> <span class='ocrx_word' id='word_1_231' title='bbox 2578 2571 2806 2641; x_wconf 83' lang='grc' dir='ltr'>μένοντα</span> <span class='ocrx_word' id='word_1_232' title='bbox 2851 2570 3168 2642; x_wconf 83' lang='grc' dir='ltr'>ἀμφότερα,</span> <span class='ocrx_word' id='word_1_233' title='bbox 3211 2571 3272 2622; x_wconf 82' lang='grc' dir='ltr'>οὐ</span> <span class='ocrx_word' id='word_1_234' title='bbox 3317 2568 3501 2638; x_wconf 83' lang='grc' dir='ltr'>σαφῶς</span> <span class='ocrx_word' id='word_1_235' title='bbox 3551 2567 3804 2638; x_wconf 71' lang='grc' dir='ltr'>δηλοῦται</span> 
     </span>
    </p>
   </div>
   <div class='ocr_carea' id='block_1_32' title="bbox 2221 2660 3803 2736">
    <p class='ocr_par' dir='ltr' id='par_1_32' title="bbox 2221 2660 3803 2736">
     <span class='ocr_line' id='line_1_32' title="bbox 2221 2660 3803 2736; baseline -0.003 -20"><span class='ocrx_word' id='word_1_236' title='bbox 2221 2664 2468 2736; x_wconf 82' lang='grc' dir='ltr'>μένοντα.</span> <span class='ocrx_word' id='word_1_237' title='bbox 2519 2662 2582 2714; x_wconf 88' lang='grc' dir='ltr'><strong>Τί</strong></span> <span class='ocrx_word' id='word_1_238' title='bbox 2631 2663 2688 2716; x_wconf 79' lang='grc' dir='ltr'><strong>δὲ</strong></span> <span class='ocrx_word' id='word_1_239' title='bbox 2734 2661 2814 2714; x_wconf 86' lang='grc' dir='ltr'><strong>δεῖ</strong></span> <span class='ocrx_word' id='word_1_240' title='bbox 2860 2662 2928 2715; x_wconf 78' lang='grc' dir='ltr'>τὰ</span> <span class='ocrx_word' id='word_1_241' title='bbox 2987 2661 3402 2732; x_wconf 77' lang='grc' dir='ltr'>παραδείγματα</span> <span class='ocrx_word' id='word_1_242' title='bbox 3444 2660 3636 2730; x_wconf 75' lang='grc' dir='ltr'>ζητεῖν</span> <span class='ocrx_word' id='word_1_243' title='bbox 3691 2661 3803 2721; x_wconf 69' lang='grc' dir='ltr'><strong>ἑνὸς</strong></span> 
     </span>
    </p>
   </div>
   <div class='ocr_carea' id='block_1_33' title="bbox 2217 2751 3804 2824">
    <p class='ocr_par' dir='ltr' id='par_1_33' title="bbox 2217 2751 3804 2824">
     <span class='ocr_line' id='line_1_33' title="bbox 2217 2751 3804 2824; baseline -0.004 -17"><span class='ocrx_word' id='word_1_244' title='bbox 2217 2755 2446 2808; x_wconf 75' lang='grc' dir='ltr'>ἑκάστου</span> <span class='ocrx_word' id='word_1_245' title='bbox 2491 2752 2730 2816; x_wconf 77' lang='grc' dir='ltr'>τούτων,</span> <span class='ocrx_word' id='word_1_246' title='bbox 2779 2753 2919 2807; x_wconf 80' lang='grc' dir='ltr'>πάνυ</span> <span class='ocrx_word' id='word_1_247' title='bbox 2954 2754 3062 2806; x_wconf 83' lang='grc' dir='ltr'><strong>τῶν</strong></span> <span class='ocrx_word' id='word_1_248' title='bbox 3114 2751 3463 2824; x_wconf 79' lang='grc' dir='ltr'>προφητικῶν</span> <span class='ocrx_word' id='word_1_249' title='bbox 3506 2751 3804 2823; x_wconf 78' lang='grc' dir='ltr'>πεπληρω-</span> 
     </span>
    </p>
   </div>
   <div class='ocr_carea' id='block_1_34' title="bbox 2217 2842 3804 2919">
    <p class='ocr_par' dir='ltr' id='par_1_34' title="bbox 2217 2842 3804 2919">
     <span class='ocr_line' id='line_1_34' title="bbox 2217 2842 3804 2919; baseline -0.007 -18"><span class='ocrx_word' id='word_1_250' title='bbox 2217 2847 2394 2919; x_wconf 79' lang='grc' dir='ltr'>μένων</span> <span class='ocrx_word' id='word_1_251' title='bbox 2447 2847 2548 2916; x_wconf 82' lang='grc' dir='ltr'><strong>τῆς</strong></span> <span class='ocrx_word' id='word_1_252' title='bbox 2597 2846 2858 2916; x_wconf 83' lang='grc' dir='ltr'>διαφορᾶς</span> <span class='ocrx_word' id='word_1_253' title='bbox 2901 2845 3115 2910; x_wconf 76' lang='grc' dir='ltr'>αὑτῶν;</span> <span class='ocrx_word' id='word_1_254' title='bbox 3161 2845 3318 2907; x_wconf 82' lang='grc' dir='ltr'>’Ἠτις</span> <span class='ocrx_word' id='word_1_255' title='bbox 3355 2844 3448 2896; x_wconf 70' lang='grc' dir='ltr'>καὶ</span> <span class='ocrx_word' id='word_1_256' title='bbox 3487 2844 3646 2897; x_wconf 74' lang='grc' dir='ltr'>αἰτία</span> <span class='ocrx_word' id='word_1_257' title='bbox 3693 2842 3804 2893; x_wconf 70' lang='grc' dir='ltr'>ἐστὶ</span> 
     </span>
    </p>
   </div>
   <div class='ocr_carea' id='block_1_35' title="bbox 534 2931 2110 3008">
    <p class='ocr_par' dir='ltr' id='par_1_35' title="bbox 534 2933 2110 3006">
     <span class='ocr_line' id='line_1_35' title="bbox 534 2933 2110 3006; baseline 0.004 -21"><span class='ocrx_word' id='word_1_258' title='bbox 534 2933 882 3002; x_wconf 67' lang='lat' dir='ltr'><strong>pleni?Quaa</strong></span> <span class='ocrx_word' id='word_1_259' title='bbox 930 2937 1092 2987; x_wconf 85' lang='lat' dir='ltr'><strong>etiam</strong></span> <span class='ocrx_word' id='word_1_260' title='bbox 1148 2950 1315 2989; x_wconf 88' lang='lat' dir='ltr'><strong>causa</strong></span> <span class='ocrx_word' id='word_1_261' title='bbox 1381 2944 1466 2990; x_wconf 87' lang='lat' dir='ltr'><strong>est</strong></span> <span class='ocrx_word' id='word_1_262' title='bbox 1520 2951 1630 2989; x_wconf 91' lang='lat' dir='ltr'><strong>non</strong></span> <span class='ocrx_word' id='word_1_263' title='bbox 1689 2937 1962 3006; x_wconf 85' lang='lat' dir='ltr'><strong>vulgaris,</strong></span> <span class='ocrx_word' id='word_1_264' title='bbox 2011 2953 2110 2992; x_wconf 91' lang='lat' dir='ltr'><strong>cur</strong></span> 
     </span>
    </p>
   </div>
   <div class='ocr_carea' id='block_1_36' title="bbox 2222 2931 3806 3008">
    <p class='ocr_par' dir='ltr' id='par_1_36' title="bbox 2222 2931 3806 3008">
     <span class='ocr_line' id='line_1_36' title="bbox 2222 2931 3806 3008; baseline -0.003 -19"><span class='ocrx_word' id='word_1_265' title='bbox 2222 2938 2310 3006; x_wconf 74' lang='grc' dir='ltr'>οὐχ</span> <span class='ocrx_word' id='word_1_266' title='bbox 2353 2938 2384 3007; x_wconf 78' lang='grc' dir='ltr'><strong>ἡ</strong></span> <span class='ocrx_word' id='word_1_267' title='bbox 2428 2935 2666 3006; x_wconf 77' lang='grc' dir='ltr'>τυχοῦσα</span> <span class='ocrx_word' id='word_1_268' title='bbox 2697 2937 2771 3007; x_wconf 83' lang='grc' dir='ltr'><strong>μὴ</strong></span> <span class='ocrx_word' id='word_1_269' title='bbox 2801 2935 3220 3008; x_wconf 79' lang='grc' dir='ltr'>διακρινομένης</span> <span class='ocrx_word' id='word_1_270' title='bbox 3248 2934 3347 3004; x_wconf 78' lang='grc' dir='ltr'><strong>τῆς</strong></span> <span class='ocrx_word' id='word_1_271' title='bbox 3381 2932 3660 3002; x_wconf 80' lang='grc' dir='ltr'>ἀσαφείας</span> <span class='ocrx_word' id='word_1_272' title='bbox 3699 2931 3806 2985; x_wconf 68' lang='grc' dir='ltr'>τιέιν</span> 
     </span>
    </p>
   </div>
   <div class='ocr_carea' id='block_1_37' title="bbox 530 3007 2110 3102">
    <p class='ocr_par' dir='ltr' id='par_1_37' title="bbox 530 3027 2110 3085">
     <span class='ocr_line' id='line_1_37' title="bbox 530 3027 2110 3085; baseline 0.002 -3"><span class='ocrx_word' id='word_1_273' title='bbox 530 3027 838 3082; x_wconf 79' lang='lat' dir='ltr'><strong>obscuritas</strong></span> <span class='ocrx_word' id='word_1_274' title='bbox 873 3029 1142 3083; x_wconf 89' lang='lat' dir='ltr'><strong>dictorum</strong></span> <span class='ocrx_word' id='word_1_275' title='bbox 1193 3043 1299 3081; x_wconf 90' lang='lat' dir='ltr'><strong>non</strong></span> <span class='ocrx_word' id='word_1_276' title='bbox 1351 3029 1422 3082; x_wconf 89' lang='lat' dir='ltr'><strong>sit</strong></span> <span class='ocrx_word' id='word_1_277' title='bbox 1465 3027 1740 3083; x_wconf 89' lang='lat' dir='ltr'><strong>distincta.</strong></span> <span class='ocrx_word' id='word_1_278' title='bbox 1789 3027 1886 3082; x_wconf 85' lang='lat' dir='ltr'><strong>Est</strong></span> <span class='ocrx_word' id='word_1_279' title='bbox 1929 3038 2110 3085; x_wconf 86' lang='lat' dir='ltr'><strong>autem</strong></span> 
     </span>
    </p>
   </div>
   <div class='ocr_carea' id='block_1_38' title="bbox 2222 3007 3802 3102">
    <p class='ocr_par' dir='ltr' id='par_1_38' title="bbox 2222 3007 3802 3102">
     <span class='ocr_line' id='line_1_38' title="bbox 2222 3007 3802 3102; baseline -0.001 -16"><span class='ocrx_word' id='word_1_280' title='bbox 2222 3033 2544 3102; x_wconf 80' lang='grc' dir='ltr'>λεγομένων.</span> <span class='ocrx_word' id='word_1_281' title='bbox 2575 3033 2729 3084; x_wconf 86' lang='grc' dir='ltr'>Ἔστι</span> <span class='ocrx_word' id='word_1_282' title='bbox 2756 3032 2813 3086; x_wconf 80' lang='grc' dir='ltr'>δὲ</span> <span class='ocrx_word' id='word_1_283' title='bbox 2841 3007 2941 3086; x_wconf 13' lang='grc' dir='ltr'>καὶί</span> <span class='ocrx_word' id='word_1_284' title='bbox 2959 3031 3099 3102; x_wconf 76' lang='grc' dir='ltr'>αὕτη</span> <span class='ocrx_word' id='word_1_285' title='bbox 3130 3031 3385 3100; x_wconf 79' lang='grc' dir='ltr'>συνήθεια</span> <span class='ocrx_word' id='word_1_286' title='bbox 3416 3031 3513 3102; x_wconf 81' lang='grc' dir='ltr'><strong>τῆς</strong></span> <span class='ocrx_word' id='word_1_287' title='bbox 3540 3031 3802 3102; x_wconf 78' lang='grc' dir='ltr'>Γραφῆς.</span> 
     </span>
    </p>
   </div>
   <div class='ocr_carea' id='block_1_39' title="bbox 530 3119 2110 3193">
    <p class='ocr_par' dir='ltr' id='par_1_39' title="bbox 530 3121 2106 3192">
     <span class='ocr_line' id='line_1_39' title="bbox 530 3121 2106 3192; baseline -0.002 -14"><span class='ocrx_word' id='word_1_288' title='bbox 530 3138 578 3178; x_wconf 83' lang='lat' dir='ltr'><strong>ts</strong></span> <span class='ocrx_word' id='word_1_289' title='bbox 621 3122 912 3192; x_wconf 69' lang='lat' dir='ltr'><strong>Scriptura:</strong></span> <span class='ocrx_word' id='word_1_290' title='bbox 958 3139 1111 3186; x_wconf 89' lang='lat' dir='ltr'><strong>mos,</strong></span> <span class='ocrx_word' id='word_1_291' title='bbox 1161 3131 1220 3175; x_wconf 92' lang='lat' dir='ltr'><strong>ut</strong></span> <span class='ocrx_word' id='word_1_292' title='bbox 1272 3121 1342 3175; x_wconf 89' lang='lat' dir='ltr'><strong>ab</strong></span> <span class='ocrx_word' id='word_1_293' title='bbox 1384 3136 1493 3176; x_wconf 92' lang='lat' dir='ltr'><strong>uno</strong></span> <span class='ocrx_word' id='word_1_294' title='bbox 1541 3135 1796 3175; x_wconf 89' lang='lat' dir='ltr'><strong>sermone</strong></span> <span class='ocrx_word' id='word_1_295' title='bbox 1830 3121 1897 3174; x_wconf 87' lang='lat' dir='ltr'><strong>ad</strong></span> <span class='ocrx_word' id='word_1_296' title='bbox 1938 3121 2106 3175; x_wconf 85' lang='lat' dir='ltr'><strong>alium</strong></span> 
     </span>
    </p>
   </div>
   <div class='ocr_carea' id='block_1_40' title="bbox 2222 3119 3806 3193">
    <p class='ocr_par' dir='ltr' id='par_1_40' title="bbox 2222 3119 3806 3193">
     <span class='ocr_line' id='line_1_40' title="bbox 2222 3119 3806 3193; baseline -0.001 -19"><span class='ocrx_word' id='word_1_297' title='bbox 2222 3119 2275 3174; x_wconf 77' lang='grc' dir='ltr'><strong>τὸ</strong></span> <span class='ocrx_word' id='word_1_298' title='bbox 2309 3119 2515 3189; x_wconf 85' lang='grc' dir='ltr'>ταχέως</span> <span class='ocrx_word' id='word_1_299' title='bbox 2550 3120 2864 3191; x_wconf 85' lang='grc' dir='ltr'>μεταπηδᾷν</span> <span class='ocrx_word' id='word_1_300' title='bbox 2893 3121 3000 3173; x_wconf 82' lang='grc' dir='ltr'>ἀπὸ</span> <span class='ocrx_word' id='word_1_301' title='bbox 3042 3119 3136 3173; x_wconf 78' lang='grc' dir='ltr'><strong>τοῦ</strong></span> <span class='ocrx_word' id='word_1_302' title='bbox 3177 3121 3304 3193; x_wconf 82' lang='grc' dir='ltr'>περί</span> <span class='ocrx_word' id='word_1_303' title='bbox 3331 3137 3490 3173; x_wconf 86' lang='grc' dir='ltr'>τινων</span> <span class='ocrx_word' id='word_1_304' title='bbox 3521 3119 3695 3189; x_wconf 86' lang='grc' dir='ltr'>λόγου</span> <span class='ocrx_word' id='word_1_305' title='bbox 3729 3122 3806 3182; x_wconf 80' lang='grc' dir='ltr'>εἰς</span> 
     </span>
    </p>
   </div>
   <div class='ocr_carea' id='block_1_41' title="bbox 531 3211 2110 3284">
    <p class='ocr_par' dir='ltr' id='par_1_41' title="bbox 531 3213 2107 3284">
     <span class='ocr_line' id='line_1_41' title="bbox 531 3213 2107 3284; baseline -0.001 -15"><span class='ocrx_word' id='word_1_306' title='bbox 531 3216 676 3270; x_wconf 86' lang='lat' dir='ltr'><strong>illico</strong></span> <span class='ocrx_word' id='word_1_307' title='bbox 723 3217 1026 3280; x_wconf 88' lang='lat' dir='ltr'><strong>transiliat,</strong></span> <span class='ocrx_word' id='word_1_308' title='bbox 1102 3215 1268 3284; x_wconf 84' lang='lat' dir='ltr'><strong>idque</strong></span> <span class='ocrx_word' id='word_1_309' title='bbox 1322 3216 1555 3270; x_wconf 87' lang='lat' dir='ltr'><strong>obscure</strong></span> <span class='ocrx_word' id='word_1_310' title='bbox 1622 3229 1686 3269; x_wconf 81' lang='lat' dir='ltr'><strong>ac</strong></span> <span class='ocrx_word' id='word_1_311' title='bbox 1735 3213 2107 3270; x_wconf 57' lang='lat' dir='ltr'><strong>confuse&#39;ad-</strong></span> 
     </span>
    </p>
   </div>
   <div class='ocr_carea' id='block_1_42' title="bbox 2222 3211 3805 3284">
    <p class='ocr_par' dir='ltr' id='par_1_42' title="bbox 2222 3211 3805 3284">
     <span class='ocr_line' id='line_1_42' title="bbox 2222 3211 3805 3284; baseline -0.001 -18"><span class='ocrx_word' id='word_1_312' title='bbox 2222 3212 2305 3266; x_wconf 79' lang='grc' dir='ltr'>τὸν</span> <span class='ocrx_word' id='word_1_313' title='bbox 2337 3213 2464 3284; x_wconf 80' lang='grc' dir='ltr'><strong>περὶ</strong></span> <span class='ocrx_word' id='word_1_314' title='bbox 2492 3213 2692 3284; x_wconf 79' lang='grc' dir='ltr'>ἑτέρων</span> <span class='ocrx_word' id='word_1_315' title='bbox 2720 3251 2734 3274; x_wconf 88' lang='grc'><em>,</em></span> <span class='ocrx_word' id='word_1_316' title='bbox 2761 3213 2855 3266; x_wconf 77' lang='grc' dir='ltr'><strong>καὶ</strong></span> <span class='ocrx_word' id='word_1_317' title='bbox 2886 3211 3044 3266; x_wconf 80' lang='grc' dir='ltr'>τοῦτο</span> <span class='ocrx_word' id='word_1_318' title='bbox 3078 3212 3305 3282; x_wconf 81' lang='grc' dir='ltr'>ἀσαφῶς</span> <span class='ocrx_word' id='word_1_319' title='bbox 3337 3214 3507 3268; x_wconf 85' lang='grc' dir='ltr'>ποιεῖν</span> <span class='ocrx_word' id='word_1_320' title='bbox 3534 3213 3639 3268; x_wconf 72' lang='grc' dir='ltr'>καὶ</span> <span class='ocrx_word' id='word_1_321' title='bbox 3675 3226 3805 3281; x_wconf 80' lang='grc' dir='ltr'>συγ-</span> 
     </span>
    </p>
   </div>
   <div class='ocr_carea' id='block_1_43' title="bbox 529 3302 2110 3380">
    <p class='ocr_par' dir='ltr' id='par_1_43' title="bbox 529 3308 1325 3380">
     <span class='ocr_line' id='line_1_43' title="bbox 529 3308 1325 3380; baseline -0.003 -16"><span class='ocrx_word' id='word_1_322' title='bbox 529 3309 752 3364; x_wconf 88' lang='lat' dir='ltr'><strong>modum</strong></span> <span class='ocrx_word' id='word_1_323' title='bbox 787 3309 1063 3380; x_wconf 73' lang='lat' dir='ltr'><strong>propheta:</strong></span> <span class='ocrx_word' id='word_1_324' title='bbox 1096 3308 1325 3364; x_wconf 82' lang='lat' dir='ltr'><strong>faciunt.</strong></span> 
     </span>
    </p>
   </div>
   <div class='ocr_carea' id='block_1_44' title="bbox 2222 3302 3277 3380">
    <p class='ocr_par' dir='ltr' id='par_1_44' title="bbox 2222 3302 3277 3375">
     <span class='ocr_line' id='line_1_44' title="bbox 2222 3302 3277 3375; baseline 0 -19"><span class='ocrx_word' id='word_1_325' title='bbox 2222 3303 2526 3374; x_wconf 73' lang='grc' dir='ltr'>κεχυμένως</span> <span class='ocrx_word' id='word_1_326' title='bbox 2559 3302 2790 3374; x_wconf 79' lang='grc' dir='ltr'>μάλιστα</span> <span class='ocrx_word' id='word_1_327' title='bbox 2819 3304 2945 3368; x_wconf 83' lang='grc' dir='ltr'>τοὺς</span> <span class='ocrx_word' id='word_1_328' title='bbox 2969 3303 3277 3375; x_wconf 81' lang='grc' dir='ltr'>προφήτας.</span> 
     </span>
    </p>
   </div>
   <div class='ocr_carea' id='block_1_45' title="bbox 1230 3696 3090 3857">
    <p class='ocr_par' dir='ltr' id='par_1_45' title="bbox 1230 3696 3090 3857">
     <span class='ocr_line' id='line_1_45' title="bbox 1230 3696 3090 3857; baseline -0.002 -43"><span class='ocrx_word' id='word_1_329' title='bbox 1230 3703 1969 3857; x_wconf 75' lang='lat' dir='ltr'><strong>PROLOGUS</strong></span> <span class='ocrx_word' id='word_1_330' title='bbox 2049 3703 2174 3814; x_wconf 89' lang='lat' dir='ltr'><strong>B.</strong></span> <span class='ocrx_word' id='word_1_331' title='bbox 2263 3696 3090 3815; x_wconf 82' lang='lat' dir='ltr'><strong>HIERONYMI</strong></span> 
     </span>
    </p>
   </div>
   <div class='ocr_carea' id='block_1_46' title="bbox 1770 3925 2532 3983">
    <p class='ocr_par' dir='ltr' id='par_1_46' title="bbox 1770 3925 2532 3983">
     <span class='ocr_line' id='line_1_46' title="bbox 1770 3925 2532 3983; baseline 0.003 -3"><span class='ocrx_word' id='word_1_332' title='bbox 1770 3925 1863 3980; x_wconf 84' lang='lat' dir='ltr'><strong>AD</strong></span> <span class='ocrx_word' id='word_1_333' title='bbox 1893 3925 2236 3983; x_wconf 82' lang='lat' dir='ltr'><strong>DAMASUM</strong></span> <span class='ocrx_word' id='word_1_334' title='bbox 2299 3925 2532 3982; x_wconf 79' lang='lat' dir='ltr'><strong>PAPAM</strong></span> 
     </span>
    </p>
   </div>
   <div class='ocr_carea' id='block_1_47' title="bbox 1070 4084 3234 4168">
    <p class='ocr_par' dir='ltr' id='par_1_47' title="bbox 1070 4084 3234 4168">
     <span class='ocr_line' id='line_1_47' title="bbox 1070 4084 3234 4168; baseline -0.001 -17"><span class='ocrx_word' id='word_1_335' title='bbox 1070 4091 1144 4152; x_wconf 89' lang='lat' dir='ltr'><strong>In</strong></span> <span class='ocrx_word' id='word_1_336' title='bbox 1199 4084 1678 4168; x_wconf 84' lang='lat' dir='ltr'><strong>expositionem</strong></span> <span class='ocrx_word' id='word_1_337' title='bbox 1719 4085 1964 4148; x_wconf 84' lang='lat' dir='ltr'><strong>Cantici</strong></span> <span class='ocrx_word' id='word_1_338' title='bbox 2017 4087 2416 4150; x_wconf 86' lang='lat' dir='ltr'><strong>canticorum</strong></span> <span class='ocrx_word' id='word_1_339' title='bbox 2473 4085 2833 4150; x_wconf 85' lang='lat' dir='ltr'><strong>secundum</strong></span> <span class='ocrx_word' id='word_1_340' title='bbox 2863 4085 3234 4167; x_wconf 83' lang='lat' dir='ltr'><strong>Origenem.</strong></span> 
     </span>
    </p>
   </div>
   <div class='ocr_carea' id='block_1_48' title="bbox 1566 4550 2708 4592">
    <p class='ocr_par' dir='ltr' id='par_1_48' title="bbox 1566 4550 2708 4592">
     <span class='ocr_line' id='line_1_48' title="bbox 1566 4550 2708 4592; baseline -0.001 -2"><span class='ocrx_word' id='word_1_341' title='bbox 1566 4551 1882 4592; x_wconf 71' lang='lat' dir='ltr'><strong>BEATISSIMO</strong></span> <span class='ocrx_word' id='word_1_342' title='bbox 1920 4552 2065 4591; x_wconf 65' lang='lat' dir='ltr'><strong>PAPrE</strong></span> <span class='ocrx_word' id='word_1_343' title='bbox 2104 4551 2314 4591; x_wconf 54' lang='lat' dir='ltr'><strong>DAMJSO</strong></span> <span class='ocrx_word' id='word_1_344' title='bbox 2354 4550 2708 4591; x_wconf 71' lang='lat' dir='ltr'><strong>HIERONYHUS.</strong></span> 
     </span>
    </p>
   </div>
   <div class='ocr_carea' id='block_1_49' title="bbox 576 4693 3822 4770">
    <p class='ocr_par' dir='ltr' id='par_1_49' title="bbox 576 4693 3822 4770">
     <span class='ocr_line' id='line_1_49' title="bbox 576 4693 3822 4770; baseline -0.001 -16"><span class='ocrx_word' id='word_1_345' title='bbox 576 4695 849 4770; x_wconf 82' lang='lat' dir='ltr'><strong>Oirgenes,</strong></span> <span class='ocrx_word' id='word_1_346' title='bbox 881 4712 1000 4751; x_wconf 84' lang='lat' dir='ltr'><strong>cum</strong></span> <span class='ocrx_word' id='word_1_347' title='bbox 1030 4699 1081 4752; x_wconf 90' lang='lat' dir='ltr'><strong>in</strong></span> <span class='ocrx_word' id='word_1_348' title='bbox 1109 4697 1312 4752; x_wconf 80' lang='lat' dir='ltr'><strong>cwteris</strong></span> <span class='ocrx_word' id='word_1_349' title='bbox 1343 4695 1492 4750; x_wconf 79' lang='lat' dir='ltr'><strong>libris</strong></span> <span class='ocrx_word' id='word_1_350' title='bbox 1521 4713 1697 4751; x_wconf 89' lang='lat' dir='ltr'><strong>omnes</strong></span> <span class='ocrx_word' id='word_1_351' title='bbox 1725 4698 1931 4762; x_wconf 80' lang='lat' dir='ltr'><strong>vicerit,</strong></span> <span class='ocrx_word' id='word_1_352' title='bbox 1957 4699 2009 4750; x_wconf 84' lang='lat' dir='ltr'><strong>in</strong></span> <span class='ocrx_word' id='word_1_353' title='bbox 2043 4697 2267 4752; x_wconf 85' lang='lat' dir='ltr'><strong>Cantica</strong></span> <span class='ocrx_word' id='word_1_354' title='bbox 2291 4699 2618 4752; x_wconf 83' lang='lat' dir='ltr'><strong>canticorum</strong></span> <span class='ocrx_word' id='word_1_355' title='bbox 2651 4699 2763 4768; x_wconf 74' lang='lat' dir='ltr'><strong>ipse</strong></span> <span class='ocrx_word' id='word_1_356' title='bbox 2799 4713 2854 4750; x_wconf 87' lang='lat' dir='ltr'><strong>se</strong></span> <span class='ocrx_word' id='word_1_357' title='bbox 2881 4696 3026 4750; x_wconf 80' lang='lat' dir='ltr'><strong>vicit.</strong></span> <span class='ocrx_word' id='word_1_358' title='bbox 3055 4694 3199 4750; x_wconf 89' lang='lat' dir='ltr'><strong>Nam</strong></span> <span class='ocrx_word' id='word_1_359' title='bbox 3220 4695 3396 4750; x_wconf 83' lang='lat' dir='ltr'><strong>decem</strong></span> <span class='ocrx_word' id='word_1_360' title='bbox 3417 4693 3822 4753; x_wconf 76' lang='lat' dir='ltr'><strong>voluminibus</strong></span> 
     </span>
    </p>
   </div>
   <div class='ocr_carea' id='block_1_50' title="bbox 500 4789 3825 4865">
    <p class='ocr_par' dir='ltr' id='par_1_50' title="bbox 500 4789 3825 4865">
     <span class='ocr_line' id='line_1_50' title="bbox 500 4789 3825 4865; baseline -0.001 -15"><span class='ocrx_word' id='word_1_361' title='bbox 500 4794 762 4864; x_wconf 67' lang='lat' dir='ltr'><strong>explicitis</strong></span> <span class='ocrx_word' id='word_1_362' title='bbox 784 4835 798 4857; x_wconf 92' lang='lat'><strong>,</strong></span> <span class='ocrx_word' id='word_1_363' title='bbox 844 4811 960 4865; x_wconf 63' lang='lat' dir='ltr'><strong>quae</strong></span> <span class='ocrx_word' id='word_1_364' title='bbox 1004 4795 1072 4847; x_wconf 83' lang='lat' dir='ltr'><strong>ad</strong></span> <span class='ocrx_word' id='word_1_365' title='bbox 1107 4794 1290 4864; x_wconf 75' lang='lat' dir='ltr'><strong>viginti</strong></span> <span class='ocrx_word' id='word_1_366' title='bbox 1328 4810 1490 4863; x_wconf 88' lang='lat' dir='ltr'><strong>usque</strong></span> <span class='ocrx_word' id='word_1_367' title='bbox 1520 4810 1763 4848; x_wconf 83' lang='lat' dir='ltr'><strong>versuum</strong></span> <span class='ocrx_word' id='word_1_368' title='bbox 1798 4795 1969 4846; x_wconf 82' lang='lat' dir='ltr'><strong>millia</strong></span> <span class='ocrx_word' id='word_1_369' title='bbox 2001 4811 2128 4863; x_wconf 86' lang='lat' dir='ltr'><strong>pene</strong></span> <span class='ocrx_word' id='word_1_370' title='bbox 2159 4794 2495 4864; x_wconf 82' lang='lat' dir='ltr'><strong>perveniunt,</strong></span> <span class='ocrx_word' id='word_1_371' title='bbox 2548 4795 2776 4864; x_wconf 85' lang='lat' dir='ltr'><strong>primum</strong></span> <span class='ocrx_word' id='word_1_372' title='bbox 2818 4790 3163 4861; x_wconf 88' lang='lat' dir='ltr'><strong>Septuaginta</strong></span> <span class='ocrx_word' id='word_1_373' title='bbox 3196 4789 3553 4858; x_wconf 82' lang='lat' dir='ltr'><strong>lnterpretes‘,</strong></span> <span class='ocrx_word' id='word_1_374' title='bbox 3585 4790 3825 4848; x_wconf 75' lang='lat' dir='ltr'><strong>deinde</strong></span> 
     </span>
    </p>
   </div>
   <div class='ocr_carea' id='block_1_51' title="bbox 499 4884 3829 4962">
    <p class='ocr_par' dir='ltr' id='par_1_51' title="bbox 499 4884 3829 4962">
     <span class='ocr_line' id='line_1_51' title="bbox 499 4884 3829 4962; baseline -0.002 -16"><span class='ocrx_word' id='word_1_375' title='bbox 499 4893 749 4962; x_wconf 75' lang='lat' dir='ltr'><strong>Aquilam</strong></span> <span class='ocrx_word' id='word_1_376' title='bbox 777 4900 826 4945; x_wconf 89' lang='lat' dir='ltr'><strong>et</strong></span> <span class='ocrx_word' id='word_1_377' title='bbox 858 4890 1228 4960; x_wconf 83' lang='lat' dir='ltr'><strong>Symmachum</strong></span> <span class='ocrx_word' id='word_1_378' title='bbox 1255 4901 1302 4943; x_wconf 88' lang='lat' dir='ltr'><strong>et</strong></span> <span class='ocrx_word' id='word_1_379' title='bbox 1338 4889 1766 4956; x_wconf 76' lang='lat' dir='ltr'><strong>Tlteodotionem,</strong></span> <span class='ocrx_word' id='word_1_380' title='bbox 1790 4900 1838 4942; x_wconf 88' lang='lat' dir='ltr'><strong>et</strong></span> <span class='ocrx_word' id='word_1_381' title='bbox 1871 4891 1938 4943; x_wconf 85' lang='lat' dir='ltr'><strong>ad</strong></span> <span class='ocrx_word' id='word_1_382' title='bbox 1969 4900 2261 4944; x_wconf 75' lang='lat' dir='ltr'><strong>extremum</strong></span> <span class='ocrx_word' id='word_1_383' title='bbox 2290 4891 2532 4960; x_wconf 81' lang='lat' dir='ltr'><strong>quintam</strong></span> <span class='ocrx_word' id='word_1_384' title='bbox 2556 4889 2836 4943; x_wconf 83' lang='lat' dir='ltr'><strong>editionem</strong></span> <span class='ocrx_word' id='word_1_385' title='bbox 2864 4903 3022 4955; x_wconf 85' lang='lat' dir='ltr'><strong>quam</strong></span> <span class='ocrx_word' id='word_1_386' title='bbox 3054 4887 3104 4938; x_wconf 90' lang='lat' dir='ltr'><strong>in</strong></span> <span class='ocrx_word' id='word_1_387' title='bbox 3133 4886 3284 4938; x_wconf 84' lang='lat' dir='ltr'><strong>Actio</strong></span> <span class='ocrx_word' id='word_1_388' title='bbox 3313 4884 3489 4936; x_wconf 86' lang='lat' dir='ltr'><strong>littore</strong></span> <span class='ocrx_word' id='word_1_389' title='bbox 3515 4884 3829 4940; x_wconf 73' lang='lat' dir='ltr'><strong>invenisse</strong></span> 
     </span>
    </p>
   </div>
   <div class='ocr_carea' id='block_1_52' title="bbox 497 4977 3831 5054">
    <p class='ocr_par' dir='ltr' id='par_1_52' title="bbox 497 4977 3831 5054">
     <span class='ocr_line' id='line_1_52' title="bbox 497 4977 3831 5054; baseline -0.002 -15"><span class='ocrx_word' id='word_1_390' title='bbox 497 5002 552 5040; x_wconf 81' lang='lat' dir='ltr'><strong>se</strong></span> <span class='ocrx_word' id='word_1_391' title='bbox 581 4986 787 5048; x_wconf 82' lang='lat' dir='ltr'><strong>scribit,</strong></span> <span class='ocrx_word' id='word_1_392' title='bbox 811 4985 889 5037; x_wconf 90' lang='lat' dir='ltr'><strong>ita</strong></span> <span class='ocrx_word' id='word_1_393' title='bbox 915 4983 1188 5053; x_wconf 72' lang='lat' dir='ltr'><strong>magnifice</strong></span> <span class='ocrx_word' id='word_1_394' title='bbox 1208 4991 1483 5054; x_wconf 87' lang='lat' dir='ltr'><strong>aperteque</strong></span> <span class='ocrx_word' id='word_1_395' title='bbox 1511 4983 1783 5046; x_wconf 76' lang='lat' dir='ltr'><strong>disseruit,</strong></span> <span class='ocrx_word' id='word_1_396' title='bbox 1818 4992 1875 5036; x_wconf 92' lang='lat' dir='ltr'><strong>ut</strong></span> <span class='ocrx_word' id='word_1_397' title='bbox 1908 4983 2028 5036; x_wconf 85' lang='lat' dir='ltr'><strong>inde</strong></span> <span class='ocrx_word' id='word_1_398' title='bbox 2059 4983 2188 5035; x_wconf 81' lang='lat' dir='ltr'><strong>mihi</strong></span> <span class='ocrx_word' id='word_1_399' title='bbox 2214 4981 2458 5036; x_wconf 87' lang='lat' dir='ltr'><strong>videatur</strong></span> <span class='ocrx_word' id='word_1_400' title='bbox 2482 4983 2535 5036; x_wconf 88' lang='lat' dir='ltr'><strong>in</strong></span> <span class='ocrx_word' id='word_1_401' title='bbox 2561 4998 2620 5036; x_wconf 90' lang='lat' dir='ltr'><strong>eo</strong></span> <span class='ocrx_word' id='word_1_402' title='bbox 2647 4982 2963 5051; x_wconf 77' lang='lat' dir='ltr'><strong>completum</strong></span> <span class='ocrx_word' id='word_1_403' title='bbox 2984 4995 3094 5032; x_wconf 85' lang='lat' dir='ltr'><strong>esse</strong></span> <span class='ocrx_word' id='word_1_404' title='bbox 3123 4978 3262 5048; x_wconf 87' lang='lat' dir='ltr'><strong>quod</strong></span> <span class='ocrx_word' id='word_1_405' title='bbox 3281 4977 3517 5030; x_wconf 86' lang='lat' dir='ltr'><strong>dicitur:</strong></span> <span class='ocrx_word' id='word_1_406' title='bbox 3545 4993 3564 5024; x_wconf 69' lang='grc' dir='ltr'><em>ς</em></span> <span class='ocrx_word' id='word_1_407' title='bbox 3588 4977 3831 5033; x_wconf 81' lang='lat' dir='ltr'><strong>Intro-</strong></span> 
     </span>
    </p>
   </div>
   <div class='ocr_carea' id='block_1_53' title="bbox 497 5074 3830 5150">
    <p class='ocr_par' dir='ltr' id='par_1_53' title="bbox 497 5074 3830 5150">
     <span class='ocr_line' id='line_1_53' title="bbox 497 5074 3830 5150; baseline -0.003 -18"><span class='ocrx_word' id='word_1_408' title='bbox 497 5080 652 5133; x_wconf 77' lang='lat' dir='ltr'><strong>duxit</strong></span> <span class='ocrx_word' id='word_1_409' title='bbox 678 5097 754 5134; x_wconf 83' lang='lat' dir='ltr'><strong>me</strong></span> <span class='ocrx_word' id='word_1_410' title='bbox 781 5096 869 5134; x_wconf 69' lang='lat' dir='ltr'><strong>rex</strong></span> <span class='ocrx_word' id='word_1_411' title='bbox 890 5081 944 5134; x_wconf 89' lang='lat' dir='ltr'><strong>in</strong></span> <span class='ocrx_word' id='word_1_412' title='bbox 965 5077 1261 5132; x_wconf 83' lang='lat' dir='ltr'><strong>cubiculum</strong></span> <span class='ocrx_word' id='word_1_413' title='bbox 1284 5097 1436 5134; x_wconf 86' lang='lat' dir='ltr'><strong>suum</strong></span> <span class='ocrx_word' id='word_1_414' title='bbox 1451 5080 1514 5132; x_wconf 76' lang='grc'><strong>³⁷.</strong></span> <span class='ocrx_word' id='word_1_415' title='bbox 1547 5098 1563 5130; x_wconf 77' lang='grc' dir='ltr'><strong>ι</strong></span> <span class='ocrx_word' id='word_1_416' title='bbox 1587 5077 1777 5150; x_wconf 83' lang='lat' dir='ltr'><strong>Itaque</strong></span> <span class='ocrx_word' id='word_1_417' title='bbox 1799 5079 1892 5134; x_wconf 90' lang='lat' dir='ltr'><strong>illo</strong></span> <span class='ocrx_word' id='word_1_418' title='bbox 1921 5095 2074 5148; x_wconf 84' lang='lat' dir='ltr'><strong>opere</strong></span> <span class='ocrx_word' id='word_1_419' title='bbox 2098 5080 2476 5148; x_wconf 72' lang='lat' dir='ltr'><strong>prwtermisso,</strong></span> <span class='ocrx_word' id='word_1_420' title='bbox 2499 5079 2625 5148; x_wconf 87' lang='lat' dir='ltr'><strong>quia</strong></span> <span class='ocrx_word' id='word_1_421' title='bbox 2652 5077 2876 5148; x_wconf 81' lang='lat' dir='ltr'><strong>ingentis</strong></span> <span class='ocrx_word' id='word_1_422' title='bbox 2902 5085 2977 5130; x_wconf 82' lang='lat' dir='ltr'><strong>est</strong></span> <span class='ocrx_word' id='word_1_423' title='bbox 3005 5075 3119 5140; x_wconf 88' lang='lat' dir='ltr'><strong>otii,</strong></span> <span class='ocrx_word' id='word_1_424' title='bbox 3141 5074 3340 5126; x_wconf 88' lang='lat' dir='ltr'><strong>laboris</strong></span> <span class='ocrx_word' id='word_1_425' title='bbox 3361 5083 3410 5126; x_wconf 87' lang='lat' dir='ltr'><strong>et</strong></span> <span class='ocrx_word' id='word_1_426' title='bbox 3437 5082 3830 5143; x_wconf 67' lang='lat' dir='ltr'><strong>sumptu-um,</strong></span> 
     </span>
    </p>
   </div>
   <div class='ocr_carea' id='block_1_54' title="bbox 496 5168 3827 5246">
    <p class='ocr_par' dir='ltr' id='par_1_54' title="bbox 496 5168 3827 5246">
     <span class='ocr_line' id='line_1_54' title="bbox 496 5168 3827 5246; baseline -0.001 -19"><span class='ocrx_word' id='word_1_427' title='bbox 496 5184 675 5229; x_wconf 85' lang='lat' dir='ltr'><strong>tantas</strong></span> <span class='ocrx_word' id='word_1_428' title='bbox 703 5193 800 5239; x_wconf 86' lang='lat' dir='ltr'><strong>res,</strong></span> <span class='ocrx_word' id='word_1_429' title='bbox 828 5186 1078 5246; x_wconf 84' lang='lat' dir='ltr'><strong>tanquam</strong></span> <span class='ocrx_word' id='word_1_430' title='bbox 1102 5176 1318 5244; x_wconf 74' lang='lat' dir='ltr'><strong>(lignum</strong></span> <span class='ocrx_word' id='word_1_431' title='bbox 1343 5176 1395 5227; x_wconf 89' lang='lat' dir='ltr'><strong>in</strong></span> <span class='ocrx_word' id='word_1_432' title='bbox 1424 5173 1676 5228; x_wconf 87' lang='lat' dir='ltr'><strong>Latinum</strong></span> <span class='ocrx_word' id='word_1_433' title='bbox 1703 5175 1994 5246; x_wconf 73' lang='lat' dir='ltr'><strong>transferre</strong></span> <span class='ocrx_word' id='word_1_434' title='bbox 2017 5190 2337 5238; x_wconf 78' lang='lat' dir='ltr'><strong>sermonem,</strong></span> <span class='ocrx_word' id='word_1_435' title='bbox 2377 5174 2467 5228; x_wconf 84' lang='lat' dir='ltr'><strong>hos</strong></span> <span class='ocrx_word' id='word_1_436' title='bbox 2493 5174 2624 5228; x_wconf 86' lang='lat' dir='ltr'><strong>duos</strong></span> <span class='ocrx_word' id='word_1_437' title='bbox 2658 5181 2941 5234; x_wconf 88' lang='lat' dir='ltr'><strong>tractatus,</strong></span> <span class='ocrx_word' id='word_1_438' title='bbox 2982 5184 3110 5239; x_wconf 87' lang='lat' dir='ltr'><strong>quos</strong></span> <span class='ocrx_word' id='word_1_439' title='bbox 3144 5169 3198 5221; x_wconf 88' lang='lat' dir='ltr'><strong>ir.</strong></span> <span class='ocrx_word' id='word_1_440' title='bbox 3232 5183 3429 5221; x_wconf 88' lang='lat' dir='ltr'><strong>morem</strong></span> <span class='ocrx_word' id='word_1_441' title='bbox 3467 5168 3827 5237; x_wconf 78' lang='lat' dir='ltr'><strong>quotidiani</strong></span> 
     </span>
    </p>
   </div>
   <div class='ocr_carea' id='block_1_55' title="bbox 494 5268 3836 5341">
    <p class='ocr_par' dir='ltr' id='par_1_55' title="bbox 494 5268 3836 5341">
     <span class='ocr_line' id='line_1_55' title="bbox 494 5268 3836 5341; baseline -0.001 -19"><span class='ocrx_word' id='word_1_442' title='bbox 494 5269 686 5338; x_wconf 81' lang='lat' dir='ltr'><strong>eloquii</strong></span> <span class='ocrx_word' id='word_1_443' title='bbox 733 5271 964 5338; x_wconf 85' lang='lat' dir='ltr'><strong>parvulis</strong></span> <span class='ocrx_word' id='word_1_444' title='bbox 999 5270 1171 5322; x_wconf 85' lang='lat' dir='ltr'><strong>adhuc</strong></span> <span class='ocrx_word' id='word_1_445' title='bbox 1217 5270 1533 5324; x_wconf 78' lang='lat' dir='ltr'><strong>lactentibus</strong></span> <span class='ocrx_word' id='word_1_446' title='bbox 1560 5273 1894 5339; x_wconf 87' lang='lat' dir='ltr'><strong>composuit,</strong></span> <span class='ocrx_word' id='word_1_447' title='bbox 1934 5271 2165 5340; x_wconf 81' lang='lat' dir='ltr'><strong>ﬁdeliter</strong></span> <span class='ocrx_word' id='word_1_448' title='bbox 2197 5271 2364 5341; x_wconf 84' lang='lat' dir='ltr'><strong>magis</strong></span> <span class='ocrx_word' id='word_1_449' title='bbox 2396 5288 2554 5341; x_wconf 87' lang='lat' dir='ltr'><strong>quam</strong></span> <span class='ocrx_word' id='word_1_450' title='bbox 2595 5279 2780 5324; x_wconf 84' lang='lat' dir='ltr'><strong>ornate</strong></span> <span class='ocrx_word' id='word_1_451' title='bbox 2821 5269 3196 5336; x_wconf 80' lang='lat' dir='ltr'><strong>interpretatus</strong></span> <span class='ocrx_word' id='word_1_452' title='bbox 3223 5281 3378 5330; x_wconf 79' lang='lat' dir='ltr'><strong>sum,</strong></span> <span class='ocrx_word' id='word_1_453' title='bbox 3420 5273 3644 5332; x_wconf 79' lang='lat' dir='ltr'><strong>gustum</strong></span> <span class='ocrx_word' id='word_1_454' title='bbox 3697 5268 3836 5322; x_wconf 75' lang='lat' dir='ltr'><strong>tibi</strong></span> 
     </span>
    </p>
   </div>
   <div class='ocr_carea' id='block_1_56' title="bbox 491 5357 3832 5436">
    <p class='ocr_par' dir='ltr' id='par_1_56' title="bbox 491 5357 3832 5436">
     <span class='ocr_line' id='line_1_56' title="bbox 491 5357 3832 5436; baseline -0 -22"><span class='ocrx_word' id='word_1_455' title='bbox 491 5377 737 5415; x_wconf 82' lang='lat' dir='ltr'><strong>sensuum</strong></span> <span class='ocrx_word' id='word_1_456' title='bbox 767 5361 900 5430; x_wconf 81' lang='lat' dir='ltr'><strong>ejus,</strong></span> <span class='ocrx_word' id='word_1_457' title='bbox 927 5380 1027 5416; x_wconf 85' lang='lat' dir='ltr'><strong>non</strong></span> <span class='ocrx_word' id='word_1_458' title='bbox 1056 5364 1229 5416; x_wconf 85' lang='lat' dir='ltr'><strong>cibum</strong></span> <span class='ocrx_word' id='word_1_459' title='bbox 1254 5363 1494 5430; x_wconf 72' lang='lat' dir='ltr'><strong>offerens.</strong></span> <span class='ocrx_word' id='word_1_460' title='bbox 1527 5363 1604 5418; x_wconf 89' lang='lat' dir='ltr'><strong>Tu</strong></span> <span class='ocrx_word' id='word_1_461' title='bbox 1628 5366 2020 5420; x_wconf 86' lang='lat' dir='ltr'><strong>animadvertas</strong></span> <span class='ocrx_word' id='word_1_462' title='bbox 2050 5367 2234 5436; x_wconf 88' lang='lat' dir='ltr'><strong>quanti</strong></span> <span class='ocrx_word' id='word_1_463' title='bbox 2261 5367 2366 5422; x_wconf 87' lang='lat' dir='ltr'><strong>sint</strong></span> <span class='ocrx_word' id='word_1_464' title='bbox 2390 5366 2487 5421; x_wconf 87' lang='lat' dir='ltr'><strong>illa</strong></span> <span class='ocrx_word' id='word_1_465' title='bbox 2513 5364 2829 5422; x_wconf 62' lang='lat' dir='ltr'><strong>aestimanda</strong></span> <span class='ocrx_word' id='word_1_466' title='bbox 2859 5378 2978 5432; x_wconf 77' lang='lat' dir='ltr'><strong>qua:</strong></span> <span class='ocrx_word' id='word_1_467' title='bbox 3002 5377 3193 5432; x_wconf 83' lang='lat' dir='ltr'><strong>magna</strong></span> <span class='ocrx_word' id='word_1_468' title='bbox 3217 5369 3363 5427; x_wconf 85' lang='lat' dir='ltr'><strong>sunt,</strong></span> <span class='ocrx_word' id='word_1_469' title='bbox 3394 5373 3512 5412; x_wconf 87' lang='lat' dir='ltr'><strong>cum</strong></span> <span class='ocrx_word' id='word_1_470' title='bbox 3551 5357 3634 5410; x_wconf 80' lang='lat' dir='ltr'><strong>sic</strong></span> <span class='ocrx_word' id='word_1_471' title='bbox 3650 5374 3832 5427; x_wconf 81' lang='lat' dir='ltr'><strong>pos-</strong></span> 
     </span>
    </p>
   </div>
   <div class='ocr_carea' id='block_1_57' title="bbox 490 5456 1343 5528">
    <p class='ocr_par' dir='ltr' id='par_1_57' title="bbox 490 5456 1343 5528">
     <span class='ocr_line' id='line_1_57' title="bbox 490 5456 1343 5528; baseline 0.008 -22"><span class='ocrx_word' id='word_1_472' title='bbox 490 5458 597 5514; x_wconf 60' lang='lat' dir='ltr'><strong>sint</strong></span> <span class='ocrx_word' id='word_1_473' title='bbox 630 5456 836 5526; x_wconf 83' lang='lat' dir='ltr'><strong>placere</strong></span> <span class='ocrx_word' id='word_1_474' title='bbox 863 5475 980 5526; x_wconf 68' lang='lat' dir='ltr'><strong>qua:</strong></span> <span class='ocrx_word' id='word_1_475' title='bbox 1011 5475 1172 5528; x_wconf 85' lang='lat' dir='ltr'><strong>parva</strong></span> <span class='ocrx_word' id='word_1_476' title='bbox 1199 5469 1343 5514; x_wconf 85' lang='lat' dir='ltr'><strong>sunt.</strong></span> 
     </span>
    </p>
   </div>
   <div class='ocr_carea' id='block_1_58' title="bbox 560 5610 952 5677">
    <p class='ocr_par' dir='ltr' id='par_1_58' title="bbox 560 5610 952 5677">
     <span class='ocr_line' id='line_1_58' title="bbox 560 5610 952 5677; baseline -0.003 -13"><span class='ocrx_word' id='word_1_477' title='bbox 560 5610 603 5642; x_wconf 85' lang='grc'><strong>⁸⁷</strong></span> <span class='ocrx_word' id='word_1_478' title='bbox 639 5610 797 5665; x_wconf 87' lang='lat' dir='ltr'><strong>Cant.</strong></span> <span class='ocrx_word' id='word_1_479' title='bbox 830 5627 868 5677; x_wconf 88' lang='grc' dir='ltr'>ι,</span> <span class='ocrx_word' id='word_1_480' title='bbox 903 5613 952 5664; x_wconf 77' lang='grc'><strong>3.</strong></span> 
     </span>
    </p>
   </div>
   <div class='ocr_carea' id='block_1_59' title="bbox 551 5765 2006 5840">
    <p class='ocr_par' dir='ltr' id='par_1_59' title="bbox 551 5765 2006 5840">
     <span class='ocr_line' id='line_1_59' title="bbox 551 5765 2006 5840; baseline 0.003 -20"><span class='ocrx_word' id='word_1_481' title='bbox 551 5765 627 5838; x_wconf 71' lang='lat'><strong>(‘2)</strong></span> <span class='ocrx_word' id='word_1_482' title='bbox 667 5765 856 5824; x_wconf 77' lang='lat' dir='ltr'><strong>Exstat</strong></span> <span class='ocrx_word' id='word_1_483' title='bbox 901 5771 1002 5822; x_wconf 79' lang='lat' dir='ltr'><strong>hoe</strong></span> <span class='ocrx_word' id='word_1_484' title='bbox 1039 5768 1400 5839; x_wconf 77' lang='lat' dir='ltr'><strong>fragmentum</strong></span> <span class='ocrx_word' id='word_1_485' title='bbox 1440 5769 1749 5825; x_wconf 69' lang='lat' dir='ltr'><strong>Pliilocalias</strong></span> <span class='ocrx_word' id='word_1_486' title='bbox 1797 5785 1917 5840; x_wconf 87' lang='lat' dir='ltr'><strong>cap.</strong></span> <span class='ocrx_word' id='word_1_487' title='bbox 1955 5771 2006 5825; x_wconf 91' lang='lat'><strong>7.</strong></span> 
     </span>
    </p>
   </div>
  </div>
