3872 6518
133 367 187 429 57
1212 397 1223 403 ν
1476 362 1590 420 ΗοΕ

1696 362 1757 418 l.\
1796 362 1839 420 1.
3222 364 3294 425 58

1207 732 2116 893 ORIGENIS

543 1033 702 1158 IN
797 1028 1618 1162 CANTICUM
1733 1029 2043 1162 CAN
2057 1033 2769 1164 TICORUM

1075 1292 1689 1431 HOMILIA
1803 1295 2248 1407 PRIMA

566 1532 1341 1625 INTERPRETE
1417 1531 1716 1631 DIVO
1787 1533 2538 1628 HIEBONYMO
2613 1520 2755 1645 (⁵).

160 1880 234 1952 ιε
257 1881 511 1950 Quomodo
536 1881 835 1939 didicimus
863 1899 955 1955 per
979 1882 1166 1943 Mosen
1194 1887 1445 1958 quaedam
1477 1902 1601 1945 esse
1630 1893 1675 1950 Α
1704 1884 1965 1956 fortitudo
1990 1902 2128 1953 mea,
2145 1896 2196 1942 et
2220 1887 2486 1957 refugium
2509 1905 2700 1953 meum,
2723 1900 2771 1944 cl
2788 1889 3041 1945 liberator
3056 1907 3199 1947 meus
3216 1889 3284 1947 δ’.

110 1992 183 2031 non
203 1976 339 2031 solum
366 1985 569 2043 sancta,
598 1977 696 2034 sed
723 1985 780 2034 et
801 1975 1004 2036 Sancta
1032 1989 1348 2037 sanctorum
1369 2025 1384 2049 ,
1416 1991 1471 2037 et
1490 1982 1598 2038 alia

110 2083 182 2122 non
198 2074 361 2123 tantum
377 2068 636 2137 Sabbata,
654 2070 750 2127 sed
766 2080 821 2127 et
842 2069 1077 2128 Sabbata
1091 2073 1448 2130 sabbatorum
1473 2092 1489 2140 ;
1517 2075 1598 2132 sic

108 2177 209 2216 nunc
242 2163 468 2220 docemur
507 2166 789 2223 scribente
834 2168 1130 2226 Salomone
1171 2186 1295 2227 esse
1344 2172 1595 2242 quaedam

105 2267 179 2308 non
213 2256 352 2311 solum
396 2259 605 2315 cantica
631 2300 648 2326 ,
709 2261 804 2318 sed
848 2270 903 2317 et
952 2261 1179 2319 Cantica
1229 2265 1594 2321 canticorum.

104 2347 247 2405 Beatus
262 2353 449 2421 quidem
481 2354 527 2408 is
555 2354 656 2424 qui
690 2354 992 2426 ingreditur
1018 2369 1231 2424 sancta,
1264 2357 1359 2412 sed
1384 2357 1597 2412 beatior

101 2443 163 2511 qui
187 2443 437 2514 ingreditur
462 2444 670 2502 Sancta
710 2450 1049 2503 Sanctorum.
1087 2447 1285 2504 Beatus
1329 2448 1422 2519 qui
1464 2450 1596 2505 sab-

100 2536 182 2591 bata
205 2537 492 2604 sabbatizat,
519 2539 621 2595 sed
658 2539 869 2595 beatior
898 2539 994 2609 qui
1033 2538 1342 2595 sabbatizat
1395 2540 1595 2595 sabba-

100 2637 222 2682 torum
249 2628 475 2686 Sabbata.
508 2630 720 2686 Beatus
750 2631 1004 2688 similiter
1030 2639 1086 2686 et
1123 2631 1170 2686 is
1199 2632 1295 2704 qui
1341 2632 1596 2703 intelligit

99 2717 252 2773 cantica
285 2731 332 2777 et
359 2723 498 2779 canit
523 2738 598 2779 ea
631 2742 645 2779 :
681 2738 843 2778 nemo
872 2722 1075 2793 quippe
1106 2724 1215 2779 nisi
1248 2723 1303 2779 in
1338 2724 1597 2780 solemni-

96 2813 239 2869 tatibus
279 2816 407 2871 canit
442 2834 456 2870 :
491 2816 597 2872 sed
660 2817 833 2872 multo
887 2817 1101 2872 beatior
1156 2815 1248 2871 ille
1298 2815 1392 2886 qui
1446 2816 1595 2872 canit

94 2903 252 2961 Cantica
278 2907 629 2963 canticorum.
674 2907 741 2962 Et
785 2909 930 2964 sicut
973 2909 1020 2964 is
1050 2908 1145 2979 qui
1189 2908 1496 2981 ingreditur
1536 2909 1592 2963 in

97 2992 235 3050 Sancta
256 3036 269 3061 ,
300 2998 530 3068 pluribus
571 2999 754 3055 adhuc
794 2999 1033 3071 indiget,
1070 3008 1129 3054 ut
1161 3000 1337 3056 valeat
1366 3000 1594 3055 introire

95 3088 130 3139 in
157 3087 310 3145 Sancta
354 3102 717 3160 sanctorum;
764 3100 819 3148 et
864 3093 958 3162 qui
1002 3092 1301 3147 Sahbatum
1352 3093 1594 3149 celebrat

95 3182 192 3248 quod
215 3197 240 3236 a
263 3183 474 3240 Domino
508 3185 722 3257 popqu
762 3186 1121 3241 constitutum
1150 3194 1262 3252 est,
1293 3186 1464 3241 multa
1494 3187 1591 3241 ad-

1704 1977 2135 2034 Perveniendum
2162 1980 2257 2033 tibi
2281 1989 2366 2035 est
2390 1980 2456 2034 ad
2491 1979 2708 2045 Isaiam,
2732 1991 2791 2035 nt
2813 1998 2938 2036 cum
2969 1983 3061 2036 illo
3087 1984 3280 2038 dicas:

1699 2068 1940 2125 Cantabo
1976 2071 2242 2124 canticum
2273 2070 2465 2125 dilecto
2509 2072 2585 2141 (4)
2615 2074 2775 2127 vincte
2803 2090 2929 2127 male
2956 2073 3022 2126 ".
3065 2072 3130 2127 Et
3156 2089 3283 2129 cum

1699 2164 1955 2220 universa
1985 2164 2293 2228 transieris,
2324 2165 2391 2218 ad
2426 2164 2620 2220 altiora
2647 2167 2974 2230 conscende,
3013 2175 3073 2221 ut
3100 2168 3283 2235 possis

1696 2255 1878 2311 anima
1909 2256 2108 2311 decora
2138 2269 2263 2309 cum
2294 2268 2530 2325 sponso,
2556 2256 2738 2311 ethoc
2768 2272 2962 2311 canere
2995 2256 3284 2312 Canticum

1696 2349 2059 2405 canticorum.
2102 2346 2207 2402 Sed
2237 2356 2371 2417 quot
2394 2363 2458 2402 ex
2489 2350 2737 2417 personis
2763 2358 2998 2415 constet,
3041 2349 3285 2405 incertus

1697 2455 1844 2497 sum.
1881 2439 2181 2495 Orantibns
2210 2448 2392 2495 autem
2416 2438 2596 2504 vobis,
2623 2447 2678 2493 et
2711 2440 2983 2495 revelante
3027 2439 3282 2506 Domino,

1696 2540 1936 2602 quatuor
1968 2530 2101 2584 mihi
2135 2530 2187 2584 in
2219 2530 2307 2586 his
2338 2529 2526 2585 videor
2578 2529 2853 2587 invenisse
2880 2545 3166 2601 personas,
3197 2530 3283 2584 vi-

1700 2637 1818 2676 rum
1844 2632 1899 2675 et
1925 2636 2186 2690 sponsam
2205 2661 2222 2687 ,
2255 2636 2380 2676 cum
2410 2635 2612 2691 sponsa
2652 2622 3107 2687 adolescentulas,
3153 2638 3280 2678 cum

1698 2728 1905 2783 sponso
1936 2712 2207 2767 sodalium
2254 2727 2465 2784 greges.
2516 2712 2635 2768 Alia
2678 2713 2936 2770 dicuntur
2983 2730 3014 2768 a
3056 2730 3281 2784 sponsa,

1696 2805 1804 2860 alla
1846 2821 1878 2860 a
1919 2820 2160 2875 sponso,
2199 2804 2462 2860 nonnulla
2503 2821 2533 2860 a
2569 2805 2911 2875 juveneulis,
2964 2807 3211 2879 quaedam
3251 2822 3283 2862 a

1695 2897 1978 2954 sodalibus
2040 2897 2253 2967 sponsi.
2315 2897 2632 2969 Congruum
2701 2898 2901 2969 quippe
2956 2907 3038 2954 est
3108 2907 3169 2954 ut
3225 2900 3283 2954 in

1697 2990 1901 3060 nuptiis
1925 2990 2455 3047 adolescentularum
2478 2991 2552 3047 sit
2576 2991 2867 3047 multitudo
2896 3008 3021 3047 cum
3049 3007 3278 3064 sponsa,

1690 3082 1955 3153 juvenum
1992 3083 2150 3139 turba
2181 3100 2306 3139 cum
2354 3099 2578 3152 sponso.
2630 3082 2758 3139 Haec
2784 3085 2968 3139 omnia
3002 3084 3112 3140 noli
3146 3084 3280 3139 foris

1696 3192 1961 3246 quaerere,
1998 3176 2110 3231 noli
2138 3184 2293 3231 extra
2320 3191 2416 3232 eos
2449 3176 2543 3246 qui
2574 3176 2960 3246 praedicatione
2998 3175 3277 3247 Evangelii

92 3272 162 3328 huc
190 3279 459 3334 necessaria
508 3251 685 3335 habe.
707 3319 722 3344 ν
774 3287 834 3334 ιη
867 3289 991 3350 agat
1043 3251 1281 3335 Sabura
1330 3251 1665 3336 sabbato,"
1697 3269 1889 3324 salvati
1922 3278 2070 3324 sunt.
2096 3268 2377 3325 Christum
2408 3285 2670 3340 sponsum
2696 3269 3274 3340 intellige,Ecclesiam

92 3380 199 3432 Tum;
231 3370 393 3425 eodem
457 3372 636 3428 modo
685 3371 900 3427 diﬂicile
947 3372 1217 3443 reperitur
1264 3373 1357 3442 qui
1404 3372 1590 3428 omnia

88 3473 170 3526 qua
202 3461 244 3515 in
284 3461 580 3533 Scripturis
628 3464 980 3519 continentur
1010 3465 1223 3519 cantica
1257 3480 1587 3536 peragrans,

90 3552 211 3605 tabat
252 3556 526 3611 ascendere
580 3557 649 3612 ad
696 3556 917 3613 Cantica
969 3560 1333 3614 canticorum.
1390 3559 1588 3629 Egredi

87 3655 236 3710 uertet
259 3664 315 3703 ex
344 3647 623 3721 Egypto,
667 3658 722 3705 et
751 3665 1036 3722 egressum
1072 3651 1140 3705 de
1180 3663 1325 3706 terra
1369 3650 1588 3722 Egypti

87 3739 336 3800 pertransire
364 3757 513 3797 mare
546 3741 836 3807 Rubrum,
872 3751 933 3797 ut
977 3743 1157 3813 possis
1187 3743 1426 3813 primum
1458 3758 1591 3798 can-

84 3828 199 3883 ticum
230 3847 419 3898 canere,
449 3834 649 3891 dicens
684 3851 696 3886 :
734 3832 1022 3889 Cantemus
1057 3834 1316 3900 Domino,
1364 3835 1591 3906 gloriose

83 3920 176 3973 enim
196 3926 530 3995 magniﬁcatus
584 3926 744 3982 est”.
775 3925 927 3982 Licet
952 3935 1136 3982 autem
1171 3927 1409 3998 primum
1435 3929 1591 3983 dixe-

83 4011 132 4066 ris
155 4018 413 4086 canticum,
463 4022 656 4077 adhuc
704 4021 864 4092 longe
904 4037 966 4077 es
1000 4037 1031 4076 a
1066 4019 1298 4077 Cantico
1345 4023 1590 4078 cantico-

86 4119 182 4161 rum.
206 4107 500 4168 Perambula
533 4120 745 4169 terram
781 4112 982 4169 deserti
1032 4112 1383 4183 spiritaliter,
1411 4115 1590 4169 donec

86 4202 210 4258 venias
233 4207 289 4261 ad
320 4216 539 4277 puteum
578 4222 747 4278 quem
778 4205 1037 4263 foderunt
1069 4220 1224 4275 reges
1244 4245 1259 4270 ,
1293 4214 1352 4260 ut
1397 4205 1471 4260 ibi
1503 4219 1590 4260 se-

85 4293 252 4349 cundum
280 4298 549 4354 canticum
587 4312 781 4353 canas.
825 4296 1075 4352 Posthac
1119 4295 1245 4351 veni
1291 4295 1360 4350 ad
1415 4294 1589 4351 vicina

83 4396 221 4442 sancta:
245 4398 405 4459 terrai,
438 4401 502 4447 nt
530 4407 703 4462 super
731 4390 989 4446 Iordanis
1032 4390 1208 4460 ripam
1257 4388 1591 4445 constitutus

84 4482 209 4529 tantes
234 4480 490 4535 canticum
527 4480 694 4545 Mosi,
723 4480 911 4536 dicens
946 4496 961 4533 :
998 4480 1225 4534 Attende
1243 4519 1258 4543 ,
1286 4478 1474 4534 caelum
1495 4512 1511 4544 ,
1538 4487 1589 4533 et

1696 3375 1957 3431 sponsam
2005 3360 2126 3416 sine
2173 3362 2386 3416 macula
2435 3374 2490 3417 et
2527 3377 2697 3432 ruga,
2741 3360 2810 3416 de
2855 3376 2962 3431 qua
3013 3361 3279 3431 scriptum

1694 3434 1779 3534 cit
1812 3468 1826 3505 :
1869 3450 1937 3507 Ut
1964 3451 2226 3507 exhiberet
2264 3453 2366 3506 sibi
2393 3453 2680 3523 gloriosam
2725 3452 3023 3508 Ecclesium
3052 3470 3154 3509 non
3182 3454 3281 3509 Ita—

1695 3545 1897 3605 benteat
1922 3546 2188 3600 maculam
2207 3587 2222 3611 ,
2257 3563 2422 3616 neque
2452 3562 2670 3617 rugam,
2698 3556 2794 3600 aut
2825 3546 3029 3617 aliquid
3056 3564 3237 3601 eorum
3261 3588 3276 3609 ,

1694 3640 1783 3694 sed
1824 3650 1882 3693 ut
1912 3641 1982 3693 sit
2026 3649 2214 3694 sancta
2264 3650 2314 3694 et
2366 3639 2796 3694 immaculata".
2843 3638 2953 3696 Eos
3001 3656 3133 3696 vero
3183 3643 3277 3709 qui

1693 3748 1822 3789 cum
1854 3734 1966 3787 sint
1994 3733 2204 3798 fideles,
2237 3748 2344 3788 non
2373 3740 2502 3788 sunt
2530 3741 2711 3787 tamen
2741 3732 3053 3789 iStiusmodi
3088 3734 3278 3803 quales

1694 3841 1878 3883 sermo
1923 3825 2183 3897 praefatus
2223 3836 2343 3892 est,
2391 3827 2485 3882 sed
2523 3826 2680 3895 juxta
2730 3824 2953 3880 modum
2984 3826 3278 3895 quemdam

1692 3917 1876 3988 adepti
1923 3918 2176 3973 videntur
2217 3918 2482 3981 salutem,
2530 3916 2904 3973 animadverte
2936 3917 3276 3973 credentium

1692 4013 1908 4069 animas
1936 4021 1989 4067 et
2017 4011 2456 4068 adolescentulus
2477 4025 2601 4066 esse
2629 4026 2754 4065 cum
2788 4024 3012 4082 sponsa.
3038 4011 3278 4081 Angelus

1691 4121 1854 4170 vero,
1882 4115 1937 4161 et
1969 4120 2066 4160 eos
2097 4104 2193 4174 qni
2238 4111 2605 4173 pervenerunt
2637 4103 2691 4157 in
2720 4103 2899 4157 virum
2928 4101 3230 4172 perfectura
3258 4143 3274 4166 ,

1693 4201 1933 4271 intelligo
1959 4201 2107 4255 viros
2129 4215 2255 4255 cum
2287 4213 2510 4269 sponso.
2553 4196 2682 4253 Inde
2714 4197 2879 4270 igitur
2916 4198 3057 4252 mihi
3082 4197 3276 4252 viden-

1693 4306 1783 4350 tur
1815 4301 2054 4363 quatuor
2090 4291 2341 4354 ordines,
2383 4306 2553 4346 unum
2583 4295 2639 4345 et
2674 4305 2874 4356 unam,
2906 4290 3045 4345 duos
3074 4289 3277 4345 choros

1692 4386 1837 4441 inter
1877 4400 1937 4441 se
1976 4383 2361 4449 concinentes,
2410 4397 2670 4453 sponsam
2703 4397 2900 4437 canere
2927 4397 3049 4437 cum
3084 4380 3278 4451 juven-

1696 4479 1854 4545 culis,
1888 4493 2153 4549 sponsum
2190 4492 2388 4532 canere
2420 4491 2544 4532 cum
2579 4474 2764 4531 sociis.
2805 4473 2867 4530 Et
2906 4489 3031 4529 cum
3062 4475 3167 4530 hoc
3193 4474 3276 4528 in-

80 4558 230 4633 ίαμετ,
254 4581 298 4623 et
329 4572 519 4626 audiat
557 4581 704 4626 terra
754 4570 912 4625 verba
954 4571 1063 4625 oris
1109 4570 1291 4625 mei”.
1343 4568 1586 4625 Rursum
1619 4600 1663 4663 ο
1695 4572 1989 4637 tellexeris,
2021 4570 2151 4626 audi
2184 4570 2474 4625 Canticum
2502 4568 2866 4632 canticorum,
2889 4575 2943 4621 et
2971 4565 3168 4623 festina
3203 4567 3279 4621 in-

86 4653 197 4712 hibes
230 4665 590 4719 necessarium
638 4674 698 4719 ut
745 4664 946 4719 milites
968 4704 983 4728 ,
1014 4672 1069 4719 et
1103 4673 1304 4718 terram
1336 4671 1587 4718 sanctam

84 4747 315 4812 hereditate
341 4758 658 4829 possideas,
689 4768 744 4813 et
772 4760 892 4829 apis
922 4759 1022 4814 tibi
1053 4758 1359 4828 pr0phetet,
1383 4764 1439 4811 et
1471 4755 1591 4825 apis

83 4851 115 4893 ιε
138 4843 300 4911 iudicet
325 4869 339 4904 :
370 4850 633 4906 Debbora
658 4851 861 4921 quippe
891 4850 1012 4920 apis
1056 4850 1448 4918 interpretatur
1473 4863 1489 4901 :
1528 4854 1591 4901 ut

79 4940 263 5000 possint
287 4943 415 5001 illud
448 4958 704 5009 carmen,
730 4942 877 5013 quod
910 4942 966 4997 in
996 4941 1139 5023 librp
1171 4939 1426 4996 Judicum
1453 4954 1591 4995 con-

80 5029 291 5100 tinetur”,
317 5038 558 5094 edicere.
584 5038 666 5093 Ad
693 5036 1005 5109 Regnorum
1033 5035 1293 5106 deinceps
1327 5034 1587 5089 volumen

77 5128 303 5186 ascendens
328 5133 451 5188 veni
486 5132 560 5186 ad
586 5132 856 5187 canticum
888 5130 1112 5201 quando
1142 5127 1313 5182 David
1350 5126 1487 5197 fugit
1518 5125 1588 5180 de

76 5222 259 5280 manibus
293 5227 547 5280 omnium
582 5226 927 5281 inimicorum
963 5238 1190 5279 suorum
1219 5230 1273 5276 et
1309 5222 1378 5276 de
1418 5234 1587 5275 manu

77 5305 187 5377 339'.
227 5326 274 5372 et
321 5320 459 5374 dixit
498 5336 513 5374 :
553 5317 805 5372 Dominus
852 5317 1247 5387 ﬁrmamentum
1280 5328 1487 5381 meum,
1536 5320 1587 5366 et

1700 4662 1944 4733 telligcre
1976 4662 2106 4716 illud
2130 4669 2184 4715 et
2216 4676 2343 4716 cum
2372 4674 2575 4729 sponsa
2608 4657 2792 4714 dicere
2823 4673 2886 4712 ea
2920 4672 3044 4728 quae
3072 4672 3274 4727 sponsa

1692 4756 1869 4821 dicit,
1912 4762 1971 4809 ut
2000 4752 2194 4810 audias
2220 4769 2344 4823 quae
2384 4751 2595 4808 audivit
2636 4760 2692 4806 et
2731 4766 2954 4821 sponsa.
3002 4749 3057 4805 Si
3089 4760 3272 4806 autem

1695 4862 1804 4903 non
1842 4846 2087 4917 potueris
2117 4846 2299 4901 dicere
2337 4861 2464 4901 cum
2500 4859 2703 4914 sponsa
2744 4858 2866 4914 quas
2900 4842 3055 4907 dixit,
3084 4853 3145 4898 ut
3172 4859 3274 4897 au-

1692 4940 1813 4995 dias
1849 4953 1911 4994 ea
1945 4954 2069 5008 qua:
2110 4938 2257 4993 dicta
2304 4945 2434 4992 sunt
2486 4950 2733 5006 sponsae,
2782 4935 2980 4991 festina
3022 4935 3105 4989 vel
3149 4950 3274 4988 cum

1694 5031 1883 5103 sponsi
1922 5031 2207 5087 sodalibus
2250 5029 2387 5085 tieri.
2436 5028 2608 5083 Porro
2642 5029 2687 5083 si
2717 5038 2772 5083 et
2800 5027 2908 5082 illis
2936 5024 3163 5081 inferior
3193 5041 3274 5090 es,

1696 5137 1818 5182 esto
1848 5140 1974 5181 cum
2019 5121 2480 5189 adolescentulis,
2526 5136 2650 5191 quae
2710 5122 2764 5174 in
2812 5134 3027 5189 sponsa:
3065 5119 3277 5175 deliciis

1696 5223 2128 5273 commorantur.
2170 5211 2265 5268 Ha:
2299 5211 2500 5283 quippe
2544 5212 2598 5265 in
2634 5211 2737 5265 hoc
2770 5210 2934 5275 libro,
2968 5208 3150 5264 fabula
3182 5226 3280 5279 pa-

1699 5311 1853 5376 riter,
1884 5317 1941 5365 et
1963 5306 2319 5381 epithalamio
2346 5314 2477 5361 sunt
2506 5316 2754 5375 persona:
2785 5320 2799 5357 :
2832 5319 2896 5358 ex
2925 5317 3035 5372 quo
3061 5311 3116 5357 et
3151 5320 3278 5373 gen-

114 5467 145 5499 ³⁶
172 5469 322 5530 Exod.
354 5493 449 5543 xv,
492 5477 549 5530 1.
625 5476 670 5508 “
709 5476 867 5532 Deut.
892 5488 1073 5541 ‘xxxn,
1112 5476 1165 5530 Ι.
1240 5474 1286 5506 ⁸ο
1314 5472 1493 5530 Judic.
1532 5488 1584 5529 ν.

1696 5471 1703 5504 ι
1730 5469 1775 5525 ll
1802 5469 1939 5541 Reg.
1971 5484 2109 5535 χιιι,
2138 5467 2195 5524 ‘2.
2276 5466 2321 5499 ’δ’
2345 5464 2452 5522 Isa.
2489 5481 2541 5532 v,
2569 5464 2621 5519 l.
2698 5462 2745 5496 “
2779 5462 2978 5534 Ephes.
3004 5478 3056 5529 v,
3077 5462 3168 5518 27.

84 5612 164 5684 ,(5)
194 5614 405 5674 Coliatte
434 5626 577 5675 sunt
617 5619 697 5673 ha:
744 5619 982 5675 homilia:
1008 5635 1133 5675 cum
1181 5634 1315 5673 mss.
1352 5616 1373 5671 ι
1410 5616 1577 5672 abba-

70 5688 122 5759 ιξῑ
152 5684 198 5759 S.
227 5686 365 5744 Petri
399 5691 472 5746 de
519 5689 822 5745 Selincurle
849 5692 1058 5746 ordinis
1088 5690 1580 5745 l‘raetnonstraten-

156 5758 171 5808 l
197 5762 436 5817 ecclesia:
468 5761 804 5817 cathedralis
854 5762 1261 5830 Laudnnensis,
1296 5761 1319 5814 l
1359 5759 1579 5829 Maioris

71 5817 330 5899 Ionasterii,
367 5835 393 5886 l
436 5833 759 5890 monasterii
795 5831 1100 5891 Bcccensis.

1758 5612 1835 5685 (4)
1878 5610 1978 5685 Sig
1995 5610 2158 5665 habet
2192 5608 2363 5685 codex
2388 5604 2852 5685 Selincnrtianus.
2885 5601 3277 5685 Laudunensis
3360 5606 3361 5609 “

1688 5675 1904 5740 νρι’“υ’ρι
1937 5680 2317 5747 Turonensis,
2369 5678 2643 5733 dilectum.
2696 5675 2846 5731 Libri
2900 5682 3060 5729 antea
3115 5678 3266 5741 editi,

1690 5756 1917 5810 dilectte.
