3872 6538
528 315 600 374 39
1612 309 2004 368 ORIGENlSlN
2031 308 2396 370 CANTICUM
2436 314 2711 375 canna.
3716 328 3778 383 to

528 411 653 466 tiles
676 407 781 465 srbi
807 404 1221 477 epithalamium
1239 405 1608 473 vindicarunt,
1626 417 1679 463 et
1708 409 1866 464 istius
1896 408 2111 478 generis
2140 410 2188 468 Α
2216 409 2381 465 modo
2407 421 2493 468 est
2516 414 2739 483 quidam
2776 418 3016 476 carnalis
3043 419 3221 489 cibus,
3244 429 3302 478 et
3330 421 3471 478 alius
3502 422 3776 495 spirltalis;

529 518 749 560 carmen
783 510 1127 572 assumptmn
1156 510 1241 557 est
1266 501 1365 571 (5).
1391 499 1811 571 Epithalamium
1836 501 2105 571 siquidem

526 596 816 651 Canticum
866 596 1229 649 canticorum.
1285 593 1529 648 Primum
1586 609 1786 664 sponsa
1846 603 1999 658 orat,
2053 604 2109 649 ct

529 690 712 744 statim
746 689 797 742 in
827 688 1021 745 mediis
1049 687 1302 757 precibus
1332 688 1571 743 auditur.
1606 686 1763 743 Videt
1788 695 2107 757 praesentem

531 797 817 852 sponsum,
846 780 993 834 videt
1032 778 1470 835 adolescentulas
1492 795 1594 835 suo
1623 780 1906 836 comitatui
1934 796 2107 853 copu-

531 874 689 927 latas.
737 871 939 925 Deinde
984 870 1272 939 respondet
1298 870 1346 924 ei
1378 885 1653 939 sponsus:
1685 879 1739 925 et
1768 880 1892 941 post
1920 873 2107 943 sponsi

529 966 745 1035 eloquia
769 1005 785 1031 ,
819 965 949 1017 dum
982 963 1069 1015 ille
1113 977 1213 1032 pro
1246 962 1363 1032 ejus
1394 963 1595 1030 patitur
1637 963 1843 1026 salute,
1879 978 2109 1034 respon—

528 1059 659 1113 dent
706 1058 951 1124 sodales,
1005 1056 1179 1110 donec
1225 1071 1463 1126 sponsus
1490 1057 1563 1112 sit
1594 1057 1648 1112 in
1681 1057 1928 1112 recubitu
1949 1099 1965 1123 ,
2001 1067 2051 1112 ct
2078 1072 2107 1112 ι

528 1152 784 1220 passione
814 1157 1143 1219 consurgat,
1166 1164 1225 1202 se
1252 1149 1498 1217 qumdam
1534 1166 1750 1221 sponsa:
1784 1161 2110 1208 ornamenta

529 1244 792 1299 facturos.

596 1340 652 1393 2.
694 1337 895 1392 Verum
937 1336 1049 1407 jam
1086 1336 1203 1406 ipsa
1232 1336 1393 1391 verba
1426 1337 1673 1406 ponenda
1707 1345 1869 1404 sunt,
1904 1338 1958 1393 in
1990 1339 2113 1408 qui-

528 1433 631 1488 bus
661 1449 811 1502 prtus
844 1448 945 1485 vox
978 1446 1195 1501 sponsa:
1225 1431 1568 1499 deprecantis
1602 1431 1840 1485 auditur.
1878 1430 2034 1501 (Cap.
2073 1447 2110 1497 ι,

526 1542 670 1582 vers.
695 1525 880 1595 1:)13
901 1523 1180 1578 Osculetur
1195 1538 1274 1576 me
1292 1522 1470 1576 osculo
1488 1525 1594 1577 oris
1617 1540 1720 1577 sui.
1739 1522 1984 1590 Quorum
2013 1523 2115 1578 iste

526 1629 611 1675 est
648 1635 843 1675 sensus
872 1638 885 1673 :
913 1618 1212 1687 Quousque
1256 1633 1495 1688 sponsus
1536 1632 1692 1671 meus
1723 1616 1889 1671 mittit
1921 1618 2111 1673 oscula

528 1728 623 1781 per
648 1712 874 1775 Mnsem,
905 1712 1069 1765 mittit
1094 1712 1281 1766 oscula
1309 1726 1405 1780 per
1432 1710 1765 1779 prophetas?
1788 1709 1906 1764 Jam
1940 1710 2112 1780 ipsius

2211 509 2261 553 et
2299 500 2404 557 alia
2440 507 2621 561 carnis
2663 509 2833 576 potio,
2885 511 2991 566 alia
3029 512 3290 582 spiritus;
3335 514 3416 569 sic
3454 525 3539 569 est
3576 515 3776 584 quidam

2211 606 2365 646 amor
2397 595 2579 649 carnis
2609 612 2637 649 a
2665 595 2864 653 Satana
2889 600 3133 667 veniens,
3165 603 3306 657 alius
3335 618 3491 657 amor
3511 604 3727 673 spiritus
3751 621 3780 661 a

2211 683 2322 740 Deo
2341 689 2624 744 exordium
2668 692 2876 748 habens
2895 733 2911 756 ,
2951 703 3004 749 et
3025 711 3187 751 nemo
3207 707 3384 766 potest
3409 696 3620 753 duobus
3641 712 3783 753 amo-

2212 776 2365 833 ribus
2394 780 2684 851 possideri.
2738 783 2794 837 Si
2831 785 3013 841 carnis
3057 797 3273 842 amator
3306 802 3388 852 es,
3420 803 3660 843 amorem
3690 792 3782 862 spi-

2213 872 2351 927 ritus
2381 890 2486 928 non
2514 877 2688 945 capis.
2722 876 2778 930 Si
2804 878 2987 933 omnia
3013 880 3315 949 corporalia
3340 881 3657 950 despexisti,
3683 898 3778 938 non

2213 965 2336 1019 dico
2369 981 2587 1022 carnem
2621 980 2716 1023 aut
2755 970 3100 1043 sanguinem,
3130 972 3223 1027 sed
3267 984 3555 1043 argentum
3589 983 3643 1029 et
3668 990 3781 1046 pos-

2213 1055 2506 1121 sessiones,
2531 1058 2624 1113 sed
2652 1057 2823 1129 ipsam
2856 1070 3059 1117 terram
3104 1062 3395 1133 ipsumque
3422 1063 3648 1130 coelum,
3678 1066 3779 1120 haec

2213 1148 2413 1217 quippe
2457 1152 2904 1219 pertransibunt;
2945 1154 2990 1209 si
3030 1154 3131 1209 ista
3168 1154 3351 1208 omnia
3396 1157 3779 1227 contempsisti,

2213 1248 2268 1293 et
2305 1242 2371 1295 ad
2404 1242 2608 1296 nullum
2638 1244 2832 1299 horum
2883 1246 3064 1301 anima
3091 1256 3183 1301 tua
3217 1247 3451 1318 obligata
3485 1258 3591 1316 est,
3625 1264 3784 1321 neque

2212 1349 2487 1403 quoquam
2519 1336 2776 1391 vitiorum
2815 1353 3003 1394 amore
3043 1340 3329 1405 retineris,
3369 1354 3522 1411 potes
3553 1356 3783 1398 amorem

2214 1441 2407 1494 capere
2459 1428 2782 1497 spiritalem.
2837 1428 2913 1485 Ita
2962 1431 3131 1486 locuti
3188 1447 3381 1487 sumus
3431 1433 3562 1503 quia
3620 1434 3786 1488 evenit

2215 1520 2454 1583 occasio,
2500 1530 2562 1575 ut
2607 1520 2677 1576 de
2722 1537 2911 1577 amore
2955 1523 3185 1594 spiritali
3236 1524 3418 1594 aliqua
3466 1525 3783 1581 diceremus.

2216 1608 2446 1679 Expedit
2487 1621 2667 1665 autem
2717 1613 2875 1668 nobis
2909 1611 3222 1669 Salomonis
3264 1616 3540 1670 custodire
3593 1632 3786 1686 praece-

2216 1714 2402 1772 ptum,
2447 1712 2500 1757 et
2544 1704 2718 1774 magis
2763 1705 2910 1761 illius
2942 1710 3035 1775 qui
3080 1722 3174 1776 per
3214 1707 3560 1763 Salomonem
3614 1709 3787 1778 loque-

526 1776 688 1873 cupio
729 1819 822 1856 ora
855 1804 1197 1873 contingere,
1242 1776 1357 1872 ipse
1389 1776 1591 1869 veniat,
1636 1804 1752 1868 ipse
1796 1776 2108 1858 descendat.
2142 1776 2185 1831 Β
2216 1795 2395 1861 hall".
2442 1793 2509 1849 de
2540 1795 2806 1864 sapientia
2845 1796 2919 1849 ila
2959 1796 3147 1852 dicens
3171 1816 3184 1851 ε
3211 1799 3345 1851 Ama
3389 1798 3563 1866 illam.
3599 1809 3650 1853 et
3684 1776 3784 1853 sero

526 1896 657 1949 Orat
686 1897 849 1965 igitur
871 1896 1056 1964 sponsi
1084 1893 1320 1958 Patrem,
1348 1904 1402 1947 et
1431 1893 1563 1947 dicit
1593 1893 1660 1947 ad
1693 1908 1817 1947 eum
1845 1909 1858 1944 :
1887 1892 2112 1947 Occule-

526 1998 615 2042 tur
636 2005 713 2042 me
736 1986 915 2042 osculo
942 1987 1049 2040 oris
1078 1987 1181 2039 sui.
1220 1985 1283 2040 Et
1316 1990 1443 2056 quia
1480 1986 1602 2040 talis
1633 1994 1717 2040 est
1754 1994 1813 2039 ut
1836 1987 2115 2056 complea-

526 2091 615 2135 lur
664 2096 832 2151 super
856 2090 988 2133 'cam
1036 2078 1412 2148 propheticum
1459 2078 1590 2131 illttd
1635 2077 1688 2132 in
1733 2094 1841 2147 quo
1879 2080 2106 2133 dicitur:

524 2173 711 2226 Adhuc
768 2182 815 2224 te
855 2173 1095 2240 loquente
1150 2169 1371 2222 dicam:
1416 2169 1548 2224 Ecce
1575 2172 1801 2235 adsum;
1852 2187 2110 2240 sponsam

526 2262 712 2329 sponsi
748 2259 907 2314 Pater
935 2258 1180 2325 exaudit,
1212 2258 1378 2311 mittit
1425 2257 1623 2313 Filium
1671 2274 1853 2313 suum.
1908 2259 2113 2318 Videns
2148 2262 2151 2263 ⁷

525 2352 616 2405 illa
658 2366 784 2406 eum
830 2351 989 2420 cujus
1024 2350 1419 2420 deprecabatur
1465 2350 1780 2415 adventum,
1819 2367 1981 2407 orare
2016 2352 2114 2406 de-

526 2445 686 2512 stitit,
737 2455 791 2500 et
842 2446 908 2500 ad
963 2461 1085 2499 eum
1139 2446 1387 2502 cominus
1440 2447 1701 2515 loquitur.
1748 2445 1927 2518 (Vers.
1959 2446 2109 2515 l—2.)

528 2538 796 2605 Quoniam
833 2538 970 2592 bona
1011 2538 1172 2592 ubera
1210 2548 1301 2591 tua
1338 2555 1496 2607 super
1528 2541 1729 2603 viuum,
1763 2550 1813 2593 et
1850 2540 1983 2593 odor
2013 2556 2111 2593 un-

525 2641 837 2702 guentorum
877 2640 1086 2684 tuorum
1126 2646 1281 2699 super
1320 2633 1500 2684 omnia
1535 2641 1802 2686 aromata.
1858 2631 2112 2702 Sponsus

526 2722 696 2793 igitur
739 2719 993 2776 Christus
1046 2722 1248 2776 missus
1308 2737 1337 2775 a
1384 2721 1544 2776 Patre
1597 2722 1746 2776 venit
1799 2733 1996 2778 unctus
2043 2723 2109 2779 ad

524 2827 819 2882 sponsam,
860 2822 913 2867 et
955 2813 1156 2867 dicitur
1200 2813 1265 2866 ad
1307 2829 1430 2867 eum
1468 2830 1482 2865 :
1534 2812 1783 2867 Dilexisti
1824 2814 2107 2879 iustitiam,

522 2914 569 2959 et
595 2904 757 2958 odisti
797 2903 1149 2974 iniquitatem,
1186 2913 1460 2972 propterea
1505 2905 1657 2957 unxit
1709 2915 1758 2959 te
1784 2904 1944 2968 Deus,
1970 2904 2110 2959 Deus

524 3008 647 3051 tuus
684 2996 799 3049 oleo
842 2996 1213 3050 exsultationis
1258 3012 1368 3065 pra:
1413 2997 1765 3065 participibus
1821 2999 1924 3052 tuis
1949 2997 2015 3051 “.
2051 2997 2110 3053 Si

524 3106 611 3145 me
657 3090 891 3160 tetigerit
945 3104 1201 3159 sponsus,
1252 3097 1308 3143 et
1351 3102 1452 3158 ego
1490 3089 1617 3143 boni
1663 3090 1849 3145 odoris
1892 3105 2009 3157 ero,
2056 3100 2109 3146 et

521 3196 622 3253 ego
650 3182 810 3237 liniar
839 3181 1151 3252 unguentis,
1179 3190 1234 3235 ct
1264 3182 1329 3235 ad
1361 3197 1448 3235 me
1472 3198 1647 3252 usque
1674 3182 1794 3250 ejus
1822 3193 2099 3254 unguenta

521 3277 858 3345 pervenient,
894 3283 952 3329 ut
982 3276 1185 3343 possim
1219 3290 1342 3329 eum
1368 3275 1627 3344 Apostolo
1653 3273 1834 3331 dicere
1861 3294 1874 3330 :
1900 3275 2101 3332 Clu-isti

520 3367 685 3422 bonus
720 3368 850 3420 odor
874 3383 1056 3421 sumus
1099 3368 1151 3419 in
1190 3368 1332 3419 omni
1366 3366 1481 3420 loco
1518 3367 1583 3421 ".
1618 3366 1729 3423 Nos
1762 3378 1943 3423 autem
1974 3384 2100 3424 cum

522 3459 637 3513 haec
653 3458 983 3523 audivimus,
999 3458 1175 3513 adhuc
1194 3459 1430 3528 peccatis
1456 3458 1711 3529 vitiisque
1736 3459 2011 3526 lmtemus,
2036 3461 2103 3517 de

521 3551 721 3620 quibus
739 3551 997 3620 propheta
1013 3551 1283 3620 paenitens
1300 3551 1571 3622 loquitur:
1590 3552 1915 3608 Putrueruut
1931 3564 1979 3608 et
1993 3571 2104 3609 cor-

521 3652 693 3710 rupta:
711 3655 832 3696 sunt
859 3643 1131 3722 cicatrices
1151 3658 1278 3697 mea:
1306 3659 1338 3695 a
1374 3642 1510 3712 facie
1538 3644 1859 3715 insipientia:
1889 3661 2017 3701 mue
2034 3645 2099 3701 “.

521 3732 813 3789 Peccatum
846 3735 1029 3788 odoris
1057 3743 1140 3789 est
1167 3734 1361 3804 putidi,
1396 3735 1569 3790 virtus
1604 3737 1776 3805 spirat
1803 3748 2102 3808 unguenta,

520 3841 756 3895 quorum
795 3834 950 3897 typos
983 3827 1221 3896 reperies
1265 3828 1319 3881 in
1352 3826 1561 3882 Exodo.
1610 3827 1855 3885 Invenies
1884 3846 2104 3901 quoque

520 3916 594 3972 ibi
649 3926 896 3981 stacten,
946 3918 1181 3988 onycha,
1236 3919 1553 3989 galbanum,
1590 3928 1645 3975 et
1688 3921 1918 3991 reliqua.
1978 3921 2101 3979 Hinc

520 4010 740 4080 quidem
782 4010 849 4064 ad
880 4010 1162 4066 incensum
1192 4026 1205 4062 :
1239 4011 1435 4067 deinde
1468 4012 1537 4067 ad
1568 4028 1708 4083 opus
1753 4010 2102 4085 unguentarii

519 4102 673 4157 varia
723 4112 1019 4157 sumuntur
1062 4112 1369 4175 unguenta,
1436 4105 1489 4159 in
1529 4106 1733 4176 quibus
1775 4116 1860 4161 est
1898 4108 2104 4164 nardus

518 4204 574 4251 et
602 4204 793 4251 stacta.
865 4194 930 4250 Et
971 4195 1115 4252 Deus
1140 4198 1233 4268 qui
1265 4195 1393 4253 fecit
1424 4198 1622 4255 caelum
1663 4209 1718 4255 et
1761 4211 1981 4265 terram,
2021 4203 2104 4256 lo-

520 4287 708 4356 quitur
735 4288 802 4341 ad
833 4286 1042 4350 Mosen,
1074 4289 1263 4344 dicens
1303 4308 1316 4344 :
1359 4290 1469 4362 Ego
1524 4293 1735 4363 implevi
1783 4310 1870 4348 eos
1908 4297 2102 4363 spiritu

519 4379 798 4447 sapientia:
834 4388 884 4432 et
926 4379 1246 4444 intellectus,
1286 4391 1342 4433 ut
1389 4383 1589 4450 faciant
1633 4401 1792 4453 opera
1828 4387 1960 4440 artis
2005 4401 2103 4439 un-

2214 1887 2354 1941 vubit
2402 1896 2485 1951 te;
2530 1888 2803 1941 circumda
2851 1888 3035 1955 illam,
3070 1898 3119 1944 et
3159 1890 3417 1945 exaltabit
3462 1899 3547 1956 te;
3598 1891 3784 1946 honora

2215 1980 2389 2042 illam,
2442 1990 2497 2033 ut
2543 1989 2592 2033 te
2641 1982 2994 2049 amplectatur
3018 1980 3087 2034 ⁸⁸.
3122 1980 3215 2036 Est
3260 1983 3483 2052 quidam
3535 1984 3787 2053 spiritalis

2213 2073 2519 2142 amplexus,
2549 2080 2712 2142 atque
2761 2075 2971 2128 utinam
3023 2074 3305 2145 contingat
3333 2084 3393 2129 ut
3423 2091 3605 2129 meam
3638 2092 3788 2146 spon-

2214 2181 2330 2220 sam
2372 2166 2579 2220 arctius
2606 2166 2685 2236 (6)
2731 2167 2920 2236 sponsi
2965 2167 3252 2237 amplexus
3298 2167 3564 2233 includat,
3602 2180 3666 2223 ut
3700 2185 3788 2238 ego

2213 2273 2432 2327 quoque
2484 2258 2691 2327 possim
2739 2258 2920 2314 dicere
2967 2258 3114 2328 quod
3165 2258 3218 2313 in
3265 2260 3454 2315 eodem
3490 2260 3638 2315 libro
3667 2262 3789 2315 scri-

2213 2358 2365 2419 ptum
2407 2358 2492 2404 est
2530 2368 2544 2403 :
2585 2348 2819 2405 Sinistra
2865 2351 2979 2420 ejus
3021 2351 3115 2407 sub
3157 2354 3328 2422 capite
3353 2369 3486 2417 meo,
3515 2364 3562 2407 et
3614 2352 3790 2409 clatra

2213 2441 2363 2496 illius
2398 2441 2792 2511 amplexabitur
2820 2459 2901 2499 me
2921 2444 2991 2507 δ’.

2283 2534 2337 2589 5.
2383 2534 2666 2590 Osculetur
2701 2551 2783 2589 me
2819 2550 2949 2606 ergo
2985 2534 3165 2591 osculo
3202 2535 3311 2591 oris
3355 2538 3461 2592 sui.
3503 2534 3681 2591 Moris
3717 2545 3793 2591 est

2216 2623 2625 2696 Scripturarum
2677 2628 3060 2697 imperativum
3116 2628 3336 2683 modum
3402 2643 3499 2698 pro
3555 2629 3792 2699 optativa

2212 2732 2439 2787 ponere,
2471 2727 2531 2772 ut
2566 2717 2638 2773 ibi
2667 2735 2681 2772 :
2706 2716 2874 2771 Pater
2901 2726 3080 2772 uoster
3106 2720 3200 2788 qui
3230 2735 3283 2773 es
3317 2719 3368 2772 in
3401 2718 3567 2786 ralis,
3601 2720 3795 2773 sancti-

2212 2809 2404 2878 ﬁcetur
2450 2826 2639 2864 nomen
2673 2821 2822 2864 tuum
2855 2810 2928 2872 ⁸⁸),
2963 2825 3085 2880 pro,
3134 2810 3351 2868 Utinam
3391 2811 3793 2874 sanetilicetur;

2212 2910 2265 2956 et
2294 2916 2441 2957 nunc
2475 2902 2530 2956 in
2562 2901 2817 2972 praesenti
2846 2921 2859 2955 :
2893 2900 3181 2956 Osculetur
3225 2918 3306 2955 me
3338 2901 3518 2956 osculo
3554 2903 3675 2959 oris
3697 2903 3793 2965 sui,

2212 3008 2312 3062 pro
2337 3009 2402 3047 eo
2426 2993 2572 3062 quod
2605 3000 2712 3057 est,
2745 2990 2968 3046 Utinam
3001 2993 3303 3049 osculetur.
3348 2991 3549 3049 Deinde
3575 2993 3795 3062 conspi-

2212 3086 2287 3141 cit
2319 3101 2603 3155 sponsum.
2638 3083 2798 3140 Venit
2821 3084 3097 3140 delibutus
3138 3083 3480 3157 unguentis:
3517 3097 3624 3139 nec
3650 3084 3797 3139 aliter

2213 3177 2280 3233 ad
2312 3192 2572 3247 sponsam
2619 3184 2834 3247 poterat
2865 3177 3070 3242 venire,
3108 3192 3210 3231 nec
3236 3176 3464 3231 decebat
3485 3176 3654 3233 aliter
3684 3175 3785 3230 Pa-

2213 3278 2349 3325 trem
2377 3269 2444 3324 ad
2469 3269 2690 3338 nuptias
2718 3268 2918 3324 Filium
2945 3268 3241 3324 destinare.
3268 3267 3448 3326 Variis
3482 3284 3614 3324 eum
3652 3272 3800 3325 unxit

2211 3364 2507 3433 unguentis
2536 3404 2552 3428 ,
2619 3361 2750 3419 fecit
2794 3362 2947 3416 illum
2992 3362 3293 3418 Christum.
3357 3362 3517 3418 Venit
3567 3363 3801 3418 diversis

2212 3456 2478 3511 odoribus
2510 3456 2747 3526 spirans,
2781 3465 2836 3512 et
2863 3454 3036 3516 audit,
3064 3455 3190 3524 quia
3224 3455 3359 3510 bona
3390 3455 3554 3510 ubera
3585 3466 3689 3511 tua
3717 3473 3801 3510 su-

2215 3566 2309 3620 per
2330 3550 2532 3617 cinum.
2575 3547 2827 3618 Congrue
2852 3562 3034 3603 sermo
3063 3548 3281 3605 divinus
3314 3564 3477 3603 unam
3518 3551 3799 3604 eamdem-

2212 3658 2319 3713 que
2363 3657 2477 3697 rem
2510 3656 2610 3711 pro
2649 3641 2893 3696 locorum
2942 3641 3205 3711 qualitate
3244 3642 3479 3696 diversis
3515 3643 3802 3699 vocabulis

2212 3744 2511 3806 nuncupat.
2562 3733 2794 3800 Quando
2837 3735 3017 3789 hostia
3052 3734 3280 3789 oﬂ’crtur
3312 3734 3367 3787 in
3417 3734 3554 3805 lege,
3601 3745 3663 3792 et
3692 3736 3806 3790 vult

2213 3828 2547 3883 intellectum
2606 3827 2933 3891 ostendere,
2997 3825 3370 3895 pectusculum
3432 3826 3804 3895 separationis

2212 3919 2408 3975 aﬂ‘atur
2427 3918 2528 3990 (7).
2562 3916 2792 3984 Quando
2823 3934 2948 3972 vero
2977 3918 3245 3972 recumbit
3273 3918 3470 3988 aliquis
3495 3934 3623 3973 cum
3649 3917 3803 3982 Jesu,

2212 4022 2268 4068 et
2306 4028 2569 4070 sensuum
2605 4010 2727 4081 ejus
2766 4012 3155 4065 communione
3194 4010 3510 4080 perfruitur,
3555 4026 3673 4067 non
3707 4026 3805 4081 pc-

2212 4104 2520 4160 ctusculum
2579 4114 2639 4158 ut
2691 4117 2893 4172 supra,
2954 4102 3051 4158 sed
3108 4113 3297 4173 pectus
3349 4103 3655 4173 alloquitur
3701 4103 3801 4173 (8).

2210 4196 2382 4254 Porro
2421 4212 2548 4253 cum
2590 4209 2791 4267 sponsa
2835 4194 3084 4265 loquitur
3112 4194 3178 4249 ad
3217 4209 3500 4266 sponsum,
3530 4194 3667 4265 quia
3702 4210 3806 4250 nu—

2212 4291 2378 4361 ptiale
2421 4304 2650 4345 carmen
2700 4287 2997 4352 inducitur,
3051 4302 3159 4342 non
3204 4286 3603 4356 pectusculum,
3649 4296 3715 4341 ut
3751 4286 3807 4338 in

2212 4383 2526 4449 sacriﬁcio;
2558 4396 2667 4436 non
2694 4390 2907 4450 pectus,
2944 4389 3003 4437 ut
3036 4380 3088 4435 in
3118 4378 3339 4449 Joanne
3359 4379 3671 4449 discipulo;
3710 4380 3807 4434 sed

521 4469 812 4538 gueutariae
836 4469 880 4499 "
909 4487 921 4522 :
955 4478 1009 4523 et
1042 4472 1430 4539 tinguentarios
1460 4472 1602 4528 Deus
1627 4473 1804 4529 docet.
1840 4475 1966 4532 Haec
1996 4478 2183 4542 nisi!)
2210 4486 2271 4531 ut
2315 4477 2485 4530 ubera
2526 4475 2809 4538 nominat,
2846 4473 3035 4529 dicens
3074 4490 3088 4529 :
3138 4472 3277 4538 Quia
3315 4472 3450 4526 bona
3494 4473 3663 4526 ubera
3711 4481 3811 4526 tua

520 4559 839 4628 spiritaliter
888 4558 1282 4630 intelligantur,
1330 4576 1510 4616 nonne
1557 4563 1752 4619 fabulae
1798 4568 1959 4620 sunt?
1995 4568 2098 4622 nisi

522 4650 727 4719 aliquid
770 4650 1005 4705 habeant
1048 4652 1266 4714 secreti,
1312 4667 1493 4706 nonne
1532 4653 1752 4724 indigna
1798 4666 1927 4712 sunt
1954 4657 2103 4712 Deo?

522 4740 758 4797 Necesse
787 4752 873 4797 est
914 4743 1082 4812 igitur
1114 4758 1240 4798 eum
1283 4744 1377 4814 qui
1422 4746 1611 4801 audire
1637 4747 1951 4818 Scripturas
1990 4754 2102 4820 spi-

523 4838 792 4892 ritualiter
817 4837 987 4902 novit,
1027 4847 1122 4893 aut
1146 4840 1239 4909 qui
1278 4849 1424 4896 certe
1455 4857 1562 4895 non
1603 4843 1773 4907 novit,
1807 4854 1861 4899 et
1885 4845 2101 4902 deside-

523 4942 610 4987 rat
647 4946 837 4998 nosse,
885 4932 1035 4987 omni
1074 4933 1258 4987 labore
1302 4935 1652 5002 contendere,
1697 4950 1756 4992 ut
1800 4953 1907 4992 non
1945 4938 2102 5008 juxta

523 5037 743 5078 carnem
785 5034 840 5078 et
870 5022 1193 5093 sanguinem
1235 5038 1607 5090 conversetur,
1653 5044 1763 5098 quo
1806 5031 1980 5100 possit
2010 5031 2098 5085 di.

524 5127 665 5184 gnus
711 5112 826 5167 ﬁeri
882 5113 1207 5179 spiritalium
1254 5124 1587 5172 secretorum
1615 5161 1630 5185 ,
1683 5129 1737 5174 et
1784 5131 1846 5175 ttt
1893 5122 2100 5192 aliquid

525 5204 816 5259 audentius
859 5206 1058 5272 dicam,
1099 5208 1328 5277 spiritali
1374 5211 1629 5279 cupidine
1664 5217 1745 5267 vel
1798 5229 1985 5270 amore
2019 5233 2106 5273 ac-

525 5297 813 5365 cendatur;
850 5298 1117 5369 siquidem
1156 5309 1239 5356 est
1271 5311 1327 5356 et
1348 5303 1606 5372 spiritalis
1637 5320 1811 5360 amor.
1866 5306 1935 5362 Et
1962 5327 2104 5380 quo-

599 5390 646 5464 ηιξ
669 5388 994 5464 Psal.__x1.tv.
1024 5394 1076 5448 8.
1154 5394 1197 5426 ⁸⁸
1223 5393 1267 5448 ll
1289 5394 1416 5451 Cor.
1445 5413 1504 5464 ιι,
1531 5397 1617 5453 l5.

526 5477 589 5527 ll,
614 5462 667 5516 6.
742 5462 789 5491 “
810 5462 996 5517 Matth.
1030 5482 1101 5531 vt,
1133 5467 1185 5522 9.

597 5556 673 5634 (Ei)
723 5554 902 5610 Codex
943 5558 1243 5634 .B‘eccensis
1290 5580 1303 5616 :
1356 5560 1486 5617 llwc
1552 5562 1740 5633 quippe
1781 5565 2094 5634 [abutantur

527 5628 727 5695 pariter
762 5639 827 5701 et
872 5628 1269 5701 epithalamium
1308 5648 1464 5685 suum
1506 5628 1807 5701 personant.
1865 5637 1949 5689 Ea:
1999 5641 2093 5691 hoc

528 5707 703 5765 gentes
729 5696 828 5779 sibi
849 5698 1243 5765 epithalamium
1265 5696 1619 5767 vindicarunt,
1637 5715 1685 5757 et
1715 5706 1870 5761 istius
1894 5710 2094 5779 generis

529 5778 916 5821 sacramentum
941 5782 1266 5836 assumptum
1292 5784 1367 5825 εει
1378 5812 1390 5823 .

603 5836 679 5908 (6)
718 5836 873 5907 Mss,
906 5842 1126 5895 arctius.
1158 5840 1314 5897 Libb.
1343 5844 1498 5913 cdil.,
1533 5845 1713 5901 altior.

1725 5399 1770 5432 “
1793 5399 1938 5457 Psal.
1972 5422 2179 5476 xxxv",
2216 5406 2270 5461 6.
2347 5404 2392 5435 ‘7
2424 5392 2775 5468 Exodfxxxx,
2810 5400 2863 5454 5.

2206 4587 2365 4640 super
2391 4571 2590 4624 viuum.
2634 4566 2992 4624 Communica
3040 4574 3098 4621 ut
3136 4580 3336 4635 sponsa
3381 4581 3504 4621 cum
3539 4567 3811 4621 sensibus

2209 4665 2419 4735 sponsi,
2474 4672 2530 4718 et
2588 4662 2735 4718 scias
2789 4661 2914 4732 quia
2967 4659 3241 4716 inebriant
3297 4669 3462 4728 atque
3514 4659 3816 4716 laatilicant

2208 4756 2516 4812 istiusmodi
2549 4756 2842 4826 cegitatus.
2880 4752 3166 4821 Quomodo
3194 4760 3375 4806 autem
3405 4750 3549 4806 calix
3573 4749 3810 4806 Domini
3860 4792 3861 4801 χ

2208 4846 2490 4903 inebrians
2543 4861 2709 4916 quam
2772 4844 3016 4915 optimus
3069 4852 3173 4906 est,
3239 4842 3320 4899 sic
3372 4842 3535 4897 ubera
3601 4842 3814 4912 sponsi

2209 4940 2358 4996 omni
2391 4939 2615 4994 meliora
2639 4946 2769 4993 sunt
2794 4937 2946 4991 vino.
2985 4934 3130 5000 Quia
3158 4934 3294 4989 bona
3325 4934 3487 4988 ubera
3512 4942 3607 4987 tua
3635 4950 3819 5004 super

2210 5036 2413 5090 vinum.
2455 5031 2512 5087 lu
2558 5032 2754 5087 mediis
2781 5031 3035 5101 precibus
3068 5030 3135 5085 ad
3170 5046 3433 5100 sponsum
3459 5029 3626 5083 verba
3666 5046 3819 5084 con-

2214 5127 2417 5183 vertit:
2451 5124 2519 5178 Et
2554 5126 2685 5178 odor
2726 5132 3113 5193 unguentorum
3155 5132 3367 5175 tuorum
3413 5136 3570 5189 super
3610 5123 3820 5175 omnia

2214 5228 2478 5275 aromata.
2501 5214 2618 5269 Non
2657 5229 2786 5280 uno,
2818 5214 2912 5268 sed
2951 5214 3209 5267 omnibus
3242 5228 3480 5282 sponsus
3510 5227 3559 5265 Vt
3573 5209 3664 5265 nit
3704 5228 3823 5265 un-

2215 5322 2337 5369 ctus
2369 5308 2660 5380 unguentis
2699 5304 2798 5376 (9).
2850 5304 2906 5361 Si
2939 5315 3118 5360 autem
3158 5315 3211 5359 ct
3245 5304 3313 5359 ad
3342 5319 3516 5358 meam
3547 5303 3819 5358 animant

2961 5398 3005 5429 ⁸⁸
3025 5397 3185 5454 Prov.
3222 5414 3296 5463 tv,
3325 5397 3379 5461 7,
3409 5396 3463 5452 8.
3558 5396 3604 5429 ⁸³
3625 5395 3817 5456 Cant.

2273 5567 2350 5637 (7)
2393 5564 2834 5637 Selincurtianus
2868 5573 2920 5617 et
2948 5561 3258 5629 Beccensis,
3296 5562 3537 5631 offertur.

2279 5635 2356 5709 (8)
2399 5637 2562 5709 Iidem
2593 5651 2752 5709 mss,
2787 5635 3072 5709 eloquitur.

2276 5705 2352 5778 (9)
2393 5708 2573 5762 Codex
2610 5705 2936 5759 Beccensis:
2964 5721 3082 5778 quon
3123 5720 3253 5771 uno,
3285 5705 3377 5757 sed
3415 5718 3663 5759 omnibus
3704 5723 3821 5763 nos

2208 5776 2395 5834 unctus
2427 5778 2535 5832 vult
2563 5779 2686 5846 ungi
2717 5776 3023 5845 unguentis.
