3872 6514
219 284 276 339 σει
1676 277 1802 335 11οῈ

1907 275 1958 330 [Α
2000 275 2041 332 l.
3413 295 3485 347 ω

219 403 410 460 factam
455 421 722 478 sponsam
772 425 930 468 suam
966 425 1206 482 sponsus
1235 407 1420 466 venire
1448 405 1786 478 dignabitur,
1817 404 1864 464 Α
1891 399 2218 471 praedicatur
2234 399 2521 458 Dominus.
2551 401 2903 476 Unguentum
2943 405 3088 461 enim
3117 407 3350 465 effusum
3383 428 3482 469 no-

216 514 376 571 quam
405 512 622 572 oportet
644 521 767 561 esse
789 505 1110 572 formosam,
1138 515 1198 562 ut
1221 505 1375 561 illum
1401 505 1466 560 de
1492 503 1636 558 casio
1657 499 1722 557 ad
1747 513 1808 554 se

219 592 428 659 trahat,
477 602 541 650 ut
578 596 913 654 descendere
961 597 1125 654 faciat
1171 598 1241 655 ad
1283 608 1480 662 terras,
1527 603 1590 651 ut
1625 593 1808 652 veniat

217 683 284 740 ad
326 688 614 742 amatam?
667 688 827 756 Quali
878 691 1280 761 pulchritudine
1333 686 1642 746 decoranda
1684 686 1808 744 est?

220 775 363 844 quali
399 777 562 832 debet
601 794 792 836 amore
825 781 1053 848 fervere,
1096 791 1241 839 utea
1273 782 1526 855 loquatur
1557 781 1626 837 ad
1656 780 1804 836 illam

221 880 340 934 qua:
369 867 438 922 ad
468 868 768 939 perfectam
802 872 1018 931 locutus
1043 883 1131 931 est
1154 889 1434 945 sponsam,
1461 873 1588 946 quia
1621 871 1802 929 cervix

217 965 328 1026 tua,
357 960 489 1030 quia
520 963 670 1018 oculi
699 964 798 1029 tui,
823 966 949 1037 quia
971 981 1122 1034 gena:
1145 975 1271 1032 tum,
1302 967 1432 1038 quia
1454 983 1650 1023 manus
1675 978 1802 1037 tute,

212 1051 338 1122 quis
370 1064 564 1109 venter
597 1063 748 1124 tuus,
772 1057 899 1128 quia
923 1057 1134 1114 humeri
1156 1059 1256 1121 tui,
1277 1058 1404 1128 quia
1427 1057 1587 1130 pedes
1613 1058 1712 1115 tui.
1728 1057 1804 1116 De

212 1142 435 1212 quibus,
468 1146 516 1201 si
545 1146 882 1204 concesserit
909 1147 1193 1216 Dominus,
1219 1149 1621 1222 disputabimus
1660 1166 1801 1222 quo-

212 1235 374 1291 modo
397 1252 622 1308 sponsae
646 1241 892 1297 membra
916 1243 1214 1312 varientur,
1233 1252 1288 1299 et
1303 1243 1642 1314 singularum
1676 1259 1804 1316 par-

213 1325 345 1380 tium
361 1326 486 1383 laus
498 1329 712 1386 diversa
732 1331 968 1400 dicatur,
984 1345 1044 1390 ut
1059 1343 1182 1406 post
1196 1335 1620 1406 disputationem
1636 1338 1800 1393 etiam

209 1419 275 1473 ad
301 1430 554 1478 nostram
583 1423 691 1480 dici
727 1426 968 1483 animam
1000 1429 1262 1485 similiter
1291 1430 1628 1487 laboremus.
1649 1430 1803 1486 Bona

208 1510 378 1584 igitur
390 1517 554 1569 ubera
568 1523 659 1571 tua
673 1534 832 1588 super
846 1520 1045 1588 vinum,
1070 1521 1174 1595 14
1195 1533 1244 1577 et
1265 1524 1396 1578 odor
1419 1534 1805 1596 unguentorum

211 1612 424 1660 tuorum
461 1624 621 1677 super
653 1613 836 1667 omnia
864 1628 1133 1670 aromata.
1167 1616 1224 1672 Si
1251 1618 1454 1676 videris
1511 1635 1798 1690 Sponsum.

208 1704 343 1755 tunc
375 1699 648 1774 intelliges
684 1719 876 1762 verum
904 1721 1028 1763 esse
1056 1709 1201 1779 quod
1232 1709 1436 1767 dicitur
1475 1727 1488 1763 :
1533 1710 1804 1777 Quoniam

207 1789 347 1848 bona
382 1794 548 1850 ubera
585 1805 680 1853 tua
722 1815 881 1870 super
912 1800 1112 1867 uinum,
1160 1813 1211 1858 et
1238 1804 1373 1859 odor
1411 1813 1802 1874 unguentorum

209 1894 426 1941 tuorum
457 1905 617 1959 super
642 1892 821 1947 omnia
846 1905 1112 1949 aromata.
1146 1892 1300 1952 Multi
1329 1895 1641 1953 habuerunt
1669 1913 1799 1953 aro-

211 1992 380 2036 mata.
427 1978 636 2054 Regina
667 1983 857 2042 Austri
900 1986 1096 2042 detulit
1137 1998 1385 2045 aromata
1425 1987 1705 2045 Salomoni
1730 1987 1798 2058 ",

209 2083 263 2128 et
296 2073 488 2144 plures
528 2073 622 2130 alii
662 2087 910 2133 aromata
954 2077 1317 2149 possederunt
1356 2096 1371 2132 :
1414 2079 1508 2135 sed
1553 2079 1804 2136 habuerit

213 2166 338 2236 quis
389 2167 783 2238 quantalibet,
837 2185 949 2227 non
995 2181 1230 2243 possunt
1275 2170 1478 2228 Christi
1535 2171 1802 2229 odoribus

209 2262 545 2330 comparari,
579 2261 647 2317 de
687 2263 888 2334 quibus
926 2279 1072 2320 nunc
1117 2279 1320 2334 sponsa
1348 2265 1466 2322 ait:
1503 2263 1651 2320 Odor
1695 2283 1802 2321 un-

209 2363 530 2422 guentorum
561 2363 774 2409 tuorum
814 2372 972 2428 super
993 2359 1172 2412 omnia
1204 2367 1468 2413 aromata.
1502 2358 1614 2430 Ego
1650 2357 1801 2414 arbi-

210 2452 326 2500 tror
359 2446 496 2515 quia
537 2456 594 2502 et
626 2445 804 2504 Moses
846 2448 1039 2505 habuit
1087 2460 1354 2515 aromata,
1402 2459 1460 2506 et
1493 2452 1698 2517 Aaron,
1745 2462 1800 2507 et

212 2536 418 2610 singuli
467 2539 902 2611 prophetarum:
949 2557 1138 2598 verum
1183 2543 1230 2598 si
1265 2543 1454 2598 videro
1495 2541 1799 2612 Christum,

208 2639 267 2684 et
299 2633 631 2688 suavitatem
665 2643 1065 2706 unguentorum
1095 2635 1216 2707 ejus
1247 2635 1582 2708 odoremque
1608 2651 1798 2706 perce-

210 2738 365 2794 pero,
407 2725 598 2781 statim
642 2725 970 2783 sententiam
1013 2727 1234 2799 profero
1259 2728 1484 2787 dicens:
1519 2728 1666 2786 Odor
1701 2745 1802 2784 un-

1911 506 2034 547 men
2075 493 2218 564 ejus.
2271 491 2426 550 Nunc
2456 494 2593 551 Mosi
2641 512 2838 553 nomen
2889 499 3128 567 auditur,
3153 505 3298 572 quod
3331 506 3484 576 prius

1905 581 2107 640 Judaeae
2161 593 2372 641 tantum
2415 587 2769 643 claudebatur
2816 591 3105 660 angustiis,
3135 609 3312 663 neque
3338 598 3484 651 enim

1906 673 2221 733 Graecorum
2266 678 2536 750 quispiam
2584 681 2834 737 meminit
2875 683 3016 754 ejus,
3059 699 3236 756 neque
3279 688 3334 742 in
3379 690 3486 744 ulla

1905 768 2189 839 gentilium
2233 771 2538 826 litterarum
2592 773 2820 830 historia
2873 777 2941 830 de
2995 777 3089 832 illo
3132 793 3230 833 ceu
3274 783 3487 837 caeteris

1905 860 2170 932 scriptum
2213 864 2422 935 aliquid
2465 866 2795 923 invenimus.
2848 867 3040 924 Statim
3094 881 3154 926 ut
3193 869 3355 928 Jesus
3399 891 3490 930 ra-

1903 950 2076 1009 diavit
2103 953 2156 1010 in
2185 958 2418 1024 mundo,
2446 960 2638 1016 eduxit
2664 975 2854 1017 secum
2887 963 3061 1034 legem
3089 975 3143 1019 et
3165 965 3484 1038 prophetas,

1903 1052 1958 1099 et
1985 1060 2113 1102 vere
2138 1049 2472 1120 completum
2499 1063 2583 1110 est
2609 1066 2623 1106 :
2661 1051 2996 1126 Unguentum
3027 1058 3256 1128 e/fusum
3297 1075 3486 1115 nomen

1905 1148 2074 1196 tuum.

1972 1232 2028 1287 5.
2091 1231 2250 1290 Vers.
2288 1237 2345 1292 5.
2387 1236 2676 1308 Propterea
2718 1239 3017 1308 juvenculw
3062 1243 3361 1300 dilexerunt
3414 1256 3462 1299 te

1901 1322 2041 1392 Quia
2077 1343 2171 1396 per
2194 1327 2457 1398 Spiritum
2500 1341 2747 1386 sanctum
2790 1334 3024 1392 charitas
3051 1335 3147 1392 Dei
3185 1339 3384 1408 diﬁ'usa
3408 1349 3486 1394 est

1903 1417 1958 1471 in
1984 1419 2146 1473 corda
2168 1431 2354 1476 nostra
2377 1423 2446 1490 “,
2475 1438 2718 1495 congrue
2765 1440 2964 1482 nomen
2999 1427 3285 1487 eﬂ‘usionis
3318 1430 3488 1488 infer-

1904 1518 2034 1566 tur:
2067 1510 2400 1584 Unguentum
2431 1517 2660 1582 eﬁ'usum
2699 1535 2886 1574 nomen
2923 1532 3094 1578 tuum.
3139 1520 3266 1581 [huc
3300 1525 3488 1582 dicens

1911 1616 2117 1673 sponsa
2146 1604 2584 1665 adolescentulas
2612 1611 2899 1682 conSpicit.
2929 1611 3161 1680 Quando
3183 1613 3274 1670 illa
3294 1617 3484 1687 sponsi

1906 1705 2116 1765 patrem
2167 1699 2421 1768 rogabat,
2471 1708 2525 1756 et
2570 1699 2638 1756 ad
2683 1701 2863 1772 ipsum
2916 1718 3178 1774 sponsum
3230 1707 3485 1764 cominus

1907 1786 2278 1858 loquebatur,
2333 1790 2564 1846 necdum
2622 1791 3044 1851 adolescentulus
3091 1797 3319 1854 aderant
3364 1815 3379 1854 :
3427 1798 3483 1853 in

1902 1879 2104 1934 mediis
2171 1895 2303 1936 vero
2365 1882 2621 1952 precibus
2694 1885 2996 1957 ingreditur
3065 1889 3481 1960 juveneularum

1902 1968 2108 2025 chorus
2160 1981 2214 2025 et
2260 1987 2476 2042 spoosae
2525 1974 2780 2032 laudatur
2822 1979 3078 2049 eloquiis.
3129 1980 3308 2051 (Vers.
3340 1985 3482 2055 5-4.)

1903 2059 2193 2132 Propterea
2211 2063 2511 2134 juvencula.’
2540 2068 2842 2126 dilexerunt
2869 2080 2938 2139 te,
2963 2082 3014 2127 et
3045 2082 3383 2132 attraxerant
3407 2086 3476 2133 te.

1900 2153 2446 2230 Adolescentulmque
2475 2161 2807 2231 respondent
2835 2182 2849 2218 :
2877 2163 3007 2220 Post
3031 2175 3081 2219 te
3110 2165 3166 2220 in
3187 2165 3347 2223 odore
3383 2185 3485 2222 αη-

1902 2255 2215 2318 guentorum
2248 2257 2459 2305 tuorum
2489 2267 2782 2307 curremus.
2807 2251 2987 2320 Quam
3010 2253 3236 2326 pulchre
3262 2271 3481 2328 sponsae

1901 2337 2243 2411 pedissequa'.
2295 2329 2525 2397 necdum
2560 2342 2814 2400 fiduciam
2850 2343 3053 2402 habent
3089 2361 3306 2417 sponsae
3342 2349 3478 2420 (il).

1905 2426 2120 2502 Sponsa
2155 2445 2268 2486 non
2303 2439 2427 2502 post
2465 2444 2673 2504 tergum
2717 2435 3001 2505 sequitur,
3037 2435 3134 2493 sed
3177 2437 3480 2511 ingreditur

1900 2519 2094 2592 juncta
2125 2521 2306 2590 lateri,
2347 2526 2814 2598 apprehenditque
2857 2529 3140 2586 dexteram
3175 2532 3388 2603 sponsi,
3427 2543 3484 2588 et

1903 2628 2105 2672 manus
2151 2614 2276 2687 ejus
2321 2616 2510 2688 sponsi
2567 2617 2793 2674 dextera
2847 2620 3184 2679 continetur.
3237 2620 3482 2679 Famulae

1905 2721 2038 2765 vero
2087 2706 2472 2781 ingrediuntur
2517 2719 2643 2780 post
2689 2726 2833 2768 eam.
2888 2711 3185 2785 Sexaginta
3220 2725 3350 2772 sunt
3391 2731 3481 2774 re-

1905 2799 2048 2873 ginta
2075 2809 2131 2858 et
2160 2801 2434 2873 octoginta
2456 2804 2856 2874 concubinae,et
2875 2804 3203 2878 juvenculm,
3238 2823 3476 2881 quarum

1909 2910 2020 2952 non
2052 2905 2138 2952 est
2167 2910 2430 2954 numerus
2457 2898 2526 2954 ⁵⁸.
2565 2895 2684 2954 Una
2715 2907 2800 2954 est
2834 2899 3086 2957 columba
3129 2917 3272 2972 mea,
3301 2905 3481 2976 perfe-

209 2828 532 2886 guentorum
559 2829 773 2874 tuorum
800 2836 956 2889 super
977 2822 1156 2876 omnia
1179 2831 1443 2877 aromata.

281 2910 336 2964 4.
385 2909 544 2965 Vers.
590 2910 647 2966 2.
693 2911 884 2968 Oleum
930 2914 1154 2982 effusum
1202 2929 1388 2970 nomen
1437 2923 1609 2971 tuum.
1665 2912 1804 2970 Pt'o-
1909 2910 2020 2952 non
2052 2909 2138 2952 εει
2167 2910 2430 2954 “umerus
2457 2909 2526 2954 ⁸⁸·
2568 2909 2684 2954 υ¹¹³
2715 2909 2800 2954 εει
2834 2909 3086 2957 εοιυπιυθ
3129 2917 3272 2972 mea:
3301 2909 3450 2976 Ρθτῖθ

213 2999 503 3068 pbeticum
554 3013 959 3059 sacramentum
991 3012 1095 3060 est.
1153 3003 1554 3063 Tantummodo
1601 3021 1801 3064 nomen
1907 2995 1994 3044 (⁵⁸³
2029 3003 2174 3056 me"
2199 3003 2308 3044 “"3
2336 2997 2420 3046 ⁸⁵⁸
2449 2995 2608 3045 mam
2653 3005 2786 3058 sui"
2818 3006 2924 3047 ""3
2949 3001 3034 3049 ⁸⁸⁸
3065 2995 3115 3049 ei
3142 3010 3264 3066 qum
3298 2997 3484 3053 cond'

209 3090 340 3149 Jesu
378 3095 532 3148 venit
569 3093 624 3148 in
659 3094 945 3162 mundum,
987 3108 1041 3153 et
1081 3107 1423 3170 unguentum
1473 3099 1802 3170 praedicatur

1907 3081 1989 3151 pit
2022 3077 2196 3137 illam.
2225 3078 2359 3136 Post
2397 3088 2449 3136 te
2481 3096 2612 3152 ergo
2649 3080 2706 3138 in
2740 3082 2908 3138 odore
2934 3095 3332 3155 unguentorum
3361 3097 3484 3145 tuo-

210 3186 474 3240 εσυευω,
523 3183 579 3241 ιη
605 3184 901 3258 Evangelia
929 3205 1151 3261 quoque
1187 3191 1233 3224 ss
1278 3191 1475 3248 mulier
1522 3190 1800 3263 accipiens
1840 3173 1869 3177 ⁷“
1909 3189 2032 3231 rum
2061 3188 2347 3231 curramus
2376 3213 2390 3228 .
2418 3173 2555 3230 Cum
2586 3173 2737 3230 omni
2767 3175 3053 3232 honestate
3083 3177 3487 3236 deambulanti-

211 3278 562 3334 alabastrum
603 3281 867 3352 unguenti
914 3283 1070 3340 nardi
1108 3283 1288 3356 pistici
1331 3285 1588 3356 pretiosi,
1637 3294 1802 3358 caput

1907 3269 2012 3326 bus
2037 3269 2245 3326 dictum
2277 3277 2362 3326 est
2389 3286 2403 3322 :
2431 3267 2560 3324 Post
2596 3278 2645 3325 te
2669 3270 2724 3324 in
2758 3269 2916 3326 odore
2942 3281 3324 3343 unguentorum
3365 3283 3484 3328 tuo-

215 3371 338 3429 ιεευ
391 3372 671 3443 pedesque
731 3373 984 3444 ρει-τωιίι,
1038 3374 1278 3433 Observa
1326 3377 1616 3449 diligente.-
1677 3393 1803 3450 ςυε
1907 3379 2029 3418 rum
2073 3377 2378 3430 curremus,
2410 3360 2711 3418 secundum
2762 3360 3188 3420 illud:Cursum
3231 3379 3482 3420 consum-

210 3466 276 3523 de
309 3467 539 3522 duabus
591 3482 756 3532 super
815 3477 975 3538 caput
1017 3469 1267 3526 effuderit
1311 3468 1615 3529 Salvatoris
1661 3483 1678 3524 :
1723 3472 1803 3527 si-

211 3561 437 3631 quidem
496 3560 774 3629 peccatrix
823 3577 988 3632 super
1012 3562 1175 3634 pedes
1227 3565 1293 3629 ",
1317 3571 1371 3617 et
1392 3577 1452 3618 ea
1467 3577 1588 3631 qua:
1603 3559 1808 3618 dicitur

212 3664 321 3706 non
379 3650 562 3706 fuisse
619 3653 897 3722 peccatrix
958 3669 1124 3725 super
1190 3663 1354 3726 caput
1419 3655 1541 3726 ejus
1596 3654 1807 3712 fudisse

213 3753 563 3800 monstratur
599 3740 772 3814 “(10)
801 3737 1044 3798 Obserta
1079 3744 1335 3814 inquam,
1359 3755 1414 3803 et
1461 3747 1704 3806 invenies
1749 3749 1804 3804 in

210 3835 537 3906 evangelica
572 3835 835 3902 lectione,
874 3852 981 3892 non
1025 3836 1237 3894 fabulas
1277 3849 1331 3894 et
1365 3841 1704 3898 narrationes
1736 3842 1806 3898 ab

210 3928 592 3998 evangelistis,
624 3928 719 3983 sed
750 3928 1006 4000 mysteria
1039 3945 1161 3986 esse
1202 3931 1534 4003 conscripta.
1582 3931 1806 4004 lmpleta

207 4029 292 4072 est
341 4019 537 4089 utique
582 4019 753 4075 odore
782 4021 1044 4092 unguenti
1089 4021 1306 4080 domus.
1355 4020 1413 4078 Si
1445 4022 1578 4096 quid
1607 4040 1804 4095 pecca-

208 4113 315 4168 trix
342 4115 563 4177 habuit,
595 4113 664 4168 ad
695 4113 859 4185 pedes
889 4112 1230 4171 referendum
1263 4123 1378 4185 est;
1412 4125 1468 4174 et
1506 4118 1551 4174 si
1580 4118 1710 4190 quid
1735 4133 1799 4176 ea

205 4221 330 4277 quae
365 4222 482 4261 non
513 4207 814 4276 peccatrix,
855 4206 924 4262 ad
965 4217 1149 4278 caput.
1195 4204 1305 4264 Nec
1345 4207 1546 4264 mirum
1574 4210 1798 4266 domum

206 4300 383 4358 fuisse
420 4301 592 4356 odore
632 4300 993 4371 completam,
1035 4316 1158 4357 cum
1201 4301 1305 4357 hoc
1335 4300 1527 4358 ordine
1561 4304 1802 4361 mundus

203 4396 525 4466 completus
558 4395 652 4450 sit.
701 4393 970 4450 Scribitur
1010 4393 1067 4450 in
1100 4395 1290 4452 eodem
1322 4393 1444 4452 loco
1476 4395 1544 4452 de
1576 4395 1801 4454 Simone

1911 3455 2050 3512 niani
2072 3455 2140 3522 ⁸⁸,
2165 3465 2221 3512 et
2253 3455 2423 3511 illud:
2453 3454 2561 3522 Qui
2599 3454 2656 3509 in
2679 3455 2858 3512 stadio
2884 3467 3132 3526 currunt,
3163 3473 3340 3514 omnes
3367 3458 3489 3528 qui-

1903 3550 2028 3606 dem
2068 3557 2310 3617 currunt,
2346 3564 2483 3604 unus
2527 3559 2706 3604 autem
2746 3550 2939 3621 accipit
2976 3550 3217 3606 bravium
3237 3551 3303 3608 ⁸⁷.
3353 3551 3488 3608 Bra-

1905 3642 2057 3700 vium
2088 3643 2348 3700 Christus
2387 3651 2490 3700 est.
2525 3641 2592 3699 Et
2633 3642 2751 3700 haec
2775 3643 2996 3715 quidem
3038 3643 3484 3710 adolescentulus,

1907 3752 2047 3808 quas
2090 3747 2313 3808 propter
2353 3735 2559 3794 amoris
2605 3737 2890 3793 exordium
2924 3735 3061 3794 foris
3098 3746 3250 3795 stare
3280 3753 3487 3810 cogno-

1906 3828 2139 3895 scimus,
2187 3829 2347 3900 juxta
2406 3827 2540 3884 illud
2598 3829 2908 3901 exemplum
2959 3844 2973 3883 :

1907 3923 2088 3994 sponsi
2125 3931 2274 3977 stans
2309 3931 2360 3976 et
2401 3921 2622 3976 audiens
2664 3937 2786 3977 cum
2823 3923 3021 3994 gaudio
3045 3923 3238 3994 gaudet
3273 3933 3488 3993 propter

1907 4031 2083 4072 uocem
2107 4001 2502 4087 sponsi'aﬁl‘ale
2531 4013 2792 4086 quiddam
2823 4023 2880 4070 et
2906 4015 3323 4072 adulescentula:
3360 4031 3480 4072 sus-

1908 4109 2084 4165 tinent
2129 4123 2144 4162 :
2187 4107 2492 4163 introeunte
2539 4121 2745 4178 sponso
2793 4106 3098 4164 forinsecus
3161 4121 3484 4176 remanent,

1909 4216 2112 4274 sponsa
2135 4214 2267 4257 vero
2316 4199 2586 4270 speciosa,
2627 4197 2889 4270 perfecta,
2933 4199 3053 4256 sine
3093 4201 3332 4269 macula,
3364 4204 3487 4258 sine

1908 4311 2067 4368 ruga,
2102 4295 2156 4352 in
2189 4294 2376 4366 sponsi
2404 4293 2740 4361 cubiculum,
2769 4293 2822 4350 in
2852 4294 3059 4366 regium
3091 4295 3372 4367 penetrale
3397 4297 3487 4351 in—

1909 4398 2096 4456 gressa
2122 4382 2413 4440 revertitur
2449 4383 2515 4439 ad
2545 4383 2892 4454 juvenculas,
2925 4396 2978 4441 et
3014 4387 3226 4441 nuntiat
3255 4387 3336 4443 eis
3362 4403 3487 4458 quae

3025 3829 3241 3887 Amicus
3304 3839 3484 3884 autem

204 4460 434 4557 leproso
463 4496 520 4541 et
565 4486 731 4542 domo
773 4485 917 4556 ejus.
967 4483 1082 4556 Ego
1109 4497 1244 4558 puto
1285 4484 1567 4559 leprosum
1610 4487 1808 4545 mundi
1834 4460 1879 4519 ί)
1907 4476 2024 4532 sola
2073 4475 2454 4546 conspexerit,
2507 4475 2747 4546 dicitque
2791 4476 2956 4547 (vers.
3005 4478 3060 4550 4)
3106 4493 3122 4532 :
3175 4477 3487 4535 Introduxit

206 4579 372 4638 iuius
407 4595 540 4636 esse
580 4577 901 4650 principem,
945 4589 1002 4637 et
1027 4579 1174 4638 hunc
1213 4579 1490 4650 leprosum
1519 4577 1800 4638 Simonem

203 4672 552 4745 nuncupari,
580 4670 740 4742 cujus
770 4671 962 4728 domus
989 4670 1057 4727 ad
1088 4671 1381 4729 adventum
1410 4671 1616 4730 Christi
1643 4673 1801 4730 suavi

201 4763 379 4820 odore
415 4764 694 4833 completa
723 4765 795 4820 sit
823 4775 1016 4837 agente
1051 4765 1431 4837 paenitentiam
1471 4767 1800 4837 peccatrice,

202 4867 257 4912 et
306 4865 514 4912 sancta
564 4863 730 4926 caput
764 4851 896 4911 Iesu
946 4855 1210 4927 unguenti
1259 4854 1525 4911 odoribus
1576 4854 1806 4925 pertun-

203 4950 394 5005 dente.
433 4947 776 5019 Unguentum
801 4947 1026 5017 eﬁ'usum
1057 4965 1243 5004 nomen
1285 4957 1458 5005 tuum.
1515 4949 1806 5016 Quomodo

201 5048 566 5113 unguentum
597 5038 744 5111 quod
779 5036 1046 5095 eﬂusione
1086 5054 1185 5095 sua
1221 5039 1445 5096 odorem
1475 5039 1635 5111 longe
1667 5041 1804 5095 late-

202 5150 311 5205 que
342 5131 648 5205 dispergit,
689 5131 770 5188 sic
803 5131 1007 5188 Christi
1051 5146 1250 5187 nomen
1299 5131 1533 5187 effusum
1589 5142 1691 5187 est.
1746 5131 1807 5187 ln

200 5233 483 5288 universa
517 5239 664 5286 terra
688 5227 941 5284 Christus
971 5226 1307 5294 nominatur,
1335 5225 1388 5280 in
1411 5226 1559 5280 omni
1595 5227 1803 5280 mundo

1907 4584 1990 4626 me
2018 4585 2111 4624 rex
2134 4569 2192 4624 in
2215 4567 2519 4622 cubiculum
2557 4583 2732 4623 suum.
2766 4566 2884 4624 Non
2921 4571 3016 4638 ait,
3060 4571 3359 4628 introduxit
3386 4589 3488 4628 nos

1907 4662 2094 4734 plures
2128 4661 2184 4718 in
2215 4660 2528 4718 cubiculum
2563 4676 2724 4718 suum
2755 4679 2769 4716 :
2798 4662 2984 4733 plures
3012 4661 3146 4721 foris
3181 4676 3484 4728 remanent,

1908 4756 1964 4812 in
2007 4754 2321 4811 cubiculum
2368 4753 2484 4810 sola
2537 4753 2839 4826 ingreditur
2901 4770 3140 4826 sponsa,
3200 4765 3260 4812 ut
3309 4757 3490 4812 videat

1911 4848 2202 4904 thesauros
2245 4845 2596 4903 absconditos
2625 4857 2680 4902 et
2713 4847 3063 4914 tenebrosus,
3108 4851 3490 4922 renuntietque

1906 4939 2218 5012 juvenculis
2248 4958 2263 4995 ;
2293 4937 2606 4993 Introduxit
2637 4954 2717 4994 me
2756 4954 2848 4994 rex
2883 4939 2940 4994 in
2969 4940 3268 4993 cubiculum
3307 4958 3483 4999 suum.

1915 5031 2126 5087 Rursus
2169 5028 2604 5094 adolescentulae,
2640 5028 2694 5084 id
2718 5039 2802 5084 est
2840 5043 3164 5100 sponsarum
3217 5031 3486 5102 incipien-

1913 5129 2048 5182 tium
2095 5124 2252 5182 turba
2303 5121 2743 5195 quamplurima,
2791 5122 3037 5191 ingressa
3083 5137 3281 5191 sponsa
3334 5123 3491 5179 cubi-

1915 5219 2097 5275 culum
2127 5217 2336 5288 Sponsi,
2364 5226 2417 5272 et
2444 5215 2660 5272 vidente
2682 5212 2899 5270 divitias
2924 5213 3027 5269 viri
3049 5215 3160 5282 sui,
3187 5215 3318 5272 dum
3343 5217 3492 5274 illius

278 5378 325 5410 ⁵¹
363 5376 442 5431 Ill
479 5376 612 5447 Reg.
646 5391 701 5428 χ.
778 5373 979 5447 ’διέξια
1012 5388 1105 5433 vn,
1137 5371 1344 5447 57,58.
1422 5370 1466 5401 ⁵³
1497 5369 1682 5422 Matth.
1721 5384 1864 5428 xxw,
1897 5369 1946 5421 7.
2027 5368 2071 5398 "‘
2100 5368 2258 5424 Rom.
2290 5388 2341 5437 v,
2381 5371 2431 5425 5.
2512 5370 2556 5402 ”
2581 5369 2735 5425 Cant.
2773 5384 2846 5432 vl,
2887 5369 2938 5421 7.
3011 5367 3057 5399 '°
3085 5366 3130 5421 ll
3160 5367 3300 5422 Tim.
3335 5385 3408 5430 Iv,
3441 5368 3491 5421 7.

204 5448 250 5481 ’ν
289 5448 309 5502 l
349 5449 492 5504 Cor.
534 5443 606 5510 Ii,
638 5447 727 5500 24.
806 5445 850 5475 ⁸⁸
879 5444 1030 5497 Joan.
1066 5458 1145 5507 III,
1173 5443 1262 5495 ‘29.

279 5585 414 5650 (10)
456 5580 644 5638 Codex
678 5581 1004 5637 Beccensis:
1039 5581 1099 5638 Si
1140 5582 1407 5650 peccatrix
1446 5597 1602 5650 super
1629 5583 1802 5651 pedes,

204 5667 256 5712 et
281 5674 351 5711 ea
373 5668 508 5725 qua!
528 5651 728 5725 dicitur
741 5653 904 5725 fuisse
921 5656 1210 5725 peccatrix,
1236 5670 1337 5707 non
1359 5654 1628 5722 peccatrix
1657 5668 1811 5720 super

205 5738 376 5797 caput
392 5724 397 5725 ⁷
415 5725 538 5797 ejus
571 5724 774 5797 [adiice
801 5724 1084 5797 invenitur.

281 5799 414 5869 (ll)
447 5793 656 5850 ’Codex
693 5793 1031 5850 Turonensis
1082 5814 1094 5848 :

522 5912 798 5973 PATROL.
833 5911 951 5974 Gn.
999 5912 1174 5973 Xlll.

1147 5811 1306 5864 quam
1351 5790 1558 5863 pulchri
1606 5809 1812 5862 sponsae

1912 5585 2064 5654 pedes
2087 5603 2204 5656 quia
2253 5586 2482 5640 nondum
2535 5583 2790 5656 ﬁduciam
2823 5585 3039 5651 habens,
3072 5594 3174 5641 etc.
3221 5586 3322 5641 Alii
3362 5605 3473 5642 mss

1919 5665 1979 5709 ut
2031 5654 2107 5736 in;
2132 5667 2318 5711 nostro
2360 5667 2528 5711 textu.
2565 5654 2720 5710 Libb.
2757 5657 2886 5711 edit.
2920 5657 3038 5712 loco
3067 5674 3272 5726 sponste
3295 5660 3487 5714 haben‘

1919 5742 2117 5795 sponsi.

3101 5909 3140 5966 2
