3872 6516
413 278 481 333 ιδ
1467 274 1788 334 ORIGENIS
1825 274 1892 330 ΙΝ
1929 274 2286 334 CANTICUM
2325 273 2598 333 CANTIC.
3586 283 3651 331 tat

413 391 798 465 praestolamur
831 391 1146 460 adventum,
1183 391 1319 448 laetae
1351 393 1647 450 concinunt
1676 412 1688 446 :
1723 391 1982 446 Exsulta—
2011 391 2058 447 A
2086 390 2226 446 hanc
2247 401 2488 446 nostram
2520 386 2914 458 Ethiopissam
2946 384 3376 458 transmigravit.
3405 383 3650 444 Murmu-

407 485 579 542 bimus
623 495 673 542 et
713 486 1015 542 latabimur
1063 487 1118 540 in
1147 495 1213 541 te.
1271 484 1378 541 Pro
1407 500 1622 556 sponsae
1653 485 1979 557 perfectione

405 576 680 632 laetantur.
707 576 826 633 Non
850 587 934 634 est
961 577 1236 633 aemulatio
1264 578 1318 632 in
1345 579 1656 633 virtutibus.
1685 579 1852 634 Amor
1880 580 1981 634 iste

407 668 672 736 mundus,
711 683 864 723 amor
908 669 1008 724 iste
1040 670 1158 724 sine
1183 670 1318 723 vitio
1348 678 1451 724 est.
1493 669 1896 725 Exsultabimus
1928 682 1977 725 et

407 759 709 816 ltetabimur
752 761 807 814 in
853 770 923 818 te.
987 759 1281 831 Diligemus
1333 762 1493 815 ubera
1542 773 1656 818 tua.
1711 761 1804 817 Illa
1856 780 1980 834 qua:

406 850 582 918 major
615 858 719 916 est,
762 850 876 919 jam
929 859 1147 906 tuorum
1199 851 1425 907 uberum
1473 852 1612 909 lacte
1654 852 1976 922 perfruitur,

403 950 459 998 et
489 941 729 1012 loquitur
756 942 1072 998 exsultans:
1102 940 1252 996 Bona
1275 943 1436 998 ubera
1468 953 1560 997 tua
1589 961 1744 1014 super
1773 945 1974 1000 vinum.

402 1032 524 1089 Istae
553 1049 679 1088 vero
708 1049 831 1104 quae
869 1035 1289 1091 exsultationem
1324 1045 1378 1090 et
1417 1037 1660 1092 laetitiam
1701 1036 1976 1107 deferunt,

399 1126 821 1186 adolescentulae
866 1129 1071 1200 quippe
1117 1137 1279 1194 sunt,
1346 1129 1598 1184 deferunt
1628 1130 1973 1196 charitatem,

398 1233 453 1278 et
487 1221 678 1280 dicunt
708 1240 724 1278 :
757 1222 1157 1279 Exsultabimus
1190 1232 1243 1280 et
1275 1222 1578 1280 la'tabimur
1621 1225 1678 1278 in
1724 1234 1792 1280 te.
1834 1224 1975 1279 Dili-

399 1332 576 1385 gemus
610 1315 766 1370 ubera
800 1324 891 1368 tua
913 1331 1070 1386 super
1095 1315 1292 1371 vinum.
1347 1314 1668 1387 Diligemus,
1698 1315 1972 1385 inquiunt,

400 1422 508 1459 non
565 1406 865 1477 diligimus.
931 1407 1134 1462 Deinde
1187 1407 1488 1478 loquuntur
1551 1409 1618 1463 ad
1673 1423 1970 1479 sponsam:

394 1499 650 1569 Αἳᾳυὶιαε
697 1499 884 1554 dilexit
931 1510 999 1554 te.
1051 1499 1300 1556 Laudant
1331 1515 1612 1570 sponsam,
1647 1518 1846 1557 nomen
1895 1503 1972 1556 illi

393 1592 668 1661 aequitatis
701 1607 730 1646 a
757 1593 991 1663 propriis
1015 1591 1308 1650 virtutibus
1333 1595 1693 1665 imponentes.
1718 1593 1970 1666 Equitas

393 1680 582 1736 dilexit
617 1691 682 1736 te.

2087 489 2170 535 ret
2215 481 2398 537 Aaron
2451 479 2815 536 sacerdotium
2860 476 3205 544 Iudaeorum,
3255 489 3554 534 murmuret
3599 491 3652 534 et

2086 569 2256 624 Maria
2302 583 2576 642 synagoga
2621 583 2844 634 eorum;
2889 567 3100 640 Moyses
3130 569 3196 624 de
3225 570 3655 626 murmuratione

2089 678 2195 717 non
2229 672 2405 728 curat,
2436 671 2584 717 amat
2603 659 2999 732 Ethiopissam
3027 677 3207 726 suam,
3231 661 3298 717 de
3319 677 3427 732 qua
3451 672 3506 717 et
3526 661 3652 717 alibi

2086 754 2286 809 dicitur
2315 769 2408 823 per
2436 753 2757 831 prOphetam
2789 768 2802 804 :
2836 751 2912 802 Ab
2947 752 3194 805 extremis
3221 752 3496 820 fluminum
3525 753 3655 821 alre-

2087 850 2199 894 rent
2233 842 2434 897 hostias
2457 842 2523 894 ⁶¹.
2551 840 2618 896 Et
2644 856 2860 896 rursum
2890 859 2904 894 :
2930 839 3211 912 {Et/tiopia
3241 844 3516 912 praeveniet
3542 860 3657 896 ma-

2084 949 2182 986 nus
2211 933 2324 1002 ejus
2354 932 2459 988 Dea
2485 933 2552 988 ⁸³.
2579 932 2812 988 Pulchre
2841 934 3168 1004 praeveniet;
3198 935 3472 1004 qumnodo
3509 935 3652 990 enim

2085 1024 2139 1081 in
2181 1027 2474 1097 Evangelio
2503 1026 2702 1080 mulier
2732 1026 2819 1080 illa
2853 1041 2975 1094 quae
3009 1027 3275 1096 sanguine
3312 1025 3530 1091 ﬂuebat,
3563 1041 3656 1081 ar-

2087 1119 2438 1190 chisynagogi
2468 1119 2635 1174 tiliam
2659 1119 2941 1174 curatione
2968 1119 3232 1187 praevenit
3253 1118 3321 1185 “,
3347 1119 3425 1174 sic
3447 1117 3658 1174 {Ethio-

2081 1209 2170 1280 pia
2201 1209 2367 1264 Israel
2392 1217 2688 1280 aegrotante
2725 1217 2914 1263 sanata
2948 1218 3051 1261 est.
3087 1205 3314 1260 Illorum
3345 1207 3537 1262 delicto
3567 1224 3656 1264 sa-

2080 1303 2162 1356 lus
2205 1303 2444 1373 gentibus
2497 1302 2640 1371 facta
2677 1312 2752 1355 est
2790 1302 2859 1354 ad
2894 1300 3250 1354 teinulantlum
3278 1315 3364 1354 eos
3388 1299 3452 1354 ⁸⁸.
3480 1299 3656 1371 Nigra

2080 1411 2198 1448 sum
2225 1406 2273 1450 et
2298 1396 2552 1464 speciosa,
2581 1393 2710 1463 ﬁliae
2739 1393 3093 1448 Hierusalem.
3121 1391 3186 1448 Et
3209 1403 3288 1457 tu,
3317 1395 3653 1452 ecclesiasti-

2081 1503 2140 1542 ca
2171 1489 2374 1551 anima,
2407 1487 2475 1542 ad
2506 1487 2646 1543 tilias
2676 1486 3014 1542 Hierusalem
3038 1496 3297 1544 converte
3318 1503 3652 1555 sermonem,

2077 1589 2133 1635 et
2161 1582 2289 1636 dic:
2321 1580 2404 1636 Me
2452 1581 2574 1653 plus
2624 1579 2771 1636 amat
2820 1596 3076 1650 sponsus,
3127 1597 3215 1638 me
3260 1580 3434 1653 magis
3479 1581 3657 1652 diligit

2078 1690 2242 1745 quam
2286 1690 2404 1740 vos,
2450 1690 2574 1745 quae
2620 1673 2802 1729 multae
2833 1674 2956 1729 lilia:
2985 1672 3346 1729 llierusalem.
3376 1671 3488 1730 Vos
3516 1673 3656 1730 foris

465 1770 521 1830 6,
561 1771 799 1830 Rursum
841 1773 907 1830 ad
944 1775 1378 1833 adolescentulas
1425 1792 1628 1848 sponsa
1679 1778 1971 1848 responde;
2001 1761 2045 1817 Β
2076 1767 2256 1832 statis,
2283 1777 2334 1822 et
2357 1781 2615 1837 Sponsam
2642 1766 2954 1822 cubiculum
2987 1765 3180 1820 videtis
3214 1765 3528 1821 intrantem.
3557 1765 3657 1821 Ne-

396 1865 566 1935 (vers.
584 1865 638 1931 5,
675 1865 728 1937 6)
759 1885 772 1922 :
803 1866 974 1939 Nigra
1007 1887 1140 1936 sum,
1167 1880 1217 1925 et
1257 1871 1511 1939 speciosa,
1544 1871 1673 1941 ﬁlia:
1709 1870 1970 1926 Hierusa-

391 1953 517 2022 lem,
548 1965 605 2010 ut
637 1957 977 2013 tabernacula
1005 1960 1198 2028 Cedar,
1238 1970 1294 2013 ut
1323 1961 1482 2030 pelles
1508 1959 1828 2016 Salomonis.
1866 1961 1969 2033 15

395 2045 479 2104 Ne
499 2048 811 2105 intueamini
840 2069 938 2118 me,
977 2055 1100 2124 quia
1133 2071 1225 2124 ego
1253 2071 1369 2109 sum
1391 2056 1690 2126 denigrata,
1718 2059 1970 2127 quoniam

391 2140 627 2210 despexit
654 2159 733 2197 me
772 2143 873 2198 sol.
907 2142 1164 2214 Speciosa
1191 2148 1406 2215 quidem
1439 2157 1543 2214 est,
1587 2157 1642 2203 et
1672 2166 1968 2218 possumus

393 2228 636 2285 invenire
683 2233 958 2302 quomodo
1008 2235 1255 2304 speciosa
1290 2237 1362 2291 sit
1397 2252 1640 2306 sponsa;
1673 2241 1971 2309 quaerimus

391 2335 574 2379 autem
608 2325 885 2395 quomodo
917 2327 1072 2397 nigra
1103 2337 1155 2383 et
1193 2329 1313 2384 sine
1342 2331 1578 2386 candore
1613 2333 1685 2386 sit
1720 2333 1964 2402 pulchra.

392 2414 778 2474 Paenitentiam
815 2420 926 2492 egit
949 2437 981 2475 a
1008 2425 1277 2492 peccatis,
1309 2427 1544 2495 speciem
1573 2427 1622 2481 ei
1653 2427 1844 2498 largita
1884 2437 1970 2484 est

390 2511 696 2576 conversio,
720 2521 772 2567 et
796 2513 919 2568 ideo
941 2514 1186 2583 speciosa
1221 2525 1494 2572 cantatur.
1521 2516 1660 2584 Quia
1683 2533 1810 2574 vero
1841 2535 1968 2575 nec-

390 2601 520 2657 dum
570 2605 814 2659 omnium
864 2615 1210 2676 peccatorum
1257 2608 1416 2665 sorde
1454 2619 1700 2682 purgata,
1735 2612 1967 2667 necdum

391 2693 500 2749 lota
531 2705 614 2754 est
643 2695 699 2752 in
727 2699 923 2765 salute,
969 2699 1124 2770 nigra
1165 2700 1384 2767 dicitur,
1417 2702 1511 2758 sed
1550 2703 1603 2757 in
1637 2712 1757 2758 atro
1782 2705 1968 2761 colore

391 2803 499 2843 non
535 2802 837 2860 permanet.
881 2789 1070 2862 Itaque
1111 2794 1343 2848 candida
1387 2795 1609 2864 quando
1649 2796 1716 2852 ad
1755 2796 1964 2868 majora

388 2879 690 2951 consurgit,
725 2890 778 2936 et
805 2898 927 2937 cum
969 2883 1037 2938 ab
1068 2885 1366 2940 humilibus
1389 2886 1578 2959 incipit
1603 2887 1672 2943 ad
1699 2886 1809 2943 alta
1837 2904 1966 2945 con-

387 2973 670 3039 scendere,
693 2973 1000 3047 dieiturqne
1023 2975 1092 3031 de
1115 2993 1177 3032 ea
1203 2995 1218 3032 :
1254 2978 1385 3043 Quae
1414 2991 1489 3034 est
1522 2981 1626 3034 ista
1651 2999 1770 3052 quae
1790 3001 1966 3038 ascen-

386 3063 466 3163 dit
503 3064 753 3122 dealbata
777 3068 842 3123 ³⁸.
886 3068 950 3123 Et
993 3084 1103 3140 quo
1145 3069 1489 3126 manifestius
1519 3072 1620 3128 hoc
1642 3076 1961 3145 mysterium
1991 3105 2033 3163 ρ

386 3153 745 3224 describatur,
777 3176 885 3215 non
910 3161 1006 3228 ait,
1043 3170 1097 3216 ut
1126 3162 1178 3216 in
1211 3162 1484 3233 plerisque
1512 3165 1811 3234 codicibus,
1840 3169 1968 3242 legi-

387 3255 474 3302 tur
493 3266 509 3304 :
529 3248 723 3306 lnnixa
755 3269 910 3321 super
939 3253 1245 3323 fratruelem
1273 3273 1448 3322 suum,
1480 3257 1532 3312 id
1553 3268 1656 3326 est,
1679 3260 1965 3334 ἐπιστηρι-

384 3337 585 3412 ζομένη
613 3343 705 3396 ἐπὶ
727 3344 818 3398 τὸν
847 3344 1156 3415 ἀδελφιδοῦν
1173 3347 1360 3418 αὐτῆς,
1395 3349 1487 3405 sed
1507 3351 1962 3429 ὲπιστηριζομένη

383 3433 476 3487 ἐπὶ
505 3434 564 3487 τὸ
592 3435 786 3508 στῆθος
814 3437 999 3503 αὑτοῦ,
1034 3439 1084 3493 id
1113 3450 1215 3503 est,
1247 3457 1402 3510 super
1421 3451 1598 3510 pectus
1629 3445 1742 3512 ejus
1768 3462 1965 3499 recum-

384 3523 530 3590 bens,
561 3525 1038 3598 significanterque
1070 3531 1136 3584 de
1170 3532 1351 3586 anima
1382 3549 1595 3603 sponsae
1622 3545 1676 3590 et
1707 3553 1964 3593 sermone

383 3614 601 3683 dicitur,
637 3633 802 3688 super
839 3629 1028 3690 pectus
1056 3621 1204 3678 illius
1233 3626 1575 3691 recumbens,
1608 3629 1736 3698 quia
1761 3630 1962 3698 princi-

381 3708 502 3779 pale
533 3709 605 3764 ibi
635 3711 818 3766 cordis
849 3724 932 3767 est
958 3715 1153 3770 nostri.
1183 3712 1337 3771 Unde
1376 3733 1407 3772 a
1451 3721 1764 3778 carnalibus
1807 3738 1959 3778 rece-

380 3801 569 3856 dentes
593 3803 860 3874 spiritalia
888 3806 1088 3862 sentire
1117 3808 1399 3879 debemus,
1422 3819 1476 3866 et
1504 3812 1801 3884 intelligere
1826 3817 1962 3871 mul-

380 3901 437 3948 to
472 3895 666 3951 melius
695 3913 817 3953 esse
851 3899 930 3954 sic
960 3914 1168 3966 amare,
1220 3918 1387 3973 quam
1437 3919 1623 3960 amare
1667 3907 1954 3964 desistere.

377 3985 641 4042 Ascendit
689 3988 853 4057 igitur
904 3992 1228 4049 recumbens
1263 4009 1428 4064 super
1457 4005 1647 4064 pectus
1681 3995 1958 4055 fratruelis

377 4073 462 4127 sui
491 4091 505 4128 :
543 4086 594 4130 et
623 4091 745 4148 quae
775 4093 920 4134 nunc
946 4079 1001 4134 in
1025 4083 1250 4138 exordio
1280 4086 1478 4141 cantici
1510 4087 1662 4158 nigra
1709 4091 1952 4158 ponitur,

375 4165 430 4222 in
457 4169 792 4238 epithalamii
820 4171 924 4227 line
947 4171 1013 4227 de
1039 4184 1104 4229 ea
1135 4185 1385 4231 cantatur
1409 4195 1421 4231 :
1451 4178 1582 4244 Quae
1610 4189 1686 4234 est
1712 4182 1816 4236 ista
1836 4200 1954 4254 quae

374 4262 610 4317 ascendit
645 4263 892 4319 dealbata
916 4266 993 4321 ὀἳ
1017 4266 1384 4326 Intelleximus
1413 4275 1688 4342 quomodo
1723 4285 1776 4332 et
1800 4279 1952 4349 nigra

373 4364 440 4412 et.
463 4354 704 4412 formosa
745 4358 815 4412 sit
858 4374 1080 4428 sponsa.
1133 4361 1190 4414 Si
1217 4372 1400 4417 autem
1443 4374 1498 4418 et
1535 4376 1589 4419 tu
1632 4384 1737 4422 non
1775 4373 1952 4440 egeris

2074 1874 2165 1913 mo
2191 1859 2400 1914 dubitet
2421 1859 2630 1930 nigram
2657 1869 2902 1914 vocatam
2927 1874 3048 1914 esse
3073 1857 3393 1915 formosam.
3421 1856 3524 1928 Qui
3550 1872 3656 1914 nos

2073 1966 2285 2016 sumus,
2319 1960 2378 2006 ut
2408 1965 2804 2022 cognoscamus
2835 1950 3026 2014 Deum.
3079 1960 3138 2007 ut
3179 1950 3405 2008 Cantica
3451 1950 3656 2007 cantici

2072 2045 2451 2114 praedia-mus,
2482 2054 2541 2098 ut
2566 2044 2634 2099 ab
2656 2043 2947 2115 Ethiopian
2973 2043 3196 2110 liuibus,
3222 2054 3281 2098 ut
3309 2043 3376 2099 ab
3399 2052 3652 2099 extremo

2071 2145 2232 2192 terra:
2260 2137 2566 2192 venerimus
2591 2137 2911 2206 sapientiam
2942 2137 3054 2193 veri
3087 2137 3276 2192 audire
3305 2135 3657 2192 Salomonis?

2073 2227 2137 2284 Et
2178 2230 2402 2300 quando
2443 2229 2742 2286 Salvatoris
2787 2245 2888 2284 vox
2936 2230 3235 2284 intonantis
3265 2231 3484 2285 auditur
3509 2248 3523 2283 :
3548 2230 3656 2285 Re-

2071 2323 2193 2392 gina
2234 2323 2419 2377 Austri
2458 2323 2620 2377 veniet
2664 2325 2716 2377 in
2751 2323 3045 2392 judicium,
3073 2332 3124 2377 et
3161 2313 3523 2378 condemnabit
3554 2324 3656 2379 Ito-

2070 2411 2236 2466 mines
2267 2413 2620 2482 generationis
2649 2412 2827 2482 hujus,
2875 2414 3000 2482 quia
3038 2414 3172 2467 venit
3205 2430 3238 2466 a
3263 2413 3456 2483 ﬁnibus
3493 2397 3654 2469 terra

2072 2503 2258 2556 audire
2292 2505 2608 2572 sapientiam
2635 2503 2958 2573 Salomonis,
2989 2514 3038 2559 et
3069 2521 3183 2560 ecce
3217 2505 3334 2574 plus
3367 2522 3524 2576 quam
3548 2506 3654 2562 Sa-

2069 2595 2246 2649 lomon
2288 2595 2439 2650 hic“
2471 2614 2486 2653 :
2523 2597 2649 2652 audi
2695 2598 2923 2669 mystica
2971 2613 3093 2668 qua:
3134 2597 3409 2653 dicantur.
3440 2597 3653 2669 Regina

2067 2686 2256 2744 Austri
2291 2689 2436 2744 venit
2467 2704 2498 2744 a
2529 2689 2729 2744 linilms
2761 2699 2917 2746 terrae
2938 2689 3201 2757 Ecclesia,
3230 2699 3286 2745 et
3316 2690 3655 2746 condemnat

2070 2785 2322 2840 homines
2355 2784 2725 2855 generationis
2750 2783 2940 2854 hujus,
2973 2783 3024 2838 id
3058 2791 3141 2838 est
3165 2781 3383 2839 Judaeos
3411 2783 3563 2838 carni
3594 2794 3655 2838 et

2067 2875 2322 2947 sanguini
2368 2877 2602 2932 deditos.
2645 2875 2805 2931 Venit
2835 2892 2866 2930 a
2900 2876 3100 2931 finibus
3141 2884 3298 2931 terra:
3335 2874 3526 2932 audire
3555 2891 3655 2932 sae

2067 2969 2328 3039 pientiam
2366 2969 2698 3034 Salomonis,
2753 2985 2864 3024 non
2897 2969 3044 3025 illius
3079 2969 3172 3039 qui
3205 2969 3258 3023 in
3294 2967 3654 3024 Testamento

2069 3059 2249 3117 Veteri
2274 3063 2620 3131 praedicatur,
2650 3063 2744 3118 sed
2773 3061 2935 3132 hujus
2957 3063 3051 3132 qui
3081 3062 3137 3116 in
3166 3061 3458 3133 Evangelio
3486 3060 3655 3120 Salo-

2068 3171 2230 3212 mone
2260 3158 2437 3229 major
2465 3169 2565 3213 est.
2607 3157 2780 3229 Nigra
2803 3175 2919 3213 sum
2941 3168 2990 3212 et
3013 3159 3270 3230 speciosa,
3297 3158 3425 3232 ﬁlia:
3453 3155 3654 3212 Hieru-

2065 3250 2252 3315 salem,
2299 3251 2451 3320 nigra
2496 3251 2630 3304 velut
2679 3251 3022 3306 tabernacula
3075 3249 3270 3316 Cedar,
3310 3253 3543 3320 speciosa
3585 3262 3652 3304 ut

2065 3341 2222 3410 pelles
2251 3341 2574 3398 Salomonis.
2614 3345 2732 3414 Ipsa
2768 3359 2988 3414 quoque
3019 3345 3238 3397 nomina
3273 3358 3397 3399 cum
3425 3357 3654 3413 sponsae

2066 3436 2260 3492 decore
2289 3438 2640 3492 conveniunt.
2671 3437 2840 3490 Aiunt
2860 3436 3066 3491 Hebraei
3095 3433 3268 3491 Cedar
3294 3436 3649 3506 interpretari

2065 3530 2338 3586 tenebras.
2366 3529 2529 3601 Nigra
2572 3547 2693 3587 sum
2725 3545 2855 3602 ergo
2881 3537 2940 3584 ut
2978 3530 3325 3586 tabernacula
3359 3530 3552 3598 Cedar,
3581 3541 3652 3586 ut

2064 3621 2384 3692 Ethiopes;
2435 3625 2679 3693 speciosa
2735 3632 2794 3678 ut
2841 3623 3006 3694 pelles
3050 3620 3360 3678 Salomonis
3400 3638 3539 3693 quas
3575 3639 3651 3679 eo

2063 3727 2305 3786 tempore
2328 3717 2382 3770 in
2407 3716 2740 3773 tabernaculi
2765 3725 3090 3771 ornamento
3111 3715 3436 3785 composuit,
3463 3731 3652 3784 quan-

2061 3808 2132 3862 do
2167 3809 2424 3878 templum
2458 3825 2676 3864 summo
2700 3809 2884 3864 studio
2911 3819 2965 3864 et
2996 3809 3181 3864 labore
3212 3809 3509 3864 fabricatus
3532 3818 3644 3864 est.

2063 3898 2224 3957 Dives
2267 3903 2466 3972 quippe
2512 3900 2792 3969 Salomon,
2827 3912 2879 3958 et
2915 3903 2970 3956 in
3003 3903 3152 3957 omni
3190 3903 3455 3974 sapientia
3488 3903 3648 3959 illius

2061 4011 2221 4048 nemo
2261 3992 2535 4064 praecessit
2571 3996 2744 4049 illum.
2781 3994 2956 4066 Nigra
2984 4011 3102 4050 sum
3139 4005 3190 4050 et
3227 3997 3484 4065 speciosa,
3506 3996 3646 4066 ﬁlim

2062 4087 2420 4152 Hierusalem,
2455 4100 2510 4142 ut
2541 4089 2882 4143 tabernacula
2914 4087 3106 4156 Cedar,
3127 4099 3184 4142 ut
3207 4089 3365 4157 pelles
3390 4087 3647 4146 Salomo-

2059 4183 2163 4237 nis.
2204 4181 2288 4237 Ne
2315 4182 2636 4238 itttueamini
2668 4198 2768 4249 me,
2795 4182 2918 4251 quia
2941 4198 3031 4251 ego
3057 4197 3174 4234 sum
3201 4181 3497 4250 denigrata.
3534 4181 3644 4238 Sa-

2056 4273 2258 4330 tisfecit
2292 4273 2357 4327 de
2392 4275 2608 4344 nigrore
2641 4288 2761 4336 suo,
2789 4281 2842 4326 et
2872 4287 2966 4342 per
3006 4271 3380 4341 paenitentiam
3409 4275 3478 4327 ad
3516 4287 3641 4327 me-

2059 4365 2197 4418 liora
2232 4377 2497 4417 conversa
2528 4364 2818 4418 annuntiat
2849 4379 2907 4419 se
2955 4362 3166 4418 filiabus
3210 4361 3375 4417 lsrael
3420 4362 3637 4436 nigram

373 4450 775 4519 paenitentiam,
819 4467 952 4506 cave
994 4467 1061 4506 ne
1098 4454 1280 4509 anima
1327 4466 1418 4510 tua
1461 4458 1612 4527 nigra
1654 4461 1868 4514 dicatur
1898 4471 1952 4516 et
1985 4458 2028 4512 Ι)
2057 4443 2274 4526 quidem
2312 4471 2454 4522 esse,
2499 4453 2593 4510 sed
2631 4455 2936 4526 pulchram,
2967 4455 3266 4511 secundum
3297 4455 3441 4525 quod
3471 4471 3642 4526 supe-

374 4543 571 4612 turpis,
606 4551 663 4600 et
695 4543 898 4614 duplici
929 4543 1170 4600 fceditatc
1215 4547 1452 4616 turperis
1489 4566 1502 4600 :
1531 4549 1682 4618 nigra
1732 4562 1951 4620 propter

370 4643 593 4704 peccata
621 4636 916 4705 praeterita,
967 4637 1142 4706 turpis
1185 4647 1405 4707 prOpter
1439 4639 1542 4693 hoc
1577 4643 1704 4710 quia
1745 4642 1801 4695 in
1842 4642 1953 4697 eis-

369 4727 494 4780 dem
529 4727 674 4784 vitiis
712 4742 1048 4798 perseveras.
1088 4726 1146 4782 Si
1191 4745 1317 4784 vero
1344 4732 1717 4800 paenitentiam
1748 4735 1949 4805 egeris,

371 4820 524 4892 nigra
557 4822 661 4876 erit
702 4822 885 4877 anima
929 4831 1019 4877 tua
1061 4833 1280 4894 propter
1309 4825 1534 4895 antiqua
1568 4827 1786 4892 delicta,
1817 4845 1947 4898 pro-

369 4920 489 4982 pter
516 4914 888 4984 paenitentiam
922 4931 1048 4970 vero
1079 4917 1296 4972 habebit
1317 4917 1544 4988 aliquid,
1567 4930 1625 4974 ut
1649 4921 1721 4975 ita
1745 4921 1945 4990 dicam,

369 5005 665 5078 Ethiopici
693 5009 926 5065 decoris.
963 5009 1029 5065 Et
1064 5011 1191 5080 quia
1226 5013 1395 5068 semel
1435 5012 1740 5084 Ethiopem
1768 5017 1947 5070 nomi-

366 5099 514 5163 navi,
542 5101 668 5155 volo
706 5111 896 5157 testem
936 5103 1273 5173 Scripturam
1303 5120 1468 5174 super
1504 5106 1649 5161 hunc
1679 5107 1946 5164 advocare

367 5206 697 5246 sermonem.
723 5192 900 5246 Aaron
925 5203 979 5248 et
1010 5193 1179 5250 Maria
1211 5204 1552 5249 murmurant
1582 5197 1709 5266 quia
1731 5196 1945 5265 Moyses

365 5283 762 5354 .Etliiopissam
822 5286 986 5340 habet
1045 5303 1272 5343 uxorem
1308 5289 1373 5342 ⁸⁸.
1437 5289 1501 5344 Et
1526 5307 1670 5346 nunc
1726 5292 1940 5365 Moyses

366 5375 757 5446 ASthiopissam
799 5377 951 5432 ducit
994 5394 1217 5436 uxorem
1247 5399 1262 5435 :
1306 5381 1574 5452 siquidem
1607 5385 1690 5438 lex
1723 5385 1840 5456 ejus
1870 5391 1938 5445 ad

435 5535 480 5568 "
503 5537 664 5592 Cant.
699 5553 820 5605 vm,
859 5539 910 5593 5.
967 5538 1010 5570 '°
1044 5538 1199 5594 Cant.
1234 5553 1354 5599 vm.
1392 5540 1446 5595 5.
1488 5539 1530 5570 ⁶¹
1562 5538 1724 5593 Num.
1757 5555 1856 5604 xu,
1885 5543 1934 5596 l.

364 5607 409 5638 "
431 5607 588 5662 Rom.
620 5623 693 5671 xl,
729 5608 811 5662 ll.
892 5609 939 5640 “
969 5607 1156 5664 Matth.
1184 5625 1280 5676 xu,
1311 5609 1401 5665 41.
1481 5609 1523 5642 ⁸⁷
1555 5609 1715 5666 Rom.
1743 5628 1820 5679 x1,
1853 5614 1914 5668 ll

433 5749 544 5822 (19.)
585 5748 739 5818 Mss.,
771 5750 973 5820 excepi.
998 5748 1154 5813 Libb.
1183 5749 1338 5816 etlit.,
1370 5751 1565 5820 accepi.

2055 4550 2171 4602 rius
2196 4548 2574 4617 exposuimus,
2607 4556 2660 4601 et
2683 4549 2815 4602 dicit
2841 4567 2856 4603 :
2885 4547 2966 4602 Ne
3004 4548 3319 4602 intueamini
3365 4564 3466 4612 me,
3505 4549 3639 4618 quia

2051 4655 2143 4709 ego
2175 4654 2290 4690 sum
2324 4638 2625 4708 denigrata.
2672 4636 2770 4704 Ne,
2815 4639 3011 4708 inquit,
3047 4636 3395 4691 admiremini
3429 4635 3638 4693 coloris

2052 4749 2174 4788 esse
2211 4747 2297 4786 me
2325 4732 2469 4798 tetri,
2504 4732 2586 4786 sol
2619 4730 2864 4800 despexit
2897 4747 3004 4786 me.
3041 4729 3208 4786 Pleno
3239 4729 3442 4802 quippe
3477 4729 3638 4786 radio

2053 4825 2105 4878 in
2141 4839 2227 4879 me
2259 4824 2484 4879 luminis
2517 4825 2600 4880 sui
2629 4823 2808 4895 fulgor
2845 4823 3044 4888 illuxit,
3086 4830 3144 4876 ut
3170 4821 3290 4892 ejus
3315 4821 3417 4874 sim
3445 4821 3637 4880 calore

2053 4916 2284 4972 fuscata.
2323 4915 2511 4986 Neque
2546 4916 2690 4970 enim
2726 4924 2784 4969 ut
2826 4913 3108 4982 decuerat,
3143 4921 3204 4968 ut
3234 4913 3364 4970 solis
3392 4912 3636 4982 dignitas

2051 5008 2354 5078 expetebat,
2397 5007 2543 5062 illius
2582 5007 2636 5060 in
2667 5023 2752 5062 me
2793 5007 2978 5062 lumen
3023 5007 3208 5076 excepi
3235 5004 3347 5075 (-12)
3378 5023 3390 5059 :
3418 5004 3633 5060 Delicto

2047 5117 2226 5155 eorum
2258 5099 2402 5154 salus
2434 5100 2672 5170 gentibus
2704 5099 2847 5168 facta
2880 5108 2956 5153 est
2981 5100 3062 5166 ⁶⁷;
3097 5110 3150 5155 et
3175 5113 3369 5153 rursus
3403 5116 3418 5153 :
3446 5096 3635 5157 Incre-

2047 5194 2272 5247 dnlitate
2313 5196 2543 5263 gentium
2597 5193 2818 5246 scientia
2865 5191 3054 5246 Israel.
3111 5191 3290 5248 llabes
3333 5202 3632 5263 utrumque

2050 5290 2189 5358 apud
2221 5287 2560 5358 Apostolum.

2121 5383 2172 5439 7.
2217 5381 2372 5437 Vers.
2406 5379 2459 5434 6.
2496 5379 2629 5434 Filii
2664 5380 2854 5435 matris
2891 5395 3017 5434 mete
3043 5385 3404 5450 pugnaverunt
3435 5376 3628 5432 aduer-

2013 5541 2219 5600 “Psal.
2256 5556 2429 5608 Lxxu,
2465 5540 2552 5596 10.
2605 5539 2650 5572 ⁸³
2677 5538 2821 5597 Psal.
2847 5553 3038 5603 vam,
3065 5536 3156 5592 '51.
3209 5535 3253 5568 “
3282 5531 3475 5592 Matth.
3509 5547 3590 5590 ts.
