3872 6530
218 304 285 361 π,
1688 294 1969 350 nonum
2013 295 2050 351 l.
3387 305 3457 359 to

216 434 328 473 sum
375 432 479 470 me.
523 415 997 472 Considerandum
1037 413 1315 486 quomodo
1356 427 1555 482 sponsa
1605 410 1786 465 dicat:
1819 411 1865 468 Δ
1893 407 1959 463 Ει
1984 411 2111 480 quia
2140 411 2372 468 aliorum
2425 417 2690 473 erubesco
2741 425 3014 489 aspectus,
3049 417 3244 476 faciem
3272 435 3451 477 meam

226 508 348 564 Filii
403 511 594 563 matris
646 524 776 564 mete
832 515 1190 578 pugnaverunt
1240 505 1513 560 adversum
1570 521 1682 569 me;
1736 516 1792 562 et

217 602 434 668 quando
458 602 727 672 adversus
757 617 877 656 eam
907 599 1133 655 fratrum
1161 615 1339 670 pugna
1365 601 1621 655 surrexit.
1655 599 1790 655 Vide

213 694 444 754 Paulum
489 693 753 748 Ecclesiae
791 701 1216 762 persecutorem,
1257 702 1311 747 et
1348 692 1614 762 intelliges
1647 707 1787 762 quo-

214 788 376 843 modo
403 787 550 841 filius
581 786 774 841 matris
815 785 934 854 ejus
970 785 1291 855 pugnaverit
1329 785 1615 839 adversum
1643 801 1784 839 eam.

210 877 603 936 Persecutores
633 875 889 930 Ecclesiae
920 884 1146 945 egerunt
1177 877 1580 944 paenitentiam,
1609 887 1661 931 et
1693 877 1789 932 ad-

211 968 448 1024 versarii
473 969 594 1038 ejus
619 983 837 1024 rursum
866 967 932 1022 ad
962 968 1169 1022 sororis
1195 968 1346 1037 signa
1375 970 1622 1025 conversi
1651 984 1788 1038 prae-

211 1058 536 1116 dicaverunt
567 1061 727 1115 fidem
759 1076 921 1132 quam
953 1071 1078 1114 ante
1111 1060 1483 1116 destruebant.
1521 1061 1632 1116 Hoc
1662 1078 1790 1132 pro-

215 1152 433 1222 phetico
469 1154 664 1224 spiritu
697 1169 897 1224 sponsa
940 1169 1084 1208 nunc
1119 1163 1367 1217 cantans,
1403 1155 1515 1208 ait:
1550 1154 1789 1209 Dimica—

205 1255 393 1300 rcrvtnt
442 1247 501 1299 in
551 1263 652 1308 me.
702 1256 985 1316 posuerunt
1038 1261 1120 1300 me
1172 1247 1440 1301 custodem
1493 1249 1547 1300 in
1599 1251 1784 1305 vineis.

224 1335 444 1392 Vineam
496 1353 666 1391 meam
720 1355 822 1391 non
873 1339 1152 1392 custodiri.
1206 1337 1318 1409 Ego
1372 1338 1634 1410 Ecclesia,
1688 1356 1788 1412 ego

213 1444 434 1500 sponsa,
469 1444 572 1499 ego
619 1430 740 1484 sine
779 1430 1012 1495 macula,
1056 1431 1414 1500 plurimarum
1446 1444 1633 1489 custos
1664 1451 1786 1490 sum

213 1519 386 1590 posita
420 1520 706 1575 vinearum
737 1537 766 1575 a
800 1521 926 1577 ﬁliis
951 1523 1143 1578 matris
1172 1539 1326 1587 meae,
1367 1525 1459 1595 qui
1484 1533 1672 1581 contra
1701 1541 1788 1582 me

211 1610 511 1680 aliquando
553 1622 947 1683 pugnaverant.
994 1614 1111 1680 Qua
1145 1615 1515 1672 sollicitudine
1545 1633 1788 1688 curaque

207 1701 481 1769 districta,
502 1705 631 1758 dum
661 1705 843 1775 plures
871 1707 1117 1761 custodio
1138 1708 1346 1775 vineas,
1372 1708 1584 1764 vineam
1608 1726 1784 1766 meam

207 1811 320 1852 non
352 1798 592 1853 servavi.
630 1797 871 1869 Intellige
904 1799 1007 1854 hoc
1039 1801 1105 1854 de
1135 1800 1324 1866 Paulo,
1348 1811 1400 1856 et
1421 1803 1526 1856 alio
1548 1819 1788 1873 quocun-

207 1901 314 1956 que
338 1897 683 1956 sanctorum,
708 1890 802 1961 qui
825 1906 922 1962 pro
942 1892 1185 1946 omnium
1206 1893 1276 1947 sit
1296 1891 1470 1948 salute
1486 1894 1784 1964 sollicitus;

205 1986 257 2032 et
291 1977 510 2034 videbis
550 1981 829 2048 quomodo
869 1981 1081 2036 vineam
1115 1996 1270 2036 suam
1304 1997 1412 2036 non
1449 1983 1783 2047 custodiens,

207 2069 444 2124 aliorum
486 2069 668 2125 vineta
709 2071 1013 2138 cuswdiat;
1060 2073 1335 2141 quomodo
1367 2073 1529 2128 etiam
1565 2082 1622 2128 ut
1649 2073 1785 2129 alios

208 2161 541 2230 lucrifaciat,
567 2163 673 2235 ιθ
693 2163 806 2232 ipse
830 2164 882 2218 in
906 2164 1234 2235 quibusdam
1261 2165 1459 2220 damna
1479 2165 1747 2220 sustineat
1771 2185 1782 2220 :

207 2259 409 2313 etenim
446 2273 575 2313 cum
615 2258 779 2314 fuerit
808 2260 944 2314 liber
978 2275 1042 2315 ex
1089 2261 1364 2323 omnibus,
1401 2261 1640 2330 seipsum
1671 2275 1788 2317 ser-

208 2363 330 2404 vum
365 2348 518 2415 fecit,
557 2358 619 2403 ut
649 2365 840 2406 omnes
874 2350 1252 2407 lucrifaceret:
1292 2350 1490 2406 Factus
1529 2368 1666 2417 sum,
1702 2354 1786 2407 in-

207 2441 342 2511 quit,
376 2440 630 2508 inﬁrrnus
669 2443 918 2512 inﬁrmis,
945 2442 1150 2500 Judazis
1182 2443 1424 2510 Judwus,
1465 2446 1546 2498 his
1575 2447 1665 2516 qui
1690 2446 1782 2500 sub

205 2532 311 2604 lege
351 2543 534 2597 erant,
579 2536 732 2604 quasi
773 2537 868 2592 sub
902 2538 1009 2608 lege
1030 2539 1096 2603 ⁸⁸,
1140 2549 1194 2593 et
1223 2549 1448 2606 caetera;
1484 2539 1738 2611 dicatque
1770 2559 1784 2595 :

216 2624 435 2681 Vineam
463 2645 636 2683 meam
667 2644 768 2683 non
794 2626 1069 2684 custodiri.
1098 2629 1300 2686 Deinde
1332 2633 1600 2702 conspicit
1629 2649 1788 2703 spon-

205 2735 350 2788 sum,
386 2721 484 2791 qui
523 2728 849 2792 conspectus
877 2721 1136 2778 abscedit.
1166 2721 1231 2776 Et
1261 2722 1574 2794 frequenter
1601 2724 1704 2780 hoc
1731 2726 1786 2781 in

209 2821 319 2866 toto
347 2810 604 2867 carmine
635 2811 790 2878 facit,
845 2813 999 2882 'quod
1034 2813 1139 2868 nisi
1187 2814 1312 2882 quis
1361 2814 1476 2884 ipse
1525 2816 1783 2885 patiatur,

207 2917 309 2954 non
336 2908 526 2970 potest
565 2898 885 2971 intelligere.
914 2900 1084 2972 Saepe,
1122 2901 1265 2958 Deus
1295 2904 1446 2958 testis
1481 2915 1582 2969 est,
1615 2920 1784 2976 spon-

208 3008 324 3046 sum
355 2992 493 3046 mihi
523 2991 818 3047 adventare
838 2994 1118 3061 conspexi,
1143 3000 1196 3048 et
1215 3009 1426 3050 mecum
1451 3010 1570 3052 esse
1591 3011 1787 3067 quam-

207 3084 544 3153 plurimum;
581 3097 693 3154 quo
723 3083 906 3138 subito
937 3085 1238 3153 recedente,
1274 3085 1516 3142 invenire
1555 3104 1662 3144 non
1687 3104 1784 3160 po-
1813 3091 1855 3150 C

210 3175 282 3230 tui
326 3177 482 3244 quod
529 3175 864 3246 qurerebam.
915 3174 1125 3233 Rursus
1174 3178 1336 3246 igitur
1381 3179 1633 3236 desidero
1665 3183 1784 3252 ejus

207 3269 532 3330 adventum,
566 3276 621 3323 et
649 3282 1042 3338 nonnunquam
1086 3268 1281 3324 iterum
1322 3272 1498 3337 venit;
1555 3282 1610 3326 et
1660 3288 1784 3330 cum

209 3361 553 3432 apparuerit,
592 3361 838 3430 meisque
867 3361 1119 3416 manibus
1145 3361 1308 3417 fuerit
1332 3365 1783 3434 comprehensus,

208 3469 430 3510 rursum
473 3453 733 3517 elabitur,
771 3461 825 3509 et
860 3469 984 3509 cum
1027 3454 1189 3510 fuerit
1216 3458 1455 3526 elapsus,
1499 3473 1717 3515 rursum
1755 3475 1784 3515 a

210 3563 291 3602 me
316 3546 648 3618 inquiritur,
676 3556 732 3601 et
756 3545 860 3601 hoc
881 3546 1074 3601 crebro
1097 3547 1246 3611 facit,
1273 3549 1449 3605 donec
1480 3550 1630 3606 illum
1661 3566 1787 3606 vere

209 3649 452 3708 teneam,
504 3647 564 3695 et
595 3638 886 3696 ascendam
914 3639 1102 3694 innixa
1127 3639 1237 3712 (15)
1281 3657 1445 3713 super
1471 3640 1784 3699 fratruelcm

208 3748 411 3788 mcum.

272 3827 326 3881 8.
372 3823 538 3881 Vers.
569 3826 622 3880 7.
665 3825 939 3880 Annuntia
989 3826 1117 3880 ntihi
1166 3842 1316 3897 quem
1365 3828 1552 3882 dilexit
1608 3829 1786 3882 anima

207 3936 339 3981 mea,
390 3919 486 3974 ubi
521 3920 718 3988 pascis,
763 3920 851 3973 ubi
901 3920 1060 3974 cubas
1089 3922 1148 3974 in
1185 3921 1421 3975 meridie.
1452 3920 1569 3976 Non
1602 3936 1787 3991 quaero

207 4011 309 4067 alia
360 4021 638 4082 tempora,
693 4012 910 4081 quando
961 4026 1204 4082 vespere,
1255 4013 1473 4082 quando
1522 4014 1785 4079 diluculo,

207 4103 434 4174 quando
467 4104 524 4159 in
569 4104 702 4158 solis
746 4104 926 4173 pascis
970 4104 1256 4168 occubitu;
1289 4104 1420 4159 illud
1454 4113 1666 4174 tempus
1699 4107 1786 4160 in-

208 4197 390 4269 quiro,
435 4195 660 4267 quando
704 4195 928 4249 ﬂorente
974 4195 1081 4260 die,
1127 4195 1348 4267 quando
1391 4196 1548 4265 plena
1578 4198 1698 4252 luce
1731 4199 1785 4253 in

207 4287 522 4360 majestatis
571 4293 675 4342 tua:
721 4287 1010 4356 splendore
1057 4287 1313 4342 versaris.
1361 4286 1630 4341 Annuntia
1661 4290 1787 4341 mihi

205 4395 357 4451 quem
390 4379 587 4434 dilexit
637 4381 816 4432 anima
867 4395 1001 4444 mea,
1035 4379 1123 4432 ubi
1173 4379 1368 4448 pascis,
1412 4380 1503 4434 ubi
1544 4381 1702 4435 cubas
1733 4383 1786 4434 in

1890 509 2052 570 atque
2101 518 2198 558 ora
2257 521 2383 560 mox
2441 516 2729 578 contegere
2781 511 3000 582 incipio.
3069 510 3201 568 Sum
3255 514 3457 586 quippe

1889 607 2088 661 sponsa
2145 595 2422 663 formosa,
2474 607 2528 654 et
2584 602 2706 658 aliis
2761 604 2959 658 nudam
3025 603 3218 660 faciem
3277 619 3457 663 meam

1889 700 1998 738 non
2028 689 2274 755 ostendo,
2305 691 2408 744 nisi
2439 691 2532 747 tibi
2566 693 2664 747 soli
2689 710 2850 764 quem
2869 695 3194 766 jampridem
3225 696 3457 754 deoscu-

1888 775 1994 830 lata
2029 793 2171 832 sum.
2217 780 2486 836 Annuntia
2517 785 2644 837 mihi
2679 803 2828 856 quem
2857 788 3044 862 dilexit
3089 791 3271 845 anima
3317 807 3455 852 mea.

1887 869 1977 922 ubi
2008 874 2202 938 pascis,
2229 874 2315 928 ubi
2341 876 2500 931 cubas
2531 879 2586 931 in
2609 880 2841 942 meridie,
2877 882 3147 950 nequando
3170 884 3300 952 ﬁam
3321 886 3458 940 sicut

1888 973 2132 1030 cooperta
2163 981 2318 1034 super
2348 984 2526 1039 greges
2557 972 2817 1026 sodalium
2845 981 3075 1028 tuorum.
3108 973 3178 1031 Ut
3211 976 3316 1032 ista
3344 993 3458 1034 non

1888 1053 2086 1120 patiar,
2122 1065 2179 1109 ut
2204 1071 2308 1112 non
2345 1061 2469 1114 liam
2495 1072 2768 1132 cooperta,
2802 1073 2863 1118 ut
2886 1079 2983 1119 ora
3013 1080 3121 1120 non
3149 1075 3455 1139 contegam,

1886 1153 1942 1199 et
1986 1147 2053 1200 ad
2098 1147 2233 1203 alios
2275 1164 2448 1220 usque
2484 1155 2826 1222 perveniens,
2859 1156 3113 1227 incipiam
3145 1157 3371 1216 forsitan
3401 1170 3457 1217 et

1886 1250 1982 1291 eos
2025 1253 2210 1293 amare
2237 1253 2376 1310 quos
2405 1244 2625 1310 nescio;
2667 1246 2872 1302 idcirco
2905 1251 3166 1306 aununtia
3201 1253 3333 1308 mihi
3360 1252 3457 1307 ubi

1889 1338 1940 1382 te
1973 1345 2210 1400 quaeram
2253 1342 2308 1388 et
2361 1335 2629 1391 inveniam
2660 1337 2715 1393 in
2749 1341 2992 1408 meridie,
3041 1358 3109 1398 ue
3155 1343 3296 1401 forte
3326 1345 3456 1404 fiam

1887 1422 2044 1491 quasi
2073 1434 2327 1494 cooperta
2356 1441 2520 1496 super
2542 1443 2731 1498 greges
2757 1432 3022 1487 sodalium
3055 1442 3298 1490 tuorum.

1958 1513 2011 1568 9.
2049 1512 2293 1571 Posthaac
2334 1519 2496 1573 verba
2548 1534 2783 1588 sponsus
2827 1524 2877 1578 ei
2925 1529 3359 1584 communicatur
3401 1538 3458 1586 et

1889 1601 2059 1659 dicit:
2092 1607 2198 1661 Aut
2235 1623 2505 1680 cognosce
2547 1613 2887 1682 temetipsam
2929 1618 3186 1685 quoniam
3227 1622 3372 1691 regis
3395 1638 3455 1679 es

1890 1710 2111 1765 sponsa,
2145 1707 2198 1753 et
2233 1697 2489 1764 formosa,
2526 1715 2580 1757 et
2610 1719 2639 1756 a
2678 1721 2765 1760 me
2803 1705 2942 1761 facta
2973 1708 3245 1780 formosa;
3278 1715 3454 1787 siqui-

1889 1787 2010 1842 dem
2055 1804 2155 1860 ego
2203 1792 2334 1848 mihi
2383 1793 2601 1852 exhibui
2645 1796 2939 1867 gloriosam
2983 1799 3301 1871 Ecclesiam,
3342 1821 3453 1866 non

1889 1880 2176 1938 habentem
2200 1887 2489 1954 maculam,
2513 1904 2688 1958 neque
2710 1907 2901 1963 rugam
2925 1895 2988 1947 ⁸⁸.
3015 1896 3121 1952 Aut
3141 1900 3300 1964 scito,
3327 1899 3456 1969 quia

1887 1972 1932 2025 si
1965 1982 2013 2026 te
2036 1989 2142 2028 non
2172 1979 2508 2046 cognoveris,
2535 1988 2588 2034 et
2613 1991 2760 2037 tuam
2785 1983 2974 2040 scieris
2995 1987 3334 2056 dignitatem,
3357 2004 3456 2058 pa-

1889 2060 2038 2116 tieris
2097 2064 2210 2120 haec
2263 2082 2384 2135 qua:
2437 2080 2759 2140 sequuntur.
2810 2074 3069 2140 Quaenam
3122 2078 3228 2133 ista
3286 2081 3458 2135 sunt?

1889 2149 2064 2219 (Vers.
2089 2151 2166 2220 8.)
2192 2152 2252 2208 Si
2277 2172 2380 2210 non
2409 2161 3064 2230 cogaoveristcmetipsam,
3097 2181 3126 2218 ο
3155 2166 3375 2234 pulchra
3398 2169 3456 2222 in

1889 2245 2218 2311 mulieribus,
2250 2249 2490 2318 egredere
2523 2259 2577 2304 tu
2605 2252 2660 2305 in
2690 2255 2924 2324 uestigiis
2953 2272 3186 2326 gregum,
3223 2267 3273 2313 et
3299 2275 3457 2328 pasce

1889 2350 1997 2391 non
2024 2353 2213 2409 greges
2255 2341 2462 2406 ovium,
2502 2357 2609 2397 non
2657 2359 2944 2414 agnorum,
2977 2349 3070 2403 sed
3102 2349 3278 2405 htedos
3313 2361 3452 2408 tuos.

1891 2428 2103 2485 Statuet
2133 2431 2329 2502 quippe
2361 2448 2490 2490 oves
2524 2450 2552 2489 a
2583 2434 2808 2502 dextris,
2837 2447 2891 2494 et
2919 2455 2948 2494 a
2975 2440 3212 2496 sinistris
3244 2441 3452 2500 haedos.

1889 2518 1949 2575 Si
1980 2538 2084 2576 non
2122 2529 2420 2594 cognoveris
2451 2530 2792 2597 temetipsum,
2825 2549 2855 2586 ο
2886 2532 3104 2600 pulchra
3137 2535 3194 2586 in
3220 2534 3455 2591 mulieri-

1889 2613 2056 2682 ribus,
2082 2618 2324 2687 egredere
2353 2628 2407 2672 tu
2436 2620 2491 2672 in
2517 2622 2744 2691 vestigiis
2770 2639 3003 2693 gregum,
3031 2634 3080 2678 et
3105 2643 3258 2693 pasce
3276 2627 3453 2684 htcdos

1890 2714 2006 2760 tuos
2057 2714 2114 2761 in
2161 2709 2509 2766 tabernaculis
2550 2721 2840 2781 pastorum.
2877 2713 2933 2770 In
2964 2718 3226 2787 vestigiis,
3257 2719 3452 2790 inquit,

1887 2807 2164 2867 pastorum
2201 2802 2497 2857 novissima
2536 2803 2651 2869 ﬁes,
2700 2819 2804 2860 non
2835 2803 2976 2860 inter
3003 2821 3154 2872 oves,
3189 2808 3282 2862 sed
3315 2809 3456 2864 inter

1890 2889 2075 2947 haedos
2109 2899 2253 2958 tuos,
2299 2908 2424 2949 cum
2459 2895 2658 2966 quibus
2691 2895 2940 2952 habitans
2978 2914 3084 2954 non
3113 2902 3316 2970 poteris
3341 2919 3457 2960 me-

1891 2999 2036 3050 cum,
2071 2985 2122 3040 id
2155 2995 2236 3041 est
2267 3001 2387 3042 cum
2420 2987 2564 3043 bono
2599 2997 2816 3058 pastore
2848 3005 2988 3046 esse.

1960 3076 2046 3132 10.
2088 3076 2240 3134 Vers.
2275 3079 2326 3133 9.
2367 3077 2635 3148 Equitatui
2657 3096 2767 3134 meo
2793 3083 2847 3134 in
2878 3083 3118 3138 curribus
3154 3083 3449 3142 Pharaonis

1888 3169 2183 3223 assimilari
2206 3178 2274 3234 te,
2295 3172 2464 3224 amica
2496 3187 2630 3225 mea.
2651 3170 2708 3226 Si
2732 3173 2813 3229 vis
2837 3174 3155 3246 intelligere,
3178 3193 3210 3230 ο
3229 3194 3453 3247 sponsa,

1889 3262 2164 3327 quomodo
2206 3263 2345 3318 scire
2390 3272 2442 3318 te
2474 3262 2694 3328 debeas,
2739 3279 3003 3334 cognosce
3027 3268 3114 3322 cui
3147 3278 3200 3325 te
3233 3285 3455 3342 compa-

1890 3354 2142 3416 raverim.
2195 3363 2248 3408 et
2285 3364 2410 3410 tunc
2445 3355 2650 3412 videbis
2680 3356 2837 3412 talem
2878 3366 2929 3412 te
2955 3373 3076 3414 esse
3104 3376 3224 3430 qua
3246 3361 3455 3418 turbari

1891 3462 1997 3501 non
2038 3447 2256 3510 debeas,
2305 3462 2431 3502 cum
2473 3457 2618 3503 tuam
2669 3451 2902 3518 speciem
2943 3452 3279 3522 cognoveris.
3315 3452 3455 3522 Quid

1889 3547 1970 3592 est
2011 3538 2172 3608 igitur
2204 3557 2216 3592 :
2254 3537 2526 3608 Equitatui
2555 3555 2664 3594 meo
2696 3542 2750 3594 in
2779 3542 3021 3598 curribus
3051 3541 3347 3600 Pharaonis
3369 3564 3457 3602 as-

1889 3631 2118 3685 similavi
2172 3632 2261 3684 te?
2307 3629 2432 3684 Scio
2481 3633 2717 3702 equitem
2771 3648 3032 3702 Speusum
3071 3637 3327 3706 prepheta
3369 3638 3456 3694 di-

1889 3730 2043 3776 cente
2076 3741 2088 3774 :
2125 3721 2189 3775 Et
2223 3724 2475 3792 equilatio
2501 3724 2614 3793 ejus
2648 3725 2792 3778 salus
2815 3727 2880 3781 ⁷ο.
2915 3728 3224 3784 Assimilata
3249 3746 3307 3786 es
3328 3747 3456 3803 ergo

1888 3813 2154 3883 equitatui
2186 3830 2306 3871 meo
2331 3815 2384 3869 in
2411 3817 2661 3872 curribus
2693 3815 3014 3875 Pharaonis.
3047 3819 3319 3886 Quantum
3353 3821 3457 3878 dif-

1892 3906 1993 3960 fert
2028 3908 2303 3975 equitatus
2344 3923 2496 3964 meus
2527 3910 2618 3978 qui
2663 3926 2783 3965 sum
2816 3909 3098 3978 Dominus,
3123 3924 3176 3969 et
3203 3916 3456 3986 demergo

1890 3998 1945 4052 in
1975 3997 2227 4054 ﬂuctibus
2250 3999 2609 4066 Pharaonem,
2637 4012 2688 4056 et
2711 4003 2964 4058 cristatus
2992 4005 3072 4060 vel
3099 4007 3318 4078 aurigas
3343 4009 3456 4081 (14)

1889 4091 2009 4161 ejus
2047 4102 2098 4146 et
2144 4107 2464 4146 ascensores
2498 4093 2616 4161 ejus
2663 4104 2714 4147 et
2755 4110 2925 4163 equos
2971 4105 3024 4149 et
3047 4112 3240 4153 currus
3277 4099 3394 4167 ejus
3435 4119 3451 4157 :

1891 4196 2178 4251 quantum,
2226 4183 2470 4251 inquam,
2522 4182 2697 4236 differt
2725 4185 2997 4253 equitatus
3025 4200 3179 4240 meus
3203 4187 3274 4244 ab
3295 4191 3452 4261 equis

1891 4271 2210 4333 Pharaonis,
2264 4279 2412 4326 tanto
2457 4270 2649 4324 melior
2690 4286 2748 4325 es
2795 4272 3048 4329 omnibus
3095 4273 3306 4334 filiabus
3368 4291 3446 4346 tu,

1892 4379 2120 4434 sponsa,
2156 4351 2609 4418 tu'eeclesiastica
2648 4364 2848 4429 anima,
2884 4365 3139 4422 omnibus
3167 4370 3457 4428 animabus

207 4473 450 4528 meridie.
501 4471 798 4543 Diligenter
845 4473 1074 4525 observa
1121 4472 1212 4526 ubi
1256 4473 1533 4528 meridiem
1569 4474 1781 4543 legeris,
1823 4457 1868 4512 D
1894 4473 2014 4526 qua:
2060 4471 2167 4510 non
2219 4463 2347 4509 sunt
2385 4455 2783 4509 ecclesiasticae.
2818 4454 2986 4526 Igitur
3014 4457 3058 4512 si
3089 4459 3454 4517 ecclesiastica

206 4566 362 4640 Apud
411 4563 622 4634 Ioseph
672 4563 896 4617 meridie
942 4562 1136 4617 fratres
1175 4564 1463 4632 prandium
1490 4565 1784 4621 celebrant.

204 4658 400 4732 Angeli
445 4657 678 4713 meridie
730 4656 954 4710 Abrahae
1009 4655 1386 4724 suscipiuntur
1435 4657 1691 4727 hospitio,
1736 4668 1788 4712 et

207 4762 407 4807 cetera
455 4749 790 4805 istiusmodi.
833 4747 1038 4816 Quaere,
1064 4757 1115 4802 et
1158 4748 1402 4803 invenies
1447 4749 1784 4819 Scripturam

205 4844 456 4900 divinam
507 4859 618 4898 non
669 4841 871 4896 frustra
921 4857 1014 4896 seu
1067 4841 1293 4896 fortuitu
1342 4858 1789 4912 unumquemque

205 4949 487 5006 usurpare
519 4948 851 4989 sermonem.
880 4931 1012 4997 Quis
1043 4941 1200 5001 putas
1235 4941 1318 4987 est
1345 4933 1540 5001 dignus
1568 4948 1598 4986 e
1629 4932 1788 4985 nobis

203 5037 263 5081 ut
295 5028 368 5082 ad
403 5025 695 5080 meridiem
740 5041 908 5094 usque
952 5025 1252 5093 perveniat,
1289 5033 1341 5078 et
1370 5025 1542 5078 videat
1569 5025 1659 5079 ubi
1691 5040 1788 5094 pa-

207 5131 348 5184 scat,
384 5118 508 5174 ubit
534 5118 699 5173 cubet
722 5117 987 5186 sponsus?
1013 5117 1281 5169 Annuntia
1316 5116 1444 5169 mihi
1473 5133 1623 5186 quem
1654 5118 1788 5170 dile-

203 5215 284 5265 xit
319 5213 512 5266 anima
547 5227 685 5274 mea,
732 5210 822 5261 ubi
873 5209 1068 5277 pascis,
1117 5208 1204 5261 ubi
1244 5209 1403 5263 cubas
1451 5209 1504 5261 in
1550 5210 1788 5263 meridie.

207 5303 325 5359 Nisi
356 5303 508 5358 enim
546 5311 605 5354 tu
642 5299 774 5353 mihi
807 5299 1235 5359 aununtiaveris,
1262 5298 1462 5366 incipio
1483 5299 1790 5353 errabunda

200 5393 432 5468 jactari,
460 5401 516 5447 et
535 5392 666 5445 dum
693 5399 743 5443 te
769 5403 973 5458 quaero,
1002 5389 1054 5441 in
1077 5389 1307 5447 aliorum
1331 5404 1520 5460 greges
1545 5389 1788 5447 incurro.

277 5517 327 5548 ⁸³
351 5511 370 5565 l
396 5511 525 5568 Cor.
557 5524 633 5575 Ix,
657 5508 748 5571 ‘20,
776 5506 866 5573 ει,
889 5505 980 5560 22.
1023 5507 1066 5539 ⁸⁸
1089 5505 1224 5576 Eph.
1251 5505 1409 5571 v,27.
1451 5507 1498 5539 το
1520 5506 1684 5562 Abac.
1707 5525 1786 5574 ιιι,
1811 5515 1863 5569 8.

278 5632 408 5699 (13)
446 5628 602 5690 Mssa,
632 5624 1025 5699 innixa.i_Lihb.
1047 5623 1206 5699 edit.,
1242 5623 1475 5699 innixus.

284 5693 410 5768 (H)
465 5699 550 5751 Vel
569 5698 810 5770 aurigas.
842 5697 1120 5750 Otuittitur
1150 5697 1204 5748 in
1243 5694 1370 5748 libb.
1415 5693 1596 5757 editis,
1633 5695 1791 5747 resti-

209 5781 396 5830 tuitur
421 5787 450 5825 e
481 5785 593 5824 mss

1878 4547 2053 4600 anima
2095 4563 2173 4611 es,
2215 4548 2466 4602 omnibus
2498 4549 2784 4602 animabus
2824 4564 2882 4602 es
2919 4549 3106 4602 melior
3137 4565 3148 4602 :
3183 4548 3226 4601 si
3261 4563 3368 4602 non
3399 4563 3460 4604 es

1878 4640 2084 4703 melior,
2119 4656 2228 4694 non
2272 4657 2332 4695 es
2367 4642 2750 4696 ecclesiastica.
2786 4641 3062 4712 Equitatui
3096 4659 3207 4696 meo
3238 4643 3292 4694 in
3334 4660 3457 4695 cur-

1877 4733 2017 4785 ribus
2052 4732 2349 4787 Pharaonis
2373 4735 2668 4788 assimilavi
2700 4744 2772 4797 te,
2805 4736 3045 4804 proxima
3083 4751 3217 4788 mea.
3253 4735 3460 4788 Deinde

1877 4826 2332 4896 pulchritudinem
2397 4843 2607 4896 sponsae
2659 4828 2884 4896 spiritali
2937 4843 3119 4881 amore
3182 4827 3454 4882 describit.

1879 4919 2061 4986 (Vers.
2108 4919 2228 4989 10.)
2281 4919 2436 4975 Genu:
2492 4931 2594 4974 tua:
2643 4931 2700 4973 ut
2749 4921 2984 4973 turturis.
3049 4919 3260 4972 Faciem
3315 4918 3459 4973 illius

1893 5008 2097 5072 laudat,
2117 5015 2440 5077 etgenarum
2463 5005 2660 5058 rubore
2678 5006 3024 5059 succenditur
3047 5005 3177 5072 (l5).
3203 5003 3454 5062 Pulchri—

1897 5102 2025 5156 tudo
2059 5102 2257 5171 quippe
2294 5099 2580 5152 mulierum
2611 5099 2665 5152 in
2697 5098 2847 5168 genis
2878 5096 3077 5150 dicitur
3108 5111 3228 5153 esse
3265 5114 3454 5167 quam-

1895 5196 2149 5265 plurima.
2181 5193 2259 5247 lta
2289 5200 2342 5246 et
2366 5206 2463 5247 nos
2490 5189 2942 5260 pulchritudinem
2978 5188 3172 5241 anima:
3202 5189 3454 5258 intelliga-

1899 5305 2021 5342 mus
2058 5289 2109 5341 in
2142 5287 2310 5357 genis.
2355 5283 2518 5338 Labia
2551 5297 2679 5335 vero
2709 5281 2846 5348 ejus,
2877 5288 2930 5332 et
2975 5278 3211 5348 linguam
3262 5280 3454 5334 intelli-

1899 5385 2134 5458 gentiam
2179 5377 2555 5450 pnedicemus.
2605 5372 2812 5428 Collum
2846 5380 2990 5424 tuum
3032 5385 3088 5423 ut
3135 5371 3345 5426 monile.
3391 5367 3455 5426 Ut

1974 5617 2084 5684 (15)
2125 5610 2306 5666 Codex
2351 5601 2656 5668 Bcccensis,
2710 5600 3060 5655 succenditur.
3105 5595 3262 5653 Lihb.
3305 5590 3438 5648 odit.

1900 5685 2257 5760 profunditur.
