3872 6550
448 297 517 355 ιτ
1495 293 1816 354 ORIGENIS
1847 293 1916 350 IN
1953 291 2308 350 CANTICUM
2344 289 2608 348 CANTIC.
3588 295 3649 351 18

448 418 830 472 ornamentum
861 410 1007 482 quod
1037 409 1173 469 solet
1203 409 1474 482 virginum
1500 411 1641 468 collo
1669 412 1925 481 pendere,
1960 419 2016 465 et
2043 416 2084 471 Α
2118 404 2352 464 recubiiu
2376 393 2477 462 suo
2506 414 2621 471 est;
2650 404 2728 460 ait
2777 403 2943 475 (vers.
2981 403 3063 477 l2)
3094 421 3111 462 :
3146 401 3357 461 Nardus
3383 421 3490 463 mea
3523 409 3651 466 dedit

447 514 795 575 nuncupatur
818 501 1103 576 ὀρμίσκος,
1142 501 1216 557 ita
1262 502 1380 556 sine
1417 502 1520 556 hoc
1551 502 1745 557 decore
1775 509 1829 557 et
1860 511 2012 557 tuum

445 596 626 668 ipsum
656 594 852 650 collum
883 602 965 648 est
996 601 1393 647 ornamentum.
1423 590 1674 646 Posthaac
1698 590 1755 645 lit
1783 606 2014 660 sponsus

445 690 503 745 in
542 687 810 745 recubitu.
843 683 1125 754 Requievit
1163 694 1220 740 ut
1245 684 1350 747 leo,
1381 693 1440 738 ut
1467 684 1681 739 catulus
1716 683 1889 738 leonis
1917 683 2014 737 oh-

447 780 726 846 dormivit,
755 785 815 833 ut
834 777 1088 847 deinceps
1110 777 1283 848 possit
1310 776 1499 833 audire
1527 794 1541 833 :
1575 774 1705 842 Quis
1735 776 2012 832 suscitabit

445 870 670 928 eum"?
718 868 840 936 Quo
885 868 1101 923 interim
1154 867 1458 925 dormiente
1503 875 1763 938 apparent
1802 882 2015 938 sponsae

447 961 637 1033 sponsi
666 961 880 1018 sodales
909 960 1108 1031 angeli,
1149 971 1206 1016 et
1241 960 1328 1015 his
1353 974 1474 1017 eam
1506 960 1852 1016 sermonibus
1881 975 2014 1016 con-

445 1056 714 1113 solantur.
744 1051 856 1109 Nos
888 1052 984 1106 tibi
1018 1067 1185 1107 aurea
1206 1061 1526 1108 ornamenta
1550 1040 1730 1107 facere
1751 1067 1858 1107 non
1887 1066 2012 1122 pos-

445 1162 677 1204 sumus:
706 1160 814 1201 non
861 1145 1007 1200 enim
1058 1153 1166 1199 tam
1213 1143 1409 1200 divites
1446 1159 1637 1200 sumus
1680 1152 1740 1198 ut
1782 1157 2013 1213 sponsus

446 1247 596 1304 tuus,
629 1237 722 1308 qui
757 1250 977 1290 aureum
1015 1235 1110 1291 tibi
1138 1236 1340 1291 monile
1371 1235 1653 1306 largiatur.
1683 1232 1793 1289 Nos
1821 1234 2014 1290 simili-

447 1332 690 1387 tudinem
719 1330 838 1385 auri
873 1328 1154 1395 faciemus,
1184 1344 1293 1383 non
1329 1328 1590 1383 habemus
1617 1342 1832 1382 aurum.
1866 1325 2011 1379 Et'in

449 1423 551 1478 hoc
577 1438 795 1494 quoque
825 1422 1114 1477 laetandum
1149 1431 1252 1487 est,
1293 1420 1339 1477 si
1381 1420 1767 1476 similitudines
1791 1423 1932 1484 auri,
1965 1418 2011 1472 si

443 1516 699 1585 stigmata
736 1514 999 1570 faciamus
1038 1514 1264 1584 argenti.
1296 1512 1473 1583 (Vers.
1499 1511 1610 1583 11.)
1628 1511 2011 1567 Similitudines

445 1609 566 1661 auri
599 1607 852 1677 faciemus
884 1607 1001 1670 tibi,
1040 1622 1161 1660 cum
1198 1605 1533 1675 stigmatibus
1570 1605 1790 1676 argenti,
1822 1618 2011 1658 verum

443 1715 551 1754 non
588 1698 735 1754 omni
766 1707 1025 1769 tempore,
1061 1698 1155 1754 sed
1186 1700 1360 1754 donec
1398 1713 1632 1769 sponsus
1673 1707 1798 1752 tuus
1825 1704 2012 1766 surgat

2119 502 2330 557 odorem
2361 516 2536 555 suum.
2573 497 2889 555 Fasciculus
2921 506 3083 570 gutta:
3112 499 3383 568 fratruelis
3406 514 3541 554 meus
3563 501 3650 554 mi-

2118 594 2196 659 lii,
2234 594 2289 647 in
2317 592 2485 646 medio
2514 591 2731 645 uberum
2759 606 2992 645 meorum
3024 589 3398 645 demorabitur.
3438 588 3654 657 Quomo-

2119 684 2188 739 do
2231 684 2393 754 igitur
2426 682 2733 751 aptahimus
2767 681 2816 737 ei
2862 682 2912 736 id
2957 681 3101 750 quod
3134 681 3407 751 prazcessit
3451 698 3465 735 :
3502 680 3651 735 Donec

2120 790 2213 827 rex
2244 774 2301 826 in
2332 772 2570 826 recubitu
2614 788 2709 825 suo
2734 782 2833 835 est,
2877 770 2926 827 id
2965 770 3108 840 quod
3138 770 3380 839 sequitur
3407 787 3421 824 :
3455 767 3652 824 Nardus

2119 880 2232 918 mea
2262 863 2405 916 dedit
2449 862 2663 917 odorem
2693 877 2866 915 suum.
2930 858 3196 929 Loquitur
3237 858 3653 929 Evangeliutu",

2117 956 2247 1027 quia
2273 955 2416 1010 venit
2445 954 2637 1009 mulier
2669 953 2876 1009 habens
2904 953 3236 1008 alabastrum
3267 952 3519 1023 unguenti
3542 968 3654 1008 πειτα

2116 1047 2172 1103 di
2200 1047 2378 1118 pistici
2409 1044 2654 1117 pretiosi.
2686 1061 2793 1100 non
2818 1044 2907 1099 illa
2932 1045 3236 1115 peccatrix,
3259 1044 3350 1099 sed
3380 1056 3575 1107 sancta,
3595 1043 3654 1099 de

2117 1154 2225 1211 qua
2263 1153 2409 1193 nunc
2451 1137 2584 1191 mihi
2626 1152 2805 1192 sermo
2829 1146 2932 1193 est.
2996 1136 3122 1192 Scio
3156 1136 3351 1208 quippe
3380 1135 3568 1190 Lucam
3596 1136 3653 1191 de

2115 1230 2439 1303 peccatrice,
2466 1229 2778 1285 Matthaeum
2825 1245 2954 1283 vero
2981 1238 3035 1284 et
3067 1228 3329 1283 Joannem
3353 1237 3407 1283 et
3438 1227 3652 1285 Marcum

2116 1337 2225 1375 non
2257 1321 2323 1375 de
2348 1320 2648 1391 peccatriee
2676 1320 2772 1375 illa
2797 1318 3020 1375 dixisse.
3086 1317 3240 1374 Venit
3263 1334 3391 1387 ergo
3421 1332 3523 1373 non
3550 1332 3657 1390 pec-

2114 1416 2310 1481 catrix,
2339 1415 2432 1470 sed
2469 1421 2677 1478 sancta,
2702 1411 2859 1482 cujus
2889 1426 3084 1465 nomen
3109 1425 3325 1480 quoque
3342 1407 3568 1464 Joannes
3587 1408 3658 1463 in-

2116 1506 2305 1562 seruit.
2378 1504 2557 1559 Maria
2580 1505 2780 1575 quippe
2814 1511 2932 1558 erat
2964 1502 3174 1556 habens
3207 1500 3531 1555 alabastrum
3567 1516 3658 1555 un-

2041 1612 2061 1629 *
2116 1599 2299 1670 guenti
2331 1598 2490 1653 nardi
2524 1598 2703 1668 pistici
2731 1596 2991 1667 pretiosi,
3029 1602 3083 1650 et
3108 1592 3298 1648 eﬂudit
3327 1607 3487 1662 super
3515 1600 3660 1662 caput

2115 1689 2267 1746 Jcsu.
2304 1688 2509 1745 Deinde
2537 1704 2700 1758 super
2729 1688 2834 1742 hoc
2854 1685 3262 1758 indignantibus
3294 1700 3398 1740 non
3425 1684 3657 1739 omnibus

443 1803 475 1842 a
507 1788 716 1842 cubitu.
748 1787 885 1843 Cum
908 1789 1054 1843 enim
1079 1787 1168 1842 ille
1186 1789 1504 1854 surrexerit,
1536 1788 1649 1858 ipse
1675 1787 1773 1842 tibi
1797 1803 2010 1851 aurum,
2045 1771 2089 1832 Β
2118 1782 2421 1853 discipulis,
2458 1780 2550 1837 sed
2585 1780 2723 1836 Juda
2756 1780 2873 1835 solo
2894 1778 3107 1834 dicente
3139 1795 3155 1832 :
3186 1776 3363 1831 Potuit
3391 1775 3658 1831 venundati

443 1880 559 1951 ipse
592 1880 752 1938 faciet
773 1892 1081 1955 argentum,
1108 1882 1222 1952 ipse
1251 1891 1399 1937 tuam
1424 1891 1658 1937 mentem
1684 1896 2013 1952 sensumque
2113 1875 2209 1930 hoc
2243 1877 2481 1928 ινεεεηιίε
2509 1873 2743 1928 denariis
2768 1882 2817 1926 ει
2840 1871 2960 1926 dari
2985 1869 3303 1940 Ραιιρθνίθιιδ
3329 1870 3409 1937 ⁷⁶;
3451 1883 3657 1940 τθερυιιε

442 1979 739 2044 decorabat,
768 1987 821 2034 ει
851 1979 961 2036 eris
995 1994 1120 2037 νει-θ
1147 1979 1299 2035 dives
1327 1979 1381 2033 in
1408 1978 1595 2048 εροῃεί
1624 1976 1788 2033 domo
1813 1993 2011 2049 sponsa
2114 1968 2196 2023 dit
2225 1967 2477 2039 Magister
2497 1977 2663 2037 atque
2686 1965 2936 2020 Salvator
2966 1982 2981 2018 :
3019 1961 3233 2032 Semper
3257 1978 3503 2033 pauperes
3527 1963 3661 2020 liabe-

442 2069 682 2127 formosa
705 2069 842 2142 (16),
881 2072 968 2129 cui
1005 2079 1089 2130 est
1124 2071 1296 2143 gloria
1333 2073 1388 2126 in
1425 2070 1623 2127 sazcula
1663 2070 2008 2126 saeculorum.

440 2160 637 2217 Amen.

986 2269 1090 2339 ιν
1121 2265 1402 2325 HOMlLlA
1430 2267 1497 2322 ιι.

443 2377 523 2434 Ab
560 2395 619 2434 eo
657 2378 772 2434 loco
816 2381 870 2434 in
904 2396 1006 2451 quo
1030 2380 1285 2451 scriptum
1317 2389 1393 2434 est
1423 2395 1440 2433 :
1470 2376 1686 2451 Nardus
1713 2393 1832 2433 mea
1864 2378 2012 2451 dedit

513 2450 735 2520 odorem
782 2449 981 2519 suum;
1017 2465 1180 2520 usque
1219 2450 1287 2503 ad
1311 2466 1429 2520 eum
1458 2449 1632 2504 locum
1671 2451 1724 2504 in
1758 2465 1860 2519 quo
1887 2450 1961 2502 ait
1990 2464 2008 2501 :

513 2519 652 2585 Quia
686 2536 793 2576 vox
841 2528 934 2577 tua
974 2519 1191 2585 suaris,
1233 2528 1289 2576 et
1329 2519 1505 2576 forma
1549 2528 1640 2576 tua
1685 2520 1915 2587 decora,
1959 2527 2011 2573 et

513 2599 727 2646 δίεισι-α.

509 2704 714 2761 Omnes
761 2704 957 2761 animae
1003 2703 1271 2760 motiones
1325 2702 1706 2760 universitatis
1758 2702 2009 2760 conditor

442 2793 587 2852 Deus
615 2796 820 2852 creavit
845 2796 911 2851 ad
936 2795 1140 2850 bonum
1167 2813 1180 2849 :
1213 2793 1305 2850 sed
1332 2809 1432 2864 pro
1462 2809 1565 2850 usu
1599 2803 1785 2850 nostro
1820 2792 1878 2849 fit
1906 2808 2008 2848 sae-

441 2901 512 2956 pe
542 2897 602 2941 ut
632 2900 724 2942 res
748 2901 870 2958 qua:
903 2886 1060 2941 bonae
1091 2894 1220 2942 sunt
1256 2901 1352 2956 per
1383 2894 1634 2941 naturam
1654 2924 1672 2949 ,
1705 2885 1837 2941 dum
1868 2884 2008 2940 male

446 2978 531 3035 his
564 2978 874 3044 abutimur,
910 2992 1013 3034 nos
1056 2978 1124 3033 ad
1171 2986 1389 3049 peccata
1414 2960 1702 3034 deducant.
1758 2974 1912 3032 Unus
1940 2976 2009 3034 de

440 3068 639 3124 anima:
682 3069 921 3124 motibus
972 3082 1128 3123 amor
1174 3076 1288 3134 est,
1320 3081 1452 3139 \quo
1500 3067 1637 3123 bene
1685 3066 1891 3122 utimur
1939 3066 2007 3121 ad

440 3158 776 3225 amandum,
825 3159 873 3215 si
923 3158 1243 3231 sapientiam
1292 3175 1538 3215 amemus
1586 3167 1641 3214 et
1704 3158 2003 3215 veritatem.

438 3249 669 3318 Quando
700 3265 832 3307 vero
862 3265 1019 3306 amor
1041 3259 1226 3307 noster
1254 3250 1308 3306 in
1335 3251 1519 3321 pejora
1540 3251 1832 3316 corruerit,
1857 3265 2009 3304 ama-

440 3357 565 3397 mus
589 3357 808 3397 carnem
840 3351 895 3398 et
936 3341 1280 3412 sanguinem.
1336 3339 1416 3396 Tu
1447 3342 1609 3414 igitur
1635 3349 1696 3397 ut
1720 3342 2004 3413 spiritalis,

439 3431 566 3487 audi
610 3432 926 3502 spiritaliter
972 3433 1237 3487 amatoria
1271 3432 1432 3489 verba
1467 3434 1713 3500 cantari,
1760 3442 1814 3490 et
1857 3434 2008 3491 disce

439 3531 648 3578 motum
690 3521 884 3578 animae
912 3531 1020 3578 tute
1040 3564 1055 3590 ,
1090 3531 1143 3579 et
1173 3523 1436 3580 naturalis
1463 3525 1665 3580 amoris
1696 3524 2006 3581 incendium

438 3611 507 3668 ad
541 3614 770 3669 meliora
802 3612 1121 3684 transferre,
1145 3615 1446 3672 secundum
1472 3616 1603 3671 illud
1630 3633 1644 3673 :
1674 3618 1808 3671 Ama
1831 3614 2004 3686 illam,

436 3711 485 3758 et
512 3702 733 3758 servabit
770 3714 837 3771 te,
866 3704 1137 3759 circumda
1166 3705 1340 3772 illam,
1371 3715 1424 3761 et
1442 3706 1702 3761 exaltabit
1726 3716 1773 3763 te
1802 3707 1870 3762 τ’.
1914 3705 2007 3763 γε-

438 3792 508 3857 ri,
533 3791 739 3864 diligite
768 3809 957 3849 uxores
981 3803 1203 3862 uestras,
1240 3796 1319 3851 ait
1341 3793 1634 3865 Apostolus
1662 3795 1729 3862 ",
1766 3796 1860 3853 sed
1893 3812 2006 3853 non

437 3879 587 3932 stetit
618 3878 674 3933 in
704 3894 770 3934 eo
795 3880 943 3952 quod
977 3880 1190 3938 dixerat
1215 3901 1230 3938 :
1275 3881 1423 3951 Viri,
1466 3884 1679 3956 diligite
1707 3901 1894 3941 uxores
1924 3903 2008 3942 ve-

435 3979 617 4035 stras;
664 3985 853 4027 verum
895 3972 1077 4028 sciens
1123 3989 1245 4030 esse
1286 3974 1631 4032 dilectionem
1673 3975 1914 4032 virorum
1949 3978 2005 4033 in

434 4060 669 4132 propriis
694 4077 912 4135 quoque
940 4064 1206 4121 uxoribus
1246 4065 1623 4132 inhonestam,
1673 4067 1852 4123 sciens
1884 4082 2005 4124 esse

433 4153 733 4226 placentem
768 4155 879 4212 Deo
901 4197 917 4224 ,
961 4157 1148 4214 docuit
1194 4160 1470 4232 quomodo
1514 4161 1616 4216 viri
1648 4177 1845 4219 uxores
1873 4177 2004 4220 suas

434 4260 620 4301 amare
646 4248 923 4313 deberent,
961 4248 1201 4305 inferens
1246 4269 1260 4306 :
1311 4249 1443 4316 Viri,
1471 4252 1677 4323 diligite
1700 4270 1886 4309 uxores
1917 4271 2004 4309 ve-

433 4347 594 4401 stras,
623 4338 759 4390 sicut
807 4348 857 4392 et
899 4338 1143 4395 Christus
1188 4339 1503 4398 Ecclesium.
1561 4342 1628 4399 Et
1655 4345 1759 4401 hoc
1780 4346 1999 4417 quidem

2113 2059 2237 2114 bitis
2268 2060 2554 2126 uobiscum,
2582 2074 2661 2112 me
2690 2066 2865 2112 autem
2890 2072 2991 2111 non
3017 2073 3217 2127 semper
3242 2059 3311 2115 ⁷⁷.
3354 2057 3658 2113 Prteoeniens

2111 2152 2299 2222 quippe
2340 2152 2450 2205 hac
2482 2151 2535 2204 in
2572 2150 2713 2204 diem
2743 2149 3027 2219 sepulturas
3055 2166 3182 2205 mea:
3211 2150 3357 2221 fecit.
3402 2149 3523 2206 Ideo
3556 2152 3660 2205 ubi-

2113 2258 2312 2311 cunque
2338 2242 2682 2319 prazdicatum
2709 2241 2869 2311 fuerit
2905 2241 3249 2314 Evangelium
3273 2244 3440 2309 istud,
3468 2244 3655 2299 dicetur

2110 2342 2160 2389 et
2189 2333 2326 2403 quod
2352 2333 2473 2403 fecit
2494 2333 2603 2388 luzc
2628 2334 2681 2387 in
2708 2336 3016 2389 memoriam
3037 2338 3149 2406 ejus
3178 2334 3242 2390 ⁷⁸.
3277 2333 3339 2391 In
3361 2335 3525 2406 ﬁgura
3544 2350 3660 2405 ergo

2110 2421 2275 2478 istius
2322 2437 2445 2491 qua:
2477 2438 2624 2478 nunc
2651 2423 2894 2494 loquitur
2927 2444 2941 2481 :
2976 2422 3196 2478 Nardus
3222 2441 3342 2479 mea
3379 2424 3518 2480 dedit
3546 2425 3660 2479 odoo

2112 2530 2220 2568 rem
2243 2530 2397 2568 suum
2417 2553 2433 2580 ,
2478 2514 2567 2570 illa
2604 2530 2767 2586 super
2794 2525 2955 2586 caput
2985 2515 3202 2571 Domini
3245 2516 3387 2573 fudit
3435 2531 3662 2589 ungnrn-

2112 2613 2226 2662 tum
2258 2625 2272 2663 :
2308 2616 2361 2663 et
2388 2615 2443 2662 tu
2470 2623 2689 2678 quoque
2733 2623 2953 2664 assume
2988 2608 3243 2673 nardum,
3295 2619 3358 2665 ut
3394 2618 3660 2680 postquam

2110 2705 2275 2767 caput
2300 2696 2432 2754 Jesu
2463 2699 2617 2754 suavi
2646 2699 2816 2755 odore
2860 2697 3188 2770 perfoderis,
3218 2701 3403 2771 possis
3425 2700 3662 2757 audacter

2110 2789 2262 2844 effari
2296 2808 2309 2844 :
2347 2788 2567 2844 Nardus
2614 2806 2728 2844 mea
2766 2790 2911 2844 dedit
2948 2790 3163 2845 odorem
3191 2807 3372 2858 suum,
3419 2800 3472 2848 et
3495 2790 3661 2847 aJcsu

2109 2883 2446 2953 reciprocum
2478 2883 2666 2939 audire
2694 2896 3024 2951 sermonem,
3055 2884 3184 2955 quia
3211 2884 3504 2956 ubicunque
3532 2899 3658 2956 prte-

2109 2974 2348 3028 dicatum
2376 2975 2538 3045 fuerit
2563 2975 2659 3028 hoc
2684 2972 3032 3045 Evangelium
3057 2975 3112 3029 in
3141 2985 3251 3030 toto
3275 2977 3494 3043 mundo,
3535 2977 3663 3030 dice-

2112 3076 2197 3119 tur
2222 3072 2271 3119 et
2293 3066 2432 3136 quod
2462 3066 2585 3136 fecit
2613 3066 2721 3121 lucc
2746 3067 2799 3120 in
2829 3068 3136 3122 memoriam
3163 3067 3299 3138 ejus.
3355 3068 3433 3123 Tu
3465 3083 3663 3140 quoque

2110 3156 2305 3223 facito,
2352 3158 2408 3213 in
2457 3158 2727 3215 universis
2760 3161 3012 3231 gentibus
3061 3161 3381 3232 praedicata.
3448 3162 3662 3231 Quando

2109 3258 2290 3305 autem
2319 3250 2424 3306 hoc
2454 3248 2657 3306 facies?
2713 3249 2772 3307 Si
2795 3250 2974 3309 factus
2994 3250 3163 3311 lueris
3188 3262 3248 3310 ut
3274 3254 3587 3327 Apostolus,
3617 3263 3665 3310 ct

2108 3341 2313 3398 dixeris
2342 3360 2355 3397 :
2386 3341 2586 3397 Christi
2628 3342 2791 3398 bonus
2837 3345 2968 3399 odor
2996 3362 3177 3402 sumus
3221 3348 3278 3403 iu
3312 3350 3459 3404 omni
3482 3349 3591 3404 loco
3615 3349 3663 3402 in

2106 3431 2190 3486 his
2216 3434 2306 3504 qui
2328 3432 2624 3500 salvantur,
2655 3442 2704 3489 et
2731 3435 2787 3489 in
2813 3435 2897 3490 his
2927 3437 3017 3507 qui
3042 3448 3258 3507 pereunt
3287 3440 3333 3473 ⁷³
3356 3455 3373 3507 ;
3396 3441 3531 3496 bona
3553 3455 3666 3511 ope-

2106 3540 2170 3581 ra
2202 3534 2291 3581 tua
2324 3525 2527 3582 nardus
2554 3536 2700 3582 sunt.
2738 3524 2795 3584 Si
2825 3543 2957 3585 vero
2983 3531 3315 3599 peccaveris,
3351 3544 3567 3605 peccata
3594 3543 3668 3590 tc-

2108 3625 2194 3672 tro
2223 3616 2391 3673 odore
2420 3617 2777 3688 redolebunt;
2796 3619 2928 3676 dicit
2955 3621 3155 3692 quippe
3180 3624 3490 3695 paenitens:
3519 3624 3667 3682 Cont-

2104 3721 2420 3784 putruerunt
2461 3722 2511 3768 et
2551 3722 2815 3785 corrupta:
2856 3724 2980 3770 sunt
3021 3718 3297 3800 cicatrices
3331 3723 3668 3793 mewafacie

2104 3810 2427 3881 insipientiw
2458 3827 2585 3867 mete
2612 3811 2679 3865 ⁸ο.
2744 3809 2865 3868 Non
2904 3812 2972 3869 de
3014 3814 3188 3871 nardo
3218 3818 3555 3887 propositum
3590 3823 3667 3871 est

2103 3915 2252 3957 nunc
2293 3899 2519 3971 Spiritui
2572 3911 2763 3959 sancto
2808 3904 3023 3971 dicere,
3074 3921 3252 3977 neque
3280 3908 3349 3962 de
3388 3908 3494 3965 hoc
3528 3907 3667 3981 quod

2102 3990 2279 4048 oculis
2323 3990 2601 4048 intuemur
2631 3994 2959 4065 evangelista
2991 3996 3180 4051 scribit
3230 4008 3509 4070 unguento
3531 4039 3549 4067 ,
3576 3997 3667 4056 sed

2101 4084 2171 4141 de
2216 4084 2389 4143 nardo
2440 4087 2692 4158 spiritali,
2746 4087 2814 4146 de
2865 4088 3040 4146 nardo
3089 4104 3212 4161 qua:
3251 4090 3407 4148 dedit
3452 4092 3667 4149 odorem

2101 4192 2286 4233 suum.
2763 4215 2773 4224 ι

2169 4271 2224 4327 5.
2262 4268 2445 4343 (Vers.
2477 4270 2594 4340 15.)
2655 4270 2968 4330 Fasciculus
3004 4282 3234 4340 stactes,
3273 4276 3327 4333 id
3358 4287 3447 4334 est
3488 4284 3666 4351 gutta,

2097 4362 2218 4418 sive
2248 4364 2427 4430 stillae,
2462 4364 2737 4431 fratruelis
2773 4383 2918 4421 meus
2944 4368 3091 4424 milii.
3134 4368 3349 4426 Guttam
3388 4371 3665 4443 unguenti,

433 4427 489 4530 ίιξ
523 4428 790 4496 Ρΐοωωίυ
814 4443 1004 4484 eorum
1035 4445 1157 4501 (μιω
1187 4441 1375 4503 1305tea
1408 4433 1721 4490 ἀίεεενθηάα
1755 4448 1883 4492 sum
1908 4436 1995 4491 ἀί-
2028 4469 2073 4523 ι)
2101 4452 2330 4520 casiam,
2364 4427 2681 4523 galbanum,
2706 4455 2761 4510 in
2787 4454 2974 4514 Exodo
3003 4459 3234 4531 legimus
3263 4427 3536 4533 placeplo
3563 4427 3667 4518 Do;

431 4532 633 4575 XI'DUS.

499 4608 556 4666 2.
595 4608 734 4678 Quia
766 4611 925 4668 amici
978 4613 1164 4684 sponsi
1211 4614 1339 4670 dum
1384 4629 1476 4670 res
1524 4616 1580 4671 in
1614 4616 1859 4672 recubitu
1897 4632 2000 4673 suo

427 4710 512 4759 est
539 4702 886 4773 (requiescens
926 4705 1072 4761 enim
1119 4705 1365 4762 dormivit
1395 4716 1452 4761 ut
1477 4708 1577 4776 leo,
1625 4718 1675 4764 et
1704 4717 1762 4764 ut
1786 4708 1996 4764 catulus

425 4794 591 4851 leonis
620 4796 737 4869 “),
783 4812 998 4867 sponsae
1042 4799 1408 4869 promiserant
1450 4800 1622 4858 donec
1649 4801 1738 4858 ille
1761 4816 1997 4859 consur-

426 4898 576 4961 geret
601 4904 660 4945 se
691 4889 1075 4947 similitudines
1103 4891 1225 4946 auri
1253 4900 1308 4946 et
1335 4893 1544 4964 argenti
1580 4909 1700 4951 esse
1726 4892 1991 4963 facturos,

423 4997 532 5037 non
560 4982 821 5040 habentes
862 4998 1058 5039 aurum
1106 4992 1167 5040 ut
1208 4999 1465 5056 sponsus,
1508 4992 1564 5041 et
1588 4987 1991 5057 quodammodo

423 5074 547 5128 aliis
573 5075 754 5132 verbis
787 5077 972 5147 sponsi
1008 5078 1193 5149 passio
1232 5078 1521 5149 praedicata
1548 5090 1632 5136 est
1661 5099 1675 5136 :
1707 5096 1816 5137 non
1848 5082 1988 5137 irra-

423 5163 751 5219 tionabiliter
779 5168 847 5222 ad
875 5167 989 5223 haec
1010 5183 1211 5238 sponsa
1232 5170 1543 5240 respondet,
1562 5181 1615 5228 et
1639 5172 1755 5244 ipsa
1777 5173 1993 5246 dispen-

420 5256 685 5311 sationem
715 5258 1005 5327 quamdam
1038 5261 1311 5330 passionis
1343 5262 1646 5334 intelligens
1668 5265 1735 5321 ad
1758 5265 1811 5322 id
1841 5267 1986 5338 quod

420 5347 665 5403 audierat
690 5347 830 5421 (cap.
862 5365 903 5417 ι,
926 5366 1067 5409 vers.
1105 5352 1194 5418 10,
1244 5354 1333 5422 11)
1367 5373 1381 5409 :
1423 5352 1811 5414 Similitudines
1865 5361 1987 5415 auri

419 5438 677 5512 [aciemus
709 5442 807 5497 tibi
834 5459 951 5497 cum
980 5447 1318 5516 stigmatibus
1342 5450 1567 5521 argenti,
1608 5452 1772 5507 donec
1808 5468 1900 5509 rex
1927 5456 1983 5510 in

2100 4542 2231 4597 mini
2268 4544 2324 4598 in
2367 4543 2697 4616 thymiama,
2733 4545 2786 4603 id
2830 4557 2914 4606 est
2954 4550 3007 4604 in
3054 4552 3390 4609 sacerdotale
3431 4554 3666 4610 chrisma

2098 4630 2403 4688 conlectum
2433 4633 2499 4686 ".
2552 4634 2610 4691 Si
2640 4652 2771 4709 ergo
2804 4639 3005 4697 videris
3030 4642 3364 4700 Salvatorem
3390 4661 3571 4703 meum
3599 4645 3668 4703 ad

2096 4731 2312 4780 terrena
2342 4734 2439 4782 aut
2465 4726 2696 4785 humilia
2725 4730 3161 4801 descendentem,
3196 4735 3407 4794 videbis
3432 4752 3665 4809 quomoo

2098 4814 2168 4870 do
2198 4816 2400 4873 virtute
2431 4832 2628 4891 magna
2655 4828 2710 4876 et
2739 4823 3027 4893 majestate
3054 4825 3239 4882 divina
3269 4828 3336 4883 ad
3366 4844 3468 4886 nos
3494 4828 3667 4886 modi-

2098 4921 2162 4962 ca
2199 4908 2448 4978 quaedam
2492 4910 2636 4966 stilla
2676 4911 2985 4970 deﬂuxerit.
3045 4914 3119 4973 De
3139 4918 3243 4974 hac
3268 4918 3413 4975 stilla
3454 4929 3510 4977 et
3538 4934 3664 4991 pro-

2095 4998 2258 5070 pheta
2298 5001 2514 5068 cecinit,
2542 5001 2728 5059 dicens
2774 5022 2788 5059 :
2843 5004 2910 5060 Et
2936 5008 3038 5061 erit
3068 5008 3132 5062 de
3167 5009 3316 5066 stilla
3342 5012 3527 5081 populi
3550 5012 3663 5082 ejus

2096 5092 2492 5162 congregandus
2540 5096 2945 5166 congregabitur
2970 5097 3135 5153 Jacob
3163 5100 3229 5157 °'.
3287 5100 3354 5157 Et
3387 5104 3551 5159 sicuti
3576 5119 3663 5160 se-

2090 5183 2331 5239 cundum
2360 5184 2524 5239 alium
2549 5200 2770 5243 sensum
2805 5189 2945 5261 lapis
2969 5201 3083 5248 erat
3121 5185 3385 5262 praecisus
3417 5211 3450 5252 e
3479 5206 3664 5252 monte

2092 5273 2212 5330 sine
2246 5275 2499 5332 manibus
2540 5281 2714 5335 nostri
2743 5281 2797 5335 in
2824 5296 2990 5339 carne
3020 5280 3319 5343 Salvatoris
3344 5287 3612 5344 adventus
3643 5305 3659 5342 :

2091 5379 2268 5434 neque
2305 5367 2451 5423 enim
2482 5376 2628 5425 totus
2662 5386 2822 5429 mons
2853 5372 2957 5430 fuit
2982 5377 3077 5445 qui
3109 5377 3389 5435 descendit
3431 5380 3501 5436 ad
3549 5390 3660 5438 ter-

2091 5473 2220 5525 ras,
2271 5474 2372 5517 nec
2413 5470 2628 5532 poterat
2654 5464 2896 5522 humana
2943 5465 3212 5551 frqgilitas
3258 5472 3426 5528 totius
3455 5473 3660 5530 montis

566 5533 701 5627 (ἔξω
728 5553 883 5627 ιὲιξί
990 5540 1247 5627 ’ξΔΡςρῆ
1274 5559 1348 5627 tv:
1375 5543 1430 5627 ξε
1487 5545 1537 5577 ⁷³
1572 5545 1904 5627 (Ξοιοδεῑιιιι2
1923 5550 1977 5607 9.
2003 5551 2278 5627 __"_Num.
2304 5570 2456 5624 xstv,
2491 5557 2547 5614 9.
2601 5559 2646 5592 ⁷⁵
2678 5558 2839 5617 Joan.
2871 5533 3186 5627 xrt,1ii'atth.
3220 5582 3369 5622 xxvr.
3400 5566 3449 5600 ⁷⁸
3464 5566 3658 5624 Matth.

421 5620 570 5673 snt,
610 5609 664 5666 9.

418 5675 463 5709 "
488 5675 651 5734 Mich.
687 5694 749 5745 ll,
796 5679 999 5745 1|,12.

490 5768 604 5842 (16)
644 5769 925 5830 Formosa.
965 5771 1148 5831 Codex
1177 5774 1535 5859 Turonensis,
1563 5781 1816 5853 perfecta.

758 5607 819 5703 ⁷⁷,
840 5610 979 5703 ibid;
1007 5610 1097 5678 12,
1128 5612 1214 5668 13.
1273 5615 1343 5662 .⁷⁸
1377 5613 1547 5671 Marc.
1622 5633 1743 5687 xxv,
1780 5620 1836 5689 8,
1876 5607 1930 5677 9.
2003 5623 2050 5656 ⁷⁹
2088 5621 2135 5678 ll
2168 5607 2398 5697 comit:
2415 5607 2517 5686 1'5:
2529 5607 2547 5614 ⁷
2579 5630 2626 5663 ⁸ο
2663 5607 3186 5703 1355i:
3223 5607 3658 5695 ’δῖ’ἕιοᾶῗῖξξί
