3872 6552
366 422 429 478 δι
1453 423 1774 481 ornamus
1808 423 1873 479 IN
1911 420 2267 479 CANTICUM
2300 418 2573 478 omne.
2924 398 2931 415 '
3550 417 3624 472 se

372 544 663 611 contende,
705 554 767 602 ut
806 555 994 603 sancte
1039 547 1312 620 intelligas
1357 549 1610 605 universa
1653 564 1775 619 qua:
1806 547 1953 603 dicta
1984 550 2029 608 Α
2059 547 2150 617 qni
2182 548 2235 603 in
2262 547 2400 603 valle
2428 561 2600 612 eram,
2635 541 2912 600 descendit
2938 541 2993 597 in
3016 540 3315 607 vallem,.et
3341 538 3393 592 in
3429 538 3623 595 vallem

371 646 523 705 sunt,
573 647 629 694 et
675 638 870 695 similis
916 639 1131 710 spiritui
1163 642 1214 696 ei
1247 641 1340 711 qui
1370 641 1424 696 in
1457 641 1637 711 specie
1672 640 1948 696 descendit

366 724 662 808 columba,
680 730 886 808 audias
915 732 1043 802 quia
1072 730 1219 787 oculi
1249 732 1328 787 tui
1349 731 1635 788 columbas.
1673 732 1730 788 Si
1754 732 1950 787 intelli-

363 797 457 904 igis
485 822 656 893 legem
680 797 1064 893 'spiritual—iter,
1096 824 1239 879 oculi
1269 824 1348 879 tui
1377 824 1644 879 columba:
1678 833 1827 879 sunt.
1888 823 1951 879 Si

362 912 633 990 iintelligis
651 913 1003 984 Evangelium
1028 922 1089 969 ut
1113 929 1173 970 se
1200 915 1315 969 vult
1340 915 1566 987 intelligi
1595 914 1949 987 Erangelium

362 996 429 1081 fet
463 1005 770 1075 praedicari,
797 1005 951 1061 vides
983 1003 1170 1060 Jesum
1200 1020 1421 1062 omnem
1445 1007 1759 1077 languorem
1784 1015 1839 1061 et
1861 1007 1950 1061 in-

373 1093 687 1163 firmitatem
737 1109 849 1150 non
893 1095 1069 1151 solum
1104 1110 1172 1150 eo
1209 1104 1455 1169 tempore
1505 1114 1616 1168 quo
1663 1098 1953 1154 carnaliter

373 1184 516 1241 facta
551 1195 681 1242 sunt
704 1226 718 1252 ,
758 1185 930 1244 fuisse
956 1186 1283 1243 medicatum
1304 1231 1319 1256 ,
1350 1189 1444 1245 sed
1482 1188 1751 1259 hodieque
1779 1188 1951 1243 medi-

371 1287 609 1348 eantem,
641 1288 823 1337 etnon
856 1292 1067 1341 tantum
1100 1293 1235 1340 tunc
1263 1282 1330 1338 ad
1365 1284 1615 1340 homines
1640 1283 1955 1340 descendis-

373 1388 468 1437 se,
517 1375 613 1429 sed
656 1375 929 1448 hodieque
960 1378 1325 1445 descendere,
1353 1386 1408 1433 et
1435 1390 1557 1432 esse
1605 1384 1950 1447 praesentem.

372 1459 511 1516 Ecce
538 1462 717 1531 enim,
762 1465 975 1536 inquit,
1010 1467 1278 1522 vobiscum
1322 1481 1441 1519 sum
1481 1466 1722 1520 omnibus
1770 1464 1953 1520 diebus

372 1568 540 1623 usque
563 1554 634 1608 ad
660 1557 1172 1612 consummationem
1200 1556 1383 1614 seaculi
1405 1557 1472 1612 ⁸³.

447 1639 604 1697 Oculi
651 1645 732 1699 tui
769 1645 1026 1701 columba:
1057 1656 1202 1703 sunt.
1265 1647 1400 1702 Ecce
1432 1647 1668 1716 speciosa
1706 1647 1953 1718 proxima

373 1749 513 1801 mea,
564 1752 679 1791 ecce
724 1739 983 1808 speciosa,
1033 1728 1275 1795 oculitui
1320 1740 1593 1795 columbae.
1657 1739 1768 1797 Has
1795 1740 1863 1796 de
1894 1755 1954 1796 se

374 1842 579 1897 Sponsa
622 1830 853 1888 audiens
899 1832 1090 1888 laudes
1140 1847 1344 1902 sponso
1380 1833 1548 1887 vicem
1598 1833 1653 1887 in
1697 1832 1951 1888 laudibus

373 1896 603 1990 tribuit,
663 1937 774 1978 non
827 1937 938 1992 quo
989 1925 1037 1978 ei
1084 1896 1228 1994 quod
1289 1938 1396 1977 non
1448 1923 1611 1977 habet
1657 1939 1758 1978 suo
1817 1938 1954 1993 prae-
1986 1896 2029 1953 Β

372 2013 536 2068 ennio
607 2013 907 2085 largiatur,
983 2015 1076 2071 sed
1140 2015 1446 2085 intelligens
1514 2015 1765 2070 decorem
1835 2015 1957 2085 ejus

372 2112 537 2173 atque
585 2105 933 2176 conspiciens
981 2106 1057 2161 ait
1111 2103 1289 2176 (vers.
1338 2105 1438 2178 15)
1491 2125 1504 2160 :
1556 2104 1691 2161 Ecce
1733 2123 1955 2176 sponsus

377 2195 485 2266 19
511 2198 782 2267 fratruelis
816 2215 960 2252 meus
998 2199 1237 2269 equidem
1273 2199 1523 2269 pulcher,
1576 2201 1739 2254 lectus
1782 2208 1957 2255 noster

372 2289 672 2342 umbrosus.
692 2287 889 2353 Quaaro
912 2289 1114 2344 lectum
1146 2290 1200 2344 in
1232 2305 1342 2360 quo
1361 2305 1596 2360 sponsus
1612 2306 1735 2346 cum
1757 2307 1957 2361 sponsa

372 2377 807 2449 requiescat;-et
834 2418 848 2443 ,
890 2380 944 2434 ni
995 2378 1186 2447 fallor,
1237 2396 1437 2451 corpus
1476 2381 1776 2435 humanum
1822 2391 1905 2436 est
1940 2399 1953 2435 :

376 2470 646 2540 siquidem
705 2471 793 2525 ille
853 2471 908 2526 in
962 2471 1253 2543 Evangelio
1304 2472 1632 2545 paralyticus
1679 2474 1771 2542 qui
1808 2474 1956 2542 jace-

374 2560 470 2616 bat
506 2561 562 2617 in
591 2562 751 2632 lecto,
800 2571 854 2618 et
886 2563 1037 2619 abire
1063 2563 1117 2617 in
1141 2564 1364 2619 domum
1394 2579 1552 2620 suam
1583 2563 1798 2619 sublato
1830 2579 1959 2635 gra-

376 2654 504 2710 bato
545 2669 675 2711 voce
710 2656 901 2727 jussus
945 2665 1028 2712 est
1073 2654 1391 2722 Salvator-is,
1447 2665 1738 2727 antequam
1794 2671 1958 2712 sana-

380 2756 568 2816 retur,
624 2764 789 2819 super
831 2748 1015 2804 debile’
1051 2749 1425 2804 membrorum
1473 2764 1699 2804 suorum
1757 2762 1957 2819 corpus

372 2840 613 2910 jacebat,
640 2839 785 2912 quod
820 2849 1010 2912 postea
1040 2839 1135 2896 Dei
1168 2840 1367 2896 virtute
1397 2840 1687 2897 solidatum
1720 2848 1821 2898 est.
1867 2838 1957 2896 Sic

376 2948 478 3005 ego
519 2934 759 3005 intelligo
812 2953 825 2989 :
881 2931 1027 2988 Tolle
1068 2934 1347 3005 grabatum
1396 2944 1565 3000 tuum,
1626 2944 1675 2989 et
1724 2933 1853 2989 vade
1900 2934 1958 2987 in

375 3027 593 3081 domum
619 3036 765 3081 tuam
797 3027 867 3082 ".
914 3026 1101 3098 Neque
1132 3028 1279 3083 enim
1321 3028 1385 3083 ad
1426 3028 1532 3084 hoc
1560 3025 1732 3085 Filius
1763 3026 1857 3082 Dei
1890 3027 1959 3083 de

376 3117 692 3174 coelestibus
725 3118 793 3173 ad
822 3126 1036 3173 terrena
1084 3116 1471 3182 descenderat,
1522 3127 1582 3172 ut
1627 3117 1694 3173 de
1744 3117 1957 3173 lectulis

2054 640 2279 695 veniens
2325 639 2385 693 fit
2434 637 2642 705 lilium;
2683 651 2782 707 pro
2810 636 2956 705 ligno
2983 633 3102 689 vita!
3149 632 3292 703 quod
3324 633 3623 701 plantatum

2054 741 2139 787 est
2174 732 2228 785 in
2289 730 2539 801 paradiso
2586 728 2721 796 Dei,
2770 727 2936 782 totius
2981 725 3190 795 campi,
3237 724 3289 779 id
3329 734 3412 779 cst
3457 724 3627 781 totius

2054 825 2265 891 mundi,
2294 833 2348 879 et
2375 822 2642 878 universa:
2669 832 2827 876 terra:
2852 818 2951 875 llos
2972 817 3148 874 factus
3173 827 3275 874 est.
3306 816 3443 884 Quid
3477 820 3625 875 enim

2057 918 2136 973 sic
2167 926 2345 989 potest
2394 931 2515 972 esse
2549 915 2649 971 flos
2694 912 2903 978 mundi,
2953 921 3013 966 ut
3038 910 3361 967 vocabulum
3392 909 3630 965 Christi?

2055 1007 2401 1081 Unguentum
2450 1009 2680 1065 effusum
2734 1022 2931 1062 nomen
2990 1005 3128 1075 ejus.
3175 1006 3344 1061 Aliter
3391 1005 3628 1075 idipsum

2056 1102 2299 1159 dicitur:
2344 1101 2455 1173 Ego
2499 1102 2598 1171 flos
2629 1100 2820 1170 campi,
2867 1109 2914 1153 et
2956 1098 3130 1152 lilium
3170 1097 3487 1152 convallium
3513 1138 3529 1163 ,
3578 1107 3634 1151 ct

2055 1195 2172 1251 lucc
2205 1195 2424 1265 quidem
2451 1194 2516 1248 de
2539 1192 2849 1261 semetipso.
2884 1189 3087 1245 Deinde
3111 1204 3365 1259 sponsam
3400 1189 3634 1243 laudans

2056 1285 2131 1340 ait
2166 1303 2180 1339 :
2215 1283 2379 1355 (vers.
2409 1282 2466 1356 Ξ)
2505 1279 2573 1337 Ut
2607 1280 2781 1334 lilium
2805 1280 2860 1332 in
2886 1278 3054 1332 medio
3083 1280 3375 1348 spinarum,
3404 1277 3480 1331 sic
3508 1293 3636 1346 pro-

2054 1379 2203 1432 xima
2235 1394 2349 1432 mea
2374 1376 2428 1429 in
2455 1375 2622 1429 medio
2650 1373 2904 1443 ﬁliarum.
2931 1368 3085 1424 Sicut
3114 1369 3286 1423 lilium
3318 1384 3424 1423 non
3453 1376 3639 1438 potest

2055 1470 2227 1543 spinis
2255 1466 2582 1539 comparari,
2616 1466 2759 1520 inter
2800 1478 2938 1534 quas
2983 1477 3196 1533 semper
3225 1461 3493 1524 exoritur,
3537 1474 3639 1514 eo-

2056 1564 2181 1620 dem
2211 1561 2375 1617 modo
2407 1559 2653 1630 proxima
2702 1570 2823 1612 mea
2860 1570 3024 1626 super
3069 1568 3261 1609 omnes
3284 1552 3433 1607 tilias
3459 1552 3636 1605 lilium

2056 1664 2140 1711 est
2178 1654 2234 1709 in
2264 1652 2443 1708 medio
2471 1650 2773 1722 spinarum.
2807 1647 2916 1703 lsta
2959 1646 3187 1701 audiens
3228 1658 3426 1715 sponsa
3459 1644 3639 1697 vicem

2055 1746 2231 1803 reddit
2283 1758 2505 1816 sponso,
2552 1751 2606 1798 et
2646 1741 2890 1798 sentiens
2922 1738 3068 1795 illius
3099 1737 3264 1792 etiam
3312 1735 3637 1791 suavitatem

2058 1840 2114 1894 in
2149 1852 2336 1893 vocem
2367 1834 2642 1891 laudantis
2689 1831 2946 1902 erumpit.
2983 1828 3397 1901 Unguentorum
3435 1827 3643 1898 quippe
3710 1836 3721 1851 θ

2061 1932 2196 1987 odor
2225 1931 2352 1985 licet
2381 1928 2620 1984 suaviter
2651 1926 2836 1996 spiret,
2868 1933 2922 1980 et
2966 1938 3188 1979 sensum
3222 1921 3389 1977 odore
3420 1919 3642 1975 demul-

2058 2034 2197 2090 eeat,
2233 2038 2343 2077 non
2367 2031 2546 2076 tamen
2580 2016 2848 2088 ejusmodi
2875 2025 2977 2083 est,
3008 2023 3069 2070 ut
3094 2028 3260 2069 suave
3283 2011 3354 2067 sit
3379 2010 3445 2066 ad
3481 2010 3646 2065 eden-

2057 2117 2211 2172 dum.
2264 2114 2361 2170 Est
2394 2122 2571 2167 autem
2606 2108 2754 2165 aliud
2792 2107 2937 2179 quod
2982 2105 3172 2177 optimi
3208 2102 3421 2174 saporis
3475 2102 3548 2157 sit
3590 2110 3648 2157 et

2058 2206 2264 2271 odoris,
2298 2206 2349 2258 id
2380 2211 2480 2270 est,
2518 2211 2576 2257 ut
2611 2202 2800 2256 fauces
2835 2199 3059 2255 duleore
3084 2196 3334 2263 delectet,
3378 2203 3433 2250 et
3476 2193 3648 2264 spiri-

2058 2305 2173 2351 tum
2205 2296 2439 2351 mulceat
2480 2293 2709 2348 odoratu
2743 2310 2757 2346 :
2791 2291 2897 2345 tale
2948 2298 3031 2345 est
3080 2287 3307 2354 malum,
3343 2295 3398 2342 et
3444 2285 3645 2342 istius-

2059 2388 2205 2443 modi
2227 2395 2310 2443 est
2338 2395 2566 2453 naturae,
2597 2394 2658 2440 ut
2691 2393 2921 2454 utraque
2946 2384 3002 2438 in
3025 2398 3083 2439 se
3110 2381 3406 2453 possideat.
3432 2379 3649 2436 Idcirco

2058 2484 2247 2537 volens
2278 2495 2388 2535 non
2425 2480 2599 2534 solum
2631 2477 3061 2533 benevolentiam
3091 2476 3363 2533 sermonis
3387 2514 3403 2541 ,
3446 2474 3543 2531 sed
3592 2486 3651 2531 et

2058 2575 2337 2630 dulcorcm
2375 2573 2496 2643 ejus
2535 2586 2736 2642 sponsa
2784 2570 3038 2635 laudare,
3077 2570 3153 2623 ait
3202 2588 3214 2624 :
3257 2570 3422 2640 (vers.
3465 2568 3520 2639 5)
3573 2567 3649 2623 Ut

2059 2668 2257 2721 malum
2291 2666 2345 2720 in
2380 2665 2538 2736 lignis
2572 2663 2717 2718 silere
2738 2704 2753 2731 ,
2798 2664 2874 2717 ita
2904 2662 3179 2733 fratruelis
3210 2678 3352 2715 meus
3386 2663 3441 2715 in
3468 2661 3650 2715 medio

2059 2760 2314 2831 ﬁliorum.
2355 2756 2550 2813 Omnia
2580 2756 2746 2827 ligna,
2779 2769 2971 2810 omnes
2998 2754 3223 2809 arbores
3247 2752 3360 2825 (ἳο)
3391 2753 3457 2807 ad
3487 2767 3651 2806 com-

2059 2851 2394 2923 parationem
2418 2847 2690 2904 sermonis
2724 2846 2821 2901 Dei
2849 2846 2999 2902 silvae
3026 2845 3293 2901 inferaces
3319 2844 3651 2900 existiman-

2060 2953 2169 3012 tur,
2219 2942 2288 2999 ad
2327 2941 2606 2999 Christum
2637 2940 2811 2996 saltus
2843 2949 2928 2995 est
2966 2954 3129 2995 omne
3153 2938 3297 3010 quod
3326 2938 3552 3003 dixeris,
3587 2949 3651 2993 e‘.

2061 3036 2402 3092 infructuosa
2434 3044 2562 3090 sunt
2590 3034 2793 3091 omnia.
2828 3031 2960 3100 Quae
2987 3032 3133 3087 enim
3170 3040 3400 3102 possunt
3429 3030 3535 3087 dici
3572 3033 3651 3087 ad

2061 3144 2186 3184 eum
2228 3136 2542 3200 comparata
2586 3125 2904 3182 fructifera?
2949 3123 3124 3179 Etiam
3155 3124 3300 3194 ligna
3332 3138 3453 3194 quae
3491 3123 3653 3178 vidc-

377 3208 711 3280 imperarct,
775 3218 830 3266 et
874 3219 1289 3282 consurgentem
1333 3210 1401 3265 ab
1448 3210 1806 3281 aegrotatione
1853 3225 1953 3266 sua

2062 3223 2261 3278 bantur
2290 3221 2557 3277 fructibus
2580 3219 2877 3287 incurvari,
2907 3219 2972 3275 ad
3002 3218 3345 3274 collationem
3376 3217 3653 3272 adventus

377 3302 496 3358 sine
535 3303 735 3359 lectulo
786 3317 897 3357 non
935 3310 1213 3374 pateretur
1246 3302 1554 3358 ascendere.
1594 3323 1607 3358 :
1650 3302 1829 3371 Tolle,
1871 3303 1957 3358 in-

377 3394 595 3465 quiens,
627 3395 907 3467 grabatum
946 3403 1115 3461 tuum,
1142 3404 1190 3449 et
1211 3394 1340 3451 vade
1379 3396 1433 3450 in
1460 3395 1674 3450 domum
1699 3404 1864 3451 tuam.
1896 3396 1960 3452 Et

378 3497 438 3544 tu
475 3488 640 3559 igitur
665 3504 695 3544 a
728 3487 1011 3544 Salvatore
1047 3498 1272 3544 sanatus
1304 3489 1432 3544 tolle
1465 3489 1748 3561 grabatum
1782 3498 1957 3556 tuum,

377 3589 435 3636 et
463 3581 600 3637 vade
631 3581 688 3636 in
710 3581 933 3636 domum
968 3590 1140 3649 tuam,
1171 3589 1233 3637 ut
1261 3597 1386 3636 cum
1416 3582 1485 3636 ad
1525 3590 1576 3637 te
1613 3582 1763 3637 velut
1793 3597 1959 3652 spon-

379 3690 498 3731 sam
528 3675 738 3731 venerit
762 3688 1018 3745 sponsus,
1055 3684 1111 3729 et
1142 3674 1197 3729 in
1225 3689 1292 3730 eo
1324 3683 1500 3729 tecum
1537 3674 1699 3729 fuerit
1728 3674 1961 3729 reclina-

380 3776 490 3833 tus,
518 3766 670 3823 dicas
705 3784 720 3822 :
762 3765 901 3821 Ecce
931 3781 1152 3837 sponsus
1192 3764 1467 3835 fratruelis
1502 3781 1645 3819 meus
1667 3804 1682 3829 ,
1722 3764 1960 3834 equidem

377 3859 627 3931 pulcher,
682 3857 965 3913 acclinatio
998 3865 1178 3912 nostra
1207 3855 1473 3910 umbrosa.
1510 3854 1650 3911 Ecce
1679 3856 1963 3925 speciosus

380 3951 659 4008 fratruelis
686 3966 862 4017 meus,
889 3950 1006 4022 ipse
1033 3956 1089 4005 et
1113 3948 1394 4020 speciosus
1427 3958 1531 4016 est,
1566 3956 1621 4003 et
1645 3947 1959 4005 umbrosus.

381 4044 489 4100 Per
526 4044 667 4099 diem
706 4041 908 4116 quippe
946 4041 1027 4098 sol
1058 4057 1163 4098 non
1209 4051 1321 4096 uret
1376 4049 1460 4109 te,
1505 4056 1670 4111 neque
1705 4039 1835 4095 luna
1870 4055 1964 4110 per

381 4148 583 4194 noctem
621 4138 691 4195 ⁸⁸.
773 4193 782 4202 ,

453 4232 506 4288 5.
546 4228 703 4287 Vers.
745 4227 834 4286 16.
878 4227 1071 4284 Trabes
1102 4227 1380 4282 domorum
1429 4234 1733 4281 nostrarum
1780 4225 1958 4291 cedri,

382 4323 750 4380 multitudinis
780 4323 942 4378 verba
991 4328 1142 4377 sunt.
1178 4319 1442 4376 Videntur
1476 4331 1658 4376 autem
1694 4321 1827 4376 mihi
1859 4321 1961 4375 viri

383 4418 501 4473 haec
526 4414 708 4471 dicere
748 4414 843 4485 qui
878 4427 1003 4468 cum
1040 4427 1244 4483 sponso
1271 4424 1418 4478 sunt,
1467 4412 1534 4466 de
1576 4412 1777 4481 quibus
1808 4426 1966 4481 supe-

382 4510 500 4564 rius
543 4519 725 4562 sermo
773 4502 1031 4576 praefatus
1061 4510 1165 4559 est.
1208 4500 1414 4558 Domus
1447 4503 1684 4558 cedrinis
1718 4503 1962 4559 trabibus

2060 3316 2181 3385 ejus
2232 3313 2571 3369 infructuosa
2620 3320 2923 3368 monstrata
2972 3319 3120 3366 sunt.
3170 3308 3294 3364 Ideo
3349 3316 3405 3362 ut
3439 3306 3651 3361 malum

2059 3406 2116 3459 in
2184 3405 2341 3476 lignis
2402 3404 2591 3470 silvte,
2655 3404 2732 3458 ita
2791 3401 3061 3474 fratruelis
3130 3417 3274 3457 meus
3349 3402 3405 3455 in
3470 3400 3653 3457 medio

2063 3496 2318 3567 ﬁliorum.
2393 3494 2460 3550 In
2530 3495 2717 3549 umbra
2797 3495 2912 3563 ejus
2978 3493 3249 3563 concupiui
3294 3532 3310 3560 ,
3389 3500 3438 3545 et
3506 3488 3648 3545 sedi.

2063 3589 2236 3656 Quam
2268 3590 2494 3661 pulchre
2526 3604 2636 3644 non
2669 3589 2747 3643 ait
2790 3589 2846 3643 in
2892 3588 3081 3643 umbra
3112 3586 3258 3642 illius
3289 3583 3648 3654 concupisco,

2064 3683 2193 3750 sed,
2235 3683 2292 3736 in
2326 3680 2514 3735 umbra
2556 3681 2669 3751 ejus
2723 3680 3025 3750 concupiui;
3056 3687 3110 3735 et
3153 3694 3261 3733 non
3306 3677 3499 3741 sedeo,
3545 3676 3649 3731 sed

2064 3777 2199 3831 sedi.
2243 3774 2522 3845 Siquidem
2568 3773 2625 3827 in
2653 3772 2919 3844 principio
2952 3786 3059 3827 non
3090 3785 3384 3842 possumus
3415 3784 3540 3824 cum
3575 3783 3652 3824 eo

2065 3867 2345 3938 proprium
2381 3864 2630 3921 conferre
2658 3879 2987 3931 sermonem,
3022 3880 3209 3920 verum
3252 3862 3307 3919 in
3348 3862 3646 3933 principio,

2064 3969 2124 4014 ut
2158 3960 2231 4014 ita
2260 3959 2459 4026 dicam,
2492 3955 2728 4028 quadam
2758 3955 3058 4027 maiestatis
3105 3955 3251 4011 illius
3283 3954 3475 4009 umbra
3518 3969 3653 4022 per-

2063 4050 2319 4117 fruimur,
2349 4048 2492 4104 unde
2512 4058 2567 4104 et
2595 4048 2649 4103 in
2680 4047 2960 4118 prophetis
3001 4047 3234 4118 legitur:
3279 4044 3510 4115 Spiritus
3550 4046 3650 4116 fa-

2064 4146 2163 4199 ciei
2198 4150 2394 4196 nostra:
2415 4139 2657 4197 Christus
2688 4139 2962 4205 Dominus,
2993 4141 3076 4194 cui
3110 4140 3342 4194 diximus
3378 4155 3396 4193 :
3431 4138 3497 4193 In
3521 4156 3649 4194 um-

2066 4233 2161 4288 bra
2192 4233 2304 4304 ejus
2323 4233 2547 4288 vivemus
2576 4234 2631 4285 in
2652 4230 2891 4302 gentibus
2917 4230 2984 4298 '3;
3015 4239 3088 4296 et,
3120 4230 3187 4284 ab
3216 4230 3404 4285 umbra
3431 4229 3498 4284 ad
3526 4242 3651 4285 um-

2065 4327 2220 4383 bram
2269 4325 2432 4381 aliani
2497 4324 2971 4394 transmigramus.
3022 4321 3331 4376 Sedentibus
3379 4322 3524 4376 enim
3586 4322 3645 4377 in

2067 4418 2272 4486 regione
2295 4424 2343 4468 et
2367 4413 2553 4467 umbra
2577 4413 2785 4479 mortis,
2815 4411 2907 4466 lux
2935 4421 3053 4466 orta
3078 4421 3152 4466 est
3178 4411 3251 4465 eis
3276 4412 3341 4465 ³⁷.
3369 4410 3437 4464 Ει
3460 4420 3649 4466 trans-

2068 4522 2259 4562 eamus
2286 4506 2356 4560 ab
2387 4504 2579 4559 umbra
2607 4502 2797 4558 mortis
2845 4502 2911 4557 ad
2951 4503 3197 4557 umbram
3229 4501 3371 4557 vitae.
3416 4500 3649 4572 Semper

385 4603 607 4657 intexta:
628 4608 778 4665 sunt,
809 4605 865 4655 et
886 4597 1158 4670 cypressis
1180 4596 1650 4667 contignatae(l9).
1682 4596 1962 4667 Siquidem
1996 4596 2039 4650 D
2069 4597 2379 4654 istiusmodi
2428 4605 2557 4652 sunt
2599 4594 2895 4667 profectus,
2929 4590 2989 4649 ul
3016 4596 3070 4649 in
3101 4595 3327 4650 exordio
3374 4594 3650 4652 desideret

382 4707 485 4763 pro
508 4691 651 4748 stibe
682 4688 929 4745 ascendit
962 4700 1273 4757 cypressus,
1306 4693 1361 4740 et
1380 4700 1479 4755 pro
1500 4685 1687 4740 coniza
1721 4684 1970 4741 ascendit

383 4793 617 4858 myrtus.
662 4781 967 4853 Requirens
1017 4777 1181 4849 igitur
1227 4777 1385 4849 cujus
1434 4786 1644 4833 naturae
1688 4777 1793 4834 ista
1839 4786 1970 4835 sunt

382 4881 552 4950 ligna,
575 4884 628 4933 et
658 4875 882 4932 cedrum
910 4870 1320 4942 imputribilem,
1352 4877 1749 4942 etcypressum
1782 4870 1968 4930 odoris

381 4967 575 5040 optimi
623 4963 1055 5038 deprehendens,
1090 4962 1278 5016 labora
1339 4970 1393 5016 et
1433 4971 1491 5015 tu
1526 4960 1600 5015 ita
1641 4962 1963 5033 contignare

382 5065 609 5118 domum
636 5069 809 5126 tuam,
849 5065 910 5113 ut
941 5058 1007 5112 de
1035 5063 1089 5111 te
1119 5070 1338 5125 quoque
1372 5054 1545 5124 possit
1571 5053 1679 5109 dici
1716 5074 1729 5107 :
1766 5053 1960 5111 Trabes

382 5157 638 5210 domuum
669 5160 972 5206 nostrarum
1011 5146 1187 5213 cedri,
1225 5154 1275 5200 et
1314 5146 1726 5216 contignationes
1768 5158 1965 5203 nostra:

382 5261 678 5395 ῳςίἷϐἕὲει
717 5335 830 5390 haec
868 5347 1104 5404 sponsus
1132 5331 1376 5403 loquitur
1410 5330 1553 5403 (cap.
1588 5346 1650 5400 ll,
1683 5348 1827 5389 vers.
1863 5334 1914 5405 l)
1946 5352 1963 5391 :

382 5430 500 5505 Ego
531 5432 632 5503 ﬂos
675 5429 871 5498 campi,
919 5435 969 5481 et
1011 5425 1185 5481 lilium
1230 5424 1567 5481 convallium.
1613 5424 1840 5497 Propter
1877 5442 1966 5483 me

2065 4688 2336 4760 quispiam
2364 4687 2553 4745 saltem
2598 4688 2652 4741 in
2682 4686 2943 4741 virtutum
2968 4685 3158 4740 umbra
3180 4684 3497 4740 consistere.
3526 4681 3649 4755 Ego

2063 4790 2196 4852 puto
2224 4780 2347 4836 ideo
2373 4790 2427 4835 et
2458 4777 2796 4836 nativitatem
2825 4776 2953 4834 Jesu
2980 4778 3049 4833 ab
3085 4778 3275 4832 umbra
3300 4777 3551 4847 coepisse,
3590 4788 3652 4833 et

2062 4889 2172 4930 non
2206 4873 2262 4928 in
2294 4871 2509 4939 umbra,
2563 4871 2657 4928 sed
2704 4870 2758 4925 in
2790 4871 3017 4926 veritate
3059 4870 3267 4931 finitam
3304 4889 3317 4925 :
3362 4868 3599 4939 Spiritus
3629 4912 3646 4937 ,

2063 4965 2282 5034 inquit,
2333 4975 2545 5019 sanctus
2594 4964 2758 5018 veniet
2814 4965 2868 5016 in
2925 4970 3012 5027 te,
3053 4970 3103 5016 et
3160 4968 3325 5017 virtus
3375 4961 3647 5017 Altissimi

2066 5056 2397 5111 obumbrabit
2447 5057 2543 5111 tibi
2606 5057 2670 5111 ³⁸.
2732 5056 3000 5113 Nativitas
3050 5054 3255 5111 Christi
3320 5053 3388 5111 ab
3450 5055 3647 5110 umbra

2068 5150 2302 5221 sumpsit
2348 5150 2632 5206 exordium
2672 5166 2823 5205 :non
2854 5152 3030 5207 solum
3068 5158 3248 5206 autem
3286 5150 3339 5204 in
3371 5147 3537 5204 Maria
3573 5149 3649 5204 ab

2068 5242 2263 5297 umbra
2308 5240 2431 5312 ejus
2476 5243 2731 5298 nativitas
2772 5242 2956 5313 erepit,
2985 5243 3076 5298 sed
3107 5243 3243 5297 etin
3276 5250 3326 5297 te
3368 5242 3414 5296 si
3442 5241 3646 5311 dignus

2067 5333 2240 5390 fueris
2269 5336 2516 5389 nascltur
2544 5350 2724 5390 sermo
2752 5334 2864 5390 Dei.
2920 5333 3029 5391 Fac
3061 5335 3227 5405 igitur
3254 5343 3310 5388 ut
3342 5333 3521 5403 possis
3550 5349 3649 5387 ca-

2067 5442 2196 5498 pere
2236 5428 2485 5483 umbram
2521 5428 2660 5499 ejus,
2710 5436 2765 5483 et
2816 5444 2939 5485 cum
2991 5429 3185 5485 umbra
3227 5427 3416 5483 fueris.
3445 5426 3650 5498 dignus

444 5595 492 5629 ”
522 5592 713 5650 Matth.
743 5588 1042 5657 xxvm,20.
1106 5591 1153 5623 “
1181 5590 1370 5647 Matth.
1402 5606 1481 5660 ix,
1510 5591 1563 5645 6.
1640 5591 1685 5625 ⁸⁵
1717 5589 1861 5646 Psal.
1888 5605 2040 5659 cxxr,
2070 5589 2125 5646 6.
2199 5595 2245 5627 ³⁸
2271 5592 2472 5647 Thren.
2506 5608 2578 5661 iv,
2618 5591 2709 5647 20.
2783 5591 2826 5623 ⁹⁷
2853 5592 2957 5647 lsa.
2991 5608 3068 5658 ix,
3103 5590 3156 5645 2.
3231 5592 3278 5623 ⁸⁸
3312 5590 3448 5647 Luc.
3478 5603 3519 5655 t,
3549 5588 3644 5646 55.

455 5738 570 5812 (l9)
609 5736 765 5812 Mss.,
813 5734 998 5812 domus
1031 5735 1259 5812 cedrinis
1308 5737 1543 5812 trabibus
1570 5738 1786 5812 intexta:
1815 5747 1958 5812 sunt,

382 5820 435 5867 et
457 5804 711 5880 cyp'ressis
731 5807 1067 5880 contiguam.
1118 5804 1306 5880 Editt.,
1333 5808 1514 5864 domos
1532 5810 1771 5866 cedrinas
1794 5804 1962 5866 trabi—

387 5876 734 5937 bus'inteatas
760 5887 807 5935 et
834 5876 1088 5949 cypressis
1112 5876 1465 5947 contignatas.

2138 5738 2252 5809 (20)
2291 5739 2447 5795 Libb.
2490 5741 2644 5797 cditt.
2671 5782 2686 5807 ,
2736 5757 2913 5795 omnes
2961 5741 3107 5798 silva:
3149 5742 3406 5811 arbores,
3447 5739 3542 5799 sed
3585 5740 3639 5798 iu

2067 5825 2201 5868 mss.
2228 5812 2483 5868 omnibus
2515 5813 2779 5869 omittitur
2804 5811 2970 5868 silt'a'.
