3872 6524
300 406 366 462 53
1699 407 1970 465 liOMlLlA
2018 409 2078 463 ll.
3468 410 3530 464 5-5

296 529 541 595 edoctus,
569 529 752 585 veniet
775 530 844 585 ad
871 541 944 598 te,
987 538 1048 585 nt
1077 530 1151 586 ita
1180 529 1381 594 dicam,
1412 544 1611 599 corpus
1635 531 1774 599 ejus,
1803 548 1864 584 ex
1897 540 1944 593 Α
1976 547 2079 585 non
2124 532 2175 585 in
2223 546 2330 586 uno
2358 531 2570 602 spiritu.
2626 531 2757 586 Arna
2784 539 2836 586 et
2863 531 3053 595 Deum,
3095 528 3186 584 sed
3217 543 3338 584 ama
3383 527 3532 584 illum

294 635 399 690 quo
429 622 625 676 umbra
654 624 917 678 nascitur.
954 621 1086 676 Nam
1131 623 1185 676 in
1230 622 1442 677 modico
1488 622 1681 687 lidelis,
1723 631 1775 675 et
1815 624 1867 674 in

294 708 596 778 majoribus
633 710 741 765 erit
784 712 978 766 ﬁdelis.
1027 709 1093 765 In
1134 713 1321 765 umbra
1363 712 1477 780 ejus
1517 711 1782 780 concupiui
1820 719 1868 764 et

292 800 422 856 sedi.
466 799 631 856 Vides
678 803 808 873 quia
839 818 948 858 non
978 819 1191 874 semper
1229 805 1282 857 in
1319 804 1510 857 umbra
1560 803 1729 866 stetit,
1777 802 1867 857 sed

295 890 414 943 inde
447 890 516 945 ad
547 892 778 948 meliora
805 894 1101 958 transierit,
1147 894 1334 948 dicens
1362 911 1374 947 :
1410 893 1478 947 Et
1519 895 1722 963 fructus
1753 894 1867 961 ejus

291 978 461 1033 dulcis
508 981 567 1034 in
617 993 828 1052 gutture
871 999 1002 1037 meo.
1052 983 1184 1055 Ego,
1223 985 1435 1054 inquit,
1479 985 1778 1040 desideravi
1815 986 1866 1038 in

294 1072 482 1125 umbra
515 1072 636 1141 ejus
661 1077 1025 1145 requiescere,
1057 1076 1150 1132 sed
1181 1087 1466 1147 postquam
1499 1092 1584 1132 me
1612 1092 1710 1131 sua
1747 1093 1870 1146 pro-

291 1163 420 1218 texit
447 1166 668 1230 umhra,
705 1167 868 1220 etiam
919 1166 1100 1223 l‘ructu
1142 1168 1288 1223 illius
1328 1177 1604 1223 saturatus
1632 1185 1775 1236 sum,
1815 1178 1870 1223 et

290 1253 499 1310 fructus
524 1250 648 1325 ejus
679 1257 855 1312 dulcis
880 1258 932 1312 in
963 1267 1180 1328 gutture
1205 1274 1344 1314 meo.

360 1346 409 1401 7.
452 1346 612 1403 νει-δ.
649 1350 704 1402 4.
743 1348 1074 1404 lntroducite
1106 1367 1185 1404 me
1215 1351 1269 1404 in
1293 1351 1507 1404 domum
1536 1353 1672 1406 'vini.
1715 1351 1867 1408 Foris

290 1441 434 1493 stetit
462 1456 722 1510 Sponsus,
747 1454 799 1497 et
831 1443 899 1498 ab
929 1458 1126 1512 sponsa
1151 1454 1440 1514 susceptus
1469 1454 1570 1499 est.
1597 1443 1652 1498 ln
1689 1445 1867 1499 medio

290 1532 488 1600 quippe
539 1532 771 1586 uberum
809 1533 954 1589 illius
995 1537 1280 1605 requievit.
1332 1538 1599 1594 Proxima:
1633 1540 1744 1611 (21)
1777 1541 1867 1610 ju-

291 1624 529 1677 veucula:
577 1641 685 1679 non
721 1638 849 1681 sunt
883 1630 1188 1684 istiusmodi
1228 1640 1284 1686 ut
1310 1648 1567 1701 sponsum
1599 1633 1864 1702 hOSpitem

289 1715 489 1770 habere
551 1730 889 1775 mereantur.
940 1720 1269 1778 Multitudini
1311 1724 1443 1779 loris
1489 1725 1541 1778 in
1591 1726 1865 1793 parabolis

291 1809 550 1881 l0quitur.
612 1809 786 1877 Quam
837 1830 1028 1871 vereor
1080 1831 1147 1870 ne
1209 1817 1394 1872 multa:
1450 1818 1866 1873 adolescentulis

1973 640 2078 678 non
2112 633 2169 676 ut
2191 639 2405 679 carnem
2437 632 2489 679 et
2514 625 2852 693 sanguinem,
2904 623 2994 678 sed
3028 632 3086 676 ut
3112 622 3382 691 spiritum.
3429 621 3534 687 Qui

1970 715 2115 767 enim
2162 715 2393 768 adhwret
2428 713 2551 778 Deo,
2600 732 2731 768 unus
2773 716 2988 783 spiritus
3030 724 3103 767 est
3144 714 3184 767 ³.
3241 713 3408 784 Igitur
3446 729 3538 768 or-

1970 804 2155 858 (linata
2188 813 2294 860 'est
2358 806 2595 862 charitas
2645 806 2698 859 in
2738 804 3009 875 perfectis.
3067 799 3131 858 Ut
3180 814 3359 858 autem
3413 810 3535 872 post

1976 894 2144 948 Deum
2178 897 2339 949 etiam
2382 896 2520 950 inter
2548 909 2647 949 nos
2675 894 2808 948 ordo
2837 902 3086 962 ponatur,
3119 892 3354 961 primum
3381 905 3538 944 man-

1971 987 2156 1040 datum
2193 997 2306 1048 est,
2353 996 2409 1040 ut
2453 986 2746 1056 diligamus
2790 994 3081 1054 parentes,
3133 983 3428 1038 secundum
3477 989 3540 1035 ut

1974 1078 2150 1140 lilios,
2206 1079 2420 1132 tertium
2464 1087 2523 1132 ut
2571 1079 2898 1133 domesticos
2956 1086 3190 1132 nostros.
3241 1074 3299 1130 Si
3353 1082 3536 1129 autem

1975 1170 2120 1224 filius
2153 1171 2328 1224 malus
2370 1179 2473 1233 est,
2511 1180 2562 1224 et
2587 1170 2916 1224 domesticus
2963 1169 3170 1236 bonus,
3205 1167 3537 1222 domesticus

1973 1262 2024 1314 in
2060 1261 2326 1316 charitate
2349 1261 2440 1315 lilii
2476 1262 2783 1317 collocetur.
2815 1261 2880 1315 Et
2913 1261 2985 1315 ita
3019 1261 3109 1314 lict
3134 1267 3191 1313 ut
3223 1267 3535 1314 sanctorum

1969 1353 2219 1407 ordinata
2249 1353 2320 1407 sit
2347 1355 2606 1408 charitas.
2642 1352 2891 1424 Magister
2921 1366 3140 1422 quoque
3183 1360 3236 1405 et
3275 1349 3538 1404 Dominus

1968 1454 2153 1502 noster
2211 1446 2265 1500 in
2313 1445 2603 1517 Evangelio
2657 1456 2924 1516 prazcepta
2985 1446 3050 1499 de
3095 1443 3358 1498 charitate
3407 1457 3540 1498 con-

1969 1537 2202 1594 stituens
2254 1539 2320 1593 ad
2371 1539 2804 1610 uniuscujusque
2861 1539 3203 1595 dilectionem
3257 1538 3537 1608 proprium

1967 1630 2169 1700 aliquid
2200 1632 2469 1700 apposuit,
2517 1640 2570 1686 et
2593 1632 2740 1686 dedit
2773 1632 3177 1702 intelligentiam
3209 1629 3412 1685 ordinis
3453 1629 3540 1684 his

1967 1721 2058 1790 qui
2090 1733 2319 1791 possunt
2349 1723 2536 1779 audire
2568 1723 2904 1794 Scripturam
2933 1724 3201 1779 dicentem
3234 1741 3247 1778 :
3284 1721 3539 1776 Ordinate

1969 1813 2021 1865 in
2054 1829 2133 1866 me
2162 1813 2494 1869 charitatem.
2537 1813 2734 1884 Diliges
2764 1815 3047 1868 Dominum
3094 1814 3253 1868 Deum
3291 1823 3435 1867 tuum
3474 1826 3540 1866 ex

292 1905 428 1962 forte
454 1924 560 1962 nos
585 1908 780 1962 simus.
814 1905 1143 1960 lntroducite
1169 1923 1249 1960 me
1271 1907 1322 1960 in
1356 1909 1567 1961 domum
1603 1909 1729 1962 vini.
1759 1909 1867 1963 Cur
1899 1881 1940 1934 Β
1970 1913 2076 1956 loto
2124 1906 2279 1959 corde
2331 1917 2436 1972 tuo,
2479 1916 2528 1960 et
2573 1923 2636 1960 ex
2693 1917 2803 1960 tota
2851 1918 3018 1961 mente
3061 1911 3278 1972 tua,'et
3316 1923 3380 1960 ex
3429 1915 3540 1960 tota

291 2005 397 2053 tam
443 1999 538 2052 diu
587 1997 725 2054 foris
783 1999 1019 2052 maneo?
1070 1997 1208 2053 Ecce
1260 2009 1344 2053 sto
1393 2009 1517 2054 ante
1569 2001 1766 2054 ostium
1815 2010 1868 2054 et

290 2087 462 2160 pulso.
502 2087 562 2142 Si
590 2089 718 2158 quis
748 2088 881 2141 mihi
911 2089 1200 2157 aperuerit,
1237 2089 1511 2158 ingrediar
1541 2090 1606 2143 ad
1639 2105 1785 2155 eum,
1815 2100 1867 2145 et

290 2180 518 2236 uenabo
555 2195 682 2234 cum
712 2194 794 2244 eo,
818 2190 871 2234 et
889 2181 1004 2249 ipse
1028 2196 1266 2236 mecum.
1297 2180 1746 2253 lntroducitezo
1768 2199 1870 2242 me.

290 2266 356 2322 Et
399 2285 546 2324 nunc
576 2273 767 2324 eadem
801 2269 931 2324 dicit
962 2285 1143 2327 sermo
1170 2271 1405 2336 divinus,
1449 2288 1575 2328 ecce
1617 2274 1868 2329 Christus

292 2358 551 2429 loquitur,
581 2360 910 2414 introducite
950 2377 1053 2415 me.
1091 2361 1256 2416 Vobis
1279 2379 1495 2432 quoque
1525 2365 1889 2421 catechume—.

290 2451 374 2506 nis
407 2453 654 2522 loquitur
680 2471 693 2506 :
718 2452 1046 2508 lntroducite
1076 2469 1180 2508 me.
1220 2454 1569 2522 lntroducite,
1599 2472 1706 2514 non
1740 2459 1871 2512 sim-

291 2544 502 2614 pliciter
547 2545 602 2598 in
653 2543 899 2611 domum,
953 2546 1048 2602 sed
1078 2547 1130 2600 in
1172 2547 1392 2603 domum
1421 2550 1555 2618 vini,
1584 2551 1870 2621 impleatur

292 2636 418 2690 vino
457 2637 680 2703 lmtitim,
732 2639 858 2691 vino
901 2637 1137 2708 Spiritus
1169 2641 1341 2696 sancti
1374 2642 1556 2696 anima
1583 2653 1781 2711 vestra,
1818 2652 1872 2698 ct

290 2729 370 2786 sic
389 2732 718 2786 introducite
741 2731 797 2786 in
821 2731 1040 2786 domum
1057 2743 1289 2788 vestram
1315 2750 1596 2804 sponsum,
1623 2737 1867 2802 verbum,

290 2823 634 2892 sapientiam,
659 2824 959 2884 veritatem.
989 2823 1169 2880 Potest
1191 2836 1369 2881 autem
1393 2828 1526 2882 etad
1551 2844 1645 2884 eos
1660 2828 1869 2900 diciqui

288 2913 530 2969 nondum
549 2914 773 2984 perfecti
794 2925 921 2972 sunt
946 2935 960 2970 :
984 2913 1310 2986 lntroducite
1339 2937 1416 2973 me
1442 2921 1494 2972 in
1509 2921 1718 2974 domum
1743 2923 1869 2982 vini.

360 3008 414 3062 8.
454 3007 612 3064 Vers.
649 3009 702 3063 4.
745 3008 1003 3064 Ordinate
1033 3010 1088 3063 in
1113 3027 1192 3064 me
1221 3011 1556 3067 charitatem.
1587 3011 1871 3084 Eleganter

288 3094 506 3154 locutus
530 3108 636 3163 est,
667 3100 929 3167 ordinate,
955 3101 1313 3171 plurimorum
1337 3105 1536 3174 quippe
1566 3104 1868 3161 inordinata

1969 1997 2146 2047 anima
2187 2007 2300 2061 tua,
2334 2006 2382 2049 et
2414 2013 2478 2050 ex
2512 2007 2624 2050 tota
2664 1998 2856 2051 virtute
2898 2007 2988 2050 tua
3027 1999 3067 2050 ³.
3103 1996 3169 2050 Ει
3197 1997 3384 2067 diliges
3415 2013 3539 2066 pro.

1967 2086 2169 2138 mimum
2229 2097 2374 2139 tuum
2429 2089 2564 2141 sicut
2610 2089 2831 2157 teipsum
2857 2089 2898 2143 ⁸.
2950 2086 3066 2143 Non
3119 2089 3426 2158 proximum
3471 2105 3539 2145 ex

1969 2185 2081 2231 toto
2111 2179 2294 2246 corde,
2331 2194 2396 2233 ex
2425 2188 2535 2233 tota
2568 2180 2770 2245 anima,
2816 2190 2868 2236 et
2898 2195 2964 2234 ex
2996 2189 3103 2234 tota
3140 2181 3357 2247 virtute,
3387 2190 3440 2236 et
3470 2198 3538 2237 ex

1969 2278 2079 2324 tota
2123 2283 2322 2325 mente.
2376 2270 2618 2339 Rursus,
2668 2273 2843 2343 inquit
2880 2291 2893 2326 :
2924 2272 3139 2342 Diligite
3183 2274 3423 2328 inimicos
3451 2291 3540 2328 ve-

1969 2369 2104 2413 stros
2151 2359 2172 2392 ⁸
2195 2403 2208 2426 ,
2244 2370 2296 2415 et
2331 2376 2437 2416 non
2474 2363 2742 2432 apposuit,
2799 2379 2866 2416 ex
2907 2372 3021 2416 toto
3058 2363 3243 2416 corde.
3290 2361 3408 2417 Non
3457 2373 3543 2419 est

1970 2451 2308 2506 inordinatus
2342 2466 2523 2506 sermo
2562 2453 2812 2518 divinus,
2863 2468 2962 2507 nec
3006 2452 3360 2522 impossibilia
3405 2469 3541 2522 prae-

1971 2542 2122 2612 cipit,
2161 2559 2261 2598 nec
2288 2544 2439 2609 dicit,
2469 2544 2675 2615 diligite
2701 2545 2952 2601 inimicos
2975 2555 3183 2602 vestros
3218 2556 3277 2602 ut
3308 2554 3543 2601 vosmet-

1971 2633 2138 2703 ipsos,
2170 2635 2262 2689 sed
2292 2644 2498 2689 tantum
2527 2654 2540 2690 :
2567 2635 2789 2705 Diligite
2815 2638 3056 2691 inimicos
3081 2650 3312 2702 vestros;
3347 2638 3544 2693 sulﬁcit

1970 2727 2114 2796 quod
2163 2741 2259 2782 eos
2292 2727 2588 2798 diligimus,
2619 2737 2674 2784 et
2703 2729 2828 2784 odio
2873 2743 2979 2784 non
3025 2731 3306 2785 habemus.
3347 2729 3541 2785 Proxi-

1973 2834 2120 2872 mum
2147 2833 2276 2873 vero
2303 2829 2362 2874 ut
2396 2820 2645 2890 teipsum.
2688 2820 2860 2876 Porro
2890 2821 3058 2876 Deum
3096 2839 3163 2878 ex
3203 2831 3314 2878 toto
3354 2821 3538 2890 corde,

1970 2920 2022 2966 et
2049 2926 2115 2966 ex
2144 2920 2252 2967 tota
2284 2913 2484 2972 anima.
2518 2923 2573 2969 et
2612 2929 2676 2969 ex
2718 2923 2830 2968 tota
2861 2923 3061 2976 mente,
3102 2925 3156 2970 et
3187 2930 3254 2970 ex
3290 2923 3400 2970 tota
3431 2916 3544 2970 vir-

1971 3013 2101 3059 tute.
2149 3004 2205 3058 Si
2249 3006 2361 3060 haac
2404 3007 2754 3070 intellexeris,
2784 3017 2837 3062 et
2862 3009 3130 3064 intellecta
3161 3008 3538 3078 compleveris,

1970 3100 2146 3156 fecisti
2175 3103 2318 3172 quod
2351 3104 2537 3174 sponsi
2565 3117 2817 3158 sermone
2846 3105 3155 3174 praecipitur
3180 3123 3192 3158 :
3213 3103 3542 3159 lntroducite

287 3199 374 3246 est
415 3191 700 3260 charitas;
754 3194 972 3264 quando
1011 3196 1154 3265 quod
1195 3196 1249 3251 in
1289 3197 1464 3265 primo
1509 3196 1630 3251 loco
1676 3196 1871 3252 debent
1896 3217 1938 3274 α
1973 3209 2052 3247 me
2081 3195 2133 3246 in
2163 3194 2373 3248 domum
2405 3195 2532 3262 vini,
2572 3195 2813 3249 ordinate
2850 3197 2902 3250 in
2933 3212 3012 3250 me
3041 3197 3371 3251 charitatem.
3405 3195 3540 3262 Quis

287 3284 533 3358 diligere,
561 3287 796 3358 diligunt
825 3289 877 3343 in
911 3290 1181 3357 secundo;
1217 3289 1362 3360 quod
1397 3292 1448 3344 in
1487 3290 1744 3354 secundo,
1785 3292 1867 3346 di-

288 3377 460 3450 ligunt
493 3379 552 3434 in
585 3381 796 3450 primo;
832 3391 886 3438 et
919 3383 1065 3454 quod
1102 3392 1315 3454 Oportet
1353 3400 1537 3439 amare
1565 3385 1619 3438 in
1649 3397 1867 3456 quarto,

285 3480 474 3526 amant
515 3472 570 3526 in
604 3473 798 3539 tertio;
838 3481 893 3529 et
927 3490 1116 3530 rursus
1140 3474 1355 3530 tertium
1383 3475 1436 3529 in
1467 3484 1684 3546 quarto,
1707 3486 1760 3532 et
1784 3489 1868 3536 est

287 3561 346 3618 in
388 3563 667 3632 plerisque
705 3564 989 3622 cbaritatis
1019 3567 1155 3622 ordo
1182 3581 1492 3636 perversus.
1538 3567 1864 3626 Sanctorum

285 3669 419 3711 vero
463 3655 711 3711 charitas
743 3657 994 3711 ordinata
1045 3666 1150 3712 est.
1194 3655 1328 3713 Volo
1357 3661 1422 3716 ad
1458 3663 1864 3737 intelligendum

287 3746 390 3802 hoc
420 3747 571 3818 quod
603 3749 810 3804 dictum
858 3758 943 3804 est
974 3769 989 3804 :
1029 3750 1286 3806 Ordinate
1328 3755 1380 3807 in
1424 3771 1503 3810 me
1531 3757 1863 3828 charitatem,

285 3835 469 3908 aliqua
503 3837 752 3909 exempla
805 3839 1086 3909 replicare.
1141 3837 1220 3895 Te
1275 3842 1390 3898 vult
1433 3845 1650 3902 divinus
1685 3863 1866 3903 sermo

284 3928 512 4001 diligere
524 3939 769 3999 ‘patrem,
802 3930 994 3997 ﬁlium,
1020 3930 1208 3996 tiliam,
1235 3933 1349 3988 vult
1373 3943 1425 3989 te
1448 3951 1627 3991 sermo
1647 3938 1867 3995 divinus

287 4019 516 4092 diligere
546 4021 852 4088 Christum,
881 4038 982 4078 nec
1011 4022 1142 4078 dicit
1173 4025 1292 4091 tibi,
1323 4041 1390 4081 ne
1418 4026 1612 4099 diligas
1639 4028 1863 4095 liberos,

282 4129 360 4168 ne
407 4116 730 4184 parentibus
780 4114 1045 4172 charitate
1087 4117 1356 4190 jungaris.
1410 4117 1515 4174 Sed
1563 4120 1696 4190 quid
1733 4123 1868 4180 dicit

284 4207 424 4262 tibi?
462 4224 530 4263 ne
566 4207 930 4264 inordinatam
981 4211 1185 4268 habeas
1231 4213 1590 4282 charitatem,
1638 4231 1707 4270 ne
1749 4219 1863 4287 pri-

282 4315 438 4355 mum
485 4310 697 4370 patrem
755 4309 849 4357 aut
875 4310 1125 4372 matrem,
1168 4304 1365 4360 deinde
1404 4318 1492 4359 me
1520 4303 1746 4378 diligas,
1798 4323 1864 4364 ne

281 4391 384 4447 ﬁlii
415 4403 470 4448 et
497 4393 623 4448 ﬁliae
671 4393 956 4465 plusquam
1007 4397 1112 4451 mei
1159 4397 1426 4453 charitate
1456 4401 1711 4454 tenearis.
1757 4399 1862 4464 Qui

279 4492 433 4536 amat
480 4492 688 4552 patrem
722 4495 811 4536 aut
852 4493 1069 4540 matrem
1097 4501 1254 4557 super
1281 4504 1380 4554 me,
1416 4505 1521 4542 non
1546 4499 1624 4543 est
1660 4505 1739 4545 me
1769 4490 1859 4542 di-

1970 3295 2130 3357 putas
2175 3301 2205 3341 e
2251 3287 2406 3342 nobis
2451 3287 2734 3344 charitatis
2775 3297 2859 3346 est
2901 3289 3199 3345 ordinatae?
3234 3289 3410 3361 (Vers.
3461 3287 3540 3361 5.)

1969 3376 2289 3448 Conﬁrmate
2321 3396 2401 3434 me
2433 3381 2486 3433 in
2529 3381 2823 3452 unguentis,
2871 3397 3014 3437 unus
3052 3381 3117 3437 de
3149 3381 3538 3451 interpretibus

1968 3471 2151 3540 posuit
2171 3471 2502 3526 οἰνανθίνων.
2532 3471 2654 3528 Haec
2680 3481 2860 3528 autem
2892 3487 3091 3544 sponsa
3125 3472 3406 3544 loquitur:
3433 3472 3541 3529 Sti-

1967 3570 2086 3629 pate
2131 3576 2212 3615 me
2248 3563 2303 3615 in
2349 3563 2522 3617 malis.
2566 3561 2622 3616 ln
2657 3563 2854 3634 quibus
2903 3563 3094 3619 malis?
3134 3562 3200 3619 Ut
3245 3563 3440 3617 malum
3486 3564 3540 3618 in

1966 3651 2123 3723 lignis
2150 3652 2327 3720 silvae,
2371 3654 2450 3707 ita
2496 3654 2768 3722 fratruelis
2808 3671 2951 3710 meus
2986 3656 3040 3709 in
3078 3655 3248 3709 medio
3283 3655 3538 3724 ﬁliorum.

1967 3742 2176 3798 Idcirco
2216 3743 2270 3797 in
2310 3744 2463 3798 malis
2512 3744 2625 3814 ejus
2657 3744 2850 3812 stipate
2908 3761 3020 3810 me,
3075 3747 3199 3816 quia
3253 3745 3540 3801 vulnerata:

1965 3834 2244 3891 charitalis
2272 3853 2384 3907 ego.
2431 3835 2604 3902 Quam
2641 3837 2927 3907 pulchrum
2953 3845 3056 3902 est,
3090 3852 3254 3906 quam
3282 3837 3538 3894 decorum

1965 3944 1996 3984 a
2028 3928 2292 3984 charitate
2321 3930 2517 3984 vulnus
2555 3931 2815 4000 accipere.
2865 3931 3019 3985 Alius
3064 3930 3306 4000 jaculum
3353 3931 3538 3987 carnei

1965 4021 2172 4075 amoris
2199 4022 2430 4092 excepit,
2483 4023 2624 4078 alius
2669 4033 2884 4078 terreno
2921 4022 3172 4093 cupidine
3223 4022 3538 4080 vulneratus

1964 4123 2066 4180 est,
2097 4122 2153 4170 tu
2202 4114 2346 4170 nuda
2378 4113 2619 4168 membra
2652 4125 2762 4179 tua,
2809 4123 2863 4169 et
2891 4116 3067 4184 praabe
3107 4130 3158 4170 te
3195 4117 3381 4186 jaculo
3419 4116 3535 4170 l'or-

1965 4219 2119 4261 moso
2169 4203 2436 4274 siquidem
2492 4202 2634 4258 Deus
2681 4203 2992 4274 sagittarius
3035 4213 3137 4259 est.
3203 4206 3343 4261 Audi
3390 4205 3538 4262 Scri-

1965 4309 2178 4369 pturam
2224 4299 2290 4353 de
2338 4298 2441 4353 hoc
2487 4297 2675 4354 eodem
2717 4297 2898 4367 jaculo
2944 4299 3288 4369 loquentem,
3325 4299 3434 4355 imo
3479 4309 3540 4355 ut

1965 4391 2197 4460 amplius
2243 4389 2568 4456 admireris,
2621 4389 2749 4444 audi
2792 4389 2968 4460 ipsum
3006 4391 3248 4460 jaculum
3287 4392 3417 4462 quid
3460 4392 3540 4448 lo-

1965 4493 2164 4552 quatur
2201 4500 2214 4537 :
2254 4482 2436 4537 Posuit
2486 4499 2566 4536 me
2609 4483 2664 4537 in
2697 4484 2950 4553 sagittam
2975 4483 3216 4548 electam,
3253 4493 3301 4538 et
3329 4485 3380 4536 in
3413 4484 3539 4553 plia-

278 4591 441 4647 guns.
474 4575 581 4640 Qui
631 4585 773 4629 amat
803 4575 975 4643 ﬁlium
1008 4587 1100 4632 aut
1130 4579 1302 4648 ﬁliam
1331 4595 1486 4650 super
1521 4597 1620 4646 me,
1647 4597 1750 4635 ηοη
1785 4589 1861 4636 εει
1893 4567 1938 4624 D
1970 4585 2110 4628 retra
2153 4591 2252 4628 sua
2277 4574 2500 4629 servavit
2543 4592 2653 4643 me,
2695 4584 2745 4630 et
2776 4577 2913 4630 dixit
2958 4577 3086 4630 mihi
3120 4592 3139 4632 :
3176 4575 3425 4648 Magnum
3460 4585 3538 4630 est

278 4685 370 4723 me
404 4669 597 4739 dignus
630 4671 697 4724 ".
742 4669 938 4727 Recole
985 4671 1372 4727 conscientiam
1418 4681 1567 4726 tuam
1599 4671 1665 4726 de
1693 4673 1865 4741 patris

279 4761 546 4815 matrisve
578 4759 796 4827 all‘cctu,
830 4769 884 4815 et
911 4762 1196 4817 considera
1226 4761 1442 4831 qualem
1477 4761 1622 4816 circa
1652 4775 1860 4816 sermo-

277 4868 410 4908 nem
445 4851 540 4906 Dei
568 4863 617 4908 et
651 4851 779 4908 Jesu
825 4852 1026 4908 habeas
1054 4853 1396 4918 charitatem,
1446 4853 1628 4908 statim
1667 4852 1862 4923 depre-

277 4945 494 5002 hendes
546 4946 724 5016 magis
766 4955 818 5001 te
863 4946 1033 5002 tilium
1079 4955 1172 5002 aut
1218 4946 1382 5000 tiliam
1435 4945 1659 5017 diligere
1697 4963 1860 5016 quam

279 5034 552 5102 Verbum,
589 5037 760 5107 magis
790 5046 840 5093 te
868 5049 1118 5107 parentes
1149 5053 1334 5094 amare
1363 5053 1524 5107 quam
1558 5031 1859 5094 Christum.

274 5126 424 5195 Quis
459 5137 623 5198 putas
664 5128 738 5183 ita
780 5129 994 5199 proiicit
1025 5145 1090 5184 ex
1126 5129 1303 5194 nobis,
1349 5137 1408 5183 ut
1451 5128 1778 5198 prmcipuam
1809 5138 1863 5182 et

276 5222 518 5290 primam
560 5221 705 5276 inter
745 5223 928 5277 omnia
955 5222 1226 5278 sermonis
1260 5222 1351 5276 Dei
1397 5221 1594 5276 habeat
1630 5221 1868 5276 charita-

278 5314 438 5367 tem?
486 5313 583 5382 qui
638 5313 696 5367 in
743 5315 987 5370 secundo
1037 5316 1155 5371 loco
1205 5315 1406 5372 liberos
1461 5315 1667 5384 ponat?
1703 5313 1863 5368 Juxta

278 5401 436 5457 hunc
477 5402 704 5458 modum
741 5417 866 5460 ama
910 5420 1134 5462 uxorem
1192 5413 1361 5459 tuam.
1430 5403 1630 5459 Nullus
1678 5406 1869 5474 quippe

273 5495 572 5564 aliquando
600 5513 756 5551 suam
790 5513 998 5552 carnem
1036 5499 1158 5552 odio
1200 5498 1414 5564 habuit,
1467 5497 1559 5554 sed
1613 5505 1759 5552 amat
1807 5507 1867 5552 ut

274 5597 506 5640 carnem
538 5603 554 5640 :
584 5583 658 5642 Et
690 5596 866 5652 erunt,
906 5586 1113 5657 inquit,
1150 5589 1255 5641 duo
1297 5589 1354 5641 in
1390 5603 1548 5641 carne
1581 5603 1686 5640 una
1723 5589 1761 5651 ³,
1809 5595 1865 5642 et

1970 4663 2067 4719 tibi
2110 4665 2204 4718 hoc
2244 4665 2420 4719 vocari
2461 4681 2682 4734 puerum
2727 4682 2894 4721 meum
2935 4667 2973 4719 ⁸.
3017 4665 3255 4738 lntellige
3284 4665 3538 4738 sagittam

1969 4754 2101 4826 quid
2135 4755 2315 4823 dicat,
2361 4766 2414 4810 et
2453 4755 2728 4828 quomodo
2770 4772 2801 4811 a
2848 4755 2956 4812 Deo
3001 4757 3075 4810 sit
3128 4757 3316 4812 electa.
3363 4757 3540 4822 Quam

1970 4846 2190 4902 beatum
2229 4858 2309 4904 est
2358 4849 2462 4904 hoc
2491 4850 2672 4919 jaculo
2716 4851 3008 4906 vulnerari.
3055 4849 3166 4906 Hac
3201 4851 3396 4921 sagitta
3428 4849 3544 4903 vul-

1971 4939 2142 4993 nerati
2168 4937 2386 4993 fuerunt
2420 4940 2494 4994 illi
2526 4941 2620 5010 qui
2644 4940 2784 4994 inter
2808 4956 2866 4995 se
2899 4940 3126 4994 invicem
3155 4938 3537 4994 conferebant:

1973 5023 2161 5078 Nonne
2189 5043 2279 5079 cor
2317 5039 2560 5080 nostrum
2593 5029 2781 5082 ardens
2820 5037 2933 5082 erat
2969 5029 3020 5081 in
3059 5029 3142 5081 uia
3170 5044 3286 5082 cum
3314 5029 3538 5098 aperiret

1966 5123 2114 5175 nobis
2147 5120 2452 5192 Scripturas
2476 5124 2536 5177 ’1’
2576 5124 2632 5178 Si
2665 5125 2789 5194 quis
2824 5138 3070 5179 sermone
3097 5134 3306 5191 nostro,
3339 5125 3386 5178 si
3413 5126 3540 5196 quis

1969 5213 2258 5285 Scriptum
2301 5217 2496 5272 divina:
2547 5217 2858 5288 magisterio
2902 5215 3234 5282 vulneratur,
3263 5225 3318 5271 et
3360 5226 3539 5286 potest

1969 5308 2146 5362 dicere
2177 5307 2303 5377 quia
2355 5308 2648 5363 vulntratze
2673 5307 2953 5362 charitatis
2982 5322 3103 5377 ego,
3147 5308 3290 5364 hunc
3314 5316 3366 5362 et
3403 5309 3537 5363 illud

1969 5401 2196 5456 forsitan
2245 5401 2527 5470 sequitur,
2570 5403 2698 5472 quid
2733 5401 2959 5458 forsitan
2993 5401 3172 5460 dico?-
3195 5401 3535 5459 manifestam

1969 5507 2162 5564 promo
2185 5493 2531 5548 sententiam.

2039 5584 2094 5640 9.
2124 5583 2279 5642 Vers.
2310 5583 2368 5639 6.
2397 5581 2626 5640 Sinistra
2647 5583 2760 5652 ejus
2785 5585 2879 5640 sub
2903 5587 3070 5655 capite
3091 5601 3224 5652 meo,
3251 5595 3300 5639 et
3322 5592 3536 5643 dextera

356 5696 406 5771 ν
433 5695 628 5754 Matth.
658 5699 825 5771 3,57.
890 5701 905 5733 ί
937 5700 1137 5771 Ephes.
1173 5717 1228 5767 v,
1253 5702 1345 5765 29,
1379 5701 1470 5758 5t.
1542 5701 1721 5760 'lCor.
1751 5718 1824 5769 v1,
1866 5703 1951 5759 17.
2029 5702 2049 5736 ³
2074 5702 2231 5758 Deut.
2263 5717 2340 5771 vi,
2369 5701 2422 5758 5.
2497 5704 2519 5734 ⁸
2549 5700 2738 5758 Matth.
2773 5719 2908 5770 xxii,
2937 5702 3023 5760 59.
3101 5703 3122 5736 ⁸
3159 5702 3344 5759 Matth.
3370 5719 3420 5761 v.
3442 5703 3535 5760 Η.

281 5765 306 5796 ⁸
338 5765 444 5822 lsa.
474 5783 623 5834 lux,
654 5769 712 5833 2,
747 5769 802 5824 6.
877 5771 898 5803 ⁷
929 5765 1061 5826 Luc.
1089 5765 1238 5838 χειή,
1275 5773 1364 5828 52.

361 5861 470 5935 (2i)
513 5861 804 5923 Proximw.
833 5864 1015 5924 Codex
1051 5865 1289 5938 Bclvac.,
1319 5868 1580 5941 plurima‘.
