3872 6546
281 405 348 463 55
698 427 703 433 υ
1335 395 1661 453 ORIGENIS
1694 395 1764 452 lN
1800 393 2153 451 CANTICUM
2186 390 2460 451 CANTIC.
3456 385 3538 444 56

280 526 429 582 illius
463 522 854 597 amplexabitur
900 538 1003 578 me.
1050 518 1223 578 Habet
1259 528 1314 577 et
1354 520 1410 575 in
1445 520 1666 576 si'nistra
1704 526 1760 576 et
1801 518 1856 574 in
1885 526 1931 585 Α
1961 532 2179 589 sponsae
2209 516 2448 572 animam
2484 513 2696 570 beatam
2739 522 2903 592 atque
2945 506 3273 581 perfectam,
3298 522 3422 580 quae
3445 506 3531 565 ci-

281 618 505 674 dextera
533 629 716 671 sermo
743 613 837 669 Dei
874 612 1218 684 sapientiam,
1246 626 1369 682 quae
1399 626 1524 667 cum
1563 625 1664 682 pro
1699 609 1857 665 intel-

281 712 452 766 lectus
475 707 733 765 varietate
760 706 832 762 sit
865 704 1165 776 multiplex,
1199 703 1252 759 in
1282 702 1585 774 subjacenti
1615 710 1723 758 un'a
1750 708 1854 756 est.

282 798 400 869 Ipse
440 795 698 852 SalomOn
727 795 795 850 dc
824 795 1042 850 laeva-et
1076 793 1299 849 dextera
1341 792 1621 863 sapientia
1651 790 1856 857 docuit,

281 892 467 948 dicens
497 909 512 945 :
540 889 839 960 Longitudo
886 888 1065 955 enim,
1116 896 1165 942 et
1210 887 1339 941 anni
1379 886 1501 941 vitae
1546 887 1603 938 in
1644 884 1860 939 dextera

280 983 438 1051 ejus;
483 982 541 1035 in
589 980 811 1035 sinistra
853 988 1028 1033 autem
1061 978 1226 1048 ipsius
1270 977 1468 1031 divitiae
1507 985 1557 1031 et
1595 974 1765 1046 gloria
1813 975 1857 1029 ⁸.

285 1075 454 1145 igitur
481 1074 615 1130 laeva
641 1073 760 1144 ejus
791 1073 895 1130 sub
924 1074 1099 1143 capite
1138 1086 1291 1136 meo,
1335 1078 1393 1125 ut
1438 1068 1602 1124 faciat
1644 1067 1861 1138 requie-

283 1180 458 1231 scere,
504 1172 559 1221 et
590 1164 872 1220 brachium
903 1162 1092 1234 sponsi
1133 1161 1228 1217 ﬁat
1270 1160 1502 1217 cervical
1539 1173 1756 1223 meum,
1806 1165 1861 1213 et

283 1254 576 1310 reclinetur
613 1253 809 1309 animat
848 1252 1144 1325 principale
1192 1266 1357 1323 super
1396 1265 1702 1307 sermonem
1742 1248 1857 1305 Dei.

285 1342 439 1399 Laeva
468 1344 583 1415 ejus
621 1344 715 1401 sub
748 1345 918 1414 capite
956 1360 1089 1398 meo.
1130 1340 1248 1397 Non
1290 1342 1507 1413 expedit
1539 1342 1632 1397 tibi
1663 1340 1863 1395 habere

284 1434 576 1491 cervicalia
618 1451 742 1507 qua:
778 1434 1097 1490 lamentatio
1148 1441 1430 1503 sequatur.
1474 1433 1534 1487 In
1581 1429 1864 1486 Ezechiele

285 1528 549 1599 scriptum
580 1537 664 1584 est
699 1547 714 1585 :
762 1527 852 1583 Vw
887 1529 955 1583 iis
994 1544 1112 1599 qua:
1153 1537 1413 1583 consuunt
1443 1524 1724 1581 cervicalia
1768 1521 1862 1577 sub

286 1620 430 1675 omni
481 1620 661 1675 cubitu
707 1636 894 1675 manus
935 1621 977 1674 ’.
1032 1618 1155 1675 Noli
1212 1633 1479 1675 censuere
1529 1617 1817 1673 cervicalia
1847 1657 1864 1683 ,

286 1714 396 1768 noli
440 1715 603 1785 capiti
649 1714 867 1770 aliunde
894 1715 1138 1786 requiem
1187 1728 1451 1785 quaerere,
1496 1711 1636 1767 habe
1679 1710 1866 1782 sponsi

287 1805 474 1859 lteram
528 1804 631 1860 sub
679 1804 854 1874 capite
902 1811 1033 1870 tuo,
1091 1811 1145 1858 et
1199 1803 1289 1859 die
1330 1820 1345 1856 :
1392 1799 1550 1855 vaa
1605 1798 1719 1867 ejus
1769 1795 1865 1850 sub

1954 611 2065 667 tius
2106 609 2307 673 videat,
2353 607 2516 662 citius
2561 604 2832 661 sermonis
2879 601 3272 673 contempletur
3316 601 3526 657 adven-

1956 710 2093 768 tum,
2117 717 2238 773 quae
2266 700 2369 757 sibi
2399 697 2719 769 sapientiam
2750 698 2962 753 venisse
3001 696 3234 763 sentiat,
3265 702 3321 750 et
3341 694 3527 749 chari—

1956 805 2153 863 tatem,
2200 804 2255 849 et
2297 793 2442 850 dicat
2492 806 2600 846 non
2635 789 2945 846 videntibus
2992 808 3006 844 :
3054 788 3186 843 Ecce
3231 790 3317 842 hic
3361 788 3522 843 venit.

1956 886 2118 945 Orate
2144 896 2204 942 ut
2232 895 2289 942 et
2330 899 2432 957 ego
2476 883 2681 955 possim
2718 883 2940 938 dicere:
2984 881 3119 937 Ecce
3161 882 3247 936 hic
3278 881 3434 935 venit.
3465 879 3527 938 Si

1955 981 2101 1037 cnim
2128 988 2359 1051 potuero
2386 976 2479 1033 Dei
2502 977 2771 1032 disserere
2797 990 3097 1039 sermones,
3124 973 3531 1045 quodammodo

1957 1081 2011 1129 et
2033 1087 2134 1144 ego
2166 1071 2343 1127 dicam
2373 1089 2387 1124 :
2414 1069 2547 1124 Ecce
2577 1068 2661 1121 Itic
2690 1068 2850 1122 venit.
2888 1065 3044 1133 Quo?
3070 1064 3188 1121 Non
3219 1067 3405 1137 utique
3435 1065 3529 1130 ubi

1957 1165 2136 1231 vallis,
2183 1177 2290 1218 non
2343 1161 2435 1217 ubi
2480 1159 2709 1216 humilia
2757 1159 2897 1214 loca.
2948 1158 3067 1224 Quo
3101 1156 3277 1212 venit?
3324 1154 3530 1212 Saliens

1960 1272 2115 1327 super
2137 1264 2351 1319 montes,
2375 1252 2681 1308 transiliens
2703 1266 2861 1320 super
2877 1248 3055 1305 colles.
3076 1247 3133 1303 Si
3161 1247 3328 1303 fueris
3349 1263 3528 1313 mons,

1962 1349 2088 1405 salit
2125 1347 2180 1401 in
2221 1356 2274 1401 te
2324 1360 2505 1401 sermo
2546 1343 2660 1400 Dei.
2709 1343 2767 1398 Si
2796 1357 2904 1397 non
2938 1340 3177 1396 valueris
3200 1355 3322 1395 esse
3347 1353 3530 1403 mons,

1962 1438 2058 1496 sed
2090 1436 2259 1493 fueris
2284 1437 2463 1501 collis,
2488 1435 2759 1491 secundus
2787 1449 2817 1489 a
2845 1442 3048 1500 monte,
3081 1430 3348 1487 transiliet
3370 1446 3537 1500 super

1966 1542 2037 1587 te.
2072 1531 2247 1598 Quam
2277 1544 2406 1585 vero
2438 1528 2665 1599 pulchra
2699 1536 2754 1582 et
2787 1524 3163 1580 convenientia
3184 1523 3346 1579 rebus
3373 1537 3536 1577 voca-

1967 1624 2120 1679 bulal
2177 1621 2315 1678 Salit
2371 1635 2535 1691 super
2585 1627 2829 1683 montes,
2876 1618 3005 1688 quia
3052 1616 3289 1686 majores
3340 1624 3468 1671 sunt
3517 1631 3532 1669 :

1967 1715 2205 1772 transilit
2259 1728 2424 1783 super
2495 1712 2698 1778 colles,
2751 1710 2878 1780 quia
2923 1710 3165 1764 minores
3212 1716 3357 1763 sunt.
3414 1706 3532 1761 Non

1968 1804 2205 1860 transilit
2234 1818 2397 1873 super
2427 1810 2659 1866 montes,
2685 1814 2794 1855 non
2829 1799 2956 1856 salit
2990 1813 3153 1868 super
3183 1798 3366 1853 colles.
3402 1797 3537 1853 Ecce

287 1898 459 1969 capite
492 1914 643 1964 meo;
682 1913 845 1969 quam
903 1911 1029 1952 cum
1063 1895 1355 1960 habueris,
1388 1892 1571 1950 omnia
1617 1890 1713 1946 tibi
1748 1904 1869 1960 qua:
1902 1884 1939 1938 Β
1971 1896 2053 1950 In'c
2095 1894 2232 1949 venit
2286 1892 2482 1976 saliens
2532 1907 2689 1961 super
2737 1900 2974 1957 montes,
3028 1889 3331 1944 transiliens
3381 1904 3540 1959 super

288 1999 418 2045 sunt
462 1991 515 2043 in
547 1990 680 2044 laeva
712 1989 1045 2045 tribuuntur.
1085 1986 1233 2043 Dicis
1266 1985 1467 2056 quippe
1501 2003 1515 2039 :
1551 1982 1617 2038 In
1643 1983 1866 2037 sinistra

285 2080 400 2151 ejus
440 2080 641 2136 divitia:
671 2089 721 2135 et
758 2079 951 2151 gloria,
989 2088 1039 2132 et
1070 2077 1288 2132 dextera
1323 2076 1438 2146 ejus
1475 2073 1867 2145 amplexabitur

286 2173 390 2243 21
416 2189 515 2227 me.
537 2172 733 2228 Totum
766 2182 817 2229 te
834 2170 1021 2241 sponsi
1036 2170 1256 2225 dextera
1279 2168 1688 2238 complectatur.
1721 2166 1867 2219 Lon-

289 2264 478 2334 gitudo
503 2264 704 2336 quippe
736 2273 790 2319 ct
815 2265 942 2317 anni
969 2262 1093 2317 vitae
1122 2262 1174 2314 in
1205 2260 1427 2315 dextera
1463 2258 1582 2326 ejus
1615 2265 1703 2312 tet
1728 2255 1798 2311 ob
1813 2254 1866 2310 id

288 2358 466 2426 longa:
490 2356 634 2422 vitae,
667 2363 722 2409 ct
750 2354 1045 2408 multorum
1079 2352 1289 2407 dierum
1329 2348 1439 2404 eris
1473 2362 1636 2417 super
1668 2355 1866 2401 terram

291 2449 491 2504 bonam
521 2462 685 2521 quam
714 2446 979 2502 Dominus
1008 2444 1153 2500 Deus
1183 2452 1311 2498 tuus
1337 2441 1432 2496 dat
1460 2441 1575 2496 tibi.
1611 2439 1868 2510 Adjurari

291 2558 403 2610 vos,
429 2540 561 2611 filite
603 2537 957 2610 Hierusalem,
984 2538 1041 2592 in
1083 2536 1386 2601 virtutibus,
1423 2544 1474 2589 et
1500 2534 1697 2589 viribus
1728 2533 1864 2603 agri.

292 2633 433 2701 Quid
474 2632 689 2705 adjurat
739 2646 941 2703 sponsa
987 2629 1129 2684 ﬁlias
1159 2626 1538 2683 Hierusalem?
1574 2624 1635 2682 Si
1668 2624 1870 2679 levave-

292 2726 434 2793 ritis,
463 2737 513 2781 et
549 2724 934 2781 suscitaveritis
971 2723 1307 2777 charitatem.
1348 2720 1602 2788 Quandiu
1629 2718 1869 2774 Charitas

292 2819 494 2874 dormit
522 2819 577 2874 in
607 2818 782 2884 vobis,
813 2833 846 2873 ο
878 2818 1003 2873 ﬁlia:
1034 2815 1401 2881 Hierusalem,
1431 2829 1464 2870 ο
1493 2812 1871 2869 adolescentu-

293 2904 379 2972 ire,
413 2921 533 2976 qua
582 2905 639 2961 in
690 2921 777 2961 me
825 2920 935 2961 non
980 2906 1202 2973 dormit,
1249 2904 1377 2976 quia
1424 2903 1705 2959 vulnerata
1747 2917 1869 2958 sum

292 2998 597 3054 charitate?
630 2999 690 3053 In
719 2998 875 3054 vobis
907 3007 1087 3055 autem
1115 3013 1237 3068 qua:
1263 2998 1446 3068 plures
1477 2997 1629 3059 estis,
1655 3003 1709 3051 et
1736 2995 1870 3051 ado-

295 3084 639 3157 lescentulus,
689 3103 744 3148 et
791 3091 914 3148 ﬁlia:
962 3091 1331 3158 Hierusalem,
1383 3090 1584 3146 dormit
1633 3089 1872 3146 charitas

296 3185 505 3257 sponsi.
539 3184 799 3256 Adjuravi
846 3200 975 3257 ergo
1013 3200 1143 3252 vos,
1187 3184 1309 3239 ﬁlia:
1334 3182 1692 3249 Hierusalem,
1722 3182 1768 3238 si
1796 3182 1873 3237 le-

293 3279 571 3344 vaveritis,
597 3287 651 3334 et
689 3293 797 3333 non
828 3278 1005 3334 solum
1036 3277 1361 3342 levaveritis,
1394 3276 1488 3332 sed
1533 3284 1588 3331 et
1635 3274 1873 3331 suscita-

294 3371 504 3438 veritis,
530 3387 651 3439 quae
690 3372 744 3426 in
786 3371 942 3427 vobis
978 3379 1082 3436 est,
1120 3369 1466 3424 charitatem.
1494 3367 1717 3423 Creator
1748 3366 1872 3421 uni-

293 3460 572 3516 versitatis
621 3475 745 3515 cum
796 3476 896 3517 vos
944 3459 1223 3526 conderet,
1256 3457 1486 3513 inseruit
1518 3458 1571 3512 in
1615 3455 1872 3512 cordibus

296 3552 496 3608 vestris
541 3551 749 3607 semina
777 3551 1081 3608 charitatis.
1125 3549 1281 3606 Nunc
1327 3558 1529 3616 autem,
1574 3549 1717 3604 sicut
1742 3547 1869 3603 alibi

297 3643 499 3699 dicitur
532 3660 546 3697 :
579 3642 808 3698 Iustitia
836 3644 1084 3698 dormivit
1115 3644 1170 3697 in
1204 3660 1265 3697 ea
1294 3644 1359 3711 ¹⁰,
1389 3642 1471 3697 sic
1496 3641 1714 3697 dilectio
1745 3642 1873 3696 dor-

297 3736 455 3791 mitat
481 3735 535 3789 in
564 3736 755 3804 vobis;
779 3735 935 3807 juxta
965 3734 1111 3806 quod
1132 3747 1186 3791 et
1213 3735 1341 3790 alibi
1364 3735 1562 3790 dicitur
1592 3751 1603 3785 :
1638 3732 1870 3804 Sponsus

299 3827 551 3898 requievit
582 3835 641 3880 ut
689 3826 796 3891 leo,
843 3837 891 3881 et
931 3834 988 3879 ut
1037 3825 1245 3880 catulus
1285 3825 1451 3880 leonis
1494 3826 1565 3880 υτ
1592 3823 1788 3880 Adhuc
1815 3823 1871 3877 in

300 3918 635 3985 inﬁdelibus,
669 3926 724 3972 et
752 3917 806 3973 in
831 3918 916 3972 his
937 3918 1029 3988 qui
1065 3918 1228 3974 corde
1260 3927 1386 3973 sunt
1417 3916 1585 3971 dubio
1615 3915 1875 3971 dormitat

300 4025 481 4067 sermo
514 4010 750 4078 divinus,
775 4010 962 4081 vigilat
1003 4010 1057 4065 in
1109 4011 1343 4077 sanctis;
1384 4010 1644 4065 dormitat
1689 4010 1744 4064 in
1789 4011 1875 4067 his

303 4098 397 4170 qui
431 4100 844 4170 tempestatibus
876 4098 1168 4169 ﬂuctuant,
1197 4100 1494 4157 suscitatur
1527 4116 1655 4157 vero
1683 4117 1873 4157 eorum

302 4192 530 4248 vocibus
562 4194 653 4265 qui
684 4193 913 4264 cupiunt
941 4193 1197 4266 vigilante
1245 4208 1449 4263 sponso
1494 4194 1713 4250 salvari.
1748 4192 1873 4250 Sta-

301 4286 397 4340 tim
448 4285 506 4341 ﬁt
546 4300 613 4341 eo
655 4286 911 4356 vigilante
950 4286 1350 4356 tranquillitas,
1378 4286 1562 4341 statim
1600 4287 1872 4341 undarum

301 4379 475 4449 moles
525 4379 951 4448 conquiescunt,
983 4379 1267 4447 spiritibus
1313 4378 1605 4433 contrariis
1649 4393 1875 4433 concre-

300 4477 480 4542 patur,
511 4467 771 4553 ﬂuctuum
799 4468 978 4523 rabies
1014 4468 1137 4522 silet
1168 4484 1181 4520 :
1215 4469 1308 4522 illo
1341 4468 1643 4523 dormiente
1668 4478 1876 4537 tempe-

1968 1987 2150 2043 colles.

2038 2080 2126 2135 11.
2160 2078 2317 2135 Vera.
2351 2078 2405 2135 9.
2453 2076 2659 2133 Similis
2698 2085 2776 2132 est
2809 2075 3089 2146 fratruelis
3138 2091 3282 2129 meus
3311 2089 3539 2144 caprea,

1968 2182 2060 2228 aut
2094 2171 2312 2227 hinnulo
2340 2187 2608 2225 certorum
2646 2172 2700 2225 in
2737 2170 3001 2225 moralibus
3046 2167 3246 2223 Bel/rel.
3280 2166 3406 2224 Haec
3432 2168 3545 2223 duo

1968 2267 2225 2323 animalia
2260 2267 2312 2321 in
2348 2265 2648 2335 Seripturis
2690 2263 3028 2335 frequentius
3070 2262 3452 2327 nominantur;
3486 2268 3545 2317 et

1968 2373 2078 2428 quo
2117 2357 2351 2427 amplius
2397 2356 2705 2421 admireris,
2759 2355 2959 2425 sacpius
3002 2355 3190 2425 juncta
3239 2365 3543 2426 ponuntur.

1971 2446 2040 2501 Et
2075 2448 2185 2503 lucc
2211 2458 2354 2513 sunt,
2390 2446 2483 2511 ait,
2521 2462 2634 2517 qua:
2659 2445 3002 2499 manducabis
3027 2444 3094 2512 “,
3119 2453 3240 2514 post
3260 2443 3546 2516 paululum

1970 2537 2209 2594 inferens
2260 2552 2509 2608 capream
2543 2546 2598 2591 et
2630 2551 2872 2591 cervum.
2913 2534 2971 2590 ln
3020 2535 3273 2606 praesenti
3323 2549 3548 2605 quoque

1970 2631 2110 2686 libro
2136 2631 2340 2701 pariter
2369 2630 2683 2686 nominatur
2708 2644 2903 2684 cervus
2933 2638 2988 2684 et
3017 2643 3234 2699 caprea.
3264 2628 3549 2695 Quodam-

1970 2724 2134 2780 modo
2162 2724 2306 2779 enim
2334 2731 2560 2794 cognata
2594 2722 2699 2777 sibi
2739 2729 2888 2788 sunt,
2911 2729 2965 2776 et
2989 2721 3166 2776 vicina
3196 2720 3300 2776 ista
3328 2720 3548 2774 anima-

1970 2816 2063 2871 lia.
2088 2814 2317 2885 Caprea,
2347 2815 2400 2870 id
2429 2822 2513 2870 est
2544 2813 2759 2877 dorcas,
2810 2813 3126 2869 acutissime
3147 2812 3308 2889 videt.
3335 2810 3551 2867 Cervus

1972 2908 2290 2965 interfector
2320 2917 2639 2978 serpentum.
2660 2915 2764 2962 est.
2797 2904 2934 2972 Quis
2970 2913 3131 2977 putas
3173 2913 3259 2961 est
3288 2905 3486 2977 dignus
3513 2919 3551 2961 e

1972 3001 2167 3066 nobis,
2218 3002 2312 3071 qui
2356 3001 2512 3071 juxta
2568 2999 2886 3070 dignitatem
2940 2999 3044 3054 loci
3093 3007 3255 3069 atque
3301 2998 3549 3070 mysterii

1973 3094 2185 3164 plenam
2220 3094 2392 3163 possit
2439 3093 2713 3163 explicare
2756 3091 3061 3147 rationem?
3098 3089 3330 3147 Oremus
3358 3090 3544 3146 Domi-

1899 3226 1942 3283 C
1975 3203 2146 3254 num,
2198 3196 2259 3241 ut
2310 3186 2469 3241 nobis
2526 3185 2789 3256 largiatur
2829 3199 3050 3240 sensum
3102 3184 3169 3239 ad
3227 3183 3550 3254 aperiendas

1976 3278 2310 3350 Scripturas,
2354 3287 2409 3333 et
2453 3277 2727 3348 possimus
2759 3277 2939 3332 dicere
2972 3292 2986 3329 :
3024 3274 3310 3343 Quomodo
3332 3278 3551 3347 aperuit

1973 3372 2132 3427 nobis
2179 3369 2339 3425 Jesus
2393 3368 2704 3439 Scripturas
2749 3369 2815 3420 ι’.
2848 3366 2991 3435 Quid
3051 3368 3256 3439 igitur?
3313 3369 3550 3427 dicimus

1973 3464 2099 3533 quia
2134 3462 2355 3529 dorcas,
2396 3461 2500 3516 hoc
2528 3470 2609 3516 cst
2632 3475 2827 3531 caprea
2851 3460 3150 3516 secundum
3181 3475 3370 3516 eorum
3408 3461 3546 3533 phy-

1974 3556 2258 3627 siologiam
2286 3556 2381 3626 qui
2412 3554 2481 3610 de
2513 3554 2725 3609 naturis
2746 3552 2989 3607 omnium
3015 3553 3334 3608 animalium
3361 3553 3551 3622 dispu-v

1974 3657 2111 3717 tant,
2139 3664 2208 3703 ex
2242 3648 2407 3703 insita
2435 3647 2538 3703 sibi
2573 3646 2622 3700 vi
2653 3660 2850 3700 nomen
2882 3644 3169 3716 acceperit.
3199 3644 3284 3699 Ab
3313 3659 3379 3699 eo
3402 3644 3548 3699 enim

1976 3743 2121 3812 quod
2160 3741 2375 3796 acutius
2397 3740 2598 3801 videat,
2627 3738 2677 3792 id
2719 3745 2803 3791 est
2841 3736 2992 3808 παρὰ
3023 3736 3083 3790 τὸ
3121 3734 3286 3801 ὀξέως
3316 3736 3547 3808 δέρκειν,

1974 3833 2169 3888 dorcas
2202 3831 2468 3902 appellata
2498 3838 2604 3885 est.
2634 3827 2842 3883 Cervus
2870 3840 3000 3880 vero
3022 3838 3331 3897 serpentum
3363 3826 3551 3880 inimi-

1976 3940 2073 3980 cus
2096 3938 2160 3978 ac
2186 3922 2483 3978 debellator
2514 3929 2615 3985 est,
2663 3920 2735 3975 ita
2762 3928 2822 3974 ut
2858 3919 3049 3991 spiritu
3074 3919 3286 3972 narium
3317 3933 3412 3973 eos
3449 3934 3550 3972 ex-

1948 4015 2158 4069 ‘trahat
2185 4014 2252 4069 de
2281 4013 2550 4077 cavernis,
2588 4021 2641 4067 ct
2670 4020 2923 4081 superata
2963 4009 3201 4079 pernicie
3225 4011 3416 4065 veneni
3449 4025 3548 4064 eo-

1977 4123 2099 4162 rum
2150 4106 2348 4177 pabulo
2407 4104 2721 4159 delectetur.
2776 4102 3022 4157 Forsitan
3080 4101 3329 4157 Salvator
3392 4117 3550 4157 meus

1977 4215 2172 4271 caprea
2198 4201 2255 4253 tit
2288 4198 2442 4268 juxta
2471 4196 2725 4268 Θεωρίαν,
2761 4196 3130 4265 cervusjuxta
3166 4209 3351 4263 opera.
3386 4194 3551 4260 Qum-

1978 4308 2104 4347 nam
2136 4291 2241 4346 ista
2269 4299 2398 4344 sunt
2423 4288 2624 4358 opera?
2651 4286 2907 4341 interﬁcit
2930 4287 3044 4357 ipse
3078 4293 3378 4357 serpentes,
3414 4299 3551 4339 con-

1979 4384 2176 4439 trarias
2212 4381 2555 4437 fortitudines
2580 4380 2813 4450 jugulat,
2846 4380 2967 4434 ideo
2993 4380 3169 4434 dicam
3196 4379 3245 4432 ei
3275 4396 3287 4431 :
3322 4377 3397 4432 Tu
3427 4393 3555 4432 con-

1980 4476 2176 4530 trivisti
2215 4474 2398 4545 capita
2435 4472 2725 4525 draconum
2756 4488 2912 4542 super
2942 4487 3128 4542 aquas,
3175 4480 3230 4525 tu
3258 4471 3553 4526 contrivisti

301 4572 439 4625 stas,
472 4576 642 4626 mors,
693 4570 749 4614 et
780 4560 1084 4630 desperatio
1120 4569 1203 4617 cst
1233 4561 1297 4613 “.
1336 4560 1540 4629 Adjuro
1582 4575 1712 4628 ergo
1760 4577 1866 4624 vos,
1907 4570 1947 4624 D
1977 4574 2133 4635 caput
2161 4565 2405 4618 draconis
2430 4564 2494 4618 ¹⁶.

304 4652 435 4722 ﬁlia:
469 4649 823 4716 Hierusalem,
874 4652 931 4705 in
970 4652 1251 4706 virtutibus
1296 4660 1347 4705 et
1389 4652 1443 4705 in
1481 4651 1681 4705 viribus
1733 4653 1871 4721 agri.

304 4741 477 4813 Cujus
504 4742 654 4814 agri?
676 4741 877 4813 Nempe
911 4741 1057 4798 illius
1086 4742 1201 4815 agri
1244 4742 1410 4813 pleni,
1456 4756 1618 4813 quem
1652 4741 1874 4798 benedi-

302 4835 383 4891 xit
414 4832 678 4889 Dominus
705 4832 766 4886 ".

377 4924 465 4981 10.
496 4924 652 4983 Vers.
687 4925 737 4991 7,
768 4925 821 4983 8.
857 4924 917 4981 Si
946 4925 1242 4981 lcvaveritis
1273 4935 1321 4980 et
1345 4924 1722 4980 suscitaveritis
1750 4923 1874 4977 cha-

303 5018 540 5083 ritatem,
568 5019 744 5089 quoad
793 5034 955 5090 usque
988 5018 1107 5072 velit
1138 5033 1234 5073 vos:
1274 5016 1548 5087 fratruelis
1586 5017 1703 5071 mei.
1741 5016 1875 5071 Ecce

305 5113 391 5166 hic
419 5112 556 5166 venit
592 5112 786 5166 saliens
814 5127 969 5182 super
1008 5119 1226 5165 montes.
1272 5108 1396 5165 Haec
1425 5108 1603 5164 adhuc
1633 5108 1875 5179 loquitur

307 5202 574 5266 Ecclesia,
622 5202 916 5258 exhortans
962 5201 1422 5266 adolescentulus,
1466 5214 1525 5256 ut
1569 5201 1634 5255 ad
1687 5200 1873 5271 sponsi

304 5302 677 5367 pmparentur
712 5294 1032 5362 adventum;
1088 5294 1133 5349 si
1172 5302 1348 5348 tamen
1399 5293 1584 5348 venire
1641 5292 1874 5347 voluerit

305 5396 360 5443 et
390 5403 549 5443 suum
583 5386 691 5442 illis
713 5387 955 5457 prtebere
983 5387 1335 5459 colloquium.
1372 5384 1565 5439 Adhuc
1596 5385 1761 5457 igitur
1791 5384 1872 5439 lo-

303 5490 504 5551 quente
531 5495 615 5547 ea,
648 5481 793 5534 venit
828 5495 1083 5550 sponsus,
1116 5496 1276 5552 quem
1309 5480 1481 5553 digito
1509 5487 1795 5545 monstrat,
1823 5487 1878 5533 et

305 5572 441 5627 dicit
476 5590 490 5626 :
522 5570 655 5628 Ecce
677 5573 761 5627 hic
789 5573 925 5628 venit
952 5572 1147 5629 saliens
1182 5588 1336 5642 super
1367 5580 1586 5626 montes.
1636 5569 1877 5641 intelligo

373 5786 394 5816 ⁸
426 5784 585 5841 Prov.
626 5802 707 5852 ιιι,
733 5786 820 5842 16.
922 5789 942 5819 ⁹
990 5787 1185 5843 Ezech.
1212 5802 1335 5845 xm.
1372 5786 1458 5842 i8.

301 5855 349 5891 “
378 5854 534 5916 Deut.
573 5873 684 5925 stv,
715 5858 767 5916 4.

1568 5787 1611 5820 ⁸⁸
1635 5787 1740 5843 lsa.
1768 5803 1806 5850 ι,
1836 5787 1925 5841 21.

849 5859 893 5893 ⁸⁸
918 5856 1051 5919 Luc.
1101 5874 1257 5927 xxiv,
1284 5857 1371 5912 52.
1453 5858 1495 5891 ¹⁶
1519 5856 1661 5915 Psal.
1697 5874 1879 5924 Lxxtv,
1912 5858 2001 5928 15,
2032 5858 2086 5913 4.

2054 4656 2143 4711 12.
2174 4655 2382 4711 Similis
2408 4665 2483 4709 est
2512 4656 2783 4724 fratruelis
2810 4673 2953 4711 meus
2978 4673 3198 4726 caprae,
3228 4655 3307 4711 vel
3334 4653 3553 4709 [tinnula

1981 4762 2249 4801 cervorum
2279 4761 2435 4815 super
2481 4754 2680 4798 montes
2729 4745 2917 4799 domus
2948 4744 3046 4799 Dei
3080 4761 3099 4801 :
3129 4744 3312 4800 Bcthel
3354 4744 3556 4816 quippe

1982 4838 2368 4907 interpretatur
2394 4837 2593 4892 domus
2630 4834 2747 4890 Dei.
2793 4834 2912 4891 Non
2957 4852 3148 4891 omnes
3195 4846 3410 4891 montes
3454 4836 3556 4891 do-

1982 4946 2105 4986 mus
2137 4929 2231 4984 Dei
2259 4938 2410 4993 sunt,
2444 4930 2537 4984 sed
2566 4928 2657 4998 qui
2690 4937 2903 4984 montes
2933 4927 3187 4984 Ecclesiae
3218 4936 3364 4983 sunt.
3401 4925 3558 4983 luve-

1983 5022 2210 5077 niuntur
2238 5023 2438 5093 quippe
2464 5033 2519 5079 et
2550 5021 2642 5076 alii
2679 5029 2890 5076 montes
2919 5021 3109 5083 erecti,
3138 5029 3193 5075 et
3217 5035 3557 5091 consurgen-

1984 5122 2065 5169 tes
2093 5114 2357 5171 adversus
2382 5116 2663 5172 scientiam
2696 5115 2810 5181 Dei,
2850 5122 3061 5169 montes
3088 5112 3467 5185 [Egyptiorum
3499 5121 3556 5168 et

1981 5203 2414 5277 Allophylorum.
2448 5206 2543 5263 Vis
2572 5208 2712 5263 scire
2767 5205 2895 5277 quia
2929 5205 3127 5261 similis
3155 5214 3239 5261 cst
3277 5204 3554 5272 fratruelis

1980 5311 2133 5353 meus
2165 5313 2392 5368 capreae,
2427 5310 2521 5355 aut
2565 5300 2794 5357 hinnulo
2824 5313 3109 5353 cervorum
3140 5312 3309 5368 super
3336 5307 3553 5353 montes

1982 5389 2206 5445 Bethel?
2236 5389 2365 5446 Esto
2394 5407 2554 5447 mons
2579 5392 3000 5459 ecclesiaSticus,
3030 5409 3188 5449 mons
3212 5393 3407 5449 domus
3432 5390 3551 5456 Dei,

1983 5491 2039 5537 et
2066 5484 2244 5538 veniet
2266 5483 2333 5537 ad
2371 5490 2422 5537 te
2446 5497 2681 5553 sponsus
2708 5485 2903 5540 similis
2937 5499 3166 5554 capreas,
3197 5485 3282 5540 vel
3319 5484 3551 5539 hinnulo

1984 5589 2270 5632 cervorum
2316 5590 2481 5646 super
2533 5584 2747 5632 montes
2797 5574 3001 5633 Bethel.
3050 5577 3237 5632 Cernit
3289 5590 3549 5648 sponsum

2035 5788 2075 5819 “
2103 5784 2266 5843 Num.
2310 5801 2456 5853 xxrv,
2480 5785 2534 5843 9.
2641 5787 2683 5819 "
2718 5784 2905 5841 Matth.
2940 5800 3060 5840 vm.
3166 5781 3209 5816 ¹³
3238 5779 3371 5838 Gen.
3399 5770 3547 5836 s’xvt.
