3872 6532
144 415 207 474 57
1569 430 1856 491 BOMlLIA
1893 435 1957 491 ll.
3307 442 3380 501 58

144 537 593 608 appropinquasse
638 540 909 608 vicinius,
959 544 1054 613 qui
1105 555 1233 602 ante
1279 561 1441 618 super
1490 558 1702 607 montes
1732 555 1776 611 A
1805 552 1935 622 pulli
1966 551 2343 610 columbarum
2371 556 2438 611 “.
2470 554 2604 611 Nam
2626 554 2767 611 idem
2789 553 2991 623 valent,
3017 561 3074 611 et
3097 570 3379 627 nunquam

147 629 443 684 versabatur
483 640 541 685 et
577 632 769 700 colles,
804 635 1090 691 assimulat
1129 651 1253 691 eum
1302 639 1694 696 transilientem

143 730 286 791 atque
304 720 615 778 salientem.
646 721 716 777 Et
746 733 871 793 post
900 726 1012 780 haec
1046 726 1113 781 ad
1148 742 1207 783 se
1228 738 1282 783 et
1309 728 1376 784 ad
1402 730 1538 786 alias
1566 732 1698 788 ado-

144 811 451 868 leseentulas
498 813 789 872 advenisse
812 831 1175 889 cognoscens,
1204 821 1338 878 dicit
1385 841 1399 879 :
1444 824 1579 880 Ecce
1613 826 1696 881 hic

145 916 267 959 retro
305 916 423 977 post
460 910 720 978 parietem
758 923 1019 968 nostrum.
1048 912 1105 968 Si
1134 914 1488 973 aedificaveris
1520 920 1699 989 parie-

145 1007 258 1062 tem,
282 998 547 1055 etfeeeris
572 1002 982 1059 aediﬁcationem
1017 1003 1133 1072 Dei,
1165 1008 1341 1062 veniet
1371 1017 1494 1079 post
1524 1011 1699 1080 parie-

141 1096 239 1147 tem
264 1098 439 1146 tuum.
476 1091 813 1164 Prospiciens
860 1111 952 1163 per
994 1096 1269 1167 fenestras.
1305 1097 1420 1154 Una
1464 1099 1697 1157 fenestra

142 1197 271 1236 unus
295 1191 379 1237 est
423 1198 649 1251 sensus,
695 1201 793 1255 per
826 1186 972 1243 hunc
1011 1189 1274 1260 prOSpicit
1304 1206 1561 1261 sponsus,
1592 1194 1698 1251 alia

143 1273 358 1331 fenestra
387 1276 534 1332 alius
562 1285 647 1332 est
685 1293 904 1346 sensus,
942 1290 996 1335 et
1024 1296 1122 1351 per
1153 1281 1297 1338 hunc
1327 1299 1562 1353 sponsus
1591 1288 1700 1341 sol-

143 1365 271 1421 licite
314 1376 625 1424 contuetur.
677 1368 782 1425 Per
821 1385 962 1442 quos
1019 1387 1215 1430 sensus
1273 1391 1382 1430 non
1439 1380 1702 1450 prospicit

144 1472 305 1512 sermo
326 1456 420 1514 Dei
436 1460 463 1513 ἲ
484 1459 627 1527 Quid
654 1461 728 1518 sit
750 1470 929 1517 autem
957 1465 1266 1534 prospicere
1292 1483 1390 1538 per
1408 1468 1697 1539 fenestras,

143 1560 190 1604 et
217 1552 487 1621 quomodo
512 1569 612 1624 per
636 1570 733 1612 eas
780 1573 1015 1628 sponsus
1045 1561 1305 1631 aspiciat,
1336 1578 1572 1634 sequens
1603 1566 1701 1622 do-

143 1644 267 1699 cebit
305 1648 639 1719 exemplum.
678 1646 783 1705 Ubi
830 1667 938 1707 non
994 1654 1256 1727 prospicit
1304 1671 1572 1726 sponsus,
1626 1657 1698 1713 ibi

143 1750 276 1790 mors
310 1737 588 1795 invenitur
621 1743 944 1811 ascendens,
977 1755 1039 1801 ut
1069 1746 1302 1818 legimus
1332 1750 1385 1804 in
1416 1748 1650 1806 Jeremia
1681 1770 1695 1806 :

142 1827 261 1883 Ecce
296 1848 435 1887 mors
461 1837 701 1891 ascendit
730 1854 824 1908 per
848 1840 1104 1910 fenestras
1136 1852 1346 1898 nostras
1371 1846 1436 1900 ιτ.
1470 1843 1701 1912 Quando

1804 644 2007 700 dictum
2052 658 2138 703 est
2185 649 2474 718 separatim
2524 663 2622 719 par
2668 648 3045 704 tantummodo
3091 647 3379 705 columba-

1803 748 1949 799 rum,
1984 735 2078 790 sed
2122 751 2218 806 par
2249 746 2557 804 turturum,
2588 747 2643 793 et
2686 740 2826 795 duos
2871 738 3048 807 pullos
3087 738 3373 795 columba-

1754 886 1759 892 ί
1803 838 1950 879 rum.
1986 824 2249 881 Columba
2278 826 2516 897 Spiritus
2547 837 2770 884 sanctus
2792 836 2892 883 est.
2926 827 3162 899 Spiritus
3194 837 3373 884 autem

1804 925 2027 972 sanctus
2058 919 2277 987 quando
2314 919 2381 973 de
2420 918 2630 990 magnis
2672 928 2727 973 et
2774 920 3164 976 occultior-ibus
3194 935 3380 977 sacra-

1805 1010 2023 1075 mentis,
2056 1019 2107 1064 et
2134 1025 2256 1080 qua:
2285 1010 2437 1064 multi
2472 1026 2664 1081 capere
2705 1026 2815 1066 non
2852 1019 3081 1081 possunt
3117 1012 3376 1083 loquitur,

1806 1100 1860 1156 in
1899 1101 2126 1157 turturis
2159 1102 2520 1173 appellatione
2553 1102 2820 1172 signatur,
2851 1103 2902 1158 id
2952 1113 3037 1159 est
3081 1103 3201 1175 ejus
3239 1105 3380 1172 avis,

1803 1211 1926 1265 quae
1955 1211 2166 1266 semper
2192 1196 2245 1251 in
2271 1197 2535 1252 montium
2558 1196 2705 1269 jugis
2725 1206 2780 1252 et
2802 1198 3060 1254 arborum
3084 1200 3380 1257 verticibus

1804 1296 2193 1342 commoratur.
2230 1286 2287 1341 In
2323 1288 2557 1343 vallibus
2586 1297 2766 1343 autem
2813 1298 2868 1344 et
2901 1290 2987 1344 his
3028 1305 3152 1361 quae
3181 1292 3246 1346 ad
3278 1292 3382 1347 ho-

1806 1380 1982 1435 mines
2012 1396 2185 1451 usque
2209 1382 2553 1451 perveniunt,
2579 1382 2833 1437 columba
2868 1385 3189 1439 assumitur.
3226 1383 3382 1440 Deni-

1804 1485 1912 1540 que
1941 1468 2192 1525 Salvator
2218 1471 2349 1541 quia
2382 1471 2657 1526 hominem
2682 1480 2766 1527 est
2797 1472 3052 1546 dignatus
3074 1489 3377 1543 assumere,

1803 1569 1859 1616 et
1892 1561 2040 1615 venit
2074 1561 2142 1616 ad
2180 1570 2374 1628 terras,
2418 1563 2686 1633 multique
2719 1573 2852 1619 tunc
2903 1565 3049 1621 circa
3086 1564 3380 1621 Jordanem

1805 1661 2118 1721 peccatores
2165 1660 2355 1718 erant,
2390 1650 2596 1707 idcirco
2645 1650 2881 1723 Spiritus
2925 1663 3149 1710 sanctus
3186 1671 3292 1710 non
3324 1656 3381 1711 in

1805 1750 2072 1797 turturem
2110 1744 2359 1809 vertitur,
2390 1743 2482 1799 sed
2509 1743 2761 1799 columba
2794 1744 2875 1810 tit,
2925 1745 3067 1801 inter
3106 1762 3207 1802 nos
3251 1763 3383 1818 pro-

1806 1841 1927 1902 pter
1970 1832 2254 1887 hominum
2290 1833 2698 1888 multitudinem
2733 1834 2852 1889 avis
2882 1836 3222 1892 mansuetior
3250 1852 3385 1890 con-

140 1921 326 1979 tuleris
380 1927 666 1984 mulierem
709 1931 778 1986 ad
827 1934 1321 2004 concupiscendum
1374 1952 1494 1992 eam
1518 1977 1533 2002 ,
1583 1937 1695 2008 jam
1731 1915 1771 1971 Β
1805 1933 2073 1979 versatur.
2099 1922 2307 1980 Turtur
2334 1933 2514 1980 autem
2542 1925 2777 1991 videtur,
2808 1925 2954 1980 verbi
2986 1925 3178 1996 gratia.
3204 1925 3380 1996 Moysi

141 2020 537 2075 mersascendit
563 2036 662 2093 per
681 2020 951 2082 fenestras
979 2035 1121 2083 tuas.
1148 2027 1398 2085 Eminens
1426 2048 1519 2101 per
1541 2033 1694 2088 retia.

138 2106 363 2182 intelligo
410 2114 543 2183 quia
592 2115 649 2170 in
710 2117 893 2173 medio
937 2119 1259 2189 laqueorum
1317 2124 1588 2187 ambulas,
1643 2133 1700 2180 et

136 2202 313 2258 subtus
328 2205 613 2263 machinas
628 2208 735 2278 22
753 2218 1001 2266 transeas
1017 2211 1381 2270 imminentes.
1399 2213 1592 2271 Omnia
1612 2232 1697 2273 re—

135 2295 270 2351 tibus
292 2297 449 2367 plena
470 2309 621 2366 sunt,
654 2303 908 2360 diabolus
940 2305 1135 2376 laqueo
1163 2317 1359 2363 cuncta
1382 2311 1692 2381 complevit.

133 2385 186 2443 Si
209 2399 385 2445 autem
417 2393 628 2448 venerit
653 2394 751 2449 tibi
781 2411 961 2453 sermo
988 2397 1106 2465 Dei,
1128 2409 1184 2455 et
1207 2402 1430 2472 cmperit
1455 2404 1697 2461 eminere

129 2481 192 2536 de
214 2483 441 2551 retibus,
461 2483 615 2541 dices
638 2501 655 2539 :
680 2488 875 2542 Anima
907 2499 1087 2544 nostra
1116 2501 1296 2562 erepta
1317 2502 1396 2547 est
1423 2494 1487 2548 de
1511 2495 1696 2566 laqueo

128 2576 440 2631 cenantium.
464 2576 707 2649 Laqueus
740 2582 997 2636 contritus
1028 2591 1127 2648 est,
1156 2594 1205 2637 et
1247 2600 1338 2639 nos
1364 2584 1574 2640 liberati
1605 2604 1695 2642 su-

129 2682 254 2719 mis.
290 2665 566 2723 Benedicti
612 2685 699 2724 vos
741 2687 773 2724 a
821 2670 1048 2726 Domino
1095 2673 1187 2742 qui
1237 2674 1360 2744 fecit
1417 2676 1603 2731 cmlum
1643 2686 1695 2732 et

127 2766 314 2811 terram
339 2757 408 2812 ⁸⁸.
440 2755 657 2815 Eminet
701 2760 867 2830 igitur
907 2777 1145 2833 sponsus
1186 2779 1283 2834 per
1312 2766 1446 2822 retia
1482 2768 1581 2824 tibi
1607 2771 1693 2823 vi-

125 2857 231 2902 tam
261 2847 485 2906 faciens.
518 2849 681 2908 Jesus
719 2852 1002 2910 descendit
1031 2856 1101 2911 ad
1150 2865 1343 2925 terras,
1372 2860 1604 2932 subjecit
1635 2878 1695 2919 se

124 2938 331 2996 retibus
356 2942 581 3010 mundi;
629 2944 823 3001 videns
862 2959 1121 3018 magnum
1160 2949 1447 3007 hominum
1475 2969 1690 3026 gregem

122 3030 326 3089 retibus
360 3032 706 3105 impeditum,
752 3052 854 3095 nec
889 3054 956 3097 ea
997 3041 1067 3096 ab
1111 3042 1221 3097 alio
1249 3044 1355 3099 nisi
1389 3061 1418 3099 a
1447 3061 1507 3101 se
1532 3061 1694 3116 posse

120 3126 424 3190 conscindi,
454 3128 602 3184 venit
639 3130 708 3185 ad
736 3133 891 3199 retia,
925 3147 1213 3191 assumens
1253 3151 1454 3207 corpus
1501 3138 1695 3194 huma-

120 3234 269 3284 num,
302 3220 451 3291 quod
495 3221 843 3279 inimicarum
878 3223 1256 3283 fortitudinum
1298 3228 1506 3299 laqueis
1536 3237 1689 3285 tene-

115 3311 298 3382 batur,
324 3330 389 3371 ea
445 3315 541 3371 tibi
586 3317 821 3387 dirupit,
858 3326 912 3372 et
949 3318 1230 3389 loqueris:
1268 3320 1404 3376 Ecce
1434 3322 1521 3377 hic
1552 3333 1693 3379 retro

116 3416 227 3473 post
274 3410 537 3477 parietem
596 3420 837 3466 nostrum
879 3414 1201 3483 prospiciens
1254 3430 1348 3483 per
1396 3415 1653 3484 fenestras
1677 3457 1692 3481 ,

112 3502 346 3556 cuti-ens
388 3518 484 3572 per
520 3504 677 3559 retia.
725 3502 860 3559 Cum
887 3504 1198 3570 eminuerit,
1240 3506 1374 3562 dicit
1402 3507 1499 3562 tibi
1528 3507 1694 3579 (vers.

117 3593 203 3663 10)
230 3611 248 3649 :
277 3593 574 3664 Respondet
601 3596 874 3667 fratruelis
902 3614 1067 3664 meus,
1097 3607 1147 3653 et
1161 3598 1527 3669 dicit:Surge,
1554 3601 1692 3665 veni,

114 3686 361 3747 minus
390 3702 532 3754 mea,
556 3686 698 3741 viam
726 3686 820 3741 tibi
851 3685 976 3752 Ieci,
1002 3689 1243 3744 conscidi
1277 3690 1432 3753 retia,
1464 3690 1544 3746 sic
1573 3691 1695 3745 veni

113 3778 178 3831 ad
210 3792 339 3843 me,
372 3777 623 3848 proxima
667 3793 809 3832 mea.
860 3776 1045 3850 Surge,
1082 3780 1229 3845 veni,
1280 3781 1523 3851 proxima
1556 3797 1693 3846 mea,

112 3861 352 3938 speciosa
398 3886 538 3937 mea,
578 3869 822 3924 columba
859 3888 993 3926 mea.
1040 3871 1152 3927 Cur
1200 3873 1309 3940 ait,
1361 3875 1557 3945 surge?
1600 3890 1698 3930 cur

111 3964 382 4035 propera?
407 3960 524 4034 Ego
559 3979 656 4034 pro
697 3974 749 4019 te
788 3964 1025 4020 sustinui
1059 3966 1263 4021 rabiem
1291 3976 1696 4037 tempestatum,

111 4072 207 4125 ego
234 4056 445 4112 ﬂuctus
479 4057 577 4127 qui
625 4056 718 4112 tibi
767 4056 1102 4113 debebantur
1132 4060 1341 4129 excepi.
1376 4058 1568 4114 Tristis
1619 4070 1696 4114 est

113 4145 251 4201 facta
307 4147 495 4201 anima
551 4162 668 4200 mea
709 4155 931 4218 propter
964 4156 1018 4203 te
1060 4164 1223 4219 usque
1266 4150 1335 4203 ad
1379 4162 1599 4206 mortem
1627 4150 1697 4206 ι’.

114 4238 349 4294 Surrexi
379 4254 412 4293 a
442 4239 677 4296 mortuis
707 4239 899 4295 fractis
933 4240 1127 4295 mortis
1162 4240 1369 4310 januis,
1402 4250 1456 4297 et
1500 4241 1699 4298 inferni

111 4333 355 4388 vinculis
380 4331 696 4388 dissolutis.
752 4331 877 4388 Ideo
915 4333 1038 4388 dico
1083 4334 1180 4388 tibi
1208 4332 1383 4390 tVers.
1425 4334 1512 4400 10,
1565 4335 1695 4405 il):

112 4421 305 4497 Surge,
352 4425 490 4489 veni,
533 4425 779 4494 proxima
820 4441 954 4490 mea,
998 4426 1231 4495 speciosa
1279 4443 1422 4492 mea,
1457 4426 1699 4481 columba

112 4534 247 4583 nec,
298 4516 433 4587 quia
462 4517 630 4572 hiems
664 4517 931 4583 transivit,
981 4516 1161 4587 pluvia
1207 4518 1359 4584 abiit,
1402 4519 1559 4588 flores
1599 4521 1698 4574 visi

1804 2026 1858 2071 et
1888 2017 1981 2072 uni
2013 2017 2237 2074 cuilibet
2261 2017 2650 2089 prophetarum
2683 2016 3050 2072 recedentium
3088 2016 3140 2071 in
3168 2026 3383 2073 montes

1801 2118 1856 2163 et
1886 2107 2124 2174 deserta,
2154 2119 2206 2165 et
2233 2109 2306 2165 ibi
2341 2108 2723 2179 accipientium
2749 2124 3030 2164 sermones
3051 2106 3166 2163 Dei.
3200 2106 3380 2179 (Vers.

1805 2202 1892 2266 12,
1919 2202 2033 2272 15.)
2062 2202 2176 2258 Vos
2204 2218 2333 2272 ergo
2358 2203 2584 2256 turturis
2605 2201 2793 2256 audita
2816 2210 2892 2255 est
2920 2203 2975 2254 in
3011 2210 3150 2255 terra
3176 2210 3380 2257 nostra.

1805 2294 1971 2349 Ficus
1996 2295 2246 2366 produxit
2279 2310 2487 2365 grossos
2516 2309 2661 2347 suos.
2692 2294 2732 2347 Α
2770 2292 2873 2361 ﬁcu
2901 2292 3192 2363 dignoscite
3218 2308 3386 2362 para-

1804 2388 1977 2443 bolant
2002 2403 2021 2441 :
2056 2404 2172 2442 cum
2198 2404 2379 2441 ramus
2406 2387 2520 2456 ejus
2568 2395 2712 2440 tener
2738 2389 2913 2455 factus
2951 2385 3135 2455 fuerit,
3171 2393 3220 2438 et
3251 2384 3385 2454 folia

1804 2479 2032 2544 miserit,
2059 2479 2245 2533 scitote
2284 2478 2409 2547 quia
2434 2476 2601 2546 juxta
2639 2484 2716 2559 est
2764 2486 2920 2530 testas
2961 2477 3028 2529 “.
3064 2473 3191 2529 Vult
3226 2475 3384 2532 nobis

1804 2567 1899 2623 Dei
1935 2567 2213 2638 eloquium
2237 2567 2509 2633 nuntiare,
2534 2575 2659 2636 post
2688 2566 2943 2633 hiemem,
2967 2573 3091 2635 post
3116 2565 3384 2635 procellas

1803 2662 2113 2716 animarum
2151 2660 2616 2731 appropinquasse
2650 2672 2904 2725 messem,
2955 2667 3010 2712 et
3041 2659 3119 2713 ait
3156 2675 3171 2712 :
3218 2656 3383 2712 Ficus

1801 2752 2055 2825 produxit
2085 2768 2292 2823 grossos
2322 2767 2466 2815 suos,
2492 2751 2622 2806 vites
2645 2751 2951 2820 ﬂorescunt,
2978 2750 3233 2805 dederunt
3259 2751 3386 2803 odo-

1801 2860 1948 2909 rem;
1988 2844 2034 2899 si
2085 2843 2196 2913 jam
2244 2851 2577 2914 rumpuntur
2624 2843 2677 2897 in
2724 2840 2949 2911 florem,
2979 2853 3192 2913 tempus
3223 2840 3385 2896 adve-

1802 2938 1934 3004 niet,
1964 2947 2020 2993 et
2054 2944 2217 2992 erunt
2242 2950 2381 2991 uvae.

1873 3053 1962 3108 1⁸5.
1997 3052 2188 3122 Surge,
2222 3050 2356 3115 veni,
2380 3050 2622 3120 proxima
2651 3064 2791 3115 mea,
2835 3048 3071 3117 speciosa
3114 3062 3260 3110 mea,
3295 3061 3383 3098 co-

1799 3146 1979 3201 lumba
2012 3161 2143 3199 mea.
2169 3143 2296 3199 llaec
2318 3158 2438 3213 quae
2459 3140 2712 3212 superius
2736 3140 3113 3210 exposuimus,
3143 3152 3380 3208 sponsus

1799 3251 1907 3289 non
1964 3232 2313 3289 audientibus
2357 3229 2813 3296 adolescentulis,
2867 3228 2960 3283 sed
3013 3228 3128 3282 sola
3180 3241 3380 3296 sponsa

1802 3326 2058 3382 audiente
2102 3325 2364 3397 loquitur.
2411 3321 2679 3377 Volumus
2725 3330 2904 3375 autem
2944 3328 2999 3375 et
3052 3318 3224 3389 ipsius
3265 3317 3379 3387 jam

1799 3420 1989 3474 audire
2032 3432 2338 3473 sermonem
2392 3414 2663 3486 loquentis
2734 3412 2801 3468 ad
2874 3426 3129 3482 sponsam
3199 3412 3377 3476 (vers.

1800 3512 1890 3577 15,
1918 3510 2005 3581 14)
2030 3528 2044 3564 :
2071 3507 2257 3580 Surge,
2287 3508 2421 3572 veni,
2452 3505 2692 3577 proxima
2722 3521 2856 3568 mea,
2881 3505 3111 3573 speciosa
3129 3518 3269 3567 mea,
3291 3517 3382 3555 co-

1797 3602 1976 3657 lumba
2011 3617 2148 3664 mea,
2175 3608 2224 3653 et
2257 3599 2389 3662 veni,
2435 3596 2679 3651 columba
2720 3611 2857 3658 mea,
2908 3593 3004 3647 sub
3035 3595 3257 3664 tegmine
3293 3608 3382 3662 pe-

1800 3705 1918 3749 tra'.
1969 3691 2036 3747 Et
2082 3691 2297 3764 Moyses
2346 3690 2448 3745 sub
2503 3688 2737 3760 tegmine
2794 3694 2962 3757 petra:
3016 3687 3270 3755 ponitur,
3323 3693 3382 3739 ut

1799 3786 1981 3842 videat
2002 3785 2303 3856 posteriora
2333 3783 2449 3838 Dei.
2491 3781 2557 3835 In
2601 3781 2823 3852 tegmine
2864 3779 3233 3833 antemuralis.
3261 3775 3384 3831 Pri-

1799 3895 1948 3934 mum
1982 3878 2103 3933 veni
2136 3876 2200 3930 ad
2234 3876 2288 3930 id
2334 3874 2482 3946 quod
2524 3883 2651 3928 ante
2686 3886 2906 3927 murum
2950 3880 3064 3936 est,
3098 3878 3153 3925 et
3191 3877 3379 3939 postea

1800 3972 2004 4043 poteris
2032 3970 2257 4026 introire
2303 3969 2396 4024 ubi
2427 3982 2616 4022 murus
2642 3974 2727 4021 est
2760 3973 2945 4035 petrae.
2987 3963 3211 4019 Ostende
3251 3962 3379 4015 mihi

1800 4060 1990 4129 faciem
2043 4069 2210 4114 tuam.
2261 4057 2445 4127 Usque
2493 4055 2559 4109 ad
2613 4062 2937 4123 praesentem
2987 4053 3132 4107 diem
3180 4051 3381 4107 similia

1799 4155 2055 4211 dicuntur
2088 4153 2154 4207 ad
2184 4166 2441 4222 sponsam
2486 4167 2500 4203 :
2533 4147 2765 4202 necdum
2795 4146 2941 4201 enim
2978 4146 3209 4200 habebat
3238 4145 3380 4199 fidu-

1799 4248 1965 4313 ciam,
1991 4254 2051 4300 ut
2080 4244 2316 4299 revelata
2362 4241 2498 4297 facie
2541 4240 2770 4311 gloriam
2803 4236 3015 4293 Domini
3043 4235 3382 4305 contempla—

1799 4346 1970 4393 retur.
2000 4333 2140 4402 Quia
2168 4348 2295 4389 vero
2322 4331 2433 4402 jam
2482 4337 2675 4384 ornata
2719 4336 2805 4384 est
2838 4337 3000 4399 atque
3040 4327 3340 4397 composita
3361 4366 3379 4393 ,

1800 4431 1998 4488 dicitur
2041 4430 2090 4484 ci
2147 4444 2161 4480 :
2204 4424 2429 4481 Ostende
2478 4422 2607 4476 mihi
2662 4422 2856 4492 faciem
2905 4433 3071 4477 tuam.
3126 4418 3379 4475 Nondum

1803 4534 1919 4581 erat
1943 4523 2091 4579 enim
2122 4536 2225 4575 vox
2251 4519 2371 4590 ejus
2398 4519 2470 4572 ita
2499 4516 2708 4584 suavis,
2742 4523 2804 4571 ut
2825 4522 3125 4571 mereretur
3149 4514 3198 4569 ei
3224 4512 3330 4568 dici
3362 4529 3377 4566 :

109 4619 229 4662 sunt
274 4610 337 4664 in
382 4616 550 4662 terra.
584 4606 698 4678 Ego
748 4622 779 4660 a
827 4608 1059 4663 mortuis
1109 4623 1338 4679 surgens
1380 4618 1699 4679 tempestate
1730 4630 1775 4686 υ
1805 4616 2004 4671 Audire
2050 4631 2131 4671 me
2175 4613 2259 4685 fac
2298 4628 2470 4666 vocem
2518 4620 2688 4665 tuam.
2734 4607 2965 4676 Quando
3014 4620 3145 4677 ergo
3194 4603 3383 4660 didicit

109 4714 434 4771 compressa
480 4698 930 4769 tranquillitatem
973 4699 1202 4756 reddidi.
1243 4698 1308 4754 Et
1336 4701 1461 4771 quia
1497 4716 1695 4757 secun-

108 4791 234 4848 dum
265 4793 746 4863 dispensationem
771 4794 954 4849 carnis
988 4810 1052 4849 ex
1082 4795 1319 4864 Virgine,
1344 4804 1398 4850 et
1419 4796 1695 4853 voluntate

106 4884 289 4943 Patris
338 4887 515 4951 crevi,
545 4895 602 4941 et
644 4887 934 4958 sapientia,
967 4897 1022 4943 et
1060 4896 1215 4943 actate
1275 4886 1499 4958 profeci,
1524 4890 1692 4957 (vers.

108 4976 191 5050 ﬂ)
219 4980 394 5049 ﬂores
440 4979 546 5033 visi
576 4987 701 5033 sunt
742 4979 800 5032 in
834 4989 995 5047 terra,
1028 4988 1227 5048 tempus
1252 4980 1496 5033 sectionis
1522 4981 1693 5034 adest.

106 5068 292 5127 Sectio
317 5071 587 5127 remissio
635 5081 979 5141 peccatorum
1011 5080 1113 5126 est.
1160 5069 1389 5126 Omnem
1432 5072 1576 5126 enim
1609 5087 1700 5127 ra-

108 5178 280 5232 mum,
310 5162 419 5227 ait,
454 5164 511 5218 in
546 5179 638 5219 me
671 5173 1001 5229 manentem,
1032 5175 1085 5219 et
1115 5162 1427 5219 atl'erentem
1457 5162 1697 5218 fructum

102 5252 264 5311 Pater
291 5271 458 5311 meus
494 5254 748 5320 mundat,
792 5265 851 5311 ut
892 5254 1102 5312 fructus
1143 5256 1378 5326 majores
1411 5256 1600 5312 atl‘erat
1628 5256 1696 5309 “.

104 5345 318 5405 Habeto
379 5349 618 5416 fructus,
647 5358 704 5406 et
749 5350 931 5421 priora
979 5366 1102 5420 qua;
1141 5350 1197 5405 in
1249 5359 1301 5405 te
1355 5349 1697 5406 infructuosa

103 5454 233 5500 sunt
282 5443 646 5503 auferuntur.
703 5443 923 5516 Tempus
968 5446 1170 5516 quippe
1218 5444 1462 5500 sectionis
1512 5445 1698 5513 adest,

102 5551 200 5589 sua;
241 5538 485 5591 tuturis
532 5535 725 5590 audita
755 5546 831 5589 est
886 5537 943 5591 in
989 5544 1131 5590 terra
1171 5544 1375 5591 nostra.
1418 5532 1538 5588 Non
1583 5535 1700 5589 sine

104 5644 273 5688 causa
308 5630 375 5686 in
399 5628 676 5686 sacrificio
698 5629 998 5685 assumitur
1027 5643 1125 5700 par
1146 5636 1445 5694 turturum,
1475 5635 1571 5683 aut
1589 5626 1699 5682 duo

172 5827 220 5858 ⁸⁷
240 5827 451 5900 Jerem.
488 5844 567 5900 is,
599 5827 692 5900 2|.
773 5827 816 5860 ’⁸
846 5824 988 5900 Ρβιιι.
1018 5843 1203 5898 cum,
1239 5829 1291 5900 7,
1315 5829 1368 5886 8.

108 5912 256 5963 nn,
286 5899 381 5955 '52.
448 5900 497 5933 ”
520 5899 671 5955 Psal.
704 5914 814 5965 etv,
845 5897 935 5954 54.

1473 5830 1518 5863 ¹⁹
1540 5827 1731 5885 Matth.
1761 5843 1911 5899 xxvt,
1942 5828 2034 5885 '58.
2110 5830 2156 5862 ¹⁰
2190 5827 2346 5884 Joan.
2376 5846 2463 5899 sv,
2494 5829 2546 5889 2.

1802 4708 1974 4780 loqui.
2006 4707 2147 4763 Tace
2176 4706 2344 4774 enim,
2375 4707 2474 4772 ait,
2499 4713 2554 4759 et
2586 4701 2715 4758 audi
2760 4700 2949 4768 Israel,
2979 4707 3034 4754 et
3081 4697 3219 4754 scito
3250 4695 3380 4766 quid

1802 4804 1997 4872 loquar
2026 4817 2038 4850 :
2067 4811 2122 4856 et
2144 4800 2329 4857 suavis
2360 4799 2499 4855 facta
2529 4809 2613 4854 est
2636 4814 2744 4853 vos
2770 4797 2891 4867 ejus
2927 4808 3149 4864 sponso,
3185 4806 3382 4847 secun-

1803 4901 1937 4955 dum
1988 4895 2122 4951 illud
2168 4894 2546 4965 propheticum
2589 4910 2602 4948 :
2641 4890 2829 4948 Suavis
2860 4889 2957 4960 ﬁat
2998 4887 3047 4941 ei
3091 4883 3380 4956 postulatio

1802 5005 1917 5043 mea
1945 4988 2024 5041 “l
2075 4996 2205 5042 tunc
2246 4984 2316 5039 ad
2353 5000 2471 5039 eam
2520 4997 2757 5054 sponsus
2803 4979 2999 5035 effatur
3031 4995 3045 5032 :
3076 4974 3145 5028 Et
3192 4973 3382 5027 audire

1799 5095 1878 5132 me
1920 5079 2006 5148 fac
2052 5092 2223 5131 vocem
2274 5085 2451 5139 tuam,
2494 5074 2621 5145 quia
2661 5087 2762 5128 vos:
2808 5080 2901 5125 tua
2946 5066 3122 5123 suavis
3168 5075 3269 5118 est.
3320 5060 3380 5118 Si

1797 5165 2080 5230 aperueris
2111 5178 2174 5218 os
2220 5172 2375 5217 tuum
2416 5164 2583 5218 verbo
2625 5161 2742 5230 Dei,
2786 5160 2930 5216 dicet
2958 5158 3053 5212 tibi
3098 5169 3375 5226 sponsus:

1812 5256 1926 5313 Voa:
1957 5268 2047 5312 tua
2079 5257 2258 5311 suavis
2285 5264 2383 5321 est,
2417 5267 2465 5311 et
2498 5268 2737 5326 aspectus
2768 5264 2887 5307 tuus
2921 5251 3205 5321 speciosus.
3232 5245 3378 5315 Qua-

1800 5359 2021 5422 propter
2076 5356 2476 5421 consurgentcs
2526 5348 2882 5417 deprecemur
2934 5343 3266 5406 Dominum,
3320 5348 3382 5394 ut

1801 5441 1952 5513 digni
1980 5441 2278 5499 eﬂiciamur
2325 5440 2514 5512 sponsi
2549 5452 2827 5505 sermone,
2863 5436 3129 5507 sapientia
3161 5432 3381 5489 Christo

1802 5533 1957 5603 Jesu,
1992 5535 2081 5590 cui
2114 5544 2198 5591 est
2220 5535 2393 5607 gloria
2427 5542 2481 5590 et
2516 5533 2805 5604 imperium
2831 5533 2888 5589 in
2922 5530 3122 5590 saecula
3150 5527 3379 5586 saeculo-

1802 5644 1949 5685 rum.
1985 5627 2178 5684 Amen.

2646 5830 2687 5861 "
2727 5828 2896 5885 chit.
2923 5844 3021 5884 xu.
3099 5826 3146 5857 “
3180 5822 3372 5880 Matth.
