3872 6552
471 430 543 485 63

1528 418 1854 478 ORIGENlS
1890 417 1958 473 IN
1991 414 2349 473 CANTICUM
2381 410 2654 470 CANTIC.

3651 400 3722 455 64

469 547 767 605 Ecelesiam
787 588 804 612 ,
835 546 953 603 hac
986 545 1103 616 ipsa
1136 543 1419 616 Scriptura
1466 560 1568 602 nos
1603 545 1783 601 docet.
1821 542 2046 599 Sodales
2074 547 2116 603 Α
2152 539 2468 610 Scripturas
2503 551 2533 591 a
2564 531 2884 590 doctoribus
2917 537 2973 585 et
3005 544 3034 583 a
3064 525 3406 598 sapientibus
3433 524 3726 616 tradipne-

470 654 693 711 quoque
726 653 939 709 sponsa
973 636 1391 693 adolescentula
1424 651 1546 691 eum
1582 636 1699 706 ipsa
1725 648 1924 705 sponsa
1947 648 2043 704 po-

470 732 588 788 sita
607 747 730 802 qua
750 730 1005 796 dixerint,
1037 742 1268 799 quaque
1304 729 1467 783 etiam
1499 727 1660 782 amici
1718 742 1784 782 ac
1829 724 2045 782 sodales

470 821 682 893 sponsi,
704 836 770 877 ex
797 821 987 877 eodem
1016 818 1369 874 nihilominus
1402 820 1562 883 libro,
1616 817 1708 889 qui
1755 817 2043 873 Canticum

471 914 812 969 canticorum
834 912 1136 968 attitulatur
1154 913 1255 983 (2),
1279 912 1683 982 cognoscimus.
1702 911 2045 968 Possibilitas

472 1006 617 1060 enim
642 1004 770 1060 data
809 1014 894 1059 est
915 1004 1076 1058 etiam
1109 1004 1242 1073 ipsis
1270 1003 1462 1059 amicis
1499 1003 1686 1073 sponsi
1725 1003 1906 1075 aliqua
1957 1001 2044 1057 di-

472 1111 617 1163 cere,
660 1112 724 1152 ea
754 1096 1018 1152 duntaxat
1063 1111 1184 1166 qua
1237 1095 1522 1151 audierant
1574 1096 1642 1152 ab
1689 1096 1809 1166 ipso
1841 1110 2045 1166 sponso

472 1186 715 1244 latantes
732 1188 798 1244 de
819 1189 1203 1259 conjunctione
1226 1202 1459 1258 sponsae.
1492 1186 1579 1241 Fit
1597 1202 1728 1259 ergo
1762 1202 1944 1243 sermo
1976 1187 2046 1242 ab

442 1264 445 1269 ⁴
472 1277 590 1347 ipsa
615 1294 815 1349 sponsa
839 1321 855 1345 ,
888 1295 995 1334 non
1038 1279 1216 1334 solum
1239 1279 1306 1333 ad
1334 1293 1595 1348 sponsum
1615 1319 1630 1343 ,
1658 1279 1750 1335 sed
1779 1278 1942 1333 etiam
1975 1277 2044 1333 ad

471 1371 1016 1439 adolescentulas;et
1049 1386 1268 1428 rursum
1322 1371 1509 1441 sponsi
1560 1386 1740 1427 sermo
1788 1386 1895 1426 non
1927 1380 2049 1425 tan-

472 1464 754 1519 tummodo
779 1464 844 1518 ad
871 1479 1149 1534 sponsam,
1188 1464 1280 1520 sed
1317 1464 1479 1519 etiam
1512 1464 1579 1519 ad
1613 1464 1821 1520 amicos
1849 1462 2043 1534 dirigi-

474 1738 673 1794 Drama
703 1740 848 1794 enim
877 1740 1097 1808 dicitur,
1127 1749 1185 1795 ut
1214 1743 1266 1797 in
1291 1742 1473 1798 scenis
1502 1742 1579 1812 (ὅ)
1616 1742 1700 1813 agi
1741 1740 1923 1797 fabula
1954 1757 2047 1797 so-

471 1829 580 1898 let,
614 1831 701 1886 ubi
753 1832 983 1888 diversa
1038 1850 1286 1904 persona
1340 1834 1796 1901 introducuntur;
1833 1844 1887 1889 et
1922 1834 2078 1890 aliis"

470 1924 875 1992 accedentibus,
900 1926 1021 1981 aliis
1043 1926 1206 1981 etiam
1237 1926 1659 1992 discedentibus,
1685 1943 1716 1981 a
1739 1927 1970 1983 diversis
1991 1937 2045 1982 et

2146 632 2245 697 ris,
2281 628 2445 686 simul
2475 636 2532 683 et
2557 642 2653 682 eas
2673 640 2811 697 quas
2837 619 3192 694 δευτερώσεις
3211 617 3504 689 appellant,
3532 616 3600 671 ad
3637 615 3727 669 ul-

2147 722 2336 776 timum
2380 725 2618 789 quatuor
2664 715 2768 770 ista
2819 710 3131 773 observari,
3182 708 3235 762 id
3277 715 3357 763 est
3392 703 3724 777 principium

2146 814 2395 878 Genesis,
2422 811 2475 865 in
2504 823 2614 880 quo
2637 804 2825 861 mundi
2851 812 3099 858 creatura
3124 799 3472 861 describitur,
3510 806 3566 851 et
3587 793 3729 849 Eze-

2144 904 2336 960 chielis
2375 901 2653 974 propheta
2681 896 2946 968 principia
2969 935 2984 960 ,
3029 894 3084 948 in
3107 892 3308 964 quibus
3330 890 3399 945 de
3438 887 3727 945 cherubim

2144 994 2400 1058 refertur,
2434 1001 2489 1048 et
2525 990 2686 1047 linem
2720 990 2776 1044 in
2799 1004 2910 1058 quo
2941 986 3124 1055 templi
3153 982 3437 1039 adiﬁcatio
3474 980 3731 1036 contine-

2145 1094 2255 1149 tur,
2284 1092 2339 1140 et
2364 1085 2510 1139 hunc
2542 1079 2754 1137 Cantici
2779 1078 3119 1134 canticorum
3160 1076 3383 1129 librum.
3417 1072 3591 1142 igitur
3629 1084 3731 1125 ne-

2145 1176 2445 1232 cessarium
2470 1173 2603 1229 mihi
2638 1172 2871 1237 videtur,
2897 1177 3185 1239 antequam
3204 1167 3270 1221 ad
3294 1181 3356 1221 ea
3386 1179 3509 1235 qua
3536 1164 3594 1217 in
3624 1161 3733 1217 hoc

2146 1268 2326 1323 libello
2343 1265 2547 1336 scripta
2570 1272 2719 1327 sunt,
2744 1260 3085 1317 discutienda
3113 1258 3420 1321 veniamus,
3441 1256 3511 1309 de
3536 1270 3733 1310 amore

2148 1361 2302 1432 prius
2325 1359 2444 1431 ipso
2469 1357 2564 1428 qui
2591 1366 2674 1412 est
2714 1355 3000 1425 scriptura
3040 1352 3162 1424 ejus
3210 1365 3375 1406 causa
3422 1347 3731 1419 praecipua,

2147 1467 2319 1524 pauca
2369 1452 2664 1513 disserere,
2700 1456 2753 1502 et
2801 1446 3066 1517 posthac
3119 1444 3186 1499 de
3218 1443 3408 1499 ordine
3453 1441 3731 1495 librorum

472 1565 563 1611 tur
581 1557 790 1626 sponsi.
822 1533 1013 1611 Ethoc
1040 1564 1123 1611 est
1152 1554 1300 1627 quod
1334 1572 1498 1627 supra
1531 1556 1791 1623 diximus,
1824 1533 2044 1611 carmen
2092 1542 2097 1585 ⁵
2149 1544 2488 1611 Salomonis:
2543 1541 2598 1597 ίη
2638 1540 2840 1611 quibus
2876 1538 2965 1593 hic
2988 1538 3124 1592 "be"
3152 1535 3311 1591 ιθνίίο
3338 1535 3471 1627 νιοεο
3513 1533 3734 1627 Ροεῖιυε

471 1648 716 1718 nuptiale
774 1648 831 1702 in
887 1649 1109 1702 modum
1165 1648 1432 1704 dramalis
1482 1664 1603 1704 esse
1649 1648 2040 1718 conscriptum,
2146 1637 2394 1703 videtur;
2452 1644 2566 1690 tum
2620 1635 2785 1689 etiam
2837 1632 2905 1687 de
2936 1630 3301 1686 attitulatione
3332 1626 3498 1683 libelli
3527 1626 3730 1697 ipsius,

2078 1720 2082 1745 ί
2146 1747 2245 1786 cur
2278 1729 2569 1785 Canticum
2602 1726 2943 1783 canticorum
2978 1723 3384 1794 superscriptus
3412 1720 3518 1786 sit;
3560 1728 3736 1789 atque

2064 1858 2119 1959 in

470 2015 537 2068 ad
567 2014 816 2070 diversos
834 2025 1010 2072 textus
1038 2018 1368 2074 narrationis
1392 2020 1657 2089 expletur.
1677 2018 1809 2086 Qua
1831 2020 2041 2091 singula

470 2120 572 2160 suo
593 2106 785 2161 ordine
813 2110 1083 2178 scriptura
1108 2110 1220 2165 hac
1246 2112 1512 2176 continet,
1536 2120 1817 2181 totumque
1845 2127 2043 2181 corpus
2072 2090 2087 2178 τι

469 2196 592 2263 ejus
634 2198 876 2268 myst‘cis
937 2198 1203 2253 formatur
1234 2201 1486 2271 eloquiis.
1528 2199 1633 2255 Sed
1684 2202 1861 2271 primo
1905 2202 2045 2258 scire
2092 2230 2097 2275 re

476 2300 576 2339 nos
598 2295 828 2354 oportet.
859 2288 1116 2356 quoniam
1154 2290 1295 2344 sicut
1320 2292 1543 2361 puerilis
1571 2302 1701 2348 atas
1724 2308 1832 2347 non
1861 2308 2047 2348 move-

474 2383 565 2430 tnr
594 2375 660 2429 ad
691 2391 934 2431 amorem
968 2381 1279 2448 passibilem
1308 2382 1408 2451 (i),
1438 2382 1512 2436 ita
1554 2399 1655 2438 nec
1686 2385 1753 2439 ad
1782 2386 2045 2456 capienda

472 2463 691 2533 quidem
726 2465 889 2520 verba
936 2467 1072 2535 hac,
1116 2469 1335 2538 parvula
1372 2478 1426 2524 et
1468 2467 1732 2526 infantilis
1768 2471 2046 2528 interioris

474 2555 715 2613 hominis
746 2566 877 2614 atas
900 2558 1239 2627 admittitur,
1280 2560 1496 2615 illorum
1540 2560 1747 2616 scilicet
1775 2561 1869 2631 qui
1904 2561 2047 2616 lacte

475 2644 529 2702 in
563 2646 782 2704 Christo
805 2648 1045 2718 aluntur,
1078 2666 1188 2706 non
1208 2650 1330 2707 cibo
1361 2650 1507 2717 forti,
1539 2661 1594 2707 et
1624 2653 1716 2724 qui
1753 2668 1900 2709 nunc
1936 2654 2046 2724 pri-

476 2742 623 2793 mulo
663 2741 986 2801 rationabile
1032 2752 1088 2798 et
1113 2744 1232 2800 sine
1265 2744 1393 2800 dolo
1413 2745 1497 2801 lac
1523 2747 1938 2816 concupiscunt.
1985 2746 2044 2802 In

472 2831 655 2888 verbis
689 2833 770 2903 (5)
822 2835 967 2889 enim
994 2833 1207 2891 Cantici
1242 2837 1581 2894 canticorum
1631 2839 1721 2894 ille
1752 2840 1908 2896 cibus
1940 2848 2043 2906 est,

472 2921 541 2978 de
571 2939 681 2994 quo
706 2925 1182 2996 dicitApostolus:
1212 2928 1576 2999 Perfectorum
1608 2942 1784 2987 autem
1810 2945 1885 2988 est
1913 2932 2044 2986 soli-

473 3015 781 3083 ditatibus;
804 3028 858 3074 et
892 3020 1024 3076 tales
1054 3021 1283 3092 requirit
1314 3024 1608 3089 auditores,
1636 3026 1727 3095 qui
1754 3041 1850 3094 pro
1872 3026 2047 3095 possi-

2148 1825 2314 1879 etiam
2362 1820 2642 1894 quomodo
2682 1817 2946 1875 dramatis
2996 1815 3050 1871 in
3079 1814 3303 1870 modum
3328 1854 3344 1881 ,
3376 1822 3428 1868 et
3460 1820 3732 1883 tanquam

2148 1915 2329 1971 fabula
2360 1915 2561 1985 quain
2597 1911 2780 1968 scenis
2823 1923 3180 1981 personarum
3220 1905 3603 1961 immutatione
3644 1904 3733 1974 agi

2145 2008 2304 2073 solet,
2340 2006 2591 2061 videatur
2617 2018 2741 2060 esse
2766 2001 3124 2072 compositus.
3157 1999 3312 2070 Apud
3348 1998 3568 2054 Gracos
3602 1998 3736 2068 qui-

2145 2097 2266 2152 dem
2311 2096 2531 2167 plurimi
2567 2095 2909 2150 eruditorum
2941 2092 3183 2148 virorum
3215 2091 3457 2146 volentes
3494 2089 3735 2144 investi-

2146 2205 2272 2260 gare
2312 2189 2556 2244 veritatis
2602 2188 2931 2260 indaginem,
2968 2186 3037 2241 de
3074 2184 3281 2240 amoris
3327 2192 3521 2239 natura
3555 2182 3736 2237 multa

2147 2297 2211 2337 ac
2241 2282 2455 2337 diversa
2495 2282 2602 2352 27
2635 2281 2798 2336 etlam
2826 2279 3166 2349 dialogorum
3196 2277 3338 2350 stylo
3367 2278 3571 2348 scripta
3606 2291 3739 2346 pro-

2148 2376 2409 2440 tulerunt,
2434 2383 2695 2429 conantes
2722 2372 3012 2429 ostendere
3042 2387 3152 2427 non
3187 2370 3335 2425 aliud
3366 2384 3487 2425 esse
3519 2367 3739 2423 amoris

2145 2469 2279 2534 vim,
2329 2467 2431 2522 nisi
2474 2481 2596 2537 qua
2647 2467 2887 2520 animam
2923 2465 2991 2520 de
3021 2464 3181 2519 terris
3232 2462 3300 2517 ad
3350 2460 3568 2532 fastigia
3603 2459 3737 2516 caeli

2147 2559 2290 2615 celsa
2321 2559 2602 2630 perducat,
2631 2573 2731 2613 nec
2755 2557 2823 2613 ad
2859 2572 3130 2614 summam
3147 2570 3307 2621 posse
3332 2553 3737 2618 beatitudinem

2144 2654 2436 2724 perveniri,
2469 2652 2574 2708 nisi
2604 2650 2809 2707 amoris
2847 2649 3121 2706 desiderio
3156 2654 3503 2719 provocante.
3539 2645 3647 2701 Sed
3683 2655 3741 2701 et

2145 2746 2476 2816 quastiones
2499 2750 2565 2801 de
2600 2744 2707 2799 hoc
2733 2742 2893 2814 quasi
2922 2742 2976 2797 in
3008 2739 3274 2797 conviviis
3297 2739 3591 2810 proposita
3641 2754 3739 2794 re-

2146 2837 2397 2894 feruntur
2421 2838 2520 2909 (6),
2538 2837 2678 2892 inter
2697 2851 2792 2892 eos
2821 2842 2952 2906 puto
2979 2834 3120 2889 inter
3140 2848 3282 2905 quos
3308 2848 3415 2888 non
3449 2830 3737 2895 ciborum,

2146 2933 2239 2989 sed
2273 2933 2564 2988 verborum
2588 2929 2900 2986 convivium
2931 2927 3238 3000 gerebatur.
3265 2926 3372 2981 Alii
3401 2940 3529 2981 vero
3558 2926 3735 2981 etiam

2147 3035 2295 3081 artes
2332 3024 2599 3094 quasdam
2627 3021 2828 3093 quibus
2855 3036 3014 3077 amor
3037 3020 3129 3077 hic
3165 3020 3219 3075 in
3248 3019 3429 3074 anima
3469 3017 3617 3089 gigni
3642 3019 3738 3073 vel

474 3109 681 3164 bilitate
698 3112 941 3167 sumendi
968 3114 1283 3170 exercitatos
1304 3116 1527 3171 habeant
1552 3134 1733 3171 sensus
1760 3119 1829 3172 ad
1855 3119 2049 3174 discre-
2150 3117 2337 3189 augeri
2365 3132 2526 3187 posse
2556 3115 2826 3183 videatur,
2861 3113 3202 3184 conscriptas
3228 3110 3588 3181 reliquerunt.
3618 3107 3738 3167 Sed

474 3204 668 3260 tionem
696 3207 817 3261 boni
834 3215 885 3262 et
917 3207 1046 3262 mali
1077 3210 1115 3263 ί.
1152 3208 1216 3265 Et
1245 3210 1463 3281 quidem
1494 3212 1705 3283 parvuli
1733 3227 1872 3283 quos
1903 3212 2048 3269 dixi—
2071 3241 2114 3302 ε
2149 3209 2249 3264 has
2279 3217 2431 3263 artes
2468 3207 2719 3263 carnales
2750 3206 2997 3261 homines
3026 3205 3092 3260 ad
3124 3203 3319 3259 vitiosa
3366 3201 3640 3258 desideria
3675 3210 3741 3256 et

478 3311 641 3365 mus,
672 3298 719 3355 si
769 3299 988 3354 veniant
1015 3299 1082 3354 ad
1126 3299 1243 3357 hac
1270 3302 1407 3369 loca,
1447 3311 1626 3374 potest
1665 3304 1782 3360 fieri
1821 3314 1882 3361 ut
1911 3305 2045 3361 nihil

474 3387 694 3455 quidem
716 3402 784 3442 ex
807 3387 910 3443 hac
931 3385 1214 3458 Scriptura
1246 3392 1550 3461 proﬁciant,
1575 3408 1676 3449 nec
1693 3402 1873 3450 tamen
1893 3395 2049 3452 valde

473 3475 764 3545 laedantur,
817 3481 899 3536 vel
932 3482 1050 3552 ipsa
1078 3498 1200 3553 qua
1233 3483 1433 3553 scripta
1484 3496 1611 3541 sunt
1659 3487 1921 3558 legentes,
1962 3490 2047 3546 vel

476 3584 601 3640 qua
622 3570 691 3626 ad
711 3573 1145 3642 explanationem
1172 3591 1362 3631 eorum
1403 3577 1630 3633 dicenda
1675 3593 1805 3635 sunt
1853 3598 2048 3639 recen-

476 3670 682 3718 sentes.
737 3661 795 3717 Si
845 3679 974 3720 vere
1009 3665 1206 3736 aliquis
1259 3669 1573 3735 accesserit,
1608 3672 1701 3741 qui
1747 3675 2048 3730 secundum

475 3768 698 3810 carnem
747 3759 1122 3814 tantummodo
1164 3759 1248 3813 vir
1275 3769 1375 3826 est,
1413 3762 1541 3817 huic
1584 3764 1680 3818 tali
1720 3746 1827 3820 non
1857 3782 2049 3837 parum

476 3859 541 3900 ex
590 3845 689 3902 hac
709 3845 987 3918 Scriptura
1029 3849 1363 3905 discriminis
1401 3852 1737 3924 periculique
1772 3866 2046 3914 nascetur.

478 3936 683 3993 Audire
710 3938 854 3993 enim
882 3955 1015 4009 pure
1038 3950 1093 3995 et
1118 3942 1286 3997 castis
1316 3943 1541 3999 auribus
1588 3946 1791 4001 amoris
1828 3949 2050 4004 nomina

479 4030 751 4099 nesciens,
780 4032 850 4087 ab
874 4033 1121 4089 interiori
1152 4036 1370 4092 homine
1392 4036 1460 4092 ad
1489 4039 1813 4096 exteriorem
1844 4050 1899 4097 et
1924 4057 2048 4097 car-

476 4121 656 4176 nalem
684 4124 861 4178 virum
887 4140 1105 4182 omnem
1131 4127 1377 4185 deflectet
1407 4128 1653 4205 auditum
1678 4172 1692 4197 ,
1715 4142 1769 4188 et
1797 4149 1827 4189 a
1852 4134 2048 4205 spiritu

477 4223 826 4271 convertetur
845 4216 911 4272 ad
934 4233 1154 4274 carnem
1179 4220 1489 4290 nutrietqne
1517 4222 1572 4277 in
1597 4225 1888 4295 semetipso
1916 4242 2051 4282 eon-

476 4307 843 4374 cupiscentias
866 4311 1133 4377 carnales,
1150 4319 1202 4365 et
1227 4314 1518 4369 occasione
1539 4315 1736 4372 divina
1754 4317 2050 4389 Scriptura

477 4400 811 4453 commoveri
857 4407 912 4454 et
958 4401 1171 4455 incitari
1210 4403 1480 4458 videbitur
1507 4406 1575 4460 ad
1610 4407 1890 4463 libidinem
1925 4425 2048 4465 car-

479 4486 586 4542 nis.
609 4485 811 4543 Obhoc
835 4504 964 4560 ergo
989 4506 1203 4553 moneo.
1236 4502 1288 4547 et
1328 4494 1618 4550 consilium
1660 4497 1732 4552 do
1773 4499 1923 4553 omni
1954 4500 2047 4571 qui

2149 3300 2436 3371 culpabilis
2471 3299 2672 3355 amoris
2706 3298 2963 3371 mysteria
3000 3297 3077 3368 (7)
3102 3304 3405 3353 traxerunt.
3435 3291 3555 3348 Non
3599 3308 3743 3364 ergo

2148 3392 2349 3446 mirum
2380 3390 2470 3457 sit,
2511 3389 2554 3445 si
2581 3398 2634 3445 et
2670 3387 2813 3459 apud
2853 3404 2952 3444 nos
2986 3387 3077 3442 ubi
3120 3395 3325 3457 quanto
3364 3385 3547 3456 plures
3592 3383 3741 3440 sim-

2150 3486 2423 3557 pliciores,
2451 3492 2600 3538 tanto
2630 3481 2812 3553 plures
2845 3489 2900 3537 et
2934 3480 3297 3551 imperitiores
3322 3478 3598 3543 videntur,
3623 3478 3746 3533 dif-

2148 3579 2342 3634 ficilem
2372 3577 2609 3632 diximus
2665 3585 2721 3630 et
2770 3574 3012 3645 periculo
3052 3574 3357 3643 proximam
3405 3572 3470 3628 de
3518 3572 3742 3628 amoris

2149 3681 2346 3726 natura
2381 3669 2842 3740 disputationem:
2875 3683 2997 3724 cum
3025 3668 3167 3739 apud
3191 3667 3416 3724 Gracos
3457 3665 3550 3736 qui
3592 3680 3741 3720 eru-

2151 3764 2246 3819 diti
2279 3772 2333 3818 et
2355 3762 2630 3832 sapientes
2656 3759 2943 3825 videntur,
2976 3758 3180 3813 fuerint
3220 3768 3400 3813 tamen
3423 3755 3592 3827 aliqui
3631 3756 3741 3826 qui

2149 3857 2216 3911 de
2242 3856 2326 3910 his
2364 3870 2473 3911 non
2499 3855 2573 3909 ita
2607 3852 2937 3923 acceperint,
2971 3851 3315 3921 utscriptum
3354 3858 3465 3913 est,
3507 3848 3600 3903 sed
3630 3864 3738 3905 oc-

2150 3946 2370 4003 casione
2397 3960 2586 4001 eorum
2621 3961 2743 4014 qua
2764 3945 2830 3999 de
2856 3958 3044 3999 amore
3079 3943 3223 3998 dicta
3262 3951 3409 4006 sunt,
3442 3941 3495 3994 in
3534 3942 3740 4009 lapsus

2149 4037 2329 4092 carnis
2357 4044 2408 4090 et
2433 4035 2490 4090 in
2517 4034 2871 4105 impudicitia
2903 4029 3200 4103 pracipitia
3231 4036 3581 4092 corruerunt,
3607 4028 3740 4083 sive

2149 4143 2215 4183 ex
2248 4128 2335 4183 his
2373 4142 2493 4197 qua
2523 4126 2722 4198 scripta
2750 4133 2927 4192 erant,
2962 4131 3021 4177 ut
3061 4137 3226 4192 supra
3276 4121 3737 4189 memoravimus,

2148 4220 2551 4290 admonitiones
2602 4218 2867 4289 quasdam
2911 4223 2966 4271 et
3014 4213 3359 4269 incitamenta
3415 4220 3733 4275 sumentes,

2148 4312 2263 4368 sive
2291 4310 2702 4368 incontinentia
2727 4324 2840 4366 sua
2861 4308 3104 4363 velamen
3136 4306 3338 4375 scripta
3375 4304 3449 4376 (8)
3479 4313 3735 4360 veterum

2149 4402 2524 4474 praferentes.
2566 4400 2646 4457 Ne
2688 4416 2820 4473 ergo
2858 4409 2911 4455 et
2954 4413 3057 4454 nos
3106 4398 3213 4455 tale
3245 4396 3449 4467 aliquid
3484 4396 3741 4451 incurro.

2150 4510 2298 4560 mus,
2332 4509 2396 4549 ea
2424 4510 2547 4564 qua
2576 4509 2608 4548 a
2633 4492 2908 4548 veteribus
2939 4492 3076 4547 bene
3104 4502 3157 4546 et
3185 4491 3499 4561 spiritaliter
3519 4491 3734 4562 scripta

479 4577 722 4632 nondum
747 4579 928 4634 carnis
951 4588 1005 4633 et
1039 4580 1319 4650 sanguinis
1351 4581 1615 4637 molestiis
1644 4593 1812 4648 caret,
1872 4601 2049 4654 neque
2080 4583 2123 4638 D
2155 4594 2302 4651 sunt,
2327 4585 2521 4642 vitiose
2550 4595 2603 4641 et
2659 4585 2948 4641 carnaliter
3008 4583 3386 4650 advertentes,
3449 4592 3557 4637 tam
3599 4598 3733 4638 cor-

476 4667 549 4721 ab
576 4667 775 4723 aﬂ'ectu
801 4678 1005 4724 natura
1029 4669 1322 4725 materialis
1359 4671 1635 4737 abscedit,
1661 4682 1724 4727 ut
1755 4690 1785 4728 a
1816 4673 2049 4731 lectione

476 4758 644 4814 libelli
679 4758 844 4830 hujus
878 4776 1176 4830 eorumque
1204 4778 1326 4833 qua
1357 4762 1411 4817 in
1442 4778 1508 4819 eo
1532 4763 1803 4829 dicentur,
1834 4767 2048 4836 penitus

477 4855 760 4918 temperet.
783 4849 945 4905 Aiunt
967 4852 1111 4907 enim
1130 4852 1405 4907 observari
1431 4853 1590 4925 etiam
1606 4855 1746 4924 apud
1771 4853 2046 4923 Hebraos,

477 4941 627 5012 quod
654 4940 760 4998 nisi
800 4943 925 5014 quis
966 4943 1033 4999 ad
1064 4953 1279 5000 atatem
1324 4945 1616 5015 perfectam
1669 4946 2050 5021 maturamque

477 5036 805 5104 pervenerit,
854 5037 1094 5093 libellum
1130 5039 1274 5095 hunc
1305 5054 1374 5095 ne
1426 5040 1645 5109 quidem
1701 5043 1756 5097 in
1797 5043 2049 5100 manibus

474 5133 662 5182 tenere
688 5130 1052 5198 permittatur.
1086 5131 1189 5187 Sed
1222 5142 1277 5187 et
1324 5131 1454 5186 illud
1505 5131 1572 5186 ab
1616 5133 1696 5189 eis
1742 5136 2051 5207 accepimus

478 5219 763 5287 custodiri,
785 5224 1224 5295 quandoquidem
1256 5224 1428 5281 moris
1455 5236 1539 5282 est
1565 5228 1710 5299 apud
1728 5243 1824 5285 eos
1860 5244 2051 5286 omnes

554 5328 572 5360 '
608 5326 743 5387 Heh.
774 5347 824 5398 ν,
858 5333 944 5388 it.

540 5441 631 5583 ξε)
661 5442 817 5526 Mss"
841 5448 1168 5504 attitulatur.
1208 5450 1364 5508 Libb.
1390 5452 1542 5519 editi,
1565 5454 1892 5511 inlitulatur.

575 5513 630 5581 5)
666 5513 722 5568 In
748 5515 877 5572 lihb.
906 5519 1093 5583 editis,
1128 5522 1328 5576 dicitur
1375 5523 1667 5579 multarum
1707 5543 1892 5583 person

575 5513 722 5596 ξλιη
748 5515 877 5572 lihb.
906 5519 1093 5596 editis,
1128 5522 1328 5596 dicitur
1375 5513 1667 5596 multarum
1706 5543 2053 5596 personarum

481 5584 773 5666 cantiiena,
829 5597 886 5641 ut
931 5584 1206 5666 in_scenis,
1241 5604 1344 5648 etc.
1382 5591 1486 5648 Sed
1526 5595 1580 5650 in
1618 5584 1754 5652 mss.
1798 5599 2054 5653 omnibus

486 5657 688 5710 nostris
717 5656 870 5715 deest
892 5659 1176 5717 multarum
1202 5680 1545 5721 personarum
1567 5667 1853 5721 cantilena.

670 5723 826 5804 ξιεξη
852 5729 1172 5804 passibilent.
1199 5723 1353 5789 Libb.
1380 5735 1532 5804 editi,
1560 5738 1910 5804 possibilium.

486 5793 862 5924 urgueam
886 5798 1176 5861 Beccensis
1206 5814 1261 5861 et
1282 5805 1421 5863 alter
1447 5793 1811 5874 Belvacensis,
1844 5808 1897 5863 in
1932 5824 2055 5879 pro-

2150 4679 2302 4751 poris
2330 4695 2493 4748 quam
2527 4679 2722 4733 anima
2753 4687 2954 4732 nostra
2986 4677 3196 4747 palmas
3246 4676 3634 4747 protendamus
3659 4675 3730 4731 ad

2155 4770 2346 4838 Deum,
2379 4782 2438 4827 ut
2474 4771 2739 4828 Dominus
2764 4770 2858 4839 qui
2896 4769 3045 4825 dedit
3085 4769 3311 4825 verbum
3347 4768 3733 4839 evangelizan-

2152 4864 2298 4919 tibus
2331 4864 2532 4918 virtute
2561 4862 2751 4927 multa,
2800 4861 2965 4917 donet
2994 4873 3047 4917 et
3077 4862 3235 4917 nobis
3283 4862 3339 4916 in
3390 4860 3592 4915 virtute
3623 4875 3734 4918 sua

2152 4956 2383 5011 verbum
2408 4969 2519 5025 quo
2563 4955 2838 5027 possimus
2864 4968 2928 5008 ex
2958 4953 3044 5009 bis
3066 4970 3188 5024 qua
3226 4954 3426 5024 scripta
3455 4963 3605 5019 sunt,
3650 4955 3739 5011 in-

2152 5049 2425 5104 tellectum
2464 5062 2700 5110 sanum,
2758 5055 2814 5102 et
2865 5045 2932 5101 ad
2981 5046 3393 5123 aediﬁcationem
3451 5047 3737 5117 pudicitia

2152 5150 2360 5211 aptum,
2391 5140 2476 5197 vel
2497 5140 2705 5196 nomini
2752 5140 2877 5212 ipsi,
2902 5141 2985 5197 vel
3028 5153 3236 5196 natura
3278 5140 3484 5197 amoris
3533 5152 3735 5199 osten-

2151 5230 2297 5286 dere.

2129 5459 2137 5468 '
2227 5458 2304 5528 (6)
2343 5457 2525 5514 Codex
2553 5456 2891 5515 Turonensis
2915 5468 2969 5514 et
2994 5456 3317 5514 Beecensis:
3366 5455 3469 5512 Sed
3502 5466 3552 5512 et
3578 5475 3740 5529 qam-

2155 5531 2376 5601 stionem
2411 5532 2476 5584 de
2532 5530 2628 5584 hoc
2662 5531 2815 5601 quasi
2848 5531 2905 5584 in
2943 5530 3192 5584 conviviis
3240 5529 3561 5600 propositam
3614 5547 3742 5588 esse

2156 5600 2530 5793 :::(:fi’;t.(lodex
2553 5668 2859 5737 Beccensis,
2892 5670 3162 5739 mysteria.
3196 5667 3352 5724 Libb.
3382 5669 3540 5740 edit.,
3563 5671 3741 5726 mini-

2265 5757 2337 5793 ra.

2155 5755 2337 5794 sterra.

2229 5809 2309 5883 (8)
2350 5807 2503 5879 Mss.,
2534 5810 2751 5882 scriptu.
2784 5809 2941 5867 Libb.
2976 5810 3133 5878 edit.,
3166 5818 3396 5883 scriptis.
