3872 6496
166 305 226 364 65
1558 304 1948 365 paewcus.
2707 360 2718 371 ,
3307 318 3377 373 ηδ

222 432 270 488 Ιιι
292 423 545 498 priuetpio
567 424 860 482 verborum
894 423 1088 498 Moysi,
1120 425 1211 481 ubi
1240 425 1309 482 de
1334 425 1524 482 mundi
1558 442 1694 484 con-
1724 433 1773 491 Α
1802 427 1937 485 Cum
1962 445 2126 485 essent
2156 430 2430 501 parvulus,
2456 430 2707 502 loquebar
2738 433 2880 488 sicut
2918 434 3189 503 parvulus,
3239 440 3378 493 simt

160 519 333 577 ditione
348 516 731 581 conscribitur,
755 517 895 573 duos
919 517 1230 574 invenimus
1259 518 1510 575 homines
1544 535 1697 575 crea-

157 622 229 668 tos
252 610 444 666 referri.
471 608 718 665 Primum
760 610 828 665 ad
856 611 1152 682 imaginem
1200 621 1255 667 et
1285 612 1695 669 similitudinem

153 704 233 760 Dei
266 703 483 770 factum,
528 704 833 758 secundum
855 718 886 758 e
922 703 1054 759 limo
1082 712 1240 760 terrae
1272 703 1472 760 factum
1510 708 1553 761 '.
1581 705 1697 763 lioc

149 796 327 852 Paulus
354 796 632 866 apostolus
657 796 795 852 bene
819 796 1018 859 sciens,
1051 806 1104 851 et
1128 796 1194 851 ad
1223 798 1486 868 liquidum
1521 800 1573 853 in
1611 801 1696 858 bis

145 892 385 954 eruditus,
413 889 465 943 in
498 888 616 943 suis
642 889 840 944 litteris
865 890 1106 959 apertius
1131 898 1185 945 et
1202 890 1508 946 evidentius
1535 892 1694 948 binos

143 998 254 1039 esse
270 990 319 1038 et
346 998 438 1052 per
461 980 708 1050 singulos
745 995 993 1050 quosque
1025 980 1278 1037 homines
1326 982 1565 1052 scripsit.
1602 981 1693 1037 Sic

140 1075 272 1131 enim
296 1074 425 1128 dixit
450 1090 463 1124 :
507 1070 650 1126 Nam
675 1073 723 1126 si
751 1071 794 1125 is
813 1073 904 1144 qui
937 1072 1069 1142 foris
1090 1081 1167 1127 est
1193 1072 1347 1127 homo
1375 1084 1549 1127 noster
1575 1091 1692 1127 cor-

139 1164 401 1233 rumpitur,
433 1162 523 1217 sed
552 1162 645 1216 ille
668 1166 759 1235 qui
779 1163 925 1217 intus
969 1172 1068 1226 est,
1109 1170 1391 1217 renovatur
1421 1163 1485 1216 de
1520 1163 1605 1216 die
1634 1163 1690 1217 in

135 1257 263 1309 diem
290 1254 327 1309 ³.
357 1254 421 1308 Et
451 1254 649 1310 iterum
675 1273 688 1308 :
717 1254 1062 1309 Condelector
1081 1256 1222 1308 enim
1245 1254 1349 1325 legi
1384 1253 1478 1308 Dei
1504 1271 1691 1309 secun-

133 1349 250 1401 dum
269 1346 561 1401 interiorem
598 1346 860 1399 hominem
889 1345 934 1412 δ,
981 1353 1036 1401 et
1091 1345 1175 1401 bis
1230 1346 1430 1401 similia
1483 1355 1687 1416 quanta

131 1439 445 1495 conscribit?
475 1437 628 1494 Unde
653 1449 784 1509 puto
812 1438 1085 1494 neminem
1130 1438 1243 1509 jam
1286 1438 1487 1494 debere
1526 1439 1687 1495 dubi-

130 1542 252 1596 tare,
278 1532 419 1603 quod
445 1529 658 1603 Moyses
688 1531 757 1586 de
787 1530 1020 1585 duorum
1046 1530 1334 1584 hominum
1361 1528 1572 1586 factura
1601 1532 1684 1586 vel

131 1624 364 1695 ﬁgmento
383 1623 668 1693 scripserit
694 1624 749 1677 in
769 1623 1036 1693 principio
1065 1623 1318 1689 Genesis,
1348 1639 1473 1679 cum
1504 1624 1684 1680 videat

126 1715 335 1771 Paulum
368 1717 461 1786 qui
489 1715 686 1772 melius
714 1716 901 1786 utique
921 1732 1088 1787 quam
1113 1732 1213 1772 nos
1252 1718 1586 1787 intelligebat
1616 1733 1678 1773 ea

1798 522 2051 593 parvulus
2073 524 2373 594 sapiebam,
2419 527 2556 580 sicut
2595 526 2846 595 parvulus
2881 529 3197 600 cogitabam.
3240 530 3374 590 Cum

1798 623 1975 668 autem
1997 614 2170 684 factus
2196 632 2314 673 sum
2356 616 2456 683 vir,
2483 616 2725 670 destruxi
2764 633 2881 689 qua:
2907 629 3060 673 erant
3092 622 3300 688 parvuli
3329 624 3371 679 '.

1795 701 1863 757 Et
1895 703 2090 759 iterum
2138 706 2265 761 alibi
2299 708 2463 762 dicit:
2516 708 2693 764 Donec
2726 727 3064 765 occurramus
3096 728 3272 768 omnes
3319 717 3376 770 in

1793 794 1965 849 virum
2014 797 2320 866 perfectum,
2368 800 2423 853 in
2452 816 2750 856 mensuram
2807 804 2983 858 wtatis
3027 803 3373 874 plenitudinis

1793 886 1994 943 Christi
2022 889 2065 943 ⁸.
2098 888 2213 946 Scit
2237 892 2385 946 enim
2418 908 2745 950 occursuros
2766 911 2888 952 esse
2904 912 3098 953 omnes
3131 899 3225 969 qui
3251 914 3372 955 cre-

1790 977 1947 1045 dunt,
1985 981 2039 1035 in
2072 982 2245 1037 virum
2283 983 2606 1053 perfectum,
2653 995 2707 1040 et
2738 988 2792 1043 in
2826 1004 3142 1044 mensuram
3195 994 3371 1048 aetatis

1790 1071 2141 1141 plenitudinis
2178 1073 2408 1131 Christi.
2447 1074 2618 1147 igitur
2656 1079 2797 1134 sicut
2843 1080 2957 1136 haec
3000 1097 3123 1151 quae
3156 1098 3368 1138 memo-

1788 1165 2031 1221 ravimus
2054 1176 2274 1224 aetatum
2308 1169 2552 1234 nomina,
2583 1172 2788 1226 eisdem
2814 1173 3096 1229 vocabulis
3132 1184 3187 1231 et
3216 1188 3370 1230 exte-

1786 1255 1920 1311 riori
1968 1257 2174 1312 homini
2202 1260 2551 1316 ascribuntur
2577 1270 2629 1317 et
2672 1263 2913 1319 interiori
2950 1283 2965 1321 :
3021 1267 3094 1321 ita
3124 1268 3369 1323 invenies

1785 1347 1947 1401 etiam
1987 1349 2354 1405 membrorum
2400 1353 2623 1407 nomina
2667 1356 3036 1424 corporalium
3076 1357 3364 1412 transferri

1784 1439 1850 1493 ad
1877 1440 2073 1494 animae
2093 1442 2354 1507 membra,
2386 1458 2482 1499 seu
2508 1446 2686 1514 potius
2709 1447 3010 1504 eﬂicientim
3032 1450 3145 1504 haec
3170 1450 3367 1507 animae

1782 1532 2116 1603 aliectusque
2152 1535 2366 1590 dicendi
2397 1546 2543 1593 sunt.
2601 1539 2809 1594 Dicitur
2844 1556 2973 1611 ergo
3005 1543 3060 1596 in
3098 1540 3368 1597 Ecclesia-

1783 1636 1896 1680 ste:
1927 1624 2194 1695 Sapientis
2226 1627 2366 1682 oculi
2395 1629 2448 1682 in
2474 1631 2645 1700 capite
2679 1628 2799 1696 eius
2844 1633 2886 1686 ’.
2930 1632 3060 1688 Item
3093 1634 3149 1689 in
3184 1633 3365 1700 Evan-

1783 1715 1954 1787 gelio:
1985 1716 2090 1782 Qui
2123 1718 2276 1772 habet
2308 1735 2463 1773 aures
2495 1720 2786 1787 audiendi,
2828 1724 3014 1777 audiat
3045 1725 3108 1777 ".
3151 1722 3206 1779 In
3238 1741 3367 1797 pro-

125 1806 490 1879 qutealloyse
524 1808 730 1878 scripta
757 1816 904 1874 sunt,
940 1808 1081 1864 duos
1125 1808 1373 1863 homines
1413 1823 1534 1863 esse
1584 1823 1681 1877 per
1715 1789 1752 1843 Β
1782 1808 1960 1878 phetis
2009 1825 2261 1879 quoque:
2320 1810 2502 1866 Sermo
2537 1811 2751 1867 Domini
2801 1816 2892 1885 qui
2946 1816 3122 1887 factus
3172 1789 3255 1873 εεὶ
3308 1821 3364 1873 in

122 1901 347 1970 singulos
379 1916 633 1971 quosque
662 1900 954 1955 dicentem.
986 1899 1235 1967 Quorum
1273 1916 1463 1962 unum,
1517 1899 1570 1954 id
1598 1910 1681 1955 est

122 1993 419 2049 interiorem
446 2034 463 2058 ,
500 1993 750 2047 renovari
787 2007 882 2064 per
921 1992 1168 2063 singulos
1208 1991 1326 2048 dies
1379 2001 1675 2059 memorat;

120 2086 329 2139 alterum
355 2100 509 2148 vero,
539 2084 593 2140 id
614 2094 700 2141 est
725 2085 1074 2151 exteriorem,
1110 2086 1165 2141 in
1189 2085 1514 2156 quihusdam
1552 2101 1681 2140 san-

118 2180 207 2233 etis
229 2187 279 2233 et
303 2178 503 2234 talibus
528 2178 708 2249 qualis
728 2189 846 2236 erat
882 2178 1104 2246 Paulus,
1128 2179 1402 2249 corrumpi
1434 2178 1678 2250 perhibet

114 2281 163 2326 et
198 2271 477 2326 inﬁrmari.
512 2271 671 2339 Quod
704 2273 749 2328 si
773 2273 935 2329 alicui
960 2273 1233 2330 videbitur
1257 2271 1324 2328 de
1354 2273 1456 2328 hoc
1498 2272 1678 2328 adhuc

115 2363 302 2433 aiiquid
331 2363 719 2432 dubitandum,
750 2364 805 2420 in
845 2366 977 2422 locis
1011 2365 1247 2437 propriis
1270 2365 1466 2421 melius
1492 2365 1677 2435 expla-

114 2457 337 2514 nabitur.
361 2455 523 2513 Nunc
551 2466 732 2513 autem
765 2467 985 2529 promer
1015 2459 1146 2530 quid
1190 2459 1511 2514 memoriam
1535 2457 1677 2514 lece-

115 2548 271 2606 rimus
295 2550 577 2607 iuterioris
602 2560 656 2606 et
675 2551 967 2607 exterioris
994 2552 1234 2607 hominis
1255 2566 1672 2622 prosequamur.

110 2638 397 2698 Ostendere
436 2641 583 2697 enim
628 2656 695 2696 ex
738 2641 823 2697 his
856 2642 1149 2707 volumus,
1189 2642 1333 2712 quod
1376 2640 1675 2714 Scripturis

108 2730 417 2803 diriuisper
450 2731 855 2803 homonymias,
897 2732 949 2787 id
984 2740 1069 2787 est
1097 2747 1195 2802 per
1234 2730 1442 2787 similes
1486 2733 1673 2803 appel-

107 2821 368 2888 lationes,
413 2823 527 2878 imo
571 2838 670 2894 per
719 2821 908 2879 eadem
958 2824 1222 2879 vocabula
1270 2830 1324 2878 et
1385 2825 1673 2881 exterioris

107 2913 334 2971 hominis
358 2915 628 2981 membra,
656 2924 710 2972 et
732 2916 877 2971 illius
913 2914 1192 2970 interioris
1215 2915 1454 2972 hominis
1487 2925 1671 2988 partes

104 3002 429 3074 alectusque
456 3005 833 3073 nominantur,
857 3019 1030 3075 eaque
1069 3020 1180 3059 non
1223 3005 1398 3061 solum
1435 3007 1672 3061 vorabu-

105 3096 181 3160 lis,
217 3098 311 3153 sed
345 3106 403 3154 et
452 3098 613 3153 rebus
664 3097 797 3169 ipsis
842 3098 947 3153 sibi
994 3097 1224 3153 invicem
1258 3108 1666 3168 comparantur.
1698 3130 1739 3189 ο

104 3186 254 3246 Verbi
277 3189 475 3261 gratia,
511 3198 671 3245 relate
699 3188 898 3261 aliquis
925 3196 1010 3244 est
1031 3202 1168 3257 puer
1193 3189 1496 3244 secundum
1519 3199 1672 3246 exte-

103 3286 293 3341 riorem
326 3285 409 3356 (9)
447 3284 723 3340 hominem
746 3323 760 3349 ,
790 3297 951 3353 quem
981 3283 1241 3353 possibile
1284 3292 1368 3340 est
1402 3298 1667 3354 crescere,

102 3388 149 3435 et
173 3380 240 3434 ad
269 3377 719 3449 aetatemjnvenis
740 3375 956 3443 adduci,
985 3385 1148 3446 atque
1176 3376 1300 3431 inde
1329 3376 1670 3432 succedenti-

102 3472 193 3528 bus
218 3470 574 3527 incrementis
600 3469 887 3540 pervenire
936 3468 1003 3523 ad
1036 3469 1215 3523 virum
1262 3467 1583 3538 perfectum,
1616 3477 1670 3524 et

98 3564 224 3622 silici
255 3574 490 3636 patrem.
518 3564 612 3619 llis
639 3570 820 3618 autem
842 3559 1158 3617 nominibus
1182 3560 1262 3615 uti
1289 3560 1581 3627 voluimus,
1611 3570 1669 3618 ut

96 3672 332 3715 consona
385 3656 587 3714 divina:
645 3654 971 3726 Scripturae,
1030 3655 1108 3710 illi
1166 3654 1374 3710 scilicet
1426 3669 1548 3724 qua:
1599 3655 1669 3710 ab

98 3749 299 3809 Joanne
331 3751 536 3822 scripta
559 3758 665 3817 est,
698 3750 961 3805 vocabula
1000 3764 1349 3820 poneremus.
1387 3748 1477 3804 Ait
1520 3751 1668 3806 enim

98 3844 179 3902 ille
209 3864 225 3901 :
261 3843 473 3916 Scripsi
508 3845 675 3908 vobis,
730 3845 901 3913 pueri,
960 3844 1208 3915 quoniam
1233 3843 1545 3914 cognovistis
1573 3860 1670 3913 pa-

100 3947 253 4002 trem;
278 3936 473 4007 scripsi
496 3935 664 4000 vobis,
697 3944 895 4005 patres,
921 3936 1169 4005 quoniam
1192 3934 1506 4005 cognovistis
1548 3949 1667 3988 eum

97 4031 175 4099 qui
210 4029 277 4085 ab
313 4028 473 4084 initio
500 4037 616 4092 est;
666 4028 857 4096 scripsi
894 4027 1058 4093 vobis,
1101 4025 1320 4095 juvenes
1346 4065 1363 4093 ,
1415 4027 1667 4096 quoniam

98 4121 246 4189 fortes
276 4120 432 4186 estis,
465 4129 513 4174 et
542 4117 751 4173 verbum
784 4118 878 4172 Dei
905 4128 1074 4171 induet
1112 4117 1165 4170 in
1196 4116 1361 4182 vobis,
1386 4125 1435 4170 et
1467 4115 1668 4171 vicistis

97 4209 380 4279 malignum
404 4208 429 4241 ³
463 4206 598 4279 (l0).
625 4205 861 4264 Evidens
889 4207 1078 4278 utique
1100 4215 1184 4262 est
1210 4221 1310 4262 nec
1330 4205 1400 4261 ab
1429 4205 1542 4261 ullo
1577 4221 1667 4262 ar-

97 4300 255 4357 bitror
270 4301 507 4356 omnino
522 4298 784 4364 dubitari,
813 4299 956 4370 quod
985 4313 1184 4370 pueros
1213 4298 1302 4354 hic
1319 4296 1558 4354 Joannes
1585 4297 1670 4354 vel

97 4394 468 4449 adolescentes
485 4434 500 4458 ,
517 4391 602 4445 vel
616 4390 868 4460 juvenes,
885 4390 968 4446 vel
983 4391 1145 4446 etiam
1175 4398 1354 4459 patres
1369 4391 1667 4447 secundum

1783 1917 1941 1954 manu
1967 1903 2233 1971 prophetis
2259 1901 2507 1959 Ieremia:
2540 1906 2603 1971 “,
2646 1906 2759 1960 sive
2795 1907 3021 1963 alterius
3049 1910 3357 1979 cujuslibet.

1782 1989 1972 2047 Simile
2002 2001 2086 2047 est
2108 1993 2272 2047 etiam
2303 1994 2431 2049 illud
2459 1995 2603 2065 quod
2639 1996 2715 2050 ait
2746 1997 2870 2051 ille:
2903 1997 3000 2052 Pes
3030 2010 3204 2054 autem
3238 2011 3359 2055 tuus

1779 2098 1881 2137 non
1906 2084 2127 2152 o/fendit
2159 2084 2230 2140 ”.
2267 2082 2331 2140 Et
2353 2086 2552 2140 iterum
2579 2103 2593 2139 :
2632 2087 2739 2142 Mei
2766 2099 2941 2143 autem
2971 2090 3132 2159 paulo
3184 2093 3360 2145 minus

1780 2177 1910 2229 moti
1938 2186 2059 2230 sunt
2098 2178 2252 2246 pedes
2284 2178 2347 2230 ¹³.
2386 2178 2499 2249 28
2534 2178 2825 2235 Evidenter
2850 2197 3069 2252 quoque
3089 2192 3142 2237 et
3171 2193 3362 2239 venter

1778 2268 1977 2323 animae
2001 2268 2338 2339 designatur,
2374 2270 2466 2326 ubi
2508 2270 2740 2326 dicitur:
2796 2271 3054 2338 Domine,
3096 2291 3129 2328 a
3173 2275 3362 2331 timore

1780 2370 1874 2414 tuo
1906 2361 1961 2415 in
1995 2368 2143 2414 utero
2175 2361 2507 2430 concepimus
2537 2362 2601 2417 “.
2633 2361 2767 2417 Nam
2812 2363 2937 2420 inde
2965 2367 3087 2435 quis
3129 2367 3357 2436 dubitet,

1778 2466 1903 2506 cum
1928 2450 2158 2505 dicitur:
2191 2447 2500 2519 Sepulcrum
2529 2462 2713 2517 patens
2740 2462 2816 2507 est
2854 2463 3040 2525 guttur
3064 2471 3244 2510 eorum
3276 2458 3361 2513 "2

1778 2542 1844 2599 Et
1871 2544 2066 2602 iterum
2092 2559 2106 2596 :
2143 2542 2457 2614 Prtrcipita,
2492 2543 2735 2611 Domine,
2756 2555 2804 2601 et
2829 2547 3004 2603 divide
3023 2547 3234 2620 linguas
3262 2567 3354 2605 eo-

1777 2652 1896 2690 rum
1922 2636 1985 2690 ".
2024 2634 2129 2691 Sed
2159 2645 2213 2692 et
2243 2637 2294 2692 id
2326 2636 2471 2707 quod
2503 2637 2764 2709 scriptum
2803 2649 2914 2696 est:
2954 2640 3145 2697 Dentes
3169 2658 3355 2711 pecca-

1777 2734 1950 2780 torum
2000 2728 2298 2782 contrivisti
2328 2729 2389 2782 ".
2438 2727 2505 2783 Et
2549 2725 2779 2786 iterum:
2812 2731 3032 2789 Contere
3081 2736 3354 2790 brachium

1774 2820 2064 2889 peccatoris
2093 2828 2143 2872 et
2166 2819 2387 2890 maligni
2413 2821 2500 2874 "‘.
2527 2817 2589 2874 Et
2628 2820 2757 2891 quid
2797 2837 2935 2893 opus
2956 2833 3038 2880 est
3070 2841 3155 2880 me
3176 2826 3243 2881 de
3269 2827 3353 2884 his

1775 2910 1931 2979 plura
1980 2911 2257 2982 colligere.
2312 2928 2436 2967 cum
2490 2912 2977 2970 abundantissimis
3008 2919 3351 2975 -testimouiis

1775 2998 2072 3071 Scripturte
2094 3004 2292 3059 divina:
2317 3004 2530 3075 repleta:
2552 3006 2720 3060 sunt?
2757 3004 2835 3061 Ex
2858 3008 3058 3077 quibus
3073 3008 3351 3066 evidenter

1776 3092 2080 3147 ostenditur
2132 3095 2502 3150 membrorum
2560 3096 2675 3151 inec
2727 3097 2947 3150 nomina
3002 3113 3345 3169 nequaquam

1774 3183 2202 3253 corporivisibili
2230 3184 2400 3254 aptari
2426 3201 2603 3256 posse,
2626 3187 2719 3242 sed
2740 3187 2805 3242 ad
2843 3186 3129 3242 invisibilis
3151 3188 3348 3244 anima:

1774 3283 1981 3345 partem
2016 3277 2354 3347 virtutesque
2397 3279 2595 3334 debere
2653 3280 2896 3335 revocari
2933 3296 2948 3332 :
2991 3281 3247 3350 quoniam
3297 3289 3353 3338 et

1773 3367 2035 3423 vocabula
2055 3368 2275 3438 quidem
2299 3369 2497 3424 habent
2518 3369 2738 3436 similia,
2758 3379 2940 3441 aperte
2957 3379 3137 3426 autem
3164 3381 3217 3427 et
3231 3372 3350 3429 sine

1774 3460 1881 3514 ulla
1918 3460 2274 3530 ambiguitate
2319 3476 2427 3516 non
2461 3462 2771 3528 exterioris,
2804 3462 2899 3518 sed
2945 3461 3220 3519 interioris
3247 3464 3350 3520 ho-

1772 3550 1938 3607 minis
1960 3551 2352 3622 signiticantias
2371 3562 2583 3623 gerunt.
2604 3551 2698 3607 Est
2720 3568 2849 3625 ergo
2871 3554 3169 3611 materialis
3188 3556 3350 3626 hujus

1772 3644 2035 3710 hominis,
2066 3644 2240 3714 quiet
2268 3645 2505 3700 exterior
2538 3645 2862 3716 appellatur,
2890 3647 3047 3702 cibus
3076 3656 3349 3718 potusque

1770 3746 1980 3793 natura:
2010 3752 2122 3793 suae
2153 3746 2439 3808 cognatus,
2473 3753 2769 3807 corporeus
2794 3738 2895 3793 iste
2924 3739 3134 3794 scilicet
3160 3748 3213 3794 et
3238 3748 3350 3794 ter-

1770 3844 1957 3884 renus.
2001 3827 2265 3884 Similiter
2299 3838 2477 3884 autem
2525 3838 2580 3885 et
2611 3829 2871 3899 apiritalis
2905 3829 3142 3885 hominis
3173 3831 3347 3901 ipsius

1770 3926 1935 3996 quiet
1972 3925 2197 3981 interior
2223 3925 2442 3990 dicitur,
2477 3933 2562 3980 est
2602 3925 2856 3994 proprius
2887 3924 3064 3991 cibus,
3100 3933 3161 3979 ut
3191 3927 3349 3995 panis

1771 4020 1862 4076 ille
1886 4020 2043 4074 vivus
2071 4020 2164 4089 qui
2197 4018 2264 4074 de
2287 4018 2426 4073 coelo
2459 4015 2759 4071 descendit.
2801 4014 2906 4070 Sed
2949 4024 3004 4070 et
3044 4025 3205 4084 polus
3253 4016 3345 4071 ille

1770 4119 1855 4166 est
1880 4126 1945 4165 ex
1972 4111 2061 4165 illa
2092 4124 2234 4181 aqua
2257 4123 2421 4179 quam
2450 4106 2721 4177 promittit
2747 4105 2930 4171 Jesus,
2959 4106 3176 4161 dicens:
3208 4105 3348 4170 Qui-

1770 4218 1970 4272 cunque
2025 4200 2213 4255 biberit
2262 4214 2327 4253 ea:
2354 4199 2452 4252 hac
2498 4214 2637 4267 aqua
2689 4213 2849 4268 quam
2899 4213 2992 4268 ego
3024 4197 3092 4251 do
3138 4198 3210 4262 ei,
3240 4212 3347 4251 non

1769 4294 1911 4349 sitiet
1938 4292 1993 4346 in
2019 4299 2275 4347 internum
2303 4288 2367 4343 ¹⁸.
2400 4286 2492 4344 Sic
2520 4302 2649 4359 ergo
2697 4303 2793 4358 per
2825 4288 3009 4343 omnia
3040 4288 3344 4344 similitudo

1770 4384 1989 4457 quidem
2017 4381 2405 4439 vocabulorum
2422 4381 2720 4437 secundum
2748 4389 3039 4453 utrumque
3064 4381 3341 4437 hominem

97 4487 320 4550 anima,
360 4498 473 4538 non
518 4481 819 4538 secundum
863 4481 1110 4552 corporis
1149 4480 1382 4552 appellet
1430 4489 1664 4536 aetatem.
1699 4488 1743 4545 Ι)
1772 4478 2016 4549 ponitur:
2052 4490 2235 4532 rerum
2274 4490 2402 4529 vero
2444 4474 2753 4546 proprietas
2777 4475 3072 4544 unicuique
3103 4476 3343 4532 discreta

98 4578 190 4633 Sed
213 4588 271 4633 et
301 4575 514 4631 Paulus
543 4575 678 4631 dicit
700 4575 753 4628 in
780 4574 1014 4644 quodam
1044 4574 1165 4630 loco
1191 4593 1204 4628 :
1237 4573 1360 4628 Non
1399 4578 1549 4645 potui
1578 4592 1668 4630 vo-

98 4674 165 4725 bis
203 4671 359 4741 loqui
394 4669 553 4740 quasi
601 4666 961 4737 spiritalibus,
1004 4667 1093 4720 sed
1133 4668 1287 4738 quasi
1326 4667 1667 4732 carnalibus;

97 4772 345 4827 mquam
376 4755 613 4826 parvulis
656 4755 711 4807 in
758 4753 968 4809 Christo
1010 4755 1095 4809 lac
1121 4756 1265 4809 vobis
1294 4765 1475 4826 potum
1520 4757 1666 4825 dedi,

98 4865 383 4905 senescant
416 4849 461 4902 ‘.
487 4847 541 4901 lu
573 4846 795 4902 Christo
831 4846 942 4918 (ll)
969 4848 1230 4918 parvulus
1261 4849 1451 4919 procul
1501 4849 1667 4905 dubio

98 4939 391 4996 secundum
430 4937 650 5003 animae,
687 4951 793 4992 non
817 4938 1116 4993 secundum
1150 4939 1332 4994 carnis
1357 4940 1668 4995 nominatur

96 5045 318 5090 etatem.
354 5029 601 5101 Denique
626 5029 769 5084 idem
798 5027 995 5086 Paulus
1016 5031 1181 5087 etiam
1209 5032 1262 5087 in
1286 5032 1395 5088 alio
1419 5033 1539 5088 loco
1565 5033 1661 5087 ait:

1775 4577 2046 4634 servatur,
2073 4577 2127 4624 et
2151 4567 2520 4639 corruptibilis
2560 4567 2901 4638 praebentur,
2941 4567 3343 4637 incorruptibili

1774 4680 1902 4720 vero
1928 4661 2362 4732 incorruptibilia
2397 4668 2794 4731 proponuntur.
2841 4658 2998 4717 Unde
3023 4661 3240 4725 accidit,
3286 4668 3348 4717 ut

1773 4755 2135 4827 simpliciores
2156 4752 2379 4825 quidam
2406 4753 2709 4809 nescientes
2729 4751 3061 4824 distinguere
3079 4767 3143 4808 ac
3167 4768 3350 4809 secer-

1773 4864 1904 4904 nere
1946 4862 2068 4918 qua:
2111 4846 2221 4901 sint
2247 4860 2370 4916 quae
2411 4845 2465 4899 in
2509 4844 2808 4915 Scripturis
2849 4845 3051 4902 divinis
3095 4844 3345 4901 interiori

1773 4940 2002 5005 homini,
2030 4954 2152 5009 quae
2174 4952 2303 4994 vero
2329 4936 2585 4993 exteriori
2615 4937 2922 5008 deputanda
2945 4938 3076 5003 sint,
3109 4936 3349 4994 vocabu-

1775 5030 1953 5085 lorum
1982 5029 2433 5086 similitudinibus
2460 5027 2581 5085 falsi
2610 5029 2680 5085 ad
2711 5030 2927 5100 ineptas
2962 5028 3227 5100 quasdam
3263 5025 3348 5084 fa-

148 5198 169 5228 ²
193 5196 341 5252 Gen.
377 5212 416 5257 ι,
450 5197 549 5261 26;
584 5212 643 5259 It,
677 5200 729 5253 7.
806 5197 827 5229 ³
860 5197 906 5253 ll
930 5197 1056 5252 Cor.
1094 5213 1169 5261 ιν,
1205 5195 1290 5253 16.
1368 5194 1391 5227 ⁸
1414 5193 1572 5251 Rom.
1602 5208 1675 5246 vn

1780 5192 1822 5246 ξ.
1900 5191 1922 5223 ⁸
1950 5190 1972 5245 I
1999 5190 2154 5246 Joan.
2188 5208 2248 5256 tl,
2279 5193 2363 5255 15,
2398 5191 2486 5246 14.
2560 5192 2579 5223 ⁸
2606 5191 2625 5245 1
2648 5192 2773 5246 Cor.
2810 5207 2889 5251 tu,
2924 5192 2973 5251 1,
3004 5191 3059 5245 9.
3134 5192 3155 5224 "
3182 5192 3201 5246 1
3225 5192 3354 5249 Cor.

88 5281 190 5329 nu,
224 5269 314 5323 11.

91 5353 254 5406 mm,
276 5340 339 5394 ‘2.

164 5483 241 5553 (9)
273 5480 459 5539 Codd.
495 5479 791 5536 Becceusis
814 5487 868 5553 et
888 5476 1252 5553 Turonensis,
1295 5483 1452 5553 «etate
1480 5477 1674 5545 aliquis

102 5547 327 5623 caput
371 5552 664 5607 secundum
704 5551 1034 5623 exteriorem.
1072 5547 1230 5623 μω).
1259 5548 1425 5615 edit.,
1468 5557 1675 5602 velatur

102 5619 285 5691 aliquis
315 5640 434 5698 esse
451 5639 587 5698 puer
609 5621 901 5698 secundum
931 5619 1254 5698 interiorem.
1487 5687 1498 5698 .
1538 5687 1550 5698 .
1611 5687 1622 5698 .

163 5687 277 5765 (10)
322 5694 395 5748 Et
426 5687 643 5748 verbum
702 5689 1092 5765 Deihma‘netuiu
1139 5687 1306 5752 vobis,
1354 5687 1671 5765 et_vicistis.

226 5755 435 5822 habent
459 5779 625 5829 mss.,
673 5760 769 5818 sed
805 5759 925 5814 libri
952 5759 1102 5825 editi,
1129 5770 1178 5813 et
1202 5774 1295 5829 per
1334 5761 1542 5814 verbum
1579 5755 1672 5811 Dei

400 5268 423 5300 ⁸
452 5269 656 5338 Ephes.
693 5286 768 5332 IV,
802 5269 884 5324 l3.
960 5267 1177 5338 'Eecle.
1209 5283 1267 5332 ιι,
1300 5264 1385 5338 ll.
1430 5264 1675 5338 A_‘°_Ma_ttl

1787 5262 1966 5338 u,45_._
1990 5261 2065 5338 _“
2095 5261 2303 5338 fierem:
2327 5262 2513 5338 xxiii:

421 5338 469 5370 “
493 5330 598 5394 isa.
630 5330 775 5406 xxvi,
806 5339 888 5394 l8.
967 5339 1011 5371 "
1042 5336 1183 5394 Psal.
1216 5330 1269 5405 v,
1296 5336 1345 5391 9.
1426 5335 1469 5367 "
1498 5332 1641 5390 Psal.
1671 5351 1756 5402 LV,
1792 5333 1845 5389 9.
1925 5333 1966 5366 ’⁷
1988 5330 2129 5388 Psal.
2166 5349 2240 5399 Ill,
2274 5333 2323 5387 7.
2403 5333 2470 5365 ‘7'
2495 5331 2635 5388 Psal.
2671 5348 2723 5399 x,
2757 5333 2842 5387 15.
2921 5331 3235 5399 "Joan.1v,
3268 5337 3350 5393 lo.

2593 5263 2635 5294 ¹²
2660 5262 2818 5317 Prov.
2853 5277 2907 5314 Ill
2928 5304 2941 5321 .
2969 5262 3058 5316 23.
3137 5263 3180 5294 ’⁸
3208 5262 3353 5319 Psal.

1779 5475 1919 5542 quod
1947 5482 2121 5527 manet
2163 5475 2218 5527 in
2258 5470 2411 5535 caelo,
2436 5472 2632 5542 vicistis
2655 5469 2965 5542 malignum.

1852 5546 1963 5616 (11)
2007 5544 2070 5599 1η
2105 5544 2341 5607 Christo,
2372 5540 2602 5616 etc.__Sic
2643 5539 2802 5616 ms3.,
2845 5540 2971 5616 libri
3013 5555 3142 5597 vero
3183 5539 3349 5616 editi:

1778 5632 1832 5669 in
1855 5611 2066 5670 Christo
2102 5624 2277 5670 autem
2308 5611 2518 5683 parvuli
2542 5611 2728 5682 procul
2761 5611 2922 5668 dubio
2954 5653 2971 5671 .
3005 5648 3025 5669 .
3052 5652 3068 5668 .
3098 5651 3114 5667 .
3141 5652 3153 5665 .
3186 5613 3354 5665 nomi-

1778 5695 1995 5741 nautur.
