  <div class='ocr_page' id='page_1' title='image "/cluster/home/n/w/nwhite01/storage/ocr_20150623/13/hvd.32044019207646/041.png"; bbox 0 0 3872 6508; ppageno 0'>
   <div class='ocr_carea' id='block_1_1' title="bbox 543 264 3735 345">
    <p class='ocr_par' dir='ltr' id='par_1_1' title="bbox 543 264 3735 345">
     <span class='ocr_line' id='line_1_1' title="bbox 543 264 3735 345; baseline -0.003 -12"><span class='ocrx_word' id='word_1_1' title='bbox 543 274 611 334; x_wconf 78' lang='lat'><strong>67</strong></span> <span class='ocrx_word' id='word_1_2' title='bbox 894 342 895 345; x_wconf 23' lang='grc' dir='ltr'><strong>η</strong></span> <span class='ocrx_word' id='word_1_3' title='bbox 1608 264 1929 332; x_wconf 80' lang='lat' dir='ltr'><strong>ORIGENIS</strong></span> <span class='ocrx_word' id='word_1_4' title='bbox 1956 273 2045 328; x_wconf 80' lang='grc' dir='ltr'><strong>ιΝ-</strong></span> <span class='ocrx_word' id='word_1_5' title='bbox 2063 269 2419 329; x_wconf 83' lang='lat' dir='ltr'><strong>CANTICUM</strong></span> <span class='ocrx_word' id='word_1_6' title='bbox 2456 270 2731 328; x_wconf 83' lang='lat' dir='ltr'><strong>CANTIC.</strong></span> <span class='ocrx_word' id='word_1_7' title='bbox 3680 292 3735 345; x_wconf 66' lang='grc' dir='ltr'><strong>σε</strong></span> 
     </span>
    </p>
   </div>
   <div class='ocr_carea' id='block_1_2' title="bbox 542 388 3743 473">
    <p class='ocr_par' dir='ltr' id='par_1_2' title="bbox 542 388 3743 473">
     <span class='ocr_line' id='line_1_2' title="bbox 542 388 3743 473; baseline 0.002 -24"><span class='ocrx_word' id='word_1_8' title='bbox 542 394 700 450; x_wconf 85' lang='lat' dir='ltr'><strong>bulas</strong></span> <span class='ocrx_word' id='word_1_9' title='bbox 731 402 785 449; x_wconf 90' lang='lat' dir='ltr'><strong>et</strong></span> <span class='ocrx_word' id='word_1_10' title='bbox 825 392 1083 463; x_wconf 87' lang='lat' dir='ltr'><strong>ﬁgmenta</strong></span> <span class='ocrx_word' id='word_1_11' title='bbox 1116 391 1299 448; x_wconf 89' lang='lat' dir='ltr'><strong>inania</strong></span> <span class='ocrx_word' id='word_1_12' title='bbox 1346 408 1406 449; x_wconf 88' lang='lat' dir='ltr'><strong>se</strong></span> <span class='ocrx_word' id='word_1_13' title='bbox 1448 394 1811 461; x_wconf 75' lang='lat' dir='ltr'><strong>contulerint;</strong></span> <span class='ocrx_word' id='word_1_14' title='bbox 1853 400 1913 447; x_wconf 91' lang='lat' dir='ltr'><strong>ut</strong></span> <span class='ocrx_word' id='word_1_15' title='bbox 1954 391 2119 448; x_wconf 89' lang='lat' dir='ltr'><strong>etiam</strong></span> <span class='ocrx_word' id='word_1_16' title='bbox 2148 393 2197 453; x_wconf 81' lang='grc' dir='ltr'>Α</span> <span class='ocrx_word' id='word_1_17' title='bbox 2228 388 2534 460; x_wconf 78' lang='lat' dir='ltr'><strong>Scriptura,</strong></span> <span class='ocrx_word' id='word_1_18' title='bbox 2561 389 2753 447; x_wconf 89' lang='lat' dir='ltr'><strong>volens</strong></span> <span class='ocrx_word' id='word_1_19' title='bbox 2774 404 2977 473; x_wconf 87' lang='lat' dir='ltr'><strong>cavere</strong></span> <span class='ocrx_word' id='word_1_20' title='bbox 3010 404 3081 446; x_wconf 92' lang='lat' dir='ltr'><strong>ne</strong></span> <span class='ocrx_word' id='word_1_21' title='bbox 3122 390 3306 463; x_wconf 88' lang='lat' dir='ltr'><strong>lapsus</strong></span> <span class='ocrx_word' id='word_1_22' title='bbox 3333 393 3521 465; x_wconf 86' lang='lat' dir='ltr'><strong>aliquis</strong></span> <span class='ocrx_word' id='word_1_23' title='bbox 3558 397 3743 471; x_wconf 83' lang='lat' dir='ltr'><strong>legenti-</strong></span> 
     </span>
    </p>
   </div>
   <div class='ocr_carea' id='block_1_3' title="bbox 541 484 2112 557">
    <p class='ocr_par' dir='ltr' id='par_1_3' title="bbox 541 484 2112 557">
     <span class='ocr_line' id='line_1_3' title="bbox 541 484 2112 557; baseline -0.001 -16"><span class='ocrx_word' id='word_1_24' title='bbox 541 492 667 557; x_wconf 91' lang='lat' dir='ltr'><strong>post</strong></span> <span class='ocrx_word' id='word_1_25' title='bbox 712 484 1170 542; x_wconf 85' lang='lat' dir='ltr'><strong>resurrectionem</strong></span> <span class='ocrx_word' id='word_1_26' title='bbox 1223 485 1361 540; x_wconf 88' lang='lat' dir='ltr'><strong>cibis</strong></span> <span class='ocrx_word' id='word_1_27' title='bbox 1417 486 1791 555; x_wconf 82' lang='lat' dir='ltr'><strong>corporalibus</strong></span> <span class='ocrx_word' id='word_1_28' title='bbox 1850 485 2112 541; x_wconf 90' lang='lat' dir='ltr'><strong>utendum</strong></span> 
     </span>
    </p>
   </div>
   <div class='ocr_carea' id='block_1_4' title="bbox 539 576 2118 648">
    <p class='ocr_par' dir='ltr' id='par_1_4' title="bbox 539 576 2118 648">
     <span class='ocr_line' id='line_1_4' title="bbox 539 576 2118 648; baseline -0.001 -13"><span class='ocrx_word' id='word_1_29' title='bbox 539 576 842 644; x_wconf 83' lang='lat' dir='ltr'><strong>crederent,</strong></span> <span class='ocrx_word' id='word_1_30' title='bbox 876 585 1173 648; x_wconf 85' lang='lat' dir='ltr'><strong>potumque</strong></span> <span class='ocrx_word' id='word_1_31' title='bbox 1199 578 1521 633; x_wconf 90' lang='lat' dir='ltr'><strong>sumendum</strong></span> <span class='ocrx_word' id='word_1_32' title='bbox 1558 594 1665 634; x_wconf 93' lang='lat' dir='ltr'><strong>non</strong></span> <span class='ocrx_word' id='word_1_33' title='bbox 1699 579 1881 634; x_wconf 91' lang='lat' dir='ltr'><strong>solum</strong></span> <span class='ocrx_word' id='word_1_34' title='bbox 1929 594 1997 634; x_wconf 87' lang='lat' dir='ltr'><strong>ex</strong></span> <span class='ocrx_word' id='word_1_35' title='bbox 2026 579 2118 634; x_wconf 92' lang='lat' dir='ltr'><strong>illa</strong></span> 
     </span>
    </p>
   </div>
   <div class='ocr_carea' id='block_1_5' title="bbox 539 670 2117 735">
    <p class='ocr_par' dir='ltr' id='par_1_5' title="bbox 539 670 2117 735">
     <span class='ocr_line' id='line_1_5' title="bbox 539 670 2117 735; baseline 0 -9"><span class='ocrx_word' id='word_1_36' title='bbox 539 670 648 727; x_wconf 86' lang='lat' dir='ltr'><strong>vite</strong></span> <span class='ocrx_word' id='word_1_37' title='bbox 665 684 794 726; x_wconf 85' lang='lat' dir='ltr'><strong>vera</strong></span> <span class='ocrx_word' id='word_1_38' title='bbox 820 680 875 725; x_wconf 93' lang='lat' dir='ltr'><strong>et</strong></span> <span class='ocrx_word' id='word_1_39' title='bbox 896 672 1109 727; x_wconf 86' lang='lat' dir='ltr'><strong>vivente</strong></span> <span class='ocrx_word' id='word_1_40' title='bbox 1133 671 1186 725; x_wconf 92' lang='lat' dir='ltr'><strong>in</strong></span> <span class='ocrx_word' id='word_1_41' title='bbox 1211 671 1430 735; x_wconf 73' lang='lat' dir='ltr'><strong>saecula,</strong></span> <span class='ocrx_word' id='word_1_42' title='bbox 1458 687 1645 726; x_wconf 89' lang='lat' dir='ltr'><strong>verum</strong></span> <span class='ocrx_word' id='word_1_43' title='bbox 1668 680 1723 727; x_wconf 88' lang='lat' dir='ltr'><strong>et</strong></span> <span class='ocrx_word' id='word_1_44' title='bbox 1753 687 1822 727; x_wconf 86' lang='lat' dir='ltr'><strong>ex</strong></span> <span class='ocrx_word' id='word_1_45' title='bbox 1868 672 1955 728; x_wconf 85' lang='lat' dir='ltr'><strong>his</strong></span> <span class='ocrx_word' id='word_1_46' title='bbox 1989 672 2117 727; x_wconf 81' lang='lat' dir='ltr'><strong>viti-</strong></span> 
     </span>
    </p>
   </div>
   <div class='ocr_carea' id='block_1_6' title="bbox 538 760 2118 835">
    <p class='ocr_par' dir='ltr' id='par_1_6' title="bbox 538 760 2118 835">
     <span class='ocr_line' id='line_1_6' title="bbox 538 760 2118 835; baseline 0.001 -18"><span class='ocrx_word' id='word_1_47' title='bbox 538 760 645 819; x_wconf 88' lang='lat' dir='ltr'><strong>bus</strong></span> <span class='ocrx_word' id='word_1_48' title='bbox 676 771 729 818; x_wconf 90' lang='lat' dir='ltr'><strong>et</strong></span> <span class='ocrx_word' id='word_1_49' title='bbox 760 762 1032 819; x_wconf 79' lang='lat' dir='ltr'><strong>fructibus</strong></span> <span class='ocrx_word' id='word_1_50' title='bbox 1060 763 1172 834; x_wconf 80' lang='lat' dir='ltr'><strong>(l2)</strong></span> <span class='ocrx_word' id='word_1_51' title='bbox 1198 764 1352 835; x_wconf 82' lang='lat' dir='ltr'><strong>ligni.</strong></span> <span class='ocrx_word' id='word_1_52' title='bbox 1397 762 1502 818; x_wconf 85' lang='lat' dir='ltr'><strong>Sed</strong></span> <span class='ocrx_word' id='word_1_53' title='bbox 1526 762 1592 818; x_wconf 87' lang='lat' dir='ltr'><strong>de</strong></span> <span class='ocrx_word' id='word_1_54' title='bbox 1623 763 1710 819; x_wconf 90' lang='lat' dir='ltr'><strong>his</strong></span> <span class='ocrx_word' id='word_1_55' title='bbox 1741 763 1877 819; x_wconf 91' lang='lat' dir='ltr'><strong>alias</strong></span> <span class='ocrx_word' id='word_1_56' title='bbox 1912 763 2118 820; x_wconf 87' lang='lat' dir='ltr'><strong>videbi-</strong></span> 
     </span>
    </p>
   </div>
   <div class='ocr_carea' id='block_1_7' title="bbox 537 854 2118 927">
    <p class='ocr_par' dir='ltr' id='par_1_7' title="bbox 537 854 2118 927">
     <span class='ocr_line' id='line_1_7' title="bbox 537 854 2118 927; baseline 0 -17"><span class='ocrx_word' id='word_1_57' title='bbox 537 871 684 911; x_wconf 87' lang='lat' dir='ltr'><strong>mus.</strong></span> <span class='ocrx_word' id='word_1_58' title='bbox 710 854 866 912; x_wconf 88' lang='lat' dir='ltr'><strong>Nunc</strong></span> <span class='ocrx_word' id='word_1_59' title='bbox 897 872 1051 927; x_wconf 87' lang='lat' dir='ltr'><strong>ergo,</strong></span> <span class='ocrx_word' id='word_1_60' title='bbox 1082 865 1142 912; x_wconf 91' lang='lat' dir='ltr'><strong>ut</strong></span> <span class='ocrx_word' id='word_1_61' title='bbox 1163 856 1486 926; x_wconf 83' lang='lat' dir='ltr'><strong>praecedenti</strong></span> <span class='ocrx_word' id='word_1_62' title='bbox 1516 857 1899 912; x_wconf 80' lang='lat' dir='ltr'><strong>observatione</strong></span> <span class='ocrx_word' id='word_1_63' title='bbox 1921 856 2118 912; x_wconf 92' lang='lat' dir='ltr'><strong>distin-</strong></span> 
     </span>
    </p>
   </div>
   <div class='ocr_carea' id='block_1_8' title="bbox 536 946 2114 1018">
    <p class='ocr_par' dir='ltr' id='par_1_8' title="bbox 536 946 2114 1018">
     <span class='ocr_line' id='line_1_8' title="bbox 536 946 2114 1018; baseline 0.003 -18"><span class='ocrx_word' id='word_1_64' title='bbox 536 946 739 1015; x_wconf 77' lang='lat' dir='ltr'><strong>ximus,</strong></span> <span class='ocrx_word' id='word_1_65' title='bbox 775 956 858 1004; x_wconf 91' lang='lat' dir='ltr'><strong>est</strong></span> <span class='ocrx_word' id='word_1_66' title='bbox 883 948 1102 1018; x_wconf 86' lang='lat' dir='ltr'><strong>quidem</strong></span> <span class='ocrx_word' id='word_1_67' title='bbox 1152 948 1452 1004; x_wconf 89' lang='lat' dir='ltr'><strong>secundum</strong></span> <span class='ocrx_word' id='word_1_68' title='bbox 1487 948 1798 1005; x_wconf 90' lang='lat' dir='ltr'><strong>interiorem</strong></span> <span class='ocrx_word' id='word_1_69' title='bbox 1838 949 2114 1004; x_wconf 84' lang='lat' dir='ltr'><strong>hominem</strong></span> 
     </span>
    </p>
   </div>
   <div class='ocr_carea' id='block_1_9' title="bbox 534 1039 2114 1103">
    <p class='ocr_par' dir='ltr' id='par_1_9' title="bbox 534 1039 2114 1103">
     <span class='ocr_line' id='line_1_9' title="bbox 534 1039 2114 1103; baseline 0.001 -9"><span class='ocrx_word' id='word_1_70' title='bbox 534 1039 678 1094; x_wconf 79' lang='lat' dir='ltr'><strong>alius</strong></span> <span class='ocrx_word' id='word_1_71' title='bbox 719 1039 838 1095; x_wconf 91' lang='lat' dir='ltr'><strong>sine</strong></span> <span class='ocrx_word' id='word_1_72' title='bbox 874 1040 1001 1094; x_wconf 91' lang='lat' dir='ltr'><strong>ﬁliis</strong></span> <span class='ocrx_word' id='word_1_73' title='bbox 1034 1048 1089 1095; x_wconf 89' lang='lat' dir='ltr'><strong>et</strong></span> <span class='ocrx_word' id='word_1_74' title='bbox 1120 1039 1343 1103; x_wconf 84' lang='lat' dir='ltr'><strong>sterilis,</strong></span> <span class='ocrx_word' id='word_1_75' title='bbox 1389 1041 1532 1096; x_wconf 88' lang='lat' dir='ltr'><strong>alius</strong></span> <span class='ocrx_word' id='word_1_76' title='bbox 1563 1055 1693 1095; x_wconf 90' lang='lat' dir='ltr'><strong>vero</strong></span> <span class='ocrx_word' id='word_1_77' title='bbox 1742 1041 2028 1096; x_wconf 89' lang='lat' dir='ltr'><strong>abundans</strong></span> <span class='ocrx_word' id='word_1_78' title='bbox 2059 1041 2114 1095; x_wconf 92' lang='lat' dir='ltr'><strong>in</strong></span> 
     </span>
    </p>
   </div>
   <div class='ocr_carea' id='block_1_10' title="bbox 534 1132 2110 1204">
    <p class='ocr_par' dir='ltr' id='par_1_10' title="bbox 534 1132 2110 1204">
     <span class='ocr_line' id='line_1_10' title="bbox 534 1132 2110 1204; baseline 0.001 -16"><span class='ocrx_word' id='word_1_79' title='bbox 534 1132 679 1189; x_wconf 87' lang='lat' dir='ltr'><strong>ﬁliis.</strong></span> <span class='ocrx_word' id='word_1_80' title='bbox 716 1132 1025 1188; x_wconf 86' lang='lat' dir='ltr'><strong>Secundum</strong></span> <span class='ocrx_word' id='word_1_81' title='bbox 1058 1133 1201 1204; x_wconf 87' lang='lat' dir='ltr'><strong>quod</strong></span> <span class='ocrx_word' id='word_1_82' title='bbox 1235 1144 1289 1189; x_wconf 90' lang='lat' dir='ltr'><strong>et</strong></span> <span class='ocrx_word' id='word_1_83' title='bbox 1318 1134 1447 1189; x_wconf 79' lang='lat' dir='ltr'><strong>illud</strong></span> <span class='ocrx_word' id='word_1_84' title='bbox 1479 1134 1817 1191; x_wconf 84' lang='lat' dir='ltr'><strong>advertimus</strong></span> <span class='ocrx_word' id='word_1_85' title='bbox 1853 1134 2061 1190; x_wconf 89' lang='lat' dir='ltr'><strong>dictum</strong></span> <span class='ocrx_word' id='word_1_86' title='bbox 2096 1154 2110 1189; x_wconf 87' lang='lat'><strong>:</strong></span> 
     </span>
    </p>
   </div>
   <div class='ocr_carea' id='block_1_11' title="bbox 534 1222 2113 1296">
    <p class='ocr_par' dir='ltr' id='par_1_11' title="bbox 534 1222 2113 1296">
     <span class='ocr_line' id='line_1_11' title="bbox 534 1222 2113 1296; baseline 0 -17"><span class='ocrx_word' id='word_1_87' title='bbox 534 1222 744 1279; x_wconf 87' lang='lat' dir='ltr'><strong>Sterilis</strong></span> <span class='ocrx_word' id='word_1_88' title='bbox 767 1226 963 1295; x_wconf 81' lang='lat' dir='ltr'><strong>peperit</strong></span> <span class='ocrx_word' id='word_1_89' title='bbox 998 1234 1214 1294; x_wconf 84' lang='lat' dir='ltr'><strong>septem,</strong></span> <span class='ocrx_word' id='word_1_90' title='bbox 1254 1234 1302 1279; x_wconf 89' lang='lat' dir='ltr'><strong>et</strong></span> <span class='ocrx_word' id='word_1_91' title='bbox 1334 1225 1560 1293; x_wconf 75' lang='lat' dir='ltr'><strong>fecunda</strong></span> <span class='ocrx_word' id='word_1_92' title='bbox 1581 1225 1637 1279; x_wconf 85' lang='lat' dir='ltr'><strong>in</strong></span> <span class='ocrx_word' id='word_1_93' title='bbox 1672 1226 1802 1295; x_wconf 89' lang='lat' dir='ltr'><strong>ﬁliis</strong></span> <span class='ocrx_word' id='word_1_94' title='bbox 1836 1226 2113 1296; x_wconf 87' lang='lat' dir='ltr'><strong>inﬁrmata</strong></span> 
     </span>
    </p>
   </div>
   <div class='ocr_carea' id='block_1_12' title="bbox 531 1316 2114 1374">
    <p class='ocr_par' dir='ltr' id='par_1_12' title="bbox 531 1316 2114 1374">
     <span class='ocr_line' id='line_1_12' title="bbox 531 1316 2114 1374; baseline 0.002 -4"><span class='ocrx_word' id='word_1_95' title='bbox 531 1326 608 1370; x_wconf 84' lang='lat' dir='ltr'><strong>est</strong></span> <span class='ocrx_word' id='word_1_96' title='bbox 642 1318 707 1370; x_wconf 80' lang='grc'><strong>¹⁹.</strong></span> <span class='ocrx_word' id='word_1_97' title='bbox 743 1316 809 1372; x_wconf 89' lang='lat' dir='ltr'><strong>Et</strong></span> <span class='ocrx_word' id='word_1_98' title='bbox 841 1326 901 1372; x_wconf 93' lang='lat' dir='ltr'><strong>ut</strong></span> <span class='ocrx_word' id='word_1_99' title='bbox 950 1317 1004 1372; x_wconf 91' lang='lat' dir='ltr'><strong>in</strong></span> <span class='ocrx_word' id='word_1_100' title='bbox 1046 1318 1521 1373; x_wconf 87' lang='lat' dir='ltr'><strong>benedictionibus</strong></span> <span class='ocrx_word' id='word_1_101' title='bbox 1567 1318 1804 1374; x_wconf 90' lang='lat' dir='ltr'><strong>dicitur:</strong></span> <span class='ocrx_word' id='word_1_102' title='bbox 1847 1318 1969 1372; x_wconf 89' lang='lat' dir='ltr'><strong>Non</strong></span> <span class='ocrx_word' id='word_1_103' title='bbox 2009 1321 2114 1373; x_wconf 87' lang='lat' dir='ltr'><strong>erit</strong></span> 
     </span>
    </p>
   </div>
   <div class='ocr_carea' id='block_1_13' title="bbox 534 1408 2112 1481">
    <p class='ocr_par' dir='ltr' id='par_1_13' title="bbox 534 1408 2112 1481">
     <span class='ocr_line' id='line_1_13' title="bbox 534 1408 2112 1481; baseline 0.004 -20"><span class='ocrx_word' id='word_1_104' title='bbox 534 1408 591 1462; x_wconf 89' lang='lat' dir='ltr'><strong>in</strong></span> <span class='ocrx_word' id='word_1_105' title='bbox 621 1411 763 1464; x_wconf 81' lang='lat' dir='ltr'><strong>vobis</strong></span> <span class='ocrx_word' id='word_1_106' title='bbox 784 1410 897 1464; x_wconf 85' lang='lat' dir='ltr'><strong>sine</strong></span> <span class='ocrx_word' id='word_1_107' title='bbox 926 1411 1059 1481; x_wconf 88' lang='lat' dir='ltr'><strong>ﬁliis</strong></span> <span class='ocrx_word' id='word_1_108' title='bbox 1079 1419 1128 1464; x_wconf 85' lang='lat' dir='ltr'><strong>et</strong></span> <span class='ocrx_word' id='word_1_109' title='bbox 1164 1409 1361 1465; x_wconf 80' lang='lat' dir='ltr'><strong>sterilis</strong></span> <span class='ocrx_word' id='word_1_110' title='bbox 1398 1411 1465 1465; x_wconf 78' lang='grc' dir='ltr'><strong>ὀ.</strong></span> <span class='ocrx_word' id='word_1_111' title='bbox 1501 1410 1670 1481; x_wconf 82' lang='lat' dir='ltr'><strong>Igitur</strong></span> <span class='ocrx_word' id='word_1_112' title='bbox 1696 1411 1742 1465; x_wconf 87' lang='lat' dir='ltr'><strong>si</strong></span> <span class='ocrx_word' id='word_1_113' title='bbox 1779 1411 1894 1467; x_wconf 76' lang='lat' dir='ltr'><strong>haec</strong></span> <span class='ocrx_word' id='word_1_114' title='bbox 1938 1412 2009 1466; x_wconf 87' lang='lat' dir='ltr'><strong>ita</strong></span> <span class='ocrx_word' id='word_1_115' title='bbox 2052 1426 2112 1467; x_wconf 87' lang='lat' dir='ltr'><strong>se</strong></span> 
     </span>
    </p>
   </div>
   <div class='ocr_carea' id='block_1_14' title="bbox 531 1499 2110 1574">
    <p class='ocr_par' dir='ltr' id='par_1_14' title="bbox 531 1499 2110 1574">
     <span class='ocr_line' id='line_1_14' title="bbox 531 1499 2110 1574; baseline 0.004 -20"><span class='ocrx_word' id='word_1_116' title='bbox 531 1499 755 1565; x_wconf 87' lang='lat' dir='ltr'><strong>habent,</strong></span> <span class='ocrx_word' id='word_1_117' title='bbox 795 1502 940 1556; x_wconf 81' lang='lat' dir='ltr'><strong>sicut</strong></span> <span class='ocrx_word' id='word_1_118' title='bbox 978 1502 1180 1557; x_wconf 79' lang='lat' dir='ltr'><strong>dieitur</strong></span> <span class='ocrx_word' id='word_1_119' title='bbox 1213 1503 1414 1573; x_wconf 89' lang='lat' dir='ltr'><strong>aliquis</strong></span> <span class='ocrx_word' id='word_1_120' title='bbox 1453 1504 1693 1559; x_wconf 86' lang='lat' dir='ltr'><strong>carnalis</strong></span> <span class='ocrx_word' id='word_1_121' title='bbox 1729 1519 1906 1572; x_wconf 88' lang='lat' dir='ltr'><strong>amor,</strong></span> <span class='ocrx_word' id='word_1_122' title='bbox 1946 1520 2110 1574; x_wconf 90' lang='lat' dir='ltr'><strong>quem</strong></span> 
     </span>
    </p>
   </div>
   <div class='ocr_carea' id='block_1_15' title="bbox 529 1590 2108 1666">
    <p class='ocr_par' dir='ltr' id='par_1_15' title="bbox 529 1590 2108 1666">
     <span class='ocr_line' id='line_1_15' title="bbox 529 1590 2108 1666; baseline 0.004 -22"><span class='ocrx_word' id='word_1_123' title='bbox 529 1597 586 1644; x_wconf 90' lang='lat' dir='ltr'><strong>et</strong></span> <span class='ocrx_word' id='word_1_124' title='bbox 610 1590 918 1660; x_wconf 80' lang='lat' dir='ltr'><strong>cupidinem</strong></span> <span class='ocrx_word' id='word_1_125' title='bbox 943 1592 1351 1662; x_wconf 89' lang='lat' dir='ltr'><strong>appellaverunt</strong></span> <span class='ocrx_word' id='word_1_126' title='bbox 1392 1604 1583 1663; x_wconf 62' lang='lat' dir='ltr'><strong>poetae,</strong></span> <span class='ocrx_word' id='word_1_127' title='bbox 1617 1595 1916 1650; x_wconf 91' lang='lat' dir='ltr'><strong>secundum</strong></span> <span class='ocrx_word' id='word_1_128' title='bbox 1947 1611 2108 1666; x_wconf 83' lang='lat' dir='ltr'><strong>quem</strong></span> 
     </span>
    </p>
   </div>
   <div class='ocr_carea' id='block_1_16' title="bbox 529 1682 2110 1758">
    <p class='ocr_par' dir='ltr' id='par_1_16' title="bbox 529 1682 2110 1758">
     <span class='ocr_line' id='line_1_16' title="bbox 529 1682 2110 1758; baseline 0.004 -23"><span class='ocrx_word' id='word_1_129' title='bbox 529 1682 626 1752; x_wconf 92' lang='lat' dir='ltr'><strong>qui</strong></span> <span class='ocrx_word' id='word_1_130' title='bbox 647 1692 812 1748; x_wconf 89' lang='lat' dir='ltr'><strong>amat,</strong></span> <span class='ocrx_word' id='word_1_131' title='bbox 838 1682 892 1737; x_wconf 91' lang='lat' dir='ltr'><strong>in</strong></span> <span class='ocrx_word' id='word_1_132' title='bbox 918 1698 1081 1739; x_wconf 88' lang='lat' dir='ltr'><strong>carne</strong></span> <span class='ocrx_word' id='word_1_133' title='bbox 1103 1685 1377 1752; x_wconf 86' lang='lat' dir='ltr'><strong>seminat;</strong></span> <span class='ocrx_word' id='word_1_134' title='bbox 1407 1686 1480 1741; x_wconf 89' lang='lat' dir='ltr'><strong>ita</strong></span> <span class='ocrx_word' id='word_1_135' title='bbox 1500 1695 1584 1741; x_wconf 92' lang='lat' dir='ltr'><strong>est</strong></span> <span class='ocrx_word' id='word_1_136' title='bbox 1603 1696 1660 1742; x_wconf 91' lang='lat' dir='ltr'><strong>et</strong></span> <span class='ocrx_word' id='word_1_137' title='bbox 1699 1686 1921 1757; x_wconf 88' lang='lat' dir='ltr'><strong>quidam</strong></span> <span class='ocrx_word' id='word_1_138' title='bbox 1946 1688 2110 1758; x_wconf 81' lang='lat' dir='ltr'><strong>spiri-</strong></span> 
     </span>
    </p>
   </div>
   <div class='ocr_carea' id='block_1_17' title="bbox 2221 483 3745 556">
    <p class='ocr_par' dir='ltr' id='par_1_17' title="bbox 2221 483 3745 556">
     <span class='ocr_line' id='line_1_17' title="bbox 2221 483 3745 556; baseline 0.006 -18"><span class='ocrx_word' id='word_1_139' title='bbox 2221 483 2325 539; x_wconf 91' lang='lat' dir='ltr'><strong>bus</strong></span> <span class='ocrx_word' id='word_1_140' title='bbox 2353 483 2456 538; x_wconf 83' lang='lat' dir='ltr'><strong>sub</strong></span> <span class='ocrx_word' id='word_1_141' title='bbox 2486 484 2694 538; x_wconf 88' lang='lat' dir='ltr'><strong>amoris</strong></span> <span class='ocrx_word' id='word_1_142' title='bbox 2724 483 2944 539; x_wconf 85' lang='lat' dir='ltr'><strong>nomine</strong></span> <span class='ocrx_word' id='word_1_143' title='bbox 2973 494 3315 552; x_wconf 89' lang='lat' dir='ltr'><strong>nasceretur,</strong></span> <span class='ocrx_word' id='word_1_144' title='bbox 3337 501 3432 556; x_wconf 90' lang='lat' dir='ltr'><strong>pro</strong></span> <span class='ocrx_word' id='word_1_145' title='bbox 3474 488 3745 547; x_wconf 87' lang='lat' dir='ltr'><strong>inﬁrmiori-</strong></span> 
     </span>
    </p>
   </div>
   <div class='ocr_carea' id='block_1_18' title="bbox 2220 574 3745 648">
    <p class='ocr_par' dir='ltr' id='par_1_18' title="bbox 2220 574 3745 648">
     <span class='ocr_line' id='line_1_18' title="bbox 2220 574 3745 648; baseline 0.005 -18"><span class='ocrx_word' id='word_1_146' title='bbox 2220 574 2324 631; x_wconf 90' lang='lat' dir='ltr'><strong>bus</strong></span> <span class='ocrx_word' id='word_1_147' title='bbox 2348 575 2659 646; x_wconf 88' lang='lat' dir='ltr'><strong>quibusque</strong></span> <span class='ocrx_word' id='word_1_148' title='bbox 2696 591 2820 631; x_wconf 89' lang='lat' dir='ltr'><strong>eum</strong></span> <span class='ocrx_word' id='word_1_149' title='bbox 2857 576 2952 646; x_wconf 87' lang='lat' dir='ltr'><strong>qui</strong></span> <span class='ocrx_word' id='word_1_150' title='bbox 2985 577 3129 647; x_wconf 92' lang='lat' dir='ltr'><strong>apud</strong></span> <span class='ocrx_word' id='word_1_151' title='bbox 3159 578 3427 648; x_wconf 84' lang='lat' dir='ltr'><strong>sapientes</strong></span> <span class='ocrx_word' id='word_1_152' title='bbox 3468 581 3632 636; x_wconf 70' lang='lat' dir='ltr'><strong>saeculi</strong></span> <span class='ocrx_word' id='word_1_153' title='bbox 3669 598 3745 639; x_wconf 88' lang='lat' dir='ltr'><strong>cu-</strong></span> 
     </span>
    </p>
   </div>
   <div class='ocr_carea' id='block_1_19' title="bbox 2219 665 3747 736">
    <p class='ocr_par' dir='ltr' id='par_1_19' title="bbox 2219 665 3747 736">
     <span class='ocr_line' id='line_1_19' title="bbox 2219 665 3747 736; baseline 0.007 -17"><span class='ocrx_word' id='word_1_154' title='bbox 2219 666 2363 736; x_wconf 91' lang='lat' dir='ltr'><strong>pido,</strong></span> <span class='ocrx_word' id='word_1_155' title='bbox 2396 681 2491 722; x_wconf 91' lang='lat' dir='ltr'><strong>seu</strong></span> <span class='ocrx_word' id='word_1_156' title='bbox 2516 681 2671 721; x_wconf 90' lang='lat' dir='ltr'><strong>amor</strong></span> <span class='ocrx_word' id='word_1_157' title='bbox 2699 665 2902 721; x_wconf 88' lang='lat' dir='ltr'><strong>dicitur</strong></span> <span class='ocrx_word' id='word_1_158' title='bbox 2920 708 2936 734; x_wconf 96' lang='lat'><strong>,</strong></span> <span class='ocrx_word' id='word_1_159' title='bbox 2965 666 3270 723; x_wconf 90' lang='lat' dir='ltr'><strong>honestiori</strong></span> <span class='ocrx_word' id='word_1_160' title='bbox 3311 669 3563 726; x_wconf 89' lang='lat' dir='ltr'><strong>voeabqu</strong></span> <span class='ocrx_word' id='word_1_161' title='bbox 3594 672 3747 729; x_wconf 80' lang='lat' dir='ltr'><strong>chari-</strong></span> 
     </span>
    </p>
   </div>
   <div class='ocr_carea' id='block_1_20' title="bbox 2218 758 3748 833">
    <p class='ocr_par' dir='ltr' id='par_1_20' title="bbox 2218 758 3748 833">
     <span class='ocr_line' id='line_1_20' title="bbox 2218 758 3748 833; baseline 0.005 -19"><span class='ocrx_word' id='word_1_162' title='bbox 2218 766 2384 814; x_wconf 89' lang='lat' dir='ltr'><strong>tatem</strong></span> <span class='ocrx_word' id='word_1_163' title='bbox 2435 758 2517 813; x_wconf 85' lang='lat' dir='ltr'><strong>vel</strong></span> <span class='ocrx_word' id='word_1_164' title='bbox 2553 759 2900 815; x_wconf 86' lang='lat' dir='ltr'><strong>dilectionem</strong></span> <span class='ocrx_word' id='word_1_165' title='bbox 2936 760 3272 816; x_wconf 89' lang='lat' dir='ltr'><strong>nominasse.</strong></span> <span class='ocrx_word' id='word_1_166' title='bbox 3311 759 3466 817; x_wconf 83' lang='lat' dir='ltr'><strong>Verbi</strong></span> <span class='ocrx_word' id='word_1_167' title='bbox 3501 764 3672 833; x_wconf 87' lang='lat' dir='ltr'><strong>gratia,</strong></span> <span class='ocrx_word' id='word_1_168' title='bbox 3700 777 3748 822; x_wconf 88' lang='lat' dir='ltr'><strong>ut</strong></span> 
     </span>
    </p>
   </div>
   <div class='ocr_carea' id='block_1_21' title="bbox 2217 849 3746 927">
    <p class='ocr_par' dir='ltr' id='par_1_21' title="bbox 2217 849 3746 927">
     <span class='ocr_line' id='line_1_21' title="bbox 2217 849 3746 927; baseline 0.005 -21"><span class='ocrx_word' id='word_1_169' title='bbox 2217 866 2342 906; x_wconf 89' lang='lat' dir='ltr'><strong>cum</strong></span> <span class='ocrx_word' id='word_1_170' title='bbox 2377 850 2514 905; x_wconf 83' lang='lat' dir='ltr'><strong>dixit</strong></span> <span class='ocrx_word' id='word_1_171' title='bbox 2543 849 2610 906; x_wconf 91' lang='lat' dir='ltr'><strong>de</strong></span> <span class='ocrx_word' id='word_1_172' title='bbox 2636 850 2820 907; x_wconf 86' lang='lat' dir='ltr'><strong>Isaac:</strong></span> <span class='ocrx_word' id='word_1_173' title='bbox 2857 851 2926 906; x_wconf 87' lang='lat' dir='ltr'><strong>Et</strong></span> <span class='ocrx_word' id='word_1_174' title='bbox 2962 855 3160 923; x_wconf 83' lang='lat' dir='ltr'><strong>accepit</strong></span> <span class='ocrx_word' id='word_1_175' title='bbox 3187 853 3487 921; x_wconf 85' lang='lat' dir='ltr'><strong>Rebeccam,</strong></span> <span class='ocrx_word' id='word_1_176' title='bbox 3536 867 3582 911; x_wconf 87' lang='lat' dir='ltr'><strong>et</strong></span> <span class='ocrx_word' id='word_1_177' title='bbox 3627 859 3746 927; x_wconf 79' lang='lat' dir='ltr'><strong>{acta</strong></span> 
     </span>
    </p>
   </div>
   <div class='ocr_carea' id='block_1_22' title="bbox 2215 943 3750 1010">
    <p class='ocr_par' dir='ltr' id='par_1_22' title="bbox 2215 943 3750 1010">
     <span class='ocr_line' id='line_1_22' title="bbox 2215 943 3750 1010; baseline 0.007 -14"><span class='ocrx_word' id='word_1_178' title='bbox 2215 952 2293 996; x_wconf 89' lang='lat' dir='ltr'><strong>est</strong></span> <span class='ocrx_word' id='word_1_179' title='bbox 2318 943 2367 997; x_wconf 89' lang='lat' dir='ltr'><strong>ei</strong></span> <span class='ocrx_word' id='word_1_180' title='bbox 2399 959 2553 1010; x_wconf 72' lang='lat' dir='ltr'><strong>uxor,</strong></span> <span class='ocrx_word' id='word_1_181' title='bbox 2585 953 2633 998; x_wconf 90' lang='lat' dir='ltr'><strong>et</strong></span> <span class='ocrx_word' id='word_1_182' title='bbox 2676 943 2866 999; x_wconf 73' lang='lat' dir='ltr'><strong>dilexit</strong></span> <span class='ocrx_word' id='word_1_183' title='bbox 2894 962 3009 1000; x_wconf 88' lang='lat' dir='ltr'><strong>eam</strong></span> <span class='ocrx_word' id='word_1_184' title='bbox 3040 946 3106 1000; x_wconf 76' lang='lat'><strong>“.</strong></span> <span class='ocrx_word' id='word_1_185' title='bbox 3133 944 3198 999; x_wconf 88' lang='lat' dir='ltr'><strong>Et</strong></span> <span class='ocrx_word' id='word_1_186' title='bbox 3230 946 3423 1001; x_wconf 79' lang='lat' dir='ltr'><strong>iterum</strong></span> <span class='ocrx_word' id='word_1_187' title='bbox 3458 947 3522 1003; x_wconf 91' lang='lat' dir='ltr'><strong>de</strong></span> <span class='ocrx_word' id='word_1_188' title='bbox 3544 946 3688 1005; x_wconf 74' lang='lat' dir='ltr'><strong>Iacob</strong></span> <span class='ocrx_word' id='word_1_189' title='bbox 3707 960 3750 1006; x_wconf 89' lang='lat' dir='ltr'><strong>et</strong></span> 
     </span>
    </p>
   </div>
   <div class='ocr_carea' id='block_1_23' title="bbox 2217 1031 3749 1106">
    <p class='ocr_par' dir='ltr' id='par_1_23' title="bbox 2217 1031 3749 1106">
     <span class='ocr_line' id='line_1_23' title="bbox 2217 1031 3749 1106; baseline 0.007 -20"><span class='ocrx_word' id='word_1_190' title='bbox 2217 1031 2422 1089; x_wconf 86' lang='lat' dir='ltr'><strong>Rachel</strong></span> <span class='ocrx_word' id='word_1_191' title='bbox 2457 1032 2710 1090; x_wconf 88' lang='lat' dir='ltr'><strong>similiter</strong></span> <span class='ocrx_word' id='word_1_192' title='bbox 2734 1034 2867 1090; x_wconf 92' lang='lat' dir='ltr'><strong>dicit</strong></span> <span class='ocrx_word' id='word_1_193' title='bbox 2897 1033 3216 1106; x_wconf 85' lang='lat' dir='ltr'><strong>Scriptura:</strong></span> <span class='ocrx_word' id='word_1_194' title='bbox 3248 1036 3442 1091; x_wconf 85' lang='lat' dir='ltr'><strong>Rachel</strong></span> <span class='ocrx_word' id='word_1_195' title='bbox 3471 1048 3632 1094; x_wconf 87' lang='lat' dir='ltr'><strong>autem</strong></span> <span class='ocrx_word' id='word_1_196' title='bbox 3655 1053 3749 1095; x_wconf 87' lang='lat' dir='ltr'><strong>erat</strong></span> 
     </span>
    </p>
   </div>
   <div class='ocr_carea' id='block_1_24' title="bbox 2215 1123 3749 1196">
    <p class='ocr_par' dir='ltr' id='par_1_24' title="bbox 2215 1123 3749 1196">
     <span class='ocr_line' id='line_1_24' title="bbox 2215 1123 3749 1196; baseline 0.005 -19"><span class='ocrx_word' id='word_1_197' title='bbox 2215 1123 2407 1178; x_wconf 86' lang='lat' dir='ltr'><strong>decora</strong></span> <span class='ocrx_word' id='word_1_198' title='bbox 2439 1125 2630 1192; x_wconf 89' lang='lat' dir='ltr'><strong>oculis,</strong></span> <span class='ocrx_word' id='word_1_199' title='bbox 2651 1136 2701 1179; x_wconf 91' lang='lat' dir='ltr'><strong>et</strong></span> <span class='ocrx_word' id='word_1_200' title='bbox 2722 1129 2946 1195; x_wconf 87' lang='lat' dir='ltr'><strong>pulchra</strong></span> <span class='ocrx_word' id='word_1_201' title='bbox 2983 1127 3137 1196; x_wconf 78' lang='lat' dir='ltr'><strong>facie,</strong></span> <span class='ocrx_word' id='word_1_202' title='bbox 3168 1136 3219 1182; x_wconf 90' lang='lat' dir='ltr'><strong>et</strong></span> <span class='ocrx_word' id='word_1_203' title='bbox 3257 1127 3443 1182; x_wconf 78' lang='lat' dir='ltr'><strong>dilexit</strong></span> <span class='ocrx_word' id='word_1_204' title='bbox 3479 1127 3632 1183; x_wconf 83' lang='lat' dir='ltr'><strong>Jacob</strong></span> <span class='ocrx_word' id='word_1_205' title='bbox 3658 1129 3749 1185; x_wconf 83' lang='lat' dir='ltr'><strong>Ra-</strong></span> 
     </span>
    </p>
   </div>
   <div class='ocr_carea' id='block_1_25' title="bbox 2215 1216 3751 1291">
    <p class='ocr_par' dir='ltr' id='par_1_25' title="bbox 2215 1216 3751 1291">
     <span class='ocr_line' id='line_1_25' title="bbox 2215 1216 3751 1291; baseline 0.003 -21"><span class='ocrx_word' id='word_1_206' title='bbox 2215 1216 2349 1281; x_wconf 81' lang='lat' dir='ltr'><strong>chel,</strong></span> <span class='ocrx_word' id='word_1_207' title='bbox 2378 1226 2428 1271; x_wconf 89' lang='lat' dir='ltr'><strong>et</strong></span> <span class='ocrx_word' id='word_1_208' title='bbox 2455 1218 2593 1272; x_wconf 74' lang='lat' dir='ltr'><strong>dixit</strong></span> <span class='ocrx_word' id='word_1_209' title='bbox 2619 1233 2638 1272; x_wconf 90' lang='lat'><strong><em>:</em></strong></span> <span class='ocrx_word' id='word_1_210' title='bbox 2664 1216 2901 1273; x_wconf 81' lang='lat' dir='ltr'><strong>Servium</strong></span> <span class='ocrx_word' id='word_1_211' title='bbox 2929 1219 3025 1272; x_wconf 86' lang='lat' dir='ltr'><strong>tibi</strong></span> <span class='ocrx_word' id='word_1_212' title='bbox 3064 1228 3258 1289; x_wconf 88' lang='lat' dir='ltr'><strong>septem</strong></span> <span class='ocrx_word' id='word_1_213' title='bbox 3288 1221 3439 1276; x_wconf 88' lang='lat' dir='ltr'><strong>annis</strong></span> <span class='ocrx_word' id='word_1_214' title='bbox 3467 1237 3556 1291; x_wconf 86' lang='lat' dir='ltr'><strong>pro</strong></span> <span class='ocrx_word' id='word_1_215' title='bbox 3588 1221 3751 1277; x_wconf 78' lang='lat' dir='ltr'><strong>Rachel</strong></span> 
     </span>
    </p>
   </div>
   <div class='ocr_carea' id='block_1_26' title="bbox 2214 1307 3752 1380">
    <p class='ocr_par' dir='ltr' id='par_1_26' title="bbox 2214 1307 3752 1380">
     <span class='ocr_line' id='line_1_26' title="bbox 2214 1307 3752 1380; baseline 0.007 -19"><span class='ocrx_word' id='word_1_216' title='bbox 2214 1307 2333 1378; x_wconf 84' lang='lat' dir='ltr'><strong>ﬁlia</strong></span> <span class='ocrx_word' id='word_1_217' title='bbox 2367 1319 2462 1364; x_wconf 88' lang='lat' dir='ltr'><strong>tua</strong></span> <span class='ocrx_word' id='word_1_218' title='bbox 2511 1311 2729 1380; x_wconf 85' lang='lat' dir='ltr'><strong>juniore</strong></span> <span class='ocrx_word' id='word_1_219' title='bbox 2763 1312 2849 1367; x_wconf 43' lang='grc' dir='ltr'><strong>’ἢ</strong></span> <span class='ocrx_word' id='word_1_220' title='bbox 2879 1311 3205 1369; x_wconf 90' lang='lat' dir='ltr'><strong>Evidentius</strong></span> <span class='ocrx_word' id='word_1_221' title='bbox 3253 1322 3433 1369; x_wconf 90' lang='lat' dir='ltr'><strong>autem</strong></span> <span class='ocrx_word' id='word_1_222' title='bbox 3474 1314 3752 1371; x_wconf 86' lang='lat' dir='ltr'><strong>immutatus</strong></span> 
     </span>
    </p>
   </div>
   <div class='ocr_carea' id='block_1_27' title="bbox 2214 1402 3753 1476">
    <p class='ocr_par' dir='ltr' id='par_1_27' title="bbox 2214 1402 3753 1476">
     <span class='ocr_line' id='line_1_27' title="bbox 2214 1402 3753 1476; baseline 0.002 -18"><span class='ocrx_word' id='word_1_223' title='bbox 2214 1419 2350 1459; x_wconf 89' lang='lat' dir='ltr'><strong>usus</strong></span> <span class='ocrx_word' id='word_1_224' title='bbox 2379 1403 2632 1459; x_wconf 89' lang='lat' dir='ltr'><strong>vocabuli</strong></span> <span class='ocrx_word' id='word_1_225' title='bbox 2665 1402 2831 1473; x_wconf 91' lang='lat' dir='ltr'><strong>hujus</strong></span> <span class='ocrx_word' id='word_1_226' title='bbox 2861 1414 3085 1474; x_wconf 88' lang='lat' dir='ltr'><strong>apparet</strong></span> <span class='ocrx_word' id='word_1_227' title='bbox 3106 1405 3161 1459; x_wconf 93' lang='lat' dir='ltr'><strong>in</strong></span> <span class='ocrx_word' id='word_1_228' title='bbox 3189 1403 3425 1471; x_wconf 83' lang='lat' dir='ltr'><strong>Amnon,</strong></span> <span class='ocrx_word' id='word_1_229' title='bbox 3451 1406 3541 1476; x_wconf 86' lang='lat' dir='ltr'><strong>qui</strong></span> <span class='ocrx_word' id='word_1_230' title='bbox 3566 1408 3753 1463; x_wconf 85' lang='lat' dir='ltr'><strong>adama-</strong></span> 
     </span>
    </p>
   </div>
   <div class='ocr_carea' id='block_1_28' title="bbox 2217 1494 3753 1568">
    <p class='ocr_par' dir='ltr' id='par_1_28' title="bbox 2217 1494 3753 1568">
     <span class='ocr_line' id='line_1_28' title="bbox 2217 1494 3753 1568; baseline 0.002 -19"><span class='ocrx_word' id='word_1_231' title='bbox 2217 1498 2293 1550; x_wconf 92' lang='lat' dir='ltr'><strong>vit</strong></span> <span class='ocrx_word' id='word_1_232' title='bbox 2318 1511 2563 1551; x_wconf 87' lang='lat' dir='ltr'><strong>sororem</strong></span> <span class='ocrx_word' id='word_1_233' title='bbox 2602 1512 2758 1552; x_wconf 88' lang='lat' dir='ltr'><strong>suam</strong></span> <span class='ocrx_word' id='word_1_234' title='bbox 2798 1494 3056 1552; x_wconf 89' lang='lat' dir='ltr'><strong>Thamar.</strong></span> <span class='ocrx_word' id='word_1_235' title='bbox 3098 1497 3373 1568; x_wconf 86' lang='lat' dir='ltr'><strong>Scriptum</strong></span> <span class='ocrx_word' id='word_1_236' title='bbox 3405 1508 3484 1553; x_wconf 90' lang='lat' dir='ltr'><strong>est</strong></span> <span class='ocrx_word' id='word_1_237' title='bbox 3509 1498 3753 1553; x_wconf 84' lang='lat' dir='ltr'><strong>euim:Et</strong></span> 
     </span>
    </p>
   </div>
   <div class='ocr_carea' id='block_1_29' title="bbox 2215 1588 3755 1659">
    <p class='ocr_par' dir='ltr' id='par_1_29' title="bbox 2215 1588 3755 1659">
     <span class='ocr_line' id='line_1_29' title="bbox 2215 1588 3755 1659; baseline 0.001 -17"><span class='ocrx_word' id='word_1_238' title='bbox 2215 1589 2414 1658; x_wconf 70' lang='lat' dir='ltr'><strong>factum</strong></span> <span class='ocrx_word' id='word_1_239' title='bbox 2441 1599 2517 1643; x_wconf 90' lang='lat' dir='ltr'><strong>est</strong></span> <span class='ocrx_word' id='word_1_240' title='bbox 2550 1596 2667 1659; x_wconf 88' lang='lat' dir='ltr'><strong>post</strong></span> <span class='ocrx_word' id='word_1_241' title='bbox 2697 1588 2827 1655; x_wconf 63' lang='lat' dir='ltr'><strong>hare,</strong></span> <span class='ocrx_word' id='word_1_242' title='bbox 2855 1598 2904 1643; x_wconf 92' lang='lat' dir='ltr'><strong>et</strong></span> <span class='ocrx_word' id='word_1_243' title='bbox 2925 1599 3041 1644; x_wconf 87' lang='lat' dir='ltr'><strong>erat</strong></span> <span class='ocrx_word' id='word_1_244' title='bbox 3064 1588 3297 1644; x_wconf 83' lang='lat' dir='ltr'><strong>Absalon</strong></span> <span class='ocrx_word' id='word_1_245' title='bbox 3340 1589 3451 1659; x_wconf 83' lang='lat' dir='ltr'><strong>ﬁlio</strong></span> <span class='ocrx_word' id='word_1_246' title='bbox 3498 1588 3655 1644; x_wconf 81' lang='lat' dir='ltr'><strong>David</strong></span> <span class='ocrx_word' id='word_1_247' title='bbox 3684 1607 3755 1644; x_wconf 85' lang='lat' dir='ltr'><strong>so-</strong></span> 
     </span>
    </p>
   </div>
   <div class='ocr_carea' id='block_1_30' title="bbox 2214 1680 3753 1750">
    <p class='ocr_par' dir='ltr' id='par_1_30' title="bbox 2214 1680 3753 1750">
     <span class='ocr_line' id='line_1_30' title="bbox 2214 1680 3753 1750; baseline 0.001 -17"><span class='ocrx_word' id='word_1_248' title='bbox 2214 1697 2305 1733; x_wconf 90' lang='lat' dir='ltr'><strong>ror</strong></span> <span class='ocrx_word' id='word_1_249' title='bbox 2333 1681 2524 1734; x_wconf 70' lang='lat' dir='ltr'><strong>decora</strong></span> <span class='ocrx_word' id='word_1_250' title='bbox 2559 1680 2696 1750; x_wconf 81' lang='lat' dir='ltr'><strong>facie</strong></span> <span class='ocrx_word' id='word_1_251' title='bbox 2722 1681 2895 1744; x_wconf 86' lang='lat' dir='ltr'><strong>valde,</strong></span> <span class='ocrx_word' id='word_1_252' title='bbox 2930 1692 2978 1737; x_wconf 91' lang='lat' dir='ltr'><strong>et</strong></span> <span class='ocrx_word' id='word_1_253' title='bbox 3015 1698 3200 1736; x_wconf 83' lang='lat' dir='ltr'><strong>nomen</strong></span> <span class='ocrx_word' id='word_1_254' title='bbox 3224 1682 3271 1735; x_wconf 91' lang='lat' dir='ltr'><strong>ei</strong></span> <span class='ocrx_word' id='word_1_255' title='bbox 3315 1680 3572 1745; x_wconf 84' lang='lat' dir='ltr'><strong>Thamar,</strong></span> <span class='ocrx_word' id='word_1_256' title='bbox 3611 1691 3655 1735; x_wconf 85' lang='lat' dir='ltr'><strong>et</strong></span> <span class='ocrx_word' id='word_1_257' title='bbox 3682 1682 3753 1735; x_wconf 89' lang='lat' dir='ltr'><strong>di-</strong></span> 
     </span>
    </p>
   </div>
   <div class='ocr_carea' id='block_1_31' title="bbox 531 1748 3753 1849">
    <p class='ocr_par' dir='ltr' id='par_1_31' title="bbox 531 1748 3753 1849">
     <span class='ocr_line' id='line_1_31' title="bbox 531 1748 3753 1849; baseline 0.003 -20"><span class='ocrx_word' id='word_1_258' title='bbox 531 1748 656 1831; x_wconf 74' lang='lat' dir='ltr'><strong>talis</strong></span> <span class='ocrx_word' id='word_1_259' title='bbox 718 1792 906 1844; x_wconf 87' lang='lat' dir='ltr'><strong>amor,</strong></span> <span class='ocrx_word' id='word_1_260' title='bbox 961 1778 1262 1833; x_wconf 87' lang='lat' dir='ltr'><strong>secundum</strong></span> <span class='ocrx_word' id='word_1_261' title='bbox 1317 1748 1480 1849; x_wconf 83' lang='lat' dir='ltr'><strong>quem</strong></span> <span class='ocrx_word' id='word_1_262' title='bbox 1530 1780 1620 1835; x_wconf 92' lang='lat' dir='ltr'><strong>ille</strong></span> <span class='ocrx_word' id='word_1_263' title='bbox 1672 1748 1903 1837; x_wconf 70' lang='lat' dir='ltr'><strong>interior</strong></span> <span class='ocrx_word' id='word_1_264' title='bbox 1946 1748 2110 1839; x_wconf 75' lang='lat' dir='ltr'><strong>homo</strong></span> <span class='ocrx_word' id='word_1_265' title='bbox 2145 1748 2186 1807; x_wconf 68' lang='grc' dir='ltr'><strong>Β</strong></span> <span class='ocrx_word' id='word_1_266' title='bbox 2216 1772 2342 1826; x_wconf 69' lang='grc' dir='ltr'><strong>ίθιτῖῑ</strong></span> <span class='ocrx_word' id='word_1_267' title='bbox 2379 1789 2495 1827; x_wconf 70' lang='lat' dir='ltr'><strong>eam</strong></span> <span class='ocrx_word' id='word_1_268' title='bbox 2524 1748 2730 1827; x_wconf 71' lang='grc' dir='ltr'><strong>Ᾰηεηοη</strong></span> <span class='ocrx_word' id='word_1_269' title='bbox 2755 1773 2902 1843; x_wconf 64' lang='lat' dir='ltr'><strong>ﬁlim</strong></span> <span class='ocrx_word' id='word_1_270' title='bbox 2937 1773 3105 1830; x_wconf 72' lang='grc' dir='ltr'><strong>θαυίά</strong></span> <span class='ocrx_word' id='word_1_271' title='bbox 3132 1774 3199 1828; x_wconf 76' lang='grc'><strong>⁸⁵·</strong></span> <span class='ocrx_word' id='word_1_272' title='bbox 3222 1774 3438 1839; x_wconf 63' lang='grc' dir='ltr'><strong>θίιθκίῑν</strong></span> <span class='ocrx_word' id='word_1_273' title='bbox 3463 1773 3753 1844; x_wconf 73' lang='grc' dir='ltr'>ροδυίιιπο,</span> 
     </span>
    </p>
   </div>
   <div class='ocr_carea' id='block_1_32' title="bbox 527 1869 2113 1943">
    <p class='ocr_par' dir='ltr' id='par_1_32' title="bbox 527 1869 2113 1943">
     <span class='ocr_line' id='line_1_32' title="bbox 527 1869 2113 1943; baseline 0.004 -20"><span class='ocrx_word' id='word_1_274' title='bbox 527 1882 723 1925; x_wconf 89' lang='lat' dir='ltr'><strong>amans</strong></span> <span class='ocrx_word' id='word_1_275' title='bbox 760 1869 813 1924; x_wconf 93' lang='lat' dir='ltr'><strong>in</strong></span> <span class='ocrx_word' id='word_1_276' title='bbox 846 1870 1042 1941; x_wconf 89' lang='lat' dir='ltr'><strong>spiritu</strong></span> <span class='ocrx_word' id='word_1_277' title='bbox 1089 1871 1345 1928; x_wconf 88' lang='lat' dir='ltr'><strong>seminat.</strong></span> <span class='ocrx_word' id='word_1_278' title='bbox 1386 1870 1454 1926; x_wconf 90' lang='lat' dir='ltr'><strong>Et</strong></span> <span class='ocrx_word' id='word_1_279' title='bbox 1491 1882 1550 1927; x_wconf 93' lang='lat' dir='ltr'><strong>ut</strong></span> <span class='ocrx_word' id='word_1_280' title='bbox 1579 1873 1887 1930; x_wconf 89' lang='lat' dir='ltr'><strong>evidentius</strong></span> <span class='ocrx_word' id='word_1_281' title='bbox 1908 1875 2113 1943; x_wconf 90' lang='lat' dir='ltr'><strong>dicam,</strong></span> 
     </span>
    </p>
   </div>
   <div class='ocr_carea' id='block_1_33' title="bbox 527 1960 2116 2035">
    <p class='ocr_par' dir='ltr' id='par_1_33' title="bbox 527 1960 2116 2035">
     <span class='ocr_line' id='line_1_33' title="bbox 527 1960 2116 2035; baseline 0.004 -19"><span class='ocrx_word' id='word_1_282' title='bbox 527 1960 574 2016; x_wconf 93' lang='lat' dir='ltr'><strong>si</strong></span> <span class='ocrx_word' id='word_1_283' title='bbox 606 1960 730 2030; x_wconf 90' lang='lat' dir='ltr'><strong>quis</strong></span> <span class='ocrx_word' id='word_1_284' title='bbox 745 1970 828 2016; x_wconf 88' lang='lat' dir='ltr'><strong>est</strong></span> <span class='ocrx_word' id='word_1_285' title='bbox 852 1962 944 2032; x_wconf 89' lang='lat' dir='ltr'><strong>qui</strong></span> <span class='ocrx_word' id='word_1_286' title='bbox 968 1970 1148 2032; x_wconf 88' lang='lat' dir='ltr'><strong>portat</strong></span> <span class='ocrx_word' id='word_1_287' title='bbox 1166 1963 1347 2019; x_wconf 90' lang='lat' dir='ltr'><strong>adhuc</strong></span> <span class='ocrx_word' id='word_1_288' title='bbox 1375 1964 1667 2035; x_wconf 90' lang='lat' dir='ltr'><strong>imaginem</strong></span> <span class='ocrx_word' id='word_1_289' title='bbox 1692 1967 1891 2021; x_wconf 89' lang='lat' dir='ltr'><strong>terreni</strong></span> <span class='ocrx_word' id='word_1_290' title='bbox 1917 1982 2116 2022; x_wconf 88' lang='lat' dir='ltr'><strong>secun-</strong></span> 
     </span>
    </p>
   </div>
   <div class='ocr_carea' id='block_1_34' title="bbox 525 2052 2115 2128">
    <p class='ocr_par' dir='ltr' id='par_1_34' title="bbox 525 2052 2115 2128">
     <span class='ocr_line' id='line_1_34' title="bbox 525 2052 2115 2128; baseline 0.004 -21"><span class='ocrx_word' id='word_1_291' title='bbox 525 2052 656 2108; x_wconf 87' lang='lat' dir='ltr'><strong>dum</strong></span> <span class='ocrx_word' id='word_1_292' title='bbox 687 2054 1013 2111; x_wconf 78' lang='lat' dir='ltr'><strong>exteriorem</strong></span> <span class='ocrx_word' id='word_1_293' title='bbox 1040 2055 1338 2124; x_wconf 90' lang='lat' dir='ltr'><strong>hominem,</strong></span> <span class='ocrx_word' id='word_1_294' title='bbox 1366 2057 1543 2126; x_wconf 89' lang='lat' dir='ltr'><strong>agitur</strong></span> <span class='ocrx_word' id='word_1_295' title='bbox 1570 2056 1822 2128; x_wconf 89' lang='lat' dir='ltr'><strong>cupidine</strong></span> <span class='ocrx_word' id='word_1_296' title='bbox 1842 2067 1898 2112; x_wconf 91' lang='lat' dir='ltr'><strong>et</strong></span> <span class='ocrx_word' id='word_1_297' title='bbox 1927 2073 2115 2113; x_wconf 87' lang='lat' dir='ltr'><strong>amore</strong></span> 
     </span>
    </p>
   </div>
   <div class='ocr_carea' id='block_1_35' title="bbox 528 2147 2115 2218">
    <p class='ocr_par' dir='ltr' id='par_1_35' title="bbox 528 2147 2115 2218">
     <span class='ocr_line' id='line_1_35' title="bbox 528 2147 2115 2218; baseline 0.002 -16"><span class='ocrx_word' id='word_1_298' title='bbox 528 2157 766 2202; x_wconf 88' lang='lat' dir='ltr'><strong>terreno.</strong></span> <span class='ocrx_word' id='word_1_299' title='bbox 802 2147 905 2213; x_wconf 83' lang='lat' dir='ltr'><strong>Qui</strong></span> <span class='ocrx_word' id='word_1_300' title='bbox 934 2163 1065 2202; x_wconf 87' lang='lat' dir='ltr'><strong>vero</strong></span> <span class='ocrx_word' id='word_1_301' title='bbox 1098 2156 1278 2217; x_wconf 87' lang='lat' dir='ltr'><strong>portat</strong></span> <span class='ocrx_word' id='word_1_302' title='bbox 1309 2148 1604 2218; x_wconf 83' lang='lat' dir='ltr'><strong>imaginem</strong></span> <span class='ocrx_word' id='word_1_303' title='bbox 1638 2149 1877 2205; x_wconf 83' lang='lat' dir='ltr'><strong>caelestis</strong></span> <span class='ocrx_word' id='word_1_304' title='bbox 1917 2164 2115 2205; x_wconf 89' lang='lat' dir='ltr'><strong>secun-</strong></span> 
     </span>
    </p>
   </div>
   <div class='ocr_carea' id='block_1_36' title="bbox 526 2236 2114 2310">
    <p class='ocr_par' dir='ltr' id='par_1_36' title="bbox 526 2236 2114 2310">
     <span class='ocr_line' id='line_1_36' title="bbox 526 2236 2114 2310; baseline 0.003 -18"><span class='ocrx_word' id='word_1_305' title='bbox 526 2238 659 2292; x_wconf 89' lang='lat' dir='ltr'><strong>dum</strong></span> <span class='ocrx_word' id='word_1_306' title='bbox 685 2236 1003 2292; x_wconf 89' lang='lat' dir='ltr'><strong>interiorem</strong></span> <span class='ocrx_word' id='word_1_307' title='bbox 1043 2236 1343 2306; x_wconf 89' lang='lat' dir='ltr'><strong>hominem,</strong></span> <span class='ocrx_word' id='word_1_308' title='bbox 1371 2238 1548 2308; x_wconf 86' lang='lat' dir='ltr'><strong>agitur</strong></span> <span class='ocrx_word' id='word_1_309' title='bbox 1572 2239 1826 2310; x_wconf 90' lang='lat' dir='ltr'><strong>cupidine</strong></span> <span class='ocrx_word' id='word_1_310' title='bbox 1853 2247 1907 2294; x_wconf 90' lang='lat' dir='ltr'><strong>et</strong></span> <span class='ocrx_word' id='word_1_311' title='bbox 1927 2255 2114 2296; x_wconf 84' lang='lat' dir='ltr'><strong>amore</strong></span> 
     </span>
    </p>
   </div>
   <div class='ocr_carea' id='block_1_37' title="bbox 528 2326 2114 2403">
    <p class='ocr_par' dir='ltr' id='par_1_37' title="bbox 528 2326 2114 2403">
     <span class='ocr_line' id='line_1_37' title="bbox 528 2326 2114 2403; baseline 0.003 -21"><span class='ocrx_word' id='word_1_312' title='bbox 528 2326 761 2383; x_wconf 63' lang='lat' dir='ltr'><strong>caelesti.</strong></span> <span class='ocrx_word' id='word_1_313' title='bbox 805 2326 1006 2383; x_wconf 86' lang='lat' dir='ltr'><strong>Amore</strong></span> <span class='ocrx_word' id='word_1_314' title='bbox 1039 2335 1220 2383; x_wconf 87' lang='lat' dir='ltr'><strong>autem</strong></span> <span class='ocrx_word' id='word_1_315' title='bbox 1260 2338 1314 2383; x_wconf 90' lang='lat' dir='ltr'><strong>et</strong></span> <span class='ocrx_word' id='word_1_316' title='bbox 1369 2329 1625 2399; x_wconf 89' lang='lat' dir='ltr'><strong>cupidine</strong></span> <span class='ocrx_word' id='word_1_317' title='bbox 1674 2331 1885 2386; x_wconf 87' lang='lat' dir='ltr'><strong>caelesti</strong></span> <span class='ocrx_word' id='word_1_318' title='bbox 1934 2333 2114 2403; x_wconf 87' lang='lat' dir='ltr'><strong>agitur</strong></span> 
     </span>
    </p>
   </div>
   <div class='ocr_carea' id='block_1_38' title="bbox 526 2418 2112 2491">
    <p class='ocr_par' dir='ltr' id='par_1_38' title="bbox 526 2418 2112 2491">
     <span class='ocr_line' id='line_1_38' title="bbox 526 2418 2112 2491; baseline 0.006 -18"><span class='ocrx_word' id='word_1_319' title='bbox 526 2418 711 2474; x_wconf 87' lang='lat' dir='ltr'><strong>anima</strong></span> <span class='ocrx_word' id='word_1_320' title='bbox 737 2433 861 2476; x_wconf 91' lang='lat' dir='ltr'><strong>cum</strong></span> <span class='ocrx_word' id='word_1_321' title='bbox 894 2432 1177 2490; x_wconf 90' lang='lat' dir='ltr'><strong>perspecta</strong></span> <span class='ocrx_word' id='word_1_322' title='bbox 1212 2420 1624 2491; x_wconf 87' lang='lat' dir='ltr'><strong>pulchritudine</strong></span> <span class='ocrx_word' id='word_1_323' title='bbox 1653 2432 1708 2478; x_wconf 90' lang='lat' dir='ltr'><strong>et</strong></span> <span class='ocrx_word' id='word_1_324' title='bbox 1735 2424 1933 2480; x_wconf 80' lang='lat' dir='ltr'><strong>decore</strong></span> <span class='ocrx_word' id='word_1_325' title='bbox 1962 2427 2112 2482; x_wconf 90' lang='lat' dir='ltr'><strong>verbi</strong></span> 
     </span>
    </p>
   </div>
   <div class='ocr_carea' id='block_1_39' title="bbox 526 2505 2113 2588">
    <p class='ocr_par' dir='ltr' id='par_1_39' title="bbox 526 2505 2113 2588">
     <span class='ocr_line' id='line_1_39' title="bbox 526 2505 2113 2588; baseline 0.008 -25"><span class='ocrx_word' id='word_1_326' title='bbox 526 2505 646 2574; x_wconf 87' lang='lat' dir='ltr'><strong>Dei,</strong></span> <span class='ocrx_word' id='word_1_327' title='bbox 670 2510 903 2579; x_wconf 90' lang='lat' dir='ltr'><strong>speciem</strong></span> <span class='ocrx_word' id='word_1_328' title='bbox 927 2510 1046 2577; x_wconf 88' lang='lat' dir='ltr'><strong>ejus</strong></span> <span class='ocrx_word' id='word_1_329' title='bbox 1063 2511 1417 2579; x_wconf 87' lang='lat' dir='ltr'><strong>adamaverit,</strong></span> <span class='ocrx_word' id='word_1_330' title='bbox 1446 2521 1502 2568; x_wconf 90' lang='lat' dir='ltr'><strong>et</strong></span> <span class='ocrx_word' id='word_1_331' title='bbox 1521 2529 1586 2569; x_wconf 87' lang='lat' dir='ltr'><strong>ex</strong></span> <span class='ocrx_word' id='word_1_332' title='bbox 1606 2515 1727 2584; x_wconf 90' lang='lat' dir='ltr'><strong>ipso</strong></span> <span class='ocrx_word' id='word_1_333' title='bbox 1746 2517 1909 2572; x_wconf 87' lang='lat' dir='ltr'><strong>telum</strong></span> <span class='ocrx_word' id='word_1_334' title='bbox 1937 2520 2113 2588; x_wconf 90' lang='lat' dir='ltr'><strong>quod-</strong></span> 
     </span>
    </p>
   </div>
   <div class='ocr_carea' id='block_1_40' title="bbox 526 2598 2109 2676">
    <p class='ocr_par' dir='ltr' id='par_1_40' title="bbox 526 2598 2109 2676">
     <span class='ocr_line' id='line_1_40' title="bbox 526 2598 2109 2676; baseline 0.009 -21"><span class='ocrx_word' id='word_1_335' title='bbox 526 2598 651 2655; x_wconf 88' lang='lat' dir='ltr'><strong>dam</strong></span> <span class='ocrx_word' id='word_1_336' title='bbox 682 2610 737 2656; x_wconf 91' lang='lat' dir='ltr'><strong>et</strong></span> <span class='ocrx_word' id='word_1_337' title='bbox 759 2601 957 2658; x_wconf 87' lang='lat' dir='ltr'><strong>vulnus</strong></span> <span class='ocrx_word' id='word_1_338' title='bbox 983 2604 1188 2660; x_wconf 90' lang='lat' dir='ltr'><strong>amoris</strong></span> <span class='ocrx_word' id='word_1_339' title='bbox 1230 2607 1521 2676; x_wconf 89' lang='lat' dir='ltr'><strong>acceperit.</strong></span> <span class='ocrx_word' id='word_1_340' title='bbox 1559 2605 1657 2663; x_wconf 88' lang='lat' dir='ltr'><strong>Est</strong></span> <span class='ocrx_word' id='word_1_341' title='bbox 1704 2610 1848 2664; x_wconf 91' lang='lat' dir='ltr'><strong>enim</strong></span> <span class='ocrx_word' id='word_1_342' title='bbox 1883 2613 2109 2669; x_wconf 87' lang='lat' dir='ltr'><strong>verbum</strong></span> 
     </span>
    </p>
   </div>
   <div class='ocr_carea' id='block_1_41' title="bbox 526 2691 2111 2776">
    <p class='ocr_par' dir='ltr' id='par_1_41' title="bbox 526 2691 2111 2776">
     <span class='ocr_line' id='line_1_41' title="bbox 526 2691 2111 2776; baseline 0.009 -28"><span class='ocrx_word' id='word_1_343' title='bbox 526 2691 632 2749; x_wconf 88' lang='lat' dir='ltr'><strong>hoc</strong></span> <span class='ocrx_word' id='word_1_344' title='bbox 668 2693 868 2765; x_wconf 80' lang='lat' dir='ltr'><strong>imago,</strong></span> <span class='ocrx_word' id='word_1_345' title='bbox 891 2704 946 2751; x_wconf 91' lang='lat' dir='ltr'><strong>et</strong></span> <span class='ocrx_word' id='word_1_346' title='bbox 972 2696 1229 2766; x_wconf 88' lang='lat' dir='ltr'><strong>splendor</strong></span> <span class='ocrx_word' id='word_1_347' title='bbox 1252 2697 1347 2753; x_wconf 92' lang='lat' dir='ltr'><strong>Dei</strong></span> <span class='ocrx_word' id='word_1_348' title='bbox 1370 2698 1680 2768; x_wconf 86' lang='lat' dir='ltr'><strong>invisibilis,</strong></span> <span class='ocrx_word' id='word_1_349' title='bbox 1712 2702 2111 2776; x_wconf 87' lang='lat' dir='ltr'><strong>primogenitu‘s</strong></span> 
     </span>
    </p>
   </div>
   <div class='ocr_carea' id='block_1_42' title="bbox 524 2785 2110 2867">
    <p class='ocr_par' dir='ltr' id='par_1_42' title="bbox 524 2785 2110 2867">
     <span class='ocr_line' id='line_1_42' title="bbox 524 2785 2110 2867; baseline 0.009 -28"><span class='ocrx_word' id='word_1_350' title='bbox 524 2785 707 2840; x_wconf 92' lang='lat' dir='ltr'><strong>omnis</strong></span> <span class='ocrx_word' id='word_1_351' title='bbox 727 2796 1027 2855; x_wconf 83' lang='lat' dir='ltr'><strong>creaturae,</strong></span> <span class='ocrx_word' id='word_1_352' title='bbox 1061 2788 1115 2842; x_wconf 91' lang='lat' dir='ltr'><strong>in</strong></span> <span class='ocrx_word' id='word_1_353' title='bbox 1153 2804 1263 2860; x_wconf 91' lang='lat' dir='ltr'><strong>quo</strong></span> <span class='ocrx_word' id='word_1_354' title='bbox 1290 2798 1471 2846; x_wconf 87' lang='lat' dir='ltr'><strong>creata</strong></span> <span class='ocrx_word' id='word_1_355' title='bbox 1498 2800 1627 2846; x_wconf 89' lang='lat' dir='ltr'><strong>sunt</strong></span> <span class='ocrx_word' id='word_1_356' title='bbox 1666 2795 1849 2850; x_wconf 92' lang='lat' dir='ltr'><strong>omnia</strong></span> <span class='ocrx_word' id='word_1_357' title='bbox 1901 2813 2023 2867; x_wconf 54' lang='lat' dir='ltr'><strong>qua;</strong></span> <span class='ocrx_word' id='word_1_358' title='bbox 2054 2798 2110 2853; x_wconf 95' lang='lat' dir='ltr'><strong>in</strong></span> 
     </span>
    </p>
   </div>
   <div class='ocr_carea' id='block_1_43' title="bbox 525 2878 2111 2954">
    <p class='ocr_par' dir='ltr' id='par_1_43' title="bbox 525 2878 2111 2954">
     <span class='ocr_line' id='line_1_43' title="bbox 525 2878 2111 2954; baseline 0.01 -21"><span class='ocrx_word' id='word_1_359' title='bbox 525 2878 682 2934; x_wconf 74' lang='lat' dir='ltr'><strong>cmlis</strong></span> <span class='ocrx_word' id='word_1_360' title='bbox 711 2889 860 2944; x_wconf 90' lang='lat' dir='ltr'><strong>sunt,</strong></span> <span class='ocrx_word' id='word_1_361' title='bbox 896 2889 1088 2951; x_wconf 71' lang='lat' dir='ltr'><strong>etqum</strong></span> <span class='ocrx_word' id='word_1_362' title='bbox 1123 2884 1176 2937; x_wconf 92' lang='lat' dir='ltr'><strong>in</strong></span> <span class='ocrx_word' id='word_1_363' title='bbox 1216 2886 1400 2952; x_wconf 88' lang='lat' dir='ltr'><strong>terris,</strong></span> <span class='ocrx_word' id='word_1_364' title='bbox 1430 2885 1543 2943; x_wconf 87' lang='lat' dir='ltr'><strong>sive</strong></span> <span class='ocrx_word' id='word_1_365' title='bbox 1582 2888 1839 2954; x_wconf 89' lang='lat' dir='ltr'><strong>visibilia,</strong></span> <span class='ocrx_word' id='word_1_366' title='bbox 1876 2892 1990 2948; x_wconf 89' lang='lat' dir='ltr'><strong>sive</strong></span> <span class='ocrx_word' id='word_1_367' title='bbox 2024 2893 2111 2948; x_wconf 87' lang='lat' dir='ltr'><strong>in-</strong></span> 
     </span>
    </p>
   </div>
   <div class='ocr_carea' id='block_1_44' title="bbox 523 2969 2109 3055">
    <p class='ocr_par' dir='ltr' id='par_1_44' title="bbox 523 2969 2109 3055">
     <span class='ocr_line' id='line_1_44' title="bbox 523 2969 2109 3055; baseline 0.008 -30"><span class='ocrx_word' id='word_1_368' title='bbox 523 2969 780 3026; x_wconf 80' lang='lat' dir='ltr'><strong>visibilia.</strong></span> <span class='ocrx_word' id='word_1_369' title='bbox 804 2971 976 3043; x_wconf 85' lang='lat' dir='ltr'><strong>Igitur</strong></span> <span class='ocrx_word' id='word_1_370' title='bbox 1005 2972 1052 3029; x_wconf 90' lang='lat' dir='ltr'><strong>si</strong></span> <span class='ocrx_word' id='word_1_371' title='bbox 1073 2975 1197 3045; x_wconf 89' lang='lat' dir='ltr'><strong>quis</strong></span> <span class='ocrx_word' id='word_1_372' title='bbox 1225 2977 1462 3046; x_wconf 83' lang='lat' dir='ltr'><strong>potuerit</strong></span> <span class='ocrx_word' id='word_1_373' title='bbox 1491 2980 1677 3048; x_wconf 89' lang='lat' dir='ltr'><strong>capaci</strong></span> <span class='ocrx_word' id='word_1_374' title='bbox 1724 2991 1905 3038; x_wconf 89' lang='lat' dir='ltr'><strong>mente</strong></span> <span class='ocrx_word' id='word_1_375' title='bbox 1932 2984 2109 3055; x_wconf 76' lang='lat' dir='ltr'><strong>conji-</strong></span> 
     </span>
    </p>
   </div>
   <div class='ocr_carea' id='block_1_45' title="bbox 2214 1863 3757 1936">
    <p class='ocr_par' dir='ltr' id='par_1_45' title="bbox 2214 1863 3757 1936">
     <span class='ocr_line' id='line_1_45' title="bbox 2214 1863 3757 1936; baseline -0.001 -18"><span class='ocrx_word' id='word_1_376' title='bbox 2214 1864 2507 1919; x_wconf 87' lang='lat' dir='ltr'><strong>adamavit.</strong></span> <span class='ocrx_word' id='word_1_377' title='bbox 2549 1863 2617 1917; x_wconf 83' lang='lat' dir='ltr'><strong>Et</strong></span> <span class='ocrx_word' id='word_1_378' title='bbox 2653 1864 3031 1933; x_wconf 86' lang='lat' dir='ltr'><strong>tribulabatur,</strong></span> <span class='ocrx_word' id='word_1_379' title='bbox 3078 1865 3292 1936; x_wconf 85' lang='lat' dir='ltr'><strong>inquit,</strong></span> <span class='ocrx_word' id='word_1_380' title='bbox 3328 1865 3529 1919; x_wconf 83' lang='lat' dir='ltr'><strong>Amnon</strong></span> <span class='ocrx_word' id='word_1_381' title='bbox 3551 1905 3566 1928; x_wconf 90' lang='lat'><strong>,</strong></span> <span class='ocrx_word' id='word_1_382' title='bbox 3615 1865 3684 1919; x_wconf 90' lang='lat' dir='ltr'><strong>ita</strong></span> <span class='ocrx_word' id='word_1_383' title='bbox 3711 1873 3757 1918; x_wconf 83' lang='lat' dir='ltr'><strong>ut</strong></span> 
     </span>
    </p>
   </div>
   <div class='ocr_carea' id='block_1_46' title="bbox 2214 1956 3758 2035">
    <p class='ocr_par' dir='ltr' id='par_1_46' title="bbox 2214 1956 3758 2035">
     <span class='ocr_line' id='line_1_46' title="bbox 2214 1956 3758 2035; baseline -0.001 -25"><span class='ocrx_word' id='word_1_384' title='bbox 2214 1958 2577 2027; x_wconf 84' lang='lat' dir='ltr'><strong>inﬁrmaretur</strong></span> <span class='ocrx_word' id='word_1_385' title='bbox 2615 1968 2827 2027; x_wconf 81' lang='lat' dir='ltr'><strong>propter</strong></span> <span class='ocrx_word' id='word_1_386' title='bbox 2876 1956 3107 2011; x_wconf 81' lang='lat' dir='ltr'><strong>Thamar</strong></span> <span class='ocrx_word' id='word_1_387' title='bbox 3157 1973 3391 2012; x_wconf 84' lang='lat' dir='ltr'><strong>sororem</strong></span> <span class='ocrx_word' id='word_1_388' title='bbox 3434 1972 3611 2035; x_wconf 40' lang='lat' dir='ltr'><strong>sua/m:</strong></span> <span class='ocrx_word' id='word_1_389' title='bbox 3651 1973 3758 2028; x_wconf 87' lang='lat' dir='ltr'><strong>quo-</strong></span> 
     </span>
    </p>
   </div>
   <div class='ocr_carea' id='block_1_47' title="bbox 2214 2048 3760 2121">
    <p class='ocr_par' dir='ltr' id='par_1_47' title="bbox 2214 2048 3760 2121">
     <span class='ocr_line' id='line_1_47' title="bbox 2214 2048 3760 2121; baseline 0.001 -19"><span class='ocrx_word' id='word_1_390' title='bbox 2214 2050 2358 2104; x_wconf 88' lang='lat' dir='ltr'><strong>niam</strong></span> <span class='ocrx_word' id='word_1_391' title='bbox 2406 2050 2550 2121; x_wconf 89' lang='lat' dir='ltr'><strong>virgo</strong></span> <span class='ocrx_word' id='word_1_392' title='bbox 2579 2060 2714 2118; x_wconf 79' lang='lat' dir='ltr'><strong>erat,</strong></span> <span class='ocrx_word' id='word_1_393' title='bbox 2739 2059 2787 2104; x_wconf 91' lang='lat' dir='ltr'><strong>et</strong></span> <span class='ocrx_word' id='word_1_394' title='bbox 2815 2065 2968 2121; x_wconf 87' lang='lat' dir='ltr'><strong>grave</strong></span> <span class='ocrx_word' id='word_1_395' title='bbox 2990 2048 3268 2105; x_wconf 87' lang='lat' dir='ltr'><strong>videbatur</strong></span> <span class='ocrx_word' id='word_1_396' title='bbox 3302 2051 3361 2105; x_wconf 87' lang='lat' dir='ltr'><strong>in</strong></span> <span class='ocrx_word' id='word_1_397' title='bbox 3387 2049 3549 2105; x_wconf 88' lang='lat' dir='ltr'><strong>oculis</strong></span> <span class='ocrx_word' id='word_1_398' title='bbox 3580 2049 3760 2104; x_wconf 79' lang='lat' dir='ltr'><strong>Amnon</strong></span> 
     </span>
    </p>
   </div>
   <div class='ocr_carea' id='block_1_48' title="bbox 2212 2138 3759 2211">
    <p class='ocr_par' dir='ltr' id='par_1_48' title="bbox 2212 2138 3759 2211">
     <span class='ocr_line' id='line_1_48' title="bbox 2212 2138 3759 2211; baseline -0.001 -18"><span class='ocrx_word' id='word_1_399' title='bbox 2212 2139 2385 2209; x_wconf 79' lang='lat' dir='ltr'><strong>facere</strong></span> <span class='ocrx_word' id='word_1_400' title='bbox 2409 2139 2458 2194; x_wconf 90' lang='lat' dir='ltr'><strong>ei</strong></span> <span class='ocrx_word' id='word_1_401' title='bbox 2484 2139 2687 2211; x_wconf 88' lang='lat' dir='ltr'><strong>aliquid</strong></span> <span class='ocrx_word' id='word_1_402' title='bbox 2712 2140 2778 2195; x_wconf 73' lang='grc'><strong>’⁸.</strong></span> <span class='ocrx_word' id='word_1_403' title='bbox 2803 2138 2870 2194; x_wconf 89' lang='lat' dir='ltr'><strong>Et</strong></span> <span class='ocrx_word' id='word_1_404' title='bbox 2899 2150 3018 2210; x_wconf 91' lang='lat' dir='ltr'><strong>post</strong></span> <span class='ocrx_word' id='word_1_405' title='bbox 3049 2151 3221 2210; x_wconf 78' lang='lat' dir='ltr'><strong>pauca</strong></span> <span class='ocrx_word' id='word_1_406' title='bbox 3256 2140 3327 2196; x_wconf 88' lang='lat' dir='ltr'><strong>de</strong></span> <span class='ocrx_word' id='word_1_407' title='bbox 3348 2139 3594 2195; x_wconf 89' lang='lat' dir='ltr'><strong>violentia</strong></span> <span class='ocrx_word' id='word_1_408' title='bbox 3618 2153 3759 2210; x_wconf 85' lang='lat' dir='ltr'><strong>quam</strong></span> 
     </span>
    </p>
   </div>
   <div class='ocr_carea' id='block_1_49' title="bbox 2213 2228 3764 2298">
    <p class='ocr_par' dir='ltr' id='par_1_49' title="bbox 2213 2228 3764 2298">
     <span class='ocr_line' id='line_1_49' title="bbox 2213 2228 3764 2298; baseline 0 -14"><span class='ocrx_word' id='word_1_409' title='bbox 2213 2230 2399 2284; x_wconf 91' lang='lat' dir='ltr'><strong>intulit</strong></span> <span class='ocrx_word' id='word_1_410' title='bbox 2426 2231 2643 2286; x_wconf 84' lang='lat' dir='ltr'><strong>Amnon</strong></span> <span class='ocrx_word' id='word_1_411' title='bbox 2678 2229 2920 2286; x_wconf 88' lang='lat' dir='ltr'><strong>Thamar</strong></span> <span class='ocrx_word' id='word_1_412' title='bbox 2961 2231 3137 2287; x_wconf 88' lang='lat' dir='ltr'><strong>sorori</strong></span> <span class='ocrx_word' id='word_1_413' title='bbox 3181 2248 3318 2298; x_wconf 70' lang='lat' dir='ltr'><strong>snte,</strong></span> <span class='ocrx_word' id='word_1_414' title='bbox 3369 2233 3443 2287; x_wconf 90' lang='lat' dir='ltr'><strong>ita</strong></span> <span class='ocrx_word' id='word_1_415' title='bbox 3482 2231 3608 2287; x_wconf 89' lang='lat' dir='ltr'><strong>dicit</strong></span> <span class='ocrx_word' id='word_1_416' title='bbox 3637 2228 3764 2287; x_wconf 80' lang='lat' dir='ltr'><strong>Scri-</strong></span> 
     </span>
    </p>
   </div>
   <div class='ocr_carea' id='block_1_50' title="bbox 2212 2321 3765 2396">
    <p class='ocr_par' dir='ltr' id='par_1_50' title="bbox 2212 2321 3765 2396">
     <span class='ocr_line' id='line_1_50' title="bbox 2212 2321 3765 2396; baseline 0 -20"><span class='ocrx_word' id='word_1_417' title='bbox 2212 2331 2405 2392; x_wconf 89' lang='lat' dir='ltr'><strong>ptura:</strong></span> <span class='ocrx_word' id='word_1_418' title='bbox 2439 2321 2509 2376; x_wconf 84' lang='lat' dir='ltr'><strong>Et</strong></span> <span class='ocrx_word' id='word_1_419' title='bbox 2539 2322 2706 2377; x_wconf 88' lang='lat' dir='ltr'><strong>noluit</strong></span> <span class='ocrx_word' id='word_1_420' title='bbox 2755 2324 2961 2377; x_wconf 85' lang='lat' dir='ltr'><strong>Amnon</strong></span> <span class='ocrx_word' id='word_1_421' title='bbox 2990 2324 3178 2378; x_wconf 85' lang='lat' dir='ltr'><strong>audire</strong></span> <span class='ocrx_word' id='word_1_422' title='bbox 3208 2341 3386 2379; x_wconf 86' lang='lat' dir='ltr'><strong>vocem</strong></span> <span class='ocrx_word' id='word_1_423' title='bbox 3416 2324 3549 2396; x_wconf 85' lang='lat' dir='ltr'><strong>ejus,</strong></span> <span class='ocrx_word' id='word_1_424' title='bbox 3578 2322 3663 2378; x_wconf 84' lang='lat' dir='ltr'><strong>sed</strong></span> <span class='ocrx_word' id='word_1_425' title='bbox 3695 2321 3765 2376; x_wconf 86' lang='lat' dir='ltr'><strong>iu-</strong></span> 
     </span>
    </p>
   </div>
   <div class='ocr_carea' id='block_1_51' title="bbox 2212 2414 3764 2486">
    <p class='ocr_par' dir='ltr' id='par_1_51' title="bbox 2212 2414 3764 2486">
     <span class='ocr_line' id='line_1_51' title="bbox 2212 2414 3764 2486; baseline -0.001 -17"><span class='ocrx_word' id='word_1_426' title='bbox 2212 2414 2379 2469; x_wconf 85' lang='lat' dir='ltr'><strong>valuit</strong></span> <span class='ocrx_word' id='word_1_427' title='bbox 2434 2431 2589 2486; x_wconf 83' lang='lat' dir='ltr'><strong>super</strong></span> <span class='ocrx_word' id='word_1_428' title='bbox 2616 2432 2767 2481; x_wconf 91' lang='lat' dir='ltr'><strong>eam,</strong></span> <span class='ocrx_word' id='word_1_429' title='bbox 2818 2424 2870 2470; x_wconf 91' lang='lat' dir='ltr'><strong>et</strong></span> <span class='ocrx_word' id='word_1_430' title='bbox 2916 2416 3214 2471; x_wconf 82' lang='lat' dir='ltr'><strong>humiliavit</strong></span> <span class='ocrx_word' id='word_1_431' title='bbox 3269 2432 3391 2471; x_wconf 88' lang='lat' dir='ltr'><strong>eam</strong></span> <span class='ocrx_word' id='word_1_432' title='bbox 3422 2458 3438 2481; x_wconf 89' lang='lat'><strong>,</strong></span> <span class='ocrx_word' id='word_1_433' title='bbox 3491 2426 3539 2470; x_wconf 83' lang='lat' dir='ltr'><strong>et</strong></span> <span class='ocrx_word' id='word_1_434' title='bbox 3583 2414 3764 2469; x_wconf 87' lang='lat' dir='ltr'><strong>dormi-</strong></span> 
     </span>
    </p>
   </div>
   <div class='ocr_carea' id='block_1_52' title="bbox 2210 2508 3763 2585">
    <p class='ocr_par' dir='ltr' id='par_1_52' title="bbox 2210 2508 3763 2585">
     <span class='ocr_line' id='line_1_52' title="bbox 2210 2508 3763 2585; baseline -0.003 -21"><span class='ocrx_word' id='word_1_435' title='bbox 2210 2508 2284 2564; x_wconf 91' lang='lat' dir='ltr'><strong>vit</strong></span> <span class='ocrx_word' id='word_1_436' title='bbox 2314 2508 2423 2579; x_wconf 77' lang='lat'><strong>29</strong></span> <span class='ocrx_word' id='word_1_437' title='bbox 2467 2524 2699 2585; x_wconf 75' lang='lat' dir='ltr'><strong>eamea,</strong></span> <span class='ocrx_word' id='word_1_438' title='bbox 2732 2518 2782 2563; x_wconf 89' lang='lat' dir='ltr'><strong>ct</strong></span> <span class='ocrx_word' id='word_1_439' title='bbox 2825 2508 2986 2562; x_wconf 85' lang='lat' dir='ltr'><strong>adivit</strong></span> <span class='ocrx_word' id='word_1_440' title='bbox 3026 2525 3142 2563; x_wconf 90' lang='lat' dir='ltr'><strong>eam</strong></span> <span class='ocrx_word' id='word_1_441' title='bbox 3182 2510 3303 2564; x_wconf 87' lang='lat' dir='ltr'><strong>odio</strong></span> <span class='ocrx_word' id='word_1_442' title='bbox 3346 2510 3552 2564; x_wconf 82' lang='lat' dir='ltr'><strong>Amnon</strong></span> <span class='ocrx_word' id='word_1_443' title='bbox 3594 2523 3763 2579; x_wconf 84' lang='lat' dir='ltr'><strong>magno</strong></span> 
     </span>
    </p>
   </div>
   <div class='ocr_carea' id='block_1_53' title="bbox 2209 2599 3763 2673">
    <p class='ocr_par' dir='ltr' id='par_1_53' title="bbox 2209 2599 3763 2673">
     <span class='ocr_line' id='line_1_53' title="bbox 2209 2599 3763 2673; baseline -0.003 -19"><span class='ocrx_word' id='word_1_444' title='bbox 2209 2599 2397 2654; x_wconf 86' lang='lat' dir='ltr'><strong>valde:</strong></span> <span class='ocrx_word' id='word_1_445' title='bbox 2422 2600 2674 2673; x_wconf 79' lang='lat' dir='ltr'><strong>quoniam</strong></span> <span class='ocrx_word' id='word_1_446' title='bbox 2721 2599 2893 2669; x_wconf 86' lang='lat' dir='ltr'><strong>majus</strong></span> <span class='ocrx_word' id='word_1_447' title='bbox 2931 2611 3043 2654; x_wconf 90' lang='lat' dir='ltr'><strong>erat</strong></span> <span class='ocrx_word' id='word_1_448' title='bbox 3085 2599 3263 2653; x_wconf 87' lang='lat' dir='ltr'><strong>odium</strong></span> <span class='ocrx_word' id='word_1_449' title='bbox 3306 2617 3411 2660; x_wconf 86' lang='lat' dir='ltr'><strong>quo</strong></span> <span class='ocrx_word' id='word_1_450' title='bbox 3442 2599 3619 2654; x_wconf 86' lang='lat' dir='ltr'><strong>oderat</strong></span> <span class='ocrx_word' id='word_1_451' title='bbox 3644 2614 3763 2660; x_wconf 88' lang='lat' dir='ltr'><strong>eam,</strong></span> 
     </span>
    </p>
   </div>
   <div class='ocr_carea' id='block_1_54' title="bbox 2211 2692 3827 2763">
    <p class='ocr_par' dir='ltr' id='par_1_54' title="bbox 2211 2692 3827 2763">
     <span class='ocr_line' id='line_1_54' title="bbox 2211 2692 3827 2763; baseline 0 -19"><span class='ocrx_word' id='word_1_452' title='bbox 2211 2708 2370 2762; x_wconf 82' lang='lat' dir='ltr'><strong>quant</strong></span> <span class='ocrx_word' id='word_1_453' title='bbox 2409 2693 2624 2747; x_wconf 86' lang='lat' dir='ltr'><strong>dilectio</strong></span> <span class='ocrx_word' id='word_1_454' title='bbox 2653 2710 2760 2763; x_wconf 86' lang='lat' dir='ltr'><strong>qua</strong></span> <span class='ocrx_word' id='word_1_455' title='bbox 2799 2692 3056 2746; x_wconf 78' lang='lat' dir='ltr'><strong>dilexerat</strong></span> <span class='ocrx_word' id='word_1_456' title='bbox 3085 2708 3201 2746; x_wconf 83' lang='lat' dir='ltr'><strong>eam</strong></span> <span class='ocrx_word' id='word_1_457' title='bbox 3232 2693 3297 2747; x_wconf 73' lang='grc'><strong>’⁷.</strong></span> <span class='ocrx_word' id='word_1_458' title='bbox 3332 2692 3401 2748; x_wconf 84' lang='grc' dir='ltr'>Ει</span> <span class='ocrx_word' id='word_1_459' title='bbox 3431 2693 3486 2747; x_wconf 90' lang='lat' dir='ltr'><strong>in</strong></span> <span class='ocrx_word' id='word_1_460' title='bbox 3523 2692 3605 2747; x_wconf 87' lang='lat' dir='ltr'><strong>his</strong></span> <span class='ocrx_word' id='word_1_461' title='bbox 3631 2705 3764 2761; x_wconf 84' lang='lat' dir='ltr'><strong>ergo,</strong></span> <span class='ocrx_word' id='word_1_462' title='bbox 3825 2694 3827 2699; x_wconf 58' lang='grc'><em>⁴</em></span> 
     </span>
    </p>
   </div>
   <div class='ocr_carea' id='block_1_55' title="bbox 2211 2788 3763 2861">
    <p class='ocr_par' dir='ltr' id='par_1_55' title="bbox 2211 2788 3763 2861">
     <span class='ocr_line' id='line_1_55' title="bbox 2211 2788 3763 2861; baseline -0.001 -18"><span class='ocrx_word' id='word_1_463' title='bbox 2211 2795 2264 2843; x_wconf 86' lang='lat' dir='ltr'><strong>et</strong></span> <span class='ocrx_word' id='word_1_464' title='bbox 2296 2789 2348 2843; x_wconf 92' lang='lat' dir='ltr'><strong>in</strong></span> <span class='ocrx_word' id='word_1_465' title='bbox 2381 2788 2632 2858; x_wconf 89' lang='lat' dir='ltr'><strong>pluribus</strong></span> <span class='ocrx_word' id='word_1_466' title='bbox 2669 2789 2793 2845; x_wconf 88' lang='lat' dir='ltr'><strong>aliis</strong></span> <span class='ocrx_word' id='word_1_467' title='bbox 2821 2788 2955 2845; x_wconf 90' lang='lat' dir='ltr'><strong>locis</strong></span> <span class='ocrx_word' id='word_1_468' title='bbox 2987 2789 3231 2845; x_wconf 89' lang='lat' dir='ltr'><strong>invenies</strong></span> <span class='ocrx_word' id='word_1_469' title='bbox 3274 2788 3613 2861; x_wconf 88' lang='lat' dir='ltr'><strong>Scripturam</strong></span> <span class='ocrx_word' id='word_1_470' title='bbox 3642 2788 3763 2843; x_wconf 48' lang='lat' dir='ltr'><strong>divi.</strong></span> 
     </span>
    </p>
   </div>
   <div class='ocr_carea' id='block_1_56' title="bbox 2210 2879 3769 2954">
    <p class='ocr_par' dir='ltr' id='par_1_56' title="bbox 2210 2879 3769 2954">
     <span class='ocr_line' id='line_1_56' title="bbox 2210 2879 3769 2954; baseline -0.001 -18"><span class='ocrx_word' id='word_1_471' title='bbox 2210 2897 2339 2937; x_wconf 92' lang='lat' dir='ltr'><strong>nam</strong></span> <span class='ocrx_word' id='word_1_472' title='bbox 2377 2881 2643 2954; x_wconf 80' lang='lat' dir='ltr'><strong>refugisse</strong></span> <span class='ocrx_word' id='word_1_473' title='bbox 2676 2882 2882 2937; x_wconf 90' lang='lat' dir='ltr'><strong>amoris</strong></span> <span class='ocrx_word' id='word_1_474' title='bbox 2914 2882 3263 2949; x_wconf 89' lang='lat' dir='ltr'><strong>vocabulum,</strong></span> <span class='ocrx_word' id='word_1_475' title='bbox 3299 2893 3358 2938; x_wconf 89' lang='lat' dir='ltr'><strong>et</strong></span> <span class='ocrx_word' id='word_1_476' title='bbox 3387 2882 3666 2939; x_wconf 86' lang='lat' dir='ltr'><strong>charitatis</strong></span> <span class='ocrx_word' id='word_1_477' title='bbox 3694 2879 3769 2937; x_wconf 91' lang='lat' dir='ltr'><strong>di-</strong></span> 
     </span>
    </p>
   </div>
   <div class='ocr_carea' id='block_1_57' title="bbox 2210 2972 3771 3046">
    <p class='ocr_par' dir='ltr' id='par_1_57' title="bbox 2210 2972 3771 3046">
     <span class='ocr_line' id='line_1_57' title="bbox 2210 2972 3771 3046; baseline -0.002 -16"><span class='ocrx_word' id='word_1_478' title='bbox 2210 2975 2570 3046; x_wconf 89' lang='lat' dir='ltr'><strong>lectionisque</strong></span> <span class='ocrx_word' id='word_1_479' title='bbox 2604 2976 2873 3045; x_wconf 85' lang='lat' dir='ltr'><strong>posuisse.</strong></span> <span class='ocrx_word' id='word_1_480' title='bbox 2904 2973 3201 3040; x_wconf 88' lang='lat' dir='ltr'><strong>Interdum,</strong></span> <span class='ocrx_word' id='word_1_481' title='bbox 3236 2975 3365 3031; x_wconf 90' lang='lat' dir='ltr'><strong>licet</strong></span> <span class='ocrx_word' id='word_1_482' title='bbox 3392 2991 3543 3043; x_wconf 88' lang='lat' dir='ltr'><strong>raro,</strong></span> <span class='ocrx_word' id='word_1_483' title='bbox 3573 2972 3771 3045; x_wconf 89' lang='lat' dir='ltr'><strong>proprio</strong></span> 
     </span>
    </p>
   </div>
   <div class='ocr_carea' id='block_1_58' title="bbox 523 3063 3769 3157">
    <p class='ocr_par' dir='ltr' id='par_1_58' title="bbox 523 3063 3769 3157">
     <span class='ocr_line' id='line_1_58' title="bbox 523 3063 3769 3157; baseline 0.006 -41"><span class='ocrx_word' id='word_1_484' title='bbox 523 3075 649 3117; x_wconf 88' lang='lat' dir='ltr'><strong>cere</strong></span> <span class='ocrx_word' id='word_1_485' title='bbox 696 3074 749 3118; x_wconf 86' lang='lat' dir='ltr'><strong>et</strong></span> <span class='ocrx_word' id='word_1_486' title='bbox 792 3063 1140 3121; x_wconf 85' lang='lat' dir='ltr'><strong>considerare</strong></span> <span class='ocrx_word' id='word_1_487' title='bbox 1187 3067 1383 3123; x_wconf 90' lang='lat' dir='ltr'><strong>horum</strong></span> <span class='ocrx_word' id='word_1_488' title='bbox 1430 3071 1678 3126; x_wconf 92' lang='lat' dir='ltr'><strong>omnium</strong></span> <span class='ocrx_word' id='word_1_489' title='bbox 1712 3088 1834 3142; x_wconf 62' lang='lat' dir='ltr'><strong>quae</strong></span> <span class='ocrx_word' id='word_1_490' title='bbox 1884 3075 1940 3130; x_wconf 89' lang='lat' dir='ltr'><strong>in</strong></span> <span class='ocrx_word' id='word_1_491' title='bbox 1988 3075 2178 3157; x_wconf 70' lang='lat' dir='ltr'><strong>ipsoc</strong></span> <span class='ocrx_word' id='word_1_492' title='bbox 2215 3077 2396 3123; x_wconf 73' lang='lat' dir='ltr'><strong>lamen</strong></span> <span class='ocrx_word' id='word_1_493' title='bbox 2437 3067 2704 3123; x_wconf 67' lang='lat' dir='ltr'><strong>vocabulo</strong></span> <span class='ocrx_word' id='word_1_494' title='bbox 2755 3082 2998 3123; x_wconf 68' lang='lat' dir='ltr'><strong>amorem</strong></span> <span class='ocrx_word' id='word_1_495' title='bbox 3054 3067 3322 3133; x_wconf 64' lang='grc' dir='ltr'><strong>ηοωίηῢῑ,</strong></span> <span class='ocrx_word' id='word_1_496' title='bbox 3380 3077 3436 3123; x_wconf 74' lang='grc' dir='ltr'>ει</span> <span class='ocrx_word' id='word_1_497' title='bbox 3490 3067 3675 3123; x_wconf 61' lang='lat' dir='ltr'><strong>invitat</strong></span> <span class='ocrx_word' id='word_1_498' title='bbox 3712 3065 3769 3120; x_wconf 65' lang='grc' dir='ltr'><strong>δά</strong></span> 
     </span>
    </p>
   </div>
   <div class='ocr_carea' id='block_1_59' title="bbox 524 3159 2109 3234">
    <p class='ocr_par' dir='ltr' id='par_1_59' title="bbox 524 3159 2109 3234">
     <span class='ocr_line' id='line_1_59' title="bbox 524 3159 2109 3234; baseline 0.009 -24"><span class='ocrx_word' id='word_1_499' title='bbox 524 3165 707 3212; x_wconf 88' lang='lat' dir='ltr'><strong>creata</strong></span> <span class='ocrx_word' id='word_1_500' title='bbox 741 3168 869 3213; x_wconf 89' lang='lat' dir='ltr'><strong>sunt</strong></span> <span class='ocrx_word' id='word_1_501' title='bbox 902 3159 1069 3214; x_wconf 90' lang='lat' dir='ltr'><strong>decus</strong></span> <span class='ocrx_word' id='word_1_502' title='bbox 1092 3170 1144 3216; x_wconf 90' lang='lat' dir='ltr'><strong>et</strong></span> <span class='ocrx_word' id='word_1_503' title='bbox 1168 3162 1426 3231; x_wconf 91' lang='lat' dir='ltr'><strong>speciem,</strong></span> <span class='ocrx_word' id='word_1_504' title='bbox 1457 3164 1574 3234; x_wconf 89' lang='lat' dir='ltr'><strong>ipsa</strong></span> <span class='ocrx_word' id='word_1_505' title='bbox 1609 3180 1790 3221; x_wconf 89' lang='lat' dir='ltr'><strong>rerum</strong></span> <span class='ocrx_word' id='word_1_506' title='bbox 1826 3178 2109 3225; x_wconf 88' lang='lat' dir='ltr'><strong>venustate</strong></span> 
     </span>
    </p>
   </div>
   <div class='ocr_carea' id='block_1_60' title="bbox 522 3252 2107 3329">
    <p class='ocr_par' dir='ltr' id='par_1_60' title="bbox 522 3252 2107 3329">
     <span class='ocr_line' id='line_1_60' title="bbox 522 3252 2107 3329; baseline 0.007 -26"><span class='ocrx_word' id='word_1_507' title='bbox 522 3262 819 3318; x_wconf 88' lang='lat' dir='ltr'><strong>percussus</strong></span> <span class='ocrx_word' id='word_1_508' title='bbox 841 3291 857 3316; x_wconf 95' lang='lat'><strong>,</strong></span> <span class='ocrx_word' id='word_1_509' title='bbox 883 3258 938 3305; x_wconf 92' lang='lat' dir='ltr'><strong>et</strong></span> <span class='ocrx_word' id='word_1_510' title='bbox 965 3252 1270 3322; x_wconf 89' lang='lat' dir='ltr'><strong>splendoris</strong></span> <span class='ocrx_word' id='word_1_511' title='bbox 1316 3254 1718 3324; x_wconf 85' lang='lat' dir='ltr'><strong>magniﬁcentia</strong></span> <span class='ocrx_word' id='word_1_512' title='bbox 1755 3272 1855 3313; x_wconf 90' lang='lat' dir='ltr'><strong>ceu</strong></span> <span class='ocrx_word' id='word_1_513' title='bbox 1899 3259 2107 3329; x_wconf 86' lang='lat' dir='ltr'><strong>jaculo,</strong></span> 
     </span>
    </p>
   </div>
   <div class='ocr_carea' id='block_1_61' title="bbox 523 3339 2107 3420">
    <p class='ocr_par' dir='ltr' id='par_1_61' title="bbox 523 3339 2107 3420">
     <span class='ocr_line' id='line_1_61' title="bbox 523 3339 2107 3420; baseline 0.009 -28"><span class='ocrx_word' id='word_1_514' title='bbox 523 3346 585 3392; x_wconf 94' lang='lat' dir='ltr'><strong>ut</strong></span> <span class='ocrx_word' id='word_1_515' title='bbox 611 3339 689 3393; x_wconf 89' lang='lat' dir='ltr'><strong>ait</strong></span> <span class='ocrx_word' id='word_1_516' title='bbox 710 3341 974 3410; x_wconf 87' lang='lat' dir='ltr'><strong>propheta</strong></span> <span class='ocrx_word' id='word_1_517' title='bbox 997 3341 1066 3409; x_wconf 75' lang='grc' dir='ltr'>ἰ,</span> <span class='ocrx_word' id='word_1_518' title='bbox 1086 3341 1260 3399; x_wconf 89' lang='lat' dir='ltr'><strong>electo</strong></span> <span class='ocrx_word' id='word_1_519' title='bbox 1287 3343 1611 3411; x_wconf 88' lang='lat' dir='ltr'><strong>terebratus,</strong></span> <span class='ocrx_word' id='word_1_520' title='bbox 1638 3345 1875 3403; x_wconf 88' lang='lat' dir='ltr'><strong>salutare</strong></span> <span class='ocrx_word' id='word_1_521' title='bbox 1897 3349 1966 3403; x_wconf 89' lang='lat' dir='ltr'><strong>ab</strong></span> <span class='ocrx_word' id='word_1_522' title='bbox 1988 3350 2107 3420; x_wconf 91' lang='lat' dir='ltr'><strong>ipso</strong></span> 
     </span>
    </p>
   </div>
   <div class='ocr_carea' id='block_1_62' title="bbox 521 3429 2067 3508">
    <p class='ocr_par' dir='ltr' id='par_1_62' title="bbox 521 3429 2067 3508">
     <span class='ocr_line' id='line_1_62' title="bbox 521 3429 2067 3508; baseline 0.009 -25"><span class='ocrx_word' id='word_1_523' title='bbox 521 3429 724 3486; x_wconf 87' lang='lat' dir='ltr'><strong>vulnus</strong></span> <span class='ocrx_word' id='word_1_524' title='bbox 753 3431 1005 3503; x_wconf 85' lang='lat' dir='ltr'><strong>accipiet,</strong></span> <span class='ocrx_word' id='word_1_525' title='bbox 1025 3441 1080 3488; x_wconf 89' lang='lat' dir='ltr'><strong>et</strong></span> <span class='ocrx_word' id='word_1_526' title='bbox 1107 3433 1267 3489; x_wconf 90' lang='lat' dir='ltr'><strong>beato</strong></span> <span class='ocrx_word' id='word_1_527' title='bbox 1290 3434 1414 3503; x_wconf 83' lang='lat' dir='ltr'><strong>igne</strong></span> <span class='ocrx_word' id='word_1_528' title='bbox 1446 3437 1655 3492; x_wconf 88' lang='lat' dir='ltr'><strong>amoris</strong></span> <span class='ocrx_word' id='word_1_529' title='bbox 1681 3438 1803 3508; x_wconf 89' lang='lat' dir='ltr'><strong>ejus</strong></span> <span class='ocrx_word' id='word_1_530' title='bbox 1834 3440 2067 3497; x_wconf 88' lang='lat' dir='ltr'><strong>ardebit.</strong></span> 
     </span>
    </p>
   </div>
   <div class='ocr_carea' id='block_1_63' title="bbox 591 3542 2107 3619">
    <p class='ocr_par' dir='ltr' id='par_1_63' title="bbox 591 3542 2107 3619">
     <span class='ocr_line' id='line_1_63' title="bbox 591 3542 2107 3619; baseline 0.007 -19"><span class='ocrx_word' id='word_1_531' title='bbox 591 3542 821 3614; x_wconf 89' lang='lat' dir='ltr'><strong>Oportet</strong></span> <span class='ocrx_word' id='word_1_532' title='bbox 841 3546 1006 3602; x_wconf 89' lang='lat' dir='ltr'><strong>etiam</strong></span> <span class='ocrx_word' id='word_1_533' title='bbox 1033 3563 1134 3603; x_wconf 88' lang='lat' dir='ltr'><strong>nos</strong></span> <span class='ocrx_word' id='word_1_534' title='bbox 1158 3547 1288 3603; x_wconf 90' lang='lat' dir='ltr'><strong>illud</strong></span> <span class='ocrx_word' id='word_1_535' title='bbox 1321 3547 1484 3612; x_wconf 89' lang='lat' dir='ltr'><strong>scire,</strong></span> <span class='ocrx_word' id='word_1_536' title='bbox 1515 3550 1660 3619; x_wconf 90' lang='lat' dir='ltr'><strong>quod</strong></span> <span class='ocrx_word' id='word_1_537' title='bbox 1697 3551 1920 3609; x_wconf 90' lang='lat' dir='ltr'><strong>illicitus</strong></span> <span class='ocrx_word' id='word_1_538' title='bbox 1948 3570 2107 3611; x_wconf 88' lang='lat' dir='ltr'><strong>amor</strong></span> 
     </span>
    </p>
   </div>
   <div class='ocr_carea' id='block_1_64' title="bbox 519 3638 2106 3710">
    <p class='ocr_par' dir='ltr' id='par_1_64' title="bbox 519 3638 2106 3710">
     <span class='ocr_line' id='line_1_64' title="bbox 519 3638 2106 3710; baseline 0.006 -17"><span class='ocrx_word' id='word_1_539' title='bbox 519 3648 574 3693; x_wconf 89' lang='lat' dir='ltr'><strong>et</strong></span> <span class='ocrx_word' id='word_1_540' title='bbox 601 3646 792 3692; x_wconf 90' lang='lat' dir='ltr'><strong>contra</strong></span> <span class='ocrx_word' id='word_1_541' title='bbox 826 3638 997 3710; x_wconf 90' lang='lat' dir='ltr'><strong>legem</strong></span> <span class='ocrx_word' id='word_1_542' title='bbox 1023 3639 1166 3694; x_wconf 89' lang='lat' dir='ltr'><strong>sicut</strong></span> <span class='ocrx_word' id='word_1_543' title='bbox 1206 3639 1452 3695; x_wconf 89' lang='lat' dir='ltr'><strong>accidere</strong></span> <span class='ocrx_word' id='word_1_544' title='bbox 1499 3650 1680 3710; x_wconf 89' lang='lat' dir='ltr'><strong>potest</strong></span> <span class='ocrx_word' id='word_1_545' title='bbox 1714 3642 1922 3699; x_wconf 90' lang='lat' dir='ltr'><strong>homini</strong></span> <span class='ocrx_word' id='word_1_546' title='bbox 1954 3655 2106 3703; x_wconf 89' lang='lat' dir='ltr'><strong>exte-</strong></span> 
     </span>
    </p>
   </div>
   <div class='ocr_carea' id='block_1_65' title="bbox 518 3728 2102 3809">
    <p class='ocr_par' dir='ltr' id='par_1_65' title="bbox 518 3728 2102 3809">
     <span class='ocr_line' id='line_1_65' title="bbox 518 3728 2102 3809; baseline 0.008 -27"><span class='ocrx_word' id='word_1_547' title='bbox 518 3728 677 3795; x_wconf 87' lang='lat' dir='ltr'><strong>riori,</strong></span> <span class='ocrx_word' id='word_1_548' title='bbox 728 3728 878 3784; x_wconf 88' lang='lat' dir='ltr'><strong>verbi</strong></span> <span class='ocrx_word' id='word_1_549' title='bbox 915 3729 1125 3801; x_wconf 88' lang='lat' dir='ltr'><strong>gratia,</strong></span> <span class='ocrx_word' id='word_1_550' title='bbox 1170 3738 1231 3787; x_wconf 89' lang='lat' dir='ltr'><strong>ut</strong></span> <span class='ocrx_word' id='word_1_551' title='bbox 1260 3746 1370 3786; x_wconf 89' lang='lat' dir='ltr'><strong>non</strong></span> <span class='ocrx_word' id='word_1_552' title='bbox 1399 3745 1657 3801; x_wconf 90' lang='lat' dir='ltr'><strong>sponsam</strong></span> <span class='ocrx_word' id='word_1_553' title='bbox 1691 3734 1777 3789; x_wconf 86' lang='lat' dir='ltr'><strong>vel</strong></span> <span class='ocrx_word' id='word_1_554' title='bbox 1815 3737 2102 3809; x_wconf 89' lang='lat' dir='ltr'><strong>conjugem</strong></span> 
     </span>
    </p>
   </div>
   <div class='ocr_carea' id='block_1_66' title="bbox 519 3810 2104 3895">
    <p class='ocr_par' dir='ltr' id='par_1_66' title="bbox 519 3810 2104 3895">
     <span class='ocr_line' id='line_1_66' title="bbox 519 3810 2104 3895; baseline 0.006 -19"><span class='ocrx_word' id='word_1_555' title='bbox 519 3829 687 3885; x_wconf 88' lang='lat' dir='ltr'><strong>amet,</strong></span> <span class='ocrx_word' id='word_1_556' title='bbox 714 3821 806 3877; x_wconf 91' lang='lat' dir='ltr'><strong>sed</strong></span> <span class='ocrx_word' id='word_1_557' title='bbox 834 3832 928 3878; x_wconf 91' lang='lat' dir='ltr'><strong>aut</strong></span> <span class='ocrx_word' id='word_1_558' title='bbox 955 3810 1296 3880; x_wconf 88' lang='lat' dir='ltr'><strong>meretricem</strong></span> <span class='ocrx_word' id='word_1_559' title='bbox 1324 3832 1420 3879; x_wconf 86' lang='lat' dir='ltr'><strong>aut</strong></span> <span class='ocrx_word' id='word_1_560' title='bbox 1456 3824 1787 3895; x_wconf 87' lang='lat' dir='ltr'><strong>adulteram;</strong></span> <span class='ocrx_word' id='word_1_561' title='bbox 1829 3828 1903 3883; x_wconf 85' lang='lat' dir='ltr'><strong>ita</strong></span> <span class='ocrx_word' id='word_1_562' title='bbox 1941 3838 1995 3884; x_wconf 92' lang='lat' dir='ltr'><strong>et</strong></span> <span class='ocrx_word' id='word_1_563' title='bbox 2018 3830 2104 3886; x_wconf 92' lang='lat' dir='ltr'><strong>in-</strong></span> 
     </span>
    </p>
   </div>
   <div class='ocr_carea' id='block_1_67' title="bbox 519 3912 2100 3991">
    <p class='ocr_par' dir='ltr' id='par_1_67' title="bbox 519 3912 2100 3991">
     <span class='ocr_line' id='line_1_67' title="bbox 519 3912 2100 3991; baseline 0.007 -24"><span class='ocrx_word' id='word_1_564' title='bbox 519 3912 706 3968; x_wconf 89' lang='lat' dir='ltr'><strong>teriori</strong></span> <span class='ocrx_word' id='word_1_565' title='bbox 727 3912 954 3978; x_wconf 87' lang='lat' dir='ltr'><strong>homini,</strong></span> <span class='ocrx_word' id='word_1_566' title='bbox 979 3913 1087 3969; x_wconf 92' lang='lat' dir='ltr'><strong>hoc</strong></span> <span class='ocrx_word' id='word_1_567' title='bbox 1104 3922 1188 3970; x_wconf 87' lang='lat' dir='ltr'><strong>est</strong></span> <span class='ocrx_word' id='word_1_568' title='bbox 1214 3913 1432 3979; x_wconf 64' lang='lat' dir='ltr'><strong>animae,</strong></span> <span class='ocrx_word' id='word_1_569' title='bbox 1455 3916 1701 3972; x_wconf 87' lang='lat' dir='ltr'><strong>accidere</strong></span> <span class='ocrx_word' id='word_1_570' title='bbox 1724 3926 1903 3987; x_wconf 89' lang='lat' dir='ltr'><strong>potest</strong></span> <span class='ocrx_word' id='word_1_571' title='bbox 1923 3935 2100 3991; x_wconf 89' lang='lat' dir='ltr'><strong>amor,</strong></span> 
     </span>
    </p>
   </div>
   <div class='ocr_carea' id='block_1_68' title="bbox 518 4006 2105 4079">
    <p class='ocr_par' dir='ltr' id='par_1_68' title="bbox 518 4006 2105 4079">
     <span class='ocr_line' id='line_1_68' title="bbox 518 4006 2105 4079; baseline 0.005 -18"><span class='ocrx_word' id='word_1_572' title='bbox 518 4021 628 4061; x_wconf 90' lang='lat' dir='ltr'><strong>non</strong></span> <span class='ocrx_word' id='word_1_573' title='bbox 664 4006 719 4060; x_wconf 89' lang='lat' dir='ltr'><strong>in</strong></span> <span class='ocrx_word' id='word_1_574' title='bbox 746 4006 1047 4078; x_wconf 86' lang='lat' dir='ltr'><strong>legitimum</strong></span> <span class='ocrx_word' id='word_1_575' title='bbox 1070 4020 1331 4076; x_wconf 87' lang='lat' dir='ltr'><strong>sponsum</strong></span> <span class='ocrx_word' id='word_1_576' title='bbox 1357 4024 1519 4079; x_wconf 89' lang='lat' dir='ltr'><strong>quem</strong></span> <span class='ocrx_word' id='word_1_577' title='bbox 1550 4008 1794 4065; x_wconf 81' lang='lat' dir='ltr'><strong>diximus</strong></span> <span class='ocrx_word' id='word_1_578' title='bbox 1821 4027 1943 4067; x_wconf 86' lang='lat' dir='ltr'><strong>esse</strong></span> <span class='ocrx_word' id='word_1_579' title='bbox 1973 4011 2105 4069; x_wconf 87' lang='lat' dir='ltr'><strong>Ver-</strong></span> 
     </span>
    </p>
   </div>
   <div class='ocr_carea' id='block_1_69' title="bbox 516 4098 2098 4176">
    <p class='ocr_par' dir='ltr' id='par_1_69' title="bbox 516 4098 2098 4176">
     <span class='ocr_line' id='line_1_69' title="bbox 516 4098 2098 4176; baseline 0.005 -21"><span class='ocrx_word' id='word_1_580' title='bbox 516 4099 648 4155; x_wconf 88' lang='lat' dir='ltr'><strong>bum</strong></span> <span class='ocrx_word' id='word_1_581' title='bbox 684 4098 799 4164; x_wconf 91' lang='lat' dir='ltr'><strong>Dei,</strong></span> <span class='ocrx_word' id='word_1_582' title='bbox 823 4100 915 4155; x_wconf 93' lang='lat' dir='ltr'><strong>sed</strong></span> <span class='ocrx_word' id='word_1_583' title='bbox 941 4099 995 4154; x_wconf 92' lang='lat' dir='ltr'><strong>in</strong></span> <span class='ocrx_word' id='word_1_584' title='bbox 1029 4100 1333 4156; x_wconf 91' lang='lat' dir='ltr'><strong>adulterum</strong></span> <span class='ocrx_word' id='word_1_585' title='bbox 1359 4101 1596 4173; x_wconf 87' lang='lat' dir='ltr'><strong>aliquem</strong></span> <span class='ocrx_word' id='word_1_586' title='bbox 1626 4112 1680 4159; x_wconf 91' lang='lat' dir='ltr'><strong>et</strong></span> <span class='ocrx_word' id='word_1_587' title='bbox 1699 4114 2098 4176; x_wconf 84' lang='lat' dir='ltr'><strong>corruptorem.</strong></span> 
     </span>
    </p>
   </div>
   <div class='ocr_carea' id='block_1_70' title="bbox 515 4190 2104 4264">
    <p class='ocr_par' dir='ltr' id='par_1_70' title="bbox 515 4190 2104 4264">
     <span class='ocr_line' id='line_1_70' title="bbox 515 4190 2104 4264; baseline 0.006 -18"><span class='ocrx_word' id='word_1_588' title='bbox 515 4192 675 4258; x_wconf 83' lang='lat' dir='ltr'><strong>Quod</strong></span> <span class='ocrx_word' id='word_1_589' title='bbox 708 4190 812 4246; x_wconf 89' lang='lat' dir='ltr'><strong>sub</strong></span> <span class='ocrx_word' id='word_1_590' title='bbox 848 4191 951 4247; x_wconf 91' lang='lat' dir='ltr'><strong>hac</strong></span> <span class='ocrx_word' id='word_1_591' title='bbox 978 4193 1166 4248; x_wconf 88' lang='lat' dir='ltr'><strong>eadem</strong></span> <span class='ocrx_word' id='word_1_592' title='bbox 1203 4192 1376 4264; x_wconf 87' lang='lat' dir='ltr'><strong>ﬁgura</strong></span> <span class='ocrx_word' id='word_1_593' title='bbox 1399 4196 1680 4251; x_wconf 87' lang='lat' dir='ltr'><strong>evidenter</strong></span> <span class='ocrx_word' id='word_1_594' title='bbox 1699 4196 1939 4253; x_wconf 85' lang='lat' dir='ltr'><strong>declarat</strong></span> <span class='ocrx_word' id='word_1_595' title='bbox 1967 4197 2104 4255; x_wconf 88' lang='lat' dir='ltr'><strong>Eze-</strong></span> 
     </span>
    </p>
   </div>
   <div class='ocr_carea' id='block_1_71' title="bbox 516 4285 2103 4355">
    <p class='ocr_par' dir='ltr' id='par_1_71' title="bbox 516 4285 2103 4355">
     <span class='ocr_line' id='line_1_71' title="bbox 516 4285 2103 4355; baseline 0.006 -15"><span class='ocrx_word' id='word_1_596' title='bbox 516 4286 659 4340; x_wconf 88' lang='lat' dir='ltr'><strong>chiel</strong></span> <span class='ocrx_word' id='word_1_597' title='bbox 682 4286 942 4355; x_wconf 85' lang='lat' dir='ltr'><strong>prepheta</strong></span> <span class='ocrx_word' id='word_1_598' title='bbox 967 4288 1035 4349; x_wconf 79' lang='lat'><strong>&quot;,</strong></span> <span class='ocrx_word' id='word_1_599' title='bbox 1068 4287 1160 4341; x_wconf 90' lang='lat' dir='ltr'><strong>ubi</strong></span> <span class='ocrx_word' id='word_1_600' title='bbox 1184 4285 1395 4342; x_wconf 85' lang='lat' dir='ltr'><strong>Oollam</strong></span> <span class='ocrx_word' id='word_1_601' title='bbox 1421 4298 1476 4343; x_wconf 91' lang='lat' dir='ltr'><strong>et</strong></span> <span class='ocrx_word' id='word_1_602' title='bbox 1516 4287 1767 4344; x_wconf 90' lang='lat' dir='ltr'><strong>Oolibam</strong></span> <span class='ocrx_word' id='word_1_603' title='bbox 1801 4291 2103 4349; x_wconf 83' lang='lat' dir='ltr'><strong>introducit</strong></span> 
     </span>
    </p>
   </div>
   <div class='ocr_carea' id='block_1_72' title="bbox 516 4375 2097 4455">
    <p class='ocr_par' dir='ltr' id='par_1_72' title="bbox 516 4375 2097 4455">
     <span class='ocr_line' id='line_1_72' title="bbox 516 4375 2097 4455; baseline 0.003 -22"><span class='ocrx_word' id='word_1_604' title='bbox 516 4377 620 4433; x_wconf 82' lang='lat' dir='ltr'><strong>sub</strong></span> <span class='ocrx_word' id='word_1_605' title='bbox 637 4376 814 4445; x_wconf 86' lang='lat' dir='ltr'><strong>specie</strong></span> <span class='ocrx_word' id='word_1_606' title='bbox 837 4375 1100 4430; x_wconf 74' lang='lat' dir='ltr'><strong>Samaria:</strong></span> <span class='ocrx_word' id='word_1_607' title='bbox 1123 4385 1177 4431; x_wconf 91' lang='lat' dir='ltr'><strong>et</strong></span> <span class='ocrx_word' id='word_1_608' title='bbox 1199 4375 1559 4455; x_wconf 83' lang='lat' dir='ltr'><strong>Hierusalem,</strong></span> <span class='ocrx_word' id='word_1_609' title='bbox 1578 4379 1888 4436; x_wconf 87' lang='lat' dir='ltr'><strong>adulterino</strong></span> <span class='ocrx_word' id='word_1_610' title='bbox 1910 4398 2097 4438; x_wconf 88' lang='lat' dir='ltr'><strong>amore</strong></span> 
     </span>
    </p>
   </div>
   <div class='ocr_carea' id='block_1_73' title="bbox 2211 3157 3809 3229">
    <p class='ocr_par' dir='ltr' id='par_1_73' title="bbox 2211 3157 3809 3229">
     <span class='ocr_line' id='line_1_73' title="bbox 2211 3157 3809 3229; baseline -0.003 -14"><span class='ocrx_word' id='word_1_611' title='bbox 2211 3176 2337 3215; x_wconf 86' lang='lat' dir='ltr'><strong>eum</strong></span> <span class='ocrx_word' id='word_1_612' title='bbox 2378 3168 2542 3229; x_wconf 91' lang='lat' dir='ltr'><strong>atque</strong></span> <span class='ocrx_word' id='word_1_613' title='bbox 2565 3160 2755 3215; x_wconf 89' lang='lat' dir='ltr'><strong>incitat</strong></span> <span class='ocrx_word' id='word_1_614' title='bbox 2784 3159 3021 3226; x_wconf 90' lang='lat' dir='ltr'><strong>animas,</strong></span> <span class='ocrx_word' id='word_1_615' title='bbox 3054 3168 3114 3214; x_wconf 91' lang='lat' dir='ltr'><strong>ut</strong></span> <span class='ocrx_word' id='word_1_616' title='bbox 3137 3174 3262 3215; x_wconf 89' lang='lat' dir='ltr'><strong>cum</strong></span> <span class='ocrx_word' id='word_1_617' title='bbox 3305 3159 3446 3216; x_wconf 89' lang='lat' dir='ltr'><strong>dicit</strong></span> <span class='ocrx_word' id='word_1_618' title='bbox 3478 3159 3535 3213; x_wconf 92' lang='lat' dir='ltr'><strong>in</strong></span> <span class='ocrx_word' id='word_1_619' title='bbox 3556 3157 3771 3214; x_wconf 81' lang='lat' dir='ltr'><strong>Prover-</strong></span> <span class='ocrx_word' id='word_1_620' title='bbox 3802 3180 3809 3185; x_wconf 61' lang='grc' dir='ltr'><em>ί</em></span> 
     </span>
    </p>
   </div>
   <div class='ocr_carea' id='block_1_74' title="bbox 2208 3251 3774 3323">
    <p class='ocr_par' dir='ltr' id='par_1_74' title="bbox 2208 3251 3774 3323">
     <span class='ocr_line' id='line_1_74' title="bbox 2208 3251 3774 3323; baseline -0.003 -16"><span class='ocrx_word' id='word_1_621' title='bbox 2208 3253 2313 3309; x_wconf 85' lang='lat' dir='ltr'><strong>biis</strong></span> <span class='ocrx_word' id='word_1_622' title='bbox 2343 3254 2410 3308; x_wconf 89' lang='lat' dir='ltr'><strong>de</strong></span> <span class='ocrx_word' id='word_1_623' title='bbox 2440 3253 2707 3323; x_wconf 87' lang='lat' dir='ltr'><strong>sapientia</strong></span> <span class='ocrx_word' id='word_1_624' title='bbox 2733 3271 2746 3307; x_wconf 89' lang='lat'><strong>:</strong></span> <span class='ocrx_word' id='word_1_625' title='bbox 2776 3252 2985 3307; x_wconf 84' lang='lat' dir='ltr'><strong>Adama</strong></span> <span class='ocrx_word' id='word_1_626' title='bbox 3019 3269 3159 3316; x_wconf 87' lang='lat' dir='ltr'><strong>eam,</strong></span> <span class='ocrx_word' id='word_1_627' title='bbox 3198 3262 3247 3307; x_wconf 86' lang='lat' dir='ltr'><strong>et</strong></span> <span class='ocrx_word' id='word_1_628' title='bbox 3280 3254 3514 3308; x_wconf 86' lang='lat' dir='ltr'><strong>servabit</strong></span> <span class='ocrx_word' id='word_1_629' title='bbox 3559 3262 3644 3316; x_wconf 85' lang='lat' dir='ltr'><strong>te;</strong></span> <span class='ocrx_word' id='word_1_630' title='bbox 3676 3251 3774 3304; x_wconf 80' lang='lat' dir='ltr'><strong>cir—</strong></span> 
     </span>
    </p>
   </div>
   <div class='ocr_carea' id='block_1_75' title="bbox 2206 3342 3777 3413">
    <p class='ocr_par' dir='ltr' id='par_1_75' title="bbox 2206 3342 3777 3413">
     <span class='ocr_line' id='line_1_75' title="bbox 2206 3342 3777 3413; baseline -0.003 -14"><span class='ocrx_word' id='word_1_631' title='bbox 2206 3346 2399 3399; x_wconf 80' lang='lat' dir='ltr'><strong>cumda</strong></span> <span class='ocrx_word' id='word_1_632' title='bbox 2422 3361 2560 3409; x_wconf 88' lang='lat' dir='ltr'><strong>eam,</strong></span> <span class='ocrx_word' id='word_1_633' title='bbox 2592 3356 2643 3398; x_wconf 92' lang='lat' dir='ltr'><strong>et</strong></span> <span class='ocrx_word' id='word_1_634' title='bbox 2668 3344 2925 3400; x_wconf 67' lang='lat' dir='ltr'><strong>exaltabit</strong></span> <span class='ocrx_word' id='word_1_635' title='bbox 2963 3353 3049 3409; x_wconf 88' lang='lat' dir='ltr'><strong>te;</strong></span> <span class='ocrx_word' id='word_1_636' title='bbox 3077 3344 3275 3400; x_wconf 80' lang='lat' dir='ltr'><strong>honora</strong></span> <span class='ocrx_word' id='word_1_637' title='bbox 3309 3363 3454 3413; x_wconf 88' lang='lat' dir='ltr'><strong>eam,</strong></span> <span class='ocrx_word' id='word_1_638' title='bbox 3491 3354 3541 3401; x_wconf 90' lang='lat' dir='ltr'><strong>et</strong></span> <span class='ocrx_word' id='word_1_639' title='bbox 3568 3342 3777 3413; x_wconf 43' lang='lat' dir='ltr'><strong>comple‘</strong></span> 
     </span>
    </p>
   </div>
   <div class='ocr_carea' id='block_1_76' title="bbox 2205 3437 3779 3510">
    <p class='ocr_par' dir='ltr' id='par_1_76' title="bbox 2205 3437 3779 3510">
     <span class='ocr_line' id='line_1_76' title="bbox 2205 3437 3779 3510; baseline -0.003 -16"><span class='ocrx_word' id='word_1_640' title='bbox 2205 3448 2381 3494; x_wconf 78' lang='lat' dir='ltr'><strong>ctelur</strong></span> <span class='ocrx_word' id='word_1_641' title='bbox 2413 3450 2463 3494; x_wconf 87' lang='lat' dir='ltr'><strong>te</strong></span> <span class='ocrx_word' id='word_1_642' title='bbox 2497 3439 2563 3492; x_wconf 77' lang='grc'><strong>’⁸.</strong></span> <span class='ocrx_word' id='word_1_643' title='bbox 2591 3438 2697 3494; x_wconf 88' lang='lat' dir='ltr'><strong>Sed</strong></span> <span class='ocrx_word' id='word_1_644' title='bbox 2727 3446 2781 3494; x_wconf 90' lang='lat' dir='ltr'><strong>et</strong></span> <span class='ocrx_word' id='word_1_645' title='bbox 2808 3439 2860 3493; x_wconf 93' lang='lat' dir='ltr'><strong>in</strong></span> <span class='ocrx_word' id='word_1_646' title='bbox 2900 3454 2965 3496; x_wconf 85' lang='lat' dir='ltr'><strong>eo</strong></span> <span class='ocrx_word' id='word_1_647' title='bbox 2995 3439 3175 3495; x_wconf 89' lang='lat' dir='ltr'><strong>libello</strong></span> <span class='ocrx_word' id='word_1_648' title='bbox 3203 3439 3294 3510; x_wconf 91' lang='lat' dir='ltr'><strong>qui</strong></span> <span class='ocrx_word' id='word_1_649' title='bbox 3330 3440 3540 3495; x_wconf 88' lang='lat' dir='ltr'><strong>dicitur</strong></span> <span class='ocrx_word' id='word_1_650' title='bbox 3573 3437 3779 3508; x_wconf 83' lang='lat' dir='ltr'><strong>Sapien-</strong></span> 
     </span>
    </p>
   </div>
   <div class='ocr_carea' id='block_1_77' title="bbox 2207 3531 3773 3604">
    <p class='ocr_par' dir='ltr' id='par_1_77' title="bbox 2207 3531 3773 3604">
     <span class='ocr_line' id='line_1_77' title="bbox 2207 3531 3773 3604; baseline -0.003 -16"><span class='ocrx_word' id='word_1_651' title='bbox 2207 3532 2281 3589; x_wconf 92' lang='lat' dir='ltr'><strong>tia</strong></span> <span class='ocrx_word' id='word_1_652' title='bbox 2307 3533 2638 3599; x_wconf 85' lang='lat' dir='ltr'><strong>Salomonis,</strong></span> <span class='ocrx_word' id='word_1_653' title='bbox 2676 3531 2749 3587; x_wconf 88' lang='lat' dir='ltr'><strong>ita</strong></span> <span class='ocrx_word' id='word_1_654' title='bbox 2788 3533 3051 3603; x_wconf 90' lang='lat' dir='ltr'><strong>scriptum</strong></span> <span class='ocrx_word' id='word_1_655' title='bbox 3096 3540 3182 3588; x_wconf 89' lang='lat' dir='ltr'><strong>est</strong></span> <span class='ocrx_word' id='word_1_656' title='bbox 3218 3532 3286 3589; x_wconf 89' lang='lat' dir='ltr'><strong>de</strong></span> <span class='ocrx_word' id='word_1_657' title='bbox 3322 3533 3447 3604; x_wconf 87' lang='lat' dir='ltr'><strong>ipsa</strong></span> <span class='ocrx_word' id='word_1_658' title='bbox 3484 3531 3773 3604; x_wconf 88' lang='lat' dir='ltr'><strong>sapientia:</strong></span> 
     </span>
    </p>
   </div>
   <div class='ocr_carea' id='block_1_78' title="bbox 2203 3625 3778 3698">
    <p class='ocr_par' dir='ltr' id='par_1_78' title="bbox 2203 3625 3778 3698">
     <span class='ocr_line' id='line_1_78' title="bbox 2203 3625 3778 3698; baseline -0.002 -16"><span class='ocrx_word' id='word_1_659' title='bbox 2203 3629 2430 3682; x_wconf 84' lang='lat' dir='ltr'><strong>Amator</strong></span> <span class='ocrx_word' id='word_1_660' title='bbox 2456 3628 2631 3698; x_wconf 79' lang='lat' dir='ltr'><strong>factus</strong></span> <span class='ocrx_word' id='word_1_661' title='bbox 2672 3644 2794 3682; x_wconf 86' lang='lat' dir='ltr'><strong>sum</strong></span> <span class='ocrx_word' id='word_1_662' title='bbox 2830 3625 3034 3681; x_wconf 85' lang='lat' dir='ltr'><strong>decoris</strong></span> <span class='ocrx_word' id='word_1_663' title='bbox 3070 3627 3183 3696; x_wconf 87' lang='lat' dir='ltr'><strong>ejus</strong></span> <span class='ocrx_word' id='word_1_664' title='bbox 3215 3629 3280 3681; x_wconf 75' lang='grc'><strong>⁸⁸.</strong></span> <span class='ocrx_word' id='word_1_665' title='bbox 3307 3629 3568 3683; x_wconf 86' lang='lat' dir='ltr'><strong>Arbitror</strong></span> <span class='ocrx_word' id='word_1_666' title='bbox 3608 3634 3778 3681; x_wconf 85' lang='lat' dir='ltr'><strong>autem</strong></span> 
     </span>
    </p>
   </div>
   <div class='ocr_carea' id='block_1_79' title="bbox 2203 3717 3778 3793">
    <p class='ocr_par' dir='ltr' id='par_1_79' title="bbox 2203 3717 3778 3793">
     <span class='ocr_line' id='line_1_79' title="bbox 2203 3717 3778 3793; baseline -0.005 -18"><span class='ocrx_word' id='word_1_667' title='bbox 2203 3721 2352 3793; x_wconf 88' lang='lat' dir='ltr'><strong>quod</strong></span> <span class='ocrx_word' id='word_1_668' title='bbox 2386 3719 2480 3773; x_wconf 91' lang='lat' dir='ltr'><strong>ubi</strong></span> <span class='ocrx_word' id='word_1_669' title='bbox 2524 3719 2672 3773; x_wconf 90' lang='lat' dir='ltr'><strong>nulla</strong></span> <span class='ocrx_word' id='word_1_670' title='bbox 2719 3718 2906 3787; x_wconf 91' lang='lat' dir='ltr'><strong>lapsus</strong></span> <span class='ocrx_word' id='word_1_671' title='bbox 2949 3717 3235 3772; x_wconf 87' lang='lat' dir='ltr'><strong>videbatur</strong></span> <span class='ocrx_word' id='word_1_672' title='bbox 3268 3719 3515 3783; x_wconf 89' lang='lat' dir='ltr'><strong>occasio,</strong></span> <span class='ocrx_word' id='word_1_673' title='bbox 3550 3718 3624 3772; x_wconf 91' lang='lat' dir='ltr'><strong>ibi</strong></span> <span class='ocrx_word' id='word_1_674' title='bbox 3666 3726 3778 3770; x_wconf 90' lang='lat' dir='ltr'><strong>tan-</strong></span> 
     </span>
    </p>
   </div>
   <div class='ocr_carea' id='block_1_80' title="bbox 2203 3807 3778 3881">
    <p class='ocr_par' dir='ltr' id='par_1_80' title="bbox 2203 3807 3778 3881">
     <span class='ocr_line' id='line_1_80' title="bbox 2203 3807 3778 3881; baseline -0.004 -13"><span class='ocrx_word' id='word_1_675' title='bbox 2203 3819 2320 3868; x_wconf 76' lang='lat' dir='ltr'><strong>ttln</strong></span> <span class='ocrx_word' id='word_1_676' title='bbox 2354 3826 2554 3867; x_wconf 85' lang='lat' dir='ltr'><strong>nomen</strong></span> <span class='ocrx_word' id='word_1_677' title='bbox 2598 3810 2806 3866; x_wconf 91' lang='lat' dir='ltr'><strong>amoris</strong></span> <span class='ocrx_word' id='word_1_678' title='bbox 2853 3809 3101 3865; x_wconf 89' lang='lat' dir='ltr'><strong>inseruit.</strong></span> <span class='ocrx_word' id='word_1_679' title='bbox 3150 3808 3290 3875; x_wconf 87' lang='lat' dir='ltr'><strong>Quid</strong></span> <span class='ocrx_word' id='word_1_680' title='bbox 3324 3811 3475 3865; x_wconf 83' lang='lat' dir='ltr'><strong>enim</strong></span> <span class='ocrx_word' id='word_1_681' title='bbox 3510 3807 3778 3881; x_wconf 89' lang='lat' dir='ltr'><strong>passibile,</strong></span> 
     </span>
    </p>
   </div>
   <div class='ocr_carea' id='block_1_81' title="bbox 2205 3899 3777 3974">
    <p class='ocr_par' dir='ltr' id='par_1_81' title="bbox 2205 3899 3777 3974">
     <span class='ocr_line' id='line_1_81' title="bbox 2205 3899 3777 3974; baseline -0.004 -15"><span class='ocrx_word' id='word_1_682' title='bbox 2205 3913 2301 3959; x_wconf 90' lang='lat' dir='ltr'><strong>aut</strong></span> <span class='ocrx_word' id='word_1_683' title='bbox 2348 3902 2481 3974; x_wconf 90' lang='lat' dir='ltr'><strong>quid</strong></span> <span class='ocrx_word' id='word_1_684' title='bbox 2534 3901 2856 3956; x_wconf 87' lang='lat' dir='ltr'><strong>indecorum</strong></span> <span class='ocrx_word' id='word_1_685' title='bbox 2909 3900 3083 3970; x_wconf 91' lang='lat' dir='ltr'><strong>possit</strong></span> <span class='ocrx_word' id='word_1_686' title='bbox 3137 3900 3338 3971; x_wconf 87' lang='lat' dir='ltr'><strong>aliquis</strong></span> <span class='ocrx_word' id='word_1_687' title='bbox 3399 3902 3682 3957; x_wconf 88' lang='lat' dir='ltr'><strong>advertere</strong></span> <span class='ocrx_word' id='word_1_688' title='bbox 3726 3899 3777 3953; x_wconf 93' lang='lat' dir='ltr'><strong>in</strong></span> 
     </span>
    </p>
   </div>
   <div class='ocr_carea' id='block_1_82' title="bbox 2215 3988 3785 4063">
    <p class='ocr_par' dir='ltr' id='par_1_82' title="bbox 2215 3988 3785 4063">
     <span class='ocr_line' id='line_1_82' title="bbox 2215 3988 3785 4063; baseline -0.004 -16"><span class='ocrx_word' id='word_1_689' title='bbox 2215 4009 2408 4049; x_wconf 91' lang='lat' dir='ltr'><strong>amore</strong></span> <span class='ocrx_word' id='word_1_690' title='bbox 2438 3992 2742 4063; x_wconf 59' lang='lat' dir='ltr'><strong>sapientiae,</strong></span> <span class='ocrx_word' id='word_1_691' title='bbox 2767 3991 2850 4046; x_wconf 90' lang='lat' dir='ltr'><strong>vel</strong></span> <span class='ocrx_word' id='word_1_692' title='bbox 2893 3991 2946 4046; x_wconf 90' lang='lat' dir='ltr'><strong>in</strong></span> <span class='ocrx_word' id='word_1_693' title='bbox 2978 4006 3043 4046; x_wconf 93' lang='lat' dir='ltr'><strong>eo</strong></span> <span class='ocrx_word' id='word_1_694' title='bbox 3076 3990 3170 4060; x_wconf 90' lang='lat' dir='ltr'><strong>qui</strong></span> <span class='ocrx_word' id='word_1_695' title='bbox 3217 4005 3278 4045; x_wconf 91' lang='lat' dir='ltr'><strong>se</strong></span> <span class='ocrx_word' id='word_1_696' title='bbox 3314 3988 3627 4046; x_wconf 85' lang='lat' dir='ltr'><strong>amatorem</strong></span> <span class='ocrx_word' id='word_1_697' title='bbox 3664 4002 3785 4059; x_wconf 85' lang='lat' dir='ltr'><strong>pro-</strong></span> 
     </span>
    </p>
   </div>
   <div class='ocr_carea' id='block_1_83' title="bbox 2204 4080 3785 4153">
    <p class='ocr_par' dir='ltr' id='par_1_83' title="bbox 2204 4080 3785 4153">
     <span class='ocr_line' id='line_1_83' title="bbox 2204 4080 3785 4153; baseline -0.003 -13"><span class='ocrx_word' id='word_1_698' title='bbox 2204 4085 2426 4140; x_wconf 84' lang='lat' dir='ltr'><strong>ﬁteatur</strong></span> <span class='ocrx_word' id='word_1_699' title='bbox 2486 4099 2610 4140; x_wconf 91' lang='lat' dir='ltr'><strong>esse</strong></span> <span class='ocrx_word' id='word_1_700' title='bbox 2668 4083 2996 4153; x_wconf 59' lang='lat' dir='ltr'><strong>sapientia}?</strong></span> <span class='ocrx_word' id='word_1_701' title='bbox 3047 4081 3184 4137; x_wconf 84' lang='lat' dir='ltr'><strong>Nam</strong></span> <span class='ocrx_word' id='word_1_702' title='bbox 3235 4082 3280 4137; x_wconf 85' lang='lat' dir='ltr'><strong>si</strong></span> <span class='ocrx_word' id='word_1_703' title='bbox 3338 4083 3613 4146; x_wconf 83' lang='lat' dir='ltr'><strong>dixisset,</strong></span> <span class='ocrx_word' id='word_1_704' title='bbox 3662 4080 3785 4151; x_wconf 86' lang='lat' dir='ltr'><strong>quia</strong></span> 
     </span>
    </p>
   </div>
   <div class='ocr_carea' id='block_1_84' title="bbox 2203 4172 3785 4242">
    <p class='ocr_par' dir='ltr' id='par_1_84' title="bbox 2203 4172 3785 4242">
     <span class='ocr_line' id='line_1_84' title="bbox 2203 4172 3785 4242; baseline -0.005 -7"><span class='ocrx_word' id='word_1_705' title='bbox 2203 4178 2479 4235; x_wconf 85' lang='lat' dir='ltr'><strong>adamavit</strong></span> <span class='ocrx_word' id='word_1_706' title='bbox 2526 4178 2611 4232; x_wconf 86' lang='lat' dir='ltr'><strong>vel</strong></span> <span class='ocrx_word' id='word_1_707' title='bbox 2658 4175 2810 4232; x_wconf 87' lang='lat' dir='ltr'><strong>Isaac</strong></span> <span class='ocrx_word' id='word_1_708' title='bbox 2851 4175 3178 4241; x_wconf 89' lang='lat' dir='ltr'><strong>Rebeccam,</strong></span> <span class='ocrx_word' id='word_1_709' title='bbox 3208 4174 3295 4231; x_wconf 92' lang='lat' dir='ltr'><strong>vel</strong></span> <span class='ocrx_word' id='word_1_710' title='bbox 3343 4172 3520 4231; x_wconf 73' lang='lat' dir='ltr'><strong>Iacob</strong></span> <span class='ocrx_word' id='word_1_711' title='bbox 3566 4172 3785 4242; x_wconf 80' lang='lat' dir='ltr'><strong>Rachel,</strong></span> 
     </span>
    </p>
   </div>
   <div class='ocr_carea' id='block_1_85' title="bbox 2204 4269 3785 4344">
    <p class='ocr_par' dir='ltr' id='par_1_85' title="bbox 2204 4269 3785 4344">
     <span class='ocr_line' id='line_1_85' title="bbox 2204 4269 3785 4344; baseline -0.004 -15"><span class='ocrx_word' id='word_1_712' title='bbox 2204 4275 2390 4344; x_wconf 88' lang='lat' dir='ltr'><strong>passio</strong></span> <span class='ocrx_word' id='word_1_713' title='bbox 2425 4272 2616 4342; x_wconf 87' lang='lat' dir='ltr'><strong>utique</strong></span> <span class='ocrx_word' id='word_1_714' title='bbox 2651 4271 2833 4341; x_wconf 88' lang='lat' dir='ltr'><strong>aliqua</strong></span> <span class='ocrx_word' id='word_1_715' title='bbox 2866 4270 3123 4326; x_wconf 89' lang='lat' dir='ltr'><strong>indecora</strong></span> <span class='ocrx_word' id='word_1_716' title='bbox 3153 4284 3248 4339; x_wconf 90' lang='lat' dir='ltr'><strong>per</strong></span> <span class='ocrx_word' id='word_1_717' title='bbox 3286 4269 3405 4325; x_wconf 66' lang='lat' dir='ltr'><strong>haec</strong></span> <span class='ocrx_word' id='word_1_718' title='bbox 3453 4270 3621 4325; x_wconf 88' lang='lat' dir='ltr'><strong>verba</strong></span> <span class='ocrx_word' id='word_1_719' title='bbox 3662 4281 3785 4339; x_wconf 88' lang='lat' dir='ltr'><strong>erga</strong></span> 
     </span>
    </p>
   </div>
   <div class='ocr_carea' id='block_1_86' title="bbox 2201 4360 3787 4433">
    <p class='ocr_par' dir='ltr' id='par_1_86' title="bbox 2201 4360 3787 4433">
     <span class='ocr_line' id='line_1_86' title="bbox 2201 4360 3787 4433; baseline -0.004 -12"><span class='ocrx_word' id='word_1_720' title='bbox 2201 4374 2423 4421; x_wconf 86' lang='lat' dir='ltr'><strong>sanctos</strong></span> <span class='ocrx_word' id='word_1_721' title='bbox 2468 4363 2563 4418; x_wconf 85' lang='lat' dir='ltr'><strong>Dei</strong></span> <span class='ocrx_word' id='word_1_722' title='bbox 2608 4362 2857 4418; x_wconf 87' lang='lat' dir='ltr'><strong>homines</strong></span> <span class='ocrx_word' id='word_1_723' title='bbox 2901 4361 3169 4430; x_wconf 92' lang='lat' dir='ltr'><strong>potuisset</strong></span> <span class='ocrx_word' id='word_1_724' title='bbox 3201 4360 3456 4433; x_wconf 87' lang='lat' dir='ltr'><strong>intelligi,</strong></span> <span class='ocrx_word' id='word_1_725' title='bbox 3497 4361 3649 4433; x_wconf 89' lang='lat' dir='ltr'><strong>apud</strong></span> <span class='ocrx_word' id='word_1_726' title='bbox 3696 4374 3787 4416; x_wconf 86' lang='lat' dir='ltr'><strong>eos</strong></span> 
     </span>
    </p>
   </div>
   <div class='ocr_carea' id='block_1_87' title="bbox 515 4444 3788 4542">
    <p class='ocr_par' dir='ltr' id='par_1_87' title="bbox 515 4444 3788 4542">
     <span class='ocr_line' id='line_1_87' title="bbox 515 4444 3788 4542; baseline -0 -36"><span class='ocrx_word' id='word_1_727' title='bbox 515 4475 825 4540; x_wconf 59' lang='grc' dir='ltr'><strong>ερννηριαε,</strong></span> <span class='ocrx_word' id='word_1_728' title='bbox 876 4467 1020 4523; x_wconf 52' lang='lat' dir='ltr'><strong>sicut</strong></span> <span class='ocrx_word' id='word_1_729' title='bbox 1065 4452 1241 4524; x_wconf 48' lang='lat' dir='ltr'><strong>locus</strong></span> <span class='ocrx_word' id='word_1_730' title='bbox 1266 4468 1383 4538; x_wconf 71' lang='lat' dir='ltr'><strong>ipse</strong></span> <span class='ocrx_word' id='word_1_731' title='bbox 1432 4469 1716 4538; x_wconf 52' lang='lat' dir='ltr'><strong>scriptum</strong></span> <span class='ocrx_word' id='word_1_732' title='bbox 1761 4473 2095 4542; x_wconf 45' lang='lat' dir='ltr'><strong>prophetica</strong></span> <span class='ocrx_word' id='word_1_733' title='bbox 2123 4444 2174 4505; x_wconf 82' lang='grc' dir='ltr'>ι)</span> <span class='ocrx_word' id='word_1_734' title='bbox 2202 4453 2472 4525; x_wconf 70' lang='lat' dir='ltr'><strong>praecipue</strong></span> <span class='ocrx_word' id='word_1_735' title='bbox 2492 4450 2586 4521; x_wconf 90' lang='lat' dir='ltr'><strong>qui</strong></span> <span class='ocrx_word' id='word_1_736' title='bbox 2621 4450 2872 4506; x_wconf 89' lang='lat' dir='ltr'><strong>nesciunt</strong></span> <span class='ocrx_word' id='word_1_737' title='bbox 2897 4466 2926 4504; x_wconf 91' lang='lat' dir='ltr'><strong>a</strong></span> <span class='ocrx_word' id='word_1_738' title='bbox 2956 4451 3135 4505; x_wconf 89' lang='lat' dir='ltr'><strong>littera</strong></span> <span class='ocrx_word' id='word_1_739' title='bbox 3167 4453 3545 4509; x_wconf 88' lang='lat' dir='ltr'><strong>conscendere</strong></span> <span class='ocrx_word' id='word_1_740' title='bbox 3577 4451 3645 4508; x_wconf 89' lang='lat' dir='ltr'><strong>ad</strong></span> <span class='ocrx_word' id='word_1_741' title='bbox 3677 4451 3788 4542; x_wconf 28' lang='lat' dir='ltr'><strong>spis-</strong></span> 
     </span>
    </p>
   </div>
   <div class='ocr_carea' id='block_1_88' title="bbox 516 4541 2108 4627">
    <p class='ocr_par' dir='ltr' id='par_1_88' title="bbox 516 4541 2098 4627">
     <span class='ocr_line' id='line_1_88' title="bbox 516 4541 2098 4627; baseline 0.001 -12"><span class='ocrx_word' id='word_1_742' title='bbox 516 4558 754 4615; x_wconf 83' lang='lat' dir='ltr'><strong>Ostendit</strong></span> <span class='ocrx_word' id='word_1_743' title='bbox 781 4557 1087 4614; x_wconf 89' lang='lat' dir='ltr'><strong>volentibus</strong></span> <span class='ocrx_word' id='word_1_744' title='bbox 1118 4556 1334 4627; x_wconf 84' lang='lat' dir='ltr'><strong>plenius</strong></span> <span class='ocrx_word' id='word_1_745' title='bbox 1362 4558 1524 4613; x_wconf 89' lang='lat' dir='ltr'><strong>scire.</strong></span> <span class='ocrx_word' id='word_1_746' title='bbox 1561 4541 1884 4616; x_wconf 84' lang='lat' dir='ltr'><strong>Exardescit</strong></span> <span class='ocrx_word' id='word_1_747' title='bbox 1914 4571 2098 4618; x_wconf 87' lang='lat' dir='ltr'><strong>autem</strong></span> 
     </span>
    </p>
   </div>
   <div class='ocr_carea' id='block_1_89' title="bbox 2211 4541 3786 4627">
    <p class='ocr_par' dir='ltr' id='par_1_89' title="bbox 2211 4541 3786 4616">
     <span class='ocr_line' id='line_1_89' title="bbox 2211 4541 3786 4616; baseline -0.001 -17"><span class='ocrx_word' id='word_1_748' title='bbox 2211 4547 2386 4601; x_wconf 65' lang='lat' dir='ltr'><strong>ritum.</strong></span> <span class='ocrx_word' id='word_1_749' title='bbox 2416 4544 2781 4616; x_wconf 83' lang='lat' dir='ltr'><strong>Apertissime</strong></span> <span class='ocrx_word' id='word_1_750' title='bbox 2827 4554 3008 4599; x_wconf 89' lang='lat' dir='ltr'><strong>autem</strong></span> <span class='ocrx_word' id='word_1_751' title='bbox 3058 4544 3114 4598; x_wconf 91' lang='lat' dir='ltr'><strong>in</strong></span> <span class='ocrx_word' id='word_1_752' title='bbox 3164 4543 3269 4601; x_wconf 90' lang='lat' dir='ltr'><strong>hoc</strong></span> <span class='ocrx_word' id='word_1_753' title='bbox 3311 4544 3430 4615; x_wconf 91' lang='lat' dir='ltr'><strong>ipso</strong></span> <span class='ocrx_word' id='word_1_754' title='bbox 3472 4544 3661 4600; x_wconf 90' lang='lat' dir='ltr'><strong>libello</strong></span> <span class='ocrx_word' id='word_1_755' title='bbox 3695 4541 3786 4615; x_wconf 91' lang='lat' dir='ltr'><strong>qui</strong></span> 
     </span>
    </p>
   </div>
   <div class='ocr_carea' id='block_1_90' title="bbox 515 4636 3792 4724">
    <p class='ocr_par' dir='ltr' id='par_1_90' title="bbox 515 4636 3792 4724">
     <span class='ocr_line' id='line_1_90' title="bbox 515 4636 3792 4724; baseline -0.001 -16"><span class='ocrx_word' id='word_1_756' title='bbox 515 4652 680 4708; x_wconf 86' lang='lat' dir='ltr'><strong>etiam</strong></span> <span class='ocrx_word' id='word_1_757' title='bbox 706 4652 794 4708; x_wconf 89' lang='lat' dir='ltr'><strong>hic</strong></span> <span class='ocrx_word' id='word_1_758' title='bbox 828 4650 1091 4723; x_wconf 87' lang='lat' dir='ltr'><strong>spiritalis</strong></span> <span class='ocrx_word' id='word_1_759' title='bbox 1125 4665 1279 4706; x_wconf 88' lang='lat' dir='ltr'><strong>amor</strong></span> <span class='ocrx_word' id='word_1_760' title='bbox 1301 4650 1499 4706; x_wconf 62' lang='lat' dir='ltr'><strong>animai</strong></span> <span class='ocrx_word' id='word_1_761' title='bbox 1518 4652 1814 4722; x_wconf 90' lang='lat' dir='ltr'><strong>aliquando</strong></span> <span class='ocrx_word' id='word_1_762' title='bbox 1847 4655 2093 4724; x_wconf 86' lang='lat' dir='ltr'><strong>quidem,</strong></span> <span class='ocrx_word' id='word_1_763' title='bbox 2197 4637 2426 4694; x_wconf 58' lang='lat' dir='ltr'><strong>haben&quot;</strong></span> <span class='ocrx_word' id='word_1_764' title='bbox 2450 4638 2504 4692; x_wconf 77' lang='grc' dir='ltr'><strong>ίη</strong></span> <span class='ocrx_word' id='word_1_765' title='bbox 2543 4637 2820 4703; x_wconf 66' lang='lat' dir='ltr'><strong>manibus.</strong></span> <span class='ocrx_word' id='word_1_766' title='bbox 2852 4636 3057 4691; x_wconf 69' lang='lat' dir='ltr'><strong>amOTiS</strong></span> <span class='ocrx_word' id='word_1_767' title='bbox 3086 4650 3284 4690; x_wconf 71' lang='lat' dir='ltr'><strong>nomen</strong></span> <span class='ocrx_word' id='word_1_768' title='bbox 3310 4636 3614 4695; x_wconf 65' lang='lat' dir='ltr'><strong>Charilaus</strong></span> <span class='ocrx_word' id='word_1_769' title='bbox 3636 4649 3792 4689; x_wconf 63' lang='grc' dir='ltr'><strong>νοω·</strong></span> 
     </span>
    </p>
   </div>
   <div class='ocr_carea' id='block_1_91' title="bbox 517 4728 2108 4815">
    <p class='ocr_par' dir='ltr' id='par_1_91' title="bbox 517 4743 2100 4815">
     <span class='ocr_line' id='line_1_91' title="bbox 517 4743 2100 4815; baseline -0.002 -11"><span class='ocrx_word' id='word_1_770' title='bbox 517 4756 577 4804; x_wconf 92' lang='lat' dir='ltr'><strong>ut</strong></span> <span class='ocrx_word' id='word_1_771' title='bbox 597 4744 938 4810; x_wconf 88' lang='lat' dir='ltr'><strong>edocuimus,</strong></span> <span class='ocrx_word' id='word_1_772' title='bbox 971 4758 1098 4813; x_wconf 90' lang='lat' dir='ltr'><strong>erga</strong></span> <span class='ocrx_word' id='word_1_773' title='bbox 1131 4743 1346 4814; x_wconf 91' lang='lat' dir='ltr'><strong>aliquos</strong></span> <span class='ocrx_word' id='word_1_774' title='bbox 1392 4743 1620 4814; x_wconf 91' lang='lat' dir='ltr'><strong>spiritus</strong></span> <span class='ocrx_word' id='word_1_775' title='bbox 1664 4745 1952 4815; x_wconf 76' lang='lat' dir='ltr'><strong>nequitiae,</strong></span> <span class='ocrx_word' id='word_1_776' title='bbox 1998 4747 2100 4801; x_wconf 87' lang='lat' dir='ltr'><strong>ali-</strong></span> 
     </span>
    </p>
   </div>
   <div class='ocr_carea' id='block_1_92' title="bbox 2211 4728 3789 4815">
    <p class='ocr_par' dir='ltr' id='par_1_92' title="bbox 2211 4728 3789 4800">
     <span class='ocr_line' id='line_1_92' title="bbox 2211 4728 3789 4800; baseline -0.004 -15"><span class='ocrx_word' id='word_1_777' title='bbox 2211 4729 2325 4785; x_wconf 82' lang='lat' dir='ltr'><strong>mlo</strong></span> <span class='ocrx_word' id='word_1_778' title='bbox 2354 4737 2724 4800; x_wconf 89' lang='lat' dir='ltr'><strong>permutatum</strong></span> <span class='ocrx_word' id='word_1_779' title='bbox 2751 4737 2859 4794; x_wconf 88' lang='lat' dir='ltr'><strong>est,</strong></span> <span class='ocrx_word' id='word_1_780' title='bbox 2883 4729 3025 4784; x_wconf 91' lang='lat' dir='ltr'><strong>ineo</strong></span> <span class='ocrx_word' id='word_1_781' title='bbox 3051 4729 3143 4783; x_wconf 88' lang='lat' dir='ltr'><strong>ubi</strong></span> <span class='ocrx_word' id='word_1_782' title='bbox 3167 4728 3340 4783; x_wconf 80' lang='lat' dir='ltr'><strong>dixit:</strong></span> <span class='ocrx_word' id='word_1_783' title='bbox 3372 4729 3650 4800; x_wconf 83' lang='lat' dir='ltr'><strong>Adjuravi</strong></span> <span class='ocrx_word' id='word_1_784' title='bbox 3680 4742 3789 4792; x_wconf 89' lang='lat' dir='ltr'><strong>vos,</strong></span> 
     </span>
    </p>
   </div>
   <div class='ocr_carea' id='block_1_93' title="bbox 516 4818 3794 4911">
    <p class='ocr_par' dir='ltr' id='par_1_93' title="bbox 516 4818 3794 4911">
     <span class='ocr_line' id='line_1_93' title="bbox 516 4818 3794 4911; baseline -0.002 -31"><span class='ocrx_word' id='word_1_785' title='bbox 516 4838 736 4911; x_wconf 66' lang='lat' dir='ltr'><strong>quando</strong></span> <span class='ocrx_word' id='word_1_786' title='bbox 763 4851 892 4910; x_wconf 67' lang='lat' dir='ltr'><strong>erga</strong></span> <span class='ocrx_word' id='word_1_787' title='bbox 917 4836 1177 4907; x_wconf 50' lang='lat' dir='ltr'><strong>spiritum</strong></span> <span class='ocrx_word' id='word_1_788' title='bbox 1218 4847 1469 4892; x_wconf 58' lang='lat' dir='ltr'><strong>sanctum</strong></span> <span class='ocrx_word' id='word_1_789' title='bbox 1499 4847 1554 4893; x_wconf 74' lang='grc' dir='ltr'>ει</span> <span class='ocrx_word' id='word_1_790' title='bbox 1577 4836 1818 4893; x_wconf 66' lang='lat' dir='ltr'><strong>verbum</strong></span> <span class='ocrx_word' id='word_1_791' title='bbox 1852 4838 1965 4906; x_wconf 55' lang='lat' dir='ltr'><strong>Dei,</strong></span> <span class='ocrx_word' id='word_1_792' title='bbox 1995 4841 2092 4910; x_wconf 65' lang='lat' dir='ltr'><strong>qui</strong></span> <span class='ocrx_word' id='word_1_793' title='bbox 2192 4822 2324 4892; x_wconf 66' lang='lat' dir='ltr'><strong>ﬁlim</strong></span> <span class='ocrx_word' id='word_1_794' title='bbox 2361 4820 2728 4887; x_wconf 87' lang='lat' dir='ltr'><strong>Hierusalem,</strong></span> <span class='ocrx_word' id='word_1_795' title='bbox 2760 4821 2807 4875; x_wconf 88' lang='lat' dir='ltr'><strong>si</strong></span> <span class='ocrx_word' id='word_1_796' title='bbox 2842 4820 3141 4874; x_wconf 85' lang='lat' dir='ltr'><strong>inveneritis</strong></span> <span class='ocrx_word' id='word_1_797' title='bbox 3169 4818 3478 4891; x_wconf 81' lang='lat' dir='ltr'><strong>fratruelem</strong></span> <span class='ocrx_word' id='word_1_798' title='bbox 3509 4837 3710 4889; x_wconf 82' lang='lat' dir='ltr'><strong>meum,</strong></span> <span class='ocrx_word' id='word_1_799' title='bbox 3737 4828 3794 4874; x_wconf 86' lang='lat' dir='ltr'><strong>ut</strong></span> 
     </span>
    </p>
   </div>
   <div class='ocr_carea' id='block_1_94' title="bbox 516 4916 2108 5005">
    <p class='ocr_par' dir='ltr' id='par_1_94' title="bbox 516 4929 2095 5005">
     <span class='ocr_line' id='line_1_94' title="bbox 516 4929 2095 5005; baseline 0.001 -17"><span class='ocrx_word' id='word_1_800' title='bbox 516 4942 601 4990; x_wconf 87' lang='lat' dir='ltr'><strong>est</strong></span> <span class='ocrx_word' id='word_1_801' title='bbox 627 4947 864 5005; x_wconf 87' lang='lat' dir='ltr'><strong>sponsus</strong></span> <span class='ocrx_word' id='word_1_802' title='bbox 896 4930 1069 4988; x_wconf 88' lang='lat' dir='ltr'><strong>ﬁdelis</strong></span> <span class='ocrx_word' id='word_1_803' title='bbox 1107 4939 1162 4988; x_wconf 89' lang='lat' dir='ltr'><strong>et</strong></span> <span class='ocrx_word' id='word_1_804' title='bbox 1189 4929 1417 4987; x_wconf 72' lang='lat' dir='ltr'><strong>eruditae</strong></span> <span class='ocrx_word' id='word_1_805' title='bbox 1447 4930 1645 4985; x_wconf 83' lang='lat' dir='ltr'><strong>animae</strong></span> <span class='ocrx_word' id='word_1_806' title='bbox 1676 4932 1762 4986; x_wconf 88' lang='lat' dir='ltr'><strong>vir</strong></span> <span class='ocrx_word' id='word_1_807' title='bbox 1784 4932 2004 5000; x_wconf 89' lang='lat' dir='ltr'><strong>dicitur,</strong></span> <span class='ocrx_word' id='word_1_808' title='bbox 2037 4942 2095 4989; x_wconf 87' lang='lat' dir='ltr'><strong>et</strong></span> 
     </span>
    </p>
   </div>
   <div class='ocr_carea' id='block_1_95' title="bbox 2211 4916 3793 5005">
    <p class='ocr_par' dir='ltr' id='par_1_95' title="bbox 2211 4916 3793 4990">
     <span class='ocr_line' id='line_1_95' title="bbox 2211 4916 3793 4990; baseline -0.001 -18"><span class='ocrx_word' id='word_1_809' title='bbox 2211 4920 2524 4973; x_wconf 79' lang='lat' dir='ltr'><strong>annumietis</strong></span> <span class='ocrx_word' id='word_1_810' title='bbox 2546 4921 2616 4983; x_wconf 84' lang='lat' dir='ltr'><strong>ei,</strong></span> <span class='ocrx_word' id='word_1_811' title='bbox 2639 4919 2765 4990; x_wconf 87' lang='lat' dir='ltr'><strong>quia</strong></span> <span class='ocrx_word' id='word_1_812' title='bbox 2801 4918 3091 4973; x_wconf 64' lang='lat' dir='ltr'><strong>vulneratae</strong></span> <span class='ocrx_word' id='word_1_813' title='bbox 3121 4917 3403 4971; x_wconf 84' lang='lat' dir='ltr'><strong>charitatis</strong></span> <span class='ocrx_word' id='word_1_814' title='bbox 3428 4933 3529 4987; x_wconf 88' lang='lat' dir='ltr'><strong>ego</strong></span> <span class='ocrx_word' id='word_1_815' title='bbox 3560 4933 3685 4971; x_wconf 83' lang='lat' dir='ltr'><strong>sum</strong></span> <span class='ocrx_word' id='word_1_816' title='bbox 3712 4916 3793 4983; x_wconf 83' lang='grc'><strong>³⁰;</strong></span> 
     </span>
    </p>
   </div>
   <div class='ocr_carea' id='block_1_96' title="bbox 516 5006 3798 5097">
    <p class='ocr_par' dir='ltr' id='par_1_96' title="bbox 516 5006 3798 5097">
     <span class='ocr_line' id='line_1_96' title="bbox 516 5006 3798 5097; baseline 0 -19"><span class='ocrx_word' id='word_1_817' title='bbox 516 5024 673 5094; x_wconf 90' lang='lat' dir='ltr'><strong>cujus</strong></span> <span class='ocrx_word' id='word_1_818' title='bbox 695 5024 811 5097; x_wconf 87' lang='lat' dir='ltr'><strong>ipsa</strong></span> <span class='ocrx_word' id='word_1_819' title='bbox 841 5038 1042 5096; x_wconf 86' lang='lat' dir='ltr'><strong>sponsa</strong></span> <span class='ocrx_word' id='word_1_820' title='bbox 1074 5022 1131 5078; x_wconf 92' lang='lat' dir='ltr'><strong>in</strong></span> <span class='ocrx_word' id='word_1_821' title='bbox 1177 5022 1281 5079; x_wconf 87' lang='lat' dir='ltr'><strong>hac</strong></span> <span class='ocrx_word' id='word_1_822' title='bbox 1323 5022 1593 5093; x_wconf 67' lang='lat' dir='ltr'><strong>praecipue</strong></span> <span class='ocrx_word' id='word_1_823' title='bbox 1641 5022 1913 5093; x_wconf 85' lang='lat' dir='ltr'><strong>scriptura</strong></span> <span class='ocrx_word' id='word_1_824' title='bbox 1970 5039 2093 5095; x_wconf 85' lang='lat' dir='ltr'><strong>quae</strong></span> <span class='ocrx_word' id='word_1_825' title='bbox 2195 5024 2298 5081; x_wconf 78' lang='grc' dir='ltr'><strong>ιπο</strong></span> <span class='ocrx_word' id='word_1_826' title='bbox 2329 5025 2396 5065; x_wconf 75' lang='lat' dir='ltr'><strong>eo</strong></span> <span class='ocrx_word' id='word_1_827' title='bbox 2426 5011 2613 5097; x_wconf 54' lang='lat' dir='ltr'><strong>&quot;illi&quot;?</strong></span> <span class='ocrx_word' id='word_1_828' title='bbox 2643 5019 2701 5064; x_wconf 78' lang='grc' dir='ltr'><strong>ιιι</strong></span> <span class='ocrx_word' id='word_1_829' title='bbox 2736 5009 2978 5065; x_wconf 62' lang='lat' dir='ltr'><strong>dicere“</strong></span> <span class='ocrx_word' id='word_1_830' title='bbox 3014 5008 3224 5061; x_wconf 70' lang='grc' dir='ltr'><strong>Αηιοτίδ</strong></span> <span class='ocrx_word' id='word_1_831' title='bbox 3258 5007 3373 5076; x_wconf 63' lang='grc' dir='ltr'><em>εἰπε</em></span> <span class='ocrx_word' id='word_1_832' title='bbox 3405 5006 3514 5060; x_wconf 67' lang='grc' dir='ltr'><strong>τειο</strong></span> <span class='ocrx_word' id='word_1_833' title='bbox 3540 5022 3798 5078; x_wconf 71' lang='grc' dir='ltr'><strong>Ρενουεεα</strong></span> 
     </span>
    </p>
   </div>
   <div class='ocr_carea' id='block_1_97' title="bbox 517 5095 2108 5187">
    <p class='ocr_par' dir='ltr' id='par_1_97' title="bbox 517 5095 2093 5187">
     <span class='ocr_line' id='line_1_97' title="bbox 517 5095 2093 5187; baseline 0.001 -15"><span class='ocrx_word' id='word_1_834' title='bbox 517 5095 748 5173; x_wconf 82' lang='lat' dir='ltr'><strong>habetur</strong></span> <span class='ocrx_word' id='word_1_835' title='bbox 771 5116 825 5172; x_wconf 92' lang='lat' dir='ltr'><strong>in</strong></span> <span class='ocrx_word' id='word_1_836' title='bbox 853 5095 1105 5172; x_wconf 87' lang='lat' dir='ltr'><strong>manibus</strong></span> <span class='ocrx_word' id='word_1_837' title='bbox 1134 5115 1469 5183; x_wconf 89' lang='lat' dir='ltr'><strong>nominatur,</strong></span> <span class='ocrx_word' id='word_1_838' title='bbox 1498 5114 1642 5172; x_wconf 88' lang='lat' dir='ltr'><strong>sicut</strong></span> <span class='ocrx_word' id='word_1_839' title='bbox 1665 5124 1959 5187; x_wconf 64' lang='lat' dir='ltr'><strong>praestante</strong></span> <span class='ocrx_word' id='word_1_840' title='bbox 1985 5116 2093 5173; x_wconf 88' lang='lat' dir='ltr'><strong>Do-</strong></span> 
     </span>
    </p>
   </div>
   <div class='ocr_carea' id='block_1_98' title="bbox 2211 5095 3795 5187">
    <p class='ocr_par' dir='ltr' id='par_1_98' title="bbox 2211 5095 3795 5172">
     <span class='ocr_line' id='line_1_98' title="bbox 2211 5095 3795 5172; baseline -0.003 -16"><span class='ocrx_word' id='word_1_841' title='bbox 2211 5119 2335 5158; x_wconf 61' lang='lat' dir='ltr'><strong>rum.</strong></span> <span class='ocrx_word' id='word_1_842' title='bbox 2365 5099 2513 5156; x_wconf 87' lang='lat' dir='ltr'><strong>Nihil</strong></span> <span class='ocrx_word' id='word_1_843' title='bbox 2543 5095 2671 5172; x_wconf 75' lang='lat' dir='ltr'><strong>ergo</strong></span> <span class='ocrx_word' id='word_1_844' title='bbox 2696 5100 2921 5155; x_wconf 90' lang='lat' dir='ltr'><strong>interest</strong></span> <span class='ocrx_word' id='word_1_845' title='bbox 2943 5098 2997 5153; x_wconf 91' lang='lat' dir='ltr'><strong>in</strong></span> <span class='ocrx_word' id='word_1_846' title='bbox 3023 5098 3317 5168; x_wconf 80' lang='lat' dir='ltr'><strong>Scripturis</strong></span> <span class='ocrx_word' id='word_1_847' title='bbox 3344 5097 3577 5164; x_wconf 81' lang='lat' dir='ltr'><strong>divinis,</strong></span> <span class='ocrx_word' id='word_1_848' title='bbox 3607 5109 3795 5153; x_wconf 89' lang='lat' dir='ltr'><strong>utrum</strong></span> 
     </span>
    </p>
   </div>
   <div class='ocr_carea' id='block_1_99' title="bbox 517 5191 3798 5282">
    <p class='ocr_par' dir='ltr' id='par_1_99' title="bbox 517 5191 3798 5282">
     <span class='ocr_line' id='line_1_99' title="bbox 517 5191 3798 5282; baseline -0.002 -17"><span class='ocrx_word' id='word_1_849' title='bbox 517 5210 668 5266; x_wconf 87' lang='lat' dir='ltr'><strong>mino</strong></span> <span class='ocrx_word' id='word_1_850' title='bbox 687 5208 899 5282; x_wconf 90' lang='lat' dir='ltr'><strong>plenius</strong></span> <span class='ocrx_word' id='word_1_851' title='bbox 932 5207 1307 5275; x_wconf 89' lang='lat' dir='ltr'><strong>ostendemus,</strong></span> <span class='ocrx_word' id='word_1_852' title='bbox 1346 5222 1472 5263; x_wconf 88' lang='lat' dir='ltr'><strong>cum</strong></span> <span class='ocrx_word' id='word_1_853' title='bbox 1515 5206 1679 5262; x_wconf 86' lang='lat' dir='ltr'><strong>verba</strong></span> <span class='ocrx_word' id='word_1_854' title='bbox 1711 5206 1888 5278; x_wconf 88' lang='lat' dir='ltr'><strong>ipsius</strong></span> <span class='ocrx_word' id='word_1_855' title='bbox 1917 5206 2088 5263; x_wconf 87' lang='lat' dir='ltr'><strong>libelli</strong></span> <span class='ocrx_word' id='word_1_856' title='bbox 2192 5197 2436 5252; x_wconf 69' lang='lat' dir='ltr'><strong>Charilas</strong></span> <span class='ocrx_word' id='word_1_857' title='bbox 2467 5195 2700 5261; x_wconf 65' lang='lat' dir='ltr'><strong>dicam&quot;.</strong></span> <span class='ocrx_word' id='word_1_858' title='bbox 2730 5209 2800 5248; x_wconf 75' lang='lat' dir='ltr'><strong>an</strong></span> <span class='ocrx_word' id='word_1_859' title='bbox 2845 5208 3023 5259; x_wconf 63' lang='lat' dir='ltr'><strong>amor.</strong></span> <span class='ocrx_word' id='word_1_860' title='bbox 3051 5191 3136 5247; x_wconf 78' lang='lat' dir='ltr'><strong>V01</strong></span> <span class='ocrx_word' id='word_1_861' title='bbox 3184 5191 3403 5248; x_wconf 64' lang='lat' dir='ltr'><strong>dilectio</strong></span> <span class='ocrx_word' id='word_1_862' title='bbox 3426 5228 3442 5257; x_wconf 80' lang='grc' dir='ltr'><strong>ι</strong></span> <span class='ocrx_word' id='word_1_863' title='bbox 3478 5193 3601 5248; x_wconf 76' lang='lat' dir='ltr'><strong>nisi</strong></span> <span class='ocrx_word' id='word_1_864' title='bbox 3646 5193 3798 5264; x_wconf 76' lang='lat' dir='ltr'><strong>quod</strong></span> 
     </span>
    </p>
   </div>
   <div class='ocr_carea' id='block_1_100' title="bbox 514 5287 3799 5374">
    <p class='ocr_par' dir='ltr' id='par_1_100' title="bbox 514 5287 3799 5374">
     <span class='ocr_line' id='line_1_100' title="bbox 514 5287 3799 5374; baseline -0.005 -16"><span class='ocrx_word' id='word_1_865' title='bbox 514 5303 810 5374; x_wconf 88' lang='lat' dir='ltr'><strong>explanare</strong></span> <span class='ocrx_word' id='word_1_866' title='bbox 842 5302 1191 5372; x_wconf 65' lang='lat' dir='ltr'><strong>conperimus.</strong></span> <span class='ocrx_word' id='word_1_867' title='bbox 1233 5298 1463 5357; x_wconf 77' lang='lat' dir='ltr'><strong>Videtur</strong></span> <span class='ocrx_word' id='word_1_868' title='bbox 1490 5307 1674 5355; x_wconf 89' lang='lat' dir='ltr'><strong>autem</strong></span> <span class='ocrx_word' id='word_1_869' title='bbox 1716 5299 1854 5355; x_wconf 91' lang='lat' dir='ltr'><strong>mihi</strong></span> <span class='ocrx_word' id='word_1_870' title='bbox 1900 5301 2084 5357; x_wconf 75' lang='lat' dir='ltr'><strong>divina</strong></span> <span class='ocrx_word' id='word_1_871' title='bbox 2195 5296 2247 5348; x_wconf 93' lang='lat' dir='ltr'><strong>in</strong></span> <span class='ocrx_word' id='word_1_872' title='bbox 2274 5303 2482 5349; x_wconf 89' lang='lat' dir='ltr'><strong>tantum</strong></span> <span class='ocrx_word' id='word_1_873' title='bbox 2509 5306 2706 5347; x_wconf 89' lang='lat' dir='ltr'><strong>nomen</strong></span> <span class='ocrx_word' id='word_1_874' title='bbox 2733 5288 3018 5345; x_wconf 88' lang='lat' dir='ltr'><strong>charitatis</strong></span> <span class='ocrx_word' id='word_1_875' title='bbox 3045 5287 3346 5353; x_wconf 84' lang='lat' dir='ltr'><strong>extollitur,</strong></span> <span class='ocrx_word' id='word_1_876' title='bbox 3375 5296 3435 5342; x_wconf 91' lang='lat' dir='ltr'><strong>ut</strong></span> <span class='ocrx_word' id='word_1_877' title='bbox 3466 5288 3653 5343; x_wconf 88' lang='lat' dir='ltr'><strong>etiam</strong></span> <span class='ocrx_word' id='word_1_878' title='bbox 3679 5288 3799 5360; x_wconf 90' lang='lat' dir='ltr'><strong>ipse</strong></span> 
     </span>
    </p>
   </div>
   <div class='ocr_carea' id='block_1_101' title="bbox 1158 5447 2108 5529">
    <p class='ocr_par' dir='ltr' id='par_1_101' title="bbox 1158 5460 2108 5529">
     <span class='ocr_line' id='line_1_101' title="bbox 1158 5460 2108 5529; baseline 0.002 -11"><span class='ocrx_word' id='word_1_879' title='bbox 1158 5465 1205 5497; x_wconf 85' lang='grc'><strong>¹⁰</strong></span> <span class='ocrx_word' id='word_1_880' title='bbox 1241 5460 1414 5518; x_wconf 78' lang='lat' dir='ltr'><strong>Exod.</strong></span> <span class='ocrx_word' id='word_1_881' title='bbox 1450 5477 1606 5529; x_wconf 71' lang='grc' dir='ltr'>χχιιι,</span> <span class='ocrx_word' id='word_1_882' title='bbox 1631 5461 1720 5517; x_wconf 89' lang='lat'><strong>26.</strong></span> <span class='ocrx_word' id='word_1_883' title='bbox 1797 5465 1841 5496; x_wconf 81' lang='grc'><strong>¹¹</strong></span> <span class='ocrx_word' id='word_1_884' title='bbox 1874 5460 1980 5519; x_wconf 88' lang='lat' dir='ltr'><strong>lsa.</strong></span> <span class='ocrx_word' id='word_1_885' title='bbox 2006 5480 2108 5520; x_wconf 73' lang='lat' dir='ltr'><strong>xu:</strong></span> 
     </span>
    </p>
   </div>
   <div class='ocr_carea' id='block_1_102' title="bbox 2211 5447 3800 5529">
    <p class='ocr_par' dir='ltr' id='par_1_102' title="bbox 2211 5447 3800 5529">
     <span class='ocr_line' id='line_1_102' title="bbox 2211 5447 3800 5529; baseline -0.006 -16"><span class='ocrx_word' id='word_1_886' title='bbox 2211 5465 2257 5519; x_wconf 72' lang='grc' dir='ltr'><strong>Ξ,</strong></span> <span class='ocrx_word' id='word_1_887' title='bbox 2334 5462 2379 5493; x_wconf 81' lang='grc'>”</span> <span class='ocrx_word' id='word_1_888' title='bbox 2425 5455 2622 5513; x_wconf 87' lang='lat' dir='ltr'><strong>Ezech.</strong></span> <span class='ocrx_word' id='word_1_889' title='bbox 2667 5468 2826 5529; x_wconf 59' lang='lat' dir='ltr'><strong>xxiii.</strong></span> <span class='ocrx_word' id='word_1_890' title='bbox 2936 5452 2981 5484; x_wconf 79' lang='lat'><strong>”</strong></span> <span class='ocrx_word' id='word_1_891' title='bbox 3017 5450 3348 5529; x_wconf 39' lang='grc' dir='ltr'><strong>(ῗιιξιιιιιιιιςζ</strong></span> <span class='ocrx_word' id='word_1_892' title='bbox 3375 5447 3464 5529; x_wconf 43' lang='grc' dir='ltr'><strong>6Α7.</strong></span> <span class='ocrx_word' id='word_1_893' title='bbox 3575 5450 3631 5483; x_wconf 68' lang='grc'><strong>³⁸</strong></span> <span class='ocrx_word' id='word_1_894' title='bbox 3656 5448 3800 5529; x_wconf 69' lang='lat' dir='ltr'><strong>Gen.</strong></span> 
     </span>
    </p>
   </div>
   <div class='ocr_carea' id='block_1_103' title="bbox 593 5463 2108 5602">
    <p class='ocr_par' dir='ltr' id='par_1_103' title="bbox 593 5463 2108 5602">
     <span class='ocr_line' id='line_1_103' title="bbox 593 5463 2108 5537; baseline 0 -17"><span class='ocrx_word' id='word_1_895' title='bbox 593 5463 680 5521; x_wconf 76' lang='lat'><strong>“1</strong></span> <span class='ocrx_word' id='word_1_896' title='bbox 711 5463 847 5537; x_wconf 88' lang='lat' dir='ltr'><strong>Reg.</strong></span> <span class='ocrx_word' id='word_1_897' title='bbox 889 5478 969 5531; x_wconf 91' lang='grc' dir='ltr'><strong>ιι,</strong></span> <span class='ocrx_word' id='word_1_898' title='bbox 1021 5463 1076 5518; x_wconf 80' lang='lat'><strong>5.</strong></span> <span class='ocrx_word' id='word_1_899' title='bbox 1158 5465 1205 5497; x_wconf 85' lang='grc'><strong>¹⁰</strong></span> <span class='ocrx_word' id='word_1_900' title='bbox 1241 5463 1414 5518; x_wconf 78' lang='lat' dir='ltr'><strong>Exod.</strong></span> <span class='ocrx_word' id='word_1_901' title='bbox 1450 5477 1606 5529; x_wconf 85' lang='lat' dir='ltr'><strong>xxttt,</strong></span> <span class='ocrx_word' id='word_1_902' title='bbox 1631 5463 1720 5517; x_wconf 90' lang='lat'><strong>26.</strong></span> <span class='ocrx_word' id='word_1_903' title='bbox 1797 5465 1841 5496; x_wconf 81' lang='grc'><strong>¹¹</strong></span> <span class='ocrx_word' id='word_1_904' title='bbox 1874 5463 1980 5519; x_wconf 89' lang='lat' dir='ltr'><strong>lsa.</strong></span> <span class='ocrx_word' id='word_1_905' title='bbox 2006 5480 2108 5520; x_wconf 73' lang='lat' dir='ltr'><strong>xu:</strong></span> 
     </span>
     <span class='ocr_line' id='line_1_104' title="bbox 595 5533 2005 5602; baseline -0.001 -11"><span class='ocrx_word' id='word_1_906' title='bbox 595 5553 669 5601; x_wconf 79' lang='lat' dir='ltr'><strong>ix,</strong></span> <span class='ocrx_word' id='word_1_907' title='bbox 707 5537 797 5602; x_wconf 72' lang='lat' dir='ltr'><strong>i7,</strong></span> <span class='ocrx_word' id='word_1_908' title='bbox 849 5534 939 5591; x_wconf 74' lang='grc'><strong>18.</strong></span> <span class='ocrx_word' id='word_1_909' title='bbox 1032 5536 1076 5568; x_wconf 79' lang='grc'><strong><em>⁸⁵</em></strong></span> <span class='ocrx_word' id='word_1_910' title='bbox 1106 5533 1150 5589; x_wconf 90' lang='lat' dir='ltr'><strong>ll</strong></span> <span class='ocrx_word' id='word_1_911' title='bbox 1191 5533 1323 5602; x_wconf 87' lang='lat' dir='ltr'><strong>Reg.</strong></span> <span class='ocrx_word' id='word_1_912' title='bbox 1354 5549 1474 5600; x_wconf 85' lang='lat' dir='ltr'><strong>xm,</strong></span> <span class='ocrx_word' id='word_1_913' title='bbox 1522 5535 1573 5588; x_wconf 87' lang='lat' dir='ltr'><strong>l.</strong></span> <span class='ocrx_word' id='word_1_914' title='bbox 1669 5535 1716 5567; x_wconf 78' lang='lat'>“</span> <span class='ocrx_word' id='word_1_915' title='bbox 1747 5534 1900 5602; x_wconf 87' lang='lat' dir='ltr'><strong>ibid.,</strong></span> <span class='ocrx_word' id='word_1_916' title='bbox 1948 5536 2005 5589; x_wconf 88' lang='lat'><strong>2.</strong></span> 
     </span>
    </p>
   </div>
   <div class='ocr_carea' id='block_1_104' title="bbox 2211 5463 3803 5602">
    <p class='ocr_par' dir='ltr' id='par_1_104' title="bbox 2211 5463 3803 5596">
     <span class='ocr_line' id='line_1_105' title="bbox 2211 5463 3800 5519; baseline -0.016 0"><span class='ocrx_word' id='word_1_917' title='bbox 2211 5465 2257 5519; x_wconf 74' lang='grc' dir='ltr'><strong>Ξ.</strong></span> <span class='ocrx_word' id='word_1_918' title='bbox 2334 5463 2379 5493; x_wconf 76' lang='grc'><strong>’⁸</strong></span> <span class='ocrx_word' id='word_1_919' title='bbox 2426 5463 2622 5513; x_wconf 87' lang='lat' dir='ltr'><strong>Ezech.</strong></span> <span class='ocrx_word' id='word_1_920' title='bbox 2667 5468 2826 5508; x_wconf 60' lang='grc' dir='ltr'>χχιιι.</span> <span class='ocrx_word' id='word_1_921' title='bbox 2936 5463 2981 5484; x_wconf 76' lang='grc'><em>’⁸</em></span> <span class='ocrx_word' id='word_1_922' title='bbox 3017 5463 3158 5507; x_wconf 77' lang='lat' dir='ltr'><strong>uen.</strong></span> <span class='ocrx_word' id='word_1_923' title='bbox 3191 5465 3342 5513; x_wconf 78' lang='lat' dir='ltr'><strong>xxiv,</strong></span> <span class='ocrx_word' id='word_1_924' title='bbox 3375 5463 3464 5502; x_wconf 76' lang='lat' dir='ltr'><strong>ot.</strong></span> <span class='ocrx_word' id='word_1_925' title='bbox 3575 5463 3631 5483; x_wconf 71' lang='grc' dir='ltr'><strong>-ο</strong></span> <span class='ocrx_word' id='word_1_926' title='bbox 3656 5463 3800 5504; x_wconf 56' lang='lat' dir='ltr'><strong>uel),</strong></span> 
     </span>
     <span class='ocr_line' id='line_1_106' title="bbox 2211 5519 3803 5596; baseline -0.018 -8"><span class='ocrx_word' id='word_1_927' title='bbox 2211 5531 2331 5589; x_wconf 74' lang='lat' dir='ltr'><strong>ibid.</strong></span> <span class='ocrx_word' id='word_1_928' title='bbox 2374 5531 2461 5596; x_wconf 74' lang='lat' dir='ltr'><strong>Ui,</strong></span> <span class='ocrx_word' id='word_1_929' title='bbox 2495 5529 2583 5582; x_wconf 79' lang='lat' dir='ltr'><strong>l5.</strong></span> <span class='ocrx_word' id='word_1_930' title='bbox 2691 5525 2736 5557; x_wconf 76' lang='lat'><strong>&quot;&#39;</strong></span> <span class='ocrx_word' id='word_1_931' title='bbox 2770 5523 2931 5579; x_wconf 83' lang='lat' dir='ltr'><strong>Prov.</strong></span> <span class='ocrx_word' id='word_1_932' title='bbox 2961 5537 3037 5591; x_wconf 87' lang='lat' dir='ltr'><strong>tv,</strong></span> <span class='ocrx_word' id='word_1_933' title='bbox 3070 5522 3123 5589; x_wconf 83' lang='lat'><strong>6,</strong></span> <span class='ocrx_word' id='word_1_934' title='bbox 3146 5523 3202 5579; x_wconf 88' lang='lat'><strong>8.</strong></span> <span class='ocrx_word' id='word_1_935' title='bbox 3305 5522 3349 5554; x_wconf 75' lang='grc'><strong>³⁸</strong></span> <span class='ocrx_word' id='word_1_936' title='bbox 3394 5519 3529 5590; x_wconf 80' lang='lat' dir='ltr'><strong>Sap.</strong></span> <span class='ocrx_word' id='word_1_937' title='bbox 3576 5536 3714 5590; x_wconf 55' lang='lat' dir='ltr'><strong>qm,</strong></span> <span class='ocrx_word' id='word_1_938' title='bbox 3740 5521 3803 5576; x_wconf 56' lang='lat' dir='ltr'><strong>c3.</strong></span> 
     </span>
    </p>
   </div>
   <div class='ocr_carea' id='block_1_105' title="bbox 516 5533 1573 5606">
    <p class='ocr_par' dir='ltr' id='par_1_105' title="bbox 516 5533 1573 5606">
     <span class='ocr_line' id='line_1_107' title="bbox 516 5533 1573 5606; baseline -0.004 -14"><span class='ocrx_word' id='word_1_939' title='bbox 516 5551 669 5601; x_wconf 79' lang='lat' dir='ltr'><strong>xxix,</strong></span> <span class='ocrx_word' id='word_1_940' title='bbox 707 5533 819 5604; x_wconf 52' lang='lat' dir='ltr'><strong>i7;</strong></span> <span class='ocrx_word' id='word_1_941' title='bbox 849 5534 939 5591; x_wconf 74' lang='grc'><strong>18.</strong></span> <span class='ocrx_word' id='word_1_942' title='bbox 1032 5536 1076 5568; x_wconf 79' lang='grc'><strong><em>⁸⁵</em></strong></span> <span class='ocrx_word' id='word_1_943' title='bbox 1106 5533 1150 5589; x_wconf 90' lang='lat' dir='ltr'><strong>ll</strong></span> <span class='ocrx_word' id='word_1_944' title='bbox 1191 5533 1323 5606; x_wconf 89' lang='lat' dir='ltr'><strong>Reg.</strong></span> <span class='ocrx_word' id='word_1_945' title='bbox 1354 5549 1474 5600; x_wconf 85' lang='lat' dir='ltr'><strong>xm,</strong></span> <span class='ocrx_word' id='word_1_946' title='bbox 1522 5535 1573 5588; x_wconf 87' lang='lat' dir='ltr'><strong>l.</strong></span> 
     </span>
    </p>
   </div>
   <div class='ocr_carea' id='block_1_106' title="bbox 517 5606 945 5676">
    <p class='ocr_par' dir='ltr' id='par_1_106' title="bbox 517 5606 945 5676">
     <span class='ocr_line' id='line_1_108' title="bbox 517 5606 945 5676; baseline -0.005 -12"><span class='ocrx_word' id='word_1_947' title='bbox 517 5610 563 5642; x_wconf 77' lang='lat'><strong>”</strong></span> <span class='ocrx_word' id='word_1_948' title='bbox 599 5608 756 5664; x_wconf 89' lang='lat' dir='ltr'><strong>Cant.</strong></span> <span class='ocrx_word' id='word_1_949' title='bbox 778 5622 844 5676; x_wconf 51' lang='lat' dir='ltr'><strong>,v,</strong></span> <span class='ocrx_word' id='word_1_950' title='bbox 889 5606 945 5662; x_wconf 86' lang='lat'><strong>8.</strong></span> 
     </span>
    </p>
   </div>
   <div class='ocr_carea' id='block_1_107' title="bbox 587 5742 2604 5818">
    <p class='ocr_par' dir='ltr' id='par_1_107' title="bbox 587 5742 2604 5818">
     <span class='ocr_line' id='line_1_109' title="bbox 587 5742 2604 5818; baseline -0.004 -18"><span class='ocrx_word' id='word_1_951' title='bbox 587 5744 698 5814; x_wconf 61' lang='grc' dir='ltr'>(ιε)</span> <span class='ocrx_word' id='word_1_952' title='bbox 738 5743 806 5801; x_wconf 88' lang='lat' dir='ltr'><strong>Et</strong></span> <span class='ocrx_word' id='word_1_953' title='bbox 836 5744 1115 5818; x_wconf 75' lang='lat' dir='ltr'><strong>fructibus.</strong></span> <span class='ocrx_word' id='word_1_954' title='bbox 1150 5742 1309 5801; x_wconf 87' lang='lat' dir='ltr'><strong>Deest</strong></span> <span class='ocrx_word' id='word_1_955' title='bbox 1330 5745 1383 5799; x_wconf 92' lang='lat' dir='ltr'><strong>in</strong></span> <span class='ocrx_word' id='word_1_956' title='bbox 1414 5744 1569 5802; x_wconf 89' lang='lat' dir='ltr'><strong>libris</strong></span> <span class='ocrx_word' id='word_1_957' title='bbox 1597 5752 1756 5800; x_wconf 89' lang='lat' dir='ltr'><strong>antea</strong></span> <span class='ocrx_word' id='word_1_958' title='bbox 1778 5744 1957 5813; x_wconf 88' lang='lat' dir='ltr'><strong>edi-tis,</strong></span> <span class='ocrx_word' id='word_1_959' title='bbox 1985 5745 2078 5801; x_wconf 90' lang='lat' dir='ltr'><strong>sed</strong></span> <span class='ocrx_word' id='word_1_960' title='bbox 2119 5744 2347 5799; x_wconf 77' lang='lat' dir='ltr'><strong>habetur</strong></span> <span class='ocrx_word' id='word_1_961' title='bbox 2380 5742 2432 5795; x_wconf 90' lang='lat' dir='ltr'><strong>in</strong></span> <span class='ocrx_word' id='word_1_962' title='bbox 2469 5753 2604 5793; x_wconf 88' lang='lat' dir='ltr'><strong>mss.</strong></span> 
     </span>
    </p>
   </div>
  </div>
