3872 6528
158 318 208 375 σε
1475 299 1864 360 PROLOGUS.
3235 307 3306 364 70

157 433 262 486 Deus
289 422 485 481 charitas
514 417 824 491 appelletur,
859 418 1002 475 sicut
1023 416 1262 475 Joannes
1290 418 1458 475 dixit:
1488 418 1630 475 Cha-
1656 424 1703 483 Α
1732 419 2016 486 Hiericho;
2053 427 2107 476 et
2136 420 2317 490 culpat
2341 421 2562 491 quidem
2591 422 2928 478 sacerdotem
2959 438 3023 481 ac
3057 425 3302 496 levitum,

152 519 316 584 tissimi,
342 516 590 585 diligamus
612 512 851 587 invicem,
881 513 1007 582 quia
1039 512 1272 566 charitas
1295 528 1360 567 ex
1388 512 1496 567 Deo
1524 524 1624 577 est,

150 624 183 669 tt
207 610 337 663 omnis
367 607 447 678 qui
470 604 652 674 diligit,
691 619 758 657 ea:
795 603 900 659 Deo
940 613 1099 660 notus
1138 614 1236 669 est,
1276 617 1324 661 et
1365 606 1626 676 cognoscit

150 702 298 763 Deum;
322 696 399 768 qui
425 706 587 748 autem
626 710 727 748 non
764 695 965 766 diligit,
1003 712 1106 749 non
1137 696 1403 767 cognoscit
1439 696 1624 762 Deum,

145 795 234 863 quia
261 791 375 844 Deus
399 788 613 842 charitas
640 798 716 841 est
743 788 809 843 ³¹.
845 787 911 842 Ει
946 789 1198 858 quamvis
1240 789 1464 844 alterius
1491 798 1628 842 tem-

144 886 251 957 poris
288 885 348 938 sit
381 881 543 935 dicere
575 880 779 950 aliquid
813 882 881 936 de
926 881 1010 935 his
1040 897 1163 952 qua:
1195 881 1429 950 exempli
1460 895 1625 935 causa

142 997 189 1036 ex
228 977 416 1033 Joannis
467 973 699 1044 Epistula
755 974 1108 1044 protulimus.
1159 982 1338 1029 tamen
1393 972 1627 1027 breviter

140 1074 258 1128 etiam
284 1069 438 1137 aliqua
468 1065 823 1136 perstringere
850 1081 955 1119 non
982 1074 1067 1119 est
1089 1065 1264 1120 visum
1301 1066 1622 1120 absurdum.

139 1163 387 1231 Diligumus,
410 1157 593 1226 inquit,
617 1156 858 1219 inuicem,
882 1156 1006 1225 quia
1031 1155 1265 1208 charitas
1290 1171 1355 1208 ea:
1388 1154 1490 1208 Deo
1513 1164 1623 1215 est;

137 1262 288 1325 etpost
325 1267 515 1322 pauca:
559 1250 697 1304 Deus
736 1250 972 1305 charitas
1011 1260 1109 1305 est.
1147 1251 1205 1304 ιη
1236 1266 1345 1321 quo
1388 1250 1625 1305 ostendit

40 1380 41 1411 ι
134 1356 171 1401 et
204 1345 344 1416 ipsum
397 1342 551 1397 Deum
592 1343 914 1398 charitatem
962 1357 1104 1409 esse,
1149 1350 1204 1397 et
1256 1343 1452 1398 iterum
1496 1358 1622 1397 eum

132 1438 195 1508 qui
224 1450 276 1491 ex
311 1434 406 1488 Deo
439 1445 535 1499 est,
579 1434 901 1491 charitatem
949 1450 1090 1491 esse.
1128 1434 1264 1502 Quis
1323 1447 1504 1491 autem
1554 1453 1622 1491 ex

132 1530 207 1584 Deo
226 1536 309 1593 est,
334 1525 427 1581 nisi
453 1526 538 1579 ille
564 1528 661 1597 qui
688 1510 855 1581 dicit:
883 1526 995 1598 Ego
1016 1544 1080 1582 ea:
1109 1528 1216 1582 Deo
1246 1529 1404 1595 exivi,
1435 1539 1483 1582 et
1508 1529 1621 1583 veni

130 1621 165 1674 is
188 1620 295 1672 hunc
331 1617 566 1670 uitandum
608 1618 689 1672 “i
734 1617 888 1685 Quod
932 1619 979 1675 si
1011 1620 1152 1675 Deus
1189 1620 1350 1677 Pater
1381 1619 1620 1679 charitas

128 1722 197 1775 est,
216 1721 259 1767 et
280 1705 432 1765 F.1ius
458 1710 698 1766 charitas
729 1721 841 1780 est;
879 1713 1118 1768 charitas
1141 1721 1323 1769 autem
1361 1712 1538 1771 Patris
1566 1725 1619 1772 et

126 1803 302 1858 charitas
338 1799 450 1855 Filii
497 1817 669 1858 unum
712 1812 864 1869 sunt,
910 1818 1017 1858 non
1066 1819 1244 1870 unus;
1274 1821 1617 1876 consequen-

125 1907 182 1951 ter
204 1895 294 1964 (13)
320 1908 439 1965 ergo
469 1893 630 1950 Pater
663 1905 713 1951 et
742 1894 911 1950 Filius
953 1912 1123 1952 unum
1162 1897 1300 1954 bene
1341 1899 1615 1954 dicuntur.

40 1990 43 2061 i
123 1986 168 2042 lit
204 1986 299 2043 ideo
332 1988 707 2044 convenienter
750 1988 1005 2045 Christus
1050 1991 1191 2045 sicut
1232 1991 1522 2061 sapientia,
1567 2001 1621 2047 et

122 2077 261 2139 virtus,
280 2085 326 2132 et
343 2076 564 2148 justitia,
599 2085 657 2133 et
686 2078 936 2145 verlmm,
965 2087 1019 2134 et
1047 2080 1263 2146 veritas,
1295 2082 1368 2137 ita
1405 2089 1460 2137 et
1489 2083 1621 2139 cha-

120 2169 214 2224 ritas
237 2169 428 2224 dicitur.
458 2167 523 2223 Et
555 2168 681 2225 ideo
713 2168 843 2225 dicit
875 2171 1156 2243 Scriptura
1197 2173 1322 2243 quia
1354 2174 1399 2228 si
1438 2176 1621 2229 chari-

120 2270 178 2317 tas
202 2270 348 2318 manet
390 2262 443 2317 in
472 2262 656 2328 nobis,
690 2260 834 2318 Deus
878 2264 933 2319 in
971 2265 1133 2320 nobis
1174 2266 1287 2337 (l4)
1327 2263 1512 2322 manet
1551 2268 1615 2321 ³³.

120 2350 222 2409 Deus
245 2360 425 2420 autem,
455 2353 509 2409 id
541 2363 630 2411 εει
683 2352 843 2410 Pater
870 2364 924 2410 et
956 2354 1148 2424 Filius,
1185 2358 1277 2427 qui
1310 2367 1364 2414 et
1393 2361 1620 2416 veniunt

116 2444 164 2499 ad
186 2459 285 2502 eum
321 2444 405 2515 qui
438 2445 715 2515 perfectus
757 2448 813 2504 in
858 2448 1123 2504 charitate
1165 2463 1268 2518 est,
1315 2452 1615 2507 secundum

116 2535 284 2589 verbum
311 2535 511 2591 Domini
539 2546 599 2592 et
626 2537 926 2595 SalvatOris
954 2541 1185 2597 dicentis
1211 2558 1225 2596 :
1268 2541 1378 2613 Ego
1416 2553 1465 2597 et
1509 2543 1619 2599 Pa-

115 2638 169 2681 ter
189 2629 409 2682 uenientes
451 2630 521 2684 ad
564 2645 710 2696 eum,
742 2640 791 2685 et
824 2632 1148 2686 mansionem
1178 2634 1435 2703 faciemus
1476 2638 1617 2705 apud

114 2733 196 2770 aut
213 2717 264 2773 “.
288 2718 566 2775 Sciendum
599 2736 732 2793 ergo
760 2732 863 2787 est,
895 2723 1040 2793 quod
1089 2725 1204 2780 haec
1227 2726 1465 2784 charitas
1496 2745 1618 2800 quae

116 2806 215 2865 Deus
242 2819 327 2878 est,
362 2829 480 2869 cum
510 2815 568 2869 in
615 2815 801 2886 aliquo
826 2814 1009 2893 fuerit,
1042 2817 1176 2872 nihil
1208 2826 1503 2888 terrenum,
1535 2822 1618 2875 ni-

114 2902 164 2958 hil
184 2909 439 2973 materiale,
478 2910 621 2966 nihil
663 2910 1016 2981 corruptibile
1047 2913 1240 2983 diligit.
1265 2914 1469 2973 Contra
1516 2934 1616 2974 na-

40 3020 41 3023 η
109 3004 239 3054 turam
262 3014 478 3071 namque
501 3012 594 3059 est
632 3004 684 3060 ei
724 3006 1074 3075 corruptiliile
1116 3007 1323 3078 aliquid
1366 3010 1611 3082 diligere,

40 1832 43 1985 ψ

40 1832 43 1985 i

1731 513 1825 583 qui
1862 513 2103 567 videntes
2131 513 2479 577 seminecem,
2508 515 2920 584 Aprmterierunt;
2957 517 3302 586 amplectitur

1731 613 1910 658 autem
1952 602 2356 658 Samaritanum
2402 605 2497 674 qui
2538 605 2963 661 misericordiam
3006 606 3215 674 fecerit,
3246 620 3301 666 et

1729 695 1877 750 hunc
1918 695 2089 750 fuisse
2133 696 2182 749 ei
2232 697 2538 765 proximum
2590 697 2763 767 ipsius
2808 698 2901 768 qui
2945 709 3305 769 proposuerat

1728 789 2085 859 reSponsione
2128 789 2382 852 ﬁrmavit,
2412 799 2466 843 ει
2501 790 2577 843 ait
2599 791 2647 844 ei
2675 808 2689 845 :
2738 788 2899 854 Vade,
2942 800 2991 845 et
3022 800 3079 845 tu
3107 791 3196 861 [ac
3228 791 3306 845 si-

1728 882 1923 934 militer
1946 882 2009 935 ³⁷.
2041 880 2252 935 Etenim
2285 890 2480 935 natura
2512 896 2703 936 omnes
2732 881 2889 936 nobis
2914 881 3144 936 invicem
3168 896 3300 952 pro-

1727 973 1859 1025 ximi
1890 987 2100 1027 sumus.
2132 971 2407 1042 Operibus
2438 987 2564 1025 vero
2588 972 2873 1028 charitatis
2918 973 2977 1027 lit
3018 974 3303 1043 proximus

1727 1062 1815 1115 ille
1848 1063 1942 1131 qui
1986 1071 2162 1132 potest
2201 1061 2539 1128 benefacere,
2570 1063 2621 1117 ei
2651 1064 2744 1133 qui
2773 1077 2882 1117 non
2913 1072 3110 1134 potest.
3150 1062 3302 1120 Unde

1725 1163 1780 1209 et
1807 1152 2057 1208 Salvator
2101 1164 2288 1209 noster
2330 1154 2505 1209 factus
2543 1165 2627 1210 est
2673 1157 2958 1225 proximus
2989 1157 3165 1222 nobis,
3201 1172 3304 1212 nec

1723 1245 2071 1314 pertransivit
2100 1260 2198 1299 nos
2228 1261 2350 1299 cum
2385 1245 2689 1301 semineces
2719 1262 2786 1301 ex
2817 1247 3086 1300 latronum
3115 1247 3302 1301 vulne-

1725 1336 1876 1389 ribus
1901 1336 2229 1405 jaceremus.
2267 1336 2433 1407 Igitur
2473 1337 2757 1392 sciendum
2803 1349 2887 1393 est
2935 1338 3029 1393 Dei
3061 1339 3301 1395 charita-

1724 1437 1830 1483 tem
1860 1444 2074 1498 semper
2095 1431 2161 1484 ad
2188 1429 2358 1484 Deum
2383 1431 2625 1496 tendere,
2646 1447 2676 1485 a
2703 1447 2812 1502 quo
2838 1431 3100 1502 originem
3122 1432 3300 1498 duxit,

1721 1530 1776 1575 et
1807 1521 1873 1574 ad
1924 1521 2231 1590 proximum
2281 1522 2571 1592 respicere,
2619 1538 2742 1578 cum
2794 1537 2905 1593 quo
2954 1524 3298 1594 participium

1723 1613 1904 1668 inierit
1933 1613 2069 1684 (15),
2097 1624 2280 1685 utpote
2306 1615 2557 1669 similiter
2583 1625 2827 1670 creatum
2853 1616 2907 1670 in
2931 1616 3297 1685 corruptione.

1723 1703 1813 1760 Sic
1839 1720 1967 1775 ergo
1997 1722 2336 1777 quaecunque
2362 1708 2430 1763 de
2451 1708 2717 1763 charitate
2742 1709 2943 1778 scripta
2968 1716 3116 1772 sunt,
3139 1708 3299 1778 quasi

1650 1777 1692 1831 Β
1720 1794 1786 1849 de
1812 1811 1999 1850 amore
2036 1797 2179 1851 dicta
2212 1799 2448 1867 suscipe,
2473 1798 2608 1852 nihil
2629 1798 2697 1853 de
2727 1799 3041 1855 nominibus
3073 1814 3295 1854 curans.

1718 1884 1919 1941 Eadem
1953 1904 2186 1957 namque
2222 1888 2276 1942 in
2314 1899 2544 1959 utroque
2576 1890 2749 1945 virtus
2784 1891 3111 1945 ostenditur.
3140 1890 3296 1957 Quod

1719 1977 1765 2032 si
1803 1979 1925 2047 quis
1973 1978 2139 2044 dicat,
2182 1980 2311 2048 quia
2357 1989 2410 2034 et
2466 1981 2779 2050 pecuniam,
2828 1986 3195 2047 meretricem,
3242 1991 3299 2035 et

1717 2070 1824 2123 alia
1862 2069 2115 2125 similiter
2147 2073 2290 2125 mala
2324 2073 2512 2126 eodem
2555 2072 2823 2129 vocabulo
2855 2074 3001 2144 quod
3033 2089 3065 2129 ε
3108 2074 3295 2130 chari-

1718 2169 1827 2216 tate
1872 2161 1998 2216 duci
2048 2162 2285 2226 videtur,
2332 2164 2556 2235 diligere
2599 2166 2971 2235 appellamur:
3012 2166 3296 2221 sciendum

1716 2261 1800 2307 est
1842 2252 1895 2306 in
1926 2254 2009 2309 his
2037 2268 2145 2308 non
2179 2255 2424 2325 proprie,
2455 2256 2548 2310 sed
2591 2257 2815 2312 abusive
2846 2257 3166 2313 charitatem
3199 2274 3300 2314 no-

1717 2343 1936 2400 minari.
1989 2344 2165 2411 Sicut,
2212 2347 2363 2402 verbi
2407 2348 2600 2416 gratia,
2652 2359 2708 2403 et
2752 2348 2864 2419 30
2907 2347 3055 2405 Deus
3098 2364 3297 2406 nomen

1716 2438 2091 2510 principaliter
2120 2440 2174 2495 in
2205 2457 2271 2496 eo
2294 2451 2397 2508 est,
2432 2457 2496 2497 ex
2531 2457 2641 2512 quo
2672 2443 2879 2509 omnia,
2920 2450 2975 2498 et
3004 2458 3101 2513 per
3128 2458 3292 2514 quem

1718 2533 1924 2597 omnia,
1955 2543 2008 2587 et
2033 2534 2084 2586 in
2114 2550 2224 2602 quo
2253 2534 2432 2587 omnia
2465 2551 2477 2587 :
2526 2535 2671 2603 quod
2700 2535 2886 2605 utique
2915 2545 3099 2605 aperte
3132 2537 3299 2591 virtu-

1720 2631 1847 2689 tem,
1880 2632 1935 2678 et
1979 2634 2229 2679 naturam
2269 2626 2422 2680 trina:
2453 2626 2849 2696 singularitatis
2886 2628 3131 2683 enuntiat
3159 2627 3294 2699 (16).

1720 2714 1972 2770 Secundo
2002 2732 2132 2771 vero
2180 2719 2233 2771 in
2279 2718 2421 2783 loco,
2449 2729 2524 2782 et,
2567 2728 2625 2772 ut
2659 2719 2732 2772 ita
2767 2718 3020 2783 dixerim,
3072 2721 3299 2776 abusive

1717 2809 1851 2865 deos
1898 2808 2031 2864 dicit
2065 2808 2345 2880 Scriptura
2380 2812 2541 2865 etiam
2573 2811 2694 2868 illos
2723 2813 2789 2867 ad
2815 2828 2954 2882 quos
2986 2828 3167 2868 sermo
3201 2812 3295 2868 Dei

1720 2901 1799 2968 lit,
1830 2901 1972 2957 sicut
2015 2903 2303 2957 conﬁrmat
2336 2903 2583 2957 Salvator
2614 2903 2668 2957 in
2729 2902 3056 2974 Evangeliis.
3094 2904 3198 2960 Sed
3242 2915 3297 2961 et

1717 2996 1969 3052 caelestes
1996 2996 2223 3050 virtutes
2245 2994 2348 3051 sub
2376 2996 2476 3050 hoc
2500 2995 2721 3049 nomine
2743 2996 3003 3066 appellari
3025 2998 3294 3065 videntur,

40 3148 41 3153 η
108 3104 197 3145 cum
220 3093 316 3162 ipsa
348 3095 413 3150 sit
438 3097 871 3167 incorruptionis
902 3098 1044 3154 fons.
1070 3098 1189 3170 Ipsa
1211 3109 1296 3156 est
1327 3103 1471 3157 enim
1497 3104 1613 3159 sola

1722 3088 1848 3143 dum
1897 3088 2100 3144 dicitur
2138 3108 2151 3143 :
2200 3088 2339 3142 Deus
2382 3089 2522 3142 stetit
2556 3089 2608 3141 in
2649 3105 2916 3159 synagoga
2964 3089 3200 3157 deorum,
3238 3092 3296 3145 in

40 3186 41 3189 ‘
106 3193 193 3248 qua:
214 3179 352 3238 habet
378 3186 844 3245 immortalitatem
872 3208 886 3243 :
911 3191 1179 3260 siquidem
1204 3191 1347 3250 Deus
1376 3196 1617 3252 charitas

106 3281 178 3335 est,
198 3276 274 3344 qui
314 3278 458 3332 solus
489 3280 664 3335 habet
712 3281 1200 3345 immortalitatem.
1233 3285 1406 3341 lucem
1456 3288 1614 3343 habi-

107 3367 625 3427 tausinaceessibilem
651 3372 716 3427 ³⁸.
747 3370 886 3439 Quid
921 3387 1105 3429 autem
1150 3376 1295 3431 aliud
1332 3378 1617 3435 immorta-

104 3459 191 3514 litas
208 3461 294 3517 nisi
319 3465 423 3520 vita
448 3474 658 3521 aeterna
687 3476 789 3531 est,
824 3484 987 3537 quam
1018 3469 1274 3524 daturum
1308 3485 1366 3526 se
1391 3473 1616 3541 promit-

104 3549 148 3603 tit
170 3550 284 3609 Deus
308 3556 659 3612 credentibus
688 3557 741 3611 in
780 3559 957 3628 ipsum
990 3560 1167 3615 solum
1204 3576 1390 3616 verum
1420 3562 1611 3628 Deum,

100 3650 139 3694 et
168 3658 301 3715 quem
339 3648 486 3703 misit
532 3647 725 3703 .lesum
762 3647 1040 3705 Christum
1074 3650 1271 3706 Filium
1295 3653 1450 3722 ejus?
1476 3651 1613 3708 Pro-

100 3741 234 3801 pterea
256 3752 375 3807 ergo
414 3739 467 3794 iu
501 3740 721 3809 primis,
762 3750 816 3795 et
850 3751 976 3797 ante
1017 3743 1201 3797 omnia
1246 3744 1348 3799 hoc
1382 3745 1615 3801 amabile

98 3834 134 3878 et
159 3825 384 3895 placitum
415 3832 626 3887 dicitur
654 3847 775 3887 esse
804 3832 934 3897 Deo,
966 3843 1023 3890 ut
1052 3836 1174 3905 quis
1199 3836 1389 3906 diligat
1429 3836 1615 3891 Domi-

100 3932 192 3974 num
212 3920 359 3977 Deum
379 3940 545 3978 suum
570 3940 635 3979 ex
660 3932 774 3979 toto
797 3926 959 3982 corde
982 3943 1103 3993 suo,
1125 3937 1179 3983 et
1202 3944 1269 3982 ex
1296 3936 1405 3983 tota
1432 3929 1612 3985 anima

98 4024 183 4077 sua,
203 4021 249 4068 et
272 4030 334 4070 ex
372 4016 503 4071 totis
538 4016 748 4071 viribus
775 4018 911 4073 suis.
944 4017 1008 4073 Et
1033 4020 1162 4090 quia
1193 4018 1336 4077 Deus
1378 4022 1613 4076 charitas

99 4113 166 4168 est,
186 4115 231 4158 et
256 4103 418 4162 Filius
439 4108 537 4178 qui
574 4123 638 4163 ex
668 4106 775 4162 Deo
798 4119 902 4173 est,
931 4111 1170 4166 charitas
1192 4122 1295 4177 est,
1323 4112 1407 4167 sui
1438 4114 1613 4167 simile

95 4195 245 4266 aliquid
270 4201 495 4268 requirit
530 4201 589 4254 in
634 4201 836 4257 nobis:
886 4211 943 4257 ut
970 4219 1066 4273 per
1109 4203 1252 4259 hanc
1291 4205 1611 4261 charitatem

96 4302 178 4357 qua:
203 4302 276 4347 est
299 4293 352 4347 in
377 4293 607 4350 Christo
634 4293 785 4359 Jesu,
814 4296 907 4366 qui
943 4305 1027 4352 est
1050 4297 1306 4364 charitas,
1337 4298 1485 4353 velut
1519 4314 1615 4354 co-

94 4394 208 4451 gnata
231 4387 463 4456 quadam
493 4402 592 4457 per
616 4387 898 4442 charitatis
928 4402 1127 4442 nomen
1151 4387 1407 4446 allinitate
1441 4391 1614 4446 socie-

1718 3180 1889 3232 medio
1933 3189 2109 3233 autem
2146 3178 2269 3233 deos
2313 3178 2572 3247 diiudicat
2598 3178 2661 3234 ³⁸.
2690 3178 2876 3234 Tertio
2907 3195 3036 3235 vero
3075 3181 3129 3236 in
3173 3182 3297 3236 loco

1713 3269 1827 3340 jam
1859 3283 1968 3323 non
1998 3268 2243 3331 abusive,
2275 3269 2369 3322 sed
2413 3266 2579 3332 falso,
2605 3267 2681 3321 dii
2731 3267 2973 3338 gentium
3015 3267 3293 3322 daemones

1718 3361 2078 3431 appellantur,
2112 3374 2236 3413 cum
2278 3358 2408 3412 dicit
2455 3358 2778 3427 Scriptura:
2819 3357 3011 3415 Omnes
3054 3359 3131 3412 dii
3171 3374 3298 3429 gen-

1720 3451 1851 3503 tium
1874 3450 2137 3503 daemonia
2156 3449 2223 3504 ³³.
2248 3447 2433 3518 Itaque
2458 3458 2510 3502 et
2535 3447 2769 3518 primum
2793 3450 3073 3505 charitatis
3095 3465 3295 3506 nomen

1717 3542 1770 3597 in
1799 3540 1908 3596 Deo
1932 3548 2034 3606 est,
2067 3549 2283 3610 propter
2306 3539 2451 3610 quod
2480 3538 2738 3609 jubemur
2763 3540 2988 3610 diligere
3024 3540 3191 3595 Deum
3222 3555 3289 3595 ex

1717 3642 1829 3691 toto
1864 3635 2026 3690 corde
2058 3643 2266 3700 nostro,
2300 3648 2367 3688 ex
2396 3642 2506 3690 tota
2529 3633 2713 3688 anima
2742 3644 2949 3702 nostra,
2982 3643 3038 3690 et
3065 3651 3133 3690 ex
3169 3637 3296 3692 totis

1714 3733 1924 3788 viribus
1970 3733 2193 3799 nostris,
2241 3740 2429 3802 utpote
2477 3747 2601 3787 cum
2649 3748 2679 3787 a
2727 3748 2838 3802 quo
2879 3732 3142 3789 habemus
3189 3735 3293 3790 hoc

1716 3826 1918 3896 ipsum,
1954 3834 2013 3879 ut
2052 3824 2277 3894 diligere
2310 3824 2606 3894 possimus.
2639 3822 2696 3878 In
2748 3824 2868 3894 ipso
2896 3824 3009 3894 jam
3044 3825 3162 3880 sine
3190 3825 3293 3881 du-

1716 3920 1806 3976 bio
1840 3919 2168 3985 continetur,
2215 3930 2274 3972 ut
2319 3926 2376 3973 et
2411 3917 2757 3988 sapientiam,
2812 3926 2867 3972 et
2905 3917 3198 3988 justitiam,
3242 3928 3296 3974 et

1717 4011 1993 4081 pietatem,
2053 4020 2107 4065 et
2154 4010 2435 4065 veritatem
2484 4022 2782 4079 omnesque
2828 4010 3055 4065 virtutes
3095 4011 3298 4080 pariter

1716 4102 2024 4172 diligamus.
2046 4099 2224 4156 Unum
2245 4101 2388 4154 enim
2408 4107 2570 4168 atque
2596 4098 2736 4153 idem
2759 4108 2839 4153 est
2856 4098 3075 4169 diligere
3096 4098 3290 4164 Deum,

1716 4206 1770 4252 et
1807 4195 2028 4266 diligere
2068 4194 2232 4247 bona.
2283 4190 2534 4246 Secundo
2579 4190 2719 4255 loco,
2759 4189 2919 4260 quasi
2968 4190 3195 4245 abusivo
3239 4200 3294 4247 et

1715 4282 1841 4337 inde
1873 4281 2114 4335 derivato
2139 4278 2369 4333 nomine
2406 4278 2570 4332 etiam
2611 4278 2920 4347 proximum
2953 4279 3179 4349 diligere
3203 4279 3295 4350 ju-

1715 4374 1926 4439 bemur,
1958 4380 2212 4440 tanquam
2249 4385 2349 4426 nos
2376 4370 2546 4439 ipsos.
2580 4368 2824 4426 Tertium
2861 4386 2990 4427 vero
3022 4380 3108 4429 est
3145 4373 3293 4443 quod

96 4486 201 4542 mf;
226 4478 359 4533 sicut
404 4488 463 4533 et
492 4479 586 4533 me
616 4479 708 4549 qui
748 4478 860 4548 iam
910 4478 1236 4548 coniunctus
1266 4481 1328 4536 -θί
1364 4482 1608 4538 dicebat:
1644 4486 1690 4546 ι)
1719 4465 1855 4521 falso
1899 4465 2002 4519 sub
2044 4461 2326 4517 charitatis
2360 4462 2903 4528 titulonomiuatur,
2934 4464 3160 4534 diligere
3205 4464 3293 4519 vel

94 4563 184 4630 Quis
208 4585 295 4623 nos
318 4570 594 4640 separabit
622 4587 656 4623 a
697 4570 953 4625 charitate
978 4570 1093 4639 Dei,
1127 4588 1244 4642 quae
1270 4583 1347 4627 est
1374 4574 1429 4627 in
1456 4574 1612 4629 Chri-

40 4658 41 4741 ξ
94 4668 145 4713 tto
175 4660 287 4717 Iesu
330 4664 562 4719 Domino
612 4673 792 4718 nostro
836 4664 919 4719 ἐἳ
971 4663 1097 4721 Haec
1145 4676 1325 4721 autem
1371 4667 1612 4724 charitas

90 4768 252 4811 amntem
288 4757 572 4813 hominem
620 4758 929 4827 proximum
961 4757 1153 4829 diligit.
1198 4756 1280 4812 Ob
1319 4758 1422 4834 hoc
1466 4760 1612 4814 enim

90 4847 221 4915 arguit
255 4848 513 4903 Salvator
565 4849 877 4919 quemdam,
923 4849 1017 4918 qui
1073 4848 1404 4918 epinabatur
1466 4848 1611 4919 quod

88 4934 188 5003 iusta
225 4939 408 4995 anima
457 4954 586 5010 erga
630 4954 754 4994 eam
792 4954 913 5008 quae
958 4939 1341 5009 iniquitatibus
1373 4940 1614 4994 involuta

87 5039 155 5093 est,
176 5032 597 5102 propinquitatis
623 5032 746 5103 jura
770 5046 878 5087 non
903 5040 1077 5086 servet
1101 5050 1114 5086 :
1146 5039 1199 5086 et
1235 5031 1336 5087 ista
1362 5031 1428 5086 de
1450 5046 1615 5087 causa

85 5123 208 5177 texuit
230 5124 390 5181 istam
417 5122 760 5194 parabolam,
787 5138 907 5194 qua:
932 5122 1083 5191 dicit,
1118 5123 1265 5193 quod
1297 5123 1350 5177 in
1378 5123 1617 5180 latrones

86 5214 225 5273 incidit
267 5216 528 5288 quidam,
561 5215 689 5269 dum
737 5214 1019 5271 descendit
1059 5213 1130 5269 ab
1170 5212 1507 5269 Hierusalem
1558 5214 1613 5267 in

130 5356 162 5387 ³⁸
196 5356 213 5410 l
255 5355 428 5412 Joan.
468 5372 543 5419 tv,
587 5356 641 5415 7.
683 5357 737 5411 8.
839 5357 883 5389 ³³
920 5354 1079 5410 Ioan.
1112 5369 1222 5421 xvt,
1252 5354 1343 5415 9.7.
1372 5354 1462 5409 ‘28.

83 5426 110 5458 ³⁸
137 5425 279 5482 llam.
314 5441 450 5492 vm,
489 5427 579 5493 35,
607 5427 693 5482 59.
769 5427 812 5459 ³⁷
854 5426 985 5481 Luc.
1026 5443 1079 5491 κ,
1115 5425 1206 5481 57.

122 5548 215 5621 (13)
251 5547 426 5621 Libb.
463 5547 618 5621 edit.,
648 5554 696 5600 et
732 5546 876 5616 ﬁlius
920 5546 1201 5621 charitatis
1226 5544 1614 5621 es‘l._CItaritus

82 5616 212 5673 ratein
236 5630 287 5674 et
313 5618 562 5674 charitas
588 5633 751 5678 unum
782 5627 882 5680 est,
915 5618 1042 5671 etin
1073 5617 1219 5670 nullo
1250 5616 1430 5684 cli/fert
1451 5630 1469 5667 .·
1492 5631 1617 5670 con-

78 5701 325 5757 menter,
352 5698 473 5744 etc.
501 5687 605 5743 Sed
642 5704 775 5742 mss.
799 5697 860 5743 ut
888 5688 943 5741 in
978 5696 1127 5742 textu
1163 5697 1373 5757 nostro.

121 5754 218 5832 (il)
256 5754 424 5828 Mss.,
459 5758 512 5813 iu
541 5757 710 5825 nobis,
744 5756 882 5814 Deus
910 5758 965 5812 in
997 5757 1162 5814 nobis.
1192 5756 1349 5813 Libb.
1382 5754 1539 5823 ediL,
1564 5756 1618 5809 in

1567 5354 1612 5385 ³³
1647 5352 1670 5405 ι
1698 5348 1855 5404 Joan.
1880 5362 1957 5402 tv.
1983 5346 2069 5400 12.
2147 5344 2193 5378 ⁸⁸
2224 5342 2382 5398 Joan.
2436 5357 2546 5407 xw,
2578 5340 2668 5394 25.

1285 5424 1331 5458 ³⁸
1371 5423 1515 5480 Psal.
1569 5437 1776 5485 Lxxxn,
1809 5423 1856 5475 l.

1718 4558 2023 4629 pecuniam,
2062 4555 2146 4610 vel
2195 4555 2521 4625 voluptates,
2566 4554 2652 4609 vel
2702 4569 2867 4610 omne
2910 4555 3172 4625 quidquid
3224 4556 3293 4611 ad

1717 4651 2078 4721 corruptelam
2107 4648 2338 4718 pertinet
2374 4656 2429 4703 et
2457 4662 2721 4702 errorem.
2751 4645 2869 4702 Non
2906 4662 3035 4718 ergo
3066 4648 3294 4703 interest

1718 4755 1902 4800 utrum
1930 4743 2101 4797 amari
2125 4742 2339 4797 dicatur
2364 4740 2528 4806 Deus,
2553 4755 2623 4795 an
2652 4740 2822 4809 diligi.
2846 4738 2956 4795 Nec
2988 4748 3119 4810 puto
3143 4740 3291 4810 quod
3341 4792 3348 4799 .

1721 4833 1928 4903 culpari
1967 4832 2136 4903 possit
2162 4832 2207 4886 si
2241 4831 2365 4901 quis
2394 4828 2563 4884 Deum
2596 4829 2737 4883 sicut
2775 4827 3012 4885 Joannes
3054 4830 3293 4884 charita-

1719 4939 1849 4995 tem,
1883 4929 1955 4982 ita
1982 4928 2094 4994 ipse
2117 4940 2353 4981 amorem
2382 4924 2644 4979 nominet.
2673 4922 2914 4992 Denique
2935 4923 3156 4977 memini
3191 4923 3292 4978 ali~

1720 5037 1881 5092 quem
1913 5027 2226 5075 sanctorum
2254 5017 2458 5073 dixisse
2488 5017 2751 5087 lgnatium
2780 5013 2998 5069 nomine
3030 5014 3099 5068 de
3125 5013 3290 5070 Chri-

1721 5125 1805 5171 sto
1837 5134 1850 5170 :
1889 5113 2035 5168 Meus
2066 5122 2242 5167 autem
2291 5127 2442 5165 amor
2488 5110 2776 5178 cruci/imus
2820 5114 2930 5171 est;
2966 5121 3067 5163 nec
3108 5122 3294 5178 repre-

1723 5207 1883 5262 hendi
1918 5222 2041 5260 eum
2071 5219 2169 5275 pro
2198 5203 2304 5260 hoc
2326 5202 2547 5271 dignum
2582 5199 2789 5270 judico.

2764 5340 2809 5372 ³⁸
2847 5337 2863 5392 l
2906 5338 3050 5394 Tim.
3075 5351 3152 5404 vt,
3202 5335 3289 5395 16.

1933 5418 1976 5450 ³³
2016 5416 2160 5471 Psal.
2196 5430 2337 5480 xcvn,
2372 5414 2425 5470 5.

1720 5540 1888 5603 vobis,
1925 5538 2068 5593 Deus
2095 5539 2149 5592 in
2184 5536 2347 5591 vobis.

1822 5600 1905 5675 13)
1926 5608 2109 5666 Codex
2135 5606 2437 5670 Beccensis,
2467 5602 2665 5675 inierit.
2698 5600 2853 5657 Libb.
2883 5600 3046 5675 edit”,
3064 5600 3222 5671 gerit.
3320 5634 3325 5643 ι

1822 5611 1905 5675 15)
1926 5611 2109 5666 Codex
2135 5611 2437 5670 Beccensis,
2467 5611 2665 5658 inierit.
2699 5611 2853 5657 Libb.
2883 5611 3038 5662 enit.,
3064 5615 3125 5671 ge

1793 5611 1907 5753 illi)
1947 5679 2128 5737 Codex
2159 5675 2528 5743 Bclvaceusis,
2562 5672 2839 5730 Trinitatis
2866 5672 3125 5728 enuntiat.
