3872 6522
555 287 613 341 7|

1605 273 1929 332 ORIGENIS
1968 270 2033 326 IN
2072 267 2428 324 CANTICUM
2457 263 2730 322 CANTIC.

3677 267 3736 322 τες

619 395 913 454 Sciendum
958 401 1138 449 autem
1174 389 1320 464 quod
1355 391 1536 448 omnis
1567 393 1660 462 qui
1707 391 1788 445 vel
1831 387 2113 460 pecuniam
2142 389 2191 446 Α
2219 384 2292 438 ita
2331 382 2671 453 temperabit,
2700 387 2760 435 ut
2788 377 2892 435 scil
2921 376 2996 434 illi
3037 377 3247 447 placere
3277 392 3434 448 quem
3473 377 3656 450 diligit:
3683 398 3736 438 ne

547 489 744 561 diligit,
778 487 864 544 vel
893 502 954 542 ea
991 502 1114 555 qua:
1159 486 1211 540 in
1260 485 1464 540 mundo
1491 493 1621 540 sunt
1658 484 1899 539 materiae
1931 497 2120 540 corru-

550 581 773 654 ptibilis,
807 579 1063 635 virtutem
1099 576 1382 632 charitatis
1413 591 1533 645 qum
1556 591 1622 631 ex
1651 574 1761 629 Deo
1787 582 1891 635 est,
1915 574 1981 628 ad
2012 582 2122 628 ter-

549 689 679 729 rena
713 680 767 727 et
797 669 866 726 ad
899 669 1104 725 caduca
1130 667 1368 729 deducit,
1395 673 1448 722 et
1481 666 1642 720 rebus
1674 665 2031 719 Dei-abutitur
2055 664 2121 719 ad

548 782 614 822 ea
643 782 764 836 quae
797 779 903 820 non
936 765 1050 819 vult
1078 761 1243 816 Deus.
1278 759 1392 814 Non
1429 759 1571 814 enim
1611 757 1750 813 Deus
1776 757 2122 812 dilectionem

551 860 770 923 horum,
822 858 916 914 sed
968 871 1128 911 usum
1180 853 1494 907 hominibus
1547 851 1713 906 dedit.
1765 849 1889 904 llaec
1939 859 2121 904 autem

551 951 714 1022 paulo
745 949 908 1004 latius
931 946 1314 1010 discussimus,
1341 944 1580 997 volentes
1616 942 1682 996 de
1717 950 1907 994 natura
1939 940 2123 995 chari-

550 1044 677 1100 tatis
705 1052 759 1098 et
779 1041 982 1096 amoris
1003 1041 1244 1110 apertius
1273 1036 1638 1106 attentiusque
1659 1036 2018 1106 distinguere,
2050 1049 2120 1089 ne

551 1137 688 1192 forte
734 1133 990 1206 quoniam
1025 1131 1304 1202 Scriptura
1346 1130 1496 1193 dicit,
1539 1129 1664 1198 quia
1699 1127 1838 1182 Deus
1887 1126 2121 1181 charitas

488 1275 492 1278 .
550 1239 627 1284 est
647 1229 717 1294 ⁸⁸,
743 1241 904 1283 omne
924 1224 1071 1296 quod
1100 1222 1342 1292 diligitur
1370 1221 1532 1275 etiam
1569 1220 1615 1275 si
1650 1217 2001 1288 corruptibile
2031 1217 2120 1280 sit,

550 1334 618 1376 ex
649 1318 758 1373 Deo
788 1333 930 1378 esse.
961 1325 1015 1371 et
1059 1315 1165 1370 hoc
1195 1312 1433 1368 charitas
1470 1321 1524 1366 et
1555 1309 1774 1366 dilectio
1820 1318 2120 1378 putaretur.

553 1409 659 1465 Sed
693 1408 999 1464 ostenditur
1026 1421 1114 1462 res
1140 1405 1356 1476 quidem
1382 1403 1496 1469 Dei,
1525 1411 1578 1458 et
1621 1418 1822 1457 munus
1861 1402 1980 1470 ejus
2003 1416 2124 1456 esse

551 1502 812 1566 charitas,
838 1517 949 1555 non
995 1507 1176 1554 tamen
1209 1513 1424 1568 semper
1465 1499 1535 1552 ab
1571 1495 1902 1558 hominibus,
1950 1493 2016 1547 ad
2060 1509 2124 1547 ea

552 1609 674 1666 quae
706 1593 796 1648 Dei
823 1602 969 1658 sunt,
1000 1603 1054 1647 et
1081 1609 1202 1663 qum
1231 1591 1372 1647 Deus
1411 1590 1528 1644 vult
1557 1605 1694 1659 opus
1728 1588 1848 1656 ejus
1877 1585 2120 1650 assumi;

555 1685 652 1742 sed
681 1693 735 1740 et
766 1685 874 1742 hoc
911 1685 1052 1740 scire
1089 1691 1320 1754 oportet,
1350 1681 1496 1752 quod
1539 1680 1873 1749 impossibile
1913 1685 2016 1738 est,
2066 1685 2124 1731 ut

555 1793 662 1834 non
705 1791 921 1848 semper
964 1777 1202 1830 humana
1249 1784 1442 1828 natura
1497 1773 1696 1842 aliquid
1723 1780 1886 1826 amet.
1935 1769 2124 1825 Omnis

555 1883 792 1939 namque
815 1868 910 1938 qui
939 1867 1005 1921 ad
1031 1867 1084 1921 id
1112 1865 1287 1921 aetatis
1317 1864 1543 1926 venerit,
1585 1879 1748 1933 quam
1787 1862 2122 1930 pubertatem

552 1969 768 2027 vocant,
806 1969 954 2015 amat
991 1959 1195 2031 aliquid
1237 1973 1332 2014 seu
1381 1957 1559 2011 minus
1611 1967 1775 2018 recte,
1821 1970 1944 2010 cum
1981 1963 2128 2008 amat

551 2065 673 2120 qua
708 2065 815 2106 non
859 2057 1105 2122 oportet;
1142 2065 1240 2106 seu
1279 2059 1424 2104 recte
1467 2059 1520 2102 et
1553 2048 1779 2112 utiliter,
1822 2053 2129 2114 eumatnat

551 2158 674 2212 qua:
704 2152 936 2212 oportet.
988 2139 1186 2196 Verum
1241 2140 1492 2197 nonnulli
1540 2141 1688 2195 hunc
1737 2140 1942 2193 amoris
1994 2136 2126 2193 affe-

553 2240 724 2294 ctum,
759 2233 852 2301 qui
896 2233 1092 2286 anima:
1137 2232 1450 2287 rationabili
1492 2231 1691 2286 insitus
1733 2238 1818 2285 est
1866 2230 2128 2286 beneficio

554 2320 888 2391 Conditoris,
917 2331 1010 2378 aut
1034 2323 1100 2378 ad
1128 2338 1369 2379 amorem
1393 2324 1636 2393 pecuniae
1669 2323 1892 2377 trahunt
1917 2331 1968 2376 et
2001 2338 2130 2377 ava-

557 2413 694 2468 ritia:
718 2415 980 2480 studium,
1004 2425 1100 2470 aut
1122 2431 1250 2486 erga
1283 2415 1509 2484 gloriam
1545 2414 1889 2485 captandam,
1914 2424 1965 2467 et
1995 2413 2130 2469 fiunt

556 2504 736 2560 inanis
761 2506 943 2576 glorize
973 2506 1185 2578 cupidi;
1230 2517 1322 2562 aut
1362 2522 1490 2577 erga
1525 2515 1704 2561 scorta
1753 2506 2034 2572 sectanda,
2075 2514 2129 2560 et

556 2597 906 2653 inveniuntur
953 2597 1301 2669 impudicitia:
1361 2597 1712 2667 libidinisque
1758 2597 1990 2666 captivi;
2036 2605 2131 2650 aut

555 2687 623 2742 ad
655 2687 758 2743 alia
796 2688 880 2744 his
908 2688 1104 2744 similia
1141 2689 1393 2745 virtutem
1433 2689 1564 2744 tanti
1599 2687 1724 2743 boni
1761 2687 1923 2757 hujus
1956 2685 2130 2741 ell‘un-

554 2779 712 2835 dunt.
743 2779 848 2834 Sed
880 2790 1082 2834 etcum
1114 2793 1240 2852 erga
1272 2780 1518 2836 diversas
1542 2789 1686 2833 artes
1710 2793 1868 2833 amor
1902 2777 2004 2832 iste
2025 2777 2130 2830 du-

556 2871 719 2937 citur,
743 2886 866 2942 quae
896 2887 1058 2927 manu
1101 2872 1509 2940 ministrentur,
1533 2879 1626 2926 aut
1657 2889 1750 2942 per
1778 2871 1955 2928 studia
1985 2886 2128 2944 prae-

554 2961 725 3018 sentis
751 2962 875 3018 vitae
913 2978 1019 3018 non
1065 2964 1241 3020 solum
1289 2963 1620 3027 necessaria,
1657 2973 1714 3018 ut
1758 2964 1906 3018 verbi
1955 2963 2128 3035 gratia

554 3051 808 3117 dixerim,
843 3067 969 3125 erga
993 3062 1161 3110 artem
1197 3053 1578 3125 palaestricam,
1605 3055 1688 3110 vel
1731 3069 1928 3110 cursus
1964 3070 2122 3108 exer-
2153 3080 2202 3142 ο

553 3144 704 3210 citia,
728 3153 824 3201 aut
853 3154 1000 3202 certe
1026 3145 1188 3202 etiam
1219 3161 1346 3216 erga
1391 3147 1798 3216 geometricam,
1829 3146 1913 3200 vel
1957 3146 2127 3201 musi-

553 3251 698 3302 cam,
729 3236 812 3293 vel
847 3237 1244 3293 arithmeticam
1267 3237 1567 3302 confertur,
1600 3245 1761 3308 atque
1789 3239 1856 3293 ad
1881 3238 2019 3294 alias
2045 3239 2128 3293 vel

557 3328 935 3400 hujuscemodi
960 3328 1297 3400 disciplinas,
1329 3344 1429 3384 nec
1457 3329 1538 3385 sic
1569 3328 1788 3398 quidem
1818 3330 1952 3384 mihi
1981 3329 2131 3384 vide-

554 3427 644 3473 tur
669 3434 804 3476 usus
827 3418 945 3491 ejus
971 3407 1324 3491 probabiliter
1354 3419 1520 3476 sumi.
1569 3419 1627 3475 Si
1656 3421 1800 3476 enim
1840 3421 1987 3491 quod
2024 3420 2127 3475 bo-

555 3524 686 3565 num
711 3518 814 3574 est,
849 3511 954 3566 hoc
979 3519 1036 3567 et
1059 3510 1338 3582 probabile
1377 3519 1492 3578 est;
1530 3513 1733 3568 bonum
1780 3522 1961 3568 autem
1999 3528 2128 3584 pro-

554 3602 674 3672 prie
703 3617 809 3656 non
841 3619 968 3674 erga
996 3618 1128 3659 usus
1168 3617 1486 3674 corporeos,
1525 3605 1618 3660 sed
1647 3604 1701 3659 in
1734 3602 1848 3660 Deo
1887 3606 2124 3676 primum

555 3705 608 3751 et
657 3695 827 3751 animi
877 3696 1172 3752 virtutibus
1214 3695 1564 3765 intelligitur;
1603 3707 1996 3768 consequenter
2038 3699 2130 3756 ille

555 3802 711 3842 amor
757 3788 1054 3859 probabilis
1098 3796 1202 3854 est,
1236 3786 1332 3858 qui
1367 3785 1479 3843 Deo
1519 3799 1572 3843 et
1619 3788 1787 3843 animi
1837 3788 2128 3847 virtutibus

555 3888 857 3948 coaptatur.
897 3878 964 3934 Et
994 3881 1096 3935 hoc
1139 3879 1212 3934 ita
1257 3894 1318 3935 se
1349 3878 1548 3946 habere
1593 3879 1910 3936 definitione
1955 3880 2129 3951 ipsius

559 3963 856 4021 Salvatoris
900 3965 1225 4034 ostenditur,
1257 3965 1349 4022 ubi
1393 3968 1762 4037 interrogatus
1801 3983 1832 4023 a
1864 3969 2124 4040 quodam,

554 4040 701 4131 quod
729 4068 876 4113 esset
913 4058 1224 4113 mandatum
1279 4059 1526 4114 omnium
1573 4058 1896 4126 maximum,
1923 4068 1978 4115 et
2017 4061 2128 4130 prio

556 4165 706 4208 mum
751 4151 806 4205 in
846 4149 983 4220 lege,
1030 4148 1349 4220 respondit:
1383 4148 1584 4221 Diliges
1637 4148 1919 4204 Dominum
1963 4148 2129 4206 Deum

558 4257 708 4302 tuum
736 4261 801 4299 ex
835 4254 943 4299 toto
971 4245 1126 4300 corde
1156 4254 1267 4308 tuo,
1295 4253 1345 4299 et
1372 4258 1438 4299 ea:
1467 4253 1579 4298 tota
1606 4244 1787 4299 anima
1825 4253 1938 4307 tua,
1973 4253 2022 4298 et
2064 4261 2128 4299 ex

558 4339 681 4392 totis
710 4337 904 4392 uiribus
936 4339 1062 4392 tuis.
1094 4335 1390 4392 Secundum
1419 4351 1538 4391 t'ero
1570 4336 1741 4391 simile
1767 4347 1842 4392 est
1874 4338 1998 4390 illi:
2031 4337 2127 4390 Di-

557 4430 687 4501 liges
711 4430 1013 4498 proximum
1056 4437 1202 4482 tuum
1242 4429 1380 4483 sicut
1413 4429 1654 4498 teipsum.
1693 4427 1758 4483 Et
1790 4430 2021 4500 adjecit:
2060 4430 2126 4484 In
2158 4423 2203 4480 D

559 4523 639 4577 Itis
659 4521 862 4576 duobus
885 4520 1151 4575 mandatis
1173 4522 1340 4577 omnis
1368 4519 1453 4575 lea:
1477 4521 1662 4590 pendet
1689 4531 1738 4576 et
1763 4523 2023 4591 prop/tela:
2043 4524 2084 4556 ⁸³
2111 4541 2126 4578 :

557 4615 850 4672 ostendens
869 4628 964 4684 per
991 4613 1106 4668 haec
1135 4613 1244 4670 duo
1273 4613 1484 4683 justum
1525 4627 1766 4668 amorem
1797 4613 2127 4684 legitimum-

557 4721 665 4778 que
697 4715 968 4772 constare,
1000 4711 1164 4775 atque
1209 4703 1264 4759 in
1313 4703 1399 4760 his
1442 4703 1750 4759 universam
1788 4705 1959 4775 legem
1994 4721 2125 4776 pro-

557 4797 858 4869 phelasque
885 4794 1138 4864 pendere.
1171 4792 1275 4849 Sed
1310 4803 1362 4850 et
1388 4795 1528 4865 quod
1553 4795 1661 4848 ait:
1699 4793 1819 4848 Non
1854 4796 2127 4852 adultera-

556 4889 672 4954 bis;
714 4903 819 4942 non
861 4884 1094 4949 occides;
1141 4901 1243 4940 non
1291 4884 1492 4955 furtum
1533 4886 1733 4955 facies;
1778 4903 1880 4941 non
1926 4888 2123 4957 falsum

556 4983 915 5039 testimonium
948 4979 1089 5033 dices
1119 4977 1195 5044 ";
1228 4986 1284 5032 et
1318 4977 1364 5032 si
1411 4977 1558 5048 quod
1592 4977 1739 5033 aliud
1784 4980 2121 5044 mandatum,

559 5074 613 5128 in
644 5072 748 5127 hoc
779 5071 939 5128 verbo
965 5079 1321 5134 restaurator,
1355 5068 1410 5122 in
1438 5083 1546 5138 quo
1575 5069 1647 5122 ait
1677 5087 1690 5121 :
1717 5068 1916 5140 Diliges
1944 5071 2125 5138 proxi-

559 5178 701 5216 mum
742 5172 889 5215 tuum
916 5163 1050 5215 sicut
1082 5159 1324 5229 teipsum,
1357 5157 1502 5228 quod
1549 5157 1654 5213 hoc
1695 5159 1859 5214 modo
1905 5157 2122 5215 facilius

556 5253 954 5326 explanabitur.

624 5362 920 5429 Ponamus,
949 5363 1092 5418 verbi
1137 5375 1325 5426 causa,
1353 5357 1636 5414 mulierem
1676 5373 1862 5412 amore
1889 5357 2120 5429 alicujus

554 5459 657 5515 viri
702 5458 999 5516 ardentem.
1050 5455 1464 5525 cupientemque
1512 5451 1566 5504 in
1612 5452 1949 5505 consortium
1999 5452 2118 5521 ejus

553 5547 768 5615 ascisci,
801 5561 981 5601 nonne
1005 5544 1187 5598 omnia
1213 5543 1286 5598 ita
1309 5550 1452 5614 aget,
1483 5551 1535 5595 et
1560 5553 1752 5593 omnes
1781 5551 1960 5596 motus
1989 5557 2120 5597 suos

1203 5663 1242 5693 “
1285 5660 1468 5716 Matth.
1503 5675 1640 5728 xxtt,
1673 5659 1764 5725 57,
1795 5659 1884 5724 59,
1924 5657 2011 5714 40.

2162 1748 2199 1801 Β

620 5669 664 5701 ⁸⁰
705 5668 722 5722 |
755 5666 911 5723 Jaan.
951 5679 1022 5726 tv,
1060 5663 1112 5716 8.

554 5742 597 5773 ⁸⁸
637 5740 824 5794 Matth.
858 5753 934 5803 xl,
999 5733 1087 5786 27.

941 6510 1098 6519 __.____

2101 5659 2146 5692 “
2183 5658 2372 5715 Matth.
2406 5677 2517 5728 χιιι,
2560 5658 2646 5714 18.

2224 474 2365 529 forte
2398 473 2443 528 si
2479 473 2532 527 in
2576 472 2762 540 aliquo
2802 479 2991 524 contra
3035 469 3362 523 voluntatem
3406 468 3540 524 illius
3578 474 3736 541 egerit,

2223 564 2501 620 consonia
2529 563 2647 633 ejus
2682 561 2763 615 vir
2793 560 2882 615 ille
2928 559 3165 630 optimus
3208 556 3402 613 refutet
3439 569 3586 628 atque
3613 575 3737 630 sper-

2223 656 2361 710 nat?
2387 654 2662 710 Poteritne
2693 652 2809 706 haec
2856 650 3051 706 mulier
3081 664 3202 720 qua:
3231 663 3356 720 erga
3395 663 3618 704 amorem
3655 651 3738 704 viri

2223 749 2371 804 illius
2419 755 2530 800 toto
2558 745 2744 810 corde,
2773 752 2884 799 tota
2930 743 3137 807 anima,
3169 741 3402 810 totisque
3435 741 3624 797 viribus
3651 742 3740 796 fer-

2223 850 2334 908 vet,
2368 849 2462 895 aut
2499 838 2821 894 adulterium
2865 836 3204 891 committere
3246 849 3366 904 qua:
3405 848 3524 888 eum
3566 836 3742 890 noverit

2225 946 2410 987 amare
2433 926 2788 1000 pudicitiam?
2814 935 2910 980 aut
2952 923 3325 987 homicidium,
3369 937 3483 992 qua:
3517 937 3628 976 eum
3663 941 3741 976 no-

2224 1025 2362 1080 verit
2390 1023 2614 1078 mitem?
2649 1029 2744 1076 aut
2775 1018 2999 1082 furtum,
3027 1032 3150 1086 quae
3173 1016 3221 1070 ei
3249 1019 3384 1070 sciat
3411 1015 3737 1069 liberalitatem

2225 1117 2471 1190 placere?
2508 1124 2601 1169 aut
2641 1111 2994 1180 concupiscet
3037 1107 3236 1174 aliena,
3271 1121 3390 1176 qua:
3427 1122 3604 1162 omnes
3636 1123 3741 1164 suas

2225 1207 2698 1280 concupiscentias
2725 1220 2854 1275 erga
2887 1216 3130 1257 amorem
3158 1200 3261 1254 viri
3298 1201 3440 1255 illius
3473 1199 3647 1255 habeat
3670 1216 3744 1254 nc-

2225 1299 2483 1370 cupatas?
2508 1297 2596 1353 Sic
2616 1312 2745 1367 ergo
2779 1296 2832 1348 in
2867 1293 3149 1349 charitatis
3179 1291 3521 1362 perfectione,
3543 1301 3593 1346 et
3613 1308 3744 1348 omne

2225 1394 2541 1449 mandatum
2566 1389 2858 1445 restaurari
2889 1387 3105 1453 dicitur,
3131 1395 3183 1442 et
3213 1387 3342 1455 legis
3369 1386 3535 1438 virtus
3556 1386 3747 1454 preplze-

2225 1496 2514 1553 tarumque
2535 1482 2786 1550 pendere.
2815 1480 3039 1550 Pmpter
3066 1480 3208 1534 istud
3232 1478 3505 1534 charitatis
3524 1479 3602 1532 vel
3624 1493 3746 1530 amn-

2225 1579 2555 1636 ris-bonum,
2588 1574 2760 1630 sancti
2794 1589 2895 1627 nec
2929 1574 2980 1626 in
3013 1573 3358 1628 tribulatione
3391 1573 3746 1641 angustiantur,

2227 1687 2325 1724 nec
2356 1668 2585 1740 aporiati
2621 1665 3027 1735 exaporiantur,
3061 1680 3158 1720 nec
3185 1664 3375 1734 dejecti
3413 1672 3639 1732 pereunt,
3672 1663 3746 1715 sed

2227 1761 2373 1832 quod
2415 1761 2467 1814 in
2505 1759 2864 1829 praesentiest
2894 1766 3354 1818 momentancum,
3379 1765 3432 1810 et
3457 1755 3564 1810 leve
3605 1754 3748 1807 tribu-

2227 1855 2448 1910 lationis
2481 1868 2668 1907 eorum
2699 1865 2863 1920 supra
2916 1850 3135 1905 modum
3165 1859 3422 1904 aeternum
3450 1847 3620 1920 gloria:
3641 1863 3749 1918 pon-

2227 1947 2330 2001 dus
2353 1953 2606 2016 operatur
2635 1944 2762 1998 illis.
2780 1941 2898 1998 Non
2925 1943 3066 1998 enim
3089 1943 3367 2006 omnibus,
3390 1945 3479 1998 sed
3507 1940 3676 2004 Paulo,
3709 1952 3751 1994 et

2229 2040 2314 2094 his
2351 2039 2444 2110 qui
2471 2039 2519 2093 ei
2551 2037 2755 2093 similes
2785 2046 2931 2100 sunt,
2967 2051 3204 2105 praesens
3258 2036 3375 2091 haec
3419 2044 3470 2090 et
3492 2043 3752 2089 momenta-

2229 2147 2330 2186 nea
2359 2147 2422 2186 ac
2451 2130 2583 2186 leris
2615 2130 2812 2185 dicitur
2843 2129 3152 2184 tribulatio:
3191 2129 3317 2198 quia
3350 2125 3624 2196 perfectam
3648 2126 3752 2181 cha-

2229 2224 2444 2279 ritatetn
2486 2221 2580 2278 Dei
2625 2223 2677 2276 in
2711 2221 2932 2276 Christo
2953 2218 3080 2274 Jesu
3123 2235 3218 2290 per
3251 2217 3508 2290 Spiritum
3539 2224 3751 2272 sanctum

2229 2317 2332 2387 31
2372 2317 2573 2370 habent
2601 2317 2654 2370 in
2683 2315 2846 2370 corde
2897 2328 2996 2368 suo
3046 2312 3321 2367 diffusam.
3361 2311 3452 2366 Sic
3486 2310 3690 2379 denique
3713 2319 3754 2362 et

2229 2407 2398 2464 Jaeob
2430 2409 2794 2480 patriarcbam
2825 2421 2978 2461 amor
3007 2405 3211 2460 Rachel
3249 2422 3347 2476 per
3385 2413 3578 2476 septem
3613 2419 3703 2458 ann
3735 2417 3756 2457 ς

2231 2503 2520 2558 continuos
2556 2501 2608 2554 in
2644 2500 2922 2554 laboribus
2949 2500 3182 2569 positum
3211 2501 3394 2554 diurni
3425 2509 3582 2556 aestus
3605 2507 3653 2555 et
3677 2513 3756 2553 no-

2232 2595 2412 2652 cturni
2461 2593 2677 2664 frigoris
2727 2593 2994 2647 ustionem
3053 2591 3253 2645 sentire
3295 2609 3404 2646 non
3454 2590 3639 2647 sivit“.
3687 2591 3757 2643 sic

2231 2687 2410 2758 ipsum
2442 2684 2666 2740 Paulum
2708 2684 2760 2737 in
2791 2698 2976 2737 amore
3004 2681 3165 2751 hujus
3198 2684 3478 2740 incensum
3509 2682 3759 2738 auditodi-

2229 2789 2440 2836 centem
2476 2799 2490 2834 :
2521 2778 2768 2834 Charitas
2795 2779 2970 2830 omnia
3005 2779 3227 2846 patitur,
3257 2779 3436 2832 omnia
3465 2776 3638 2841 credit,
3670 2789 3760 2826 om-

2231 2877 2323 2930 nia
2353 2887 2548 2945 sperat,
2573 2874 2750 2927 omnia
2777 2873 2987 2940 tolerat,
3015 2873 3251 2927 charitas
3278 2887 3542 2942 nunquam
3565 2870 3690 2924 cadit
3708 2868 3758 2920 ⁸⁸.

2230 2968 2375 3026 Nihil
2411 2984 2542 3040 ergo
2571 2978 2656 3023 est
2685 2967 2829 3037 quod
2883 2983 2988 3022 non
3035 2968 3246 3030 toleret,
3281 2969 3378 3037 qui
3417 2965 3637 3037 perfecte
3661 2961 3757 3015 dili-

2232 3063 2327 3135 git.
2369 3061 2532 3114 Plura
2580 3069 2759 3114 autem
2805 3059 3024 3129 quando
3073 3075 3181 3112 non
3233 3057 3545 3124 toleramus,
3587 3063 3758 3112 eertum

2231 3153 2377 3225 quod
2423 3153 2491 3208 ob
2537 3153 2640 3207 hoc
2686 3152 2812 3221 quia
2855 3151 3174 3206 charitatem
3207 3166 3328 3220 qua:
3355 3150 3534 3206 omnia
3579 3148 3761 3207 tolerat,

2231 3263 2339 3302 non
2375 3246 2659 3302 habemus.
2696 3243 2761 3299 Et
2795 3244 2838 3298 si
2873 3260 2982 3298 non
3031 3242 3258 3298 ferimus
3300 3243 3484 3313 aliqua
3513 3229 3763 3313 patienter,

2231 3338 2434 3393 idcirco
2484 3344 2568 3391 est
2613 3335 2742 3404 quia
2791 3334 3032 3388 charitas
3082 3333 3237 3388 nobis
3272 3332 3584 3403 deeSt,quae
3612 3329 3763 3385 omnia

2230 3429 2454 3500 patitur.
2485 3425 2544 3482 ln
2577 3426 2870 3481 luctamine
2900 3440 3119 3495 quoque
3145 3439 3210 3480 eo
3241 3425 3391 3492 quod
3423 3435 3504 3480 est
3525 3423 3668 3479 nobis
3689 3421 3766 3475 ad-

2228 3536 2420 3576 versus
2460 3519 2759 3586 diabolum,
2811 3519 2956 3587 quod
3015 3517 3326 3587 frequenter
3364 3516 3623 3582 cadimus,
3675 3529 3763 3567 non

2229 3611 2455 3668 dubium
2487 3619 2569 3665 est
2599 3609 2730 3679 quin
2773 3608 2844 3661 ob
2873 3607 2976 3660 hoc
3011 3605 3104 3660 ﬁat
3137 3607 3283 3675 quod
3316 3622 3426 3661 non
3456 3615 3535 3662 est
3560 3605 3610 3660 in
3635 3606 3767 3660 nobis

2230 3701 2468 3758 Charitas
2499 3700 2586 3753 illa
2631 3713 2752 3768 quae
2785 3711 3062 3764 nunquam
3097 3695 3260 3749 cadit.
3303 3694 3462 3751 Hunc
3485 3710 3606 3765 ergo
3635 3708 3767 3747 amu-

2228 3809 2342 3848 retn
2374 3793 2616 3862 loquitur
2642 3804 2878 3860 praesens
2913 3787 3216 3856 Scriptura,
3261 3803 3370 3857 quo
3407 3803 3530 3858 erga
3575 3785 3766 3839 verbum

2229 3885 2324 3940 Dei
2353 3887 2534 3940 anima
2569 3883 2724 3938 beata
2757 3881 2924 3936 utitur
2945 3888 3000 3933 et
3024 3879 3423 3946 inflammatur;
3446 3890 3497 3934 ct
3522 3877 3650 3933 istud
3671 3877 3768 3945 epi-

2228 3977 2474 4033 thalamii
2508 3991 2727 4031 carmen
2778 3990 2874 4044 per
2916 3974 3166 4043 spiritum
3215 3971 3357 4026 canit
3403 3987 3512 4042 quo
3561 3969 3767 4024 Ecclesia

2228 4084 2429 4140 sponso
2463 4067 2670 4123 cmlesti
2697 4065 2914 4121 Christo
2942 4065 3291 4135 conjungitur
3321 4079 3386 4119 ac
3421 4064 3668 4126 sociatur,
3693 4058 3769 4112 de-

2229 4165 2476 4220 siderans
2507 4159 2722 4215 misceri
2751 4159 2800 4212 ei
2836 4173 2928 4228 per
2960 4158 3206 4226 verbum,
3241 4165 3300 4210 ut
3319 4157 3589 4226 concipiat
3611 4169 3671 4209 ex
3696 4165 3767 4210 eo.

2226 4268 2281 4312 et
2310 4254 2508 4309 salvari
2545 4251 2715 4322 possit
2747 4265 2842 4320 per
2891 4248 3030 4304 hanc
3062 4257 3268 4303 castam
3306 4247 3540 4303 filiorum
3571 4257 3773 4318 genera-

2227 4349 2452 4409 tionem,
2477 4360 2599 4400 cum
2635 4341 3031 4413 permanserint
3055 4341 3107 4394 in
3133 4339 3256 4405 fide,
3285 4349 3339 4395 et
3363 4342 3645 4396 sanctitate
3665 4349 3771 4392 cum

2230 4435 2524 4491 sobrietate
2563 4452 2576 4487 :
2607 4441 2789 4502 utpote
2817 4430 3062 4500 concepti
3091 4445 3157 4484 ex
3185 4431 3392 4485 semine
3426 4430 3635 4500 quidem
3662 4424 3774 4479 Vet-

2231 4529 2284 4583 bi
2331 4526 2445 4590 Dei,
2473 4526 2600 4581 editi
2629 4540 2758 4580 vero
2786 4524 3059 4596 genitique
3092 4523 3176 4576 vel
3208 4522 3276 4576 ab
3312 4521 3652 4576 immaculata
3686 4516 3775 4569 Εε-

2229 4619 2414 4686 clcsia,
2445 4617 2528 4672 vel
2581 4619 2650 4672 ab
2695 4619 2876 4671 anima
2910 4616 3046 4670 nihil
3083 4629 3434 4683 corporeum,
3462 4613 3593 4667 nihil
3624 4619 3776 4665 mate-

2229 4711 2364 4767 riale
2403 4711 2730 4780 requirente,
2762 4709 2854 4764 sed
2889 4709 3006 4763 solo
3032 4705 3194 4761 Verbi
3229 4705 3319 4759 Dei
3351 4720 3538 4760 amore
3565 4703 3774 4772 ﬂagran-

2231 4815 2301 4858 te.
2336 4801 2459 4857 llazc
2513 4800 2728 4856 interim
2780 4801 2937 4854 nobis
2981 4798 3047 4853 ad
3099 4813 3336 4868 praesens
3375 4798 3441 4851 de
3482 4809 3679 4858 amore,
3708 4787 3777 4842 νιι

2229 4896 2516 4959 charitate,
2545 4909 2666 4963 qua:
2701 4893 2755 4946 in
2788 4891 3138 4961 epithalamio
3168 4891 3270 4944 huc
3301 4889 3509 4944 Cantici
3555 4885 3778 4940 cantico-

2229 5002 2351 5042 rum
2399 4984 2654 5049 refertur,
2697 4998 2986 5038 occurrere
3018 4989 3329 5052 potuerunt.
3368 4980 3474 5035 Sed
3515 4978 3774 5035 sciendum

2228 5090 2313 5135 est
2343 5089 2452 5134 tam
2487 5079 2656 5134 multa
2703 5093 2824 5133 esse
2872 5091 2992 5146 quae
3022 5075 3129 5129 dici
3155 5074 3385 5129 debeant
3425 5073 3493 5128 de
3535 5071 3776 5128 charitate

2230 5172 2352 5236 hac,
2383 5181 2586 5242 quanta
2615 5180 2669 5226 et
2693 5171 2758 5226 de
2795 5171 2903 5224 Deo
2936 5187 2950 5222 :
2982 5167 3250 5237 siquidem
3281 5167 3396 5237 ipse
3426 5175 3509 5221 est
3533 5164 3774 5220 charitas.

2231 5267 2382 5320 Sicut
2404 5266 2548 5322 enim
2579 5280 2729 5318 nemo
2768 5263 2906 5317 novit
2937 5259 3152 5316 Patrem
3175 5261 3277 5315 nisi
3311 5259 3507 5328 Filius,
3530 5269 3577 5314 et
3599 5258 3681 5311 cui
3703 5272 3778 5308 v0-

2227 5358 2382 5411 luerit
2430 5356 2601 5412 Filius
2632 5355 2855 5411 revelare
2873 5357 2949 5423 u’;
2983 5355 3056 5409 ita
3103 5369 3264 5408 nemo
3292 5354 3440 5408 novit
3471 5352 3780 5408 charitatz-m

2228 5451 2333 5507 nisi
2377 5449 2566 5506 Filius.
2619 5449 2880 5505 Similiter
2924 5459 3107 5505 autem
3148 5448 3308 5502 etiam
3365 5446 3539 5516 ipsum
3573 5443 3778 5504 Filium,

2227 5545 2483 5616 quoniam
2508 5553 2562 5600 et
2596 5544 2711 5614 ipse
2735 5543 2973 5600 Charitas
2997 5550 3102 5608 est,
3139 5541 3366 5614 ipsaque
3397 5555 3461 5594 ex
3498 5537 3609 5594 Deo
3632 5535 3781 5590 Patre

2758 5659 2802 5691 ⁸³
2841 5659 2977 5715 Gen.
3011 5673 3122 5712 nx.
3201 5656 3246 5687 ⁸³
3286 5658 3304 5708 ι
3335 5653 3463 5710 Cor.
3499 5669 3594 5708 xm
3654 5651 3702 5716 7,
3730 5655 3778 5706 δ.
