  <div class='ocr_page' id='page_1' title='image "/cluster/home/n/w/nwhite01/storage/ocr_20150623/13/hvd.32044019207646/045.png"; bbox 0 0 3872 6526; ppageno 0'>
   <div class='ocr_carea' id='block_1_1' title="bbox 467 364 3689 439">
    <p class='ocr_par' dir='ltr' id='par_1_1' title="bbox 467 364 3689 439">
     <span class='ocr_line' id='line_1_1' title="bbox 467 364 3689 439; baseline -0.003 -2"><span class='ocrx_word' id='word_1_1' title='bbox 467 375 540 439; x_wconf 76' lang='lat'><strong>75</strong></span> <span class='ocrx_word' id='word_1_2' title='bbox 1538 371 1857 435; x_wconf 82' lang='lat' dir='ltr'><strong>ORIGENIS</strong></span> <span class='ocrx_word' id='word_1_3' title='bbox 1894 373 1960 431; x_wconf 86' lang='grc' dir='ltr'><strong>ΙΝ</strong></span> <span class='ocrx_word' id='word_1_4' title='bbox 1996 364 2354 434; x_wconf 81' lang='lat' dir='ltr'><strong>CANTICUM</strong></span> <span class='ocrx_word' id='word_1_5' title='bbox 2392 367 2665 427; x_wconf 81' lang='lat' dir='ltr'><strong>CANTIC.</strong></span> <span class='ocrx_word' id='word_1_6' title='bbox 3625 366 3689 427; x_wconf 78' lang='lat'><strong>76</strong></span> 
     </span>
    </p>
   </div>
   <div class='ocr_carea' id='block_1_2' title="bbox 469 476 3694 571">
    <p class='ocr_par' dir='ltr' id='par_1_2' title="bbox 469 476 3694 571">
     <span class='ocr_line' id='line_1_2' title="bbox 469 476 3694 571; baseline -0.005 -16"><span class='ocrx_word' id='word_1_7' title='bbox 469 476 537 555; x_wconf 81' lang='lat' dir='ltr'><strong>Et</strong></span> <span class='ocrx_word' id='word_1_8' title='bbox 563 498 691 571; x_wconf 83' lang='lat' dir='ltr'><strong>quia</strong></span> <span class='ocrx_word' id='word_1_9' title='bbox 743 497 832 569; x_wconf 85' lang='lat' dir='ltr'><strong>qui</strong></span> <span class='ocrx_word' id='word_1_10' title='bbox 879 497 933 553; x_wconf 92' lang='lat' dir='ltr'><strong>in</strong></span> <span class='ocrx_word' id='word_1_11' title='bbox 966 496 1050 552; x_wconf 89' lang='lat' dir='ltr'><strong>his</strong></span> <span class='ocrx_word' id='word_1_12' title='bbox 1078 494 1345 561; x_wconf 87' lang='lat' dir='ltr'><strong>eruditur,</strong></span> <span class='ocrx_word' id='word_1_13' title='bbox 1377 495 1686 551; x_wconf 74' lang='lat' dir='ltr'><strong>neceSsario</strong></span> <span class='ocrx_word' id='word_1_14' title='bbox 1712 494 2052 551; x_wconf 88' lang='lat' dir='ltr'><strong>rationabili-</strong></span> <span class='ocrx_word' id='word_1_15' title='bbox 2079 497 2126 555; x_wconf 79' lang='grc' dir='ltr'><strong>Α</strong></span> <span class='ocrx_word' id='word_1_16' title='bbox 2157 491 2503 560; x_wconf 91' lang='lat' dir='ltr'><strong>clioncmque</strong></span> <span class='ocrx_word' id='word_1_17' title='bbox 2527 486 2799 553; x_wconf 92' lang='lat' dir='ltr'><strong>didicerit,</strong></span> <span class='ocrx_word' id='word_1_18' title='bbox 2823 501 2920 557; x_wconf 89' lang='lat' dir='ltr'><strong>per</strong></span> <span class='ocrx_word' id='word_1_19' title='bbox 2950 501 3071 559; x_wconf 86' lang='lat' dir='ltr'><strong>quae</strong></span> <span class='ocrx_word' id='word_1_20' title='bbox 3102 485 3157 542; x_wconf 92' lang='lat' dir='ltr'><strong>in</strong></span> <span class='ocrx_word' id='word_1_21' title='bbox 3180 483 3330 541; x_wconf 89' lang='lat' dir='ltr'><strong>nullo</strong></span> <span class='ocrx_word' id='word_1_22' title='bbox 3359 485 3520 557; x_wconf 89' lang='lat' dir='ltr'><strong>possit</strong></span> <span class='ocrx_word' id='word_1_23' title='bbox 3538 500 3597 543; x_wconf 88' lang='lat' dir='ltr'><strong>ex</strong></span> <span class='ocrx_word' id='word_1_24' title='bbox 3618 488 3694 545; x_wconf 83' lang='lat' dir='ltr'><strong>bis</strong></span> 
     </span>
    </p>
   </div>
   <div class='ocr_carea' id='block_1_3' title="bbox 467 586 2044 662">
    <p class='ocr_par' dir='ltr' id='par_1_3' title="bbox 467 586 2044 662">
     <span class='ocr_line' id='line_1_3' title="bbox 467 586 2044 662; baseline -0.004 -14"><span class='ocrx_word' id='word_1_25' title='bbox 467 602 549 648; x_wconf 89' lang='lat' dir='ltr'><strong>ter</strong></span> <span class='ocrx_word' id='word_1_26' title='bbox 584 606 678 662; x_wconf 90' lang='lat' dir='ltr'><strong>per</strong></span> <span class='ocrx_word' id='word_1_27' title='bbox 711 606 773 645; x_wconf 90' lang='lat' dir='ltr'><strong>ea</strong></span> <span class='ocrx_word' id='word_1_28' title='bbox 803 604 926 661; x_wconf 71' lang='lat' dir='ltr'><strong>quae</strong></span> <span class='ocrx_word' id='word_1_29' title='bbox 959 588 1148 645; x_wconf 75' lang='lat' dir='ltr'><strong>didicit</strong></span> <span class='ocrx_word' id='word_1_30' title='bbox 1175 588 1528 659; x_wconf 87' lang='lat' dir='ltr'><strong>semetipsum</strong></span> <span class='ocrx_word' id='word_1_31' title='bbox 1560 588 1846 659; x_wconf 78' lang='lat' dir='ltr'><strong>gubernat,</strong></span> <span class='ocrx_word' id='word_1_32' title='bbox 1880 596 1935 642; x_wconf 90' lang='lat' dir='ltr'><strong>et</strong></span> <span class='ocrx_word' id='word_1_33' title='bbox 1965 586 2044 641; x_wconf 88' lang='lat' dir='ltr'><strong>vi-</strong></span> 
     </span>
    </p>
   </div>
   <div class='ocr_carea' id='block_1_4' title="bbox 468 676 2045 752">
    <p class='ocr_par' dir='ltr' id='par_1_4' title="bbox 468 676 2045 752">
     <span class='ocr_line' id='line_1_4' title="bbox 468 676 2045 752; baseline -0.004 -14"><span class='ocrx_word' id='word_1_34' title='bbox 468 693 577 739; x_wconf 89' lang='lat' dir='ltr'><strong>tam</strong></span> <span class='ocrx_word' id='word_1_35' title='bbox 605 697 763 739; x_wconf 86' lang='lat' dir='ltr'><strong>suam</strong></span> <span class='ocrx_word' id='word_1_36' title='bbox 784 681 1123 738; x_wconf 80' lang='lat' dir='ltr'><strong>moderatius</strong></span> <span class='ocrx_word' id='word_1_37' title='bbox 1148 678 1332 748; x_wconf 83' lang='lat' dir='ltr'><strong>librat,</strong></span> <span class='ocrx_word' id='word_1_38' title='bbox 1355 688 1642 752; x_wconf 89' lang='lat' dir='ltr'><strong>propterea</strong></span> <span class='ocrx_word' id='word_1_39' title='bbox 1671 679 1801 735; x_wconf 86' lang='lat' dir='ltr'><strong>dicit</strong></span> <span class='ocrx_word' id='word_1_40' title='bbox 1831 697 1844 734; x_wconf 88' lang='lat'>:</span> <span class='ocrx_word' id='word_1_41' title='bbox 1876 676 2045 732; x_wconf 86' lang='lat' dir='ltr'><strong>Intel—</strong></span> 
     </span>
    </p>
   </div>
   <div class='ocr_carea' id='block_1_5' title="bbox 464 770 2044 848">
    <p class='ocr_par' dir='ltr' id='par_1_5' title="bbox 464 770 2044 848">
     <span class='ocr_line' id='line_1_5' title="bbox 464 770 2044 848; baseline -0.004 -18"><span class='ocrx_word' id='word_1_42' title='bbox 464 776 633 848; x_wconf 82' lang='lat' dir='ltr'><strong>ligens</strong></span> <span class='ocrx_word' id='word_1_43' title='bbox 669 784 845 830; x_wconf 74' lang='lat' dir='ltr'><strong>autem</strong></span> <span class='ocrx_word' id='word_1_44' title='bbox 886 772 1241 846; x_wconf 79' lang='lat' dir='ltr'><strong>gubernacula</strong></span> <span class='ocrx_word' id='word_1_45' title='bbox 1271 770 1581 845; x_wconf 72' lang='lat' dir='ltr'><strong>acquiret&quot;.</strong></span> <span class='ocrx_word' id='word_1_46' title='bbox 1609 770 1740 827; x_wconf 86' lang='lat' dir='ltr'><strong>Post</strong></span> <span class='ocrx_word' id='word_1_47' title='bbox 1768 772 1882 826; x_wconf 65' lang='lat' dir='ltr'><strong>haec</strong></span> <span class='ocrx_word' id='word_1_48' title='bbox 1915 784 2044 825; x_wconf 88' lang='lat' dir='ltr'><strong>vero</strong></span> 
     </span>
    </p>
   </div>
   <div class='ocr_carea' id='block_1_6' title="bbox 465 862 2043 939">
    <p class='ocr_par' dir='ltr' id='par_1_6' title="bbox 465 862 2043 939">
     <span class='ocr_line' id='line_1_6' title="bbox 465 862 2043 939; baseline -0.004 -15"><span class='ocrx_word' id='word_1_49' title='bbox 465 880 805 939; x_wconf 88' lang='lat' dir='ltr'><strong>cognoscens</strong></span> <span class='ocrx_word' id='word_1_50' title='bbox 837 866 893 922; x_wconf 90' lang='lat' dir='ltr'><strong>in</strong></span> <span class='ocrx_word' id='word_1_51' title='bbox 935 867 1115 924; x_wconf 84' lang='lat' dir='ltr'><strong>verbis</strong></span> <span class='ocrx_word' id='word_1_52' title='bbox 1146 865 1346 922; x_wconf 87' lang='lat' dir='ltr'><strong>divinis</strong></span> <span class='ocrx_word' id='word_1_53' title='bbox 1375 864 1576 936; x_wconf 85' lang='lat' dir='ltr'><strong>quibus</strong></span> <span class='ocrx_word' id='word_1_54' title='bbox 1623 879 1719 935; x_wconf 90' lang='lat' dir='ltr'><strong>per</strong></span> <span class='ocrx_word' id='word_1_55' title='bbox 1751 862 2043 935; x_wconf 83' lang='lat' dir='ltr'><strong>prophetas</strong></span> 
     </span>
    </p>
   </div>
   <div class='ocr_carea' id='block_1_7' title="bbox 465 953 2043 1035">
    <p class='ocr_par' dir='ltr' id='par_1_7' title="bbox 465 953 2043 1035">
     <span class='ocr_line' id='line_1_7' title="bbox 465 953 2043 1035; baseline -0.002 -23"><span class='ocrx_word' id='word_1_56' title='bbox 465 957 709 1014; x_wconf 79' lang='lat' dir='ltr'><strong>humano</strong></span> <span class='ocrx_word' id='word_1_57' title='bbox 748 956 928 1029; x_wconf 87' lang='lat' dir='ltr'><strong>generi</strong></span> <span class='ocrx_word' id='word_1_58' title='bbox 979 956 1210 1013; x_wconf 88' lang='lat' dir='ltr'><strong>traditus</strong></span> <span class='ocrx_word' id='word_1_59' title='bbox 1241 964 1324 1012; x_wconf 89' lang='lat' dir='ltr'><strong>est</strong></span> <span class='ocrx_word' id='word_1_60' title='bbox 1352 956 1486 1013; x_wconf 85' lang='lat' dir='ltr'><strong>ordo</strong></span> <span class='ocrx_word' id='word_1_61' title='bbox 1519 953 1755 1022; x_wconf 84' lang='lat' dir='ltr'><strong>vivendi,</strong></span> <span class='ocrx_word' id='word_1_62' title='bbox 1796 954 2043 1035; x_wconf 72' lang='lat' dir='ltr'><strong>diversos</strong></span> 
     </span>
    </p>
   </div>
   <div class='ocr_carea' id='block_1_8' title="bbox 464 1048 2043 1121">
    <p class='ocr_par' dir='ltr' id='par_1_8' title="bbox 464 1048 2043 1121">
     <span class='ocr_line' id='line_1_8' title="bbox 464 1048 2043 1121; baseline -0.004 -13"><span class='ocrx_word' id='word_1_63' title='bbox 464 1065 589 1108; x_wconf 90' lang='lat' dir='ltr'><strong>esse</strong></span> <span class='ocrx_word' id='word_1_64' title='bbox 615 1050 819 1121; x_wconf 84' lang='lat' dir='ltr'><strong>eloquii</strong></span> <span class='ocrx_word' id='word_1_65' title='bbox 862 1059 1066 1121; x_wconf 90' lang='lat' dir='ltr'><strong>tropos,</strong></span> <span class='ocrx_word' id='word_1_66' title='bbox 1098 1059 1152 1105; x_wconf 89' lang='lat' dir='ltr'><strong>et</strong></span> <span class='ocrx_word' id='word_1_67' title='bbox 1199 1049 1381 1107; x_wconf 86' lang='lat' dir='ltr'><strong>varias</strong></span> <span class='ocrx_word' id='word_1_68' title='bbox 1427 1048 1641 1105; x_wconf 88' lang='lat' dir='ltr'><strong>dicendi</strong></span> <span class='ocrx_word' id='word_1_69' title='bbox 1688 1049 1897 1120; x_wconf 89' lang='lat' dir='ltr'><strong>species</strong></span> <span class='ocrx_word' id='word_1_70' title='bbox 1930 1065 1943 1102; x_wconf 90' lang='lat'><strong>:</strong></span> <span class='ocrx_word' id='word_1_71' title='bbox 1978 1061 2043 1103; x_wconf 90' lang='lat' dir='ltr'><strong>ac</strong></span> 
     </span>
    </p>
   </div>
   <div class='ocr_carea' id='block_1_9' title="bbox 465 1137 2041 1211">
    <p class='ocr_par' dir='ltr' id='par_1_9' title="bbox 465 1137 2041 1211">
     <span class='ocr_line' id='line_1_9' title="bbox 465 1137 2041 1211; baseline -0.001 -16"><span class='ocrx_word' id='word_1_72' title='bbox 465 1139 648 1196; x_wconf 89' lang='lat' dir='ltr'><strong>sciens</strong></span> <span class='ocrx_word' id='word_1_73' title='bbox 675 1137 864 1195; x_wconf 88' lang='lat' dir='ltr'><strong>haberi</strong></span> <span class='ocrx_word' id='word_1_74' title='bbox 896 1140 950 1194; x_wconf 89' lang='lat' dir='ltr'><strong>in</strong></span> <span class='ocrx_word' id='word_1_75' title='bbox 978 1141 1057 1196; x_wconf 89' lang='lat' dir='ltr'><strong>eis</strong></span> <span class='ocrx_word' id='word_1_76' title='bbox 1081 1140 1321 1210; x_wconf 84' lang='lat' dir='ltr'><strong>aliquam</strong></span> <span class='ocrx_word' id='word_1_77' title='bbox 1354 1138 1604 1211; x_wconf 76' lang='lat' dir='ltr'><strong>figuram,</strong></span> <span class='ocrx_word' id='word_1_78' title='bbox 1631 1154 1754 1210; x_wconf 79' lang='lat' dir='ltr'><strong>qua:</strong></span> <span class='ocrx_word' id='word_1_79' title='bbox 1783 1137 2041 1209; x_wconf 89' lang='lat' dir='ltr'><strong>parabola</strong></span> 
     </span>
    </p>
   </div>
   <div class='ocr_carea' id='block_1_10' title="bbox 463 1230 2039 1304">
    <p class='ocr_par' dir='ltr' id='par_1_10' title="bbox 463 1230 2039 1304">
     <span class='ocr_line' id='line_1_10' title="bbox 463 1230 2039 1304; baseline -0.001 -17"><span class='ocrx_word' id='word_1_80' title='bbox 463 1230 783 1303; x_wconf 84' lang='lat' dir='ltr'><strong>appelletur,</strong></span> <span class='ocrx_word' id='word_1_81' title='bbox 829 1241 882 1287; x_wconf 91' lang='lat' dir='ltr'><strong>et</strong></span> <span class='ocrx_word' id='word_1_82' title='bbox 928 1232 1088 1287; x_wconf 90' lang='lat' dir='ltr'><strong>aliam</strong></span> <span class='ocrx_word' id='word_1_83' title='bbox 1133 1248 1255 1304; x_wconf 69' lang='lat' dir='ltr'><strong>qua:</strong></span> <span class='ocrx_word' id='word_1_84' title='bbox 1298 1232 1532 1289; x_wconf 90' lang='lat' dir='ltr'><strong>obseura</strong></span> <span class='ocrx_word' id='word_1_85' title='bbox 1574 1231 1742 1288; x_wconf 86' lang='lat' dir='ltr'><strong>dictio</strong></span> <span class='ocrx_word' id='word_1_86' title='bbox 1796 1238 2039 1298; x_wconf 81' lang='lat' dir='ltr'><strong>vocetur,</strong></span> 
     </span>
    </p>
   </div>
   <div class='ocr_carea' id='block_1_11' title="bbox 464 1321 2043 1395">
    <p class='ocr_par' dir='ltr' id='par_1_11' title="bbox 464 1321 2043 1395">
     <span class='ocr_line' id='line_1_11' title="bbox 464 1321 2043 1395; baseline -0.002 -17"><span class='ocrx_word' id='word_1_87' title='bbox 464 1322 711 1394; x_wconf 88' lang='lat' dir='ltr'><strong>aliasque</strong></span> <span class='ocrx_word' id='word_1_88' title='bbox 742 1338 866 1394; x_wconf 85' lang='lat' dir='ltr'><strong>quae</strong></span> <span class='ocrx_word' id='word_1_89' title='bbox 908 1323 1194 1395; x_wconf 68' lang='lat' dir='ltr'><strong>aenigmata</strong></span> <span class='ocrx_word' id='word_1_90' title='bbox 1238 1323 1610 1388; x_wconf 89' lang='lat' dir='ltr'><strong>nominentur,</strong></span> <span class='ocrx_word' id='word_1_91' title='bbox 1642 1330 1696 1377; x_wconf 92' lang='lat' dir='ltr'><strong>et</strong></span> <span class='ocrx_word' id='word_1_92' title='bbox 1739 1321 1874 1377; x_wconf 89' lang='lat' dir='ltr'><strong>alias</strong></span> <span class='ocrx_word' id='word_1_93' title='bbox 1921 1334 2043 1391; x_wconf 71' lang='lat' dir='ltr'><strong>qua:</strong></span> 
     </span>
    </p>
   </div>
   <div class='ocr_carea' id='block_1_12' title="bbox 464 1412 2040 1486">
    <p class='ocr_par' dir='ltr' id='par_1_12' title="bbox 464 1412 2040 1486">
     <span class='ocr_line' id='line_1_12' title="bbox 464 1412 2040 1486; baseline -0.003 -16"><span class='ocrx_word' id='word_1_94' title='bbox 464 1414 610 1470; x_wconf 89' lang='lat' dir='ltr'><strong>dicta</strong></span> <span class='ocrx_word' id='word_1_95' title='bbox 640 1413 950 1486; x_wconf 86' lang='lat' dir='ltr'><strong>sapientum</strong></span> <span class='ocrx_word' id='word_1_96' title='bbox 980 1414 1252 1482; x_wconf 85' lang='lat' dir='ltr'><strong>dicantur,</strong></span> <span class='ocrx_word' id='word_1_97' title='bbox 1284 1413 1510 1471; x_wconf 87' lang='lat' dir='ltr'><strong>scribit:</strong></span> <span class='ocrx_word' id='word_1_98' title='bbox 1540 1412 1809 1484; x_wconf 86' lang='lat' dir='ltr'><strong>Intelligcs</strong></span> <span class='ocrx_word' id='word_1_99' title='bbox 1837 1428 2040 1484; x_wconf 83' lang='lat' dir='ltr'><strong>quoque</strong></span> 
     </span>
    </p>
   </div>
   <div class='ocr_carea' id='block_1_13' title="bbox 461 1503 2041 1575">
    <p class='ocr_par' dir='ltr' id='par_1_13' title="bbox 461 1503 2041 1575">
     <span class='ocr_line' id='line_1_13' title="bbox 461 1503 2041 1575; baseline -0.004 -14"><span class='ocrx_word' id='word_1_100' title='bbox 461 1505 773 1575; x_wconf 80' lang='lat' dir='ltr'><strong>parabolam</strong></span> <span class='ocrx_word' id='word_1_101' title='bbox 814 1513 863 1561; x_wconf 90' lang='lat' dir='ltr'><strong>et</strong></span> <span class='ocrx_word' id='word_1_102' title='bbox 902 1506 1179 1561; x_wconf 83' lang='lat' dir='ltr'><strong>obscurum</strong></span> <span class='ocrx_word' id='word_1_103' title='bbox 1221 1521 1531 1571; x_wconf 78' lang='lat' dir='ltr'><strong>sermonem,</strong></span> <span class='ocrx_word' id='word_1_104' title='bbox 1565 1504 1806 1574; x_wconf 83' lang='lat' dir='ltr'><strong>dictaque</strong></span> <span class='ocrx_word' id='word_1_105' title='bbox 1836 1503 2041 1572; x_wconf 63' lang='lat' dir='ltr'><strong>sapieno</strong></span> 
     </span>
    </p>
   </div>
   <div class='ocr_carea' id='block_1_14' title="bbox 464 1592 2045 1670">
    <p class='ocr_par' dir='ltr' id='par_1_14' title="bbox 464 1592 2045 1670">
     <span class='ocr_line' id='line_1_14' title="bbox 464 1592 2045 1670; baseline -0.003 -17"><span class='ocrx_word' id='word_1_106' title='bbox 464 1610 576 1653; x_wconf 80' lang='lat' dir='ltr'><strong>tum</strong></span> <span class='ocrx_word' id='word_1_107' title='bbox 619 1607 670 1654; x_wconf 86' lang='lat' dir='ltr'><strong>et</strong></span> <span class='ocrx_word' id='word_1_108' title='bbox 723 1598 1089 1670; x_wconf 74' lang='lat' dir='ltr'><strong>wnigmata&quot;.</strong></span> <span class='ocrx_word' id='word_1_109' title='bbox 1119 1597 1223 1655; x_wconf 87' lang='lat' dir='ltr'><strong>Per</strong></span> <span class='ocrx_word' id='word_1_110' title='bbox 1271 1598 1386 1654; x_wconf 67' lang='lat' dir='ltr'><strong>haec</strong></span> <span class='ocrx_word' id='word_1_111' title='bbox 1444 1611 1573 1669; x_wconf 89' lang='lat' dir='ltr'><strong>ergo</strong></span> <span class='ocrx_word' id='word_1_112' title='bbox 1615 1594 1827 1667; x_wconf 90' lang='lat' dir='ltr'><strong>singula</strong></span> <span class='ocrx_word' id='word_1_113' title='bbox 1883 1592 2045 1649; x_wconf 82' lang='lat' dir='ltr'><strong>ratio-</strong></span> 
     </span>
    </p>
   </div>
   <div class='ocr_carea' id='block_1_15' title="bbox 461 1685 2043 1756">
    <p class='ocr_par' dir='ltr' id='par_1_15' title="bbox 461 1685 2043 1756">
     <span class='ocr_line' id='line_1_15' title="bbox 461 1685 2043 1756; baseline -0.001 -13"><span class='ocrx_word' id='word_1_114' title='bbox 461 1689 640 1745; x_wconf 89' lang='lat' dir='ltr'><strong>nalem</strong></span> <span class='ocrx_word' id='word_1_115' title='bbox 690 1689 871 1745; x_wconf 87' lang='lat' dir='ltr'><strong>locum</strong></span> <span class='ocrx_word' id='word_1_116' title='bbox 927 1687 1210 1745; x_wconf 88' lang='lat' dir='ltr'><strong>manifeste</strong></span> <span class='ocrx_word' id='word_1_117' title='bbox 1259 1696 1313 1743; x_wconf 91' lang='lat' dir='ltr'><strong>et</strong></span> <span class='ocrx_word' id='word_1_118' title='bbox 1356 1687 1634 1744; x_wconf 84' lang='lat' dir='ltr'><strong>evidenter</strong></span> <span class='ocrx_word' id='word_1_119' title='bbox 1685 1685 1942 1756; x_wconf 84' lang='lat' dir='ltr'><strong>exponit,</strong></span> <span class='ocrx_word' id='word_1_120' title='bbox 1978 1699 2043 1742; x_wconf 89' lang='lat' dir='ltr'><strong>ac</strong></span> 
     </span>
    </p>
   </div>
   <div class='ocr_carea' id='block_1_16' title="bbox 463 1777 2043 1850">
    <p class='ocr_par' dir='ltr' id='par_1_16' title="bbox 463 1777 2043 1850">
     <span class='ocr_line' id='line_1_16' title="bbox 463 1777 2043 1850; baseline -0.002 -15"><span class='ocrx_word' id='word_1_121' title='bbox 463 1796 615 1837; x_wconf 90' lang='lat' dir='ltr'><strong>more</strong></span> <span class='ocrx_word' id='word_1_122' title='bbox 645 1791 885 1838; x_wconf 86' lang='lat' dir='ltr'><strong>veterum</strong></span> <span class='ocrx_word' id='word_1_123' title='bbox 918 1781 1212 1837; x_wconf 89' lang='lat' dir='ltr'><strong>succinctis</strong></span> <span class='ocrx_word' id='word_1_124' title='bbox 1243 1779 1610 1850; x_wconf 84' lang='lat' dir='ltr'><strong>brevibusque</strong></span> <span class='ocrx_word' id='word_1_125' title='bbox 1645 1778 1929 1834; x_wconf 87' lang='lat' dir='ltr'><strong>sententiis</strong></span> <span class='ocrx_word' id='word_1_126' title='bbox 1958 1777 2043 1833; x_wconf 85' lang='lat' dir='ltr'><strong>in-</strong></span> 
     </span>
    </p>
   </div>
   <div class='ocr_carea' id='block_1_17' title="bbox 2149 578 3694 654">
    <p class='ocr_par' dir='ltr' id='par_1_17' title="bbox 2149 578 3694 654">
     <span class='ocr_line' id='line_1_17' title="bbox 2149 578 3694 654; baseline -0.003 -17"><span class='ocrx_word' id='word_1_127' title='bbox 2149 583 2359 654; x_wconf 75' lang='lat' dir='ltr'><strong>figuris,</strong></span> <span class='ocrx_word' id='word_1_128' title='bbox 2393 580 2593 653; x_wconf 89' lang='lat' dir='ltr'><strong>quibus</strong></span> <span class='ocrx_word' id='word_1_129' title='bbox 2645 594 2863 649; x_wconf 71' lang='lat' dir='ltr'><strong>sponsa:</strong></span> <span class='ocrx_word' id='word_1_130' title='bbox 2893 578 2958 633; x_wconf 90' lang='lat' dir='ltr'><strong>ad</strong></span> <span class='ocrx_word' id='word_1_131' title='bbox 2992 593 3254 649; x_wconf 89' lang='lat' dir='ltr'><strong>sponsum</strong></span> <span class='ocrx_word' id='word_1_132' title='bbox 3285 578 3548 635; x_wconf 74' lang='lat' dir='ltr'><strong>cmlestem</strong></span> <span class='ocrx_word' id='word_1_133' title='bbox 3575 579 3694 654; x_wconf 62' lang='grc' dir='ltr'><strong>(ΩΟ),</strong></span> 
     </span>
    </p>
   </div>
   <div class='ocr_carea' id='block_1_18' title="bbox 2150 669 3698 743">
    <p class='ocr_par' dir='ltr' id='par_1_18' title="bbox 2150 669 3698 743">
     <span class='ocr_line' id='line_1_18' title="bbox 2150 669 3698 743; baseline -0.001 -12"><span class='ocrx_word' id='word_1_134' title='bbox 2150 674 2201 731; x_wconf 91' lang='lat' dir='ltr'><strong>id</strong></span> <span class='ocrx_word' id='word_1_135' title='bbox 2236 682 2323 731; x_wconf 90' lang='lat' dir='ltr'><strong>est</strong></span> <span class='ocrx_word' id='word_1_136' title='bbox 2355 673 2550 729; x_wconf 76' lang='lat' dir='ltr'><strong>anima:</strong></span> <span class='ocrx_word' id='word_1_137' title='bbox 2586 669 2839 743; x_wconf 70' lang='lat' dir='ltr'><strong>perfecta:</strong></span> <span class='ocrx_word' id='word_1_138' title='bbox 2870 685 3025 737; x_wconf 86' lang='lat' dir='ltr'><strong>amor</strong></span> <span class='ocrx_word' id='word_1_139' title='bbox 3052 671 3119 726; x_wconf 91' lang='lat' dir='ltr'><strong>ad</strong></span> <span class='ocrx_word' id='word_1_140' title='bbox 3153 671 3380 727; x_wconf 88' lang='lat' dir='ltr'><strong>verbum</strong></span> <span class='ocrx_word' id='word_1_141' title='bbox 3407 670 3496 728; x_wconf 89' lang='lat' dir='ltr'><strong>Dei</strong></span> <span class='ocrx_word' id='word_1_142' title='bbox 3518 672 3698 729; x_wconf 88' lang='lat' dir='ltr'><strong>descri-</strong></span> 
     </span>
    </p>
   </div>
   <div class='ocr_carea' id='block_1_19' title="bbox 2150 760 3696 835">
    <p class='ocr_par' dir='ltr' id='par_1_19' title="bbox 2150 760 3696 835">
     <span class='ocr_line' id='line_1_19' title="bbox 2150 760 3696 835; baseline -0.001 -13"><span class='ocrx_word' id='word_1_143' title='bbox 2150 766 2296 822; x_wconf 91' lang='lat' dir='ltr'><strong>bitur</strong></span> <span class='ocrx_word' id='word_1_144' title='bbox 2323 780 2387 821; x_wconf 91' lang='lat' dir='ltr'><strong>ac</strong></span> <span class='ocrx_word' id='word_1_145' title='bbox 2411 764 2697 828; x_wconf 81' lang='lat' dir='ltr'><strong>formatur,</strong></span> <span class='ocrx_word' id='word_1_146' title='bbox 2728 760 3020 818; x_wconf 86' lang='lat' dir='ltr'><strong>oll&#39;endere.</strong></span> <span class='ocrx_word' id='word_1_147' title='bbox 3045 762 3349 820; x_wconf 72' lang='lat' dir='ltr'><strong>Praemissis</strong></span> <span class='ocrx_word' id='word_1_148' title='bbox 3378 779 3602 835; x_wconf 67' lang='lat' dir='ltr'><strong>namque</strong></span> <span class='ocrx_word' id='word_1_149' title='bbox 3622 765 3696 827; x_wconf 84' lang='lat' dir='ltr'><strong>his</strong></span> 
     </span>
    </p>
   </div>
   <div class='ocr_carea' id='block_1_20' title="bbox 2149 855 3698 930">
    <p class='ocr_par' dir='ltr' id='par_1_20' title="bbox 2149 855 3698 930">
     <span class='ocr_line' id='line_1_20' title="bbox 2149 855 3698 930; baseline 0.001 -17"><span class='ocrx_word' id='word_1_150' title='bbox 2149 858 2352 930; x_wconf 89' lang='lat' dir='ltr'><strong>quibus</strong></span> <span class='ocrx_word' id='word_1_151' title='bbox 2385 856 2708 927; x_wconf 83' lang='lat' dir='ltr'><strong>purificatur</strong></span> <span class='ocrx_word' id='word_1_152' title='bbox 2736 855 2920 910; x_wconf 90' lang='lat' dir='ltr'><strong>anima</strong></span> <span class='ocrx_word' id='word_1_153' title='bbox 2943 871 3041 926; x_wconf 89' lang='lat' dir='ltr'><strong>per</strong></span> <span class='ocrx_word' id='word_1_154' title='bbox 3070 864 3227 912; x_wconf 91' lang='lat' dir='ltr'><strong>actus</strong></span> <span class='ocrx_word' id='word_1_155' title='bbox 3254 870 3321 912; x_wconf 87' lang='lat' dir='ltr'><strong>ac</strong></span> <span class='ocrx_word' id='word_1_156' title='bbox 3351 870 3546 924; x_wconf 86' lang='lat' dir='ltr'><strong>mores,</strong></span> <span class='ocrx_word' id='word_1_157' title='bbox 3573 864 3621 913; x_wconf 89' lang='lat' dir='ltr'><strong>et</strong></span> <span class='ocrx_word' id='word_1_158' title='bbox 3650 857 3698 914; x_wconf 86' lang='lat' dir='ltr'><strong>in</strong></span> 
     </span>
    </p>
   </div>
   <div class='ocr_carea' id='block_1_21' title="bbox 2149 949 3698 1021">
    <p class='ocr_par' dir='ltr' id='par_1_21' title="bbox 2149 949 3698 1021">
     <span class='ocr_line' id='line_1_21' title="bbox 2149 949 3698 1021; baseline -0.001 -13"><span class='ocrx_word' id='word_1_159' title='bbox 2149 967 2334 1010; x_wconf 88' lang='lat' dir='ltr'><strong>rerum</strong></span> <span class='ocrx_word' id='word_1_160' title='bbox 2359 949 2743 1007; x_wconf 89' lang='lat' dir='ltr'><strong>discretionem</strong></span> <span class='ocrx_word' id='word_1_161' title='bbox 2785 949 3114 1004; x_wconf 87' lang='lat' dir='ltr'><strong>naturalium</strong></span> <span class='ocrx_word' id='word_1_162' title='bbox 3146 949 3476 1020; x_wconf 74' lang='lat' dir='ltr'><strong>perducitur,</strong></span> <span class='ocrx_word' id='word_1_163' title='bbox 3505 964 3698 1021; x_wconf 89' lang='lat' dir='ltr'><strong>compe-</strong></span> 
     </span>
    </p>
   </div>
   <div class='ocr_carea' id='block_1_22' title="bbox 2151 1041 3697 1116">
    <p class='ocr_par' dir='ltr' id='par_1_22' title="bbox 2151 1041 3697 1116">
     <span class='ocr_line' id='line_1_22' title="bbox 2151 1041 3697 1116; baseline -0.003 -15"><span class='ocrx_word' id='word_1_164' title='bbox 2151 1052 2326 1101; x_wconf 79' lang='lat' dir='ltr'><strong>tenter</strong></span> <span class='ocrx_word' id='word_1_165' title='bbox 2348 1044 2414 1100; x_wconf 87' lang='lat' dir='ltr'><strong>ad</strong></span> <span class='ocrx_word' id='word_1_166' title='bbox 2440 1044 2746 1116; x_wconf 87' lang='lat' dir='ltr'><strong>dogmatica</strong></span> <span class='ocrx_word' id='word_1_167' title='bbox 2774 1042 2884 1116; x_wconf 73' lang='lat' dir='ltr'><strong>(2i)</strong></span> <span class='ocrx_word' id='word_1_168' title='bbox 2919 1041 3151 1109; x_wconf 86' lang='lat' dir='ltr'><strong>venitur,</strong></span> <span class='ocrx_word' id='word_1_169' title='bbox 3176 1051 3231 1097; x_wconf 90' lang='lat' dir='ltr'><strong>et</strong></span> <span class='ocrx_word' id='word_1_170' title='bbox 3260 1041 3327 1097; x_wconf 90' lang='lat' dir='ltr'><strong>ad</strong></span> <span class='ocrx_word' id='word_1_171' title='bbox 3363 1042 3597 1113; x_wconf 72' lang='lat' dir='ltr'><strong>mystice.</strong></span> <span class='ocrx_word' id='word_1_172' title='bbox 3622 1051 3697 1097; x_wconf 76' lang='lat' dir='ltr'><strong>at-</strong></span> 
     </span>
    </p>
   </div>
   <div class='ocr_carea' id='block_1_23' title="bbox 2149 1133 3700 1206">
    <p class='ocr_par' dir='ltr' id='par_1_23' title="bbox 2149 1133 3700 1206">
     <span class='ocr_line' id='line_1_23' title="bbox 2149 1133 3700 1206; baseline -0.001 -15"><span class='ocrx_word' id='word_1_173' title='bbox 2149 1151 2255 1206; x_wconf 90' lang='lat' dir='ltr'><strong>que</strong></span> <span class='ocrx_word' id='word_1_174' title='bbox 2297 1135 2363 1191; x_wconf 92' lang='lat' dir='ltr'><strong>ad</strong></span> <span class='ocrx_word' id='word_1_175' title='bbox 2395 1136 2695 1192; x_wconf 89' lang='lat' dir='ltr'><strong>divinitatis</strong></span> <span class='ocrx_word' id='word_1_176' title='bbox 2727 1133 3239 1203; x_wconf 90' lang='lat' dir='ltr'><strong>contemplationem</strong></span> <span class='ocrx_word' id='word_1_177' title='bbox 3275 1133 3489 1189; x_wconf 89' lang='lat' dir='ltr'><strong>sincero</strong></span> <span class='ocrx_word' id='word_1_178' title='bbox 3528 1142 3577 1189; x_wconf 90' lang='lat' dir='ltr'><strong>ct</strong></span> <span class='ocrx_word' id='word_1_179' title='bbox 3603 1134 3700 1203; x_wconf 86' lang='lat' dir='ltr'><strong>spi-</strong></span> 
     </span>
    </p>
   </div>
   <div class='ocr_carea' id='block_1_24' title="bbox 2150 1220 3702 1294">
    <p class='ocr_par' dir='ltr' id='par_1_24' title="bbox 2150 1220 3702 1294">
     <span class='ocr_line' id='line_1_24' title="bbox 2150 1220 3702 1294; baseline -0.004 -13"><span class='ocrx_word' id='word_1_180' title='bbox 2150 1226 2297 1281; x_wconf 90' lang='lat' dir='ltr'><strong>ritali</strong></span> <span class='ocrx_word' id='word_1_181' title='bbox 2334 1240 2521 1282; x_wconf 86' lang='lat' dir='ltr'><strong>amore</strong></span> <span class='ocrx_word' id='word_1_182' title='bbox 2551 1224 2957 1282; x_wconf 89' lang='lat' dir='ltr'><strong>conscenditur.</strong></span> <span class='ocrx_word' id='word_1_183' title='bbox 2986 1220 3135 1276; x_wconf 87' lang='lat' dir='ltr'><strong>Hanc</strong></span> <span class='ocrx_word' id='word_1_184' title='bbox 3156 1237 3285 1294; x_wconf 86' lang='lat' dir='ltr'><strong>ergo</strong></span> <span class='ocrx_word' id='word_1_185' title='bbox 3307 1221 3562 1292; x_wconf 84' lang='lat' dir='ltr'><strong>triplicem</strong></span> <span class='ocrx_word' id='word_1_186' title='bbox 3587 1221 3702 1276; x_wconf 86' lang='lat' dir='ltr'><strong>divi-</strong></span> 
     </span>
    </p>
   </div>
   <div class='ocr_carea' id='block_1_25' title="bbox 2150 1314 3701 1398">
    <p class='ocr_par' dir='ltr' id='par_1_25' title="bbox 2150 1314 3701 1398">
     <span class='ocr_line' id='line_1_25' title="bbox 2150 1314 3701 1398; baseline -0.003 -22"><span class='ocrx_word' id='word_1_187' title='bbox 2150 1336 2232 1377; x_wconf 78' lang='lat' dir='ltr'><strong>na:</strong></span> <span class='ocrx_word' id='word_1_188' title='bbox 2258 1320 2621 1392; x_wconf 65' lang='lat' dir='ltr'><strong>philosophia:</strong></span> <span class='ocrx_word' id='word_1_189' title='bbox 2669 1319 2903 1375; x_wconf 87' lang='lat' dir='ltr'><strong>formam</strong></span> <span class='ocrx_word' id='word_1_190' title='bbox 2944 1318 3109 1398; x_wconf 85' lang='lat' dir='ltr'><strong>etiam</strong></span> <span class='ocrx_word' id='word_1_191' title='bbox 3146 1317 3200 1371; x_wconf 90' lang='lat' dir='ltr'><strong>in</strong></span> <span class='ocrx_word' id='word_1_192' title='bbox 3253 1315 3361 1374; x_wconf 82' lang='lat' dir='ltr'><strong>illis</strong></span> <span class='ocrx_word' id='word_1_193' title='bbox 3406 1314 3599 1371; x_wconf 85' lang='lat' dir='ltr'><strong>sanctis</strong></span> <span class='ocrx_word' id='word_1_194' title='bbox 3645 1329 3701 1373; x_wconf 83' lang='lat' dir='ltr'><strong>ac</strong></span> 
     </span>
    </p>
   </div>
   <div class='ocr_carea' id='block_1_26' title="bbox 2149 1410 3701 1483">
    <p class='ocr_par' dir='ltr' id='par_1_26' title="bbox 2149 1410 3701 1483">
     <span class='ocr_line' id='line_1_26' title="bbox 2149 1410 3701 1483; baseline -0.005 -15"><span class='ocrx_word' id='word_1_195' title='bbox 2149 1413 2322 1469; x_wconf 87' lang='lat' dir='ltr'><strong>beatis</strong></span> <span class='ocrx_word' id='word_1_196' title='bbox 2348 1412 2481 1469; x_wconf 91' lang='lat' dir='ltr'><strong>viris</strong></span> <span class='ocrx_word' id='word_1_197' title='bbox 2510 1412 2750 1468; x_wconf 88' lang='lat' dir='ltr'><strong>arbitror</strong></span> <span class='ocrx_word' id='word_1_198' title='bbox 2782 1410 3184 1483; x_wconf 84' lang='lat' dir='ltr'><strong>praesignatam,</strong></span> <span class='ocrx_word' id='word_1_199' title='bbox 3213 1424 3312 1480; x_wconf 93' lang='lat' dir='ltr'><strong>pro</strong></span> <span class='ocrx_word' id='word_1_200' title='bbox 3341 1423 3566 1480; x_wconf 87' lang='lat' dir='ltr'><strong>quorum</strong></span> <span class='ocrx_word' id='word_1_201' title='bbox 3592 1422 3701 1463; x_wconf 85' lang='lat' dir='ltr'><strong>san-</strong></span> 
     </span>
    </p>
   </div>
   <div class='ocr_carea' id='block_1_27' title="bbox 2149 1499 3699 1562">
    <p class='ocr_par' dir='ltr' id='par_1_27' title="bbox 2149 1499 3699 1562">
     <span class='ocr_line' id='line_1_27' title="bbox 2149 1499 3699 1562; baseline -0.005 -1"><span class='ocrx_word' id='word_1_202' title='bbox 2149 1504 2410 1562; x_wconf 90' lang='lat' dir='ltr'><strong>ctissimis</strong></span> <span class='ocrx_word' id='word_1_203' title='bbox 2460 1503 2891 1560; x_wconf 91' lang='lat' dir='ltr'><strong>institutionibus</strong></span> <span class='ocrx_word' id='word_1_204' title='bbox 2940 1502 3082 1558; x_wconf 90' lang='lat' dir='ltr'><strong>Deus</strong></span> <span class='ocrx_word' id='word_1_205' title='bbox 3122 1516 3372 1557; x_wconf 89' lang='lat' dir='ltr'><strong>summus</strong></span> <span class='ocrx_word' id='word_1_206' title='bbox 3412 1501 3517 1556; x_wconf 87' lang='lat' dir='ltr'><strong>dici</strong></span> <span class='ocrx_word' id='word_1_207' title='bbox 3549 1499 3699 1555; x_wconf 89' lang='lat' dir='ltr'><strong>voluit</strong></span> 
     </span>
    </p>
   </div>
   <div class='ocr_carea' id='block_1_28' title="bbox 2148 1592 3697 1663">
    <p class='ocr_par' dir='ltr' id='par_1_28' title="bbox 2148 1592 3697 1663">
     <span class='ocr_line' id='line_1_28' title="bbox 2148 1592 3697 1663; baseline -0.003 -11"><span class='ocrx_word' id='word_1_208' title='bbox 2148 1597 2293 1654; x_wconf 87' lang='lat' dir='ltr'><strong>Deus</strong></span> <span class='ocrx_word' id='word_1_209' title='bbox 2336 1596 2633 1663; x_wconf 84' lang='lat' dir='ltr'><strong>Abraham,</strong></span> <span class='ocrx_word' id='word_1_210' title='bbox 2662 1597 2806 1653; x_wconf 88' lang='lat' dir='ltr'><strong>Deus</strong></span> <span class='ocrx_word' id='word_1_211' title='bbox 2838 1598 3013 1663; x_wconf 89' lang='lat' dir='ltr'><strong>lsaac,</strong></span> <span class='ocrx_word' id='word_1_212' title='bbox 3047 1595 3186 1651; x_wconf 88' lang='lat' dir='ltr'><strong>Deus</strong></span> <span class='ocrx_word' id='word_1_213' title='bbox 3215 1592 3403 1649; x_wconf 88' lang='lat' dir='ltr'><strong>Jacob.</strong></span> <span class='ocrx_word' id='word_1_214' title='bbox 3449 1593 3697 1651; x_wconf 84' lang='lat' dir='ltr'><strong>Abraham</strong></span> 
     </span>
    </p>
   </div>
   <div class='ocr_carea' id='block_1_29' title="bbox 2149 1686 3699 1762">
    <p class='ocr_par' dir='ltr' id='par_1_29' title="bbox 2149 1686 3699 1762">
     <span class='ocr_line' id='line_1_29' title="bbox 2149 1686 3699 1762; baseline -0.002 -16"><span class='ocrx_word' id='word_1_215' title='bbox 2149 1700 2407 1762; x_wconf 84' lang='lat' dir='ltr'><strong>tanquam</strong></span> <span class='ocrx_word' id='word_1_216' title='bbox 2439 1691 2697 1754; x_wconf 84' lang='lat' dir='ltr'><strong>moralem</strong></span> <span class='ocrx_word' id='word_1_217' title='bbox 2744 1690 2985 1747; x_wconf 86' lang='lat' dir='ltr'><strong>declarat</strong></span> <span class='ocrx_word' id='word_1_218' title='bbox 3015 1687 3433 1759; x_wconf 90' lang='lat' dir='ltr'><strong>philosophiam,</strong></span> <span class='ocrx_word' id='word_1_219' title='bbox 3467 1699 3559 1759; x_wconf 87' lang='lat' dir='ltr'><strong>per</strong></span> <span class='ocrx_word' id='word_1_220' title='bbox 3588 1686 3699 1743; x_wconf 85' lang='lat' dir='ltr'><strong>obe-</strong></span> 
     </span>
    </p>
   </div>
   <div class='ocr_carea' id='block_1_30' title="bbox 2147 1780 3698 1855">
    <p class='ocr_par' dir='ltr' id='par_1_30' title="bbox 2147 1780 3698 1855">
     <span class='ocr_line' id='line_1_30' title="bbox 2147 1780 3698 1855; baseline -0.004 -15"><span class='ocrx_word' id='word_1_221' title='bbox 2147 1783 2427 1840; x_wconf 90' lang='lat' dir='ltr'><strong>dientiam.</strong></span> <span class='ocrx_word' id='word_1_222' title='bbox 2464 1780 2638 1839; x_wconf 84' lang='lat' dir='ltr'><strong>Tanta</strong></span> <span class='ocrx_word' id='word_1_223' title='bbox 2684 1784 2828 1839; x_wconf 90' lang='lat' dir='ltr'><strong>enim</strong></span> <span class='ocrx_word' id='word_1_224' title='bbox 2878 1784 2996 1855; x_wconf 91' lang='lat' dir='ltr'><strong>ejus</strong></span> <span class='ocrx_word' id='word_1_225' title='bbox 3046 1783 3149 1839; x_wconf 85' lang='lat' dir='ltr'><strong>fuit</strong></span> <span class='ocrx_word' id='word_1_226' title='bbox 3194 1780 3498 1838; x_wconf 86' lang='lat' dir='ltr'><strong>obedientia</strong></span> <span class='ocrx_word' id='word_1_227' title='bbox 3538 1787 3590 1836; x_wconf 87' lang='lat' dir='ltr'><strong>et</strong></span> <span class='ocrx_word' id='word_1_228' title='bbox 3612 1780 3698 1834; x_wconf 87' lang='lat' dir='ltr'><strong>ob-</strong></span> 
     </span>
    </p>
   </div>
   <div class='ocr_carea' id='block_1_31' title="bbox 462 1867 3702 1945">
    <p class='ocr_par' dir='ltr' id='par_1_31' title="bbox 462 1867 3702 1945">
     <span class='ocr_line' id='line_1_31' title="bbox 462 1867 3702 1945; baseline -0.005 -2"><span class='ocrx_word' id='word_1_229' title='bbox 462 1881 650 1945; x_wconf 72' lang='grc' dir='ltr'><strong>Βειηθε</strong></span> <span class='ocrx_word' id='word_1_230' title='bbox 684 1882 738 1927; x_wconf 73' lang='grc' dir='ltr'>ει</span> <span class='ocrx_word' id='word_1_231' title='bbox 769 1870 1044 1943; x_wconf 68' lang='grc' dir='ltr'><strong>Ρθτῖθεῑοε</strong></span> <span class='ocrx_word' id='word_1_232' title='bbox 1069 1872 1300 1943; x_wconf 58' lang='lat' dir='ltr'><strong>expue”</strong></span> <span class='ocrx_word' id='word_1_233' title='bbox 1329 1886 1543 1927; x_wconf 69' lang='grc' dir='ltr'><strong>εθηευε·</strong></span> <span class='ocrx_word' id='word_1_234' title='bbox 1579 1868 1731 1937; x_wconf 65' lang='grc' dir='ltr'><strong>θυῖε,</strong></span> <span class='ocrx_word' id='word_1_235' title='bbox 1764 1870 1809 1925; x_wconf 73' lang='grc' dir='ltr'><strong>εί</strong></span> <span class='ocrx_word' id='word_1_236' title='bbox 1836 1870 1961 1941; x_wconf 74' lang='lat' dir='ltr'><strong>(1&quot;is</strong></span> <span class='ocrx_word' id='word_1_237' title='bbox 1989 1869 2044 1924; x_wconf 71' lang='lat' dir='ltr'><strong>in</strong></span> <span class='ocrx_word' id='word_1_238' title='bbox 2078 1867 2120 1924; x_wconf 83' lang='grc' dir='ltr'>Β</span> <span class='ocrx_word' id='word_1_239' title='bbox 2149 1876 2385 1933; x_wconf 84' lang='lat' dir='ltr'><strong>scrvatio</strong></span> <span class='ocrx_word' id='word_1_240' title='bbox 2437 1875 2815 1930; x_wconf 91' lang='lat' dir='ltr'><strong>mandatorum</strong></span> <span class='ocrx_word' id='word_1_241' title='bbox 2844 1916 2858 1942; x_wconf 95' lang='lat'><strong>,</strong></span> <span class='ocrx_word' id='word_1_242' title='bbox 2915 1885 2975 1931; x_wconf 90' lang='lat' dir='ltr'><strong>ut</strong></span> <span class='ocrx_word' id='word_1_243' title='bbox 3014 1891 3137 1931; x_wconf 91' lang='lat' dir='ltr'><strong>eum</strong></span> <span class='ocrx_word' id='word_1_244' title='bbox 3192 1874 3406 1930; x_wconf 88' lang='lat' dir='ltr'><strong>audiret</strong></span> <span class='ocrx_word' id='word_1_245' title='bbox 3450 1891 3462 1926; x_wconf 90' lang='lat'><strong>:</strong></span> <span class='ocrx_word' id='word_1_246' title='bbox 3510 1869 3609 1926; x_wconf 75' lang='lat' dir='ltr'><strong>Exi</strong></span> <span class='ocrx_word' id='word_1_247' title='bbox 3646 1870 3702 1927; x_wconf 67' lang='lat' dir='ltr'><strong>de</strong></span> 
     </span>
    </p>
   </div>
   <div class='ocr_carea' id='block_1_32' title="bbox 458 1961 2045 2035">
    <p class='ocr_par' dir='ltr' id='par_1_32' title="bbox 458 1961 2045 2035">
     <span class='ocr_line' id='line_1_32' title="bbox 458 1961 2045 2035; baseline -0.002 -15"><span class='ocrx_word' id='word_1_248' title='bbox 458 1964 577 2035; x_wconf 85' lang='lat' dir='ltr'><strong>lege</strong></span> <span class='ocrx_word' id='word_1_249' title='bbox 616 1963 832 2020; x_wconf 88' lang='lat' dir='ltr'><strong>Domini</strong></span> <span class='ocrx_word' id='word_1_250' title='bbox 882 1963 1183 2031; x_wconf 35' lang='lat' dir='ltr'><strong>meditetur,</strong></span> <span class='ocrx_word' id='word_1_251' title='bbox 1205 1964 1293 2019; x_wconf 89' lang='lat' dir='ltr'><strong>die</strong></span> <span class='ocrx_word' id='word_1_252' title='bbox 1324 1978 1387 2020; x_wconf 92' lang='lat' dir='ltr'><strong>ac</strong></span> <span class='ocrx_word' id='word_1_253' title='bbox 1422 1972 1601 2029; x_wconf 90' lang='lat' dir='ltr'><strong>nocte,</strong></span> <span class='ocrx_word' id='word_1_254' title='bbox 1638 1970 1693 2018; x_wconf 91' lang='lat' dir='ltr'><strong>et</strong></span> <span class='ocrx_word' id='word_1_255' title='bbox 1723 1962 1767 2018; x_wconf 90' lang='lat' dir='ltr'><strong>si</strong></span> <span class='ocrx_word' id='word_1_256' title='bbox 1798 1961 1922 2034; x_wconf 89' lang='lat' dir='ltr'><strong>quis</strong></span> <span class='ocrx_word' id='word_1_257' title='bbox 1960 1970 2045 2018; x_wconf 89' lang='lat' dir='ltr'><strong>est</strong></span> 
     </span>
    </p>
   </div>
   <div class='ocr_carea' id='block_1_33' title="bbox 459 2054 2042 2128">
    <p class='ocr_par' dir='ltr' id='par_1_33' title="bbox 459 2054 2042 2128">
     <span class='ocr_line' id='line_1_33' title="bbox 459 2054 2042 2128; baseline -0.003 -16"><span class='ocrx_word' id='word_1_258' title='bbox 459 2055 601 2112; x_wconf 87' lang='lat' dir='ltr'><strong>sicut</strong></span> <span class='ocrx_word' id='word_1_259' title='bbox 625 2055 761 2127; x_wconf 88' lang='lat' dir='ltr'><strong>justi</strong></span> <span class='ocrx_word' id='word_1_260' title='bbox 795 2070 856 2111; x_wconf 93' lang='lat' dir='ltr'><strong>os</strong></span> <span class='ocrx_word' id='word_1_261' title='bbox 888 2055 1036 2128; x_wconf 84' lang='lat' dir='ltr'><strong>quod</strong></span> <span class='ocrx_word' id='word_1_262' title='bbox 1083 2055 1377 2113; x_wconf 89' lang='lat' dir='ltr'><strong>meditatur</strong></span> <span class='ocrx_word' id='word_1_263' title='bbox 1425 2054 1641 2112; x_wconf 91' lang='lat' dir='ltr'><strong>Domini</strong></span> <span class='ocrx_word' id='word_1_264' title='bbox 1696 2054 2042 2126; x_wconf 89' lang='lat' dir='ltr'><strong>sapientiam,</strong></span> 
     </span>
    </p>
   </div>
   <div class='ocr_carea' id='block_1_34' title="bbox 459 2146 2044 2219">
    <p class='ocr_par' dir='ltr' id='par_1_34' title="bbox 459 2146 2044 2219">
     <span class='ocr_line' id='line_1_34' title="bbox 459 2146 2044 2219; baseline 0 -16"><span class='ocrx_word' id='word_1_265' title='bbox 459 2146 787 2219; x_wconf 89' lang='lat' dir='ltr'><strong>investigare</strong></span> <span class='ocrx_word' id='word_1_266' title='bbox 819 2147 1133 2219; x_wconf 89' lang='lat' dir='ltr'><strong>diligentius</strong></span> <span class='ocrx_word' id='word_1_267' title='bbox 1157 2149 1377 2218; x_wconf 89' lang='lat' dir='ltr'><strong>poterit,</strong></span> <span class='ocrx_word' id='word_1_268' title='bbox 1406 2157 1459 2204; x_wconf 92' lang='lat' dir='ltr'><strong>et</strong></span> <span class='ocrx_word' id='word_1_269' title='bbox 1478 2148 1757 2214; x_wconf 89' lang='lat' dir='ltr'><strong>invenire;</strong></span> <span class='ocrx_word' id='word_1_270' title='bbox 1786 2147 1830 2204; x_wconf 90' lang='lat' dir='ltr'><strong>si</strong></span> <span class='ocrx_word' id='word_1_271' title='bbox 1862 2156 2044 2203; x_wconf 88' lang='lat' dir='ltr'><strong>tamen</strong></span> 
     </span>
    </p>
   </div>
   <div class='ocr_carea' id='block_1_35' title="bbox 344 2239 2043 2314">
    <p class='ocr_par' dir='ltr' id='par_1_35' title="bbox 344 2239 2043 2314">
     <span class='ocr_line' id='line_1_35' title="bbox 344 2239 2043 2314; baseline 0 -19"><span class='ocrx_word' id='word_1_272' title='bbox 344 2308 355 2314; x_wconf 32' lang='lat'><strong>-</strong></span> <span class='ocrx_word' id='word_1_273' title='bbox 458 2247 607 2295; x_wconf 89' lang='lat' dir='ltr'><strong>recte</strong></span> <span class='ocrx_word' id='word_1_274' title='bbox 648 2239 945 2310; x_wconf 83' lang='lat' dir='ltr'><strong>quaesierit,</strong></span> <span class='ocrx_word' id='word_1_275' title='bbox 981 2249 1033 2295; x_wconf 91' lang='lat' dir='ltr'><strong>et</strong></span> <span class='ocrx_word' id='word_1_276' title='bbox 1075 2255 1324 2310; x_wconf 82' lang='lat' dir='ltr'><strong>quaerens</strong></span> <span class='ocrx_word' id='word_1_277' title='bbox 1369 2241 1667 2311; x_wconf 84' lang='lat' dir='ltr'><strong>pulsaverit</strong></span> <span class='ocrx_word' id='word_1_278' title='bbox 1706 2241 1909 2297; x_wconf 90' lang='lat' dir='ltr'><strong>ostium</strong></span> <span class='ocrx_word' id='word_1_279' title='bbox 1953 2256 2043 2296; x_wconf 84' lang='lat' dir='ltr'><strong>sa-</strong></span> 
     </span>
    </p>
   </div>
   <div class='ocr_carea' id='block_1_36' title="bbox 459 2331 2045 2405">
    <p class='ocr_par' dir='ltr' id='par_1_36' title="bbox 459 2331 2045 2405">
     <span class='ocr_line' id='line_1_36' title="bbox 459 2331 2045 2405; baseline 0 -17"><span class='ocrx_word' id='word_1_280' title='bbox 459 2333 697 2403; x_wconf 70' lang='lat' dir='ltr'><strong>pientite,</strong></span> <span class='ocrx_word' id='word_1_281' title='bbox 730 2342 919 2405; x_wconf 90' lang='lat' dir='ltr'><strong>petens</strong></span> <span class='ocrx_word' id='word_1_282' title='bbox 944 2348 975 2388; x_wconf 91' lang='lat' dir='ltr'><strong>a</strong></span> <span class='ocrx_word' id='word_1_283' title='bbox 1009 2331 1117 2390; x_wconf 88' lang='lat' dir='ltr'><strong>Deo</strong></span> <span class='ocrx_word' id='word_1_284' title='bbox 1147 2343 1206 2389; x_wconf 89' lang='lat' dir='ltr'><strong>ut</strong></span> <span class='ocrx_word' id='word_1_285' title='bbox 1238 2335 1513 2405; x_wconf 89' lang='lat' dir='ltr'><strong>aperiatur</strong></span> <span class='ocrx_word' id='word_1_286' title='bbox 1539 2335 1667 2403; x_wconf 90' lang='lat' dir='ltr'><strong>sibi,</strong></span> <span class='ocrx_word' id='word_1_287' title='bbox 1695 2343 1747 2391; x_wconf 91' lang='lat' dir='ltr'><strong>et</strong></span> <span class='ocrx_word' id='word_1_288' title='bbox 1770 2343 2045 2391; x_wconf 89' lang='lat' dir='ltr'><strong>mereatur</strong></span> 
     </span>
    </p>
   </div>
   <div class='ocr_carea' id='block_1_37' title="bbox 462 2422 2042 2499">
    <p class='ocr_par' dir='ltr' id='par_1_37' title="bbox 462 2422 2042 2499">
     <span class='ocr_line' id='line_1_37' title="bbox 462 2422 2042 2499; baseline 0.004 -22"><span class='ocrx_word' id='word_1_289' title='bbox 462 2423 714 2494; x_wconf 85' lang='lat' dir='ltr'><strong>accipere</strong></span> <span class='ocrx_word' id='word_1_290' title='bbox 757 2440 852 2495; x_wconf 88' lang='lat' dir='ltr'><strong>per</strong></span> <span class='ocrx_word' id='word_1_291' title='bbox 898 2422 1164 2495; x_wconf 89' lang='lat' dir='ltr'><strong>Spiritum</strong></span> <span class='ocrx_word' id='word_1_292' title='bbox 1204 2435 1452 2482; x_wconf 89' lang='lat' dir='ltr'><strong>sanctum</strong></span> <span class='ocrx_word' id='word_1_293' title='bbox 1489 2427 1713 2483; x_wconf 89' lang='lat' dir='ltr'><strong>verbum</strong></span> <span class='ocrx_word' id='word_1_294' title='bbox 1744 2428 2042 2499; x_wconf 73' lang='lat' dir='ltr'><strong>sapientiae,</strong></span> 
     </span>
    </p>
   </div>
   <div class='ocr_carea' id='block_1_38' title="bbox 459 2515 2045 2593">
    <p class='ocr_par' dir='ltr' id='par_1_38' title="bbox 459 2515 2045 2593">
     <span class='ocr_line' id='line_1_38' title="bbox 459 2515 2045 2593; baseline 0.005 -22"><span class='ocrx_word' id='word_1_295' title='bbox 459 2515 685 2571; x_wconf 86' lang='lat' dir='ltr'><strong>verbum</strong></span> <span class='ocrx_word' id='word_1_296' title='bbox 735 2516 996 2584; x_wconf 67' lang='lat' dir='ltr'><strong>scientiae,</strong></span> <span class='ocrx_word' id='word_1_297' title='bbox 1026 2516 1253 2589; x_wconf 89' lang='lat' dir='ltr'><strong>lierique</strong></span> <span class='ocrx_word' id='word_1_298' title='bbox 1285 2519 1557 2590; x_wconf 86' lang='lat' dir='ltr'><strong>particeps</strong></span> <span class='ocrx_word' id='word_1_299' title='bbox 1590 2519 1738 2577; x_wconf 91' lang='lat' dir='ltr'><strong>illius</strong></span> <span class='ocrx_word' id='word_1_300' title='bbox 1767 2521 2045 2593; x_wconf 88' lang='lat' dir='ltr'><strong>sapientiae</strong></span> 
     </span>
    </p>
   </div>
   <div class='ocr_carea' id='block_1_39' title="bbox 457 2607 2046 2679">
    <p class='ocr_par' dir='ltr' id='par_1_39' title="bbox 457 2607 2046 2679">
     <span class='ocr_line' id='line_1_39' title="bbox 457 2607 2046 2679; baseline 0.004 -17"><span class='ocrx_word' id='word_1_301' title='bbox 457 2622 580 2679; x_wconf 66' lang='lat' dir='ltr'><strong>quae</strong></span> <span class='ocrx_word' id='word_1_302' title='bbox 611 2607 826 2665; x_wconf 90' lang='lat' dir='ltr'><strong>dicebat</strong></span> <span class='ocrx_word' id='word_1_303' title='bbox 856 2629 868 2666; x_wconf 90' lang='lat'><strong>:</strong></span> <span class='ocrx_word' id='word_1_304' title='bbox 904 2607 1264 2665; x_wconf 78' lang='lat' dir='ltr'><strong>Extendebam</strong></span> <span class='ocrx_word' id='word_1_305' title='bbox 1309 2612 1449 2666; x_wconf 82' lang='lat' dir='ltr'><strong>enim</strong></span> <span class='ocrx_word' id='word_1_306' title='bbox 1492 2610 1645 2666; x_wconf 82' lang='lat' dir='ltr'><strong>verba</strong></span> <span class='ocrx_word' id='word_1_307' title='bbox 1682 2628 1817 2679; x_wconf 90' lang='lat' dir='ltr'><strong>mea,</strong></span> <span class='ocrx_word' id='word_1_308' title='bbox 1849 2623 1899 2668; x_wconf 88' lang='lat' dir='ltr'><strong>et</strong></span> <span class='ocrx_word' id='word_1_309' title='bbox 1943 2630 2046 2669; x_wconf 86' lang='lat' dir='ltr'><strong>non</strong></span> 
     </span>
    </p>
   </div>
   <div class='ocr_carea' id='block_1_40' title="bbox 457 2700 2043 2764">
    <p class='ocr_par' dir='ltr' id='par_1_40' title="bbox 457 2700 2043 2764">
     <span class='ocr_line' id='line_1_40' title="bbox 457 2700 2043 2764; baseline 0.005 -8"><span class='ocrx_word' id='word_1_310' title='bbox 457 2700 837 2757; x_wconf 80' lang='lat' dir='ltr'><strong>audiebatis&quot;.</strong></span> <span class='ocrx_word' id='word_1_311' title='bbox 870 2700 935 2758; x_wconf 84' lang='lat' dir='ltr'><strong>Et</strong></span> <span class='ocrx_word' id='word_1_312' title='bbox 966 2702 1159 2759; x_wconf 90' lang='lat' dir='ltr'><strong>merito</strong></span> <span class='ocrx_word' id='word_1_313' title='bbox 1187 2704 1481 2762; x_wconf 76' lang='lat' dir='ltr'><strong>extendere</strong></span> <span class='ocrx_word' id='word_1_314' title='bbox 1528 2722 1587 2763; x_wconf 93' lang='lat' dir='ltr'><strong>se</strong></span> <span class='ocrx_word' id='word_1_315' title='bbox 1618 2706 1757 2763; x_wconf 81' lang='lat' dir='ltr'><strong>dixit</strong></span> <span class='ocrx_word' id='word_1_316' title='bbox 1792 2707 1958 2763; x_wconf 90' lang='lat' dir='ltr'><strong>verba</strong></span> <span class='ocrx_word' id='word_1_317' title='bbox 1987 2707 2043 2764; x_wconf 90' lang='lat' dir='ltr'><strong>in</strong></span> 
     </span>
    </p>
   </div>
   <div class='ocr_carea' id='block_1_41' title="bbox 458 2794 2042 2870">
    <p class='ocr_par' dir='ltr' id='par_1_41' title="bbox 458 2794 2042 2870">
     <span class='ocr_line' id='line_1_41' title="bbox 458 2794 2042 2870; baseline 0.006 -22"><span class='ocrx_word' id='word_1_318' title='bbox 458 2794 580 2863; x_wconf 87' lang='lat' dir='ltr'><strong>ejus</strong></span> <span class='ocrx_word' id='word_1_319' title='bbox 625 2795 812 2863; x_wconf 89' lang='lat' dir='ltr'><strong>corde,</strong></span> <span class='ocrx_word' id='word_1_320' title='bbox 843 2795 930 2851; x_wconf 90' lang='lat' dir='ltr'><strong>cui</strong></span> <span class='ocrx_word' id='word_1_321' title='bbox 955 2796 1166 2852; x_wconf 87' lang='lat' dir='ltr'><strong>dederit</strong></span> <span class='ocrx_word' id='word_1_322' title='bbox 1208 2795 1370 2865; x_wconf 88' lang='lat' dir='ltr'><strong>Deus,</strong></span> <span class='ocrx_word' id='word_1_323' title='bbox 1404 2799 1547 2855; x_wconf 88' lang='lat' dir='ltr'><strong>sicut</strong></span> <span class='ocrx_word' id='word_1_324' title='bbox 1588 2814 1753 2870; x_wconf 87' lang='lat' dir='ltr'><strong>supra</strong></span> <span class='ocrx_word' id='word_1_325' title='bbox 1784 2800 2042 2867; x_wconf 81' lang='lat' dir='ltr'><strong>diximus,</strong></span> 
     </span>
    </p>
   </div>
   <div class='ocr_carea' id='block_1_42' title="bbox 458 2889 2045 2970">
    <p class='ocr_par' dir='ltr' id='par_1_42' title="bbox 458 2889 2045 2970">
     <span class='ocr_line' id='line_1_42' title="bbox 458 2889 2045 2970; baseline 0.004 -25"><span class='ocrx_word' id='word_1_326' title='bbox 458 2889 799 2947; x_wconf 89' lang='lat' dir='ltr'><strong>latitudinem</strong></span> <span class='ocrx_word' id='word_1_327' title='bbox 842 2892 1045 2948; x_wconf 88' lang='lat' dir='ltr'><strong>cordis.</strong></span> <span class='ocrx_word' id='word_1_328' title='bbox 1084 2892 1351 2949; x_wconf 90' lang='lat' dir='ltr'><strong>Dilatatur</strong></span> <span class='ocrx_word' id='word_1_329' title='bbox 1383 2909 1616 2970; x_wconf 77' lang='lat' dir='ltr'><strong>namque</strong></span> <span class='ocrx_word' id='word_1_330' title='bbox 1657 2895 1802 2953; x_wconf 89' lang='lat' dir='ltr'><strong>illius</strong></span> <span class='ocrx_word' id='word_1_331' title='bbox 1830 2910 1927 2951; x_wconf 91' lang='lat' dir='ltr'><strong>eor</strong></span> <span class='ocrx_word' id='word_1_332' title='bbox 1951 2896 2045 2967; x_wconf 89' lang='lat' dir='ltr'><strong>qui</strong></span> 
     </span>
    </p>
   </div>
   <div class='ocr_carea' id='block_1_43' title="bbox 458 2984 2044 3057">
    <p class='ocr_par' dir='ltr' id='par_1_43' title="bbox 458 2984 2044 3057">
     <span class='ocr_line' id='line_1_43' title="bbox 458 2984 2044 3057; baseline 0.004 -20"><span class='ocrx_word' id='word_1_333' title='bbox 458 2991 638 3053; x_wconf 88' lang='lat' dir='ltr'><strong>potest</strong></span> <span class='ocrx_word' id='word_1_334' title='bbox 677 2996 742 3038; x_wconf 89' lang='lat' dir='ltr'><strong>ea</strong></span> <span class='ocrx_word' id='word_1_335' title='bbox 772 2998 894 3055; x_wconf 87' lang='lat' dir='ltr'><strong>quae</strong></span> <span class='ocrx_word' id='word_1_336' title='bbox 926 2984 1159 3041; x_wconf 89' lang='lat' dir='ltr'><strong>breviter</strong></span> <span class='ocrx_word' id='word_1_337' title='bbox 1202 2985 1256 3040; x_wconf 90' lang='lat' dir='ltr'><strong>in</strong></span> <span class='ocrx_word' id='word_1_338' title='bbox 1304 2987 1578 3057; x_wconf 81' lang='lat' dir='ltr'><strong>mysteriis</strong></span> <span class='ocrx_word' id='word_1_339' title='bbox 1605 2988 1747 3044; x_wconf 89' lang='lat' dir='ltr'><strong>dicta</strong></span> <span class='ocrx_word' id='word_1_340' title='bbox 1780 2996 1930 3053; x_wconf 90' lang='lat' dir='ltr'><strong>sunt,</strong></span> <span class='ocrx_word' id='word_1_341' title='bbox 1962 2988 2044 3044; x_wconf 89' lang='lat' dir='ltr'><strong>la-</strong></span> 
     </span>
    </p>
   </div>
   <div class='ocr_carea' id='block_1_44' title="bbox 457 3072 2043 3147">
    <p class='ocr_par' dir='ltr' id='par_1_44' title="bbox 457 3072 2043 3147">
     <span class='ocr_line' id='line_1_44' title="bbox 457 3072 2043 3147; baseline 0.003 -16"><span class='ocrx_word' id='word_1_342' title='bbox 457 3072 597 3133; x_wconf 90' lang='lat' dir='ltr'><strong>tiore</strong></span> <span class='ocrx_word' id='word_1_343' title='bbox 644 3075 889 3132; x_wconf 83' lang='lat' dir='ltr'><strong>doctrina</strong></span> <span class='ocrx_word' id='word_1_344' title='bbox 936 3077 1168 3147; x_wconf 85' lang='lat' dir='ltr'><strong>sumptis</strong></span> <span class='ocrx_word' id='word_1_345' title='bbox 1201 3093 1267 3133; x_wconf 90' lang='lat' dir='ltr'><strong>ex</strong></span> <span class='ocrx_word' id='word_1_346' title='bbox 1303 3078 1671 3134; x_wconf 82' lang='lat' dir='ltr'><strong>voluminibus</strong></span> <span class='ocrx_word' id='word_1_347' title='bbox 1704 3079 1903 3136; x_wconf 91' lang='lat' dir='ltr'><strong>divinis</strong></span> <span class='ocrx_word' id='word_1_348' title='bbox 1951 3095 2043 3135; x_wconf 83' lang='lat' dir='ltr'><strong>as-</strong></span> 
     </span>
    </p>
   </div>
   <div class='ocr_carea' id='block_1_45' title="bbox 456 3168 2039 3244">
    <p class='ocr_par' dir='ltr' id='par_1_45' title="bbox 456 3168 2039 3244">
     <span class='ocr_line' id='line_1_45' title="bbox 456 3168 2039 3244; baseline 0.004 -20"><span class='ocrx_word' id='word_1_349' title='bbox 456 3168 787 3225; x_wconf 84' lang='lat' dir='ltr'><strong>sertionibus</strong></span> <span class='ocrx_word' id='word_1_350' title='bbox 863 3170 1175 3240; x_wconf 80' lang='lat' dir='ltr'><strong>explanare.</strong></span> <span class='ocrx_word' id='word_1_351' title='bbox 1233 3170 1459 3242; x_wconf 89' lang='lat' dir='ltr'><strong>Oportet</strong></span> <span class='ocrx_word' id='word_1_352' title='bbox 1518 3173 1681 3244; x_wconf 80' lang='lat' dir='ltr'><strong>igitur</strong></span> <span class='ocrx_word' id='word_1_353' title='bbox 1738 3174 2039 3230; x_wconf 74' lang='lat' dir='ltr'><strong>secundum</strong></span> 
     </span>
    </p>
   </div>
   <div class='ocr_carea' id='block_1_46' title="bbox 457 3260 2041 3333">
    <p class='ocr_par' dir='ltr' id='par_1_46' title="bbox 457 3260 2041 3333">
     <span class='ocr_line' id='line_1_46' title="bbox 457 3260 2041 3333; baseline 0.003 -17"><span class='ocrx_word' id='word_1_354' title='bbox 457 3261 599 3316; x_wconf 91' lang='lat' dir='ltr'><strong>hanc</strong></span> <span class='ocrx_word' id='word_1_355' title='bbox 646 3260 895 3318; x_wconf 85' lang='lat' dir='ltr'><strong>eamdem</strong></span> <span class='ocrx_word' id='word_1_356' title='bbox 946 3261 1339 3333; x_wconf 90' lang='lat' dir='ltr'><strong>sapientissimi</strong></span> <span class='ocrx_word' id='word_1_357' title='bbox 1377 3262 1690 3321; x_wconf 86' lang='lat' dir='ltr'><strong>Salomonis</strong></span> <span class='ocrx_word' id='word_1_358' title='bbox 1737 3265 2041 3322; x_wconf 72' lang='lat' dir='ltr'><strong>doctrinam</strong></span> 
     </span>
    </p>
   </div>
   <div class='ocr_carea' id='block_1_47' title="bbox 456 3353 2045 3428">
    <p class='ocr_par' dir='ltr' id='par_1_47' title="bbox 456 3353 2045 3428">
     <span class='ocr_line' id='line_1_47' title="bbox 456 3353 2045 3428; baseline 0.004 -20"><span class='ocrx_word' id='word_1_359' title='bbox 456 3367 582 3408; x_wconf 89' lang='lat' dir='ltr'><strong>eum</strong></span> <span class='ocrx_word' id='word_1_360' title='bbox 610 3353 704 3424; x_wconf 91' lang='lat' dir='ltr'><strong>qui</strong></span> <span class='ocrx_word' id='word_1_361' title='bbox 734 3353 1056 3424; x_wconf 87' lang='lat' dir='ltr'><strong>sapientiam</strong></span> <span class='ocrx_word' id='word_1_362' title='bbox 1086 3354 1228 3411; x_wconf 90' lang='lat' dir='ltr'><strong>scire</strong></span> <span class='ocrx_word' id='word_1_363' title='bbox 1256 3355 1548 3424; x_wconf 85' lang='lat' dir='ltr'><strong>desiderat,</strong></span> <span class='ocrx_word' id='word_1_364' title='bbox 1568 3356 1805 3428; x_wconf 89' lang='lat' dir='ltr'><strong>incipere</strong></span> <span class='ocrx_word' id='word_1_365' title='bbox 1827 3358 1895 3413; x_wconf 94' lang='lat' dir='ltr'><strong>ab</strong></span> <span class='ocrx_word' id='word_1_366' title='bbox 1918 3374 2045 3415; x_wconf 86' lang='lat' dir='ltr'><strong>eru-</strong></span> 
     </span>
    </p>
   </div>
   <div class='ocr_carea' id='block_1_48' title="bbox 455 3442 2042 3521">
    <p class='ocr_par' dir='ltr' id='par_1_48' title="bbox 455 3442 2042 3521">
     <span class='ocr_line' id='line_1_48' title="bbox 455 3442 2042 3521; baseline 0.005 -24"><span class='ocrx_word' id='word_1_367' title='bbox 455 3442 661 3498; x_wconf 91' lang='lat' dir='ltr'><strong>ditione</strong></span> <span class='ocrx_word' id='word_1_368' title='bbox 713 3444 928 3509; x_wconf 87' lang='lat' dir='ltr'><strong>morali,</strong></span> <span class='ocrx_word' id='word_1_369' title='bbox 965 3453 1020 3501; x_wconf 91' lang='lat' dir='ltr'><strong>et</strong></span> <span class='ocrx_word' id='word_1_370' title='bbox 1066 3445 1364 3519; x_wconf 78' lang='lat' dir='ltr'><strong>intelligere</strong></span> <span class='ocrx_word' id='word_1_371' title='bbox 1401 3448 1535 3504; x_wconf 90' lang='lat' dir='ltr'><strong>illud</strong></span> <span class='ocrx_word' id='word_1_372' title='bbox 1584 3447 1730 3519; x_wconf 90' lang='lat' dir='ltr'><strong>quod</strong></span> <span class='ocrx_word' id='word_1_373' title='bbox 1780 3449 2042 3521; x_wconf 79' lang='lat' dir='ltr'><strong>scriptum</strong></span> 
     </span>
    </p>
   </div>
   <div class='ocr_carea' id='block_1_49' title="bbox 455 3535 2044 3608">
    <p class='ocr_par' dir='ltr' id='par_1_49' title="bbox 455 3535 2044 3608">
     <span class='ocr_line' id='line_1_49' title="bbox 455 3535 2044 3608; baseline 0.005 -19"><span class='ocrx_word' id='word_1_374' title='bbox 455 3543 540 3590; x_wconf 86' lang='lat' dir='ltr'><strong>est</strong></span> <span class='ocrx_word' id='word_1_375' title='bbox 575 3554 587 3589; x_wconf 89' lang='lat'><strong>:</strong></span> <span class='ocrx_word' id='word_1_376' title='bbox 622 3535 926 3606; x_wconf 84' lang='lat' dir='ltr'><strong>Concupiin</strong></span> <span class='ocrx_word' id='word_1_377' title='bbox 957 3538 1295 3607; x_wconf 83' lang='lat' dir='ltr'><strong>sapientiam,</strong></span> <span class='ocrx_word' id='word_1_378' title='bbox 1340 3556 1489 3605; x_wconf 70' lang='lat' dir='ltr'><strong>serua</strong></span> <span class='ocrx_word' id='word_1_379' title='bbox 1535 3541 1811 3608; x_wconf 79' lang='lat' dir='ltr'><strong>mandata,</strong></span> <span class='ocrx_word' id='word_1_380' title='bbox 1846 3551 1897 3597; x_wconf 88' lang='lat' dir='ltr'><strong>et</strong></span> <span class='ocrx_word' id='word_1_381' title='bbox 1933 3541 2044 3597; x_wconf 88' lang='lat' dir='ltr'><strong>Do-</strong></span> 
     </span>
    </p>
   </div>
   <div class='ocr_carea' id='block_1_50' title="bbox 455 3627 2040 3705">
    <p class='ocr_par' dir='ltr' id='par_1_50' title="bbox 455 3627 2040 3705">
     <span class='ocr_line' id='line_1_50' title="bbox 455 3627 2040 3705; baseline 0.006 -26"><span class='ocrx_word' id='word_1_382' title='bbox 455 3627 631 3683; x_wconf 87' lang='lat' dir='ltr'><strong>minus</strong></span> <span class='ocrx_word' id='word_1_383' title='bbox 655 3627 802 3683; x_wconf 81' lang='lat' dir='ltr'><strong>dabit</strong></span> <span class='ocrx_word' id='word_1_384' title='bbox 835 3646 950 3684; x_wconf 88' lang='lat' dir='ltr'><strong>eam</strong></span> <span class='ocrx_word' id='word_1_385' title='bbox 991 3630 1084 3684; x_wconf 87' lang='lat' dir='ltr'><strong>tibi</strong></span> <span class='ocrx_word' id='word_1_386' title='bbox 1105 3631 1171 3684; x_wconf 72' lang='grc' dir='ltr'><strong>δ’.</strong></span> <span class='ocrx_word' id='word_1_387' title='bbox 1227 3628 1311 3686; x_wconf 92' lang='lat' dir='ltr'><strong>Ob</strong></span> <span class='ocrx_word' id='word_1_388' title='bbox 1344 3631 1445 3688; x_wconf 93' lang='lat' dir='ltr'><strong>hoc</strong></span> <span class='ocrx_word' id='word_1_389' title='bbox 1496 3634 1751 3704; x_wconf 85' lang='lat' dir='ltr'><strong>magister</strong></span> <span class='ocrx_word' id='word_1_390' title='bbox 1810 3634 1899 3690; x_wconf 90' lang='lat' dir='ltr'><strong>hic</strong></span> <span class='ocrx_word' id='word_1_391' title='bbox 1946 3634 2040 3705; x_wconf 86' lang='lat' dir='ltr'><strong>qui</strong></span> 
     </span>
    </p>
   </div>
   <div class='ocr_carea' id='block_1_51' title="bbox 454 3718 2041 3796">
    <p class='ocr_par' dir='ltr' id='par_1_51' title="bbox 454 3718 2041 3796">
     <span class='ocr_line' id='line_1_51' title="bbox 454 3718 2041 3796; baseline 0.006 -25"><span class='ocrx_word' id='word_1_392' title='bbox 454 3718 668 3789; x_wconf 89' lang='lat' dir='ltr'><strong>primus</strong></span> <span class='ocrx_word' id='word_1_393' title='bbox 700 3720 948 3776; x_wconf 88' lang='lat' dir='ltr'><strong>homines</strong></span> <span class='ocrx_word' id='word_1_394' title='bbox 971 3721 1208 3777; x_wconf 88' lang='lat' dir='ltr'><strong>divinam</strong></span> <span class='ocrx_word' id='word_1_395' title='bbox 1234 3723 1630 3794; x_wconf 80' lang='lat' dir='ltr'><strong>phiIOSOphiam</strong></span> <span class='ocrx_word' id='word_1_396' title='bbox 1656 3724 1834 3790; x_wconf 88' lang='lat' dir='ltr'><strong>docet,</strong></span> <span class='ocrx_word' id='word_1_397' title='bbox 1860 3726 2041 3796; x_wconf 84' lang='lat' dir='ltr'><strong>operis</strong></span> 
     </span>
    </p>
   </div>
   <div class='ocr_carea' id='block_1_52' title="bbox 454 3811 2037 3888">
    <p class='ocr_par' dir='ltr' id='par_1_52' title="bbox 454 3811 2037 3888">
     <span class='ocr_line' id='line_1_52' title="bbox 454 3811 2037 3888; baseline 0.005 -22"><span class='ocrx_word' id='word_1_398' title='bbox 454 3811 540 3866; x_wconf 81' lang='lat' dir='ltr'><strong>sui</strong></span> <span class='ocrx_word' id='word_1_399' title='bbox 570 3812 854 3867; x_wconf 76' lang='lat' dir='ltr'><strong>exordium</strong></span> <span class='ocrx_word' id='word_1_400' title='bbox 885 3811 1302 3870; x_wconf 87' lang='lat' dir='ltr'><strong>Proverhiorum</strong></span> <span class='ocrx_word' id='word_1_401' title='bbox 1331 3816 1513 3886; x_wconf 90' lang='lat' dir='ltr'><strong>posuit</strong></span> <span class='ocrx_word' id='word_1_402' title='bbox 1540 3816 1800 3883; x_wconf 90' lang='lat' dir='ltr'><strong>libellum,</strong></span> <span class='ocrx_word' id='word_1_403' title='bbox 1820 3818 1873 3871; x_wconf 89' lang='lat' dir='ltr'><strong>in</strong></span> <span class='ocrx_word' id='word_1_404' title='bbox 1908 3834 2037 3888; x_wconf 90' lang='lat' dir='ltr'><strong>quo,</strong></span> 
     </span>
    </p>
   </div>
   <div class='ocr_carea' id='block_1_53' title="bbox 455 3903 2037 3973">
    <p class='ocr_par' dir='ltr' id='par_1_53' title="bbox 455 3903 2037 3973">
     <span class='ocr_line' id='line_1_53' title="bbox 455 3903 2037 3973; baseline 0.006 -16"><span class='ocrx_word' id='word_1_405' title='bbox 455 3911 519 3958; x_wconf 81' lang='lat' dir='ltr'><strong>ut</strong></span> <span class='ocrx_word' id='word_1_406' title='bbox 548 3903 812 3973; x_wconf 84' lang='lat' dir='ltr'><strong>diximus,</strong></span> <span class='ocrx_word' id='word_1_407' title='bbox 848 3907 1072 3963; x_wconf 88' lang='lat' dir='ltr'><strong>moralis</strong></span> <span class='ocrx_word' id='word_1_408' title='bbox 1098 3908 1331 3963; x_wconf 86' lang='lat' dir='ltr'><strong>traditur</strong></span> <span class='ocrx_word' id='word_1_409' title='bbox 1359 3909 1514 3965; x_wconf 89' lang='lat' dir='ltr'><strong>locus</strong></span> <span class='ocrx_word' id='word_1_410' title='bbox 1554 3927 1567 3964; x_wconf 88' lang='lat'><strong>:</strong></span> <span class='ocrx_word' id='word_1_411' title='bbox 1603 3918 1661 3964; x_wconf 91' lang='lat' dir='ltr'><strong>ut</strong></span> <span class='ocrx_word' id='word_1_412' title='bbox 1696 3924 1821 3965; x_wconf 91' lang='lat' dir='ltr'><strong>cum</strong></span> <span class='ocrx_word' id='word_1_413' title='bbox 1866 3911 2037 3966; x_wconf 86' lang='lat' dir='ltr'><strong>intel-</strong></span> 
     </span>
    </p>
   </div>
   <div class='ocr_carea' id='block_1_54' title="bbox 455 3997 2039 4072">
    <p class='ocr_par' dir='ltr' id='par_1_54' title="bbox 455 3997 2039 4072">
     <span class='ocr_line' id='line_1_54' title="bbox 455 3997 2039 4072; baseline 0.004 -21"><span class='ocrx_word' id='word_1_414' title='bbox 455 3997 594 4052; x_wconf 89' lang='lat' dir='ltr'><strong>lectu</strong></span> <span class='ocrx_word' id='word_1_415' title='bbox 638 3998 994 4069; x_wconf 75' lang='lat' dir='ltr'><strong>moribusque</strong></span> <span class='ocrx_word' id='word_1_416' title='bbox 1039 4000 1163 4070; x_wconf 91' lang='lat' dir='ltr'><strong>quis</strong></span> <span class='ocrx_word' id='word_1_417' title='bbox 1210 3999 1523 4072; x_wconf 86' lang='lat' dir='ltr'><strong>profecerit,</strong></span> <span class='ocrx_word' id='word_1_418' title='bbox 1557 4002 1740 4057; x_wconf 88' lang='lat' dir='ltr'><strong>veniat</strong></span> <span class='ocrx_word' id='word_1_419' title='bbox 1770 4001 1933 4058; x_wconf 92' lang='lat' dir='ltr'><strong>etiam</strong></span> <span class='ocrx_word' id='word_1_420' title='bbox 1969 4003 2039 4059; x_wconf 91' lang='lat' dir='ltr'><strong>ad</strong></span> 
     </span>
    </p>
   </div>
   <div class='ocr_carea' id='block_1_55' title="bbox 454 4088 2027 4163">
    <p class='ocr_par' dir='ltr' id='par_1_55' title="bbox 454 4088 2027 4163">
     <span class='ocr_line' id='line_1_55' title="bbox 454 4088 2027 4163; baseline 0.005 -22"><span class='ocrx_word' id='word_1_421' title='bbox 454 4088 721 4145; x_wconf 89' lang='lat' dir='ltr'><strong>naturalis</strong></span> <span class='ocrx_word' id='word_1_422' title='bbox 753 4089 1118 4162; x_wconf 63' lang='lat' dir='ltr'><strong>intelligentiae</strong></span> <span class='ocrx_word' id='word_1_423' title='bbox 1148 4089 1514 4163; x_wconf 88' lang='lat' dir='ltr'><strong>disciplinam,</strong></span> <span class='ocrx_word' id='word_1_424' title='bbox 1547 4100 1710 4163; x_wconf 89' lang='lat' dir='ltr'><strong>atque</strong></span> <span class='ocrx_word' id='word_1_425' title='bbox 1740 4093 1814 4149; x_wconf 92' lang='lat' dir='ltr'><strong>ibi</strong></span> <span class='ocrx_word' id='word_1_426' title='bbox 1846 4108 2027 4149; x_wconf 81' lang='lat' dir='ltr'><strong>rerum</strong></span> 
     </span>
    </p>
   </div>
   <div class='ocr_carea' id='block_1_56' title="bbox 454 4182 2034 4256">
    <p class='ocr_par' dir='ltr' id='par_1_56' title="bbox 454 4182 2034 4256">
     <span class='ocr_line' id='line_1_56' title="bbox 454 4182 2034 4256; baseline 0.004 -21"><span class='ocrx_word' id='word_1_427' title='bbox 454 4195 652 4237; x_wconf 89' lang='lat' dir='ltr'><strong>causas</strong></span> <span class='ocrx_word' id='word_1_428' title='bbox 687 4190 1023 4253; x_wconf 90' lang='lat' dir='ltr'><strong>naturasque</strong></span> <span class='ocrx_word' id='word_1_429' title='bbox 1061 4182 1400 4254; x_wconf 80' lang='lat' dir='ltr'><strong>distinguens</strong></span> <span class='ocrx_word' id='word_1_430' title='bbox 1430 4194 1692 4256; x_wconf 81' lang='lat' dir='ltr'><strong>agnoscat</strong></span> <span class='ocrx_word' id='word_1_431' title='bbox 1740 4186 2034 4242; x_wconf 82' lang='lat' dir='ltr'><strong>vanitatem</strong></span> 
     </span>
    </p>
   </div>
   <div class='ocr_carea' id='block_1_57' title="bbox 456 4269 2036 4345">
    <p class='ocr_par' dir='ltr' id='par_1_57' title="bbox 456 4269 2036 4345">
     <span class='ocr_line' id='line_1_57' title="bbox 456 4269 2036 4345; baseline 0.004 -21"><span class='ocrx_word' id='word_1_432' title='bbox 456 4269 888 4341; x_wconf 88' lang='lat' dir='ltr'><strong>relinquendam,</strong></span> <span class='ocrx_word' id='word_1_433' title='bbox 920 4273 987 4327; x_wconf 89' lang='lat' dir='ltr'><strong>ad</strong></span> <span class='ocrx_word' id='word_1_434' title='bbox 1018 4281 1219 4328; x_wconf 68' lang='lat' dir='ltr'><strong>mterna</strong></span> <span class='ocrx_word' id='word_1_435' title='bbox 1249 4283 1430 4329; x_wconf 89' lang='lat' dir='ltr'><strong>autem</strong></span> <span class='ocrx_word' id='word_1_436' title='bbox 1466 4282 1521 4329; x_wconf 93' lang='lat' dir='ltr'><strong>et</strong></span> <span class='ocrx_word' id='word_1_437' title='bbox 1547 4287 1806 4344; x_wconf 84' lang='lat' dir='ltr'><strong>perpetua</strong></span> <span class='ocrx_word' id='word_1_438' title='bbox 1840 4289 2036 4345; x_wconf 85' lang='lat' dir='ltr'><strong>prope-</strong></span> 
     </span>
    </p>
   </div>
   <div class='ocr_carea' id='block_1_58' title="bbox 456 4360 2032 4432">
    <p class='ocr_par' dir='ltr' id='par_1_58' title="bbox 456 4360 2032 4432">
     <span class='ocr_line' id='line_1_58' title="bbox 456 4360 2032 4432; baseline 0.003 -17"><span class='ocrx_word' id='word_1_439' title='bbox 456 4360 690 4415; x_wconf 91' lang='lat' dir='ltr'><strong>randum</strong></span> <span class='ocrx_word' id='word_1_440' title='bbox 721 4379 734 4415; x_wconf 88' lang='lat'><strong>:</strong></span> <span class='ocrx_word' id='word_1_441' title='bbox 764 4369 817 4416; x_wconf 91' lang='lat' dir='ltr'><strong>et</strong></span> <span class='ocrx_word' id='word_1_442' title='bbox 864 4362 984 4417; x_wconf 82' lang='lat' dir='ltr'><strong>ideo</strong></span> <span class='ocrx_word' id='word_1_443' title='bbox 1027 4372 1150 4432; x_wconf 88' lang='lat' dir='ltr'><strong>post</strong></span> <span class='ocrx_word' id='word_1_444' title='bbox 1194 4364 1510 4431; x_wconf 80' lang='lat' dir='ltr'><strong>Proverbia,</strong></span> <span class='ocrx_word' id='word_1_445' title='bbox 1558 4365 1624 4419; x_wconf 85' lang='lat' dir='ltr'><strong>ad</strong></span> <span class='ocrx_word' id='word_1_446' title='bbox 1671 4364 2032 4422; x_wconf 86' lang='lat' dir='ltr'><strong>Ecclesiasten</strong></span> 
     </span>
    </p>
   </div>
   <div class='ocr_carea' id='block_1_59' title="bbox 457 4450 2036 4520">
    <p class='ocr_par' dir='ltr' id='par_1_59' title="bbox 457 4450 2036 4520">
     <span class='ocr_line' id='line_1_59' title="bbox 457 4450 2036 4520; baseline 0.008 -20"><span class='ocrx_word' id='word_1_447' title='bbox 457 4451 695 4516; x_wconf 82' lang='lat' dir='ltr'><strong>venitur.</strong></span> <span class='ocrx_word' id='word_1_448' title='bbox 732 4451 824 4520; x_wconf 87' lang='lat' dir='ltr'><strong>qui</strong></span> <span class='ocrx_word' id='word_1_449' title='bbox 874 4450 1052 4519; x_wconf 87' lang='lat' dir='ltr'><strong>docet,</strong></span> <span class='ocrx_word' id='word_1_450' title='bbox 1105 4460 1164 4506; x_wconf 91' lang='lat' dir='ltr'><strong>ut</strong></span> <span class='ocrx_word' id='word_1_451' title='bbox 1206 4452 1465 4519; x_wconf 83' lang='lat' dir='ltr'><strong>diximus,</strong></span> <span class='ocrx_word' id='word_1_452' title='bbox 1496 4455 1727 4509; x_wconf 74' lang='lat' dir='ltr'><strong>visibilia</strong></span> <span class='ocrx_word' id='word_1_453' title='bbox 1750 4456 1929 4510; x_wconf 87' lang='lat' dir='ltr'><strong>omnia</strong></span> <span class='ocrx_word' id='word_1_454' title='bbox 1980 4465 2036 4512; x_wconf 91' lang='lat' dir='ltr'><strong>et</strong></span> 
     </span>
    </p>
   </div>
   <div class='ocr_carea' id='block_1_60' title="bbox 2145 1962 3699 2038">
    <p class='ocr_par' dir='ltr' id='par_1_60' title="bbox 2145 1962 3699 2038">
     <span class='ocr_line' id='line_1_60' title="bbox 2145 1962 3699 2038; baseline -0.005 -15"><span class='ocrx_word' id='word_1_455' title='bbox 2145 1981 2285 2024; x_wconf 85' lang='lat' dir='ltr'><strong>terra</strong></span> <span class='ocrx_word' id='word_1_456' title='bbox 2333 1976 2444 2031; x_wconf 87' lang='lat' dir='ltr'><strong>tua,</strong></span> <span class='ocrx_word' id='word_1_457' title='bbox 2476 1976 2526 2022; x_wconf 86' lang='lat' dir='ltr'><strong>et</strong></span> <span class='ocrx_word' id='word_1_458' title='bbox 2561 1967 2624 2021; x_wconf 88' lang='lat' dir='ltr'><strong>de</strong></span> <span class='ocrx_word' id='word_1_459' title='bbox 2668 1969 2979 2038; x_wconf 83' lang='lat' dir='ltr'><strong>cognatione</strong></span> <span class='ocrx_word' id='word_1_460' title='bbox 3015 1978 3128 2035; x_wconf 85' lang='lat' dir='ltr'><strong>tua,</strong></span> <span class='ocrx_word' id='word_1_461' title='bbox 3160 1975 3210 2020; x_wconf 86' lang='lat' dir='ltr'><strong>et</strong></span> <span class='ocrx_word' id='word_1_462' title='bbox 3256 1965 3322 2019; x_wconf 80' lang='lat' dir='ltr'><strong>de</strong></span> <span class='ocrx_word' id='word_1_463' title='bbox 3365 1964 3516 2019; x_wconf 88' lang='lat' dir='ltr'><strong>domo</strong></span> <span class='ocrx_word' id='word_1_464' title='bbox 3550 1962 3699 2033; x_wconf 83' lang='lat' dir='ltr'><strong>patris</strong></span> 
     </span>
    </p>
   </div>
   <div class='ocr_carea' id='block_1_61' title="bbox 2146 2056 3700 2130">
    <p class='ocr_par' dir='ltr' id='par_1_61' title="bbox 2146 2056 3700 2130">
     <span class='ocr_line' id='line_1_61' title="bbox 2146 2056 3700 2130; baseline 0.002 -17"><span class='ocrx_word' id='word_1_465' title='bbox 2146 2058 2310 2126; x_wconf 79' lang='lat' dir='ltr'><strong>tui&quot;,</strong></span> <span class='ocrx_word' id='word_1_466' title='bbox 2363 2073 2471 2114; x_wconf 91' lang='lat' dir='ltr'><strong>non</strong></span> <span class='ocrx_word' id='word_1_467' title='bbox 2522 2059 2599 2115; x_wconf 92' lang='lat' dir='ltr'><strong>sit</strong></span> <span class='ocrx_word' id='word_1_468' title='bbox 2643 2068 2950 2128; x_wconf 89' lang='lat' dir='ltr'><strong>cunctatus,</strong></span> <span class='ocrx_word' id='word_1_469' title='bbox 3000 2062 3091 2117; x_wconf 90' lang='lat' dir='ltr'><strong>sed</strong></span> <span class='ocrx_word' id='word_1_470' title='bbox 3146 2061 3336 2117; x_wconf 90' lang='lat' dir='ltr'><strong>statim</strong></span> <span class='ocrx_word' id='word_1_471' title='bbox 3392 2056 3700 2130; x_wconf 76' lang='lat' dir='ltr'><strong>fecerit,33</strong></span> 
     </span>
    </p>
   </div>
   <div class='ocr_carea' id='block_1_62' title="bbox 2144 2148 3703 2221">
    <p class='ocr_par' dir='ltr' id='par_1_62' title="bbox 2144 2148 3703 2221">
     <span class='ocr_line' id='line_1_62' title="bbox 2144 2148 3703 2221; baseline -0.003 -16"><span class='ocrx_word' id='word_1_472' title='bbox 2144 2150 2256 2205; x_wconf 93' lang='lat' dir='ltr'><strong>imo</strong></span> <span class='ocrx_word' id='word_1_473' title='bbox 2293 2158 2349 2205; x_wconf 89' lang='lat' dir='ltr'><strong>et</strong></span> <span class='ocrx_word' id='word_1_474' title='bbox 2384 2149 2590 2220; x_wconf 89' lang='lat' dir='ltr'><strong>aliquid</strong></span> <span class='ocrx_word' id='word_1_475' title='bbox 2638 2150 2872 2221; x_wconf 88' lang='lat' dir='ltr'><strong>amplius</strong></span> <span class='ocrx_word' id='word_1_476' title='bbox 2924 2149 3130 2206; x_wconf 81' lang='lat' dir='ltr'><strong>iecerit.</strong></span> <span class='ocrx_word' id='word_1_477' title='bbox 3162 2150 3408 2207; x_wconf 83' lang='lat' dir='ltr'><strong>Audiens</strong></span> <span class='ocrx_word' id='word_1_478' title='bbox 3468 2148 3604 2204; x_wconf 90' lang='lat' dir='ltr'><strong>enim</strong></span> <span class='ocrx_word' id='word_1_479' title='bbox 3651 2155 3703 2202; x_wconf 90' lang='lat' dir='ltr'><strong>ut</strong></span> 
     </span>
    </p>
   </div>
   <div class='ocr_carea' id='block_1_63' title="bbox 2148 2239 3701 2314">
    <p class='ocr_par' dir='ltr' id='par_1_63' title="bbox 2148 2239 3701 2314">
     <span class='ocr_line' id='line_1_63' title="bbox 2148 2239 3701 2314; baseline -0.001 -19"><span class='ocrx_word' id='word_1_480' title='bbox 2148 2241 2449 2296; x_wconf 90' lang='lat' dir='ltr'><strong>immolaret</strong></span> <span class='ocrx_word' id='word_1_481' title='bbox 2493 2240 2663 2296; x_wconf 87' lang='lat' dir='ltr'><strong>lilium</strong></span> <span class='ocrx_word' id='word_1_482' title='bbox 2724 2257 2909 2309; x_wconf 91' lang='lat' dir='ltr'><strong>suum,</strong></span> <span class='ocrx_word' id='word_1_483' title='bbox 2940 2257 3041 2298; x_wconf 91' lang='lat' dir='ltr'><strong>nec</strong></span> <span class='ocrx_word' id='word_1_484' title='bbox 3071 2243 3195 2298; x_wconf 90' lang='lat' dir='ltr'><strong>inde</strong></span> <span class='ocrx_word' id='word_1_485' title='bbox 3224 2241 3447 2314; x_wconf 88' lang='lat' dir='ltr'><strong>quidem</strong></span> <span class='ocrx_word' id='word_1_486' title='bbox 3487 2239 3701 2305; x_wconf 84' lang='lat' dir='ltr'><strong>dubitat,</strong></span> 
     </span>
    </p>
   </div>
   <div class='ocr_carea' id='block_1_64' title="bbox 2149 2333 3704 2406">
    <p class='ocr_par' dir='ltr' id='par_1_64' title="bbox 2149 2333 3704 2406">
     <span class='ocr_line' id='line_1_64' title="bbox 2149 2333 3704 2406; baseline -0.002 -16"><span class='ocrx_word' id='word_1_487' title='bbox 2149 2334 2243 2390; x_wconf 92' lang='lat' dir='ltr'><strong>sed</strong></span> <span class='ocrx_word' id='word_1_488' title='bbox 2278 2335 2619 2405; x_wconf 86' lang='lat' dir='ltr'><strong>obtemperat</strong></span> <span class='ocrx_word' id='word_1_489' title='bbox 2644 2345 2917 2406; x_wconf 74' lang='lat' dir='ltr'><strong>praecepto</strong></span> <span class='ocrx_word' id='word_1_490' title='bbox 2954 2351 2969 2390; x_wconf 88' lang='lat'><strong>:</strong></span> <span class='ocrx_word' id='word_1_491' title='bbox 3002 2346 3057 2391; x_wconf 91' lang='lat' dir='ltr'><strong>et</strong></span> <span class='ocrx_word' id='word_1_492' title='bbox 3116 2336 3183 2390; x_wconf 91' lang='lat' dir='ltr'><strong>ad</strong></span> <span class='ocrx_word' id='word_1_493' title='bbox 3239 2334 3545 2406; x_wconf 85' lang='lat' dir='ltr'><strong>exemplum</strong></span> <span class='ocrx_word' id='word_1_494' title='bbox 3587 2333 3704 2389; x_wconf 56' lang='lat' dir='ltr'><strong>ohe.</strong></span> 
     </span>
    </p>
   </div>
   <div class='ocr_carea' id='block_1_65' title="bbox 2145 2424 3703 2500">
    <p class='ocr_par' dir='ltr' id='par_1_65' title="bbox 2145 2424 3703 2500">
     <span class='ocr_line' id='line_1_65' title="bbox 2145 2424 3703 2500; baseline 0.001 -21"><span class='ocrx_word' id='word_1_495' title='bbox 2145 2425 2361 2481; x_wconf 84' lang='lat' dir='ltr'><strong>dientiae</strong></span> <span class='ocrx_word' id='word_1_496' title='bbox 2388 2441 2510 2497; x_wconf 80' lang='lat' dir='ltr'><strong>quae</strong></span> <span class='ocrx_word' id='word_1_497' title='bbox 2536 2436 2618 2482; x_wconf 90' lang='lat' dir='ltr'><strong>est</strong></span> <span class='ocrx_word' id='word_1_498' title='bbox 2656 2427 2881 2483; x_wconf 91' lang='lat' dir='ltr'><strong>moralis</strong></span> <span class='ocrx_word' id='word_1_499' title='bbox 2913 2424 3255 2499; x_wconf 80' lang='lat' dir='ltr'><strong>philosophia</strong></span> <span class='ocrx_word' id='word_1_500' title='bbox 3274 2470 3289 2496; x_wconf 94' lang='lat'><strong>,</strong></span> <span class='ocrx_word' id='word_1_501' title='bbox 3329 2427 3558 2500; x_wconf 89' lang='lat' dir='ltr'><strong>posteris</strong></span> <span class='ocrx_word' id='word_1_502' title='bbox 3584 2425 3703 2481; x_wconf 88' lang='lat' dir='ltr'><strong>dan-</strong></span> 
     </span>
    </p>
   </div>
   <div class='ocr_carea' id='block_1_66' title="bbox 2144 2518 3705 2593">
    <p class='ocr_par' dir='ltr' id='par_1_66' title="bbox 2144 2518 3705 2593">
     <span class='ocr_line' id='line_1_66' title="bbox 2144 2518 3705 2593; baseline 0.001 -20"><span class='ocrx_word' id='word_1_503' title='bbox 2144 2518 2295 2583; x_wconf 90' lang='lat' dir='ltr'><strong>dum,</strong></span> <span class='ocrx_word' id='word_1_504' title='bbox 2322 2534 2420 2574; x_wconf 92' lang='lat' dir='ltr'><strong>nec</strong></span> <span class='ocrx_word' id='word_1_505' title='bbox 2438 2518 2547 2575; x_wconf 86' lang='lat' dir='ltr'><strong>filio</strong></span> <span class='ocrx_word' id='word_1_506' title='bbox 2569 2535 2671 2575; x_wconf 91' lang='lat' dir='ltr'><strong>suo</strong></span> <span class='ocrx_word' id='word_1_507' title='bbox 2704 2520 2865 2576; x_wconf 80' lang='lat' dir='ltr'><strong>unico</strong></span> <span class='ocrx_word' id='word_1_508' title='bbox 2886 2522 3125 2591; x_wconf 82' lang='lat' dir='ltr'><strong>pepercit</strong></span> <span class='ocrx_word' id='word_1_509' title='bbox 3139 2521 3206 2576; x_wconf 78' lang='lat'><strong>“.</strong></span> <span class='ocrx_word' id='word_1_510' title='bbox 3233 2521 3387 2578; x_wconf 88' lang='lat' dir='ltr'><strong>lsaac</strong></span> <span class='ocrx_word' id='word_1_511' title='bbox 3404 2535 3611 2593; x_wconf 86' lang='lat' dir='ltr'><strong>quoque</strong></span> <span class='ocrx_word' id='word_1_512' title='bbox 3625 2533 3705 2575; x_wconf 84' lang='lat' dir='ltr'><strong>na-</strong></span> 
     </span>
    </p>
   </div>
   <div class='ocr_carea' id='block_1_67' title="bbox 2152 2604 3700 2687">
    <p class='ocr_par' dir='ltr' id='par_1_67' title="bbox 2152 2604 3700 2687">
     <span class='ocr_line' id='line_1_67' title="bbox 2152 2604 3700 2687; baseline 0.001 -22"><span class='ocrx_word' id='word_1_513' title='bbox 2152 2612 2381 2667; x_wconf 85' lang='lat' dir='ltr'><strong>turalem</strong></span> <span class='ocrx_word' id='word_1_514' title='bbox 2433 2612 2836 2684; x_wconf 88' lang='lat' dir='ltr'><strong>philosophiam</strong></span> <span class='ocrx_word' id='word_1_515' title='bbox 2882 2626 3059 2678; x_wconf 90' lang='lat' dir='ltr'><strong>tenet,</strong></span> <span class='ocrx_word' id='word_1_516' title='bbox 3092 2630 3216 2670; x_wconf 91' lang='lat' dir='ltr'><strong>cum</strong></span> <span class='ocrx_word' id='word_1_517' title='bbox 3248 2604 3303 2672; x_wconf 81' lang='lat' dir='ltr'><strong>et</strong></span> <span class='ocrx_word' id='word_1_518' title='bbox 3327 2625 3518 2687; x_wconf 86' lang='lat' dir='ltr'><strong>puteos</strong></span> <span class='ocrx_word' id='word_1_519' title='bbox 3554 2612 3700 2679; x_wconf 88' lang='lat' dir='ltr'><strong>fodit,</strong></span> 
     </span>
    </p>
   </div>
   <div class='ocr_carea' id='block_1_68' title="bbox 2156 2705 3699 2776">
    <p class='ocr_par' dir='ltr' id='par_1_68' title="bbox 2156 2705 3699 2776">
     <span class='ocr_line' id='line_1_68' title="bbox 2156 2705 3699 2776; baseline 0.001 -17"><span class='ocrx_word' id='word_1_520' title='bbox 2156 2712 2208 2759; x_wconf 91' lang='lat' dir='ltr'><strong>et</strong></span> <span class='ocrx_word' id='word_1_521' title='bbox 2240 2719 2421 2760; x_wconf 90' lang='lat' dir='ltr'><strong>rerum</strong></span> <span class='ocrx_word' id='word_1_522' title='bbox 2457 2705 2727 2776; x_wconf 88' lang='lat' dir='ltr'><strong>profunda</strong></span> <span class='ocrx_word' id='word_1_523' title='bbox 2758 2706 2986 2761; x_wconf 90' lang='lat' dir='ltr'><strong>rimatur</strong></span> <span class='ocrx_word' id='word_1_524' title='bbox 3003 2708 3070 2761; x_wconf 83' lang='lat'><strong>&quot;.</strong></span> <span class='ocrx_word' id='word_1_525' title='bbox 3121 2707 3226 2763; x_wconf 88' lang='lat' dir='ltr'><strong>Sed</strong></span> <span class='ocrx_word' id='word_1_526' title='bbox 3253 2716 3309 2762; x_wconf 91' lang='lat' dir='ltr'><strong>et</strong></span> <span class='ocrx_word' id='word_1_527' title='bbox 3336 2706 3505 2764; x_wconf 84' lang='lat' dir='ltr'><strong>Jacob</strong></span> <span class='ocrx_word' id='word_1_528' title='bbox 3532 2706 3699 2776; x_wconf 84' lang='lat' dir='ltr'><strong>inspe-</strong></span> 
     </span>
    </p>
   </div>
   <div class='ocr_carea' id='block_1_69' title="bbox 2159 2795 3705 2869">
    <p class='ocr_par' dir='ltr' id='par_1_69' title="bbox 2159 2795 3705 2869">
     <span class='ocr_line' id='line_1_69' title="bbox 2159 2795 3705 2869; baseline -0.001 -18"><span class='ocrx_word' id='word_1_529' title='bbox 2159 2796 2360 2852; x_wconf 87' lang='lat' dir='ltr'><strong>ctivum</strong></span> <span class='ocrx_word' id='word_1_530' title='bbox 2389 2804 2537 2853; x_wconf 89' lang='lat' dir='ltr'><strong>tenet</strong></span> <span class='ocrx_word' id='word_1_531' title='bbox 2579 2797 2760 2854; x_wconf 93' lang='lat' dir='ltr'><strong>locum</strong></span> <span class='ocrx_word' id='word_1_532' title='bbox 2784 2838 2798 2864; x_wconf 94' lang='lat'><strong>,</strong></span> <span class='ocrx_word' id='word_1_533' title='bbox 2829 2798 3030 2869; x_wconf 87' lang='lat' dir='ltr'><strong>quippe</strong></span> <span class='ocrx_word' id='word_1_534' title='bbox 3063 2798 3157 2869; x_wconf 88' lang='lat' dir='ltr'><strong>qui</strong></span> <span class='ocrx_word' id='word_1_535' title='bbox 3190 2808 3242 2854; x_wconf 91' lang='lat' dir='ltr'><strong>et</strong></span> <span class='ocrx_word' id='word_1_536' title='bbox 3292 2797 3453 2854; x_wconf 89' lang='lat' dir='ltr'><strong>Israel</strong></span> <span class='ocrx_word' id='word_1_537' title='bbox 3489 2798 3557 2853; x_wconf 92' lang='lat' dir='ltr'><strong>ob</strong></span> <span class='ocrx_word' id='word_1_538' title='bbox 3581 2795 3705 2852; x_wconf 88' lang='lat' dir='ltr'><strong>divi-</strong></span> 
     </span>
    </p>
   </div>
   <div class='ocr_carea' id='block_1_70' title="bbox 2146 2887 3703 2961">
    <p class='ocr_par' dir='ltr' id='par_1_70' title="bbox 2146 2887 3703 2961">
     <span class='ocr_line' id='line_1_70' title="bbox 2146 2887 3703 2961; baseline -0.001 -17"><span class='ocrx_word' id='word_1_539' title='bbox 2146 2903 2339 2946; x_wconf 90' lang='lat' dir='ltr'><strong>norum</strong></span> <span class='ocrx_word' id='word_1_540' title='bbox 2394 2887 2910 2961; x_wconf 74' lang='lat' dir='ltr'><strong>contemplationem</strong></span> <span class='ocrx_word' id='word_1_541' title='bbox 2980 2891 3300 2948; x_wconf 91' lang='lat' dir='ltr'><strong>nominatus</strong></span> <span class='ocrx_word' id='word_1_542' title='bbox 3358 2891 3463 2959; x_wconf 93' lang='lat' dir='ltr'><strong>sit,</strong></span> <span class='ocrx_word' id='word_1_543' title='bbox 3515 2899 3566 2946; x_wconf 91' lang='lat' dir='ltr'><strong>et</strong></span> <span class='ocrx_word' id='word_1_544' title='bbox 3619 2888 3703 2959; x_wconf 89' lang='lat' dir='ltr'><strong>qui</strong></span> 
     </span>
    </p>
   </div>
   <div class='ocr_carea' id='block_1_71' title="bbox 2145 2982 3702 3054">
    <p class='ocr_par' dir='ltr' id='par_1_71' title="bbox 2145 2982 3702 3054">
     <span class='ocr_line' id='line_1_71' title="bbox 2145 2982 3702 3054; baseline -0.001 -18"><span class='ocrx_word' id='word_1_545' title='bbox 2145 2990 2325 3037; x_wconf 75' lang='lat' dir='ltr'><strong>castra</strong></span> <span class='ocrx_word' id='word_1_546' title='bbox 2357 2982 2482 3038; x_wconf 86' lang='lat' dir='ltr'><strong>coeli</strong></span> <span class='ocrx_word' id='word_1_547' title='bbox 2518 2982 2752 3050; x_wconf 89' lang='lat' dir='ltr'><strong>viderit,</strong></span> <span class='ocrx_word' id='word_1_548' title='bbox 2792 2992 2847 3038; x_wconf 92' lang='lat' dir='ltr'><strong>et</strong></span> <span class='ocrx_word' id='word_1_549' title='bbox 2881 2983 3105 3039; x_wconf 86' lang='lat' dir='ltr'><strong>domum</strong></span> <span class='ocrx_word' id='word_1_550' title='bbox 3135 2982 3231 3039; x_wconf 90' lang='lat' dir='ltr'><strong>Dei</strong></span> <span class='ocrx_word' id='word_1_551' title='bbox 3255 3022 3270 3048; x_wconf 94' lang='lat'><strong>,</strong></span> <span class='ocrx_word' id='word_1_552' title='bbox 3301 2992 3468 3054; x_wconf 87' lang='lat' dir='ltr'><strong>atque</strong></span> <span class='ocrx_word' id='word_1_553' title='bbox 3503 2982 3702 3053; x_wconf 89' lang='lat' dir='ltr'><strong>angelo-</strong></span> 
     </span>
    </p>
   </div>
   <div class='ocr_carea' id='block_1_72' title="bbox 2146 3074 3704 3146">
    <p class='ocr_par' dir='ltr' id='par_1_72' title="bbox 2146 3074 3704 3146">
     <span class='ocr_line' id='line_1_72' title="bbox 2146 3074 3704 3146; baseline 0.001 -18"><span class='ocrx_word' id='word_1_554' title='bbox 2146 3089 2268 3128; x_wconf 92' lang='lat' dir='ltr'><strong>rum</strong></span> <span class='ocrx_word' id='word_1_555' title='bbox 2304 3074 2440 3140; x_wconf 89' lang='lat' dir='ltr'><strong>vias,</strong></span> <span class='ocrx_word' id='word_1_556' title='bbox 2473 3074 2524 3129; x_wconf 87' lang='lat' dir='ltr'><strong>id</strong></span> <span class='ocrx_word' id='word_1_557' title='bbox 2552 3087 2633 3130; x_wconf 90' lang='lat' dir='ltr'><strong>est</strong></span> <span class='ocrx_word' id='word_1_558' title='bbox 2662 3076 2838 3131; x_wconf 88' lang='lat' dir='ltr'><strong>scalas</strong></span> <span class='ocrx_word' id='word_1_559' title='bbox 2869 3091 2899 3131; x_wconf 91' lang='lat' dir='ltr'><strong>a</strong></span> <span class='ocrx_word' id='word_1_560' title='bbox 2930 3076 3088 3132; x_wconf 89' lang='lat' dir='ltr'><strong>terris</strong></span> <span class='ocrx_word' id='word_1_561' title='bbox 3119 3077 3173 3132; x_wconf 92' lang='lat' dir='ltr'><strong>in</strong></span> <span class='ocrx_word' id='word_1_562' title='bbox 3202 3077 3405 3132; x_wconf 66' lang='lat' dir='ltr'><strong>caelum</strong></span> <span class='ocrx_word' id='word_1_563' title='bbox 3448 3082 3704 3146; x_wconf 84' lang='lat' dir='ltr'><strong>porrectas</strong></span> 
     </span>
    </p>
   </div>
   <div class='ocr_carea' id='block_1_73' title="bbox 2148 3162 3703 3236">
    <p class='ocr_par' dir='ltr' id='par_1_73' title="bbox 2148 3162 3703 3236">
     <span class='ocr_line' id='line_1_73' title="bbox 2148 3162 3703 3236; baseline 0.002 -18"><span class='ocrx_word' id='word_1_564' title='bbox 2148 3164 2509 3236; x_wconf 80' lang='lat' dir='ltr'><strong>prospexit&quot;.</strong></span> <span class='ocrx_word' id='word_1_565' title='bbox 2552 3162 2708 3221; x_wconf 89' lang='lat' dir='ltr'><strong>Unde</strong></span> <span class='ocrx_word' id='word_1_566' title='bbox 2756 3175 2811 3221; x_wconf 92' lang='lat' dir='ltr'><strong>et</strong></span> <span class='ocrx_word' id='word_1_567' title='bbox 2852 3167 3046 3223; x_wconf 89' lang='lat' dir='ltr'><strong>merito</strong></span> <span class='ocrx_word' id='word_1_568' title='bbox 3091 3166 3405 3223; x_wconf 88' lang='lat' dir='ltr'><strong>invenimus</strong></span> <span class='ocrx_word' id='word_1_569' title='bbox 3446 3175 3552 3223; x_wconf 78' lang='lat' dir='ltr'><strong>tros</strong></span> <span class='ocrx_word' id='word_1_570' title='bbox 3582 3165 3703 3221; x_wconf 89' lang='lat' dir='ltr'><strong>istos</strong></span> 
     </span>
    </p>
   </div>
   <div class='ocr_carea' id='block_1_74' title="bbox 2148 3254 3703 3328">
    <p class='ocr_par' dir='ltr' id='par_1_74' title="bbox 2148 3254 3703 3328">
     <span class='ocr_line' id='line_1_74' title="bbox 2148 3254 3703 3328; baseline -0.003 -14"><span class='ocrx_word' id='word_1_571' title='bbox 2148 3257 2336 3314; x_wconf 88' lang='lat' dir='ltr'><strong>beatos</strong></span> <span class='ocrx_word' id='word_1_572' title='bbox 2362 3257 2506 3313; x_wconf 89' lang='lat' dir='ltr'><strong>viros</strong></span> <span class='ocrx_word' id='word_1_573' title='bbox 2531 3256 2725 3313; x_wconf 91' lang='lat' dir='ltr'><strong>altaria</strong></span> <span class='ocrx_word' id='word_1_574' title='bbox 2755 3257 2940 3313; x_wconf 76' lang='lat' dir='ltr'><strong>fixisse</strong></span> <span class='ocrx_word' id='word_1_575' title='bbox 2972 3255 3103 3325; x_wconf 91' lang='lat' dir='ltr'><strong>Deo,</strong></span> <span class='ocrx_word' id='word_1_576' title='bbox 3124 3257 3227 3314; x_wconf 92' lang='lat' dir='ltr'><strong>hoe</strong></span> <span class='ocrx_word' id='word_1_577' title='bbox 3255 3266 3343 3313; x_wconf 91' lang='lat' dir='ltr'><strong>est</strong></span> <span class='ocrx_word' id='word_1_578' title='bbox 3364 3254 3703 3328; x_wconf 70' lang='lat' dir='ltr'><strong>philosophia:</strong></span> 
     </span>
    </p>
   </div>
   <div class='ocr_carea' id='block_1_75' title="bbox 2146 3348 3705 3422">
    <p class='ocr_par' dir='ltr' id='par_1_75' title="bbox 2146 3348 3705 3422">
     <span class='ocr_line' id='line_1_75' title="bbox 2146 3348 3705 3422; baseline -0.001 -17"><span class='ocrx_word' id='word_1_579' title='bbox 2146 3365 2260 3406; x_wconf 67' lang='lat' dir='ltr'><strong>suae</strong></span> <span class='ocrx_word' id='word_1_580' title='bbox 2288 3364 2643 3407; x_wconf 87' lang='lat' dir='ltr'><strong>consecrasse</strong></span> <span class='ocrx_word' id='word_1_581' title='bbox 2693 3348 2993 3421; x_wconf 90' lang='lat' dir='ltr'><strong>profectus,</strong></span> <span class='ocrx_word' id='word_1_582' title='bbox 3021 3352 3167 3422; x_wconf 89' lang='lat' dir='ltr'><strong>quod</strong></span> <span class='ocrx_word' id='word_1_583' title='bbox 3197 3352 3408 3409; x_wconf 89' lang='lat' dir='ltr'><strong>scilicet</strong></span> <span class='ocrx_word' id='word_1_584' title='bbox 3435 3352 3705 3409; x_wconf 88' lang='lat' dir='ltr'><strong>edocerent</strong></span> 
     </span>
    </p>
   </div>
   <div class='ocr_carea' id='block_1_76' title="bbox 2097 3442 3703 3518">
    <p class='ocr_par' dir='ltr' id='par_1_76' title="bbox 2097 3442 3703 3518">
     <span class='ocr_line' id='line_1_76' title="bbox 2097 3442 3703 3518; baseline 0.001 -21"><span class='ocrx_word' id='word_1_585' title='bbox 2097 3468 2104 3474; x_wconf 93' lang='lat'><em>-</em></span> <span class='ocrx_word' id='word_1_586' title='bbox 2146 3457 2257 3498; x_wconf 80' lang='lat' dir='ltr'><strong>non</strong></span> <span class='ocrx_word' id='word_1_587' title='bbox 2296 3444 2413 3498; x_wconf 60' lang='lat' dir='ltr'><strong>haec</strong></span> <span class='ocrx_word' id='word_1_588' title='bbox 2447 3442 2513 3498; x_wconf 91' lang='lat' dir='ltr'><strong>ad</strong></span> <span class='ocrx_word' id='word_1_589' title='bbox 2558 3453 2702 3497; x_wconf 87' lang='lat' dir='ltr'><strong>artes</strong></span> <span class='ocrx_word' id='word_1_590' title='bbox 2752 3442 3054 3511; x_wconf 90' lang='lat' dir='ltr'><strong>humanas,</strong></span> <span class='ocrx_word' id='word_1_591' title='bbox 3108 3445 3203 3500; x_wconf 91' lang='lat' dir='ltr'><strong>sed</strong></span> <span class='ocrx_word' id='word_1_592' title='bbox 3245 3444 3315 3500; x_wconf 90' lang='lat' dir='ltr'><strong>ad</strong></span> <span class='ocrx_word' id='word_1_593' title='bbox 3363 3445 3453 3502; x_wconf 89' lang='lat' dir='ltr'><strong>Dei</strong></span> <span class='ocrx_word' id='word_1_594' title='bbox 3488 3445 3703 3518; x_wconf 81' lang='lat' dir='ltr'><strong>gratiam</strong></span> 
     </span>
    </p>
   </div>
   <div class='ocr_carea' id='block_1_77' title="bbox 2144 3534 3703 3611">
    <p class='ocr_par' dir='ltr' id='par_1_77' title="bbox 2144 3534 3703 3611">
     <span class='ocr_line' id='line_1_77' title="bbox 2144 3534 3703 3611; baseline -0.001 -20"><span class='ocrx_word' id='word_1_595' title='bbox 2144 3534 2449 3592; x_wconf 87' lang='lat' dir='ltr'><strong>referenda.</strong></span> <span class='ocrx_word' id='word_1_596' title='bbox 2504 3534 2611 3591; x_wconf 84' lang='lat' dir='ltr'><strong>Sed</strong></span> <span class='ocrx_word' id='word_1_597' title='bbox 2643 3544 2697 3591; x_wconf 92' lang='lat' dir='ltr'><strong>et</strong></span> <span class='ocrx_word' id='word_1_598' title='bbox 2728 3535 2783 3589; x_wconf 94' lang='lat' dir='ltr'><strong>in</strong></span> <span class='ocrx_word' id='word_1_599' title='bbox 2819 3536 3187 3593; x_wconf 87' lang='lat' dir='ltr'><strong>tabernaculis</strong></span> <span class='ocrx_word' id='word_1_600' title='bbox 3229 3538 3469 3611; x_wconf 89' lang='lat' dir='ltr'><strong>degunt,</strong></span> <span class='ocrx_word' id='word_1_601' title='bbox 3522 3548 3577 3593; x_wconf 92' lang='lat' dir='ltr'><strong>ut</strong></span> <span class='ocrx_word' id='word_1_602' title='bbox 3621 3551 3703 3607; x_wconf 88' lang='lat' dir='ltr'><strong>per</strong></span> 
     </span>
    </p>
   </div>
   <div class='ocr_carea' id='block_1_78' title="bbox 2145 3626 3702 3697">
    <p class='ocr_par' dir='ltr' id='par_1_78' title="bbox 2145 3626 3702 3697">
     <span class='ocr_line' id='line_1_78' title="bbox 2145 3626 3702 3697; baseline -0.001 -15"><span class='ocrx_word' id='word_1_603' title='bbox 2145 3626 2261 3682; x_wconf 60' lang='lat' dir='ltr'><strong>hac</strong></span> <span class='ocrx_word' id='word_1_604' title='bbox 2292 3626 2601 3693; x_wconf 85' lang='lat' dir='ltr'><strong>ostendant,</strong></span> <span class='ocrx_word' id='word_1_605' title='bbox 2634 3642 2810 3697; x_wconf 82' lang='lat' dir='ltr'><strong>neque</strong></span> <span class='ocrx_word' id='word_1_606' title='bbox 2839 3627 2893 3681; x_wconf 89' lang='lat' dir='ltr'><strong>in</strong></span> <span class='ocrx_word' id='word_1_607' title='bbox 2925 3628 3086 3684; x_wconf 90' lang='lat' dir='ltr'><strong>terris</strong></span> <span class='ocrx_word' id='word_1_608' title='bbox 3115 3628 3432 3685; x_wconf 88' lang='lat' dir='ltr'><strong>habendum</strong></span> <span class='ocrx_word' id='word_1_609' title='bbox 3471 3642 3588 3686; x_wconf 87' lang='lat' dir='ltr'><strong>esse</strong></span> <span class='ocrx_word' id='word_1_610' title='bbox 3614 3627 3702 3683; x_wconf 85' lang='lat' dir='ltr'><strong>ali-</strong></span> 
     </span>
    </p>
   </div>
   <div class='ocr_carea' id='block_1_79' title="bbox 2143 3717 3701 3793">
    <p class='ocr_par' dir='ltr' id='par_1_79' title="bbox 2143 3717 3701 3793">
     <span class='ocr_line' id='line_1_79' title="bbox 2143 3717 3701 3793; baseline 0 -21"><span class='ocrx_word' id='word_1_611' title='bbox 2143 3717 2270 3788; x_wconf 90' lang='lat' dir='ltr'><strong>quid</strong></span> <span class='ocrx_word' id='word_1_612' title='bbox 2303 3719 2581 3788; x_wconf 91' lang='lat' dir='ltr'><strong>proprium</strong></span> <span class='ocrx_word' id='word_1_613' title='bbox 2614 3717 2743 3773; x_wconf 89' lang='lat' dir='ltr'><strong>huic</strong></span> <span class='ocrx_word' id='word_1_614' title='bbox 2768 3718 2863 3788; x_wconf 89' lang='lat' dir='ltr'><strong>qui</strong></span> <span class='ocrx_word' id='word_1_615' title='bbox 2888 3717 3088 3776; x_wconf 82' lang='lat' dir='ltr'><strong>divinae</strong></span> <span class='ocrx_word' id='word_1_616' title='bbox 3121 3721 3483 3793; x_wconf 67' lang='lat' dir='ltr'><strong>philosophiae</strong></span> <span class='ocrx_word' id='word_1_617' title='bbox 3515 3720 3701 3784; x_wconf 89' lang='lat' dir='ltr'><strong>studet,</strong></span> 
     </span>
    </p>
   </div>
   <div class='ocr_carea' id='block_1_80' title="bbox 2144 3808 3703 3881">
    <p class='ocr_par' dir='ltr' id='par_1_80' title="bbox 2144 3808 3703 3881">
     <span class='ocr_line' id='line_1_80' title="bbox 2144 3808 3703 3881; baseline 0.001 -19"><span class='ocrx_word' id='word_1_618' title='bbox 2144 3808 2237 3862; x_wconf 91' lang='lat' dir='ltr'><strong>sed</strong></span> <span class='ocrx_word' id='word_1_619' title='bbox 2267 3824 2481 3879; x_wconf 86' lang='lat' dir='ltr'><strong>semper</strong></span> <span class='ocrx_word' id='word_1_620' title='bbox 2510 3814 2965 3881; x_wconf 87' lang='lat' dir='ltr'><strong>promovendum,</strong></span> <span class='ocrx_word' id='word_1_621' title='bbox 2997 3828 3105 3868; x_wconf 92' lang='lat' dir='ltr'><strong>non</strong></span> <span class='ocrx_word' id='word_1_622' title='bbox 3138 3822 3248 3868; x_wconf 90' lang='lat' dir='ltr'><strong>tam</strong></span> <span class='ocrx_word' id='word_1_623' title='bbox 3287 3813 3357 3869; x_wconf 91' lang='lat' dir='ltr'><strong>de</strong></span> <span class='ocrx_word' id='word_1_624' title='bbox 3390 3813 3509 3869; x_wconf 84' lang='lat' dir='ltr'><strong>loco</strong></span> <span class='ocrx_word' id='word_1_625' title='bbox 3541 3812 3604 3866; x_wconf 90' lang='lat' dir='ltr'><strong>ad</strong></span> <span class='ocrx_word' id='word_1_626' title='bbox 3633 3809 3703 3864; x_wconf 85' lang='lat' dir='ltr'><strong>lo-</strong></span> 
     </span>
    </p>
   </div>
   <div class='ocr_carea' id='block_1_81' title="bbox 2144 3902 3701 3977">
    <p class='ocr_par' dir='ltr' id='par_1_81' title="bbox 2144 3902 3701 3977">
     <span class='ocr_line' id='line_1_81' title="bbox 2144 3902 3701 3977; baseline -0.008 -10"><span class='ocrx_word' id='word_1_627' title='bbox 2144 3915 2299 3966; x_wconf 68' lang='lat' dir='ltr'><strong>cum,</strong></span> <span class='ocrx_word' id='word_1_628' title='bbox 2351 3917 2515 3972; x_wconf 86' lang='lat' dir='ltr'><strong>quam</strong></span> <span class='ocrx_word' id='word_1_629' title='bbox 2567 3904 2634 3960; x_wconf 90' lang='lat' dir='ltr'><strong>de</strong></span> <span class='ocrx_word' id='word_1_630' title='bbox 2678 3905 2905 3961; x_wconf 91' lang='lat' dir='ltr'><strong>scientia</strong></span> <span class='ocrx_word' id='word_1_631' title='bbox 2942 3905 3273 3977; x_wconf 86' lang='lat' dir='ltr'><strong>inferiorum</strong></span> <span class='ocrx_word' id='word_1_632' title='bbox 3321 3906 3389 3963; x_wconf 90' lang='lat' dir='ltr'><strong>ad</strong></span> <span class='ocrx_word' id='word_1_633' title='bbox 3434 3902 3701 3961; x_wconf 85' lang='lat' dir='ltr'><strong>scientiam</strong></span> 
     </span>
    </p>
   </div>
   <div class='ocr_carea' id='block_1_82' title="bbox 2143 3990 3702 4067">
    <p class='ocr_par' dir='ltr' id='par_1_82' title="bbox 2143 3990 3702 4067">
     <span class='ocr_line' id='line_1_82' title="bbox 2143 3990 3702 4067; baseline 0.001 -20"><span class='ocrx_word' id='word_1_634' title='bbox 2143 3990 2533 4063; x_wconf 78' lang='lat' dir='ltr'><strong>perfectorum.</strong></span> <span class='ocrx_word' id='word_1_635' title='bbox 2558 3994 2663 4052; x_wconf 91' lang='lat' dir='ltr'><strong>Sed</strong></span> <span class='ocrx_word' id='word_1_636' title='bbox 2696 4005 2749 4052; x_wconf 93' lang='lat' dir='ltr'><strong>et</strong></span> <span class='ocrx_word' id='word_1_637' title='bbox 2785 3996 2889 4052; x_wconf 90' lang='lat' dir='ltr'><strong>alia</strong></span> <span class='ocrx_word' id='word_1_638' title='bbox 2916 3997 3086 4053; x_wconf 91' lang='lat' dir='ltr'><strong>multa</strong></span> <span class='ocrx_word' id='word_1_639' title='bbox 3107 3997 3162 4052; x_wconf 93' lang='lat' dir='ltr'><strong>in</strong></span> <span class='ocrx_word' id='word_1_640' title='bbox 3191 3996 3493 4067; x_wconf 87' lang='lat' dir='ltr'><strong>Scripturis</strong></span> <span class='ocrx_word' id='word_1_641' title='bbox 3518 3993 3702 4050; x_wconf 90' lang='lat' dir='ltr'><strong>divinis</strong></span> 
     </span>
    </p>
   </div>
   <div class='ocr_carea' id='block_1_83' title="bbox 2144 4083 3704 4159">
    <p class='ocr_par' dir='ltr' id='par_1_83' title="bbox 2144 4083 3704 4159">
     <span class='ocr_line' id='line_1_83' title="bbox 2144 4083 3704 4159; baseline 0.002 -22"><span class='ocrx_word' id='word_1_642' title='bbox 2144 4083 2388 4141; x_wconf 80' lang='lat' dir='ltr'><strong>invenies</strong></span> <span class='ocrx_word' id='word_1_643' title='bbox 2418 4101 2540 4157; x_wconf 60' lang='lat' dir='ltr'><strong>quae</strong></span> <span class='ocrx_word' id='word_1_644' title='bbox 2566 4086 2815 4143; x_wconf 90' lang='lat' dir='ltr'><strong>ordinem</strong></span> <span class='ocrx_word' id='word_1_645' title='bbox 2848 4087 2997 4145; x_wconf 90' lang='lat' dir='ltr'><strong>hunc</strong></span> <span class='ocrx_word' id='word_1_646' title='bbox 3026 4104 3188 4159; x_wconf 89' lang='lat' dir='ltr'><strong>quem</strong></span> <span class='ocrx_word' id='word_1_647' title='bbox 3226 4089 3281 4143; x_wconf 92' lang='lat' dir='ltr'><strong>in</strong></span> <span class='ocrx_word' id='word_1_648' title='bbox 3337 4090 3534 4145; x_wconf 86' lang='lat' dir='ltr'><strong>libellis</strong></span> <span class='ocrx_word' id='word_1_649' title='bbox 3562 4087 3704 4143; x_wconf 85' lang='lat' dir='ltr'><strong>Salo-</strong></span> 
     </span>
    </p>
   </div>
   <div class='ocr_carea' id='block_1_84' title="bbox 2143 4176 3702 4247">
    <p class='ocr_par' dir='ltr' id='par_1_84' title="bbox 2143 4176 3702 4247">
     <span class='ocr_line' id='line_1_84' title="bbox 2143 4176 3702 4247; baseline -0.002 -16"><span class='ocrx_word' id='word_1_650' title='bbox 2143 4177 2322 4232; x_wconf 91' lang='lat' dir='ltr'><strong>monis</strong></span> <span class='ocrx_word' id='word_1_651' title='bbox 2355 4178 2619 4233; x_wconf 89' lang='lat' dir='ltr'><strong>contineri</strong></span> <span class='ocrx_word' id='word_1_652' title='bbox 2649 4179 2924 4247; x_wconf 80' lang='lat' dir='ltr'><strong>diximus,</strong></span> <span class='ocrx_word' id='word_1_653' title='bbox 2959 4180 3257 4236; x_wconf 89' lang='lat' dir='ltr'><strong>secundum</strong></span> <span class='ocrx_word' id='word_1_654' title='bbox 3294 4179 3442 4234; x_wconf 90' lang='lat' dir='ltr'><strong>hanc</strong></span> <span class='ocrx_word' id='word_1_655' title='bbox 3470 4176 3702 4235; x_wconf 89' lang='lat' dir='ltr'><strong>eamdem</strong></span> 
     </span>
    </p>
   </div>
   <div class='ocr_carea' id='block_1_85' title="bbox 2144 4269 3702 4344">
    <p class='ocr_par' dir='ltr' id='par_1_85' title="bbox 2144 4269 3702 4344">
     <span class='ocr_line' id='line_1_85' title="bbox 2144 4269 3702 4344; baseline 0.003 -20"><span class='ocrx_word' id='word_1_656' title='bbox 2144 4271 2374 4326; x_wconf 77' lang='lat' dir='ltr'><strong>formam</strong></span> <span class='ocrx_word' id='word_1_657' title='bbox 2425 4272 2713 4342; x_wconf 85' lang='lat' dir='ltr'><strong>designant</strong></span> <span class='ocrx_word' id='word_1_658' title='bbox 2756 4291 2770 4327; x_wconf 92' lang='lat'><strong>:</strong></span> <span class='ocrx_word' id='word_1_659' title='bbox 2817 4275 2909 4329; x_wconf 91' lang='lat' dir='ltr'><strong>sed</strong></span> <span class='ocrx_word' id='word_1_660' title='bbox 2948 4289 3012 4329; x_wconf 88' lang='lat' dir='ltr'><strong>ea</strong></span> <span class='ocrx_word' id='word_1_661' title='bbox 3061 4290 3209 4329; x_wconf 90' lang='lat' dir='ltr'><strong>nunc</strong></span> <span class='ocrx_word' id='word_1_662' title='bbox 3252 4274 3417 4330; x_wconf 91' lang='lat' dir='ltr'><strong>nobis</strong></span> <span class='ocrx_word' id='word_1_663' title='bbox 3461 4269 3702 4344; x_wconf 87' lang='lat' dir='ltr'><strong>prosequi</strong></span> 
     </span>
    </p>
   </div>
   <div class='ocr_carea' id='block_1_86' title="bbox 2143 4359 3705 4436">
    <p class='ocr_par' dir='ltr' id='par_1_86' title="bbox 2143 4359 3705 4436">
     <span class='ocr_line' id='line_1_86' title="bbox 2143 4359 3705 4436; baseline -0.002 -20"><span class='ocrx_word' id='word_1_664' title='bbox 2143 4362 2291 4417; x_wconf 84' lang='lat' dir='ltr'><strong>aliud</strong></span> <span class='ocrx_word' id='word_1_665' title='bbox 2324 4362 2379 4415; x_wconf 92' lang='lat' dir='ltr'><strong>in</strong></span> <span class='ocrx_word' id='word_1_666' title='bbox 2413 4362 2668 4418; x_wconf 89' lang='lat' dir='ltr'><strong>manibus</strong></span> <span class='ocrx_word' id='word_1_667' title='bbox 2712 4362 3040 4420; x_wconf 88' lang='lat' dir='ltr'><strong>habentibus</strong></span> <span class='ocrx_word' id='word_1_668' title='bbox 3084 4364 3305 4436; x_wconf 87' lang='lat' dir='ltr'><strong>longum</strong></span> <span class='ocrx_word' id='word_1_669' title='bbox 3339 4375 3448 4421; x_wconf 89' lang='lat' dir='ltr'><strong>est.</strong></span> <span class='ocrx_word' id='word_1_670' title='bbox 3495 4361 3551 4418; x_wconf 89' lang='lat' dir='ltr'><strong>Si</strong></span> <span class='ocrx_word' id='word_1_671' title='bbox 3591 4359 3705 4432; x_wconf 87' lang='lat' dir='ltr'><strong>quis</strong></span> 
     </span>
    </p>
   </div>
   <div class='ocr_carea' id='block_1_87' title="bbox 2140 4454 3704 4525">
    <p class='ocr_par' dir='ltr' id='par_1_87' title="bbox 2140 4454 3704 4525">
     <span class='ocr_line' id='line_1_87' title="bbox 2140 4454 3704 4525; baseline 0.001 -17"><span class='ocrx_word' id='word_1_672' title='bbox 2140 4468 2270 4525; x_wconf 90' lang='lat' dir='ltr'><strong>ergo</strong></span> <span class='ocrx_word' id='word_1_673' title='bbox 2299 4454 2536 4523; x_wconf 91' lang='lat' dir='ltr'><strong>primum</strong></span> <span class='ocrx_word' id='word_1_674' title='bbox 2575 4454 2755 4510; x_wconf 89' lang='lat' dir='ltr'><strong>locum</strong></span> <span class='ocrx_word' id='word_1_675' title='bbox 2789 4455 2843 4510; x_wconf 92' lang='lat' dir='ltr'><strong>in</strong></span> <span class='ocrx_word' id='word_1_676' title='bbox 2888 4457 3245 4512; x_wconf 90' lang='lat' dir='ltr'><strong>emendandis</strong></span> <span class='ocrx_word' id='word_1_677' title='bbox 3276 4458 3527 4514; x_wconf 88' lang='lat' dir='ltr'><strong>moribus</strong></span> <span class='ocrx_word' id='word_1_678' title='bbox 3560 4470 3704 4510; x_wconf 88' lang='lat' dir='ltr'><strong>man-</strong></span> 
     </span>
    </p>
   </div>
   <div class='ocr_carea' id='block_1_88' title="bbox 459 4541 3704 4623">
    <p class='ocr_par' dir='ltr' id='par_1_88' title="bbox 459 4541 3704 4623">
     <span class='ocr_line' id='line_1_88' title="bbox 459 4541 3704 4623; baseline 0.002 -26"><span class='ocrx_word' id='word_1_679' title='bbox 459 4555 720 4611; x_wconf 90' lang='lat' dir='ltr'><strong>corporea</strong></span> <span class='ocrx_word' id='word_1_680' title='bbox 764 4541 989 4597; x_wconf 82' lang='lat' dir='ltr'><strong>caduca</strong></span> <span class='ocrx_word' id='word_1_681' title='bbox 1013 4557 1133 4598; x_wconf 87' lang='lat' dir='ltr'><strong>esse</strong></span> <span class='ocrx_word' id='word_1_682' title='bbox 1175 4551 1227 4597; x_wconf 90' lang='lat' dir='ltr'><strong>et</strong></span> <span class='ocrx_word' id='word_1_683' title='bbox 1274 4541 1506 4615; x_wconf 81' lang='lat' dir='ltr'><strong>fragilia,</strong></span> <span class='ocrx_word' id='word_1_684' title='bbox 1535 4559 1656 4613; x_wconf 75' lang='lat' dir='ltr'><strong>qua:</strong></span> <span class='ocrx_word' id='word_1_685' title='bbox 1690 4546 1879 4616; x_wconf 91' lang='lat' dir='ltr'><strong>utique</strong></span> <span class='ocrx_word' id='word_1_686' title='bbox 1906 4562 2030 4603; x_wconf 90' lang='lat' dir='ltr'><strong>cum</strong></span> <span class='ocrx_word' id='word_1_687' title='bbox 2067 4565 2111 4619; x_wconf 75' lang='grc' dir='ltr'>ι)</span> <span class='ocrx_word' id='word_1_688' title='bbox 2143 4546 2393 4615; x_wconf 90' lang='lat' dir='ltr'><strong>datisque</strong></span> <span class='ocrx_word' id='word_1_689' title='bbox 2439 4547 2757 4615; x_wconf 89' lang='lat' dir='ltr'><strong>servandis,</strong></span> <span class='ocrx_word' id='word_1_690' title='bbox 2797 4549 2890 4619; x_wconf 93' lang='lat' dir='ltr'><strong>qui</strong></span> <span class='ocrx_word' id='word_1_691' title='bbox 2937 4563 3034 4619; x_wconf 89' lang='lat' dir='ltr'><strong>per</strong></span> <span class='ocrx_word' id='word_1_692' title='bbox 3073 4550 3356 4619; x_wconf 89' lang='lat' dir='ltr'><strong>proverbia</strong></span> <span class='ocrx_word' id='word_1_693' title='bbox 3403 4551 3704 4623; x_wconf 76' lang='lat' dir='ltr'><strong>designatur</strong></span> 
     </span>
    </p>
   </div>
   <div class='ocr_carea' id='block_1_89' title="bbox 459 4632 2035 4706">
    <p class='ocr_par' dir='ltr' id='par_1_89' title="bbox 459 4632 2035 4706">
     <span class='ocr_line' id='line_1_89' title="bbox 459 4632 2035 4706; baseline 0.006 -18"><span class='ocrx_word' id='word_1_694' title='bbox 459 4632 533 4688; x_wconf 90' lang='lat' dir='ltr'><strong>ita</strong></span> <span class='ocrx_word' id='word_1_695' title='bbox 565 4646 688 4688; x_wconf 89' lang='lat' dir='ltr'><strong>esse</strong></span> <span class='ocrx_word' id='word_1_696' title='bbox 715 4632 1127 4702; x_wconf 86' lang='lat' dir='ltr'><strong>deprehenderit</strong></span> <span class='ocrx_word' id='word_1_697' title='bbox 1156 4634 1202 4690; x_wconf 91' lang='lat' dir='ltr'><strong>is</strong></span> <span class='ocrx_word' id='word_1_698' title='bbox 1230 4635 1324 4706; x_wconf 91' lang='lat' dir='ltr'><strong>qui</strong></span> <span class='ocrx_word' id='word_1_699' title='bbox 1358 4636 1636 4706; x_wconf 69' lang='lat' dir='ltr'><strong>sapientia:</strong></span> <span class='ocrx_word' id='word_1_700' title='bbox 1678 4640 1879 4705; x_wconf 89' lang='lat' dir='ltr'><strong>studet,</strong></span> <span class='ocrx_word' id='word_1_701' title='bbox 1914 4640 2035 4697; x_wconf 91' lang='lat' dir='ltr'><strong>sine</strong></span> 
     </span>
    </p>
   </div>
   <div class='ocr_carea' id='block_1_90' title="bbox 459 4723 2032 4797">
    <p class='ocr_par' dir='ltr' id='par_1_90' title="bbox 459 4723 2032 4797">
     <span class='ocr_line' id='line_1_90' title="bbox 459 4723 2032 4797; baseline 0.005 -17"><span class='ocrx_word' id='word_1_702' title='bbox 459 4723 627 4781; x_wconf 88' lang='lat' dir='ltr'><strong>dubio</strong></span> <span class='ocrx_word' id='word_1_703' title='bbox 659 4733 971 4781; x_wconf 88' lang='lat' dir='ltr'><strong>contemnet</strong></span> <span class='ocrx_word' id='word_1_704' title='bbox 1003 4739 1065 4781; x_wconf 91' lang='lat' dir='ltr'><strong>ea</strong></span> <span class='ocrx_word' id='word_1_705' title='bbox 1090 4740 1152 4782; x_wconf 91' lang='lat' dir='ltr'><strong>ac</strong></span> <span class='ocrx_word' id='word_1_706' title='bbox 1182 4726 1459 4797; x_wconf 78' lang='lat' dir='ltr'><strong>despiciet,</strong></span> <span class='ocrx_word' id='word_1_707' title='bbox 1484 4735 1538 4784; x_wconf 90' lang='lat' dir='ltr'><strong>et</strong></span> <span class='ocrx_word' id='word_1_708' title='bbox 1567 4728 1841 4795; x_wconf 86' lang='lat' dir='ltr'><strong>universo,</strong></span> <span class='ocrx_word' id='word_1_709' title='bbox 1876 4740 1933 4786; x_wconf 91' lang='lat' dir='ltr'><strong>ut</strong></span> <span class='ocrx_word' id='word_1_710' title='bbox 1960 4732 2032 4788; x_wconf 89' lang='lat' dir='ltr'><strong>ita</strong></span> 
     </span>
    </p>
   </div>
   <div class='ocr_carea' id='block_1_91' title="bbox 458 4818 2033 4886">
    <p class='ocr_par' dir='ltr' id='par_1_91' title="bbox 458 4818 2033 4886">
     <span class='ocr_line' id='line_1_91' title="bbox 458 4818 2033 4886; baseline 0.006 -13"><span class='ocrx_word' id='word_1_711' title='bbox 458 4818 657 4886; x_wconf 89' lang='lat' dir='ltr'><strong>dicam,</strong></span> <span class='ocrx_word' id='word_1_712' title='bbox 688 4818 888 4875; x_wconf 78' lang='lat' dir='ltr'><strong>saeculo</strong></span> <span class='ocrx_word' id='word_1_713' title='bbox 925 4820 1246 4876; x_wconf 89' lang='lat' dir='ltr'><strong>renuntians</strong></span> <span class='ocrx_word' id='word_1_714' title='bbox 1292 4820 1471 4877; x_wconf 87' lang='lat' dir='ltr'><strong>tendet</strong></span> <span class='ocrx_word' id='word_1_715' title='bbox 1523 4821 1592 4877; x_wconf 89' lang='lat' dir='ltr'><strong>ad</strong></span> <span class='ocrx_word' id='word_1_716' title='bbox 1642 4821 1934 4880; x_wconf 89' lang='lat' dir='ltr'><strong>invisibilia</strong></span> <span class='ocrx_word' id='word_1_717' title='bbox 1978 4836 2033 4882; x_wconf 89' lang='lat' dir='ltr'><strong>et</strong></span> 
     </span>
    </p>
   </div>
   <div class='ocr_carea' id='block_1_92' title="bbox 459 4908 2031 4981">
    <p class='ocr_par' dir='ltr' id='par_1_92' title="bbox 459 4908 2031 4981">
     <span class='ocr_line' id='line_1_92' title="bbox 459 4908 2031 4981; baseline 0.006 -18"><span class='ocrx_word' id='word_1_718' title='bbox 459 4917 683 4974; x_wconf 68' lang='lat' dir='ltr'><strong>aeterna,</strong></span> <span class='ocrx_word' id='word_1_719' title='bbox 722 4922 844 4980; x_wconf 74' lang='lat' dir='ltr'><strong>qua:</strong></span> <span class='ocrx_word' id='word_1_720' title='bbox 877 4908 1214 4979; x_wconf 89' lang='lat' dir='ltr'><strong>spiritalibus</strong></span> <span class='ocrx_word' id='word_1_721' title='bbox 1254 4910 1473 4981; x_wconf 88' lang='lat' dir='ltr'><strong>quidem</strong></span> <span class='ocrx_word' id='word_1_722' title='bbox 1505 4912 1779 4980; x_wconf 88' lang='lat' dir='ltr'><strong>sensibus,</strong></span> <span class='ocrx_word' id='word_1_723' title='bbox 1812 4915 1906 4970; x_wconf 87' lang='lat' dir='ltr'><strong>sed</strong></span> <span class='ocrx_word' id='word_1_724' title='bbox 1934 4917 2031 4972; x_wconf 91' lang='lat' dir='ltr'><strong>ad-</strong></span> 
     </span>
    </p>
   </div>
   <div class='ocr_carea' id='block_1_93' title="bbox 460 4999 2031 5073">
    <p class='ocr_par' dir='ltr' id='par_1_93' title="bbox 460 4999 2031 5073">
     <span class='ocr_line' id='line_1_93' title="bbox 460 4999 2031 5073; baseline 0.004 -18"><span class='ocrx_word' id='word_1_725' title='bbox 460 5000 663 5072; x_wconf 88' lang='lat' dir='ltr'><strong>opertis</strong></span> <span class='ocrx_word' id='word_1_726' title='bbox 686 5014 935 5058; x_wconf 90' lang='lat' dir='ltr'><strong>amorum</strong></span> <span class='ocrx_word' id='word_1_727' title='bbox 959 4999 1287 5070; x_wconf 88' lang='lat' dir='ltr'><strong>quibusdam</strong></span> <span class='ocrx_word' id='word_1_728' title='bbox 1310 5001 1498 5073; x_wconf 77' lang='lat' dir='ltr'><strong>figuris</strong></span> <span class='ocrx_word' id='word_1_729' title='bbox 1519 5002 1785 5058; x_wconf 89' lang='lat' dir='ltr'><strong>docentur</strong></span> <span class='ocrx_word' id='word_1_730' title='bbox 1808 5004 1864 5060; x_wconf 90' lang='lat' dir='ltr'><strong>in</strong></span> <span class='ocrx_word' id='word_1_731' title='bbox 1884 5002 2031 5062; x_wconf 89' lang='lat' dir='ltr'><strong>Can-</strong></span> 
     </span>
    </p>
   </div>
   <div class='ocr_carea' id='block_1_94' title="bbox 456 5094 2027 5168">
    <p class='ocr_par' dir='ltr' id='par_1_94' title="bbox 456 5094 2027 5168">
     <span class='ocr_line' id='line_1_94' title="bbox 456 5094 2027 5168; baseline 0.004 -19"><span class='ocrx_word' id='word_1_732' title='bbox 456 5095 567 5151; x_wconf 84' lang='lat' dir='ltr'><strong>tico</strong></span> <span class='ocrx_word' id='word_1_733' title='bbox 595 5095 930 5151; x_wconf 81' lang='lat' dir='ltr'><strong>canticorum</strong></span> <span class='ocrx_word' id='word_1_734' title='bbox 963 5094 1097 5168; x_wconf 84' lang='lat' dir='ltr'><strong>(l8).</strong></span> <span class='ocrx_word' id='word_1_735' title='bbox 1137 5094 1260 5151; x_wconf 90' lang='lat' dir='ltr'><strong>ldeo</strong></span> <span class='ocrx_word' id='word_1_736' title='bbox 1289 5096 1433 5152; x_wconf 90' lang='lat' dir='ltr'><strong>enim</strong></span> <span class='ocrx_word' id='word_1_737' title='bbox 1465 5097 1823 5153; x_wconf 89' lang='lat' dir='ltr'><strong>novissimum</strong></span> <span class='ocrx_word' id='word_1_738' title='bbox 1847 5099 2027 5156; x_wconf 90' lang='lat' dir='ltr'><strong>locum</strong></span> 
     </span>
    </p>
   </div>
   <div class='ocr_carea' id='block_1_95' title="bbox 456 5183 2032 5255">
    <p class='ocr_par' dir='ltr' id='par_1_95' title="bbox 456 5183 2032 5255">
     <span class='ocr_line' id='line_1_95' title="bbox 456 5183 2032 5255; baseline 0.004 -17"><span class='ocrx_word' id='word_1_739' title='bbox 456 5191 603 5239; x_wconf 88' lang='lat' dir='ltr'><strong>tenet</strong></span> <span class='ocrx_word' id='word_1_740' title='bbox 652 5183 742 5239; x_wconf 91' lang='lat' dir='ltr'><strong>hic</strong></span> <span class='ocrx_word' id='word_1_741' title='bbox 786 5183 944 5249; x_wconf 90' lang='lat' dir='ltr'><strong>liber,</strong></span> <span class='ocrx_word' id='word_1_742' title='bbox 977 5192 1037 5239; x_wconf 90' lang='lat' dir='ltr'><strong>ut</strong></span> <span class='ocrx_word' id='word_1_743' title='bbox 1084 5192 1216 5240; x_wconf 90' lang='lat' dir='ltr'><strong>tunc</strong></span> <span class='ocrx_word' id='word_1_744' title='bbox 1248 5184 1315 5240; x_wconf 90' lang='lat' dir='ltr'><strong>ad</strong></span> <span class='ocrx_word' id='word_1_745' title='bbox 1345 5199 1471 5241; x_wconf 92' lang='lat' dir='ltr'><strong>eum</strong></span> <span class='ocrx_word' id='word_1_746' title='bbox 1518 5188 1787 5255; x_wconf 86' lang='lat' dir='ltr'><strong>veniatur,</strong></span> <span class='ocrx_word' id='word_1_747' title='bbox 1814 5203 1938 5244; x_wconf 92' lang='lat' dir='ltr'><strong>cum</strong></span> <span class='ocrx_word' id='word_1_748' title='bbox 1976 5198 2032 5246; x_wconf 89' lang='lat' dir='ltr'><strong>et</strong></span> 
     </span>
    </p>
   </div>
   <div class='ocr_carea' id='block_1_96' title="bbox 456 5271 2033 5348">
    <p class='ocr_par' dir='ltr' id='par_1_96' title="bbox 456 5271 2033 5348">
     <span class='ocr_line' id='line_1_96' title="bbox 456 5271 2033 5348; baseline 0.005 -19"><span class='ocrx_word' id='word_1_749' title='bbox 456 5271 703 5330; x_wconf 88' lang='lat' dir='ltr'><strong>moribus</strong></span> <span class='ocrx_word' id='word_1_750' title='bbox 729 5274 853 5345; x_wconf 91' lang='lat' dir='ltr'><strong>quis</strong></span> <span class='ocrx_word' id='word_1_751' title='bbox 879 5273 1043 5331; x_wconf 86' lang='lat' dir='ltr'><strong>fuerit</strong></span> <span class='ocrx_word' id='word_1_752' title='bbox 1070 5274 1366 5332; x_wconf 66' lang='lat' dir='ltr'><strong>defaecatus</strong></span> <span class='ocrx_word' id='word_1_753' title='bbox 1394 5277 1527 5348; x_wconf 82' lang='lat' dir='ltr'><strong>(l9),</strong></span> <span class='ocrx_word' id='word_1_754' title='bbox 1550 5286 1605 5332; x_wconf 90' lang='lat' dir='ltr'><strong>et</strong></span> <span class='ocrx_word' id='word_1_755' title='bbox 1636 5294 1818 5335; x_wconf 87' lang='lat' dir='ltr'><strong>rerum</strong></span> <span class='ocrx_word' id='word_1_756' title='bbox 1846 5295 2033 5337; x_wconf 89' lang='lat' dir='ltr'><strong>corru-</strong></span> 
     </span>
    </p>
   </div>
   <div class='ocr_carea' id='block_1_97' title="bbox 455 5364 2029 5438">
    <p class='ocr_par' dir='ltr' id='par_1_97' title="bbox 455 5364 2029 5438">
     <span class='ocr_line' id='line_1_97' title="bbox 455 5364 2029 5438; baseline 0.007 -19"><span class='ocrx_word' id='word_1_757' title='bbox 455 5364 724 5437; x_wconf 90' lang='lat' dir='ltr'><strong>ptibilium</strong></span> <span class='ocrx_word' id='word_1_758' title='bbox 774 5372 936 5436; x_wconf 89' lang='lat' dir='ltr'><strong>atque</strong></span> <span class='ocrx_word' id='word_1_759' title='bbox 985 5366 1479 5438; x_wconf 91' lang='lat' dir='ltr'><strong>incorruptibilium</strong></span> <span class='ocrx_word' id='word_1_760' title='bbox 1516 5369 1797 5426; x_wconf 90' lang='lat' dir='ltr'><strong>scientiam</strong></span> <span class='ocrx_word' id='word_1_761' title='bbox 1835 5374 2029 5430; x_wconf 90' lang='lat' dir='ltr'><strong>distin-</strong></span> 
     </span>
    </p>
   </div>
   <div class='ocr_carea' id='block_1_98' title="bbox 2144 4638 3705 4712">
    <p class='ocr_par' dir='ltr' id='par_1_98' title="bbox 2144 4638 3705 4712">
     <span class='ocr_line' id='line_1_98' title="bbox 2144 4638 3705 4712; baseline 0.001 -19"><span class='ocrx_word' id='word_1_762' title='bbox 2144 4638 2389 4708; x_wconf 89' lang='lat' dir='ltr'><strong>implevit</strong></span> <span class='ocrx_word' id='word_1_763' title='bbox 2433 4654 2447 4691; x_wconf 91' lang='lat'><strong>:</strong></span> <span class='ocrx_word' id='word_1_764' title='bbox 2500 4648 2625 4709; x_wconf 90' lang='lat' dir='ltr'><strong>post</strong></span> <span class='ocrx_word' id='word_1_765' title='bbox 2675 4640 2794 4696; x_wconf 85' lang='lat' dir='ltr'><strong>haec</strong></span> <span class='ocrx_word' id='word_1_766' title='bbox 2839 4651 3021 4696; x_wconf 89' lang='lat' dir='ltr'><strong>autem</strong></span> <span class='ocrx_word' id='word_1_767' title='bbox 3079 4641 3420 4712; x_wconf 85' lang='lat' dir='ltr'><strong>deprehensa</strong></span> <span class='ocrx_word' id='word_1_768' title='bbox 3480 4642 3705 4697; x_wconf 82' lang='lat' dir='ltr'><strong>vanitate</strong></span> 
     </span>
    </p>
   </div>
   <div class='ocr_carea' id='block_1_99' title="bbox 2143 4729 3702 4805">
    <p class='ocr_par' dir='ltr' id='par_1_99' title="bbox 2143 4729 3702 4805">
     <span class='ocr_line' id='line_1_99' title="bbox 2143 4729 3702 4805; baseline 0.002 -21"><span class='ocrx_word' id='word_1_769' title='bbox 2143 4729 2370 4797; x_wconf 90' lang='lat' dir='ltr'><strong>mundi,</strong></span> <span class='ocrx_word' id='word_1_770' title='bbox 2417 4741 2471 4786; x_wconf 90' lang='lat' dir='ltr'><strong>et</strong></span> <span class='ocrx_word' id='word_1_771' title='bbox 2499 4747 2679 4787; x_wconf 90' lang='lat' dir='ltr'><strong>rerum</strong></span> <span class='ocrx_word' id='word_1_772' title='bbox 2705 4732 3036 4789; x_wconf 86' lang='lat' dir='ltr'><strong>caducarum</strong></span> <span class='ocrx_word' id='word_1_773' title='bbox 3068 4732 3363 4805; x_wconf 80' lang='lat' dir='ltr'><strong>fragilitate</strong></span> <span class='ocrx_word' id='word_1_774' title='bbox 3389 4743 3702 4805; x_wconf 88' lang='lat' dir='ltr'><strong>perspecta,</strong></span> 
     </span>
    </p>
   </div>
   <div class='ocr_carea' id='block_1_100' title="bbox 2140 4823 3704 4897">
    <p class='ocr_par' dir='ltr' id='par_1_100' title="bbox 2140 4823 3704 4897">
     <span class='ocr_line' id='line_1_100' title="bbox 2140 4823 3704 4897; baseline 0 -18"><span class='ocrx_word' id='word_1_775' title='bbox 2140 4823 2289 4879; x_wconf 88' lang='lat' dir='ltr'><strong>venit</strong></span> <span class='ocrx_word' id='word_1_776' title='bbox 2317 4824 2371 4879; x_wconf 92' lang='lat' dir='ltr'><strong>in</strong></span> <span class='ocrx_word' id='word_1_777' title='bbox 2407 4824 2511 4880; x_wconf 90' lang='lat' dir='ltr'><strong>hoe</strong></span> <span class='ocrx_word' id='word_1_778' title='bbox 2538 4836 2597 4880; x_wconf 89' lang='lat' dir='ltr'><strong>ut</strong></span> <span class='ocrx_word' id='word_1_779' title='bbox 2626 4827 2901 4882; x_wconf 89' lang='lat' dir='ltr'><strong>renuntiet</strong></span> <span class='ocrx_word' id='word_1_780' title='bbox 2927 4826 3131 4883; x_wconf 90' lang='lat' dir='ltr'><strong>mundo</strong></span> <span class='ocrx_word' id='word_1_781' title='bbox 3152 4868 3169 4897; x_wconf 95' lang='lat'><strong>,</strong></span> <span class='ocrx_word' id='word_1_782' title='bbox 3215 4836 3271 4883; x_wconf 88' lang='lat' dir='ltr'><strong>et</strong></span> <span class='ocrx_word' id='word_1_783' title='bbox 3308 4828 3566 4884; x_wconf 88' lang='lat' dir='ltr'><strong>omnibus</strong></span> <span class='ocrx_word' id='word_1_784' title='bbox 3589 4838 3704 4897; x_wconf 68' lang='lat' dir='ltr'><strong>quas</strong></span> 
     </span>
    </p>
   </div>
   <div class='ocr_carea' id='block_1_101' title="bbox 2140 4915 3702 4989">
    <p class='ocr_par' dir='ltr' id='par_1_101' title="bbox 2140 4915 3702 4989">
     <span class='ocr_line' id='line_1_101' title="bbox 2140 4915 3702 4989; baseline 0.002 -19"><span class='ocrx_word' id='word_1_785' title='bbox 2140 4915 2195 4971; x_wconf 91' lang='lat' dir='ltr'><strong>in</strong></span> <span class='ocrx_word' id='word_1_786' title='bbox 2248 4918 2454 4973; x_wconf 90' lang='lat' dir='ltr'><strong>mundo</strong></span> <span class='ocrx_word' id='word_1_787' title='bbox 2506 4927 2635 4973; x_wconf 91' lang='lat' dir='ltr'><strong>sunt</strong></span> <span class='ocrx_word' id='word_1_788' title='bbox 2685 4937 2699 4974; x_wconf 89' lang='lat'><strong>:</strong></span> <span class='ocrx_word' id='word_1_789' title='bbox 2750 4931 3151 4989; x_wconf 88' lang='lat' dir='ltr'><strong>consequenter</strong></span> <span class='ocrx_word' id='word_1_790' title='bbox 3198 4920 3382 4977; x_wconf 85' lang='lat' dir='ltr'><strong>veniet</strong></span> <span class='ocrx_word' id='word_1_791' title='bbox 3429 4920 3592 4976; x_wconf 88' lang='lat' dir='ltr'><strong>etiam</strong></span> <span class='ocrx_word' id='word_1_792' title='bbox 3639 4917 3702 4973; x_wconf 78' lang='lat' dir='ltr'><strong>ad</strong></span> 
     </span>
    </p>
   </div>
   <div class='ocr_carea' id='block_1_102' title="bbox 2138 5011 3703 5085">
    <p class='ocr_par' dir='ltr' id='par_1_102' title="bbox 2138 5011 3703 5085">
     <span class='ocr_line' id='line_1_102' title="bbox 2138 5011 3703 5085; baseline 0 -21"><span class='ocrx_word' id='word_1_793' title='bbox 2138 5011 2557 5082; x_wconf 89' lang='lat' dir='ltr'><strong>contemplanda</strong></span> <span class='ocrx_word' id='word_1_794' title='bbox 2587 5021 2641 5068; x_wconf 92' lang='lat' dir='ltr'><strong>et</strong></span> <span class='ocrx_word' id='word_1_795' title='bbox 2668 5013 3027 5069; x_wconf 83' lang='lat' dir='ltr'><strong>desideranda</strong></span> <span class='ocrx_word' id='word_1_796' title='bbox 3056 5028 3119 5069; x_wconf 87' lang='lat' dir='ltr'><strong>ea</strong></span> <span class='ocrx_word' id='word_1_797' title='bbox 3154 5028 3278 5085; x_wconf 68' lang='lat' dir='ltr'><strong>quae</strong></span> <span class='ocrx_word' id='word_1_798' title='bbox 3319 5028 3430 5069; x_wconf 93' lang='lat' dir='ltr'><strong>non</strong></span> <span class='ocrx_word' id='word_1_799' title='bbox 3461 5013 3703 5068; x_wconf 90' lang='lat' dir='ltr'><strong>videntur</strong></span> 
     </span>
    </p>
   </div>
   <div class='ocr_carea' id='block_1_103' title="bbox 2139 5102 3703 5177">
    <p class='ocr_par' dir='ltr' id='par_1_103' title="bbox 2139 5102 3703 5177">
     <span class='ocr_line' id='line_1_103' title="bbox 2139 5102 3703 5177; baseline -0.001 -20"><span class='ocrx_word' id='word_1_800' title='bbox 2139 5110 2193 5157; x_wconf 90' lang='lat' dir='ltr'><strong>et</strong></span> <span class='ocrx_word' id='word_1_801' title='bbox 2224 5110 2424 5158; x_wconf 66' lang='lat' dir='ltr'><strong>aeterna</strong></span> <span class='ocrx_word' id='word_1_802' title='bbox 2460 5114 2608 5160; x_wconf 91' lang='lat' dir='ltr'><strong>sunt.</strong></span> <span class='ocrx_word' id='word_1_803' title='bbox 2640 5106 2721 5161; x_wconf 87' lang='lat' dir='ltr'><strong>Ad</strong></span> <span class='ocrx_word' id='word_1_804' title='bbox 2753 5120 2877 5177; x_wconf 73' lang='lat' dir='ltr'><strong>quae</strong></span> <span class='ocrx_word' id='word_1_805' title='bbox 2907 5114 3087 5162; x_wconf 90' lang='lat' dir='ltr'><strong>tamen</strong></span> <span class='ocrx_word' id='word_1_806' title='bbox 3123 5117 3184 5161; x_wconf 91' lang='lat' dir='ltr'><strong>ut</strong></span> <span class='ocrx_word' id='word_1_807' title='bbox 3215 5107 3503 5177; x_wconf 85' lang='lat' dir='ltr'><strong>pervenire</strong></span> <span class='ocrx_word' id='word_1_808' title='bbox 3536 5102 3703 5175; x_wconf 80' lang='lat' dir='ltr'><strong>possi-</strong></span> 
     </span>
    </p>
   </div>
   <div class='ocr_carea' id='block_1_104' title="bbox 2140 5193 3703 5265">
    <p class='ocr_par' dir='ltr' id='par_1_104' title="bbox 2140 5193 3703 5265">
     <span class='ocr_line' id='line_1_104' title="bbox 2140 5193 3703 5265; baseline 0 -17"><span class='ocrx_word' id='word_1_809' title='bbox 2140 5209 2284 5261; x_wconf 90' lang='lat' dir='ltr'><strong>mus,</strong></span> <span class='ocrx_word' id='word_1_810' title='bbox 2317 5193 2627 5265; x_wconf 84' lang='lat' dir='ltr'><strong>indigemus</strong></span> <span class='ocrx_word' id='word_1_811' title='bbox 2654 5196 2838 5253; x_wconf 91' lang='lat' dir='ltr'><strong>divina</strong></span> <span class='ocrx_word' id='word_1_812' title='bbox 2865 5198 3262 5264; x_wconf 88' lang='lat' dir='ltr'><strong>misericordia,</strong></span> <span class='ocrx_word' id='word_1_813' title='bbox 3293 5198 3339 5254; x_wconf 90' lang='lat' dir='ltr'><strong>si</strong></span> <span class='ocrx_word' id='word_1_814' title='bbox 3368 5197 3509 5255; x_wconf 84' lang='lat' dir='ltr'><strong>forte</strong></span> <span class='ocrx_word' id='word_1_815' title='bbox 3536 5196 3703 5252; x_wconf 79' lang='lat' dir='ltr'><strong>valea-</strong></span> 
     </span>
    </p>
   </div>
   <div class='ocr_carea' id='block_1_105' title="bbox 2139 5287 3701 5359">
    <p class='ocr_par' dir='ltr' id='par_1_105' title="bbox 2139 5287 3701 5359">
     <span class='ocr_line' id='line_1_105' title="bbox 2139 5287 3701 5359; baseline 0.001 -19"><span class='ocrx_word' id='word_1_816' title='bbox 2139 5300 2262 5341; x_wconf 87' lang='lat' dir='ltr'><strong>mus</strong></span> <span class='ocrx_word' id='word_1_817' title='bbox 2301 5295 2584 5356; x_wconf 88' lang='lat' dir='ltr'><strong>perspecta</strong></span> <span class='ocrx_word' id='word_1_818' title='bbox 2617 5289 3024 5359; x_wconf 91' lang='lat' dir='ltr'><strong>pulchritudine</strong></span> <span class='ocrx_word' id='word_1_819' title='bbox 3053 5289 3212 5345; x_wconf 72' lang='lat' dir='ltr'><strong>Verbi</strong></span> <span class='ocrx_word' id='word_1_820' title='bbox 3264 5290 3360 5346; x_wconf 87' lang='lat' dir='ltr'><strong>Dei</strong></span> <span class='ocrx_word' id='word_1_821' title='bbox 3388 5288 3614 5346; x_wconf 86' lang='lat' dir='ltr'><strong>salutari</strong></span> <span class='ocrx_word' id='word_1_822' title='bbox 3650 5287 3701 5342; x_wconf 84' lang='lat' dir='ltr'><strong>in</strong></span> 
     </span>
    </p>
   </div>
   <div class='ocr_carea' id='block_1_106' title="bbox 2137 5381 3703 5454">
    <p class='ocr_par' dir='ltr' id='par_1_106' title="bbox 2137 5381 3703 5454">
     <span class='ocr_line' id='line_1_106' title="bbox 2137 5381 3703 5454; baseline 0.003 -22"><span class='ocrx_word' id='word_1_823' title='bbox 2137 5392 2261 5432; x_wconf 91' lang='lat' dir='ltr'><strong>eum</strong></span> <span class='ocrx_word' id='word_1_824' title='bbox 2300 5393 2485 5437; x_wconf 87' lang='lat' dir='ltr'><strong>amore</strong></span> <span class='ocrx_word' id='word_1_825' title='bbox 2529 5382 2823 5448; x_wconf 89' lang='lat' dir='ltr'><strong>succendi,</strong></span> <span class='ocrx_word' id='word_1_826' title='bbox 2858 5391 2917 5437; x_wconf 93' lang='lat' dir='ltr'><strong>ut</strong></span> <span class='ocrx_word' id='word_1_827' title='bbox 2965 5391 3022 5439; x_wconf 91' lang='lat' dir='ltr'><strong>et</strong></span> <span class='ocrx_word' id='word_1_828' title='bbox 3070 5382 3185 5454; x_wconf 90' lang='lat' dir='ltr'><strong>ipse</strong></span> <span class='ocrx_word' id='word_1_829' title='bbox 3231 5383 3484 5454; x_wconf 86' lang='lat' dir='ltr'><strong>dignetur</strong></span> <span class='ocrx_word' id='word_1_830' title='bbox 3514 5381 3703 5452; x_wconf 84' lang='lat' dir='ltr'><strong>hujus-</strong></span> 
     </span>
    </p>
   </div>
   <div class='ocr_carea' id='block_1_107' title="bbox 528 5474 2039 5567">
    <p class='ocr_par' dir='ltr' id='par_1_107' title="bbox 528 5474 2038 5567">
     <span class='ocr_line' id='line_1_107' title="bbox 528 5474 2038 5567; baseline -0.003 -27"><span class='ocrx_word' id='word_1_831' title='bbox 528 5476 572 5567; x_wconf 61' lang='grc' dir='ltr'><strong>ζξ</strong></span> <span class='ocrx_word' id='word_1_832' title='bbox 597 5474 868 5567; x_wconf 37' lang='lat' dir='ltr'><strong>{rem},</strong></span> <span class='ocrx_word' id='word_1_833' title='bbox 885 5478 941 5534; x_wconf 84' lang='lat'><strong>5.</strong></span> <span class='ocrx_word' id='word_1_834' title='bbox 1016 5477 1061 5512; x_wconf 77' lang='grc' dir='ltr'><strong>³ο</strong></span> <span class='ocrx_word' id='word_1_835' title='bbox 1100 5480 1231 5537; x_wconf 84' lang='lat' dir='ltr'><strong>ibid.</strong></span> <span class='ocrx_word' id='word_1_836' title='bbox 1263 5480 1317 5536; x_wconf 86' lang='lat'><strong>6.</strong></span> <span class='ocrx_word' id='word_1_837' title='bbox 1393 5480 1437 5513; x_wconf 74' lang='grc' dir='ltr'><strong>’ί</strong></span> <span class='ocrx_word' id='word_1_838' title='bbox 1479 5482 1608 5539; x_wconf 88' lang='lat' dir='ltr'><strong>ibid.</strong></span> <span class='ocrx_word' id='word_1_839' title='bbox 1646 5483 1735 5540; x_wconf 75' lang='grc'><strong>24.</strong></span> <span class='ocrx_word' id='word_1_840' title='bbox 1814 5486 1859 5519; x_wconf 71' lang='grc' dir='ltr'><strong>δ’</strong></span> <span class='ocrx_word' id='word_1_841' title='bbox 1895 5487 2038 5545; x_wconf 74' lang='grc' dir='ltr'><strong>Εςυιί</strong></span> 
     </span>
    </p>
   </div>
   <div class='ocr_carea' id='block_1_108' title="bbox 2144 5474 3698 5567">
    <p class='ocr_par' dir='ltr' id='par_1_108' title="bbox 2163 5491 3698 5567">
     <span class='ocr_line' id='line_1_108' title="bbox 2163 5491 3698 5567; baseline 0.004 -20"><span class='ocrx_word' id='word_1_842' title='bbox 2163 5491 2252 5547; x_wconf 75' lang='lat'><strong>26.</strong></span> <span class='ocrx_word' id='word_1_843' title='bbox 2328 5495 2373 5526; x_wconf 81' lang='grc'><strong>⁸³</strong></span> <span class='ocrx_word' id='word_1_844' title='bbox 2414 5496 2546 5552; x_wconf 89' lang='lat' dir='ltr'><strong>Gen.</strong></span> <span class='ocrx_word' id='word_1_845' title='bbox 2582 5513 2678 5567; x_wconf 81' lang='lat' dir='ltr'><strong>xu,</strong></span> <span class='ocrx_word' id='word_1_846' title='bbox 2710 5498 2759 5553; x_wconf 87' lang='lat' dir='ltr'><strong>l.</strong></span> <span class='ocrx_word' id='word_1_847' title='bbox 2836 5500 2883 5531; x_wconf 74' lang='lat'><strong>“</strong></span> <span class='ocrx_word' id='word_1_848' title='bbox 2920 5499 3055 5555; x_wconf 83' lang='lat' dir='ltr'><strong>Gen.</strong></span> <span class='ocrx_word' id='word_1_849' title='bbox 3091 5516 3223 5555; x_wconf 63' lang='grc' dir='ltr'>χχιι.</span> <span class='ocrx_word' id='word_1_850' title='bbox 3300 5501 3347 5534; x_wconf 83' lang='grc'><strong><em>³⁸</em></strong></span> <span class='ocrx_word' id='word_1_851' title='bbox 3386 5500 3521 5558; x_wconf 88' lang='lat' dir='ltr'><strong>Gen.</strong></span> <span class='ocrx_word' id='word_1_852' title='bbox 3551 5512 3698 5555; x_wconf 74' lang='lat' dir='ltr'><strong>xxvr.</strong></span> 
     </span>
    </p>
   </div>
   <div class='ocr_carea' id='block_1_109' title="bbox 456 5543 892 5604">
    <p class='ocr_par' dir='ltr' id='par_1_109' title="bbox 456 5543 892 5604">
     <span class='ocr_line' id='line_1_109' title="bbox 456 5543 892 5604; baseline 0.009 -4"><span class='ocrx_word' id='word_1_853' title='bbox 456 5543 502 5576; x_wconf 78' lang='grc'><strong>⁸⁸</strong></span> <span class='ocrx_word' id='word_1_854' title='bbox 534 5544 668 5601; x_wconf 84' lang='lat' dir='ltr'><strong>Gen.</strong></span> <span class='ocrx_word' id='word_1_855' title='bbox 703 5564 892 5604; x_wconf 82' lang='lat' dir='ltr'><strong>xxvm.</strong></span> 
     </span>
    </p>
   </div>
   <div class='ocr_carea' id='block_1_110' title="bbox 486 5657 2026 5741">
    <p class='ocr_par' dir='ltr' id='par_1_110' title="bbox 486 5657 2026 5741">
     <span class='ocr_line' id='line_1_110' title="bbox 486 5657 2026 5741; baseline 0.009 -30"><span class='ocrx_word' id='word_1_856' title='bbox 486 5726 498 5737; x_wconf 36' lang='grc' dir='ltr'>ι</span> <span class='ocrx_word' id='word_1_857' title='bbox 528 5657 643 5739; x_wconf 68' lang='grc'><strong>(18)</strong></span> <span class='ocrx_word' id='word_1_858' title='bbox 682 5658 838 5741; x_wconf 65' lang='lat' dir='ltr'><strong>Mss,</strong></span> <span class='ocrx_word' id='word_1_859' title='bbox 869 5660 1089 5716; x_wconf 84' lang='lat' dir='ltr'><strong>Cantica</strong></span> <span class='ocrx_word' id='word_1_860' title='bbox 1128 5662 1476 5720; x_wconf 87' lang='lat' dir='ltr'><strong>canticorum.</strong></span> <span class='ocrx_word' id='word_1_861' title='bbox 1508 5664 1663 5723; x_wconf 91' lang='lat' dir='ltr'><strong>Libb.</strong></span> <span class='ocrx_word' id='word_1_862' title='bbox 1697 5668 1854 5735; x_wconf 89' lang='lat' dir='ltr'><strong>edit.,</strong></span> <span class='ocrx_word' id='word_1_863' title='bbox 1883 5669 2026 5725; x_wconf 83' lang='lat' dir='ltr'><strong>Can-</strong></span> 
     </span>
    </p>
   </div>
   <div class='ocr_carea' id='block_1_111' title="bbox 457 5736 958 5785">
    <p class='ocr_par' dir='ltr' id='par_1_111' title="bbox 457 5736 958 5785">
     <span class='ocr_line' id='line_1_111' title="bbox 457 5736 958 5785; baseline 0.01 -5"><span class='ocrx_word' id='word_1_864' title='bbox 457 5736 574 5780; x_wconf 76' lang='lat' dir='ltr'><strong>lrcis</strong></span> <span class='ocrx_word' id='word_1_865' title='bbox 610 5736 958 5785; x_wconf 81' lang='lat' dir='ltr'><strong>canticorum.</strong></span> 
     </span>
    </p>
   </div>
   <div class='ocr_carea' id='block_1_112' title="bbox 526 5798 1841 5877">
    <p class='ocr_par' dir='ltr' id='par_1_112' title="bbox 526 5798 1841 5877">
     <span class='ocr_line' id='line_1_112' title="bbox 526 5798 1841 5877; baseline 0.009 -24"><span class='ocrx_word' id='word_1_866' title='bbox 526 5798 639 5870; x_wconf 74' lang='lat' dir='ltr'><strong>(l9)</strong></span> <span class='ocrx_word' id='word_1_867' title='bbox 674 5799 825 5872; x_wconf 78' lang='lat' dir='ltr'><strong>Mss.,</strong></span> <span class='ocrx_word' id='word_1_868' title='bbox 855 5802 1158 5871; x_wconf 77' lang='lat' dir='ltr'><strong>defwcatus.</strong></span> <span class='ocrx_word' id='word_1_869' title='bbox 1189 5801 1342 5858; x_wconf 90' lang='lat' dir='ltr'><strong>Libb.</strong></span> <span class='ocrx_word' id='word_1_870' title='bbox 1374 5805 1523 5871; x_wconf 87' lang='lat' dir='ltr'><strong>edit.,</strong></span> <span class='ocrx_word' id='word_1_871' title='bbox 1549 5806 1841 5877; x_wconf 63' lang='lat' dir='ltr'><strong>deferentis.</strong></span> 
     </span>
    </p>
   </div>
   <div class='ocr_carea' id='block_1_113' title="bbox 2202 5674 3540 5817">
    <p class='ocr_par' dir='ltr' id='par_1_113' title="bbox 2202 5674 3540 5817">
     <span class='ocr_line' id='line_1_113' title="bbox 2202 5674 3540 5817; baseline 0.005 -88"><span class='ocrx_word' id='word_1_872' title='bbox 2202 5674 2315 5817; x_wconf 46' lang='lat' dir='ltr'><strong>(20g</strong></span> <span class='ocrx_word' id='word_1_873' title='bbox 2357 5675 2510 5745; x_wconf 83' lang='lat' dir='ltr'><strong>Mss.,</strong></span> <span class='ocrx_word' id='word_1_874' title='bbox 2539 5680 2811 5736; x_wconf 75' lang='lat' dir='ltr'><strong>cwlestem.</strong></span> <span class='ocrx_word' id='word_1_875' title='bbox 2843 5681 3094 5753; x_wconf 87' lang='lat' dir='ltr'><strong>lmpressi</strong></span> <span class='ocrx_word' id='word_1_876' title='bbox 3122 5684 3266 5751; x_wconf 89' lang='lat' dir='ltr'><strong>libri,</strong></span> <span class='ocrx_word' id='word_1_877' title='bbox 3297 5684 3540 5738; x_wconf 71' lang='lat' dir='ltr'><strong>caelestis.</strong></span> 
     </span>
     <span class='ocr_line' id='line_1_114' title="bbox 2204 5747 3510 5817; baseline 0.011 -19"><span class='ocrx_word' id='word_1_878' title='bbox 2204 5747 2283 5817; x_wconf 71' lang='lat'><strong>(2|</strong></span> <span class='ocrx_word' id='word_1_879' title='bbox 2355 5747 2504 5816; x_wconf 83' lang='lat' dir='ltr'><strong>Mss.,</strong></span> <span class='ocrx_word' id='word_1_880' title='bbox 2542 5751 2862 5817; x_wconf 81' lang='lat' dir='ltr'><strong>dogmatica.</strong></span> <span class='ocrx_word' id='word_1_881' title='bbox 2899 5753 3175 5817; x_wconf 89' lang='lat' dir='ltr'><strong>lmpressi,</strong></span> <span class='ocrx_word' id='word_1_882' title='bbox 3203 5756 3510 5812; x_wconf 83' lang='lat' dir='ltr'><strong>domestica.</strong></span> 
     </span>
    </p>
   </div>
   <div class='ocr_carea' id='block_1_114' title="bbox 2204 5747 3510 5823">
    <p class='ocr_par' dir='ltr' id='par_1_114' title="bbox 2204 5747 3510 5823">
     <span class='ocr_line' id='line_1_115' title="bbox 2204 5747 3510 5823; baseline 0.011 -26"><span class='ocrx_word' id='word_1_883' title='bbox 2204 5747 2313 5817; x_wconf 72' lang='lat'><strong>(2|)</strong></span> <span class='ocrx_word' id='word_1_884' title='bbox 2355 5747 2504 5816; x_wconf 83' lang='lat' dir='ltr'><strong>Mss.,</strong></span> <span class='ocrx_word' id='word_1_885' title='bbox 2542 5751 2862 5821; x_wconf 81' lang='lat' dir='ltr'><strong>dogmatica.</strong></span> <span class='ocrx_word' id='word_1_886' title='bbox 2899 5747 3175 5823; x_wconf 71' lang='lat' dir='ltr'><strong>linpressi,</strong></span> <span class='ocrx_word' id='word_1_887' title='bbox 3203 5747 3510 5812; x_wconf 83' lang='lat' dir='ltr'><strong>domestica.</strong></span> 
     </span>
    </p>
   </div>
  </div>
