3872 6512
222 381 274 434 π
1586 359 1973 418 morosus.
3330 363 3400 419 78

215 495 330 552 modi
358 491 571 548 animam
598 489 857 561 diligere,
903 502 1070 560 quam
1121 485 1454 544 desiderium
1489 484 1579 542 sui
1629 485 1728 539 ba-
1756 488 1802 544 A
1831 482 1929 549 ris,
1967 492 2096 536 tunc
2122 481 2268 536 enim
2309 481 2504 538 merito
2534 483 2780 539 cantabit
2804 492 2863 540 et
2889 485 3034 541 dicet
3065 505 3078 540 :
3115 485 3398 543 Cantemus

208 593 310 647 bere
339 585 608 657 perspexit.

266 686 375 739 Post
408 679 513 732 haec
542 674 706 746 exigit
757 689 858 728 nos
897 672 1290 744 consequentia
1335 669 1605 727 sermonis
1647 669 1732 724 di-

206 791 305 832 cere
332 773 478 826 etiam
508 767 571 824 de
598 767 1065 838 superscriptione
1105 767 1222 836 ipsa
1249 763 1460 820 Canttci
1497 763 1732 818 cantico-

205 882 321 923 rum.
353 863 527 918 Simile
556 862 700 917 enim
732 870 816 915 est
846 860 948 914 hoc
989 859 1097 914 illis
1123 874 1246 929 qua:
1294 859 1346 910 in
1380 855 1730 912 tabernacuio

203 956 452 1014 testimonii
482 953 818 1024 appellantur
849 949 1048 1006 Sancta
1092 949 1492 1015 sanctorum",
1538 959 1592 1003 et
1621 947 1730 1003 illis

202 1065 299 1118 qua:
332 1048 379 1101 in
408 1047 540 1100 libro
579 1043 947 1099 Numerorum
997 1052 1375 1096 memorantur
1411 1055 1575 1111 opera
1607 1055 1731 1108 ope—

200 1158 316 1203 rum,
345 1155 560 1208 quisque
593 1137 736 1208 apud
762 1136 990 1191 Paulum
1027 1136 1286 1190 dicuntur
1330 1134 1527 1190 saecula
1565 1148 1730 1188 saecu-

197 1231 420 1287 lorum”.
477 1229 578 1282 Sed
623 1227 900 1298 quomodo
931 1225 1184 1280 diﬂ‘erant
1218 1241 1248 1279 a
1290 1224 1494 1280 sanctis
1529 1223 1728 1279 Sancta

197 1332 465 1378 sanctorum
497 1321 548 1372 in
581 1318 771 1372 Exodo
797 1359 810 1381 ,
855 1328 909 1373 et
953 1316 1230 1386 quomodo
1270 1316 1525 1371 differant
1563 1331 1726 1384 opera

195 1419 250 1469 ab
266 1414 496 1484 operibus
522 1428 750 1481 operum
790 1414 844 1466 in
873 1409 1239 1464 Numerorum
1287 1409 1446 1475 libro,
1481 1408 1728 1463 tractati-

194 1509 274 1563 bus
298 1505 420 1573 (ἐξ),
452 1513 616 1574 prout
661 1504 960 1574 potuimus,
985 1501 1190 1555 dictum
1232 1511 1313 1556 cst
1343 1517 1373 1556 a
1405 1502 1581 1557 nobis.
1621 1502 1726 1558 Sed

190 1610 231 1654 et
254 1598 311 1652 de
338 1599 525 1652 saeculo
554 1597 883 1652 saeculorum
927 1597 981 1650 in
1047 1595 1183 1650 locis
1214 1595 1414 1664 quibus
1447 1595 1725 1660 occurrit,

190 1705 278 1744 non
307 1690 559 1744 omissum
590 1699 674 1744 est
694 1728 710 1749 .
735 1697 790 1743 et
831 1703 899 1742 ne
923 1689 1114 1742 eadem
1146 1696 1462 1756 repetamus
1489 1687 1578 1740 illa
1611 1684 1726 1741 suf-

190 1781 356 1836 ﬁciant.
418 1780 571 1835 Nunc
620 1794 752 1851 ergo
812 1781 1158 1850 requiramus
1211 1780 1389 1849 primo
1440 1794 1563 1848 qua:
1615 1777 1727 1833 siut

188 1869 392 1934 cantica,
442 1885 679 1940 quorum
727 1869 1063 1924 canticorum
1119 1871 1224 1924 hoc
1280 1884 1405 1924 esse
1450 1868 1723 1923 canticum

188 1959 370 2012 dicitur.
396 1957 531 2013 Puto
552 1974 686 2028 ergo
716 1959 860 2028 quod
889 1961 1102 2015 cantica
1131 1959 1241 2015 sint
1264 1960 1350 2013 illa
1373 1975 1490 2028 qua:
1519 1959 1726 2014 dudum

188 2060 262 2114 per
291 2049 571 2117 prophetas
601 2089 616 2113 ,
659 2048 741 2103 vel
787 2067 884 2123 per
924 2049 1148 2120 angelos
1201 2051 1562 2108 canebantur.
1617 2046 1726 2104 Lex

187 2138 302 2192 cui
332 2139 525 2193 dicitur
574 2157 671 2198 per
746 2139 930 2204 ngclos
961 2141 1271 2196 ministrata
1306 2141 1361 2194 in
1395 2155 1560 2195 manu
1607 2155 1726 2196 me-

185 2229 374 2285 diatoris
419 2227 945 2305 ".lllaergoomnia
977 2248 1097 2302 quae.
1133 2248 1227 2302 per
1271 2233 1394 2289 illos
1435 2233 1727 2289 annuntia-

185 2325 364 2389 bantur,
393 2325 608 2380 cantica
640 2335 798 2380 erant
823 2341 921 2397 per
946 2327 1154 2381 amicos
1190 2327 1380 2396 sponsi
1410 2327 1720 2395 praeceden-

185 2413 258 2467 tia.
291 2413 426 2470 Istud
456 2430 591 2470 vero
629 2431 798 2470 unum
849 2417 1126 2471 canticum
1151 2425 1268 2484 est,
1299 2417 1444 2486 quod
1476 2417 1579 2486 ipsi
1612 2416 1725 2487 jam

183 2519 352 2573 sponso
377 2521 646 2576 sponsam
676 2521 831 2562 suam
864 2517 1188 2578 suscepturo
1232 2508 1571 2578 epithalamii
1602 2524 1727 2578 spe-

182 2597 244 2651 cie
266 2608 367 2653 erat
402 2599 755 2654 canendum:
790 2599 842 2653 in
879 2615 990 2670 quo
1034 2614 1236 2670 sponsa
1268 2615 1378 2655 non
1414 2600 1594 2654 adhuc
1632 2616 1726 2669 per

179 2692 350 2748 amicos
393 2692 589 2763 sponsi
637 2692 844 2747 cantari
898 2692 1002 2748 sibi
1049 2692 1194 2756 vult,
1245 2691 1340 2746 sed
1394 2691 1567 2762 ipsius
1611 2692 1725 2762 jam

181 2785 331 2855 sponsi
371 2785 664 2856 praesentis
708 2785 900 2840 audire
944 2785 1107 2839 verba
1143 2784 1451 2850 desiderat,
1491 2783 1724 2840 dicens:

182 2876 421 2934 Oscsletur
467 2895 560 2932 me
605 2878 786 2932 osculo
826 2877 933 2931 oris
977 2878 1060 2931 sui
1078 2877 1144 2931 “.
1194 2875 1346 2932 Unde
1377 2885 1431 2930 et
1470 2876 1726 2933 omnibus

179 2971 367 3026 canticis
413 2971 624 3026 merito
675 2969 980 3041 praefertur,
1040 2969 1259 3024 videtur
1321 2969 1470 3025 enim
1531 2978 1727 3025 caetera

177 3062 350 3119 cantica
380 3077 500 3132 qua:
534 3061 623 3116 lex
676 3073 733 3116 et
777 3061 1057 3133 prophetae
1100 3059 1455 3126 cecinerunt,
1490 3062 1728 3128 parvulae

179 3155 320 3212 adhuc
348 3171 572 3226 sponsa:
597 3193 612 3220 ,
651 3163 707 3211 et
746 3169 867 3225 quae
916 3153 1158 3210 nondum
1186 3152 1449 3209 vestibula
1498 3161 1726 3208 maturae

175 3248 316 3305 etatis
343 3248 599 3321 ingressa
649 3247 757 3314 sit,
793 3246 1109 3312 decantata;
1145 3244 1249 3301 hoc
1284 3261 1414 3301 vero
1444 3246 1718 3301 canticum

176 3343 354 3409 adultas,
376 3355 428 3399 et
451 3345 578 3414 jam
604 3342 759 3397 valde
787 3339 1046 3407 robustaa,
1077 3348 1131 3395 et
1159 3354 1283 3409 quae
1305 3353 1479 3408 capax
1512 3337 1585 3392 sit
1607 3336 1722 3406 jam

176 3435 313 3492 virilis
335 3437 598 3508 potentia:
631 3434 963 3506 perfectique
988 3431 1257 3504 mysterii,
1281 3428 1560 3486 decantari
1583 3429 1718 3500 (‘25).

176 3527 445 3584 Secundum
483 3530 641 3598 quod
675 3529 874 3584 dicitur
913 3526 982 3582 de
1025 3527 1142 3596 ipsa
1175 3524 1304 3595 quia
1334 3537 1442 3578 una
1492 3520 1565 3577 sit
1598 3536 1722 3591 per-

176 3615 289 3675 lecta
329 3621 611 3676 columba.
649 3620 819 3688 Quasi
873 3617 1114 3690 perfecta
1160 3630 1292 3688 ergo
1337 3613 1561 3686 perfecti
1607 3611 1720 3683 (24)

174 3714 251 3768 viri
277 3731 465 3786 sponsa
491 3714 755 3787 perfectae
783 3715 1027 3784 suscepit
1057 3711 1223 3767 verba
1262 3710 1542 3766 doctrinae.

226 3807 448 3866 Primum
496 3825 637 3881 ergo
684 3807 958 3864 canticum
1004 3804 1202 3862 cecinit
1249 3803 1356 3857 Deo
1402 3802 1615 3874 Moyses
1669 3808 1724 3853 et

173 3899 427 3957 ﬁliilsrael
459 3900 695 3973 quando
740 3899 993 3954 viderunt
1033 3895 1320 3968 Egyptios
1368 3902 1618 3949 mortuos
1653 3893 1720 3946 ad

171 3991 296 4047 littus
321 3994 485 4048 maris
505 4035 524 4058 ,
563 4001 618 4045 et
645 3989 868 4060 quando
899 3988 1152 4043 viderunt
1179 4001 1401 4040 manum
1443 3982 1641 4039 fortem
1670 3993 1724 4038 et

172 4087 418 4143 brachium
455 4087 746 4143 excelsum
779 4083 1027 4150 Domini,
1059 4092 1113 4136 et
1141 4081 1491 4136 crediderunt
1530 4077 1640 4133 Deo
1671 4087 1726 4134 et

171 4181 342 4238 famulo
383 4183 506 4252 ejus
562 4178 757 4249 Moysi.
811 4175 968 4232 Tunc
1013 4181 1375 4231 cantaverunt
1433 4171 1721 4226 dicentes:

169 4274 419 4332 Cantemus
438 4271 924 4344 Domino,gloriose
941 4269 1080 4324 enim
1096 4267 1425 4338 gloriﬁcatus
1441 4273 1516 4318 est
1535 4262 1719 4333 6⁸(25).

167 4365 259 4440 Ego
282 4376 456 4425 autem
497 4367 743 4422 arbitror
777 4363 923 4434 quod
969 4376 1078 4418 non
1109 4360 1281 4430 possit
1309 4359 1376 4414 ad
1421 4357 1566 4412 istud
1610 4369 1726 4424 pcr-

169 4459 338 4519 fectum
363 4465 490 4534 quis
521 4470 579 4517 et
603 4459 893 4531 mysticqu
927 4454 1200 4511 canticum
1232 4451 1537 4522 pervenire,
1569 4458 1624 4504 et
1655 4446 1722 4500 ad

1832 573 2096 640 Domino,
2125 573 2348 645 gloriose
2384 577 2524 629 enim
2569 576 2896 647 gloriﬁcatus
2951 588 3050 635 est.
3093 578 3202 636 Sed
3244 582 3404 638 istius

1831 666 2102 723 canticum
2135 677 2294 722 canet
2333 667 2458 737 quis
2496 683 2620 723 cum
2665 669 2900 738 primum
2934 671 3196 730 liberatus
3241 672 3406 730 fuerit

1831 774 1862 814 a
1913 759 2172 814 servitute
2229 757 2630 831 Egyptiorum.
2678 761 2809 818 Post
2863 763 2980 818 haec
3039 773 3220 821 autem
3277 779 3401 820 cum

1831 850 2112 905 transierit
2142 866 2238 920 per
2274 853 2388 908 haec
2421 853 2606 908 omnia
2645 869 2768 924 quae
2803 855 2856 910 in
2896 854 3084 912 Exodo
3111 865 3162 913 et
3194 873 3316 928 quae
3348 860 3402 914 in

1831 941 2075 999 Levitico
2107 945 2304 1014 scripta
2335 954 2497 1011 sunt,
2528 954 2584 1000 et
2615 949 2818 1002 venerit
2853 947 2919 1003 ad
2954 948 3058 1004 hoc
3085 957 3143 1005 ut
3174 949 3229 1005 in
3260 949 3402 1006 divi-

1831 1050 1934 1091 nos
1984 1050 2242 1090 numeros
2294 1048 2638 1106 assumatur,
2675 1050 2806 1094 tunc
2854 1040 3049 1096 iterum
3100 1043 3401 1099 secundum

1832 1124 2109 1179 canticum
2141 1136 2330 1194 canet,
2356 1143 2480 1182 cum
2525 1130 2720 1185 exierit
2743 1129 2808 1185 de
2831 1131 2970 1186 valle
2999 1131 3194 1190 Zaretb
3213 1172 3230 1199 ,
3257 1135 3404 1206 quod

1830 1217 2216 1288 interpretatur
2242 1220 2416 1275 aliena
2449 1222 2752 1289 descensio,
2778 1233 2832 1278 et
2852 1227 3060 1280 venerit
3080 1227 3144 1282 ad
3178 1239 3401 1297 puteum

1828 1308 1895 1363 de
1915 1323 2024 1378 quo
2051 1309 2312 1379 scriptum
2339 1321 2422 1366 est
2450 1330 2464 1366 :
2503 1311 2569 1366 Et
2599 1313 2737 1367 dixit
2758 1314 3015 1371 Dominus
3047 1317 3116 1371 ad
3146 1316 3402 1389 Moysen:

1830 1397 2100 1471 Congrega
2130 1403 2380 1472 populum
2407 1443 2420 1467 ,
2462 1414 2511 1458 et
2549 1405 2684 1459 dabo
2710 1408 2783 1461 eis
2817 1425 3006 1479 aquam
3043 1410 3106 1464 de
3131 1421 3286 1480 puteo
3319 1413 3402 1467 bi-

1829 1493 1945 1546 bere
1963 1495 2026 1548 “.
2065 1494 2142 1549 lbi
2174 1497 2316 1550 enim
2371 1498 2613 1552 cantabit
2643 1509 2696 1554 et
2723 1500 2864 1557 dicet
2897 1517 2909 1554 :
2948 1501 3166 1558 Initiate
3209 1506 3258 1559 ei
3303 1522 3404 1575 pu-

1830 1599 1988 1642 teum.
2017 1587 2064 1641 F
2066 1589 2285 1643 oderunt
2317 1589 2469 1643 illum
2498 1592 2758 1660 principes
2779 1632 2794 1655 ,
2825 1596 3146 1650 excuderunt
3171 1613 3290 1651 eum
3322 1613 3402 1650 re-

1828 1697 1912 1749 ges
1940 1680 2171 1749 gentium
2203 1681 2256 1733 in
2284 1696 2439 1750 regno
2475 1697 2570 1734 suo
2603 1698 2718 1735 eum
2767 1683 3110 1739 dominantur
3136 1701 3317 1742 eorum
3335 1686 3395 1742 ⁸³.

1830 1771 1934 1827 Sed
1965 1773 2033 1827 de
2063 1773 2148 1828 his
2176 1773 2390 1842 plenius
2415 1774 2468 1828 in
2495 1772 2856 1832 Numerorum
2899 1779 3036 1836 libro
3061 1821 3076 1846 ,
3101 1782 3399 1837 secundum

1828 1865 1973 1934 quod
2023 1864 2170 1919 dedit
2241 1865 2398 1921 nobis
2450 1865 2746 1933 Dominus,
2786 1869 2989 1925 dictum
3027 1881 3130 1930 est.
3180 1872 3404 1944 Oportet

1829 1955 1994 2026 igitur
2022 1956 2207 2011 venire
2239 1957 2306 2010 ad
2336 1966 2556 2026 puteum
2579 1999 2593 2024 ,
2639 1961 2734 2031 qui
2780 1977 2810 2016 a
2855 1963 3192 2034 principibus
3219 1963 3401 2022 fossus

1825 2060 1937 2111 est,
1986 2059 2038 2103 et
2088 2064 2119 2103 a
2164 2050 2383 2118 regibus
2416 2064 2654 2107 excusus
2677 2062 2792 2118 est,
2826 2055 2878 2108 in
2917 2072 3026 2126 quo
3048 2070 3214 2127 opere
3238 2073 3402 2114 nemo

1827 2140 2072 2209 plebeius
2101 2151 2378 2210 operatur,
2410 2144 2505 2197 sed
2534 2158 2725 2200 omnes
2749 2145 2860 2217 34
2885 2148 3181 2218 principes,
3209 2164 3401 2208 omnes

1826 2247 1982 2301 reges
2003 2274 2018 2296 ,
2074 2233 2282 2302 regales
2312 2234 2520 2289 scilicet
2551 2242 2605 2290 et
2652 2236 2975 2307 principales
3007 2238 3206 2294 anima:
3230 2279 3245 2305 ,
3279 2256 3403 2310 quae

1827 2322 2168 2379 altitudinem
2220 2325 2368 2394 putei
2417 2340 2614 2396 aquam
2648 2327 2823 2382 vivam
2858 2329 3185 2386 continentis
3217 2332 3402 2402 inqui-

1827 2423 1975 2470 runt.
2015 2415 2144 2472 Post
2172 2416 2305 2473 illud
2339 2421 2614 2474 canticum
2647 2420 2861 2475 venitur
2891 2422 2956 2480 ad
2996 2421 3400 2479 Deutcronomii

1827 2508 2132 2572 canticum,
2161 2507 2229 2563 de
2263 2523 2374 2579 quo
2408 2509 2541 2565 dicit
2587 2507 2892 2566 Dominus:
2929 2509 2996 2564 Et
3024 2527 3160 2566 nunc
3191 2513 3403 2569 scribite

1830 2600 1968 2655 vobis
1993 2601 2148 2655 verba
2172 2601 2367 2656 cantici
2396 2601 2576 2671 hujus,
2600 2612 2648 2656 et
2676 2601 2854 2657 docete
2875 2602 3009 2656 illud
3033 2603 3176 2673 filios
3203 2602 3401 2670 Israel,

1827 2704 1874 2748 et
1915 2693 2120 2763 injicite
2159 2693 2299 2748 illud
2341 2695 2394 2748 in
2429 2709 2486 2747 os
2520 2709 2732 2757 eorum,
2763 2704 2818 2747 ut
2849 2694 2946 2762 ﬁat
2976 2693 3106 2748 mihi
3133 2695 3400 2750 canticum

1827 2785 1970 2840 istud
2015 2786 2085 2838 ad
2133 2785 2495 2840 testimonium
2549 2785 2603 2838 in
2655 2784 2786 2853 ﬁliis
2834 2783 3084 2840 Israel“.
3152 2784 3219 2841 Et
3281 2787 3404 2845 vide

1828 2889 2096 2950 quantum
2125 2888 2181 2936 et
2203 2879 2367 2950 quale
2392 2878 2465 2935 sit
2486 2879 2762 2934 canticum
2789 2877 2934 2935 istud
2961 2878 3049 2935 cui
3080 2879 3147 2934 ad
3173 2882 3402 2936 audien-

1827 2971 1958 3026 dum
1996 2979 2142 3026 terra
2174 2985 2283 3026 non
2317 2969 2550 3034 suilicit,
2587 2970 2682 3027 sed
2713 2979 3048 3028 convocatur
3092 2981 3146 3027 et
3179 2974 3398 3030 coelum.

1828 3065 1918 3120 Ait
1969 3064 2154 3120 enim:
2187 3063 2410 3118 Attende
2454 3064 2640 3119 caelum
2682 3078 2801 3134 quc
2849 3063 3068 3135 loquar,
3117 3077 3168 3121 et
3212 3069 3399 3122 audiat

1753 3179 1794 3236 ο
1830 3166 1971 3212 terra
2002 3160 2155 3210 verba
2200 3171 2266 3210 ex
2304 3172 2391 3210 ore
2437 3172 2548 3210 meo
2565 3155 2632 3209 ".
2675 3152 2805 3210 Vide
2829 3170 2993 3226 quam
3024 3171 3220 3226 magna
3256 3157 3397 3223 sint,

1827 3263 1991 3319 quam
2058 3247 2294 3317 ingentia
2349 3262 2470 3317 quas
2523 3247 2801 3302 dicuntur.
2873 3244 3240 3317 Exspectetur,
3292 3248 3396 3316 ait,

1825 3345 1962 3396 sicut
2001 3342 2177 3411 pluvia
2207 3339 2468 3410 eloquium
2511 3355 2681 3394 meum
2701 3379 2716 3404 ,
2746 3345 2797 3393 et
2827 3337 3108 3395 descendat
3141 3339 3278 3393 sicut
3311 3357 3397 3396 ros

1825 3447 1980 3499 super
2005 3446 2242 3501 gramen,
2267 3439 2317 3482 et
2345 3429 2481 3483 sicut
2514 3429 2608 3482 nix
2639 3443 2792 3498 super
2819 3428 3038 3498 frenum,
3061 3430 3188 3500 quia
3213 3447 3398 3486 nomen

1826 3521 2042 3576 Domini
2085 3519 2409 3582 iiwocavi“,
2455 3526 2509 3572 et
2538 3517 2765 3588 reliqua.
2815 3517 3081 3585 Quartum
3124 3521 3396 3578 canticum

1824 3623 1908 3670 est
1961 3613 2017 3668 in
2062 3612 2202 3667 libro
2249 3609 2538 3677 Iudicum,
2590 3611 2657 3666 de
2702 3625 2812 3680 quo
2859 3611 3121 3681 scriptum
3159 3624 3280 3669 est:
3331 3613 3400 3668 Et

1825 3708 2057 3762 cantavit
2100 3705 2341 3759 Debbora
2388 3715 2439 3759 et
2486 3703 2696 3758 Barach
2731 3704 2875 3773 ﬁlius
2919 3705 3170 3760 Abinoem
3214 3708 3266 3763 in
3310 3708 3396 3761 die

1823 3799 1924 3854 illa
1963 3799 2192 3852 dicentes
2239 3811 2256 3849 :
2299 3794 2606 3865 Incipiendo
2649 3795 2965 3864 principales
3012 3797 3064 3850 in
3123 3795 3294 3852 Israel
3341 3800 3398 3852 in

1824 3891 2091 3960 proposito
2117 3887 2298 3959 populi
2327 3886 2614 3941 benedicite
2657 3885 2957 3942 Dominum.
2987 3888 3200 3954 Audite,
3233 3905 3397 3958 reges,

1826 3985 2045 4040 auribus
2089 3981 2336 4053 percipite
2354 3980 2422 4043 ⁸⁷,
2447 3989 2500 4034 et
2534 3979 2761 4049 reliqua.
2788 3978 2913 4036 Haec
2943 3989 3122 4034 autem
3156 3996 3277 4050 qua:
3306 3996 3399 4035 ca-

1827 4077 1908 4130 nit
1937 4075 2056 4144 apis
2081 4088 2203 4129 esse
2227 4071 2407 4136 debet,
2439 4069 2596 4139 cujus
2627 4084 2766 4138 opus
2792 4069 2897 4123 tale
2923 4081 3026 4134 est,
3054 4079 3112 4124 ut
3139 4085 3206 4125 eo
3241 4086 3395 4139 rcges

1826 4176 1880 4223 et
1915 4167 2226 4222 mediocres
2252 4170 2475 4218 utantur
2508 4160 2576 4214 ad
2612 4160 2917 4214 sanitatem.
2960 4159 3206 4216 Debbora
3246 4177 3396 4214 nam-

1826 4273 1933 4330 que
1983 4257 2101 4326 apis
2145 4256 2533 4323 interpretatur
2575 4266 2698 4320 qua:
2748 4250 2890 4307 istud
2916 4251 3186 4308 canticum
3215 4254 3394 4321 canit,

1827 4353 1920 4409 sed
1960 4361 2013 4406 et
2048 4347 2256 4403 Barach
2293 4361 2413 4400 cum
2458 4343 2616 4414 ipsa:
2655 4345 3040 4412 interpretatur
3067 4352 3246 4399 autem
3292 4343 3398 4400 Ba-

1828 4443 1957 4500 raclt
2002 4438 2330 4498 coruscatio.
2381 4435 2449 4491 Et
2489 4437 2709 4491 canitur
2763 4435 2909 4491 istud
2958 4437 3229 4492 canticum
3277 4445 3399 4504 post

167 4553 300 4610 istam
347 4518 746 4626 perfectionem
777 4565 1022 4621 sponsas,
1065 4563 1186 4620 qua:
1213 4518 1267 4600 in
1302 4545 1407 4599 hac
1452 4542 1722 4612 scriptura
1756 4518 1802 4573 D
1828 4535 2109 4592 victoriam
2137 4573 2152 4598 ,
2192 4530 2322 4626 quia
2337 4536 2607 4626 necante
2632 4526 2964 4626 quis-potest
2997 4527 3399 4626 quat-perlecta

167 4649 466 4714 continetur,
491 4645 607 4702 nisi
632 4644 788 4715 prius
815 4641 1058 4698 ambulet
1090 4655 1187 4712 per
1220 4639 1428 4694 siccum
1460 4634 1516 4688 in
1540 4632 1723 4688 medio

166 4742 311 4809 mari,
341 4752 394 4798 et
428 4744 527 4797 tiat
564 4739 614 4795 ei
654 4753 795 4810 aqua
831 4749 1019 4791 murus
1055 4749 1085 4788 a
1112 4733 1333 4787 dextera
1364 4730 1628 4797 laevaque,
1669 4733 1724 4779 et

165 4833 230 4889 sic
251 4835 438 4890 evadat
471 4834 547 4894 de
592 4830 847 4886 manibus
897 4825 1308 4898 Egyptiorum;
1340 4821 1413 4875 ita
1449 4829 1508 4873 ut
1546 4817 1726 4872 videat

165 4938 242 4980 eos
266 4935 515 4982 mortuos
544 4922 616 4978 ad
638 4924 792 4978 littus
824 4920 1015 4982 maris,
1050 4927 1214 4988 atque
1244 4915 1463 4968 intuens
1496 4922 1718 4965 manum

166 5016 333 5074 fortem
372 5017 638 5084 Domini,
686 5015 816 5085 quia
865 5009 1135 5068 interfecit
1178 5007 1492 5078 Egyptios,
1537 5003 1726 5059 credat

165 5107 372 5169 Domino
417 5121 476 5167 et
523 5109 731 5165 famulo
765 5106 883 5178 ejus
920 5103 1114 5175 Moysi.
1157 5099 1328 5170 Moysi
1371 5106 1555 5152 autem
1601 5092 1724 5149 dico

165 5202 250 5276 legi
273 5219 438 5278 atque
465 5202 802 5274 Evangeliis,
833 5198 1201 5267 omnibusque
1236 5191 1438 5249 divinis
1472 5187 1723 5258 Scriptu-

221 5411 258 5442 ¹⁷
296 5411 474 5464 Exod.
515 5425 619 5464 xxx
678 5405 767 5461 29.
842 5404 888 5436 "
921 5401 1081 5458 Rom.
1109 5415 1222 5454 xvr.
1298 5397 1344 5430 "
1382 5393 1500 5450 Gal.
1532 5407 1618 5456 tu,
1643 5389 1733 5446 i9.
1810 5385 1857 5418 “
1895 5383 2050 5438 Cant.
2078 5395 2116 5462 ε,

236 5482 334 5518 tum
397 5483 467 5518 ιη
552 5449 643 5518 η’
749 5477 795 5509 οι
825 5475 981 5518 Dein-
1017 5487 1183 5518 xxxi.
1217 5470 1301 5518 19.
1397 5466 1441 5497 ⁸⁸
1481 5463 1639 5518 Deut.
1677 5473 1849 5518 xxxtt,
1883 5457 1934 5509 1.
2013 5450 2196 5506 “tbtd

167 5478 204 5509 “
235 5482 359 5537 ibid.
397 5483 467 5538 Π
489 5520 506 5544 ,
552 5470 643 5534 18.
749 5477 795 5509 ⁸⁵
824 5475 982 5530 Deut.
1017 5487 1146 5528 xxxt
1169 5510 1184 5534 ,
1217 5470 1301 5525 l9.

224 5601 324 5673 (2'2)
367 5601 538 5673 Mss.,
571 5592 1209 5673 tractatibus._lmprcssi,
1240 5584 1620 5673 tractantibus:

370 5655 443 5726 ln'
470 5655 640 5725 libris
688 5670 969 5743 impressis
994 5655 1135 5743 “post
1176 5655 1717 5743 decant‘arihadditur

163 5735 369 5867 ﬁdem,
403 5744 555 5816 quod
580 5744 736 5798 abest
763 5735 831 5796 ab
861 5737 1114 5797 omnibus
1147 5747 1282 5789 mss.
1320 5735 1505 5800 utpote
1530 5739 1720 5797 super-

199 5831 312 5869 cum

1827 4634 1958 4684 sunt
1984 4638 2216 4688 canere,
2244 4622 2349 4677 nisi
2380 4621 2472 4675 ubi
2503 4619 2847 4676 adversarios
2879 4619 3085 4674 vicerit.
3120 4619 3211 4675 Sic
3237 4619 3395 4674 deni-

1827 4737 1936 4792 que
1981 4727 2035 4774 ct
2073 4718 2128 4772 in
2175 4717 2294 4785 ipso
2335 4715 2549 4769 cantico
2578 4712 2778 4768 dicitur
2810 4729 2824 4764 :
2865 4711 3122 4782 Exsurge,
3156 4728 3396 4784 exsurge,

1830 4808 2108 4872 Debbora,
2159 4803 2426 4859 exsuscita
2485 4801 2660 4856 millia
2705 4802 2908 4871 populi.
2980 4801 3253 4871 Exsurge,
3305 4817 3398 4855 ex-

1829 4917 2004 4973 surge,
2047 4914 2176 4953 cane
2201 4897 2500 4962 canticum,
2532 4910 2773 4964 exsurge,
2801 4893 3086 4948 Barcen“.
3117 4891 3314 4948 Verum
3343 4903 3398 4947 et

1825 4997 1896 5051 de
1937 4995 2024 5049 bis
2052 4991 2270 5062 plenius
2312 4989 2365 5044 in
2404 4989 2512 5043 illis
2558 4987 2920 5043 oratiunculis
2951 5001 3088 5055 quas
3118 4985 3185 5039 de
3213 4984 3395 5039 libello

1823 5086 2081 5142 Judicum
2114 5081 2408 5144 edidimus,
2435 5078 2669 5134 disserta
2695 5077 2949 5146 reperies.
2975 5074 3238 5141 Quintum
3275 5086 3397 5145 post

1827 5181 1944 5237 lucc
1973 5177 2251 5236 canticum
2276 5181 2360 5229 est
2385 5171 2440 5226 in
2474 5167 2716 5228 secundo
2744 5167 2884 5223 libro
2913 5164 3245 5238 Regnorum,
3271 5183 3393 5220 cum

2301 5376 2349 5408 “
2391 5374 2560 5429 Exod.
2598 5389 2691 5436 xv,
2720 5372 2772 5426 l.
2881 5371 2926 5404 “
2965 5370 3125 5427 Num.
3158 5388 3272 5436 xxi,
3305 5373 3372 5427 16

2013 5454 2060 5486 “
2083 5441 2218 5506 ibid.
2246 5447 2302 5503 2.
2379 5447 2421 5478 ⁸⁷
2452 5443 2578 5500 Jud.
2603 5459 2657 5509 ν,
2691 5443 2744 5510 1,
2768 5441 2824 5510 2,
2855 5443 2910 5499 3.
2987 5443 3035 5477 “
3072 5443 3203 5498 ibid.
3238 5442 3325 5499 12.

1897 5575 2010 5642 (Ἡ)
2051 5571 2145 5626 Sic
2185 5583 2352 5632 mss.;
2390 5565 2514 5621 libri
2550 5580 2678 5621 vero
2712 5563 2873 5632 editi,
2909 5580 3025 5635 qua:
3059 5565 3105 5618 si
3141 5565 3395 5635 perfecta,

1815 5663 1942 5717 ergo
1966 5641 2012 5698 et
2044 5641 2277 5717 perfecti.

1901 5703 2010 5784 (25)
2044 5703 2192 5784 Mss.
2224 5713 2334 5784 ltoc
2373 5709 2490 5764 loco
2525 5719 2578 5764 et
2623 5707 2798 5774 infra,
2848 5704 3195 5777 glori/iratus.
3238 5703 3394 5763 Libb.

1831 5782 2409 5853 editi,’ltanori[icatus.
