3872 6528
479 357 544 414 79

472 473 687 528 locutus
719 481 803 526 cst
832 469 998 527 David
1023 472 1090 528 ad
1136 471 1427 528 Dominum
1459 473 1626 529 verba
1656 474 1855 529 cantici
1880 472 2045 542 hujus
2074 475 2120 535 Δ

474 565 531 622 in
556 567 644 621 die
665 582 770 637 qua
803 566 1050 622 liberavit
1071 582 1197 623 eum
1231 564 1495 622 Dominus
1518 565 1584 621 de
1608 581 1772 621 manu
1796 565 2042 620 omnium

473 658 820 715 inimicorum
862 673 1087 714 suorum
1111 701 1128 729 ,
1162 667 1216 713 et
1244 658 1313 714 de
1362 672 1530 713 manu
1566 656 1732 725 Saul,
1769 666 1824 713 et
1853 655 1991 711 dixit
2025 674 2042 712 :

473 749 728 804 Dominus
753 749 880 805 mihi
915 758 1062 819 petra
1089 759 1140 804 et
1169 749 1390 803 munitio
1416 764 1549 818 mea,
1574 747 1824 803 liberator
1856 748 2045 803 Domi-

471 857 591 908 nus,
618 840 757 896 Deus
784 857 927 895 meus
956 850 1132 896 custos
1164 841 1262 897 erit
1302 840 1433 895 mihi
1454 841 1520 895 ⁸³.
1548 840 1605 895 Si
1633 855 1763 913 ergo
1789 849 1845 896 et
1876 849 1930 895 tu
1956 855 2053 911 po-

471 936 641 992 tueris
672 934 1024 991 considerare
1045 933 1137 1004 qui
1167 941 1296 989 sunt
1345 932 1553 989 inimici
1586 931 1754 988 David
1775 970 1791 998 ,
1827 946 1966 1003 quos
1990 932 2046 986 in

470 1029 650 1100 primo
684 1036 739 1085 et
774 1027 1014 1083 secundo
1044 1025 1359 1098 Regnorum
1402 1026 1543 1084 libro
1567 1033 1789 1097 superat
1827 1040 1892 1082 ac
1918 1040 2046 1096 pro-

471 1122 700 1188 sternit,
746 1131 801 1176 et
838 1118 1114 1189 quomodo
1163 1107 1364 1191 dignus
1401 1118 1580 1176 factus
1621 1127 1708 1176 est
1739 1127 1801 1175 ut
1829 1116 2044 1172 Domini

470 1213 801 1284 adiutorium
851 1221 1153 1269 mereretur
1183 1221 1238 1269 et
1272 1213 1598 1269 liberaretur
1624 1212 1693 1268 ab
1730 1209 2046 1282 huiusmodi

469 1304 751 1361 inimicis:
782 1315 912 1360 tunc
944 1307 1147 1374 poteris
1189 1313 1244 1360 et
1280 1315 1336 1360 tu
1390 1286 1640 1376 quint'um
1688 1303 1833 1360 istud
1876 1303 2050 1358 canti-

470 1413 597 1453 cum
626 1412 851 1453 canere.
886 1395 1114 1453 Sextum
1146 1406 1231 1453 est
1257 1398 1532 1453 canticum
1578 1396 1634 1451 in
1671 1396 1848 1468 primo
1877 1395 2038 1452 Para-

470 1491 782 1563 lipomenon
807 1490 977 1557 libro,
1018 1490 1112 1546 ubi
1167 1491 1455 1546 constituit
1486 1488 1656 1545 David
1686 1489 1741 1543 in
1776 1487 2048 1560 principio

472 1584 540 1640 ad
570 1583 901 1639 laudandum
930 1581 1219 1640 Dominum
1260 1583 1466 1653 Asaph,
1499 1590 1555 1638 et
1583 1580 1779 1641 fratres
1802 1580 1922 1652 ejus
1943 1622 1960 1647 ,
1995 1589 2049 1635 ct

470 1683 555 1731 est
593 1673 809 1731 initium
847 1675 1046 1731 cantici
1093 1676 1250 1731 istius
1282 1675 1435 1729 tale:
1470 1672 1715 1728 Laudate
1761 1672 2046 1727 Dominum

469 1775 521 1822 ct
551 1766 871 1835 conﬁtemini
891 1807 907 1829 ,
943 1777 993 1822 et
1024 1767 1261 1822 invocate
1291 1782 1408 1820 eum
1454 1767 1509 1820 in
1549 1767 1757 1821 nomine
1785 1765 1934 1830 eius,
1960 1781 2048 1818 no-

474 1867 558 1913 tus
600 1858 762 1927 facite
792 1859 849 1913 in
875 1858 1083 1930 populis
1122 1859 1413 1914 voluntates
1460 1859 1611 1929 ejus,
1653 1859 1825 1913 canite
1861 1860 1910 1912 ei
1932 1898 1947 1921 ,
1992 1871 2041 1912 et
2077 1855 2115 1910 Β

470 1948 721 2021 hymnum
764 1951 954 2015 dicite,
998 1960 1217 2006 narrate
1255 1967 1433 2006 omnes
1488 1951 1883 2006 adinventiones
1928 1948 2045 2021 ejus

469 2058 601 2114 quas
648 2042 767 2112 fecit
810 2043 1069 2098 Dominus
1091 2043 1176 2111 ⁷⁸,
1221 2052 1327 2099 etc.
1375 2042 1669 2100 Sciendum
1728 2054 1913 2099 tamen
1963 2052 2049 2099 est

471 2135 617 2203 quod
641 2134 915 2190 canticum
940 2136 1159 2205 quidem
1183 2135 1329 2206 quod
1356 2143 1442 2191 est
1469 2136 1524 2191 in
1553 2137 1794 2192 secundo
1826 2135 2047 2204 Regno-

472 2237 595 2277 rum
621 2223 795 2290 libro,
830 2224 983 2279 valde
1021 2224 1203 2280 simile
1239 2234 1323 2282 est
1365 2226 1578 2295 psalmo
1607 2242 1738 2283 xvn.
1765 2225 1921 2293 Quod
1954 2242 2050 2282 au-

473 2324 579 2369 tem
627 2324 711 2372 est
760 2317 813 2370 in
865 2316 1040 2386 primo
1098 2317 1238 2372 libro
1280 2316 1732 2389 Paralipomenon
1777 2321 1835 2375 in
1880 2318 2049 2376 initiis

472 2407 692 2477 quidem
725 2423 897 2478 usque
926 2409 994 2467 ad
1024 2425 1150 2465 eum
1178 2410 1358 2466 locum
1389 2412 1481 2466 ubi
1529 2411 1703 2467 dicit:
1738 2411 1808 2467 Et
1840 2413 1895 2469 in
1924 2428 2048 2484 pro-

471 2497 638 2565 phetis
688 2497 847 2554 nolite
903 2500 1191 2572 malignari
1220 2543 1236 2569 ,
1295 2503 1474 2559 simile
1529 2512 1616 2559 est
1671 2520 1760 2561 civ
1807 2506 2042 2577 psalmo.

470 2587 779 2647 Posteriora
809 2607 939 2647 vero
965 2593 1035 2649 ab
1078 2593 1183 2650 hoc
1221 2592 1342 2652 loco
1399 2595 1808 2653 similitudinem
1853 2609 2049 2670 gerunt

470 2683 772 2752 primarum
804 2685 1041 2755 partium
1075 2700 1178 2742 xcv
1224 2687 1397 2758 psai.,
1432 2688 1524 2744 ubi
1550 2688 1790 2745 dicitur:
1823 2688 2050 2747 Cantate

472 2772 722 2842 Domino,
752 2777 923 2831 omnis
950 2785 1113 2844 terra,
1137 2793 1312 2850 usque
1343 2780 1412 2835 ad
1435 2795 1561 2836 eum
1595 2781 1774 2839 locum
1808 2782 1899 2838 ubi
1929 2784 2005 2839 ait
2031 2801 2045 2839 :

475 2863 616 2930 Quia
650 2869 788 2922 venit
813 2868 1061 2937 judicare
1094 2879 1309 2925 terram.
1343 2871 1512 2942 Igitur
1540 2873 1589 2930 si
1629 2874 1683 2931 in
1710 2866 1797 2931 his
1826 2876 2045 2931 conclu-

471 2958 685 3016 dendus
730 2969 815 3015 est
862 2977 1126 3018 numerus
1171 2963 1540 3034 canticorum,
1575 2967 1805 3037 septimo
1837 2968 1892 3022 in
1926 2967 2051 3025 loco

471 3052 755 3123 ponendus
794 3054 1062 3110 videbitur
1103 3056 1239 3111 liber
1285 3057 1374 3115 hic
1422 3058 1633 3117 Cantici
1684 3061 2046 3117 canticorum.

474 3141 532 3197 Si
564 3143 691 3212 quis
718 3158 847 3198 vero
890 3144 1053 3199 etiam
1093 3145 1249 3201 Isaia:
1277 3146 1549 3203 canticum
1573 3149 1618 3180 “
1671 3163 1794 3205 cum
1837 3148 2049 3205 caeteris

472 3236 872 3293 numerandum
902 3245 1096 3306 putet,
1151 3237 1278 3294 licet
1307 3254 1417 3315 non
1446 3240 1604 3297 valde
1635 3241 1931 3297 convenire
1962 3240 2048 3296 vi-
2075 3215 2121 3279 (ἶ

470 3325 685 3393 deatur,
746 3336 807 3382 ut
860 3329 1208 3398 praecessisse
1270 3338 1488 3400 putetur
1534 3330 1689 3388 Isaiae
1734 3332 2047 3398 canticum,

471 3418 620 3489 quod
651 3420 810 3490 longe
829 3419 1225 3490 posterioribus
1252 3423 1588 3493 temporibus
1615 3422 1786 3480 Isaias
1813 3424 2049 3495 scripse-

472 3510 545 3566 rit
573 3528 587 3566 :
620 3519 798 3566 tamen
831 3512 879 3567 si
907 3512 1031 3583 quis
1064 3522 1215 3583 putet
1240 3514 1387 3586 quod
1421 3514 1736 3585 prophetica
1764 3516 1910 3572 dicta
1938 3532 2048 3572 non

470 3604 843 3677 temporibus,
892 3605 987 3662 sed
1020 3606 1230 3661 ratione
1286 3605 1566 3676 pensanda
1596 3607 1747 3673 sint,
1794 3608 2052 3681 adiunget

469 3698 634 3754 ctiam
669 3696 799 3752 illud
831 3697 1142 3765 canticum;
1175 3708 1230 3753 et
1256 3698 1401 3754 dicet
1440 3699 1549 3755 hoc
1592 3699 1738 3771 quod
1786 3697 2050 3756 Salomon

468 3790 670 3848 cecinit
721 3789 1009 3845 Canticum
1038 3804 1161 3848 esse
1191 3789 1530 3847 canticon
1564 3805 1676 3848 non
1708 3802 1919 3847 tantum
1956 3808 2048 3849 eo-

470 3899 592 3938 rum
617 3897 741 3954 quaa
767 3882 921 3954 prius
940 3920 956 3947 ,
992 3881 1088 3938 sed
1113 3890 1169 3938 et
1192 3897 1384 3938 eorum
1412 3898 1536 3954 quas
1561 3884 1912 3955 postmodum
1949 3900 2045 3941 ca-

470 3975 648 4031 nenda
673 3975 1018 4031 videbantur.
1047 3972 1105 4030 Si
1136 3974 1261 4045 quis
1284 3988 1415 4031 vero
1442 3985 1596 4046 putet
1623 3975 1789 4032 etiam
1816 3990 1882 4033 ex
1907 3977 2049 4034 libro

471 4064 812 4122 Psalmornm
840 4065 1041 4121 debere
1065 4066 1307 4131 assumi,
1341 4067 1519 4124 sicubi
1559 4068 1612 4123 in
1647 4083 1714 4124 eo
1758 4070 1841 4125 vel
1874 4071 2049 4127 canti-

466 4172 593 4212 cum
629 4158 909 4222 scribitur,
938 4157 1024 4212 vel
1062 4159 1335 4215 canticum
1368 4160 1606 4229 psalmi,
1644 4162 2045 4219 multitudinem

470 4248 818 4320 congregahit
836 4247 1255 4319 praecedentium
1283 4249 1649 4306 canticorum.
1678 4251 1879 4324 Jungct
1897 4256 2043 4311 enim

468 4340 679 4395 caeteris
719 4341 883 4395 etiam
923 4355 995 4394 xv
1038 4339 1202 4394 simul
1246 4341 1513 4411 graduum
1574 4345 1826 4399 cantica:
1857 4354 1913 4401 et
1960 4363 2045 4402 rc-

468 4430 695 4502 quirens
724 4432 1069 4502 singulorum
1103 4432 1331 4488 virtutes
1361 4433 1702 4489 canticorum
1723 4474 1739 4501 ,
1776 4444 1943 4508 atque
1978 4455 2045 4495 ex

1522 356 1844 415 ORIGENIS
1875 355 1944 412 IN
1981 353 2341 413 CANTICUM
2377 354 2652 412 CANTIC.

3198 312 3225 332 κ

3607 367 3666 429 80

2150 470 2206 527 in
2244 471 2334 529 his
2372 472 2550 530 tribus
2595 472 2794 530 libellis
2832 473 3092 531 voluntati
3134 473 3365 545 Spiritus
3398 479 3583 538 sancti.
3618 481 3665 535 i’i

2147 563 2459 621 Proverbiis
2511 566 2729 636 quidem
2779 566 2993 622 dicatur
3042 565 3297 622 Salomon
3346 568 3480 625 [ilius
3524 568 3667 626 David

2147 658 2241 729 qui
2290 658 2538 729 regnavit
2579 660 2634 714 in
2675 657 2932 726 Israel";
2984 663 3038 715 in
3085 661 3322 717 secundo
3353 677 3476 718 vero
3514 663 3669 718 libi-llo

2147 766 2256 807 non
2289 749 2547 807 Salomon
2594 751 2885 819 scribitur,
2933 752 3026 809 sed
3056 752 3238 817 verba,
3282 753 3480 823 inquit,
3516 752 3672 811 Eccle-

2146 842 2327 899 siaste:
2354 842 2455 913 ﬁlii
2489 841 2655 897 David
2682 844 2817 916 regis
2847 843 3019 899 Israel
3044 845 3098 897 in
3138 842 3429 898 Jerusalem
3447 842 3520 909 ";
3543 852 3591 900 et
3616 845 3670 897 lio

2147 935 2281 991 lium
2313 934 2530 1006 quidem
2558 950 2617 990 se
2640 949 2763 992 esse
2795 933 2965 991 David
2985 974 3003 1003 ,
3033 935 3283 992 similiter
3315 945 3373 990 ut
3420 935 3471 990 in
3501 935 3673 1005 primo,

2147 1037 2203 1085 et
2223 1043 2405 1100 regem
2440 1028 2606 1084 Israel
2629 1027 2842 1095 scribit,
2874 1028 2967 1083 sed
3001 1027 3073 1090 ibi
3100 1028 3400 1099 proverbia,
3426 1026 3509 1082 hic
3535 1027 3675 1082 verba

2149 1122 2336 1193 ponit;
2374 1131 2429 1179 et
2461 1122 2701 1193 seipsum
2729 1137 2891 1195 quem
2921 1123 2992 1179 ibi
3025 1122 3390 1184 Salomonem,
3414 1120 3496 1173 hic
3515 1117 3677 1172 Eccle-

2150 1214 2352 1269 siastcn
2393 1215 2658 1270 nominat.
2696 1214 2912 1271 Etcum
2953 1214 3026 1270 ibi
3056 1221 3269 1285 gentem
3320 1200 3484 1268 solam
3510 1209 3560 1265 in
3585 1223 3678 1279 qua

2149 1315 2469 1376 regnaverat
2499 1307 2793 1377 posuisset,
2812 1306 2903 1362 hic
2927 1316 2980 1361 et
3002 1313 3215 1377 gentem
3237 1303 3434 1375 posuit,
3455 1309 3505 1357 et
3522 1301 3677 1355 locum

2151 1397 2302 1468 regni
2342 1396 2644 1455 Jerusalem
2691 1399 2960 1472 designat.
3006 1397 3066 1453 In
3106 1396 3334 1454 Cautico
3373 1395 3677 1453 canticorum

2148 1504 2279 1545 vero
2328 1504 2504 1562 neque
2548 1490 2726 1566 gentis
2772 1507 3009 1560 nomen,
3056 1506 3231 1562 neque
3271 1488 3446 1544 locum
3496 1486 3546 1541 in
3589 1499 3683 1551 quo

2150 1591 2371 1653 regnet,
2423 1598 2601 1655 neque
2632 1584 2859 1640 omnino
2887 1583 3032 1654 quod
3080 1597 3173 1638 rex
3211 1580 3316 1645 sit,
3362 1592 3531 1648 neque
3555 1573 3684 1646 quod

2150 1685 2358 1747 patrem
2420 1676 2586 1732 David
2651 1677 2849 1733 habeat
2911 1666 3138 1741 scribit,
3192 1675 3284 1732 sed
3340 1668 3685 1729 tantummodo

2153 1767 2455 1835 Canticum,
2485 1767 2582 1833 ait,
2608 1768 2935 1822 canticorum
2958 1766 3097 1838 quod
3127 1775 3205 1822 est
3225 1764 3327 1831 ipsi
3361 1759 3681 1818 Salomoni".

2145 1861 2212 1917 Et
2239 1861 2492 1932 quamvis
2523 1860 2740 1917 dillicile
2765 1859 2900 1915 mibi
2930 1861 3215 1925 videatur,
3244 1864 3336 1913 aut
3363 1849 3683 1927 perscrutari,

2147 1959 2243 2008 aut
2289 1952 2597 2024 pertingere
2640 1966 2803 2024 posse
2845 1955 3043 2007 horum
3083 1949 3442 2011 diﬂereutias,
3486 1952 3575 2002 aut
3612 1952 3685 1999 ut~

2147 2061 2363 2117 cunque
2413 2045 2764 2117 investigatas
2802 2043 2983 2115 palam
3022 2042 3270 2115 proferre
3291 2081 3308 2108 ,
3353 2050 3409 2097 et
3453 2034 3685 2095 chartulis

2147 2138 2368 2195 credere
2411 2155 2425 2192 :
2474 2145 2657 2193 tamen
2706 2136 2764 2191 in
2816 2144 3082 2206 quantum
3135 2148 3332 2206 capere
3375 2130 3456 2186 vel
3517 2140 3688 2184 sensus

2147 2239 2334 2289 uoster
2356 2273 2373 2300 ,
2403 2231 2489 2287 vel
2517 2230 2739 2287 auditus
2778 2229 3072 2301 legentium
3105 2237 3317 2300 potest.
3371 2223 3551 2297 paucis
3576 2234 3688 2290 ape-

2148 2322 2259 2380 rire
2301 2323 2657 2382 tentabimus.
2713 2319 2774 2377 In
2817 2321 3069 2392 plurimis
3116 2321 3464 2379 Salomouem
3510 2312 3687 2372 Christi

2147 2414 2255 2488 35
2286 2424 2468 2488 typum
2499 2413 2663 2482 ferre,
2696 2413 2781 2469 vel
2814 2414 3117 2470 secundum
3154 2412 3303 2485 quod
3339 2409 3583 2483 paciﬁcus
3617 2405 3687 2461 di-

2150 2509 2318 2576 citur,
2355 2508 2438 2565 vel
2465 2508 2766 2564 secundum
2792 2507 2899 2563 hoc
2926 2508 3072 2577 quod
3106 2507 3293 2579 regina
3318 2501 3484 2561 austri
3508 2499 3638 2557 venit
3663 2511 3689 2550 θ

2149 2601 2348 2657 ﬁnibus
2371 2609 2523 2657 terra:
2545 2601 2736 2657 audire
2757 2602 3074 2673 sapientiam
3106 2598 3435 2664 Salomonis,
3457 2610 3559 2651 non
3578 2602 3689 2664 puto

2150 2695 2528 2750 dubitandum.
2567 2694 2667 2751 Hic
2693 2710 2825 2766 ergo
2853 2706 2908 2750 et
2936 2693 3239 2750 secundum
3265 2691 3410 2764 quod
3437 2688 3573 2746 ﬁlius
3603 2684 3675 2738 Da-

2151 2787 2236 2842 vid
2266 2787 2485 2854 dicitur,
2517 2796 2707 2859 regnat
2730 2787 2785 2841 in
2814 2784 2999 2855 Israel,
3027 2795 3083 2843 et
3112 2785 3414 2843 secundum
3443 2779 3579 2853 quod
3609 2791 3682 2832 su-

2149 2893 2248 2949 pra
2275 2891 2371 2933 eos
2395 2894 2551 2950 reges
2590 2893 2692 2949 pro
2743 2878 2944 2950 quibus
2988 2879 3103 2950 ipse
3138 2894 3236 2935 rex
3276 2889 3457 2948 regum
3494 2869 3690 2932 dicitur.

2150 2977 2360 3041 regnat.
2407 2968 2471 3025 Et
2502 2985 2695 3026 rursus
2728 2984 2895 3027 verus
2943 2969 3304 3028 Ecclesiastes
3332 2968 3446 3039 ipse
3471 2971 3582 3030 est,
3614 2960 3693 3030 qui

2151 3078 2267 3116 cum
2298 3063 2351 3117 in
2392 3063 2566 3133 forma
2594 3063 2687 3119 Dei
2718 3074 2872 3131 esset,
2908 3065 3246 3136 semetipsum
3279 3047 3558 3118 exinanivit
3598 3053 3692 3123 for-

2150 3171 2292 3209 mam
2312 3156 2447 3211 servi
2483 3146 2835 3226 accipiens",
2862 3164 2922 3212 ut
2941 3164 3299 3228 coagregaret
3328 3149 3608 3208 Ecclesiam
3629 3158 3643 3209 ;
3666 3157 3693 3195 α
3797 3171 3801 3175 ν

2152 3246 2531 3318 congreganda
2562 3247 2708 3303 enim
2738 3247 3034 3304 Ecclesiam
3078 3246 3440 3303 Ecclesiastes
3477 3235 3690 3310 appella-

2152 3346 2262 3394 tur.
2290 3337 2428 3393 Tum
2466 3353 2595 3394 vero
2625 3339 2752 3410 quis
2779 3338 2854 3394 ita
2883 3337 3164 3405 Salomon,
3213 3339 3267 3394 id
3298 3345 3383 3394 est
3421 3331 3657 3406 paciﬁcus
3678 3366 3692 3390 ο

2150 3429 2297 3485 sicut
2332 3427 2595 3484 Dominus
2617 3437 2802 3485 noster
2829 3426 2990 3485 Iesus
3014 3428 3291 3497 Christus,
3321 3427 3411 3499 qui
3431 3426 3595 3493 [actus
3628 3426 3693 3472 est

2152 3520 2297 3575 nobis
2336 3518 2599 3589 sapientia
2626 3536 2660 3574 a
2685 3519 2790 3575 Deo
2813 3529 2863 3575 et
2889 3520 3109 3590 justitia
3127 3533 3176 3575 et
3207 3535 3316 3591 pax
3352 3517 3434 3573 "‘l
3468 3513 3625 3585 Igitur
3649 3508 3694 3561 in

2150 3613 2328 3685 primo
2356 3611 2771 3669 Proverbiorum
2798 3613 2939 3670 libro
2965 3628 3088 3669 cum
3116 3629 3217 3671 nos
3243 3609 3536 3668 moralibus
3558 3599 3695 3660 insti-

2153 3705 2595 3776 tuitdisciplinis,
2631 3720 2725 3761 rex
2758 3718 2880 3762 esse
2908 3705 3109 3762 dicitur
3141 3705 3198 3760 in
3246 3703 3450 3770 Israel,
3486 3695 3696 3755 necdum

2152 3799 2206 3853 in
2246 3795 2583 3854 Hierusalem
2626 3800 2804 3870 :quia
2853 3798 2957 3856 etsi
3008 3797 3176 3854 Israel
3219 3798 3471 3856 dicamur
3504 3794 3700 3864 pI‘OPlc"

2149 3892 2332 3959 ﬁdem,
2365 3907 2477 3949 non
2509 3901 2690 3949 tamen
2720 3892 2775 3950 in
2805 3890 2910 3950 hoc
2928 3900 3249 3964 perventum
3279 3900 3369 3951 est
3394 3899 3452 3947 ut
3479 3887 3544 3944 ad
3583 3882 3699 3939 Ilie-

2149 3985 2386 4041 rusalem
2433 3984 2707 4042 ctelestem
2748 3982 3060 4054 pervenisse
3095 3983 3400 4041 videamur.
3448 3976 3548 4038 Ubi
3582 3985 3699 4031 vero

2150 4078 2561 4148 profecerimus,
2596 4086 2657 4131 et
2680 4078 2737 4131 in
2767 4076 2870 4131 hoc
2903 4084 3123 4131 ventum
3157 4074 3347 4145 fuerit,
3381 4084 3441 4132 ut
3466 4067 3700 4128 Ecclesiae

2149 4170 2544 4240 primitivornm
2583 4184 2706 4240 quae
2746 4168 2802 4222 in
2848 4167 3003 4223 ctelis
3039 4177 3160 4232 est,
3200 4170 3512 4232 sociemur,
3555 4169 3700 4230 atque

2151 4262 2488 4318 Hierusalem
2515 4260 2789 4317 ccelestem
2819 4260 3085 4317 discussis
3114 4260 3428 4332 diligentius
3451 4253 3634 4329 priscis
3652 4255 3701 4304 ct

2147 4355 2489 4411 naturalibus
2519 4353 2703 4409 causis
2735 4365 2963 4409 matrem
3000 4362 3242 4409 nostram
3269 4368 3397 4411 esse
3426 4357 3701 4421 cognosca-

2151 4464 2274 4504 tnus
2299 4447 2572 4503 caelestem
2607 4465 2621 4501 :
2657 4454 2785 4503 tunc
2807 4448 2921 4519 iam
2949 4446 3106 4503 nobis
3132 4445 3295 4502 etiam
3323 4447 3441 4517 ipse
3466 4437 3700 4498 Christus

469 4522 558 4578 his
588 4522 922 4593 prolicientis
948 4523 1145 4579 anima:
1167 4525 1369 4595 gradus
1396 4525 1659 4597 colligens
1681 4541 1747 4583 ac
1778 4529 2044 4599 spiritalis
2079 4557 2122 4611 ο
2152 4539 2508 4595 Ecclesiastes
2527 4538 2778 4604 ematur,
2815 4547 2869 4595 ει
2896 4554 3007 4594 non
3036 4538 3213 4595 solum
3243 4538 3298 4592 in
3324 4534 3510 4601 Israel,
3545 4528 3701 4588 sedet

469 4614 714 4671 ordinem
784 4614 980 4669 iterum
1046 4615 1606 4688 consequentiamque
1670 4633 2040 4690 componens,

468 4707 763 4763 ostendere
807 4706 1006 4778 poterit
1045 4720 1210 4778 quam
1248 4709 1557 4780 magnitlcis
1587 4713 1865 4783 gressibus
1894 4714 2046 4771 ince-

467 4797 602 4854 dens
644 4813 843 4869 spon‘sa
887 4814 982 4870 per
1020 4799 1136 4856 hate
1176 4802 1362 4856 omnia
1420 4804 1701 4874 perveniat
1753 4822 1928 4877 usque
1971 4808 2040 4864 ad

468 4888 769 4946 thalamum
802 4890 1032 4961 sponsi,
1079 4889 1388 4964 digrediens
1412 4893 1469 4947 in
1497 4892 1673 4949 locum
1711 4896 2042 4955 tabernaculi

465 4981 796 5038 admirabilis
821 4999 983 5055 usque
1014 4983 1085 5037 ad
1116 4984 1329 5038 domum
1359 4984 1457 5040 Dei
1492 4987 1547 5041 in
1572 5004 1692 5043 voce
1716 4992 2036 5046 exsultatio.

466 5074 547 5127 nis
575 5084 625 5131 et
651 5076 996 5145 confessionis
1025 5091 1184 5130 sonus
1215 5076 1576 5146 cpulantis";
1612 5087 1669 5135 et
1712 5084 2036 5152 perveniens

467 5180 641 5235 usque
671 5166 737 5221 ad
767 5167 947 5236 ipsum
967 5209 983 5233 ,
1014 5175 1075 5222 ut
1117 5167 1385 5232 diximus,
1416 5170 1717 5225 thalamum
1751 5175 1939 5243 sponsi
1977 5184 2037 5230 ut

466 5257 651 5313 audiat
676 5266 731 5314 et
770 5256 1026 5328 loquatur
1055 5269 1253 5315 cuncta
1299 5260 1414 5317 haec
1440 5277 1562 5332 quae
1599 5266 1950 5322 continentur
1979 5268 2033 5323 in

465 5344 692 5407 Cautico
749 5348 1110 5411 canticorum.
1160 5351 1355 5408 Adhuc
1402 5363 1585 5408 autem
1638 5371 1930 5426 possumus
1979 5370 2034 5417 et

465 5440 581 5496 haec
625 5440 898 5511 inquirere
937 5442 1254 5514 priusquam
1288 5445 1356 5500 ad
1412 5445 1590 5516 ipsum
1631 5462 1831 5519 corpus
1864 5452 2033 5508 libelli

464 5533 786 5591 veniamus:
816 5550 914 5591 cur
954 5533 1210 5593 Salomon
1264 5539 1355 5609 qui
1393 5540 1608 5595 videtur
1653 5543 2032 5614 obtemperare

535 5742 582 5777 "
624 5744 663 5798 II
698 5742 829 5815 Reg.
855 5761 992 5808 xx",
1021 5745 1077 5809 ‘2,
1103 5748 1155 5800 '5.

466 5815 509 5849 "
548 5814 706 5872 Cant.
738 5814 856 5881 1,77.
942 5818 987 5850 "
1012 5818 1386 5890 Philipp.tt,6,
1401 5824 1451 5877 7.
1510 5821 1552 5854 ’τ
1588 5820 1609 5875 l
1639 5814 1775 5878 Cor.
1810 5824 1861 5893 i,
1889 5824 1976 5881 30.
2055 5829 2100 5859 ⁷⁸

1244 5749 1289 5779 ⁷ο
1328 5751 1346 5802 l
1376 5748 1554 5804 I’araI.
1587 5767 1696 5813 xvr.
1724 5752 1779 5817 8,
1811 5753 1865 5810 9.
1940 5758 1985 5788 7‘
2026 5755 2130 5812 Isa.

2143 4631 2197 4685 in
2235 4629 2570 4685 Hierusalem
2604 4645 2832 4701 regnare
2863 4630 3081 4687 dicitur.
3107 4629 3244 4686 Cum
3278 4643 3409 4687 vero
3435 4625 3503 4682 ad
3534 4619 3701 4706 perle-

2140 4717 2375 4772 Ctionem
2425 4717 2673 4773 omnium
2711 4727 2931 4774 ventum
2977 4719 3158 4784 fuerit,
3186 4729 3241 4775 et
3282 4733 3487 4791 sponsa
3511 4714 3559 4770 ei
3588 4723 3701 4783 Pe!“

2141 4809 2282 4867 lecta
2308 4813 2488 4868 omnis
2518 4812 2786 4868 duntaxat
2823 4812 3107 4870 rationalis
3151 4821 3404 4869 creatura
3433 4811 3697 4883 iungetur.

2141 4903 2271 4973 quia
2326 4904 2630 4973 paciticavit
2669 4920 2766 4974 per
2806 4905 3127 4977 sanguinem
3170 4921 3334 4963 suum
3377 4920 3486 4961 nou
3534 4899 3699 4959 solum

2143 5010 2267 5066 quae
2300 4999 2352 5051 in
2384 4997 2545 5053 terris
2582 5003 2731 5063 sunt,
2767 4996 2861 5053 sed
2897 5005 2951 5055 et
2980 5013 3103 5069 quas
3140 4997 3196 5052 in
3249 4998 3406 5054 caelis
3441 4996 3487 5029 "
3522 5012 3536 5048 :
3583 5000 3703 5045 tunc

2142 5088 2397 5146 Salomon
2419 5088 2795 5145 tantummodo
2807 5089 3038 5157 dicetur,
3060 5105 3176 5144 cum
3201 5088 3482 5145 tradiderit
3500 5092 3702 5154 regnum

2140 5179 2251 5235 Deo
2272 5191 2323 5235 et
2353 5180 2531 5245 Patri,
2555 5197 2674 5236 cum
2695 5183 3022 5238 evacuaverit
3046 5197 3247 5237 omnem
3287 5180 3637 5253 principatum
3656 5175 3704 5228 ιϐ

2138 5282 2467 5345 potestatem.
2508 5272 2725 5343 Oportet
2765 5274 2907 5329 enim
2950 5289 3068 5329 eum
3111 5290 3328 5345 regnare
3350 5274 3514 5328 donec
3547 5275 3701 5339 ponat

2137 5366 2378 5420 inimicos
2403 5383 2525 5421 suos
2542 5367 2636 5421 sub
2662 5367 2878 5438 pedibus
2898 5369 3033 5435 suis,
3062 5378 3112 5423 et
3134 5370 3444 5425 novissimus
3467 5364 3704 5422 inimicus

2140 5459 2449 5511 destruatur
2465 5474 2604 5511 mors
2624 5460 2689 5513 ⁷⁹.
2716 5458 2782 5514 Et
2809 5460 2881 5515 ita
2909 5461 3206 5530 pacilicatis
3234 5461 3509 5523 omnibus,
3538 5452 3704 5510 Patri-

2139 5563 2246 5618 que
2279 5549 2559 5619 subiectis,
2578 5564 2702 5605 cum
2722 5551 2827 5605 erit
2837 5550 2951 5622 iam
2978 5550 3119 5608 Deus
3153 5552 3409 5608 omniain
3431 5548 3697 5608 omnibus,

2156 5772 2231 5810 γι.
2308 5757 2355 5789 ’³
2394 5755 2535 5812 Psal.
2567 5772 2676 5821 xu,
2708 5756 2762 5813 5.
2872 5759 2919 5792 ’⁷⁸
2956 5758 3121 5817 Prov.
3151 5777 3187 5816 t.
3290 5764 3336 5794 ⁷⁵
3372 5759 3537 5817 Eccli.
3575 5770 3612 5820 ιο
3648 5770 3695 5805 ’δ’

2138 5826 2352 5882 Coloss.
2404 5843 2441 5893 ι,
2476 5828 2569 5884 ‘20.
2647 5830 2690 5861 τ’
2723 5830 2743 5881 1
2774 5828 2903 5886 Cor.
2931 5847 3021 5898 xv,
3053 5832 3145 5897 2b,
3176 5831 3267 5898 ’25,
3293 5832 3384 5888 26.
