3872 6518
203 419 249 473 ει
1540 432 1653 489 ΡΒ(

1757 435 1808 491 lG
1820 437 1922 495 US.
3288 460 3358 516 82

197 541 390 598 Salomon
403 543 779 611 tantummodo,
800 546 848 601 id
864 557 945 602 est
959 550 1106 605 solus
1121 554 1376 621 paciﬁcus
1395 558 1690 613 uominabi-
1717 561 1762 618 Δ

191 647 268 689 ιυι.
291 632 628 702 Competenter
664 648 795 706 ergo
823 635 876 690 in
909 638 1010 694 hoc
1040 639 1221 698 libello
1255 647 1348 715 qui
1384 648 1451 702 de
1492 664 1680 707 amore

187 739 352 796 sponsze
377 734 422 779 et
443 725 614 794 sponsi
659 736 778 782 erat
821 730 1180 802 scribendus,
1224 736 1384 792 etiam
1431 755 1531 810 pro
1577 742 1679 799 hoc

186 832 319 887 neque
340 815 464 872 ﬁlius
489 814 672 883 David,
704 835 880 890 neque
908 836 1002 876 rex
1022 864 1037 888 ,
1066 840 1244 895 neque
1290 828 1440 890 aliud
1479 832 1675 890 horum

181 911 289 982 quod
332 909 388 964 ad
431 925 741 980 corporeum
776 916 1044 983 pertinere
1077 919 1252 987 possit
1301 922 1632 981 intellectum
1657 970 1673 996 ,

179 1004 398 1068 scribitur,
425 1013 477 1058 ut
503 1005 692 1060 merito
717 1005 784 1062 de
808 1023 872 1062 eo
895 1007 1133 1079 perfecta
1154 1012 1265 1084 jam
1294 1030 1492 1084 sponsa
1507 1018 1673 1088 dicat,

177 1097 272 1168 quia
290 1105 331 1150 et
353 1097 394 1150 si
414 1095 689 1167 aliquando
714 1103 1049 1171 cognovimus
1082 1103 1355 1162 Christum
1386 1112 1673 1166 secundum

174 1205 354 1252 carnem,
375 1187 455 1242 sed
487 1205 616 1242 nunc
629 1189 749 1258 jam
774 1209 874 1246 non
897 1194 1132 1249 novimus
1163 1195 1230 1262 ⁸ο,
1267 1215 1335 1254 ne
1365 1201 1488 1269 quis
1521 1212 1672 1272 putet

170 1294 258 1335 eam
291 1294 578 1350 corporeum
609 1283 812 1354 aliquid
842 1301 1045 1353 amare,
1081 1300 1176 1343 aut
1219 1289 1271 1344 in
1319 1308 1483 1346 carne
1527 1295 1666 1363 pusi-

170 1383 270 1437 tum,
295 1383 339 1428 et
365 1375 562 1428 macula
592 1375 774 1445 aliqua
803 1377 973 1432 amori
1005 1377 1124 1448 ejus
1176 1381 1431 1436 credatur
1464 1383 1666 1441 induci.

167 1464 399 1536 Propterea
426 1466 704 1522 Canticum
732 1469 1066 1524 canticorum
1101 1468 1378 1528 Salomoni
1428 1485 1667 1531 tanturn-

164 1559 285 1612 modo
313 1568 403 1622 est,
429 1575 599 1629 neque
632 1559 742 1614 tilio
777 1562 964 1625 David,
1003 1576 1182 1633 neque
1205 1564 1318 1636 regi
1353 1564 1541 1634 Israel,
1571 1584 1668 1623 ne-

165 1664 240 1719 que
256 1647 409 1720 aliqua
430 1648 481 1702 in
507 1650 595 1706 bis
625 1667 851 1721 prorsus
877 1652 1136 1708 miscetur
1163 1655 1397 1711 carnalis
1431 1657 1670 1714 nominis

162 1740 464 1812 intelligentia.
505 1741 570 1796 Et
604 1759 670 1798 ne
712 1743 922 1798 mireris
965 1744 1110 1814 quod
1150 1760 1274 1800 cum
1326 1764 1468 1804 unus
1504 1758 1668 1821 atque

160 1833 262 1888 idem
290 1835 351 1889 sit
381 1833 638 1891 Dominus
676 1845 838 1907 atque
864 1838 1112 1896 Salvator
1151 1853 1336 1898 uoster
1361 1883 1377 1907 ,
1416 1843 1665 1900 dicamus

1863 561 1987 620 Haec
2012 575 2191 622 autem
2220 571 2320 626 visi
2352 587 2544 627 sumus
2576 572 2847 630 discutere
2877 577 3036 647 paulo
3065 579 3357 647 curiosius.

1791 655 2028 712 volentes
2052 660 2212 714 etiam
2246 677 2342 732 per
2370 663 2483 720 haec
2513 666 2796 722 ostendere
2819 669 3106 736 rationem,
3136 671 3263 740 quia
3300 674 3355 727 in

1791 746 1928 815 ipsis
1960 764 2178 820 quoque
2198 755 2654 814 attitulationihus
2681 759 2943 816 librorum
2983 778 3208 818 suorum
3251 762 3356 820 Sa-

1784 835 1968 891 lomon
2000 839 2320 898 dilferentiis
2353 862 2486 900 usus
2513 855 2596 902 est
2617 849 2972 916 necessariis,
3021 862 3075 906 et
3110 853 3254 908 aliud
3298 854 3353 908 in

1781 927 2112 1000 Proverbiis,
2142 935 2287 990 aliud
2320 938 2371 990 in
2399 935 2745 1007 Ecclesiaste,
2773 941 2918 995 aliud
2944 941 3106 997 etiam
3137 941 3190 997 in
3210 944 3354 999 Can-

1783 1020 2014 1075 ticorum
2053 1027 2267 1082 cantico
2301 1044 2361 1081 ex
2396 1027 2508 1098 ipsa
2543 1031 2893 1101 inscriptione
2927 1033 3068 1088 tituli
3095 1035 3350 1105 designa-

1781 1112 1876 1168 vit.
1904 1113 1967 1170 Et
1999 1117 2179 1174 adhuc
2206 1121 2352 1190 quod
2392 1123 2443 1176 in
2477 1122 2703 1179 Cautico
2727 1127 3064 1180 canticorum
3117 1127 3208 1180 ubi
3235 1126 3347 1196 jam

1780 1205 2038 1274 perfectio
2061 1212 2385 1278 ostenditur,
2419 1232 2592 1284 neque
2623 1217 2765 1273 ﬁlius
2812 1218 2998 1287 David,
3050 1235 3225 1290 neque
3256 1235 3344 1275 rex

1776 1299 2064 1365 scribitur,
2096 1313 2272 1373 potest
2301 1307 2463 1361 etiam
2504 1308 2609 1364 hoc
2650 1309 2757 1364 dici
2786 1328 2799 1376 ;
2829 1311 2956 1380 quia
3002 1326 3128 1366 cum
3171 1309 3347 1367 factus

1777 1389 1942 1446 fuerit
1970 1408 2162 1450 servus
2191 1397 2331 1452 sicut
2354 1397 2628 1467 dominus,
2661 1411 2716 1456 et
2743 1402 3044 1472 discipulus
3077 1403 3218 1459 sicut
3240 1417 3349 1457 ma-

1773 1493 1962 1553 gister,
1991 1486 2205 1543 videtur
2221 1489 2334 1559 jam
2363 1506 2538 1561 neque
2561 1509 2751 1549 servus
2781 1481 2902 1550 esse
2927 1510 3137 1560 servus,
3168 1492 3347 1549 factus

1777 1575 2026 1632 videlicet
2065 1579 2208 1636 sicut
2236 1581 2512 1650 dominus;
2553 1600 2729 1655 neque
2762 1585 3060 1654 discipulus
3089 1601 3210 1642 esse
3261 1584 3345 1640 di-

1771 1665 2033 1735 scipulus,
2066 1670 2266 1740 quippe
2288 1672 2381 1742 qui
2411 1673 2553 1729 sicut
2578 1676 2836 1746 magister
2867 1674 3090 1732 effectus
3119 1685 3221 1744 est;
3246 1677 3342 1732 sed

1773 1755 1943 1813 fuisse
1965 1760 2184 1830 quidem
2219 1763 2514 1832 aliquando
2541 1765 2862 1836 discipulus,
2895 1783 3039 1822 nunc
3070 1783 3196 1822 vero
3221 1783 3342 1825 esse

1769 1849 1914 1904 sicut
1940 1852 2216 1922 magister;
2251 1861 2305 1908 et
2342 1853 2510 1910 fuisse
2535 1856 2751 1926 quidem
2799 1872 2988 1912 servus
3023 1860 3337 1928 aliquando,

158 1937 251 2022 eum
276 1923 400 2022 velut
430 1925 697 2022 minorem
732 1928 907 1996 primo
936 1929 989 1984 in
1018 1929 1352 1999 Proverbiis,
1389 1945 1442 1990 et
1471 1935 1663 1991 deinde
1695 1936 1737 1991 Β
1767 1959 1912 1998 ιιιιιιε
1947 1959 2072 1999 vero
2097 1960 2220 2000 esse
2243 1947 2384 2001 sicut
2406 1947 2515 2018 36
2548 1923 2825 2004 Dominus.
2862 1949 3034 2004 Simili
3065 1952 3226 2022 igitur
3253 1969 3340 2008 ra-

157 2015 454 2083 proﬁcientem
485 2017 538 2072 in
568 2016 915 2088 Ecclesiaste,
942 2031 995 2077 et
1025 2035 1149 2094 post
1173 2025 1288 2082 haec
1319 2027 1517 2082 habere
1540 2043 1663 2098 per-

156 2104 377 2160 fectionem
413 2106 464 2162 in
489 2107 719 2165 Cantico
751 2113 1122 2179 canticorum,
1159 2129 1284 2170 cum
1333 2115 1448 2172 lucc
1496 2118 1658 2173 etiam

153 2198 192 2251 in
219 2197 483 2269 Evangeliis
525 2201 713 2258 videas
755 2205 990 2275 scripta,
1046 2207 1137 2262 ubi
1183 2217 1404 2278 prOpter
1455 2225 1556 2265 nos
1605 2219 1660 2265 et

151 2289 298 2357 ipsein
327 2290 469 2346 nobis
500 2291 706 2346 dicitur
755 2295 1036 2364 prolicere.
1078 2295 1168 2352 Sic
1218 2298 1364 2352 enim
1400 2298 1655 2364 refertur,

150 2381 240 2449 quia
263 2379 397 2437 Iesus
416 2384 726 2453 proﬁciebat
750 2396 909 2441 ωιιιιε
933 2396 981 2441 et
1007 2390 1270 2458 sapientia
1298 2391 1439 2458 apud
1488 2389 1656 2444 Deum

145 2485 178 2526 et
196 2473 384 2529 homines
409 2476 472 2531 ⁸¹.
500 2475 647 2531 Ριιιυ
670 2495 801 2549 ergo
832 2480 975 2549 quod
1006 2496 1104 2550 pro
1134 2482 1218 2537 his
1246 2482 1523 2548 omnibus,
1555 2497 1653 2536 ne-

145 2582 220 2634 que
245 2568 364 2623 ﬁlius
392 2569 579 2636 David,
609 2587 787 2641 neque
820 2589 911 2628 rex
945 2572 1108 2628 Israel
1139 2575 1396 2630 scribitur
1434 2595 1445 2630 :
1482 2576 1572 2631 sed
1599 2584 1654 2630 et

142 2670 212 2724 pro
235 2673 288 2712 eo
311 2659 496 2726 adhuc,
543 2661 696 2732 quod
726 2662 781 2718 in
815 2664 1040 2720 Cantico
1070 2665 1411 2721 canticorum
1450 2681 1653 2738 sponsa

139 2749 218 2816 jam
241 2750 283 2804 in
308 2761 500 2808 tantum
532 2755 866 2826 profecerat,
912 2769 972 2814 ut
1027 2757 1205 2828 majus
1253 2758 1459 2830 aliquid
1509 2769 1653 2815 esset

139 2857 257 2910 quam
281 2854 352 2900 est
377 2863 599 2918 regnum
635 2850 995 2907 Hierusalem.
1015 2851 1152 2920 Nam
1178 2853 1513 2911 Hierusalem
1540 2869 1652 2910 coe-

139 2933 276 2988 lestern
300 2936 339 2969 ⁶¹
364 2938 490 2994 dicit
513 2941 817 3012 Apostolus
839 2957 980 3009 esse,
1011 2954 1174 3014 atque
1199 2945 1264 3000 ad
1289 2961 1409 3000 eam
1442 2959 1652 3000 memo-

137 3058 193 3102 rat
229 3051 482 3108 credentes
544 3056 832 3110 accedere.
880 3055 1038 3112 Hunc
1083 3074 1212 3128 ergo
1266 3075 1524 3128 sponsum
1580 3061 1646 3116 ad

136 3155 250 3206 quem
277 3159 404 3198 nunc
433 3161 646 3214 sponsa
679 3146 923 3213 festinat,
950 3149 1092 3203 idem
1129 3149 1333 3208 Paulus
1363 3167 1489 3206 cum
1519 3169 1645 3209 eum

134 3231 374 3298 [tantillum
403 3238 713 3292 maximum
746 3238 898 3305 dicit,
929 3240 1004 3294 ita
1029 3238 1098 3294 de
1122 3254 1190 3295 eo
1223 3241 1454 3309 scribit,
1487 3244 1642 3313 quasi

133 3325 197 3390 qui
215 3340 303 3381 non
325 3327 373 3382 in
394 3329 548 3386 caelis
598 3331 708 3396 sit,
740 3331 835 3386 sed
878 3332 1259 3402 pertransierit
1300 3348 1491 3391 omnes
1530 3351 1644 3392 cm-

132 3414 187 3471 los
203 3415 252 3485 ⁸³,
274 3426 320 3473 et
341 3418 466 3476 illuc
494 3437 722 3490 quoque
747 3437 870 3477 eum
904 3423 1020 3479 hate
1049 3440 1149 3481 sua
1180 3425 1414 3495 perfecta
1444 3443 1647 3498 sponsa

129 3516 321 3577 sectetur,
346 3512 452 3566 imo
481 3513 625 3569 illuc
670 3514 954 3570 adhaerens
988 3516 1039 3571 ei
1083 3524 1138 3571 et
1172 3517 1460 3588 conjuncta
1514 3534 1647 3576 con-

125 3602 347 3669 soeaderit,
394 3614 478 3662 est
522 3607 684 3663 enim
735 3606 877 3663 facta
920 3624 1045 3665 cum
1089 3624 1155 3666 eo
1203 3626 1347 3668 unus
1394 3612 1642 3683 spiritus.

127 3687 236 3748 Unde
260 3697 452 3753 videtur
475 3700 625 3754 mihi
651 3709 705 3755 et
739 3701 804 3756 ad
837 3700 1057 3757 Petrum
1077 3743 1094 3768 ,
1141 3704 1234 3773 qui
1279 3720 1388 3760 non
1433 3715 1648 3776 poterat

123 3796 208 3838 eum
233 3788 386 3856 primo
409 3791 579 3862 sequi
604 3806 730 3846 cum
761 3793 968 3849 diceret
1002 3811 1016 3849 :
1047 3794 1165 3860 Quo
1205 3811 1298 3866 ego
1334 3799 1468 3851 vado
1491 3838 1506 3864 ,
1558 3815 1644 3854 vos

124 3891 193 3928 non
213 3885 399 3946 potestis
429 3889 617 3939 uenire
643 3883 795 3939 modo
821 3927 836 3953 ,
886 3885 1094 3943 dixisse
1121 3905 1136 3944 :
1185 3887 1431 3960 Sequeris
1467 3900 1644 3947 autem

121 3982 250 4037 postea
270 3975 326 4030 “.
355 3976 505 4044 Quod
531 3988 724 4034 autem
751 3980 822 4034 sit
851 3979 1056 4050 aliquid
1083 3981 1259 4052 majus
1281 3991 1335 4037 et
1360 3984 1429 4037 ab
1455 3982 1642 4051 Israel,

123 4061 208 4118 inde
227 4068 510 4139 colligimus
537 4111 555 4132 ,
593 4070 826 4142 quodin
872 4069 1238 4127 Numerorum
1289 4073 1429 4128 libro
1461 4075 1644 4131 omnis

122 4155 282 4218 quidem
311 4158 468 4216 Israel
489 4177 845 4226 numeratur,
878 4172 932 4218 et
956 4162 1248 4220 duodecim
1276 4165 1451 4220 tribus
1479 4165 1643 4223 Israel

119 4257 223 4303 mlo
247 4254 335 4308 sub
363 4270 603 4311 numero
643 4264 972 4323 censentur;
1005 4257 1179 4313 tribus
1208 4272 1338 4312 vero
1384 4257 1640 4328 Levitica,

120 4348 252 4407 utpote
276 4346 471 4402 caeteris
497 4346 835 4402 eminentior
864 4362 1027 4418 supra
1057 4347 1204 4404 hunc
1234 4363 1520 4404 numerum
1545 4351 1641 4405 ha-

117 4428 244 4498 betur,
270 4445 318 4490 et
363 4453 718 4509 nequaquam
760 4439 814 4493 in
845 4437 1144 4496 Israelitico
1193 4456 1425 4497 numero
1473 4446 1642 4512 depu-

119 4525 238 4576 tatur.
264 4525 389 4583 Dicit
429 4531 586 4585 enim
625 4531 698 4586 ita
739 4549 754 4586 :
790 4529 922 4585 ch
952 4541 1029 4586 est
1066 4533 1303 4587 visitatio
1326 4535 1382 4587 in
1417 4549 1523 4605 qua
1558 4551 1640 4588 re-

1672 3283 1721 3346 (Ξ

1763 2033 1912 2088 tione
1940 2033 2104 2088 etiam
2131 2034 2199 2090 de
2230 2051 2354 2106 rege
2399 2048 2452 2092 et
2486 2038 2540 2091 in
2591 2038 2676 2092 his
2718 2053 2860 2108 quos
2904 2049 3090 2109 regnat
3129 2041 3336 2097 adverti

1762 2140 1924 2194 posse
1952 2126 2222 2182 videbitur
2243 2169 2258 2194 ,
2289 2145 2412 2184 cum
2462 2145 2684 2202 regnum
2711 2131 2824 2200 jam
2856 2133 3103 2186 tradetur
3144 2132 3252 2186 Deo
3283 2143 3336 2189 et

1760 2215 1928 2271 Patri.
1967 2215 2072 2273 Sed
2097 2219 2284 2275 ethoc
2322 2237 2430 2274 non
2475 2221 2657 2286 lateat,
2695 2223 2986 2280 nonnullos
3015 2224 3336 2282 attitulatio—

1759 2327 1881 2366 nem
1903 2311 2069 2366 libelli
2094 2311 2258 2382 hujus
2283 2311 2507 2368 Cantica
2532 2313 2874 2368 canticorum
2903 2315 3158 2380 scribere,
3187 2318 3332 2386 quod

1758 2417 1866 2456 non
1892 2411 2038 2460 recte
2067 2403 2343 2459 scribitur.
2371 2402 2492 2459 Non
2515 2404 2659 2458 enim
2689 2405 2989 2474 pluraliter,
3015 2408 3108 2464 sed
3142 2409 3331 2478 singu-

1757 2493 1946 2549 lariter
1968 2494 2253 2551 Canticum
2285 2495 2373 2552 hic
2397 2496 2598 2550 dicitur
2619 2499 2978 2554 canticorum.
3024 2499 3148 2556 [lare
3173 2503 3332 2572 quasi

1757 2591 1810 2644 in
1833 2590 2148 2660 praefatione
2168 2591 2310 2647 dicta
2339 2597 2466 2646 sunt
2505 2606 2534 2645 a
2573 2591 2730 2646 nobis
2768 2593 2836 2648 de
2872 2595 3333 2665 superscriptione

1757 2682 1898 2752 ipsa,
1923 2681 2006 2736 vel
2034 2681 2396 2737 attitulatione
2422 2682 2609 2738 libelli.
2635 2681 2752 2737 Jam
2779 2700 2923 2739 nunc
2965 2684 3195 2740 Domino
3228 2701 3332 2742 no-

1753 2784 1868 2830 stro
1895 2790 1994 2829 nos
2021 2773 2312 2844 adjuvante
2339 2774 2510 2844 ipsius
2534 2776 2716 2844 operis
2737 2775 3053 2830 adoriamur
3076 2779 3325 2846 exordia,

1751 2877 1805 2922 et
1829 2876 2008 2922 tamen
2041 2881 2108 2921 ne
2147 2867 2277 2921 illud
2300 2868 2518 2937 quidem
2555 2876 2833 2922 remaneat
2864 2869 2916 2922 in
2963 2869 3120 2926 nobis
3155 2872 3328 2925 omis-

1752 2975 1898 3025 sum,
1919 2960 2065 3030 quod
2089 2959 2415 3029 quibusdam
2443 2959 2825 3028 requirendum
2852 2962 3024 3013 visum
3049 2969 3131 3015 est
3152 2962 3331 3016 adhuc

1749 3053 1817 3107 de
1846 3053 1962 3122 ipsa
2015 3052 2375 3106 attitulatioue
2417 3068 2481 3107 ac
2514 3052 2975 3121 superseriptione
3004 3052 3163 3115 libri,
3207 3069 3329 3122 quae

1751 3142 1823 3197 ita
1863 3143 2094 3198 habetur
2121 3161 2134 3196 :
2160 3141 2438 3196 Canticum
2462 3142 2788 3195 canticorum
2814 3143 2951 3211 quod
2973 3151 3048 3194 est
3094 3143 3194 3211 ipsi
3224 3142 3328 3196 Sa-

1751 3233 1950 3289 lomoni
1977 3235 2044 3288 ⁸⁷.
2079 3233 2170 3289 Sic
2195 3236 2341 3290 enim
2371 3235 2663 3306 accipiunt,
2701 3236 2857 3305 quasi
2899 3236 3181 3292 Canticum
3223 3237 3326 3292 hoc

1751 3344 1873 3384 esse
1892 3328 2092 3384 dixerit
2114 3328 2452 3383 canticorum
2498 3327 2828 3392 Salomonis,
2864 3338 2922 3382 ut
2962 3343 3028 3383 ex
3076 3328 3325 3398 plurimis

1749 3421 1866 3476 suis
1902 3419 2130 3476 canticis
2180 3420 2280 3474 hoc
2325 3434 2495 3473 unum
2533 3434 2656 3474 esse
2707 3419 3019 3490 signaverit.
3073 3418 3178 3476 Sed
3226 3436 3325 3478 nos

1747 3509 2026 3580 quomodo
2051 3509 2374 3580 recipiemus
2405 3509 2713 3580 bujusmodi
2740 3511 3170 3578 intelligentiam,
3198 3527 3324 3566 cum

1749 3618 1928 3674 neque
1951 3602 2191 3660 Ecclesia
2223 3601 2315 3656 Dei
2346 3602 2454 3656 ulla
2481 3603 2819 3659 extrinsecus
2849 3601 3159 3658 Salomonis
3187 3618 3321 3657 can-

1749 3698 1856 3754 tica
1891 3696 2118 3768 legenda
2161 3695 2461 3764 susceperit
2507 3713 2520 3748 :
2553 3710 2732 3764 neque.
2777 3696 2921 3766 apud
2959 3693 3212 3750 Hebraeos
3237 3735 3252 3759 ,
3289 3710 3323 3749 a

1746 3791 1945 3861 quibus
1965 3789 2179 3860 eloquia
2210 3787 2303 3844 Dei
2337 3789 2405 3844 ad
2437 3803 2538 3844 nos
2579 3789 2831 3843 videntur
2861 3804 2984 3844 esse
3036 3789 3317 3854 translata,

1745 3883 1951 3955 aliquid
1984 3892 2179 3954 praeter
2212 3883 2311 3940 hos
2345 3891 2456 3938 tres
2486 3883 2693 3939 libellos
2742 3883 3054 3937 Salomonis
3081 3922 3096 3948 ,
3142 3883 3234 3952 qui
3267 3892 3322 3936 ct

1747 3975 1891 4046 apud
1917 3989 2018 4030 nos
2043 3985 2191 4041 sunt,
2217 3976 2452 4046 amplius
2485 3976 2746 4031 habeatur
2775 3976 2826 4028 in
2858 3979 3093 4030 canone?
3124 3973 3320 4028 Volunt

1747 4079 1924 4124 tamen
1945 4067 2038 4138 qui
2063 4073 2166 4123 hoc
2180 4077 2454 4130 asserunt,
2481 4068 2603 4122 inde
2623 4068 2948 4122 conﬁrmare
2973 4066 3320 4134 sententiam,

1744 4161 1893 4232 quod
1922 4161 1976 4215 in
2009 4159 2320 4231 Regnorum
2349 4161 2510 4214 tertio
2537 4159 2674 4214 libro
2705 4161 2963 4229 scriptum
2996 4168 3108 4222 est,
3143 4161 3315 4215 multa

1744 4255 1914 4311 fuisse
1938 4253 2248 4310 Salomonis
2283 4253 2516 4319 cantica,
2549 4261 2608 4308 ut
2649 4267 2817 4308 unum
2861 4268 2930 4309 ex
2959 4254 3144 4310 multis
3193 4272 3316 4313 esse

1743 4349 2087 4406 conﬁrment.
2133 4344 2248 4401 Hoc
2283 4345 2357 4400 ibi
2382 4360 2513 4415 ergo
2541 4344 2774 4401 refertur
2811 4364 2824 4403 :
2875 4345 2943 4401 Et
2983 4347 3122 4403 Deus
3168 4352 3315 4406 dedit

1743 4439 2078 4512 prudentiam
2103 4435 2396 4502 Salomoni,
2426 4446 2476 4492 et
2513 4438 2833 4506 sapientiam
2871 4439 3097 4494 multant
3145 4444 3315 4511 valde,

1743 4543 1791 4587 et
1815 4531 2154 4586 latitudinem
2176 4529 2351 4584 cordis
2378 4531 2513 4584 sicut
2559 4547 2774 4585 arenam
2808 4548 2924 4602 qua:
2948 4544 3024 4589 est
3065 4538 3134 4589 ad
3165 4553 3316 4592 oram

115 4618 249 4670 εειιὶιὶ
264 4632 370 4674 sunt
405 4623 511 4691 ﬁlii
546 4622 728 4678 Israel
767 4624 1052 4678 secundum
1089 4625 1276 4679 domus
1313 4626 1640 4694 familiarum
1674 4625 1717 4680 D
1748 4625 1934 4690 maris,
1954 4632 2005 4678 et
2027 4623 2203 4692 factus
2232 4632 2309 4677 est
2344 4622 2554 4691 sapiens
2589 4621 2845 4677 Salomon
2869 4625 3022 4680 valde
3047 4642 3205 4696 super
3227 4644 3318 4681 sa-

117 4720 292 4762 turum.
315 4711 498 4768 Omnis
520 4716 762 4769 visitatio
779 4731 958 4769 eorum
975 4732 1092 4769 cum
1114 4717 1302 4770 virtute
1315 4733 1412 4770 sua
1425 4732 1640 4771 sexcen-

115 4801 246 4853 tctria
272 4805 435 4858 millia
466 4807 748 4877 quingenti
785 4809 1186 4878 quinquaginta.
1229 4806 1426 4862 Levitte
1460 4818 1636 4863 autem

115 4902 182 4940 san
196 4906 295 4947 sunt
323 4901 588 4954 numerati
625 4915 743 4953 cum
767 4902 840 4953 eis
866 4939 880 4963 ,
914 4903 1053 4954 sicut
1088 4903 1333 4970 pra’cepit
1377 4899 1634 4955 Dominus

114 4978 236 5050 ἕοςεί
272 4990 331 5042 ³⁸.
368 4989 537 5047 Vides
585 4993 866 5061 quomodo
900 5003 958 5048 ut
992 4994 1382 5050 eminentiores
1424 5009 1456 5050 a
1502 4995 1632 5052 ﬁliis

113 5065 227 5128 Israel
251 5090 668 5150 sequestrantur
690 5081 908 5150 Levitae,
956 5099 1057 5140 nec
1085 5085 1143 5140 in
1173 5101 1364 5141 eorum
1401 5101 1633 5142 numero

108 5168 345 5230 Secuntur.
371 5174 441 5230 Et
474 5192 704 5232 rursum
738 5177 938 5233 Levitis
966 5178 1355 5236 eminentiores
1384 5180 1634 5236 scribun-

109 5263 169 5307 ῑιπ
189 5268 501 5325 sacerdotes.
533 5268 629 5325 Sic
649 5271 794 5326 enim
827 5271 883 5326 in
910 5271 1099 5326 eadem
1126 5271 1410 5344 Scriptura
1452 5273 1633 5329 couti-

104 5362 218 5407 Μαι·
243 5376 255 5410 :
282 5358 346 5413 Et
374 5361 593 5416 locutus
622 5371 721 5425 est,
747 5364 944 5435 inquit,
976 5365 1237 5420 Dominus
1276 5367 1345 5420 ad
1389 5365 1630 5437 Hoysen,

104 5441 239 5501 dicens
253 5467 266 5503 :
282 5453 471 5522 Accipe
485 5471 753 5509 summam
769 5453 1092 5524 Leoitarum,
1110 5467 1158 5512 et
1175 5458 1458 5512 constitues
1469 5474 1554 5512 eos
1579 5459 1636 5512 in

100 5548 314 5604 “aspectu
339 5547 528 5600 Aaron
551 5548 924 5614 sacerdotis,et
942 5551 1238 5606 ministrent
1250 5551 1300 5605 ei
1314 5551 1380 5603 ⁸⁸.
1402 5549 1559 5607 Vides
1583 5561 1638 5608 et

102 5622 137 5674 il
161 5629 242 5688 hoc
261 5638 547 5706 quomodo
565 5640 871 5709 superiores
883 5640 1084 5700 Levitis
1111 5645 1354 5700 nominet
1385 5645 1639 5701 sacerdo-

100 5726 169 5786 ιεδ,
183 5735 230 5780 et
246 5744 438 5788 rursus
465 5728 692 5788 Levites
715 5733 1104 5791 eminentiores
1123 5736 1276 5806 ponit
1294 5737 1419 5799 ﬁliis
1446 5735 1640 5795 Israel?

1737 4715 1990 4783 pientiam
2017 4714 2248 4768 omnium
2271 4714 2634 4780 antiquarunt,
2655 4722 2705 4767 et
2731 4730 2888 4783 super
2909 4731 3084 4770 omnes
3106 4717 3318 4786 sapieno

1737 4815 1810 4860 tes
1837 4803 2080 4877 zEgypti,
2110 4815 2158 4860 et
2187 4823 2344 4876 super
2378 4805 2552 4860 Ethan
2603 4805 2854 4861 Ezraiten
2882 4817 2932 4861 et
2986 4807 3230 4872 "emam,
3265 4818 3316 4861 et

1739 4899 1962 4956 Chalcal
2003 4909 2053 4954 et
2099 4900 2282 4954 Dorda
2319 4901 2459 4969 ﬁlios
2504 4900 2669 4961 Maol,
2701 4911 2749 4954 et
2771 4911 2884 4955 erat
2919 4904 3217 4955 nominatas
3258 4903 3323 4955 in

1739 4991 1997 5046 smiversis
2021 4991 2256 5061 gentibus
2286 5007 2376 5060 per
2397 4991 2674 5044 circuitum
2704 5001 2794 5046 :et
2817 4991 3022 5044 locutus
3051 5004 3126 5045 est
3159 4991 3316 5048 Salo-

1743 5100 1864 5138 mon
1897 5085 2002 5138 tria
2035 5083 2204 5136 millia
2233 5083 2608 5153 parabolarum
2633 5125 2650 5149 ,
2675 5093 2724 5138 et
2769 5094 2919 5138 erant
2961 5085 3168 5139 cantica
3200 5086 3318 5155 ejus

1737 5179 1966 5248 quinque
1995 5176 2170 5230 millia
2189 5177 2254 5230 ⁸⁸.
2288 5174 2365 5231 Ex
2391 5176 2476 5231 bis
2497 5191 2629 5245 ergo
2647 5179 2889 5246 quinque
2917 5177 3158 5234 millibus
3183 5194 3315 5234 cau-

1741 5273 1862 5328 ticis
1901 5273 2092 5326 volunt
2145 5271 2313 5326 videri
2348 5271 2450 5324 hoc
2491 5287 2660 5325 unum
2703 5285 2824 5326 esse
2856 5273 3128 5327 canticum
3167 5275 3313 5343 quod

1741 5365 2004 5421 habemus
2035 5381 2050 5420 :
2075 5363 2168 5420 sed
2195 5376 2502 5434 usquequo,
2535 5361 2618 5417 vel
2645 5361 2736 5416 ubi
2767 5372 2983 5419 cantata
3013 5367 3150 5430 sint,
3203 5384 3312 5422 non

1739 5458 1916 5513 solum
1949 5458 2016 5512 ad
2054 5473 2236 5520 usum.
2275 5458 2367 5512 sed
2391 5473 2458 5511 ne
2483 5457 2548 5510 ad
2581 5455 2829 5510 notitiam
2863 5459 3082 5527 quidem
3123 5477 3313 5531 perve-

1737 5551 1820 5606 nit
1843 5549 2210 5606 Ecclesiarum
2243 5548 2358 5602 Dei.
2390 5547 2691 5617 Operosum
2725 5557 2810 5604 est
2829 5562 3008 5606 autem
3032 5564 3084 5607 et
3121 5555 3314 5623 procul

1737 5646 1808 5700 ab
1831 5661 1993 5715 opere
2021 5643 2319 5714 proposito,
2343 5641 2388 5695 si
2417 5640 2647 5697 velimus
2683 5659 2827 5700 nunc
2849 5646 3125 5715 inquirere
3146 5665 3312 5719 quam

1737 5739 2032 5794 multorum
2071 5736 2332 5790 librorum
2361 5739 2804 5794 commemoratio
2847 5737 2940 5793 fiat
2975 5739 3027 5793 in
3068 5738 3313 5811 Scriptu-

145 5838 237 5927 ῗΙΙ
261 5846 382 5900 Cor.
419 5865 479 5927 v_,_
753 5851 884 5927 Luc.
920 5854 1086 5927 11,52.
1143 5855 1203 5927 ξ’
1236 5852 1398 5927 Hebr.
1429 5857 1621 5921 xrt,2‘2.

1766 5857 1927 5912 Hebr.
1951 5873 2023 5918 ιν,
2048 5855 2131 5910 14.
2210 5855 2253 5888 ⁸⁵
2273 5855 2432 5912 Joan.
2457 5874 2578 5925 xm,
2603 5859 2692 5916 56.
2765 5861 2810 5894 ⁸³
2841 5859 3000 5917 Num.
3029 5861 3309 5927 11.32.35.

97 5904 280 5971 "Num.
316 5935 396 5986 ιιι,
444 5904 504 5986 Ei,
545 5922 597 5974 li.
672 5922 716 5952 ⁸⁷
746 5904 980 5991 (λοιῆξίζ

1138 5925 1186 5958 δε
1218 5925 1287 5980 ιιι
1314 5923 1446 5998 Reg.
1480 5945 1553 5993 IV,
1580 5929 1670 5999 eo,
1705 5930 1794 5997 50,
1825 5930 1918 5994 δι,
1946 5929 2036 5983 52.
