3872 6542
464 377 536 436 83
1520 376 1845 436 ORIGENIS
1875 377 1946 435 IN
1980 378 2337 438 CANTICUM
2370 378 2644 437 CANTIC.
3644 375 3709 434 SI

464 497 544 553 ris
570 494 792 565 divinis,
815 509 1053 568 quorum
1091 493 1254 554 lectio
1290 495 1440 553 nulla
1480 497 1643 555 nobis
1688 497 1918 555 omnino
1955 506 2039 555 est
2068 510 2113 568 Α
2141 508 2323 573 patres
2346 500 2542 556 nostri.
2563 496 2749 555 Potuit
2772 496 2915 554 enim
2942 497 3081 563 fieri,
3110 505 3170 553 ut
3193 496 3422 568 apostoli
3449 497 3533 554 vel
3557 511 3719 553 evan-

466 588 684 645 tradita.
712 586 818 645 Sed
840 590 1169 661 nequeapud
1189 587 1406 646 Iudaeos
1423 590 1611 647 haberi
1638 591 1857 662 quidem
1880 607 2040 649 usum
2145 591 2349 663 gelistue
2385 600 2574 648 sancto
2614 589 2819 662 Spiritu
2867 590 3057 661 repleti
3101 590 3357 646 sciverint
3390 589 3519 660 quid
3559 604 3718 644 assu-

466 680 782 754 bujusmodi
816 680 1117 752 reperimus
1148 683 1439 739 lectionum
1461 722 1477 749 ,
1524 698 1662 753 quas
1693 683 1808 739 sive
1844 699 1942 753 pro
1977 700 2044 739 eo
2145 684 2399 740 mendum
2438 700 2505 739 ex
2536 684 2645 740 illis
2679 691 2825 739 esset
2864 680 3197 753 Scripturis,
3231 676 3430 753 quidve
3474 678 3719 737 refutan-

469 774 614 845 quod
642 772 827 845 aliqua
848 789 1013 845 supra
1043 774 1338 845 humanam
1370 774 1782 847 intelligentiam
1806 776 2047 832 contine-
2144 775 2297 843 dum;
2328 777 2486 832 nobis
2508 785 2687 832 autem
2718 790 2825 832 non
2853 782 2937 831 est
2978 775 3184 846 absque
3217 772 3462 845 periculo
3508 770 3717 842 aliquid

468 863 620 923 bant.
655 864 864 936 placuit
898 864 1124 937 Spiritui
1147 876 1339 922 sancto
1366 866 1567 922 auferri
1593 868 1661 923 de
1689 868 1889 934 medio,
1931 870 2044 925 sive
2143 868 2249 923 tale
2278 883 2626 939 prtesumere,
2649 867 2850 938 quibus
2873 881 2981 922 non
3008 875 3091 922 est
3114 875 3261 921 tanta
3290 865 3515 936 spiritus
3544 864 3720 919 abun—

469 957 613 1028 quod
639 967 821 1015 essent
845 957 914 1015 de
944 958 1230 1029 scripturis
1275 958 1362 1016 his
1386 974 1509 1031 qua:
1537 961 1877 1032 appellantur
1915 976 2046 1032 apo-
2144 959 2350 1016 dantia.
2383 958 2451 1014 Et
2474 960 2593 1015 ideo
2622 959 2689 1015 de
2712 958 2965 1031 praesenti
2990 958 3260 1015 versiculo
3288 973 3389 1013 nos
3417 972 3535 1011 eam
3571 963 3721 1010 tene-

469 1063 500 1105 c
520 1048 706 1120 ‘yphae,
736 1064 836 1121 pro
868 1065 935 1107 eo
965 1052 1112 1123 quod
1144 1052 1314 1108 multa
1338 1052 1391 1107 in
1424 1051 1505 1109 eis
1529 1062 1782 1123 corrupta
1824 1061 1878 1109 et
1908 1069 2043 1109 con-
2145 1068 2268 1108 mus
2291 1051 2585 1108 editionem
2622 1067 2785 1123 quam
2834 1066 2996 1121 supra
3038 1050 3393 1120 exposuimus
3416 1090 3431 1115 ,
3481 1048 3722 1102 maxime

469 1148 550 1194 tra
585 1140 745 1197 (idem
779 1157 964 1198 veram
1009 1144 1361 1201 inveniuntur
1403 1161 1435 1200 a
1476 1144 1781 1216 majoribus
1826 1144 2042 1211 tradita,
2145 1162 2268 1202 cum
2298 1145 2519 1201 evidens
2543 1145 2599 1200 in
2623 1159 2688 1200 eo
2709 1143 2970 1199 habeatur
2989 1142 3287 1206 distinctio,
3313 1142 3405 1197 nbi
3432 1141 3546 1196 ait:
3573 1138 3719 1196 Can-

471 1246 578 1287 non
612 1233 815 1303 placuit
836 1235 917 1290 eis
939 1236 1055 1291 dari
1086 1237 1293 1304 locum,
1322 1252 1423 1293 nec
1456 1236 1665 1293 admitti
1697 1237 1764 1293 ad
1801 1236 2041 1293 auctori-
2148 1240 2308 1292 ticum
2337 1238 2686 1304 canticorum,
2713 1237 2852 1307 quod
2879 1247 2955 1291 est
2997 1236 3102 1306 ipsi
3135 1234 3424 1290 Salomoui.
3476 1232 3531 1288 Si
3569 1233 3722 1288 enim

470 1333 656 1382 tatem.
692 1324 866 1399 Supra
896 1344 996 1385 nos
1030 1338 1114 1385 est
1144 1330 1500 1400 pronuntiare
1540 1330 1609 1387 de
1649 1330 1868 1386 talibus.
1905 1330 2042 1386 Illud
2144 1331 2409 1386 voluisset
2461 1330 2683 1401 intelligi
2729 1329 3062 1385 canticorum
3101 1326 3410 1382 Salomonis
3449 1326 3554 1380 hoc
3596 1340 3728 1382 esse

471 1428 648 1473 tamen
678 1420 856 1490 palam
886 1431 970 1479 est
996 1423 1167 1479 multa
1183 1425 1266 1479 vel
1290 1424 1358 1481 ab
1378 1424 1658 1496 apostolis,
1682 1426 1768 1483 vel
1789 1425 1859 1480 ab
1879 1440 2045 1480 evan-
2145 1419 2453 1486 Canticum,
2484 1419 2733 1475 dixisset.
2770 1418 2956 1489 utique
2975 1460 2989 1483 ,
3038 1418 3323 1474 Canticum
3374 1417 3723 1473 canticorum

471 1513 678 1581 gelistis
712 1516 957 1585 exempla
982 1531 1102 1572 esse
1131 1517 1365 1587 prolata,
1408 1526 1464 1573 et
1508 1517 1660 1575 Novo
1691 1517 2044 1576 Testamento
2146 1529 2268 1584 quae
2295 1522 2425 1571 sunt
2452 1510 2757 1579 Salomoni,
2782 1513 2867 1567 vel
2891 1512 3176 1569 Canticum
3209 1530 3272 1568 ex
3302 1513 3529 1568 canticis
3559 1509 3725 1565 Salo-

471 1604 694 1669 inserta,
724 1623 845 1679 qua:
867 1608 920 1664 in
952 1609 1037 1666 his
1070 1610 1366 1679 Scripturis
1388 1626 1527 1685 quas
1559 1612 1852 1668 canonicas
1875 1610 2044 1666 babe-
2146 1606 2327 1662 monis
2353 1624 2367 1661 :
2399 1621 2546 1661 nunc
2582 1614 2763 1660 autem
2797 1606 2926 1676 quia
2957 1606 3113 1670 dixit,
3146 1606 3283 1677 quod
3311 1613 3386 1658 est
3417 1602 3723 1665 Salamoni,

473 1713 616 1763 mus,
649 1715 928 1772 nunquam
958 1701 1213 1773 legimus,
1241 1701 1295 1756 in
1325 1702 1649 1775 apocryphis
1682 1712 1860 1759 tamen
1884 1698 2041 1758 iuve-
2146 1699 2453 1755 ostenditur
2479 1697 2626 1753 istud
2657 1696 2942 1752 Canticum
2980 1698 3121 1768 quod
3157 1696 3319 1753 estin
3357 1695 3631 1762 manibus,
3665 1703 3729 1749 et

473 1789 718 1872 niuntur,
744 1803 798 1849 et
816 1793 1092 1850 evidenter
1112 1809 1177 1849 ex
1204 1794 1338 1864 ipsis
1361 1794 1724 1850 ostenduntur
1745 1803 2044 1867 assumpta.
2078 1854 2117 1872 η
2147 1794 2292 1866 quod
2322 1802 2439 1850 erat
2466 1794 2515 1850 ei
2543 1792 2870 1858 canendum,
2900 1807 3021 1848 esse
3053 1791 3381 1847 Salomonis.
3413 1789 3481 1844 Et
3509 1790 3615 1845 hoc
3649 1792 3727 1844 de

471 1863 675 1940 sedne
704 1854 788 1941 sic
829 1884 1049 1956 quidem
1097 1854 1250 1943 locus
1299 1887 1625 1959 apocryphis
1665 1887 1876 1942 dandus
1907 1854 1992 1943 est
2026 1906 2042 1943 :
2076 1854 2119 1910 Β
2147 1854 2508 1945 attitulatione
2554 1888 2715 1957 quam
2748 1854 3026 1957 proposuit
3074 1886 3367 1941 continere.
3429 1883 3728 1940 Videamus

469 1992 577 2033 non
609 1980 753 2033 enim
785 1980 1100 2036 transeundi
1133 1989 1259 2036 sunt
1295 1980 1512 2036 termini
1551 1995 1688 2050 quos
1735 1986 2045 2036 statuerunt
2148 1995 2276 2051 ergo
2299 1979 2411 2050 jam
2445 1986 2499 2035 et
2536 1993 2657 2049 qua:
2680 1984 3001 2049 sequuntur.

471 2168 3689 2197 mm

1660 2352 2380 2511 ORIGEN
2386 2352 2562 2511 IS

1059 2652 1205 2765 IN
1336 2649 2087 2768 C‘ANTICUM
2191 2644 3129 2765 CANTICORUM

1632 2884 1987 2977 LIBER
2062 2886 2563 2979 PRIMUS.

542 3220 676 3294 Cap.
711 3222 754 3289 I,
780 3238 923 3281 vers.
952 3225 1004 3280 l.
1044 3223 1322 3279 Osculetur
1357 3240 1437 3277 me
1479 3225 1542 3279 ab
1567 3225 1745 3279 osculo
1792 3226 1900 3280 oris
1936 3227 2039 3280 sui.
2070 3232 2114 3290 ο
2148 3236 2467 3283 aestuantem
2504 3241 2635 3282 vero
2668 3223 2936 3281 desiderio
2983 3223 3204 3293 sponsi,
3234 3231 3289 3278 et
3329 3222 3547 3277 interno
3601 3221 3735 3278 vul-

472 3314 785 3370 Meminisse
814 3322 1025 3384 oportet
1054 3314 1185 3369 illud
1210 3316 1353 3385 quod
1379 3315 1432 3369 in
1459 3314 1776 3386 praefatione
1811 3332 2043 3387 pmmo-
2147 3335 2277 3375 nere
2304 3321 2509 3374 amoris
2542 3318 2822 3389 agitatam,
2847 3317 3175 3380 orationem,
3207 3323 3268 3371 ut
3294 3315 3560 3380 diximus,
3591 3313 3742 3370 fun-

472 3406 717 3471 nuimus,
742 3407 868 3477 quia
888 3407 1099 3463 libellus
1121 3408 1210 3462 hic
1224 3407 1555 3479 epithalamii
1588 3408 1792 3465 habens
1811 3410 2043 3478 speciem
2147 3410 2276 3466 dere
2303 3410 2369 3464 ad
2406 3409 2600 3474 Deum,
2625 3419 2678 3464 et
2704 3409 2885 3463 dicere
2926 3408 2992 3463 de
3034 3420 3237 3477 sponso
3270 3423 3408 3463 suo:
3438 3406 3747 3462 Oscula”-

472 3498 735 3554 dramatis
757 3498 813 3552 in
843 3499 1062 3554 modum
1090 3500 1472 3555 conscribitur.
1504 3498 1699 3555 Drama
1719 3509 1900 3557 autem
1925 3516 2047 3559 esse
2149 3519 2230 3556 me
2260 3502 2325 3555 ab
2359 3502 2538 3556 osculo
2585 3502 2695 3556 oris
2741 3501 2848 3554 sui.
2895 3497 3021 3554 Haec
3052 3506 3179 3554 sunt
3207 3513 3326 3567 quae
3370 3496 3643 3552 dramatis
3669 3495 3748 3551 in

471 3592 714 3646 diximus
749 3592 840 3647 ubi
867 3600 1027 3647 certat
1050 3607 1298 3662 persona:
1332 3591 1778 3659 introducantur,
1809 3609 1931 3664 quae
1965 3595 2046 3649 lo—
2150 3594 2373 3651 modum
2426 3593 2727 3664 composita
2783 3591 3045 3648 historica
3091 3591 3335 3646 continet
3385 3589 3746 3660 explanatio.

473 3694 737 3756 quuntur,
764 3696 816 3741 et
850 3686 969 3743 alia;
994 3687 1266 3744 interdum
1300 3691 1710 3761 superveniunt,
1741 3691 1861 3746 alim
1890 3705 2045 3747 rece-
2148 3684 2375 3741 lnterior
2404 3700 2532 3740 vero
2565 3684 2868 3740 intellectus
2899 3683 3182 3748 videamus
3217 3682 3261 3737 si
3295 3682 3397 3736 hoc
3425 3681 3593 3736 modo
3627 3696 3752 3752 po—

470 3775 629 3841 dunt,
663 3783 757 3831 aut
784 3779 1084 3844 accedunt,
1118 3788 1174 3834 et
1211 3780 1291 3835 sic
1329 3788 1502 3835 totum
1550 3782 1604 3835 in
1650 3782 2046 3838 mutationibus
2147 3776 2272 3831 terit
2322 3784 2688 3846 competenter
2733 3775 2931 3844 aptari.
2983 3773 3225 3829 Ecclesia
3280 3773 3354 3829 sit
3400 3772 3751 3831 desiderans

400 3934 403 3937 η
473 3866 654 3936 agitur
677 3880 1055 3936 personarum.
1085 3867 1207 3924 Ilaec
1239 3885 1367 3940 ergo
1391 3871 1498 3925 erit
1529 3872 1695 3928 totius
1722 3872 1889 3928 libelli
1917 3889 2042 3944 spe-
2145 3868 2364 3923 Christo
2394 3866 2671 3937 conjungi.
2704 3864 3001 3923 Ecclesium
3026 3876 3207 3921 autem
3238 3875 3435 3922 coetum
3470 3867 3755 3922 omnium

470 3959 604 4025 cies,
639 3968 692 4015 et
715 3959 1013 4016 secundum
1043 3960 1185 4016 hanc
1210 3976 1309 4031 pro
1340 3962 1553 4019 viribus
1575 3964 1835 4020 historica
1865 3982 1898 4021 a
1944 3982 2046 4021 no-
2146 3962 2364 4018 adverte
2417 3971 2756 4019 sanctorum.
2813 3962 2937 4019 Haec
2988 3977 3120 4032 ergo
3161 3961 3402 4018 Ecclesia
3451 3962 3523 4018 sit
3562 3964 3754 4032 quasi

469 4052 556 4108 bis
582 4052 859 4122 aptabitur
884 4054 1170 4123 expositio.
1218 4053 1489 4124 Spiritalis
1528 4072 1658 4113 vero
1689 4058 2042 4130 intelligentia
2145 4053 2388 4109 omnium
2422 4070 2530 4109 una
2563 4069 2817 4125 persona,
2850 4070 2972 4125 qum
3003 4055 3261 4126 loquatur
3285 4064 3340 4111 et
3360 4054 3505 4109 dicat
3541 4073 3556 4108 :
3586 4053 3750 4111 0m-

468 4146 768 4201 secundum
802 4146 904 4202 hoc
926 4148 1284 4205 nihilominus
1324 4150 1467 4219 quod
1518 4150 1572 4204 in
1601 4148 1930 4220 praefatione,
1969 4153 2044 4207 si—
2145 4146 2234 4200 nia
2271 4145 2466 4211 habeo,
2497 4148 2700 4217 repleta
2730 4162 2850 4203 sum
2892 4147 3212 4204 muneribus
3252 4161 3374 4217 qua:
3407 4147 3751 4216 sponsalio-

468 4239 775 4307 gnavimus,
806 4241 888 4296 vel
918 4241 985 4296 de
1010 4241 1252 4298 Ecclesia
1282 4243 1348 4298 ad
1375 4243 1652 4298 Christum
1691 4244 1795 4300 sub
1827 4259 2043 4315 sponsae
2145 4252 2267 4297 rum
2305 4239 2389 4294 vel
2434 4239 2578 4295 dotis
2609 4240 2766 4295 titulo
2811 4249 2937 4296 ante
2978 4239 3196 4310 nuptias
3230 4240 3459 4308 sumpsi.
3502 4236 3755 4296 Dudum

468 4329 551 4382 vel
579 4331 763 4398 sponsi
795 4331 973 4396 titulo,
998 4334 1085 4389 vel
1113 4334 1179 4389 de
1213 4335 1409 4391 animae
1429 4352 1552 4392 cum
1579 4336 1759 4393 Verbo
1789 4338 1882 4394 Dei
1911 4355 2042 4396 con-
2143 4332 2292 4386 enim
2321 4345 2446 4386 cum
2496 4347 2832 4402 praepararer
2864 4334 2931 4389 ad
2979 4332 3293 4403 conjugium
3338 4330 3435 4388 ﬁlii
3488 4332 3648 4402 regis
3683 4343 3761 4390 es

463 4418 748 4488 junctione
802 4421 1074 4492 dirigitur.
1131 4423 1499 4481 lntroducitur
1547 4442 1678 4498 ergo
1733 4445 1880 4485 nunc
1945 4446 2042 4501 per
2143 4423 2492 4493 primogeniti
2543 4424 2724 4480 omnis
2772 4434 3055 4493 creaturae,
3088 4424 3333 4480 obsecuti
3365 4432 3493 4479 sunt
3526 4434 3586 4480 et
3619 4427 3761 4481 mi-

469 4510 713 4566 historize
761 4512 997 4582 speciem
1053 4529 1253 4584 sponsa
1306 4519 1552 4588 quaedam
1610 4535 1734 4589 qua:
1803 4524 2044 4592 suscepit
2078 4572 2117 4592 η
2144 4515 2516 4571 nistraverunt
2554 4516 2688 4571 mihi
2731 4516 2907 4586 angeli
2943 4517 3118 4573 sancti
3145 4517 3284 4586 ejus,
3314 4515 3635 4575 deterentes
3665 4521 3763 4576 ad

465 4600 716 4669 quaedam
774 4572 1171 4672 sponsaliorum
1221 4614 1277 4661 et
1324 4572 1470 4664 dotis
1512 4572 1671 4665 titqu
1714 4572 2038 4683 dignissima
2076 4572 2118 4626 Β
2145 4622 2233 4663 me
2260 4608 2429 4679 legem
2463 4608 2733 4679 sponsalis
2764 4572 3008 4665 monueris
3034 4572 3191 4665 loco:
3216 4572 3326 4665 Lex
3357 4625 3600 4681 namque
3634 4629 3771 4683 per

465 4705 694 4747 munera
721 4693 789 4747 ab
813 4709 1020 4764 sponso
1042 4696 1385 4757 nobilissimo
1417 4700 1542 4755 :sed
1568 4702 1804 4772 plurimo
1831 4712 2044 4775 tempoq
2144 4698 2369 4768 angelos
2424 4698 2695 4769 disposita
2734 4699 2938 4754 dicitur
2983 4700 3038 4753 iu
3087 4715 3250 4754 manu
3302 4701 3631 4760 mediatoris
3662 4706 3767 4763 η-

465 4796 526 4837 re
558 4798 768 4839 moram
801 4785 1034 4844 faciente
1061 4804 1285 4859 sponso,
1316 4792 1594 4849 sollicitari
1619 4809 1739 4850 eam
1769 4796 2042 4854 desiderio
2143 4790 2592 4847 Ministraverunt
2644 4792 2779 4846 mihi
2833 4792 2996 4847 etiam
3040 4793 3335 4863 prophetae.
3370 4793 3566 4851 Locuti
3596 4811 3776 4856 sunt

462 4873 671 4929 amoris
704 4875 812 4942 sui,
847 4888 903 4931 et
924 4878 1116 4934 conﬁci
1145 4880 1414 4958 jagentem
1443 4882 1590 4949 domi
1625 4900 1759 4953 sua),
1790 4897 2037 4958 agentem
2140 4887 2286 4942 enim
2314 4887 2499 4941 omnia
2546 4898 2601 4957 et
2638 4886 2765 4955 ipsi,
2793 4902 2889 4956 per
2920 4902 3043 4955 quae
3083 4903 3192 4942 non
3243 4887 3419 4943 solum
3462 4891 3782 4948 ostende—

462 4966 574 5036 37
602 4969 786 5024 omnia
825 4978 1096 5039 quatenus
1124 4973 1303 5042 possit
1332 4974 1629 5044 aliquando
1658 4980 1842 5035 videre
1872 4995 2041 5051 spon-
2140 4987 2264 5033 rent
2292 4987 2348 5033 et
2377 4978 2683 5033 indicarent
2710 4977 2842 5031 mihi
2870 4977 2938 5033 de
2960 4977 3100 5033 Filio
3133 4978 3250 5045 Dei,
3282 4978 3382 5033 cui
3406 4994 3493 5035 me
3526 4980 3782 5043 delatis

461 5075 586 5114 sum
617 5076 801 5130 suum,
835 5072 1002 5134 atque
1042 5066 1248 5122 osculis
1278 5067 1398 5138 ejus
1445 5067 1574 5127 frui.
1617 5071 1751 5139 Quae
1774 5076 2033 5145 quoniam
2144 5071 2231 5127 his
2262 5088 2383 5142 quae
2407 5071 2746 5142 appellantur
2788 5070 2969 5130 arrhis
2997 5079 3055 5126 et
3093 5070 3412 5129 muneribus
3438 5071 3785 5135 dotalibus

461 5166 565 5207 nee
595 5152 800 5210 dill'erri
835 5171 1079 5213 amorem
1126 5172 1324 5226 suum,
1362 5175 1464 5217 nec
1506 5161 1734 5233 adipisci
1781 5180 1840 5220 se
1874 5181 2036 5236 posse
2142 5164 2410 5235 spondere
2438 5164 2769 5235 cupiebant:
2799 5179 2988 5218 verum
3039 5171 3101 5218 ut
3141 5172 3195 5219 et
3228 5164 3282 5219 in
3329 5178 3580 5220 amorem
3642 5185 3787 5230 me

461 5242 611 5312 quod
652 5243 933 5302 desiderat
976 5248 1154 5316 videt,
1191 5258 1475 5305 convertat
1515 5266 1575 5307 se
1607 5253 1674 5308 ad
1705 5255 2029 5322 orationem,
2141 5258 2263 5327 ejus
2293 5257 2736 5329 desideriumque
2780 5257 3177 5317 succentlerent
3222 5259 3791 5326 pronuntiaverunt

460 5342 517 5390 et
554 5336 820 5407 supplicet
866 5337 1000 5405 Deo,
1049 5341 1231 5398 sciens
1276 5355 1397 5396 eum
1430 5340 1644 5399 Patrem
1684 5359 1809 5403 esse
1845 5350 2035 5418 sponsi
2139 5350 2276 5405 mihi
2322 5349 2656 5420 propheticis
2699 5350 2928 5407 vocibus
2964 5349 3033 5406 de
3084 5349 3330 5407 adventu.
3359 5349 3481 5420 ejus
3505 5389 3528 5415 ι
3567 5360 3629 5408 et
3665 5358 3793 5416 de

459 5426 568 5481 sui.
595 5426 1021 5488 Consideremus
1045 5446 1177 5504 ergo
1208 5447 1331 5489 eam
1359 5434 1624 5491 levantem
1665 5445 1885 5495 sanctas
1913 5455 2032 5497 ma-
2138 5440 2444 5497 innumeris
2482 5440 2798 5508 virtutibus,
2846 5442 3211 5513 operibusque
3262 5441 3382 5513 ejus
3428 5441 3801 5509 immensis

460 5532 567 5572 nus
595 5516 716 5574 sine
750 5517 829 5575 ira
865 5527 923 5575 et
959 5521 1358 5594 disceptatione
1384 5525 1439 5581 in
1463 5526 1651 5584 habitu
1678 5538 1876 5586 ornato
1902 5546 2029 5589 cum
2090 5594 2099 5601 ,
2139 5534 2331 5603 repleti
2369 5530 2572 5602 Spiritu
2615 5540 2808 5589 sancto
2844 5534 3299 5604 praedicaverunt.
3342 5533 3808 5599 Pulchritudi-

458 5609 786 5667 verecundia
815 5619 869 5667 et
891 5612 1203 5681 sobrietate,
1231 5625 1479 5672 ornatam
1511 5617 1848 5690 dignissimis
1876 5636 2033 5679 orna:-
2139 5641 2260 5683 nem
2289 5640 2512 5695 quoque.
2552 5625 2704 5696 ejus,
2736 5633 2791 5681 et
2838 5626 3094 5696 speciem,
3126 5644 3192 5685 ac
3236 5630 3807 5699 mansuetudinem

458 5701 690 5769 mentis,
730 5703 934 5774 quibus
982 5708 1167 5762 ornari
1217 5709 1372 5767 decet
1423 5710 1659 5768 nobilem
1714 5727 1968 5782 Sponsam
2014 5735 2029 5775 :
2137 5718 2564 5790 descripserunt,
2590 5718 2665 5775 ita
2699 5728 2760 5780 ut
2787 5718 3046 5778 omnibus
3076 5721 3162 5777 his
3206 5723 3273 5778 ad
3321 5737 3567 5780 amorem
3596 5725 3809 5799 eius

529 5841 578 5877 ’δ’
607 5841 786 5901 Galat.
820 5860 907 5913 ιιι,
933 5844 1023 5902 I9.
