3872 6492
182 343 245 403 ω
1542 338 1746 396 LIBER
1781 337 2067 397 PRIMUS.

183 458 575 519 intolerabiliter
602 459 722 532 (26)
756 460 1152 519 inﬂammarer.
1203 459 1309 518 Sed
1357 462 1618 532 quoniam
1661 477 1761 517 saz-
1788 464 1832 523 A
1863 462 1991 529 suit,
2020 471 2079 516 ut
2126 461 2495 534 intelligamus
2526 462 2956 534 uniuscujusque
2985 460 3204 518 obscuri
3236 475 3433 520 sensus

182 555 340 613 culum
366 551 479 623 jam
510 568 655 623 pene
682 554 896 610 ﬁnitum
924 562 1028 622 est,
1059 562 1115 608 et
1156 552 1328 623 ipsius
1351 553 1571 623 quidem
1604 567 1743 622 pree-

177 644 331 701 sentia
362 658 472 699 non
505 644 674 699 datur
708 644 880 713 mihi;
924 644 1073 700 solos
1097 652 1279 699 autem
1310 643 1590 700 ministros
1623 643 1743 713 ejus

174 739 317 793 rideo
346 739 708 796 ascendentes
739 748 794 795 et
825 739 1218 796 descendentes
1247 738 1313 795 ad
1362 754 1480 805 me,
1522 747 1745 810 propter

175 830 265 886 hoc
289 830 355 885 ad
385 838 439 884 te
468 829 690 885 Patrem
723 826 911 900 sponsi
956 832 1062 886 mei
1092 846 1309 901 precem
1341 830 1509 886 fundo
1549 840 1603 887 et
1645 831 1745 887 ob-

173 932 315 972 secro
347 930 406 973 ut
428 918 649 973 tandem
683 919 980 975 miseratus
1008 934 1252 975 amorem
1281 930 1528 976 nostrum
1558 921 1743 977 mittas

169 1024 317 1077 cum;
343 1018 406 1064 ut
431 1010 546 1080 jam
580 1026 691 1066 non
718 1011 852 1067 mihi
887 1011 1002 1084 (27)
1036 1027 1131 1082 per
1168 1012 1454 1069 ministros
1480 1028 1611 1068 suos
1639 1022 1740 1069 an;

172 1102 308 1171 gelos
328 1101 599 1157 duntaxat
638 1114 694 1158 et
739 1104 1033 1174 prophetas
1063 1104 1340 1174 loquatur,
1370 1105 1464 1159 sed
1502 1104 1619 1175 ipse
1649 1119 1744 1175 per

173 1195 513 1263 semetipsum
550 1196 753 1261 veniat,
779 1205 836 1252 et
865 1196 1149 1253 osculetur
1194 1212 1281 1251 me
1314 1196 1384 1251 ab
1411 1198 1600 1253 osculo
1629 1196 1744 1252 oris

173 1283 269 1351 sui,
311 1285 476 1339 verba
511 1285 723 1342 scilicet
752 1287 806 1341 in
849 1302 915 1344 os
961 1302 1143 1342 meum
1186 1287 1272 1343 sui
1316 1286 1430 1344 oris
1471 1287 1741 1355 infundat,

173 1374 337 1443 ipsum
368 1374 591 1431 audiam
623 1376 956 1447 loquentem,
986 1378 1166 1446 ipsum
1196 1377 1409 1433 videam
1435 1377 1738 1433 docentem.

173 1464 287 1521 Ilaec
313 1465 460 1521 enim
500 1477 632 1523 sunt
663 1467 869 1524 Christi
882 1468 1084 1529 .oscula
1115 1484 1238 1539 quae
1275 1469 1519 1540 porrexit
1559 1469 1744 1526 Eccle-

173 1558 277 1623 siae,
310 1573 437 1614 cum
491 1559 546 1613 in
584 1559 818 1615 adventu
869 1574 971 1615 suo
1018 1559 1136 1631 ipse
1187 1558 1442 1616 Christus
1494 1560 1550 1615 in
1580 1574 1743 1616 carne

174 1649 370 1721 positus
396 1652 793 1722 evangelizavit
818 1652 867 1706 ei
902 1652 1067 1707 verba
1104 1651 1230 1707 lidei
1273 1660 1328 1708 ct
1362 1652 1647 1708 charitatis
1690 1661 1743 1709 ot

174 1740 330 1811 pacis,
362 1742 670 1797 secundum
721 1742 864 1813 quod
913 1741 1082 1797 Isaias
1115 1742 1478 1813 promiserat,
1518 1752 1572 1799 et
1608 1758 1743 1814 prae-

1849 553 2327 622 illuminationem,
2356 555 2605 610 osculum
2630 569 2752 611 esse
2777 552 2937 611 Verbi
2965 553 3061 609 Dei
3085 554 3151 608 ad
3191 552 3428 608 animam

1850 645 2145 718 perfectam
2180 647 2442 703 delatum.
2474 645 2542 702 Et
2572 647 2872 702 secundum
2909 647 3014 701 hoc
3055 645 3196 700 forte
3217 644 3430 700 diccbat
3530 680 3548 697 .

1850 739 2166 809 prophetica
2199 748 2253 795 et
2302 738 2543 810 perfecta
2592 755 2745 795 mens
2776 756 2790 793 :
2826 736 2897 793 0s
2945 752 3117 791 meum
3161 735 3344 805 aperui
3379 744 3429 790 et

1848 832 2057 886 attraxi
2100 833 2347 902 spiritum
2395 832 2468 886 “.
2507 831 2581 887 Os
2622 842 2802 887 autem
2847 830 3031 902 sponsi
3076 828 3431 900 intelligimus

1845 922 2113 978 virtutem
2141 922 2259 989 Dei,
2295 939 2403 995 qua
2452 924 2723 979 illuminat
2755 933 3012 991 mentem,
3047 932 3103 979 et
3130 922 3278 978 velut
3309 938 3430 978 ser-

1849 1028 2015 1068 mone
2043 1014 2280 1085 quodam
2310 1015 2515 1071 amoris
2558 1016 2625 1069 ad
2669 1030 2789 1070 eam
2824 1014 2998 1081 facto,
3033 1014 3078 1071 si
3122 1023 3303 1071 tamen
3332 1028 3429 1069 ca-

1848 1118 1979 1179 pere
2008 1114 2287 1160 mercatur
2319 1115 2482 1162 tantae
2511 1106 2728 1161 virtutis
2751 1104 3117 1175 praesentiam,
3155 1102 3428 1174 incognita

1846 1212 2078 1267 quaeque
2139 1196 2239 1252 sibi
2295 1206 2348 1253 et
2402 1198 2636 1253 obscura
2707 1194 3056 1263 manifestat,
3106 1203 3160 1250 et
3206 1194 3309 1250 hoc
3346 1202 3432 1249 est

1840 1288 2035 1343 verius
2097 1289 2449 1359 propiusque,
2500 1298 2556 1344 et
2610 1288 2852 1344 sanctius
2895 1287 3174 1350 osculum,
3215 1284 3360 1356 quod
3396 1300 3428 1339 a

1849 1397 2053 1452 sponso
2086 1380 2177 1437 Dei
2209 1382 2379 1437 verbo
2414 1380 2618 1452 porrigi
2645 1380 2845 1436 dicitur
2866 1394 3101 1450 sponsae,
3142 1390 3293 1448 pura!
3325 1376 3431 1431 sci-

1847 1475 1975 1530 licet
2005 1476 2223 1543 animae,
2257 1484 2311 1531 et
2336 1474 2609 1546 perfectce.
2641 1472 2810 1543 Cujus
2846 1471 2925 1525 rei
2960 1470 3137 1540 imago
3177 1476 3261 1524 est
3297 1467 3429 1524 illud

1845 1567 2286 1638 osculum,un
2337 1568 2391 1621 in
2438 1565 2688 1622 Ecclesia
2736 1563 2838 1619 sub
2876 1571 3117 1632 tempore
3147 1559 3431 1630 mysterio-

1846 1672 1966 1712 rum
2017 1657 2174 1713 nobis
2222 1657 2454 1713 invicem
2503 1656 2722 1711 damus.
2770 1653 2995 1721 Quoties
3036 1666 3168 1724 ergo
3211 1651 3326 1725 (28)
3370 1650 3428 1707 ἰη

1846 1749 2008 1805 corde
2038 1748 2150 1819 38
2197 1757 2383 1804 nostro
2424 1747 2627 1818 aliquid
2663 1746 2807 1817 quod
2850 1745 2917 1801 de
2960 1743 3159 1801 divinis
3205 1744 3431 1815 dogma-

174 1832 363 1886 missus
400 1831 470 1887 ad
519 1848 780 1903 sponsam
827 1833 1082 1888 dixerat:
1126 1830 1246 1889 Non
1294 1833 1539 1905 legatus,
1570 1849 1744 1904 neque
1775 1809 1818 1865 Β
1849 1840 1993 1897 tibus
2041 1809 2406 1911 sensibosque
2454 1809 2756 1909 quaeritur,
2803 1836 3011 1908 absque
3065 1809 3429 1921 monitoribus

174 1924 407 1994 angelus,
446 1925 541 1980 sed
582 1925 691 1994 ipse
723 1924 978 1979 Dominus
1008 1924 1233 1980 salvabit
1259 1941 1353 1981 nos
1379 1926 1444 1979 ".

237 2016 414 2073 Tertio
447 2032 582 2073 vero
616 2018 978 2089 expositionis
1017 2020 1139 2075 loco
1180 2020 1597 2076 introducamus
1627 2020 1745 2074 ani—

175 2126 328 2176 mam,
372 2111 535 2181 cujus
577 2126 744 2169 omne
787 2113 1028 2169 studium
1080 2113 1152 2169 sit
1176 2112 1431 2183 conjungi
1463 2120 1517 2167 et
1551 2126 1745 2168 conso-

175 2204 297 2260 ciari
327 2205 499 2260 verbo
531 2203 648 2273 Dei,
680 2214 733 2261 et
760 2205 902 2259 intra
926 2204 1189 2276 mysteria
1222 2203 1502 2274 sapientia:
1529 2203 1649 2274 ejus
1681 2218 1745 2260 ac

173 2298 401 2353 scientia:
453 2297 601 2353 velut
648 2298 837 2368 sponsi
891 2298 1131 2354 caelestis
1188 2296 1457 2352 thalamos
1502 2296 1740 2363 intrare,

171 2388 359 2460 cuique
388 2388 589 2444 animae
621 2388 909 2458 praesentia
937 2388 1098 2444 etiam
1146 2388 1322 2459 ipsius
1353 2402 1579 2442 munera
1619 2386 1743 2444 data

170 2489 309 2546 sunt,
338 2481 484 2537 dotis
514 2480 726 2537 scilicet
746 2482 988 2536 nomine.
1023 2478 1175 2535 Sicut
1197 2481 1341 2535 enim
1365 2478 1623 2536 Ecclesiae
1643 2480 1742 2537 dos

169 2572 268 2628 fuit
302 2573 438 2644 Iegis
470 2581 525 2629 et
574 2572 966 2644 prophetarum
1001 2571 1315 2639 volumina,
1354 2572 1428 2626 ita
1483 2572 1610 2628 huic
1659 2573 1743 2628 lex

168 2676 368 2721 natura
410 2674 468 2721 et
500 2666 786 2724 rationalis
815 2681 1011 2724 sensus
1053 2681 1118 2722 ac
1147 2665 1373 2720 libertas
1409 2665 1619 2721 arbitrii
1649 2667 1745 2722 do-

166 2758 286 2811 talia
315 2773 543 2813 munera
587 2756 938 2828 deputentur.
983 2754 1203 2811 Habens
1230 2763 1411 2810 autem
1455 2757 1571 2813 haec
1599 2757 1744 2815 dotis

165 2865 275 2905 sure
309 2865 560 2913 munera,
591 2850 658 2905 sit
693 2850 742 2905 ei
792 2850 985 2920 primae
1030 2846 1358 2904 eruditionis
1409 2848 1655 2904 doctrina
1712 2866 1743 2905 a

165 2941 523 2997 monitoribus
567 2943 998 3012 doctoribusque
1046 2943 1403 3001 descendens.
1452 2941 1554 2997 Sed
1603 2958 1743 3013 quo—

165 3039 303 3093 niam
334 3037 388 3092 in
424 3038 513 3094 his
542 3054 653 3093 non
699 3047 785 3094 est
831 3038 878 3093 ei
916 3038 1074 3108 plena
1108 3047 1272 3109 atque
1317 3037 1555 3109 perfecta
1595 3035 1743 3091 desi-

1848 1933 2179 2001 invenimus,
2210 1933 2372 1989 toties
2414 1931 2600 1987 oscula
2633 1931 2791 1987 nobis
2839 1930 2965 1986 data
3008 1943 3128 1986 esse
3156 1944 3186 1983 a
3224 1942 3429 1997 sponso

1854 2023 1946 2080 Dei
2004 2023 2177 2081 Verbo
2225 2025 2531 2081 credamus.
2584 2022 2681 2080 Ubi
2717 2037 2844 2078 vero
2881 2029 3187 2094 quaerentes
3221 2018 3426 2089 aliquid

1846 2116 1914 2173 de
1945 2116 2144 2172 divinis
2194 2115 2445 2172 sensibus
2491 2115 2735 2170 invenire
2773 2128 2881 2170 non
2930 2126 3261 2184 possumus,
3298 2119 3427 2166 tunc

1848 2207 2038 2263 allecto
2091 2206 2257 2278 hujus
2308 2206 2574 2262 orationis
2624 2214 2908 2277 assumpto
2958 2214 3208 2275 petamus
3242 2218 3274 2258 a
3317 2201 3431 2257 Deo

1851 2301 2214 2357 visitationem
2241 2298 2390 2354 verbi
2440 2299 2581 2370 ejus,
2623 2306 2678 2353 et
2716 2299 2966 2355 dicamus
2995 2315 3007 2353 :
3039 2296 3321 2353 Osculetur
3347 2313 3428 2351 me

1848 2395 1912 2449 ab
1943 2392 2123 2449 osculo
2154 2393 2260 2446 oris
2287 2392 2392 2446 sui.
2432 2389 2548 2447 Scit
2591 2398 2771 2446 autem
2807 2398 2962 2462 pater
2991 2389 3431 2459 uniuscujusque

1850 2485 2044 2541 anima:
2073 2484 2453 2554 capacitatem,
2478 2491 2532 2539 et
2565 2483 2717 2538 novit
2747 2496 2856 2553 quo
2892 2489 3156 2551 tempore,
3187 2480 3274 2536 cui
3306 2480 3421 2535 auio

1850 2592 1972 2640 mae,
2004 2592 2126 2647 qua:
2169 2575 2350 2631 oscula
2388 2573 2549 2630 Verbi
2602 2573 2685 2629 sui
2721 2572 3001 2644 porrigere
3034 2573 3089 2627 iu
3139 2570 3429 2628 intellecti-

1847 2669 1951 2724 hus
1984 2668 2251 2724 duntaxat
2273 2675 2327 2723 et
2356 2667 2608 2723 sensibus
2637 2666 2848 2722 debeat.

1919 2760 2075 2816 Vers.
2106 2762 2157 2827 I,
2200 2760 2255 2825 2,
2291 2761 2343 2816 5.
2375 2759 2514 2825 Quia
2561 2759 2695 2814 bona
2747 2767 2870 2814 sunt
2920 2757 3083 2813 ubera
3125 2765 3216 2811 tua
3272 2771 3428 2826 super

1849 2853 2043 2919 vinum,
2091 2860 2141 2906 et
2186 2851 2318 2906 odor
2364 2858 2742 2921 unguentorum
2783 2857 2995 2903 tuorum
3046 2863 3201 2918 super
3250 2846 3428 2900 omnia

1848 2952 2112 2997 aromata.
2147 2940 2383 3011 Intelligo
2425 2940 2575 3010 prius
2613 2939 2771 3010 quasi
2806 2939 2860 2993 in
2907 2937 3150 2993 historia:
3183 2936 3429 2993 dramate

1849 3047 2104 3104 sponsam
2139 3030 2365 3086 elevatis
2408 3029 2472 3086 ad
2506 3029 2672 3083 Deum
2711 3028 2964 3083 manibus
3009 3026 3308 3082 orationem
3340 3024 3428 3082 fu.-

163 3132 294 3187 den’i
322 3132 408 3187 sui
455 3141 510 3187 et
542 3131 753 3187 amoris
780 3131 1014 3201 expletio
1035 3173 1050 3198 ,
1104 3131 1426 3201 deprecetur
1476 3138 1536 3184 ut
1587 3143 1741 3183 mens
1769 3145 1811 3203 ο
1848 3125 1996 3182 disse
2024 3124 2091 3180 ad
2128 3123 2365 3188 Patrem,
2408 3132 2461 3176 et
2496 3136 2683 3177 orasse
2719 3131 2779 3176 ut
2805 3120 2919 3190 jam
2953 3120 3163 3175 veniret
3193 3117 3259 3173 ad
3302 3132 3426 3174 eam

162 3222 279 3291 ejs
305 3236 441 3293 pura
476 3231 530 3277 et
556 3221 877 3291 virginalis,
925 3221 1097 3291 ipsius
1142 3221 1299 3276 verbi.
1333 3219 1426 3276 Dei
1465 3218 1738 3274 illumina-

164 3313 401 3369 tionibus
445 3321 505 3371 et
548 3313 958 3370 visitationibus
1018 3313 1338 3368 illustretur.
1390 3311 1528 3367 Cum
1590 3310 1736 3365 enim

164 3405 306 3460 nullo
332 3405 582 3461 hominis
607 3405 691 3459 vel
718 3404 894 3473 angeli
926 3403 1235 3461 ministerio
1259 3402 1459 3459 divinis
1488 3402 1738 3458 sensibus

162 3501 213 3547 et
242 3492 606 3548 intellectibus
645 3507 803 3548 mens
848 3493 1138 3562 impletur,
1186 3501 1317 3547 tunc
1348 3492 1522 3563 ipsius
1549 3491 1739 3547 oscula

164 3583 301 3639 verbi
332 3582 431 3639 Dei
466 3583 748 3655 suscipere
798 3598 917 3639 sese
957 3585 1163 3639 credat.
1195 3583 1423 3655 Propter
1469 3584 1583 3638 haec
1610 3596 1740 3654 ergo

162 3685 212 3731 et
233 3676 550 3747 huiusmodi
588 3677 776 3732 oscula
810 3676 955 3733 dicat
990 3678 1171 3733 anima
1209 3692 1376 3733 orans
1403 3677 1473 3732 ad
1524 3675 1692 3731 Deum
1722 3692 1736 3728 :

166 3767 443 3825 Oseuletur
468 3786 552 3825 me
584 3770 650 3825 ob
679 3769 859 3824 osculo
888 3770 996 3824 oris
1026 3771 1128 3824 sui.
1161 3769 1295 3827 Dum
1329 3769 1472 3825 enim
1509 3769 1740 3839 incapax

162 3859 279 3927 fuit,
308 3871 369 3918 ut
395 3860 575 3933 ipsius
601 3860 764 3917 Verbi
799 3862 892 3918 Dei
922 3872 1139 3933 caperet
1167 3877 1370 3917 meram
1401 3861 1742 3929 solidamque

161 3953 489 4021 doctrinam,
546 3955 860 4011 necessaria
906 3956 1146 4025 suscepit
1175 3954 1386 4015 oscula.
1414 3953 1465 4007 id
1508 3961 1589 4008 est
1618 3968 1744 4007 sen-

161 4060 253 4100 sus
280 4047 352 4101 ab
376 4059 475 4102 ore
507 4046 834 4113 doctorum;
863 4048 955 4102 ubi
986 4061 1115 4101 vero
1146 4053 1339 4115 sponte
1365 4045 1479 4115 jam
1516 4045 1744 4114 coeperit

159 4138 391 4194 obscura
415 4153 668 4205 cernere,
702 4139 941 4195 enodare
970 4139 1247 4210 perplexa,
1285 4137 1524 4214 involuta
1548 4136 1744 4192 dissol—

161 4244 308 4297 vere,
338 4230 635 4301 parabolas
682 4239 737 4285 et
783 4231 1093 4302 aenigmata,
1135 4229 1392 4299 dictaque
1437 4228 1743 4297 sapientum

159 4323 603 4392 competentibus
644 4323 1016 4394 intelligentia:
1049 4323 1212 4378 lineis
1263 4320 1568 4391 eXplicarc,
1617 4328 1745 4374 tunc

155 4408 263 4480 jam
290 4413 485 4468 oscula
519 4413 695 4483 ipsius
723 4412 911 4483 sponsi
933 4414 1041 4480 sui,
1080 4414 1131 4468 id
1165 4424 1248 4468 est
1282 4409 1445 4466 Verbi
1475 4410 1587 4476 Dei,
1620 4424 1744 4465 sus-

1842 3232 2102 3289 sponsus,
2131 3226 2185 3273 et
2208 3217 2322 3288 ipse
2354 3219 2402 3269 ei
2434 3215 2682 3272 osculum
2716 3214 2918 3285 proprii
2953 3213 3067 3271 oris
3091 3210 3420 3269 infunderct.

1845 3309 2100 3380 Dumque
2140 3309 2257 3364 haec
2303 3315 2483 3362 oraret
2520 3306 2584 3361 ad
2624 3304 2834 3360 Patrem
2857 3344 2873 3369 ,
2923 3305 2977 3359 in
3027 3305 3143 3375 ipsa
3177 3301 3427 3358 oratione

1840 3418 1948 3475 qua
1995 3402 2132 3458 dixit
2163 3419 2175 3455 :
2211 3399 2495 3454 Osculetur
2544 3414 2623 3453 me
2670 3397 2732 3450 ab
2781 3395 2960 3450 osculo
2992 3395 3098 3450 oris
3129 3395 3232 3458 sui,
3270 3401 3426 3464 parat

1841 3495 2006 3552 etiam
2061 3493 2169 3550 alia
2212 3493 2479 3549 orationis
2522 3489 2685 3545 verba
2728 3488 3090 3559 subjungere,
3125 3502 3195 3558 ac
3242 3485 3425 3541 dicere

1841 3588 1971 3660 quia
2003 3587 2058 3642 in
2101 3586 2207 3642 hoc
2254 3583 2521 3655 principio
2553 3582 2822 3640 sermonis
2863 3580 3127 3637 adfuisset
3170 3593 3426 3650 sponsus,

1842 3688 1896 3735 et
1918 3677 2098 3735 oranti
2120 3677 2170 3733 ei
2194 3675 2458 3733 astitisset
2484 3689 2545 3731 ac
2571 3674 2864 3731 revelasset
2895 3673 3054 3729 verba
3079 3686 3198 3737 sua,
3226 3669 3428 3740 ipsum-

1843 3786 1951 3843 que
1986 3784 2250 3840 sponsum
2304 3767 2599 3840 unguentis
2641 3766 2923 3827 miriﬁcis.
2947 3773 3001 3821 et
3032 3763 3233 3835 quibus
3260 3776 3428 3832 spon-

1846 3879 1966 3919 sum
1994 3862 2239 3932 fragrare
2257 3860 2505 3925 decebat,
2532 3858 2844 3914 constitisse
2861 3856 3182 3913 delibutum.
3215 3853 3430 3925 Sponsa

1847 3972 1975 4013 vero
2008 3955 2097 4011 ubi
2146 3954 2340 4010 adesse
2384 3952 2673 4007 viditeum
2718 3965 2819 4021 pro
2858 3965 2970 4020 quo
3016 3948 3209 4005 orabat
3243 3956 3304 4002 ut
3332 3947 3430 4002 ad-

1845 4056 2012 4112 esset,
2043 4055 2097 4102 et
2129 4045 2328 4114 adhuc:
2356 4044 2601 4116 loquenti
2635 4044 2739 4099 sibi
2782 4043 3084 4114 pra-stitum
3115 4037 3259 4109 quod
3303 4052 3430 4092 ora-

1846 4140 1963 4204 bat,
2003 4154 2067 4196 ac
2113 4139 2238 4197 data
2268 4137 2371 4193 sibi
2408 4137 2477 4191 ab
2526 4135 2645 4205 ipso
2690 4134 2872 4190 oscula
2916 4147 3039 4202 quae
3080 4137 3428 4201 poposcerat,

1849 4233 1969 4287 beta
2010 4246 2108 4301 pro
2155 4230 2260 4285 hoc
2292 4226 2537 4293 reddita,
2567 4236 2622 4281 et
2652 4225 2847 4281 decore
2898 4224 3156 4286 uberum,
3208 4235 3272 4275 ac
3320 4218 3435 4273 fra-

1851 4320 2079 4393 grantia:
2113 4319 2288 4391 ipsius
2320 4317 2489 4373 odore
2536 4327 2802 4388 permota,
2838 4314 3129 4385 prepositze
3166 4309 3435 4365 orationis

1853 4424 2160 4467 sermonem
2197 4406 2467 4464 convertit
2504 4406 2569 4462 ad
2611 4404 2954 4477 praesentiam
2992 4399 3178 4473 Sponsi
3206 4398 3298 4469 qui
3335 4396 3432 4451 ad-

160 4504 366 4573 ccpisse
396 4519 459 4560 se
484 4504 695 4561 credat.
741 4505 869 4561 Ideo
898 4514 1080 4560 autem
1113 4504 1300 4561 oscula
1333 4501 1612 4573 pluraliter
1647 4517 1744 4572 po-
1772 4500 1823 4561 ο
1849 4512 1967 4564 erat
1994 4519 2007 4556 :
2035 4511 2238 4559 etcum
2277 4498 2546 4559 dixisset:
2591 4497 2871 4555 Osculetur
2899 4511 2980 4550 me
3020 4499 3083 4552 ab
3113 4489 3289 4546 osculo
3323 4486 3435 4542 oris

221 4640 268 4672 ’⁸
292 4637 407 4698 Isa.
437 4656 636 4708 xxxut,
659 4640 752 4726 ἐξ.
829 4642 872 4674 ’ί
906 4640 1045 4699 Psal.
1077 4655 1266 4709 cxvm,
1295 4639 1416 4696 13L

242 4828 337 4890 26)
376 4827 541 4900 Mss”
563 4826 990 4883 intolerabiliter.
1028 4824 1185 4900 Libb.
1214 4826 1371 4900 edit.,
1401 4826 1747 4900 integraliter.

241 4900 340 4968 27)
372 4897 444 4953 Ut
463 4899 586 4968 jam
620 4915 725 4968 non
754 4900 909 4964 mihi,
936 4907 1043 4953 etc.
1067 4897 1373 4968 Procopius
1399 4897 1749 4955 Christianus

156 4966 408 5039 sophista
464 4966 610 5024 hanc
660 4966 926 5039 Origenis
960 4966 1358 5039 expositionem
1406 4969 1751 5039 brevioribus

154 5037 333 5120 verbis
362 5039 664 5120 exprimit:
691 5037 1010 5120 φιαησᾴτω
1028 5037 1106 5108 με
1140 5038 1260 5092 ἀπὸ
1282 5037 1635 5120 ςξιλήμλαρρς.
1654 5038 1749 5120 My

152 5108 236 5181 ᾇὰ
259 5108 573 5181 πῳφήτῶν
603 5127 671 5181 με
692 5111 722 5163 ὁ
755 5109 987 5181 νυμφίος
1013 5108 1427 5181 μνηπευσάτῳ,
1457 5109 1524 5181 διζ
1550 5108 1746 5181 suum?

152 5126 236 5162 aea
259 5126 573 5181 προφητων
603 5127 671 5181 με
692 5126 722 5163 o
755 5127 817 5163 vo
908 5126 987 5172 to;
1013 5126 1427 5179 μνηστευσατω,
1457 5126 1522 5162 οι·
1550 5126 1746 5162 εαυτου

151 5179 205 5259 ξὲ
247 5180 588 5259 ᾲμιλησάτω.
632 5182 757 5259 κξτξ
777 5126 1029 5259 ai?ng
1055 5180 1453 5259 πνερμριτωεὴν,
1477 5178 1563 5259 ,ὅθ’
1612 5178 1679 5249 ἧς
1717 5178 1751 5231 ὁ

452 5250 609 5335 canar
648 5250 763 5330 Κιεὶ
806 5253 864 5335 ιιι
900 5248 1299 5335 κεῖρνξςηήμιέγ
1336 5248 1749 5335 ἐψηλάφησιξν

151 5321 279 5390 περὶ
304 5317 423 5377 to?)
454 5317 646 5390 .1va
672 5318 786 5390 τῆς
816 5317 985 5390 ζωῆς.
1011 5317 1196 5373 Ταῦτά
1225 5318 1283 5373 δέ
1313 5317 1498 5389 φησιν,
1528 5317 1605 5384 ὡς
1642 5317 1750 5390 τῶν

151 5388 452 5464 προφητῶν
480 5388 747 5444 suanm
778 5389 1077 5445 ἀκούσασα·
1129 5388 1534 5459 Ἐπεθύμησεν
1571 5390 1604 5442 ό
1630 5388 1748 5452 ,βα-

148 5461 365 5529 σιλεὺς
403 5460 680 5527 κάλλους
712 5475 849 5515 σου·
891 5461 986 5514 καὶ
1024 5458 1206 5514 ἄλλοιν
1245 5461 1349 5513 Ὃν
1386 5459 1609 5526 τρόπού
1646 5460 1748 5513 εὐ-

148 5532 562 5603 φρανθήσεται
586 5533 849 5603 νυμφίος
874 5530 971 5584 ἐπὶ
998 5533 1260 5603 νύμφης,
1288 5529 1473 5603 οὕτως
1500 5530 1751 5603 εὐφραν-

149 5602 403 5671 θήσεται
428 5600 776 5671 [reptatam
811 5603 961 5655 cola
983 5600 1264 5656 Osculetur
1300 5617 1378 5671 me
1407 5600 1470 5651 ab
1494 5600 1693 5671 osculo.
1723 5618 1741 5651 ι

151 5668 270 5725 Non
315 5690 419 5743 per
461 5668 761 5744 prophetas!
796 5688 937 5725 meus
983 5688 1205 5741 sponsus
1254 5669 1453 5744 antlriat
1484 5670 1700 5744 rliquiae
1728 5685 1745 5720 :

150 5756 236 5808 ρετ
280 5739 524 5813 seipsum
560 5739 693 5798 'rero
743 5739 1028 5813 loquatur,
1074 5742 1364 5813 secundum
1413 5739 1747 5808 spiritualem

153 5809 395 5884 sensum,
431 5830 524 5885 per
547 5829 705 5885 quem
736 5809 972 5868 Joannes
1006 5813 1082 5866 ait
1113 5827 1131 5866 :
1169 5830 1187 5863 ι
1226 5809 1297 5866 Et
1328 5826 1517 5865 manus
1549 5821 1746 5866 nostra:

1861 4832 2313 4882 eontrectaverunt
2335 4822 2400 4876 de
2433 4821 2582 4876 verbo
2612 4821 2750 4875 uiue.
2782 4839 2800 4872 ι
2836 4816 2963 4874 Ilwc
2986 4825 3161 4870 autem
3185 4814 3333 4880 dicit,
3370 4824 3429 4868 ut

1858 4913 1978 4969 qua
2025 4895 2308 4966 prophetas
2351 4892 2590 4969 audierit
2626 4891 2902 4969 dicentes“:
2931 4906 2950 4939 ι
3001 4886 3304 4969 Concupioit
3325 4898 3435 4969 res

1855 4954 2093 5021 decorem
2123 4954 2321 5030 'tuum;
2370 4980 2397 5015 ι
2424 4971 2474 5017 et
2517 4961 2683 5015 alium
2723 4976 2742 5016 :
2786 4978 2810 5013 ι
2844 4957 3117 5030 Quomodo
3158 4954 3428 5030 («stabitur

1855 5053 2077 5108 sponsus
2116 5051 2271 5105 super
2301 5023 2546 5103 sponsa,
2583 5032 2659 5085 sic
2706 5023 2977 5085 lwtubitur
3026 5039 3181 5094 super
3231 5032 3278 5079 te
3320 5023 3430 5078 Do.

1853 5123 2048 5161 minus.
2090 5125 2111 5158 ι

1917 5177 2040 5258 $28)
2064 5175 2340 5258 Origenes.
2357 5171 2512 5258 apud-
2528 5162 3429 5258 Ρτοςορῖεεηηεζὲςάδξξξὲέξξ,ἔξι-

1851 5234 2070 5310 τοῧντὲς
2103 5234 2244 5299 θεῖον
2284 5234 2462 5313 Son-ta.
2502 5234 3011 5313 καταξεοῐμὸάνᾳμεν,
3054 5234 3431 5313 κᾳταπεφιλῇ-

1852 5317 1976 5370 σθαι
2007 5305 2116 5370 diro
2163 5313 2257 5366 τοῦ
2289 5305 2551 5383 στὸματος
2579 5310 2672 5383 (tot?
2718 5305 2952 5383 vupcploo
2997 5305 3327 5383 vopiqmpsv'
3369 5305 3430 5383 ev

1851 5387 1959 5457 ὅσῳ
1992 5386 2046 5439 δὲ
2075 5374 2407 5457 ἀποροῦμξνζ
2427 5374 2799 5457 ῥπολᾼάδωμεῆ
2819 5374 3101 5457 εήὺχόμῖενόι
3138 5374 3316 5457 λέγεεν
3342 5374 3426 5455 τέ’

1853 5446 2167 5523 mino-dno
2188 5446 2301 5522 ’με’
2325 5452 2445 5506 ἀπὸ
2474 5446 2821 5523 gummisz
2852 5446 3168 5523 ora;qu
3217 5446 3426 5523 αὐτοῇ.

1858 5514 2074 5592 Quoties
2110 5514 2283 5578 autem
2327 5514 2684 5588 corrtifyeritwut
2716 5514 3026 5592 inquirendo
3052 5517 3286 5592 divinum
3324 5514 3433 5592 ali-_-

1854 5586 1991 5668 quod
2020 5597 2212 5665 dogma
2236 5586 2601 5668 assequamur,
2633 5586 2871 5668 oscuium
2908 5605 2999 5641 nos
3031 5587 3096 5640 ab
3137 5602 3224 5640 ore
3249 5586 3430 5665 sponsi

1856 5662 2118 5735 accepisse
2163 5664 2519 5735 existimemus
2556 5662 2834 5735 :_quam_l_iu
2874 5674 2991 5714 vero
3040 5674 3141 5735 rion
3189 5662 3433 5735 assequi-

1859 5726 1997 5804 mur',
2028 5736 2343 5789 arbitremur
2367 5731 2423 5804 in
2451 5726 2687 5799 prerilius
2732 5732 2943 5785 dicere:
2977 5748 2994 5782 ε
3040 5726 3318 5789 Osculctur
3347 5740 3441 5783 me

1858 5810 1923 5861 ab
1957 5802 2133 5862 oscu!o
2165 5804 2271 5859 oris
2296 5802 2397 5857 sui.
2432 5818 2450 5852 ι
