3872 6514
510 357 577 418 8³2
1561 347 1890 411 ORIGENIS
1927 343 1988 403 IN
2026 340 2387 400 CANTICUM
2424 337 2700 397 CANTIC.
3669 333 3728 388 88

510 478 617 548 sui,
648 476 928 549 subjungit
976 486 1097 548 post
1138 478 1252 536 haec
1302 475 1368 541 ad
1401 482 1717 546 prmsentem
1760 473 1874 544 jam
1919 486 2082 542 spon-
2109 469 2156 526 Α
2253 464 2357 520 Sed
2408 477 2554 519 nunc
2599 457 2953 549 considerans
2981 456 3120 549 hanc
3162 453 3488 518 doctrinam,
3525 466 3641 549 quas
3671 467 3728 506 ex

513 586 658 637 sino,
690 570 878 626 dicens
905 585 919 623 :
961 572 1111 624 Bona
1140 568 1299 623 ubera
1344 583 1438 622 tua
1469 582 1624 636 super
1650 565 1850 629 vinum,
1875 573 1923 618 et
1950 561 2081 616 odor

511 672 896 733 unguentorum
947 671 1154 718 tuorum
1209 676 1363 730 super
1408 659 1584 716 omnia
1638 666 1901 711 aromata.
1957 652 2083 708 Hinc

512 737 730 813 interim
764 753 1065 811 secundum
1104 753 1419 814 historicum
1455 749 1885 820 intelligentiam,
1914 761 2078 818 quam

512 843 774 910 dramatis
805 844 861 916 in
887 845 1106 910 modum
1141 844 1489 914 prmdiximus
1518 851 1741 899 textam.
1772 840 1927 896 Nunc
1951 855 2080 895 vero

511 934 640 1005 quid
686 934 990 990 intellectus
1036 935 1263 990 interior
1315 935 1541 1002 habeat,
1585 935 1950 1005 requiramus.
1989 932 2079 986 Di—

509 1026 683 1082 versis
715 1027 994 1082 vocabulis
1019 1027 1316 1098 principale
1344 1027 1528 1088 cordis
1557 1026 1817 1102 appellari
1847 1027 1900 1081 in
1931 1026 2079 1081 Scri-

510 1118 688 1186 pturis
715 1118 917 1178 divinis
962 1119 1291 1185 invenimus,
1327 1134 1449 1190 qua:
1469 1119 1735 1178 vocabula
1762 1133 1860 1188 pro
1897 1118 2080 1174 causis

511 1223 574 1264 ac
600 1209 765 1264 rebus
809 1209 876 1264 de
907 1209 1106 1278 quibus
1151 1211 1329 1280 agitur
1371 1211 1542 1281 aptari
1572 1211 1767 1266 solent.
1801 1209 2076 1265 Interdum

507 1300 653 1354 enim
688 1315 784 1356 cor
815 1300 1032 1369 dicitur,
1068 1311 1126 1357 ut
1159 1318 1170 1353 :
1216 1302 1370 1358 Beati
1424 1304 1618 1366 mundo
1667 1303 1822 1360 corde
1849 1302 1924 1368 ";
1976 1311 2028 1356 et
2060 1317 2072 1353 :

509 1388 680 1460 Corde
725 1392 959 1456 creditur
1014 1393 1082 1448 ad
1117 1394 1389 1465 justitiam
1436 1395 1505 1450 “.
1559 1395 1616 1449 Si
1670 1408 1802 1452 vero
1845 1391 2078 1458 convivii

508 1487 722 1550 tempus
768 1481 859 1550 sit,
895 1496 994 1552 pro
1039 1484 1218 1554 specie
1262 1492 1318 1542 et
1359 1484 1550 1541 ordine
1593 1483 2078 1549 discumbentium,

508 1569 594 1626 νει
638 1573 795 1644 sinus
837 1575 924 1640 vel
973 1585 1165 1646 pectus
1194 1577 1496 1647 appellatur
1525 1593 1540 1630 :
1571 1579 1717 1633 sicut
1753 1576 1992 1634 Joannes
2024 1576 2081 1631 in

508 1659 804 1735 Evangelia
836 1667 1002 1725 refert
1032 1669 1100 1724 de
1126 1669 1364 1740 quodam
1410 1669 1680 1740 discipulo
1713 1686 1874 1742 quem
1929 1685 2081 1726 aina-

507 1755 599 1809 bat
622 1753 802 1822 Jesus,
833 1759 978 1829 quod
1016 1761 1070 1815 in
1119 1763 1242 1818 sinu
1273 1763 1398 1834 ejus
1432 1764 1517 1825 rel
1550 1779 1714 1834 supra
1745 1773 1934 1834 pectus
1960 1762 2079 1832 ejus

507 1826 876 1916 recumberet;
928 1849 1018 1905 ille
1048 1826 1322 1925 prolecto'
1340 1826 1427 1911 cui
1477 1826 1712 1913 innuens
1745 1826 1946 1911 'Simon
1977 1826 2076 1913 ἰδε-
2109 1826 2150 1882 Β

502 1943 622 2002 trus
675 1938 936 1996 dicebat:
988 1941 1266 2015 Interroga
1317 1947 1434 2017 quis
1466 1948 1551 2010 hic
1600 1949 1663 2002 de
1709 1965 1811 2024 quo
1852 1949 1980 2007 dicit
2009 1949 2074 2006 ⁸⁵.

500 2023 631 2096 Post
660 2028 773 2084 haec
801 2047 931 2089 vero
977 2037 1301 2100 recumbens
1336 2052 1500 2108 super
1531 2023 1733 2110 pectus
1762 2039 1889 2101 Iesu
1907 2081 1925 2108 ι
1947 2041 2080 2105 dicit

500 2119 550 2184 ei
585 2135 600 2172 :
646 2119 904 2187 Domine,
949 2126 1067 2194 quis
1119 2137 1194 2181 est
1232 2127 1320 2184 "‘3
1345 2127 1401 2183 In
1443 2129 1529 2185 his
1565 2130 1709 2185 enim
1753 2140 1958 2186 certum
1995 2143 2080 2187 est

501 2209 648 2276 quod
698 2211 936 2270 Joannes
981 2215 1036 2268 in
1086 2217 1371 2289 principali
1429 2221 1610 2277 cordis
1653 2220 1779 2277 Iesu
1828 2233 1992 2294 atque
2022 2224 2076 2278 in

502 2297 730 2371 internis
759 2303 1019 2367 doctrinae
1041 2307 1161 2376 ejus
1190 2309 1443 2365 sensibus
1477 2312 1812 2381 requievisse
1842 2312 2075 2379 dicatur,

503 2389 579 2454 ibi
615 2393 902 2464 requirens
926 2405 980 2450 ct
1011 2407 1364 2466 perscrutans
1391 2400 1681 2463 thesauros
1715 2404 1997 2474 sapientia:
2025 2414 2078 2461 et

501 2481 744 2553 scientiae
790 2485 884 2566 qui
916 2489 1178 2554 reconditi
1221 2502 1377 2548 erant
1412 2491 1467 2546 in
1515 2493 1736 2550 Christo
1785 2494 1935 2553 Jesu.
1971 2494 2076 2552 Sed

499 2572 650 2644 quod
694 2575 847 2636 sinus
873 2574 1078 2640 Christi
1130 2578 1183 2636 in
1231 2581 1355 2641 loco.
1393 2585 1711 2654 dogmatum
1759 2594 2076 2651 sanctorum

503 2663 820 2740 accipiatur,
853 2676 983 2736 puto
1011 2669 1270 2727 indecens
1296 2688 1404 2727 non
1449 2675 1642 2731 videri.
1677 2676 1915 2737 Diversis
1945 2694 2077 2748 ergo
2118 2746 2122 2750 ι

502 2755 698 2820 modis,
733 2766 794 2818 ut
837 2757 1017 2814 dicere
1064 2775 1428 2831 coeperamus,
1477 2765 1781 2837 principale
1806 2767 1986 2823 cordis
2018 2769 2074 2823 in

501 2845 801 2918 Scripturis
842 2852 1048 2912 sanctis
1093 2853 1431 2926 designatur,
1461 2861 1602 2916 sicut
1643 2870 1699 2916 et
1737 2861 1790 2915 in
1835 2861 2076 2917 Levitico

500 2940 858 3003 nihilominus
886 2943 952 3009 9‘,
984 2944 1076 3003 ubi
1107 2946 1174 3001 de
1199 2949 1486 3016 sacrificiis
1512 2953 1885 3022 pectusculum
1913 2968 2074 3022 sepa-

500 3035 751 3104 rationis,
796 3048 850 3094 et
900 3040 1183 3096 brachium
1230 3043 1604 3110 sacerdotibus
1651 3053 2073 3115 sequestratur:

499 3137 554 3189 et
591 3127 646 3192 in
679 3129 783 3187 hoc
829 3141 1228 3203 sequestratum
1259 3150 1320 3190 ac
1360 3145 1671 3206 separatum
1697 3139 2071 3208 pectusculum

500 3229 552 3282 et
587 3219 894 3296 brachium,
932 3225 1246 3292 praecellens
1292 3236 1518 3286 caeteros
1560 3212 1843 3296 homines,
1869 3231 2071 3302 princi-

500 3311 622 3392 pale
647 3315 830 3368 cordis
860 3324 913 3370 et
949 3331 1178 3386 operum
1207 3318 1374 3375 decus
1415 3320 1530 3375 vult
1564 3335 1687 3377 esse
1713 3321 1767 3378 in
1817 3325 2074 3380 sacerdo-

499 3404 666 3468 tibus.
691 3404 766 3461 De
795 3422 906 3476 quo
937 3408 1148 3478 plenius
1171 3409 1224 3465 in
1250 3410 1389 3467 libro
1413 3411 1677 3477 Levitico.
1702 3402 2076 3485 prout'Domi-

498 3511 607 3560 nus.
639 3497 770 3555 dare
801 3499 1053 3571 dignatus
1077 3509 1180 3568 est,
1215 3503 1589 3573 exposuimus.
1625 3504 1937 3570 Secundum
1961 3508 2076 3563 haec

497 3603 630 3660 ergo
659 3589 821 3651 etiam
865 3591 917 3645 in
953 3595 1202 3662 praesenti
1243 3597 1396 3661 loco,
1444 3597 1885 3670 quandoquidem
1918 3613 2073 3655 ama-

497 3681 699 3742 torium
751 3685 962 3739 videtur
1013 3685 1201 3742 drama
1247 3689 1390 3756 quod
1449 3690 1662 3760 agitur,
1711 3690 1767 3744 in
1817 3691 2076 3748 uberibus

499 3770 798 3843 principale
829 3774 1012 3840 cordis
1041 3775 1424 3848 intelligamus,
1454 3788 1513 3834 ut
1546 3781 1649 3837 tale
1678 3781 1925 3837 videatur
1953 3799 2075 3840 esse

499 3863 646 3935 quod
699 3865 900 3922 dicitur
933 3886 946 3923 :
976 3866 1084 3923 Cor
1118 3877 1268 3926 tuum
1293 3910 1308 3936 ,
1339 3887 1372 3927 o
1412 3887 1613 3942 sponse
1659 3889 1835 3940 meus,
1886 3875 1939 3930 id
1968 3886 2072 3942 est,

497 3954 748 4026 dogmata
779 3973 900 4028 qua:
930 3961 1068 4018 intra
1107 3972 1157 4019 te
1185 3978 1331 4028 sunt,
1357 3965 1441 4019 vel
1467 3965 1728 4021 doctrinas
1760 3967 1950 4038 gratia,
1984 3984 2075 4024 su-

497 4055 653 4122 perat
681 4064 842 4106 omne
871 4052 1078 4118 vinum,
1111 4051 1252 4125 quod
1285 4071 1385 4116 cor
1410 4057 1652 4126 hominis
1685 4058 1960 4114 ludiﬁcare
1985 4075 2074 4114 so-

495 4147 587 4194 tet.
622 4139 775 4198 Sicut
798 4143 944 4200 enim
977 4147 1032 4212 in
1067 4136 1152 4206 his
1183 4151 1250 4203 de
1281 4149 1480 4220 quibus
1508 4149 1642 4204 dicit
1684 4165 1698 4201 :
1740 4149 1880 4214 Quia
1905 4149 2074 4204 Deum

494 4231 740 4295 ridebunt
762 4234 829 4302 ’⁷,
853 4251 949 4290 cor
972 4248 1340 4309 competenter
1377 4241 1582 4298 dictum
1614 4251 1734 4296 esse
1764 4241 1993 4306 videtur,
2021 4247 2073 4302 et

497 4322 640 4384 inter
680 4325 1084 4386 discumbentes
1137 4331 1291 4386 sinus
1339 4347 1403 4387 ac
1448 4341 1638 4402 pectus
1682 4334 1925 4401 ponitur.
1973 4349 2076 4402 Ι)νο

497 4413 687 4469 habitu
724 4417 843 4474 sine
876 4419 1042 4480 dubio
1069 4420 1529 4478 discumbentium
1564 4423 1850 4494 formaque
1879 4428 2070 4482 convi-

2181 556 2444 621 uberibus
2473 551 2694 626 protluit
2735 548 2941 620 sponsi,
2987 548 3220 603 miratur
3251 553 3306 600 et
3335 552 3535 612 stupet,
3565 542 3732 598 videns

2179 665 2298 706 eam
2330 650 2491 719 longe
2533 643 2963 716 priestantiorem
2999 654 3160 709 quam
3205 638 3355 693 illam
3401 650 3464 690 ex
3494 649 3595 704 qua
3622 645 3730 688 ante

2181 741 2471 796 adventum
2508 736 2694 808 sponsi
2721 733 2985 790 Imtilicata
3017 731 3214 796 fuerat,
3249 739 3510 798 tanquam
3531 743 3593 781 ex
3620 727 3732 781 vino

2180 831 2408 902 Spiritali
2461 828 2606 901 quod
2660 825 3042 882 ministrabant
3088 823 3267 879 sancti
3311 829 3494 892 patres
3538 826 3588 873 et
3617 833 3732 888 pro-

2179 927 2375 995 pbetae,
2406 924 2497 995 qui
2523 923 2686 986 etiam
2715 920 2876 990 hujus
2902 918 3114 989 generis
3141 917 3522 987 plantavernnt
3544 913 3731 979 vincas,

2179 1028 2241 1074 ut
2287 1019 2398 1074 Noe
2449 1018 2660 1088 primus
2703 1015 2770 1082 ⁸⁸,
2823 1025 2877 1069 et
2934 1012 3104 1068 Isaias
3159 1011 3216 1065 in
3285 1024 3458 1065 cornu
3520 1007 3571 1060 in
3627 1007 3733 1060 loco

2179 1109 2332 1173 uberi
2361 1111 2429 1176 ’9,
2459 1118 2514 1163 et
2558 1108 2843 1166 coluerunt
2881 1118 2994 1159 eas.
3025 1101 3230 1159 Yidens
3261 1114 3393 1171 ergo
3433 1113 3574 1152 nunc
3617 1098 3734 1152 mul-

2181 1215 2288 1264 tam
2340 1218 2462 1260 csse
2489 1197 2840 1261 eminentiam
2885 1195 3196 1265 dogmatum
3246 1201 3304 1250 et
3344 1191 3581 1251 scientia:
3606 1191 3732 1260 apud

2181 1309 2466 1366 sponsum,
2498 1300 2552 1346 et
2603 1290 2760 1360 longe
2801 1303 2869 1342 ex
2917 1302 2982 1342 eo
3034 1284 3414 1356 perfectiorem
3449 1297 3606 1352 quam
3645 1280 3735 1336 fuit

2181 1387 2322 1458 apud
2350 1385 2607 1454 antiquos
2637 1395 2894 1436 emanare
2927 1377 3228 1434 doctrinam
3255 1376 3387 1432 dicit
3419 1393 3432 1429 :
3457 1373 3600 1428 Bona
3627 1383 3735 1427 sunt

2179 1479 2340 1533 ubera
2372 1486 2462 1542 tua
2502 1490 2655 1548 super
2695 1472 2904 1535 uinum;
2936 1485 3099 1540 super
3137 1469 3287 1532 illam
3319 1467 3522 1524 scilicet
3553 1464 3733 1520 doctri-

2182 1586 2308 1626 nam
2336 1585 2441 1640 qua
2475 1565 2786 1624 laetiﬁcabar
2825 1562 2894 1618 ab
2936 1560 3194 1632 antiquis.
3231 1559 3306 1614 De
3343 1559 3448 1614 hoc
3478 1557 3616 1612 enim
3651 1571 3735 1610 an-

2183 1665 2460 1735 tiquorum
2495 1661 2624 1716 vino
2650 1657 3030 1729 intelligendus
3055 1665 3137 1710 est
3161 1652 3525 1708 Ecclesiastes
3554 1649 3735 1718 dicere,

2182 1758 2274 1820 ubi
2323 1757 2439 1811 ait:
2470 1753 2581 1826 Ego
2609 1753 2725 1808 dixi
2770 1753 2826 1806 in
2871 1750 3026 1805 corde
3077 1763 3190 1802 meo
3217 1764 3238 1802 :
3295 1745 3441 1810 Veni,
3471 1752 3520 1798 et
3548 1745 3737 1797 tentabo

2183 1861 2229 1912 te
2253 1853 2308 1906 in
2339 1849 2554 1916 (tetitia,
2590 1845 2770 1912 ridebo
2815 1847 2869 1900 in
2905 1843 3036 1898 bono
3067 1851 3106 1896 ί.
3134 1840 3200 1895 Et
3246 1840 3444 1894 iterum
3471 1837 3537 1890 de
3565 1834 3732 1890 iisdem

2183 1947 2356 2002 vineis
2387 1945 2617 2014 loquens
2646 1940 2786 1995 idem
2819 1937 3178 1995 Ecclesiastes
3211 1933 3347 1987 dicit
3380 1950 3395 1990 ξ
3425 1927 3735 1999 Magniﬁcarl

2181 2037 2311 2099 mihi
2361 2052 2488 2105 opus
2542 2049 2748 2100 meum,
2806 2028 3063 2100 a’di/icavi
3115 2025 3246 2080 mihi
3283 2024 3490 2085 domos,
3521 2017 3734 2090 plantaei

2181 2127 2310 2182 mihi
2343 2128 2540 2191 uineas,
2587 2125 2685 2195 feci
2721 2122 2849 2178 mihi
2880 2121 3058 2174 hortos
3086 2126 3135 2175 et
3163 2114 3446 2187 paradisus
3474 2114 3515 2176 ³,
3541 2120 3592 2165 et
3619 2108 3732 2164 reli-

2179 2234 2310 2290 qua.
2345 2217 2486 2272 Sunt
2510 2227 2689 2274 autem
2736 2214 2901 2283 hujus
2933 2212 3102 2267 vineae
3130 2207 3348 2280 mystici
3391 2205 3550 2260 etiam
3582 2201 3726 2255 mini-

2177 2312 2279 2366 stri
2311 2310 2555 2381 quidam,
2585 2310 2679 2380 qui
2704 2307 2813 2362 vini
2838 2307 3050 2360 fusores
3081 2301 3446 2372 appellantur.
3491 2295 3576 2350 Sic
3603 2292 3729 2347 enim

2177 2405 2320 2460 idem
2355 2403 2489 2458 dicit
2521 2420 2535 2457 :
2575 2400 2643 2458 Et
2692 2401 2791 2469 feci
2838 2397 2965 2452 mihi
3009 2403 3246 2449 cantores
3277 2399 3329 2446 et
3359 2387 3661 2444 cantatrices
3684 2385 3732 2437 in

2176 2497 2372 2552 iwtitia
2399 2494 2634 2565 ﬁliorum
2677 2491 2967 2555 hominum,
2996 2488 3102 2542 uini
3132 2487 3338 2557 fusores
3385 2492 3436 2536 et
3479 2480 3582 2535 vini
3609 2478 3727 2548 fusi-

2178 2593 2334 2647 trices
2364 2592 2406 2647 ³.
2441 2590 2571 2646 Vide
2600 2605 2729 2658 ergo
2763 2587 2807 2642 si
2841 2584 3114 2656 possimus
3145 2590 3258 2636 tum
3291 2579 3349 2636 in
3384 2574 3606 2638 caeteris,
3631 2579 3729 2625 tum

2177 2686 2341 2742 etiam
2378 2685 2432 2741 in
2469 2685 2570 2738 hoc
2602 2680 2711 2754 39
2741 2678 3038 2748 intelligere
3067 2672 3409 2734 Salvatorem
3435 2664 3594 2722 veteri
3618 2663 3729 2718 vino

2176 2777 2388 2831 novella
2423 2776 2653 2829 uberum
2710 2785 2936 2828 suorum
2982 2766 3186 2822 ﬂuenta
3242 2763 3580 2821 miscentem,
3618 2767 3726 2814 cum

2175 2865 2343 2927 Maria
2371 2874 2424 2921 et
2449 2863 2649 2933 Joseph
2678 2867 2982 2932 quaarentes
3007 2859 3313 2911 invenerunt
3343 2867 3458 2908 eum
3483 2850 3535 2902 in
3560 2843 3729 2914 templo

2175 2958 2438 3013 sedentem
2494 2957 2551 3011 in
2603 2953 2772 3021 medio
2826 2951 3120 3014 doctorum,
3162 2957 3213 3001 et
3256 2945 3556 3000 audientem
3595 2946 3728 3006 atque

2175 3047 2581 3116 interrogantem
2604 3059 2713 3107 eos,
2737 3041 2955 3112 quando
2976 3048 3024 3094 et
3046 3038 3383 3105 mirabantur
3406 3045 3574 3086 omnes
3593 3043 3728 3098 super

2178 3139 2440 3210 responsis
2471 3138 2583 3207 ejus
2613 3135 2655 3191 δ.
2695 3133 2800 3190 Sed
2831 3144 2886 3190 et
2915 3133 2992 3192 ibi
3025 3129 3283 3194 fortassis
3325 3125 3536 3196 species
3562 3120 3731 3174 format

2179 3233 2344 3303 hujus
2376 3232 2641 3302 expletur,
2676 3229 2763 3284 ubi
2807 3227 3106 3284 ascendens
3153 3224 3209 3284 in
3245 3229 3488 3277 montem
3527 3214 3730 3270 docebat

2177 3324 2427 3396 populos,
2458 3332 2512 3380 et
2548 3322 2760 3378 dicebat
2791 3339 2804 3374 :
2836 3319 3047 3378 Dictum
3089 3327 3165 3372 est
3205 3313 3442 3384 antiquis
3470 3327 3487 3365 :
3517 3307 3628 3363 Non
3656 3320 3730 3358 θεέ

2177 3419 2318 3473 cides
2340 3434 2360 3482 ;
2407 3433 2501 3488 ego
2543 3425 2719 3471 autem
2762 3415 2880 3468 dico
2911 3411 3054 3466 vobis
3093 3423 3110 3462 :
3145 3408 3334 3464 Omnis
3367 3405 3457 3478 qui
3504 3399 3728 3456 irascitur

2178 3509 2335 3578 fratri
2367 3523 2460 3573 suo
2486 3507 2598 3562 sine
2640 3522 2821 3568 causa,
2853 3519 2972 3558 reus
3003 3502 3139 3565 erit;
3185 3507 3238 3560 et
3266 3516 3279 3551 :
3329 3497 3533 3551 Dictum
3557 3498 3625 3544 est
3647 3504 3729 3540 an—

2178 3601 2380 3672 tiquis:
2429 3599 2545 3656 Non
2599 3597 2964 3670 aduiterabis,
3022 3610 3114 3665 ego
3160 3603 3342 3653 autem
3393 3589 3508 3644 dico
3557 3581 3728 3637 vobis:

2180 3695 2364 3750 Omnis
2391 3694 2482 3764 qui
2511 3692 2699 3750 viderit
2724 3691 2992 3746 mulierem
3023 3695 3090 3749 ad
3116 3681 3581 3754 concupiscendum
3607 3686 3723 3730 eam.

2167 3787 2282 3858 jam
2315 3785 2600 3839 moechatus
2634 3793 2712 3837 est
2755 3798 2870 3837 eam
2915 3782 2970 3838 in
3017 3779 3171 3832 corde
3199 3794 3294 3830 suo
3329 3778 3370 3830 ⁵.
3403 3773 3460 3826 In
3489 3774 3725 3863 quantum

2175 3893 2303 3948 ergo
2336 3875 2581 3938 doctrina
2615 3873 2732 3940 haec
2755 3872 2875 3942 ejus
2905 3870 3158 3942 praecellit
3195 3869 3342 3934 illam
3371 3863 3654 3930 antiquam,
3677 3867 3723 3904 ιη

2177 3980 2386 4033 tantum
2445 3983 2648 4040 sponsa
2695 3964 2946 4033 intelligit
2978 3973 3031 4018 et
3079 3960 3401 4032 pronuntiat
3446 3956 3581 4009 bona
3621 3957 3726 4000 esse

2177 4065 2343 4118 ubera
2371 4063 2489 4130 ejus
2517 4075 2682 4130 super
2713 4058 2919 4112 vinum.
3649 4127 3692 4139 Η

2231 4156 2336 4212 Sed
2366 4129 2420 4210 et
2458 4129 2604 4224 quod
2635 4165 2802 4206 vorax
2836 4147 3037 4203 dicitur
3076 4144 3246 4210 Filius
3283 4137 3538 4202 hominis,
3576 4141 3624 4189 et
3649 4129 3722 4224 hia

2176 4251 2332 4314 hens,
2362 4256 2416 4302 et
2441 4221 2627 4301 dicunt
2651 4259 2666 4296 :
2700 4241 2836 4296 Ecce
2857 4240 3010 4294 homo
3036 4252 3200 4292 vorax
3225 4246 3272 4290 et
3298 4237 3476 4290 vinum
3501 4221 3723 4282 bibens‘:

2177 4340 2243 4394 ad
2281 4314 2383 4394 huc
2428 4334 2787 4399 nihilominus
2829 4329 3094 4406 respicit:
3140 4325 3246 4381 tale
3277 4333 3332 4379 et
3387 4320 3514 4379 illud
3559 4316 3723 4413 vinutn

2178 4429 2348 4485 fuisse
2393 4426 2543 4484 Cana
2585 4425 2817 4480 Galilzem
2862 4420 3007 4492 quod
3062 4417 3344 4482 bibebatur
3397 4414 3448 4468 in
3501 4413 3726 4492 εοηνινιᾳ

496 4504 599 4566 vii;
633 4514 688 4560 et
732 4523 925 4565 rursus
975 4520 1035 4565 ut
1079 4513 1222 4582 apud
1270 4514 1580 4579 sacerdotes
1611 4489 1985 4584 peetu-sculum
2018 4527 2073 4582 et

2178 4521 2437 4593 nuptiali,
2471 4535 2583 4591 quo
2639 4489 2922 4583 deficiente
2967 4512 3095 4578 fecit
3133 4520 3187 4568 et
3227 4509 3376 4566 aliud
3429 4506 3606 4563 vinum
3646 4489 3721 4593 cui

495 4598 776 4654 brachium
832 4603 1073 4675 mysticis
1118 4603 1434 4674 designatur
1479 4606 1736 4675 eloquiis,
1785 4608 1859 4662 ita
1901 4610 2066 4674 etiam

493 4693 730 4748 arbitror
757 4695 810 4747 in
849 4683 1100 4765 praesenti
1135 4695 1277 4760 loco,
1312 4696 1401 4750 ubi
1433 4699 1734 4753 amantium
1769 4701 1988 4766 habitus
2015 4712 2070 4760 et

494 4785 768 4855 colloquia
797 4787 1202 4854 describuntur,
1231 4791 1539 4862 gratissime
1569 4793 1674 4848 hoc
1706 4793 1886 4861 ipsum
1920 4795 2069 4864 prin-

493 4878 667 4948 cipale
713 4880 897 4936 cordis
944 4880 998 4933 in
1048 4882 1307 4940 uberibus
1357 4888 1711 4956 appellatum.
1748 4885 1897 4942 Bona
1939 4903 2068 4954 ergo

492 4980 621 5038 sunt
653 4973 822 5026 ubera
852 4973 1058 5042 sponsi,
1097 4977 1537 5048 quandoquidem
1583 4978 1826 5034 thesauri
1860 4990 1986 5043 sunt
2012 4982 2067 5036 in

490 5062 572 5125 eis
620 5063 900 5131 sapientiae
952 5074 1008 5119 et
1053 5066 1294 5134 scientiae
1341 5070 1626 5125 reconditi.
1673 5067 1857 5126 Ubera
1883 5081 2064 5143 autem

491 5151 608 5214 haec
648 5153 778 5219 vino
826 5165 1109 5225 comparat
1162 5172 1386 5227 sponsa,
1439 5161 1532 5215 sed
1583 5162 1656 5217 ita
1699 5173 1982 5233 comparat
2008 5174 2067 5224 ut

491 5242 762 5318 praeferat.
793 5243 991 5304 Vinum
1039 5257 1221 5303 autem
1271 5249 1364 5308 illa
1415 5250 1760 5323 intelligenda
1793 5262 1922 5308 sunt
1961 5255 2063 5308 do-

490 5348 671 5405 gmata
713 5345 765 5392 et
821 5337 1099 5408 doctrinae,
1131 5357 1254 5412 qua:
1299 5358 1397 5426 per
1445 5343 1616 5415 legem
1667 5359 1722 5400 et
1771 5346 2065 5418 prophetas

489 5437 616 5484 ante
641 5428 937 5490 adventum
973 5434 1162 5502 sponsi
1192 5450 1410 5491 sumere
1443 5451 1645 5508 sponsa
1687 5447 2062 5502 consueverat.

2177 4585 2547 4669 testimonium
2583 4608 2815 4672 reddidit
2859 4605 3266 4674 arehitriclinus
3304 4601 3450 4673 quod
3494 4597 3560 4652 sit
3588 4585 3723 4644 valde

2175 4707 2410 4768 bonum,
2443 4713 2498 4761 et
2542 4717 2610 4758 eo
2654 4702 2781 4764 vino
2827 4698 2972 4768 quod
3018 4709 3314 4766 expensum
3359 4693 3532 4748 fuerat
3572 4679 3723 4739 multo.

2179 4797 2558 4870 praestantius,
2590 4808 2715 4849 cum
2748 4791 2920 4849 dicit:
2947 4789 3134 4851 Omnis
3157 4789 3308 4842 homo
3346 4786 3516 4856 primo
3552 4778 3718 4870 bonum

2176 4865 2356 4944 uinum
2384 4887 2553 4957 ponit,
2588 4894 2637 4938 et
2669 4899 2788 4936 cum
2819 4879 3067 4935 inebriati
3095 4879 3312 4948 fuerint,
3346 4877 3403 4930 id
3428 4870 3561 4944 quod
3594 4865 3719 4957 delc-

2172 4981 2283 5033 rius
2307 4988 2422 5043 est;
2446 4987 2502 5032 tu
2525 4987 2698 5031 autem
2722 4974 2940 5030 seruasti
2963 4973 3142 5026 vinum
3160 4969 3352 5023 bonum
3375 4980 3530 5042 usque
3551 4951 3716 5012 mmo".

2173 5071 2276 5125 Sed
2310 5080 2362 5124 et
2390 5069 2738 5126 Salomonem
2771 5068 2864 5137 qui
2893 5081 2990 5137 pro
3024 5073 3244 5132 accepta
3271 5060 3362 5115 Dei
3397 5050 3645 5131 sapientia
3671 5045 3717 5097 in

2169 5163 2530 5216 admiratione
2563 5161 2664 5217 fuit
2697 5160 2899 5233 reginae
2933 5156 3108 5220 Saliae,
3136 5171 3260 5225 quae
3290 5159 3507 5208 venerat
3536 5149 3720 5233 tentare

2168 5267 2293 5308 eum
2327 5253 2381 5308 in
2416 5252 2810 5330 quaestionibus
2836 5269 2850 5305 :
2879 5251 2933 5308 in
2959 5249 3159 5327 quibus
3188 5265 3314 5302 eum
3343 5245 3529 5300 eadem
3552 5232 3717 5304 regina

2173 5353 2448 5399 scrutetur
2480 5352 2534 5398 et
2564 5343 2810 5408 miretur,
2845 5343 2973 5398 audi
3013 5341 3352 5412 Scripturam
3382 5335 3715 5393 referentem:

2175 5435 2243 5492 Et
2271 5437 2424 5501 vidit,
2455 5435 2651 5512 inquit,
2680 5438 2864 5507 regina
2894 5433 3037 5492 Saba
3062 5451 3266 5491 omnem
3298 5429 3604 5504 sapientiam
3630 5415 3718 5472 30'

594 5607 642 5679 Ρί
669 5605 1024 5679 Μτιιιιιηνηὸ.
1132 5609 1177 5642 ⁸³
1203 5609 1359 5666 Rom.
1397 5628 1449 5675 χ,
1488 5614 1574 5669 I0.
1683 5616 1730 5646 ⁹⁸
1749 5613 1907 5679 Joan.
1945 5631 2062 5677 xm,

2181 5654 2194 5667 .
2303 5615 2347 5661 ’.⁸
2381 5615 2510 5669 ibid.
2554 5615 2642 5670 25.
2756 5617 2802 5647 ⁹⁶
2844 5614 3020 5670 Levit.
3065 5631 3162 5668 vn.
3277 5615 3322 5646 "
3359 5594 3716 5679 Mattltﬂnng'

487 5676 536 5756 !“
553 5675 699 5756 ﬁeri.
729 5693 807 5732 lx.
879 5662 1131 5756 tilsazv:
1213 5682 1228 5710 ¹
1662 5686 1682 5715 ,

2181 5662 2196 5741 ζ
2227 5685 2280 5754 8.
2358 5662 2540 5746 Villio.
2558 5662 2642 5751 ἶῖξ
2659 5686 2748 5756 46,
2779 5662 2914 5755 υἷ’
2935 5662 3186 5752 ’έ”Μ;ιίἰίἱ,
3212 5701 3264 5752 v,
3295 5662 3505 5752 aias,
3537 5662 3713 5738 27.23-

489 5742 511 5773 ⁸
549 5745 742 5803 Matth.
772 5749 964 5813 x1,19.
1041 5750 1060 5779 ⁷
1101 5748 1257 5804 Joan.
1297 5768 1358 5818 tt,
1403 5754 1486 5807 10.
