3872 6552
198 350 263 407 π
1559 362 1762 420 LIBER
1796 358 2073 417 PRIMUS.
3378 351 3448 410 et

200 482 305 521 rm
334 478 563 536 tuorum,
599 472 866 545 spiritalis
917 475 1128 533 scilicet
1175 477 1530 554 intelligentia
1559 492 1612 538 et
1644 499 1761 554 my—
1789 484 1834 543 Α
1866 480 1951 537 nis
1975 479 2095 550 ejus
2115 488 2169 534 et
2191 477 2377 535 odoris
2406 477 2676 535 senserint
2700 476 3048 543 suavitatem,
3070 476 3165 534 ubi
3194 492 3443 550 unguen-

204 563 346 627 stiea,
373 578 531 632 super
582 566 764 620 omnia
817 579 1064 622 aromata
1120 571 1347 628 moralis
1394 573 1768 643 naturalisquc

200 655 565 726 philosophia.
626 654 746 712 Non
804 666 988 714 autem
1018 660 1186 716 lateat
1214 677 1316 718 nos
1347 664 1491 734 quod
1547 664 1601 718 in
1639 665 1766 735 qui-

198 745 415 802 busdam
445 745 857 814 exemplaribus
884 762 987 817 pro
1028 762 1096 802 eo
1122 750 1270 818 quod
1321 751 1553 822 legimus
1581 770 1595 806 :
1627 750 1765 817 Quia

196 840 321 892 bona
346 847 470 891 sunt
518 839 686 892 ubera
737 851 831 894 tua
860 856 1019 910 super
1047 842 1246 910 uinum,
1295 843 1605 900 invenimus
1631 844 1767 899 scri-

194 942 332 1000 ptum
370 948 383 983 :
418 929 563 995 Quia
606 932 758 985 bona!
818 942 941 987 sunt
969 934 1191 1004 loquelae
1221 943 1326 989 tute
1369 951 1523 999 super
1544 936 1765 1001 uinum;

197 1023 330 1093 quod
363 1024 623 1093 quamvis
640 1025 930 1081 videantur
971 1026 1312 1095 signiﬁcasse
1354 1028 1660 1084 evidentius
1701 1044 1764 1083 ea

198 1115 300 1183 ipsa
344 1129 470 1183 qua:
531 1116 692 1172 nobis
752 1117 983 1187 spiritali
1018 1118 1479 1188 interpretatione
1531 1119 1763 1174 disserta

201 1215 340 1273 sunt,
370 1215 554 1262 tamen
599 1223 701 1262 nos
751 1207 1108 1281 Septuaginta
1156 1209 1513 1280 Interprctum
1565 1212 1764 1280 scripta

197 1312 282 1367 per
300 1298 486 1353 omnia
518 1300 883 1365 custodimus,
909 1302 1041 1356 certi
1069 1302 1216 1372 quod
1268 1301 1504 1371 Spiritus
1543 1313 1765 1358 sanctus

198 1390 571 1461 mysteriorum
609 1392 815 1448 formas
848 1393 1094 1449 obtectas
1124 1394 1303 1449 inesse
1331 1394 1504 1448 voluit
1526 1394 1579 1448 in
1614 1393 1764 1450 Scri-

197 1484 356 1553 pturis
383 1484 610 1551 divinis,
640 1493 692 1539 et
722 1501 829 1541 non
872 1486 1050 1556 palam
1082 1496 1246 1559 atque
1275 1487 1328 1541 in
1360 1488 1646 1557 propatulo
1670 1488 1766 1544 ha-

201 1576 320 1630 beri.

258 1667 404 1724 Vers.
429 1670 486 1739 Ι,
515 1671 570 1736 3,
597 1672 650 1727 4.
670 1669 999 1743 Unguentum
1021 1673 1349 1727 exinanitum
1378 1689 1561 1727 nomen
1593 1684 1762 1727 tuum.

198 1760 471 1830 Propterea
500 1763 908 1819 adolescentulo:
961 1765 1255 1819 dilexerunt
1288 1774 1356 1830 te,
1403 1782 1466 1818 ac
1491 1773 1763 1819 traxerunt

1868 580 2048 627 torum
2076 572 2198 641 ejus
2221 570 2574 642 fragrantiam
2622 571 2886 642 ceperint,
2934 570 3145 626 ratione
3176 571 3444 627 duntaxat

1868 659 2140 716 adventus
2160 660 2304 730 ejus,
2337 669 2392 716 et
2419 660 2809 731 redemptionis
2836 666 2900 715 ac
2925 661 3200 731 passionis
3221 677 3440 729 causas,

1866 750 2300 821 charitatemque
2324 752 2666 822 agnoverint.
2723 767 2830 822 qua
2863 767 2962 821 pro
3002 753 3176 808 salute
3195 753 3439 808 omnium

1867 857 2045 912 usque
2070 842 2137 897 ad
2174 849 2404 899 mortem
2436 842 2618 898 crucis
2645 842 2971 898 immortalis
2998 843 3249 908 accessit,
3280 852 3335 899 et
3357 844 3443 900 his

1866 935 2125 990 omnibus
2165 935 2313 991 velut
2368 934 2540 990 divini
2571 935 2856 1005 cujusdam
2911 945 2965 991 et
3019 935 3310 992 ineﬂabilis
3338 952 3442 991 un-

1867 1029 2054 1097 guenti
2078 1027 2342 1084 odoribus
2360 1028 2598 1083 invitata:
2623 1028 3055 1096 adolescentulos,
3070 1029 3122 1084 id
3143 1039 3224 1084 est
3247 1029 3443 1085 animae

1864 1120 2038 1189 plenae
2070 1119 2274 1191 vigoris
2311 1128 2474 1190 atque
2499 1118 2796 1195 alacritatis
2819 1119 3040 1185 eﬂ‘ectze,
3069 1127 3297 1176 currunt
3318 1127 3442 1191 post

1868 1210 2068 1279 ipsum,
2105 1220 2270 1282 atque
2295 1212 2362 1267 ad
2402 1211 2624 1268 odorem
2654 1212 2943 1267 suavitatis
2993 1212 3114 1281 ejus
3140 1227 3248 1267 non
3291 1213 3441 1268 lento

1868 1302 2063 1371 gradu,
2089 1318 2193 1359 nec
2239 1303 2408 1358 tardis
2441 1302 2716 1373 passibus,
2770 1304 2864 1359 sed
2920 1304 3111 1374 rapido
3164 1318 3327 1358 cursu
3385 1311 3442 1357 et

1868 1402 1979 1449 tota
2014 1396 2396 1466 properatione
2433 1390 3205 1467 festinant,quemadmodum
3253 1406 3307 1451 et
3349 1396 3439 1451 ille

1866 1485 1961 1554 qui
1986 1485 2203 1541 dicebat
2248 1489 2309 1539 '9:
2333 1482 2424 1539 Sic
2449 1493 2681 1540 currout
2726 1485 3202 1558 comprehendam.
3234 1484 3436 1541 Verum

1865 1577 2010 1646 quod
2071 1577 2187 1631 ait:
2252 1575 2585 1648 Unguentum
2635 1578 2966 1632 exinanitum
3020 1594 3206 1632 nomen
3263 1586 3435 1641 tuum,

1865 1676 2138 1737 propterea
2196 1668 2601 1724 adolescentqu
2638 1670 2933 1724 dilexerunt
2967 1678 3035 1737 te,
3075 1679 3123 1724 et
3165 1678 3437 1723 traxerunt

1869 1776 1917 1819 te
1946 1774 2061 1833 post
2114 1780 2205 1829 se;
2258 1765 2313 1818 in
2354 1765 2568 1819 odorem
2616 1775 2998 1835 unguentorum
3029 1773 3237 1818 tuorum
3270 1749 3440 1817 curre-

197 1862 239 1904 te
258 1863 365 1921 post
413 1869 493 1908 se.
530 1851 598 1905 In
631 1853 846 1907 odorem
906 1864 1290 1923 unguentorum
1342 1860 1551 1904 tuorum
1582 1867 1761 1905 συννε-
1796 1831 1837 1885 B
1869 1831 2274 1911 inus.'l‘raltunt
2315 1857 2382 1911 ad
2435 1868 2495 1912 se
2537 1831 2826 1915 Christum
2884 1855 3320 1918 adolescentulus,
3362 1853 3439 1909 si-

195 1959 315 1997 mus.
344 1941 623 1999 Historica
652 1945 870 2015 quidem
904 1945 1175 2014 expositio
1199 1945 1389 2000 eadem
1424 1959 1545 2013 qua:
1580 1944 1633 1998 in
1668 1959 1761 1998 su-

196 2036 508 2102 perioribus,
570 2036 839 2106 percurrit
883 2037 1045 2091 etiam
1073 2038 1126 2091 in
1150 2037 1404 2107 prarsenti
1440 2037 1558 2091 loco
1586 2035 1761 2091 donec

196 2128 273 2181 ﬁat
295 2129 478 2197 aliqua
540 2130 773 2184 mutatio
830 2145 1207 2201 personarum,
1252 2131 1324 2184 ita
1377 2129 1578 2198 quippe
1626 2129 1759 2184 ordo

192 2219 437 2275 dramatis
468 2221 563 2291 qui
597 2238 626 2275 a
682 2223 842 2278 nobis
872 2222 925 2276 in
980 2223 1081 2279 hac
1123 2222 1465 2291 expositione
1510 2232 1757 2291 receptus

191 2322 282 2377 est,
314 2313 512 2382 poscit.
539 2311 725 2368 Potest
748 2329 879 2369 sane
909 2315 961 2367 in
1007 2314 1093 2368 his
1137 2314 1416 2384 prophetia
1472 2313 1582 2381 (55)
1611 2328 1757 2382 qua:-

192 2402 300 2456 dam
321 2403 495 2458 videri
530 2418 594 2458 ex
624 2419 856 2475 persona
890 2419 1107 2474 sponsm
1164 2405 1378 2474 prolata
1418 2405 1483 2458 de
1513 2403 1753 2467 Christo,

188 2495 315 2565 quod
337 2494 589 2550 futurum
617 2504 763 2551 esset
791 2495 844 2549 in
905 2496 1139 2551 adventu
1173 2494 1387 2551 Domini
1413 2504 1467 2549 et
1506 2493 1756 2549 Salvato-

188 2587 255 2642 ris
274 2587 472 2651 nostri,
506 2596 571 2641 ιιι
602 2602 799 2641 nomen
834 2586 952 2656 ejus
974 2586 1046 2641 ita
1073 2602 1168 2656 per
1187 2587 1372 2641 urbem
1396 2597 1554 2640 terra:
1579 2595 1633 2641 et
1659 2602 1755 2657 per

185 2678 488 2733 universum
547 2679 810 2733 mundum
866 2678 1278 2742 diﬂ‘underetur,
1320 2688 1377 2733 ut
1417 2678 1572 2733 ﬂeret
1616 2678 1753 2733 odor

184 2770 457 2825 suavitatis
486 2771 541 2824 in
596 2771 744 2824 omni
798 2771 942 2838 loco,
974 2771 1116 2827 sicut
1162 2778 1216 2824 et
1242 2770 1541 2840 Apostolus
1571 2771 1705 2826 dixit
1736 2790 1749 2828 :

185 2862 311 2927 Quia
348 2861 557 2917 Christi
590 2862 753 2918 bonus
781 2864 910 2918 odor
939 2880 1122 2919 sumus
1146 2863 1203 2917 in
1252 2863 1397 2917 omni
1433 2862 1587 2926 loco;
1627 2864 1749 2920 aliis

179 2955 372 3022 quidem
408 2954 546 3008 odor
582 2971 648 3010 ea:
670 2956 929 3010 mortein.
952 2964 1193 3023 mortem,
1247 2956 1370 3011 aliis
1413 2965 1590 3010 autem
1620 2956 1751 3011 odor

180 3045 241 3100 de
262 3047 367 3101 vita
407 3048 462 3100 in
493 3050 655 3101 vitam
692 3048 756 3101 ⁸⁸.
813 3048 868 3102 Si
915 3048 1061 3103 enim
1096 3048 1353 3104 omnibus
1385 3047 1578 3104 fuisset
1614 3048 1750 3105 odor

1862 1948 2081 2017 quidem
2125 1946 2193 2000 de
2219 1945 2480 2002 Ecclesiis
2536 1947 2888 2017 intelligatur,
2917 1964 3037 2017 quae
3078 1961 3183 2001 una
3217 1947 3434 2016 quidem

1859 2048 1937 2092 est
1973 2054 2097 2093 cum
2148 2040 2385 2109 perfecta
2434 2049 2535 2094 est.
2586 2038 2766 2093 Multa:
2802 2054 2931 2093 tero
2968 2047 3097 2094 sunt
3120 2038 3436 2092 adolescen-

1859 2130 2007 2195 telae,
2057 2146 2180 2184 cum
2233 2130 2414 2185 adhuc
2470 2131 2817 2186 instruuntur
2864 2140 2917 2186 et
2974 2131 3285 2201 proﬁciunt.
3316 2130 3436 2187 lstm

1857 2237 1989 2293 ergo
2017 2223 2239 2277 trahunt
2267 2223 2333 2277 ad
2367 2238 2426 2278 se
2461 2223 2739 2278 Christum
2771 2239 2867 2295 per
2907 2225 3088 2290 fidem,
3121 2225 3246 2294 quia
3281 2224 3437 2279 Chri-

1858 2322 1998 2375 stus,
2034 2313 2122 2366 ubi
2155 2312 2350 2367 viderit
2394 2324 2751 2383 congregatos
2782 2311 2920 2367 duos
2956 2313 3035 2367 vel
3072 2322 3182 2368 tres
3222 2313 3278 2367 in
3334 2312 3438 2366 fide

1860 2403 2098 2458 nominis
2125 2403 2232 2470 sui,
2258 2403 2411 2457 vadit
2441 2402 2590 2467 illuc,
2615 2414 2669 2456 et
2703 2413 2785 2458 est
2809 2404 2861 2457 in
2887 2404 3064 2458 medio
3091 2418 3304 2468 eorum,
3332 2403 3437 2458 (ide

1855 2511 2048 2550 eorum
2079 2503 2287 2551 tractus
2323 2503 2378 2551 et
2432 2495 2795 2550 unanimitate
2831 2504 3181 2566 provocatus.
3217 2496 3273 2549 Si
3302 2510 3433 2551 vero

1857 2589 2015 2641 tertia
2065 2585 2175 2658 5.2
2219 2587 2561 2657 expositione
2588 2587 2655 2641 de
2698 2587 2880 2642 anima
2915 2587 3153 2643 Verbum
3205 2587 3297 2643 Dei
3347 2603 3435 2645 se-

1854 2689 2054 2749 quentc
2087 2678 2314 2746 intelligi
2343 2680 2458 2733 lucc
2480 2685 2711 2748 oportet,
2742 2694 3080 2750 qumcunque
3112 2680 3293 2734 anima
3318 2679 3437 2735 lue-

1857 2770 2165 2825 riterudita
2197 2770 2379 2842 primo
2411 2770 2462 2823 in
2512 2769 2834 2833 moralibus,
2883 2769 3123 2825 secundo
3157 2769 3320 2825 etiam
3374 2770 3432 2825 in

1853 2866 2199 2920 naturalibus
2236 2865 2553 2929 exercitata,
2599 2880 2695 2935 per
2743 2866 2832 2919 illa
2868 2866 3051 2920 omnia
3078 2880 3199 2936 quae
3234 2866 3288 2920 in
3342 2866 3429 2922 his

1852 2957 2152 3028 disciplinis
2187 2957 2402 3013 edoceri
2431 2972 2595 3027 supra
2644 2957 3008 3022 ostendimus,
3039 2958 3157 3028 ipsa
3210 2973 3425 3012 morum

1850 3048 2179 3113 emendatio,
2203 3056 2257 3102 et
2281 3045 2517 3100 eruditio
2545 3061 2751 3103 rerum.
2780 3060 2842 3099 ac
2867 3046 3110 3115 probitas
3131 3044 3433 3114 disciplinae

175 3136 238 3189 de
259 3140 362 3194 vita
392 3140 449 3194 iu
483 3140 672 3203 vitam,
703 3140 927 3206 dixisset
958 3140 1143 3210 utique
1171 3150 1225 3196 et
1271 3141 1393 3195 hic:
1428 3136 1632 3195 Omnes
1665 3141 1746 3195 di-
1774 3168 1815 3227 Ο
1866 3139 2036 3193 trahit
2064 3138 2129 3192 ad
2161 3153 2219 3193 se
2253 3135 2486 3191 Verbum
2516 3133 2633 3201 Dei,
2662 3142 2715 3188 et
2735 3133 2909 3187 libens
2942 3133 3208 3198 trahitur;
3234 3133 3431 3196 gratis-

175 3230 412 3286 leserunt
439 3241 494 3286 te
530 3244 586 3287 et
615 3242 898 3288 traxerunt
952 3240 1023 3289 te.
1056 3231 1161 3289 Sed
1201 3249 1347 3289 nunc
1382 3233 1478 3295 ait,
1512 3234 1601 3288 ubi
1643 3251 1741 3287 uo-

175 3332 289 3374 men
322 3333 486 3383 tuum
511 3334 595 3381 est
622 3324 824 3380 factum
861 3333 1195 3397 unguentum
1222 3324 1584 3390 exinanitum,
1613 3323 1748 3378 dile-

174 3426 358 3472 xerunt
390 3428 466 3481 te,
496 3432 604 3473 non
631 3418 736 3472 illae
767 3417 974 3483 vetula,
1008 3432 1071 3472 ac
1098 3426 1332 3472 veterem
1361 3417 1637 3473 hominem
1666 3417 1747 3470 iu-

172 3509 309 3565 duta:
330 3510 557 3573 animae,
610 3525 785 3580 neque
814 3525 978 3580 rugas
1030 3510 1314 3574 habentes,
1348 3525 1527 3579 neque
1561 3524 1748 3564 macu-

174 3604 384 3668 las,sed
424 3603 850 3659 adolescentula:
903 3605 957 3659 in
1015 3614 1309 3673 augmento
1336 3604 1543 3659 scilicet
1571 3603 1748 3658 astatis

175 3707 223 3751 et
255 3696 688 3767 pulchritudinis
714 3696 910 3766 positae
938 3697 1154 3764 animm,
1192 3711 1315 3767 quae
1337 3711 1551 3767 semper
1586 3695 1745 3749 inno-

172 3797 383 3853 vantur,
414 3794 472 3843 et
521 3788 589 3843 de
612 3787 703 3843 die
734 3788 790 3841 in
832 3788 976 3844 diem
1026 3797 1381 3855 renovantur,
1430 3802 1632 3843 novum
1686 3802 1745 3842 se

172 3879 443 3934 hominem
485 3878 774 3935 induentes
801 3879 897 3949 qui
943 3880 1241 3936 secundum
1302 3878 1472 3935 Deum
1528 3887 1746 3934 creatus

172 3980 268 4026 est.
310 3971 544 4041 Propter
588 3971 725 4028 istas
774 3988 905 4044 ergo
946 3973 1380 4030 adulescentulas
1437 3982 1492 4027 et
1543 3972 1597 4026 in
1650 3988 1747 4027 au-

169 4062 401 4130 gmentis
432 4061 560 4116 vitm
605 4059 941 4132 profectibus
973 4064 1203 4134 positas,
1235 4062 1538 4118 exinanivit
1574 4077 1632 4117 se
1655 4062 1746 4118 ille

169 4154 253 4222 qui
283 4161 405 4207 erat
433 4151 488 4206 in
525 4150 701 4207 forma
735 4151 851 4217 Dei,
879 4161 940 4208 ut
986 4154 1136 4208 lieret
1173 4161 1510 4224 unguentum
1566 4152 1747 4207 exina-

169 4244 338 4298 nitum
370 4257 571 4299 nomen
600 4243 840 4313 ejus;ut
893 4260 998 4298 non
1025 4244 1137 4313 jam
1174 4244 1511 4299 inaccessam
1566 4243 1742 4299 lucem

167 4336 547 4393 tantummodo
572 4337 844 4393 habitaret
876 4346 925 4392 et
954 4339 1006 4391 in
1054 4337 1228 4393 forma
1259 4336 1352 4391 Dei
1381 4348 1741 4407 permaneret,

167 4433 250 4486 sed
275 4428 522 4484 Verbum
551 4444 679 4484 caro
711 4429 883 4492 ﬁeret,
907 4445 1017 4500 quo
1046 4438 1269 4498 possent
1299 4429 1417 4483 istre
1436 4430 1746 4485 adolescen-

1851 3231 1993 3286 sime
2023 3231 2169 3285 enim
2196 3229 2261 3284 ad
2295 3228 2543 3283 eruditas
2595 3225 2809 3279 animas
2835 3224 3003 3305 venit,
3031 3233 3081 3277 et
3111 3222 3249 3276 trahi
3278 3237 3335 3287 se
3360 3221 3431 3275 ab

1851 3325 1937 3379 his
1984 3322 2324 3395 indulgenter
2384 3319 2599 3390 accipit,
2629 3318 2970 3388 benigneque
3017 3314 3283 3371 concedit.
3320 3312 3428 3368 Rc-

1849 3413 2007 3484 quiro
2031 3428 2185 3480 sane,
2213 3411 2260 3468 si
2294 3412 2470 3467 solum
2501 3424 2695 3465 nomen
2744 3408 2886 3479 ejus,
2929 3407 3055 3477 quia
3087 3412 3425 3476 unguentum

1850 3504 2054 3559 factum
2106 3513 2190 3559 est
2212 3503 2574 3569 exinanitum,
2607 3510 2817 3556 tantum
2846 3499 3026 3571 operis
3052 3498 3244 3569 egerit,
3272 3505 3327 3550 et
3353 3495 3428 3551 ita

1849 3596 2130 3652 suscitarit
2173 3595 2633 3659 adulescentulas,
2682 3603 2739 3648 ut
2772 3592 2952 3663 primo
2993 3591 3273 3645 traherent
3298 3604 3426 3643 eum

1848 3691 1914 3744 ad
1946 3706 2025 3754 se,
2052 3699 2107 3745 et
2130 3689 2393 3744 habentes
2437 3705 2563 3744 eum
2601 3688 2743 3760 apud
2792 3702 2872 3751 se,
2904 3692 3159 3755 caperent
3189 3696 3430 3753 unguen-

1848 3793 2027 3838 torum
2065 3783 2185 3854 ejus
2211 3782 2455 3849 odorem,
2491 3794 2545 3838 et
2579 3782 2767 3838 statim
2806 3786 3088 3837 currerent
3118 3785 3239 3847 post
3260 3790 3423 3841 eum;

1849 3876 1893 3931 si
1930 3876 2066 3941 hinc,
2097 3876 2345 3946 inquam,
2398 3876 2581 3930 omnia
2634 3875 2752 3930 solo
2805 3871 3023 3927 nomine
3069 3869 3188 3940 ejus
3235 3867 3424 3924 cllecta

1848 3975 1998 4032 sunt,
2032 3967 2161 4037 quid
2187 3976 2349 4035 putas
2381 3966 2541 4023 faciet
2571 3968 2685 4038 ipsa
2742 3965 2862 4036 ejus
2896 3962 3238 4020 substantia?
3280 3959 3422 4027 Quid

1847 4074 1912 4113 ex
1945 4060 2036 4113 illa
2070 4060 2488 4115 adolescentulus
2530 4061 2650 4116 istte
2677 4058 2915 4121 virtutis,
2948 4055 3077 4126 quid
3109 4054 3313 4124 vigoris
3340 4069 3425 4108 ac-

1848 4153 2071 4222 cipient,
2096 4154 2140 4206 si
2167 4168 2277 4222 quo
2301 4161 2457 4221 pacto
2499 4152 2778 4221 potuerint
2810 4148 3105 4218 aliquando
3134 4146 3198 4200 ad
3247 4147 3419 4214 ipsam

1846 4245 1967 4313 ejus
1997 4243 2602 4314 iucomprehensibilem
2625 4253 2788 4310 atque
2815 4238 3138 4294 ineti‘ahilem
3175 4237 3425 4290 substan-

1846 4338 1975 4391 tiam
2009 4338 2327 4408 pervcnire?
2348 4336 2458 4405 Ego
2490 4343 2623 4407 puto
2652 4335 2796 4405 quod
2829 4334 2872 4389 si
2906 4333 2971 4386 ad
3003 4332 3105 4387 hoc
3128 4328 3421 4401 aliquando

1848 4429 2209 4500 pervenerint,
2229 4429 2341 4500 jam
2370 4445 2478 4485 non
2508 4429 2788 4484 ambulent
2832 4440 3009 4497 neque
3050 4431 3298 4488 currant,
3324 4420 3419 4477 sed

168 4525 310 4588 tutae,
346 4521 479 4577 etin
540 4522 850 4593 augmentis
898 4520 1237 4591 profectuum
1299 4522 1490 4592 posita:
1523 4522 1738 4586 anima},
1776 4514 1819 4570 ι)
1849 4523 2079 4579 vinculis
2112 4523 2438 4594 quibusdam
2494 4521 2783 4579 eharitatis
2814 4520 2935 4590 ejus
2967 4519 3209 4573 astricta
3246 4515 3422 4572 adlue-

168 4629 268 4669 nou
301 4614 482 4669 solum
512 4613 763 4686 diligere,
789 4614 880 4669 sed
906 4624 959 4670 et
983 4615 1198 4669 trahere
1223 4629 1347 4668 eum
1378 4614 1444 4669 ad
1480 4629 1559 4670 se.
1603 4613 1738 4669 Tra-

166 4704 237 4760 hit
267 4706 419 4760 enim
453 4717 806 4776 unaquaeque
848 4705 1028 4761 anima
1080 4714 1135 4760 et
1166 4705 1397 4761 assumit
1427 4706 1493 4761 ad
1525 4720 1584 4761 se
1613 4700 1742 4762 Ver-

165 4794 287 4849 bum
322 4794 417 4850 Dei
445 4810 545 4865 pro
570 4788 888 4864 capacitatis
914 4806 969 4850 ct
990 4794 1110 4850 lidei
1146 4811 1260 4861 suae
1283 4811 1561 4858 mensura.
1596 4797 1733 4851 Cum

163 4899 341 4940 autem
369 4887 636 4941 traxerint
654 4886 722 4940 ad
758 4901 817 4941 se
842 4884 1036 4940 animae
1074 4884 1311 4941 Verbum
1344 4886 1463 4953 Dei,
1488 4896 1542 4941 et
1571 4890 1739 4944 sensi-

164 4975 259 5033 bus
280 4977 400 5030 suis
434 4985 598 5048 atque
620 4976 987 5032 intellectibus
1012 4977 1378 5042 ,inseruerint,
1411 4987 1466 5033 et
1496 4978 1737 5035 dulcedi-

1846 4624 2002 4670 reant
2032 4616 2197 4682 ei,ne
2249 4616 2391 4670 ultra
2442 4613 2760 4669 mobilitatis
2812 4609 3044 4679 alicujus
3088 4610 3233 4665 ullus
3259 4610 3312 4663 in
3338 4607 3419 4664 eis

1840 4707 2076 4762 resideat
2100 4707 2277 4772 locus,
2328 4706 2420 4762 sed
2473 4706 2584 4760 sint
2641 4721 2765 4760 cum
2816 4720 2881 4761 eo
2925 4720 3067 4759 unus
3095 4703 3340 4773 spiritus,
3366 4709 3420 4755 et

1842 4799 2181 4868 compleatur
2212 4799 2266 4853 in
2310 4799 2391 4854 eis
2422 4798 2554 4852 illud
2599 4798 2744 4868 quod
2794 4778 3055 4867 scriptum
3111 4806 3229 4853 est:
3268 4795 3416 4851 Sicut

1844 4900 1900 4944 tu
1938 4891 2099 4945 Pater
2120 4892 2176 4945 in
2198 4908 2297 4957 me,
2324 4902 2372 4946 et
2416 4909 2507 4963 ego
2550 4893 2605 4946 in
2633 4902 2680 4946 te
2711 4909 2871 4945 unum
2899 4909 3102 4956 sumus,
3146 4893 3223 4944 ita
3251 4900 3299 4944 et
3326 4892 3418 4944 isti

1844 4984 1899 5045 in
1930 4983 2078 5037 nobis
2109 5000 2271 5038 unum
2323 4984 2429 5038 sint
2456 4985 2523 5039 '°.
2565 4983 2671 5039 Sed
2714 5000 2861 5041 nunc
2907 4984 3142 5051 interim,
3176 4989 3235 5036 ut
3274 4983 3417 5037 vidc-

228 5098 272 5130 ¹³
296 5095 340 5150 ll
368 5096 501 5153 Cor.
527 5111 590 5164 ιι,
615 5075 705 5160 13,
735 5095 821 5153 l6.
899 5096 979 5150 "l
1005 5096 1134 5153 Cor.
1170 5114 1246 5163 Ix,
1275 5099 1367 5155 24.
1443 5099 1489 5137 ἀ
1507 5098 1668 5156 Joan.
1695 5117 1837 5168 xvn,
1863 5102 1955 5159 ‘21..

226 5213 341 5283 ('55)
382 5213 513 5269 Mss.
544 5221 709 5282 potest
733 5228 859 5266 sane
891 5213 947 5266 in
973 5213 1054 5266 his
1084 5213 1377 5283 prophetia.
1404 5211 1560 5269 Libb.
1582 5215 1738 5282 edit.,

166 5295 373 5354 possunt
416 5300 545 5339 sane
582 5285 636 5334 in
672 5283 967 5352 prophetia.
1003 5283 1189 5339 Graeca
1226 5284 1368 5352 apud
1412 5283 1738 5354 Procopium

169 5354 271 5408 base
308 5363 439 5409 sunt
472 5374 485 5408 :
521 5352 678 5410 Τὰγα
706 5354 1039 5410 amantist
1069 5354 1163 5407 τοῦ
1196 5354 1457 5410 ὀνόματος
1479 5354 1574 5407 τοῦ
1602 5357 1739 5410 Χοι-

169 5370 271 5408 naso
308 5370 439 5409 sunt
472 5374 485 5408 :
523 5370 555 5405 '1
569 5370 678 5476 ἷξε
706 5370 1039 5425 ⁴τινροςιιησιςευει
1069 5371 1163 5407 του
1196 5370 1457 5425 ονοματος
1479 5371 1574 5407 του
1602 5370 1738 5426 Δρι-

169 5424 283 5496 ata-3
302 5423 416 5496 ‘t‘hv
446 5425 539 5476 τὸν
600 5492 609 5496 Δ
644 5440 779 5496 σμοπέ
813 5423 1177 5496 πληρὼᾳαᾳαν
1208 5424 1435 5496 δύναμιν
1467 5425 1607 5496 uasa;
1639 5426 1738 5496 τὴν

167 5491 344 5566 nigrai
371 5491 702 5566 scapouaiav,
747 5491 1172 5566 6J615_'i'evé00at
1196 5491 1355 5566 λκατᾶ
1373 5495 1464 5548 τὸν
1488 5491 1732 5566 ῌαῦλοιὶο

170 5559 259 5633 οἷς
273 5563 393 5633 μὲν
421 5559 627 5633 (ib-pint
647 5563 717 5616 ἐκ
749 5559 1007 5619 θανάτίου
1027 5563 1415 5633 stolidi-ator,
1449 5559 1539 5633 οἷς
1566 5564 1636 5618 δὲ
1663 5565 1736 5620 ἐκ

339 5636 429 5701 εἰς
458 5631 633 5706 (oar.
677 5635 739 5706 Ei
776 5635 886 5706 γὰρ
911 5636 1075 5688 πᾶσιν
1102 5631 1169 5706 ἧν
1196 5637 1273 5699 εἰς
1296 5633 1462 5705 ζωὴν,
1493 5631 1645 5706 εἶπεν
1668 5635 1733 5706 ἂν

169 5704 198 5769 ἠ
226 5705 409 5777 νύμφη
431 5721 447 5734 ο
486 5703 589 5777 Διᾲ
636 5705 793 5777 τοῦτο
817 5703 1016 5769 πάντες
1051 5703 1344 5777 quam;ch
1384 5703 1441 5777 όςε
1460 5721 1472 5734 ·
1531 5704 1646 5759 ἀλλ’
1672 5704 1733 5777 at)

177 5773 321 5840 pinei;
365 5773 428 5830 αι
475 5773 749 5840 νεάνιδες
795 5773 1157 5855 αἱ·ὁσημέραι
1194 5773 1585 5850 ἀῖνιαγεούιιεναι
1644 5775 1748 5832 καὶ

1848 5218 1921 5291 μὴ
1952 5217 2168 5293 Exonerat
2193 5220 2434 5293 ῥυτίδαῆ
2460 5220 2665 5275 σπῖλον.
2690 5219 2846 5293 Forte
2877 5219 3199 5293 vaticinatur
3217 5217 3414 5274 Christi

1840 5289 2083 5361 nominis
2106 5289 2374 5357 uirtutem,
2404 5289 2518 5360 qua-
2530 5293 2582 5346 in
2611 5293 2724 5361 ejus
2754 5291 2981 5361 adventu
3011 5289 3223 5361 repleuit
3259 5306 3413 5343 mun-

1839 5359 1988 5421 dum,
2017 5360 2147 5419 adeo
2176 5372 2231 5414 ut
2262 5372 2387 5417 teste
2413 5359 2752 5483 Paulolﬁeret
2773 5377 2792 5414 ε
2827 5380 2846 5412 ι
2878 5360 3015 5414 Aliis
3045 5360 3254 5430 quidem
3282 5361 3411 5414 odor

1839 5444 1903 5482 ea:
1953 5440 2118 5483 morte
2169 5433 2225 5483 in
2273 5443 2511 5483 mortem.
2563 5450 2595 5483 a
2622 5433 2687 5483 iis
2739 5447 2858 5483 vero
2889 5447 2953 5483 ea:
3004 5432 3111 5483 ritu
3150 5430 3204 5483 in
3250 5432 3411 5483 vitam

1837 5444 1903 5482 ea:
1953 5440 2118 5485 morte
2169 5433 2225 5495 in
2273 5443 2511 5496 mortem,
2563 5430 2687 5485 aliis
2739 5447 2858 5484 vero
2889 5447 2953 5485 ea:
3004 5432 3111 5485 vita
3150 5430 3204 5483 in
3250 5432 3411 5484 vitam

1840 5498 1903 5572 (ll
1931 5500 2058 5557 Cor.
2103 5518 2163 5563 ll.
2202 5502 2313 5572 15).
2350 5523 2369 5554 ο
2407 5501 2466 5555 Si
2509 5503 2648 5556 enim
2693 5505 2898 5556 cunctis
2944 5503 3001 5555 ia
3049 5503 3208 5554 vitam
3251 5512 3405 5567 esset,

1836 5571 2057 5624 dixisset
2087 5588 2299 5641 sponsa,
2334 5581 2604 5641 propterea
2636 5589 2813 5626 omnes
2839 5572 3137 5627 dilexerunt
3187 5580 3270 5636 te;
3302 5586 3404 5624 non

1834 5654 1950 5701 vero
1992 5641 2164 5695 solum
2212 5662 2234 5695 ι
2259 5644 2693 5708 adolescentulw;
2728 5664 2746 5695 ι
2782 5660 2899 5713 qua!
2935 5643 3133 5697 scilicet
3174 5642 3405 5711 quoidia

1833 5722 2170 5780 renovantur,
2199 5723 2248 5767 et
2275 5730 2376 5768 non
2406 5713 2591 5769 habent
2624 5717 2885 5769 maculam
2913 5724 3004 5768 aut
3035 5727 3234 5784 rugam.
