3872 6552
480 361 553 419 95
1529 354 1852 415 ORIGENIS
1886 352 1953 409 IN
1990 348 2351 409 CANTICUM
2386 348 2661 407 CANTIC.
3684 339 3751 396 90

480 488 594 546 tur,
622 494 822 551 sponsa
862 482 1192 538 con-sociatis
1220 480 1325 538 sibi
1378 478 1798 535 adolescentulis
1843 476 2048 542 multis,
2081 480 2125 537 Î‘
2161 469 2336 527 Verbo
2366 469 2461 527 Dei
2495 469 2542 527 is
2564 468 2657 541 qui
2702 467 2769 522 ad
2811 480 3081 521 summam
3114 454 3502 551 perfectionis
3531 469 3603 551 ac
3633 455 3753 511 bea-

480 582 749 643 quantum
789 573 1580 649 inposterioribusjnullusesse
1619 585 1881 625 numerus
1918 567 2055 623 diel-

483 674 591 728 tur,
623 664 693 719 ab
727 681 836 720 uno
859 666 977 720 solo
1006 681 1190 732 sensu,
1229 666 1281 722 td
1305 675 1389 722 est
1414 667 1645 721 odoratu
1677 659 2054 717 tantummodo

483 764 640 826 capta
690 770 912 812 currere
960 771 1019 812 se
1065 757 1119 812 in
1162 757 1382 813 odorem
1423 764 1824 828 unguentorum
1868 751 2052 824 sponsi

479 859 902 916 commemorat;
936 848 1051 904 sive
1082 847 1225 919 quod
1256 848 1375 919 ipsa
1413 863 1578 904 cursu
1608 846 1847 918 indigeat
1875 844 2054 899 adhuc

477 946 532 993 et
578 938 861 1009 profectu,
911 940 1026 996 sive
1072 939 1220 1012 quod
1266 940 1385 1012 ipsa
1414 940 1631 1012 quidem
1660 938 1901 1012 perfecta
1945 938 2049 1005 sit,

476 1045 576 1100 pro
611 1031 696 1088 his
736 1042 919 1087 autem
964 1033 1385 1091 adolescentulis
1412 1049 1535 1104 quae
1582 1032 1760 1089 adhuc
1800 1048 1964 1088 cursu
1999 1041 2052 1087 et

477 1121 816 1190 profectibus
843 1124 1108 1196 indigent,
1143 1126 1307 1182 etiam
1341 1126 1459 1196 ipsa
1491 1140 1550 1181 se
1575 1141 1797 1181 currere
1828 1124 2049 1191 fatetur;

478 1215 622 1271 sicut
646 1224 699 1272 et
733 1217 821 1272 ille
845 1219 938 1289 qui
973 1234 1097 1273 cum
1132 1219 1247 1289 ipse
1281 1220 1384 1275 sub
1412 1221 1525 1290 lege
1556 1234 1662 1274 non
1692 1228 1856 1286 esset,
1883 1218 1940 1273 fit
1969 1228 2051 1273 ta-

477 1321 600 1362 men
634 1307 738 1364 sub
762 1308 898 1381 lege,
932 1318 994 1365 ut
1022 1326 1117 1366 eos
1143 1311 1235 1381 qui
1271 1311 1374 1367 sub
1409 1312 1524 1383 lege
1552 1319 1682 1365 sunt
1715 1308 2049 1378 lucrifaciat;

475 1406 530 1451 et
563 1397 761 1455 iterum
793 1416 918 1457 eum
976 1403 1028 1456 in
1077 1403 1195 1473 lege
1229 1403 1299 1458 sit
1330 1403 1566 1468 Christi,
1617 1402 1702 1459 his
1733 1411 1911 1458 tamen
1957 1404 2051 1474 qui

475 1493 595 1549 sine
628 1495 745 1567 lege
774 1505 903 1551 sunt
942 1498 1002 1552 fit
1037 1506 1091 1552 et
1119 1498 1232 1569 ipse
1262 1498 1381 1554 sine
1414 1498 1561 1570 lege,
1605 1509 1665 1552 ut
1689 1513 1784 1553 eos
1813 1497 1905 1568 qui
1936 1496 2053 1552 sine

476 1584 593 1654 lege
628 1595 757 1641 sunt
786 1587 979 1643 salvet.
1019 1588 1085 1645 Et
1111 1592 1214 1645 hoc
1246 1592 1324 1651 fit,
1357 1598 1417 1644 ut
1441 1590 1702 1652 diximus,
1731 1589 1848 1645 solo
1874 1588 2053 1644 adhuc

477 1674 711 1730 odoratu
747 1677 868 1747 ejus
895 1687 1140 1749 accepto.
1168 1679 1309 1746 Quid
1342 1688 1499 1748 putas
1532 1686 1693 1750 agent
1719 1694 1842 1734 eum
1872 1688 1925 1734 et
1952 1694 2052 1733 auo

477 1765 649 1820 ditum
678 1784 867 1824 earum
901 1779 957 1826 et
982 1774 1158 1825 visum
1193 1784 1242 1827 et
1290 1781 1513 1836 tactum,
1537 1781 1863 1843 gustumque
1888 1787 2053 1828 occu-

475 1861 687 1931 paverit
721 1861 958 1918 Verbum
988 1862 1105 1927 Dci,
1129 1873 1184 1918 et
1207 1865 1435 1936 singulis
1456 1866 1763 1937 quibusque
1796 1865 2049 1921 sensibus

472 1952 703 2009 virtutes
735 1969 799 2009 ex
832 1970 892 2011 se
917 1964 1288 2027 competentes
1324 1966 1533 2013 natura:
1560 1972 1748 2012 earum
1778 1956 2050 2027 capacita-

474 2043 625 2113 tique
667 2045 999 2123 praebuerit?
1032 2046 1107 2102 ita
1142 2055 1202 2101 ut
1246 2048 1440 2103 oculus
1485 2048 1529 2103 si
1579 2047 1762 2103 videre
1810 2046 2048 2117 potuerit

472 2137 700 2207 gloriam
747 2138 868 2208 ejus
897 2178 912 2202 ,
946 2139 1176 2210 gloriam
1210 2148 1470 2211 tanquam
1505 2138 1779 2211 Unigeniti
1808 2154 1839 2193 a
1867 2137 2048 2205 Patre,

472 2228 619 2282 aliud
661 2229 800 2283 ultra
831 2229 943 2299 jam
975 2229 1161 2284 videre
1202 2230 1369 2298 nolit,
1422 2246 1597 2299 neque
1647 2230 1867 2285 auditus
1896 2214 2047 2283 aliud

470 2333 638 2389 quam
677 2317 913 2374 Verbum
948 2321 1072 2375 vitae
1115 2329 1169 2376 et
1214 2322 1407 2377 salutis
1436 2323 1643 2378 audire.
1674 2322 1777 2378 Sed
1805 2330 1860 2378 et
1890 2324 2050 2392 cujus

474 2424 672 2465 manus
707 2411 1005 2479 palpaverit
1030 2413 1096 2467 de
1126 2410 1307 2469 Verbo
1339 2415 1497 2479 vitae,
1532 2415 1668 2469 nihil
1702 2415 1841 2470 ultra
1875 2424 2048 2470 mate-

472 2501 626 2569 riale,
655 2502 793 2556 nihil
816 2502 1009 2574 fragile
1039 2503 1419 2576 caducumque
1443 2506 1703 2578 palpabit,
1734 2523 1834 2563 nec
1855 2517 2047 2579 gustus

473 2608 600 2648 cum
653 2595 957 2665 gustaverit
1004 2595 1210 2651 bonum
1254 2595 1493 2653 Verbum
1543 2596 1671 2665 Dei,
1717 2614 2049 2671 carnemque

468 2685 589 2755 ejus
639 2694 693 2741 et
726 2702 920 2756 panem
954 2688 1047 2758 qui
1084 2688 1151 2743 de
1189 2689 1329 2744 cmlo
1377 2690 1686 2756 descendit,
1739 2692 1884 2747 aliud
1917 2690 2048 2762 quid

471 2786 593 2848 post
625 2777 742 2834 inec
769 2789 989 2850 gustare
1037 2781 1291 2850 patietur.
1338 2780 1457 2837 Prae
1491 2782 1777 2840 dulcedine
1813 2800 2048 2855 namque

470 2868 646 2938 ipsius
667 2909 682 2934 ,
716 2879 770 2926 et
800 2871 1067 2927 suavitate
1104 2874 1285 2931 omnis
1319 2876 1564 2947 reliquus
1607 2876 1657 2931 ei
1692 2892 1857 2947 sapor
1888 2892 2048 2947 asper

468 2960 742 3018 videbitur
786 2970 841 3019 et
893 2980 1150 3032 amarus,
1201 2974 1276 3021 et'
1306 2967 1427 3024 ideo
1474 2968 1578 3024 hoc
1617 2967 1735 3024 solo
1774 2979 2043 3026 vescetur.

469 3052 697 3109 Omnem
747 3071 983 3127 namque
1043 3058 1367 3113 suavitatem
1397 3073 1782 3131 quamcunque
1817 3060 2050 3132 cupierit

2156 562 2408 619 titudinis
2433 558 2675 617 venerit.
2701 556 2856 613 Unde
2876 566 2931 612 et
2962 556 3016 611 in
3052 556 3136 611 his
3160 550 3347 625 positi
3372 548 3541 614 locis,
3573 548 3755 617 depre-

2153 672 2346 713 camur
2388 654 2663 710 auditores
2720 653 2956 717 horum,
3003 658 3062 704 ut
3112 644 3471 701 mortificent
3515 640 3757 697 cantales

2155 764 2371 814 sensus,
2401 763 2467 802 ne
2492 747 2623 817 quid
2654 761 2717 800 ex
2746 744 2815 800 iis
2843 758 2965 814 quae
2985 741 3251 796 dicuntur
3283 732 3608 792 secundum
3633 748 3755 788 eor-

2153 841 2304 913 poris
2329 820 2512 895 motus
2538 838 2832 908 excipiant,
2854 834 2950 892 sed
2978 834 3102 888 illos
3133 830 3462 887 diviniores
3481 825 3754 881 interioris

2154 933 2394 989 hominis
2426 932 2493 988 ad
2541 932 2658 987 haec
2688 928 2951 1000 capienda
2985 938 3181 982 sensus
3217 921 3575 987 exhibeant;
3617 919 3754 974 sicut

2155 1028 2417 1083 Salomon
2450 1028 2642 1083 edocet
2683 1041 2818 1092 nos,
2848 1024 3079 1080 dicens:
3115 1018 3357 1075 Sensum
3407 1024 3592 1071 autem
3621 1014 3754 1069 diri-

2154 1134 2280 1172 num
2318 1118 2624 1172 inveniesâ€.
2656 1115 2723 1171 Et
2763 1114 2821 1169 ut
2866 1113 3066 1169 Paulus
3109 1124 3345 1183 quoque
3395 1107 3470 1163 ad
3503 1104 3756 1160 Hebraeos

2153 1211 2344 1269 scribit
2364 1210 2410 1242 Â³Â³
2436 1209 2503 1265 de
2534 1207 2820 1280 perfectis,
2851 1216 2910 1261 ut
2945 1220 3109 1277 supra
3141 1199 3630 1260 memoravimus,
3666 1196 3754 1266 qui

2151 1304 2478 1361 exercitatos
2509 1302 2713 1357 habent
2743 1315 2936 1357 sensus
2967 1301 3034 1356 ad
3071 1295 3488 1354 discretionem
3525 1288 3655 1344 honi
3679 1288 3755 1342 vel

2152 1401 2318 1468 mali;
2355 1397 2650 1454 ostendens
2693 1409 2816 1450 esse
2842 1394 2896 1448 in
2933 1391 3154 1447 homine
3183 1399 3400 1460 praeter
3429 1385 3539 1438 hos
3568 1394 3755 1449 corpo-

2153 1508 2277 1550 reos
2304 1506 2521 1556 sensus,
2576 1486 2817 1559 quinque
2843 1484 2981 1540 alios
3008 1480 3383 1537 nihilominus
3415 1474 3517 1547 qui
3547 1472 3754 1528 exerci-

2152 1583 2229 1638 tio
2277 1588 2620 1652 quaeruntur,
2650 1588 2706 1634 et
2729 1575 3012 1637 exercitati
3042 1574 3330 1638 dicuntur,
3368 1583 3504 1625 cum
3548 1564 3753 1621 scilicet

2145 1673 2561 1745 intelligentiam
2605 1685 2789 1726 rerum
2837 1666 3093 1725 acumine
3140 1667 3369 1719 acriore
3421 1658 3748 1717 discutiunt.

2152 1762 2271 1820 Non
2313 1765 2460 1820 enim
2515 1761 2887 1834 perfunctorie
2915 1768 2970 1815 et
3012 1767 3071 1813 ut
3119 1757 3250 1812 libet
3285 1752 3641 1810 audiendum
3673 1760 3754 1807 est

2083 1827 2125 1883 Î’
2152 1857 2299 1928 quod
2336 1827 2631 1927 Apostolus
2659 1853 2727 1911 de
2757 1851 3011 1924 perfectis
3039 1850 3208 1913 dicit,
3243 1846 3389 1918 quia
3416 1842 3749 1900 exercitatos

2152 1950 2354 2005 habent
2380 1963 2573 2005 sensus
2599 1946 2667 2003 ad
2696 1944 3080 2003 discretionem
3111 1941 3240 1997 boni
3273 1940 3366 1996 vel
3396 1938 3560 1993 mali.

2220 2040 2377 2109 Quod
2411 2050 2470 2096 ut
2499 2039 2702 2096 clarius
2730 2037 3041 2101 elueescat,
3072 2047 3394 2099 sumamus,
3431 2030 3482 2086 si
3514 2026 3745 2094 videtur,

2148 2132 2457 2203 exemplum
2483 2131 2552 2186 ab
2579 2130 2666 2186 his
2698 2127 3078 2200 corporalibus
3101 2124 3399 2190 sensibus,
3432 2130 3493 2177 et
3537 2120 3614 2175 ita
3651 2119 3744 2173 de-

2151 2241 2300 2280 mum
2342 2224 2526 2282 statim
2579 2222 2645 2278 ad
2682 2222 2805 2278 illos
2829 2220 3044 2277 divinos
3069 2234 3210 2289 quos
3239 2215 3547 2286 Scriptura
3575 2212 3745 2268 nomi-

2151 2321 2245 2368 nat
2298 2328 2493 2368 sensus
2538 2311 2817 2368 interioris
2846 2309 3086 2365 hominis
3116 2307 3438 2363 veniemus.
3497 2305 3557 2360 Si
3602 2303 3740 2357 enim

2149 2417 2447 2473 corporeus
2469 2401 2661 2457 oculus
2681 2400 3000 2456 exercitium
3024 2399 3173 2453 visus
3197 2397 3441 2460 habeat,
3458 2394 3617 2449 nullo
3645 2393 3737 2447 im-

2148 2497 2397 2568 pediente
2412 2496 2720 2563 obstaculo,
2732 2495 2940 2566 integre
2957 2503 3011 2549 et
3027 2493 3233 2564 absque
3252 2492 3365 2547 ulla
3390 2489 3741 2554 falsitate,vel

2150 2590 2363 2647 colores
2375 2589 2785 2660 corporum,vel
2805 2587 3205 2659 magnitudines
3226 2581 3743 2656 qualitatesquede-

2148 2680 2468 2753 prchendet.
2487 2679 2621 2735 Nam
2646 2680 2693 2737 si
2715 2689 2809 2735 aut
2830 2678 3187 2751 caligine,aut
3205 2677 3311 2732 alia
3327 2675 3585 2748 qualibet
3601 2673 3739 2728 infir-

2151 2777 2341 2831 mitate
2377 2774 2709 2846 impediatur
2731 2780 3008 2844 aspectus,
3033 2778 3086 2827 et
3112 2771 3343 2827 rubrum
3382 2785 3489 2842 pro
3519 2768 3665 2832 albo,
3686 2772 3737 2819 et

2148 2870 2255 2944 5.3
2304 2869 2478 2925 viride
2522 2884 2623 2940 pro
2669 2868 2850 2939 nigro,
2883 2874 2978 2922 aut
3013 2873 3219 2922 rectum
3256 2872 3420 2936 putat
3470 2875 3597 2918 esse
3634 2859 3731 2914 ali-

2147 2963 2303 3034 quid,
2337 2978 2461 3018 cum
2496 2976 2724 3017 curvum
2770 2959 2829 3015 fit
2857 2967 2910 3015 et
2946 2967 3278 3023 tortuosum,
3307 2952 3732 3013 conturbabitur

2149 3054 2269 3110 sine
2299 3054 2466 3111 dubio
2493 3052 2760 3124 judicium
2792 3050 3012 3119 mentis,
3052 3058 3108 3106 et
3145 3049 3294 3105 aliud
3327 3063 3433 3120 pro
3462 3047 3574 3102 alio
3602 3059 3726 3115 age-

468 3145 524 3201 in
558 3145 661 3202 hoc
684 3147 940 3215 inveniet,
969 3147 1036 3203 ad
1069 3148 1254 3204 omnia
1285 3165 1521 3222 namque
1569 3160 1755 3222 aptum
1787 3168 1846 3208 se
1872 3153 2048 3210 reddit
2074 3168 2116 3226 Ï‚,
2151 3157 2259 3203 tur.
2294 3145 2371 3202 Ita
2393 3162 2523 3218 ergo
2551 3153 2606 3202 et
2631 3143 2859 3201 interior
2887 3144 3062 3211 visus,
3088 3143 3192 3199 nisi
3223 3140 3545 3198 eruditione
3571 3145 3625 3194 et
3649 3137 3726 3190 in-

466 3247 522 3294 et
568 3238 824 3295 habilem.
877 3239 1122 3310 Denique
1171 3241 1257 3297 his
1287 3241 1381 3312 qui
1414 3258 1482 3297 ex
1514 3242 1910 3314 incorruptibili
1958 3260 2045 3300 se-

466 3332 617 3387 mine
647 3341 1043 3404 regenerantur
1064 3375 1079 3402 ,
1125 3334 1450 3391 rationabile
1476 3343 1531 3391 et
1568 3336 1687 3393 sine
1714 3336 1841 3392 dolo
1876 3337 2042 3393 cilici-

466 3432 557 3479 tur
605 3425 721 3491 lac;
778 3424 864 3480 his
908 3440 1036 3480 vero
1070 3426 1163 3496 qui
1198 3426 1547 3483 inlirmantur
1578 3427 1634 3482 in
1661 3428 1864 3500 aliquo,
1897 3429 2045 3487 olera

466 3530 527 3570 se
570 3515 772 3585 praebet
823 3515 892 3570 ad
937 3516 1323 3587 hospitalitatis
1364 3515 1659 3575 amicitiam
1691 3529 1746 3575 et
1789 3521 2041 3592 gratiam.

468 3603 566 3661 His
598 3622 729 3661 vero
761 3608 854 3678 qui
900 3622 1001 3677 pro
1047 3607 1405 3677 possibilitate
1435 3609 1686 3665 sumendi
1718 3612 2046 3668 exercitatos

467 3700 672 3755 habent
702 3716 896 3757 sensus
922 3702 991 3756 ad
1024 3700 1413 3762 discretiomm
1449 3703 1579 3759 boni
1603 3713 1659 3760 et
1690 3705 1838 3772 mali,
1863 3706 2043 3762 cibum

465 3808 525 3848 se
559 3793 792 3848 solidum
828 3795 1114 3864 praebetâ€œ.
1150 3793 1206 3850 Si
1230 3795 1323 3865 qui
1354 3812 1482 3852 vero
1511 3806 1640 3852 sunt
1675 3799 1769 3868 qui
1813 3798 2047 3854 exierint

471 3887 542 3941 de
585 3884 822 3959 Egypto
845 3929 859 3955 ,
890 3896 944 3943 et
969 3887 1142 3943 secuti
1174 3890 1484 3943 columnam
1519 3888 1662 3959 ignis
1702 3897 1756 3945 et
1801 3888 1962 3945 nubis
1989 3887 2043 3943 in

463 3992 708 4032 eremum
736 3978 1011 4046 venerint,
1046 3978 1113 4034 de
1146 3979 1285 4034 calo
1313 3979 1377 4033 ad
1423 3978 1545 4034 illos
1586 3978 1896 4042 descendit,
1946 3979 2046 4032 mi-

463 4077 655 4124 nutum
685 4077 739 4124 et
769 4069 1022 4126 subtilem
1065 4070 1146 4125 eis
1187 4071 1433 4141 praebens
1474 4070 1654 4126 cibum
1692 4071 1937 4142 angelico
1965 4073 2044 4126 si-

462 4164 667 4231 milem,
700 4164 775 4218 ita
810 4173 870 4219 ut
911 4179 1105 4235 panem
1147 4164 1463 4236 angelorum
1520 4163 1815 4220 manducet
1850 4163 2038 4220 homo.

463 4254 637 4311 Habet
666 4265 720 4311 et
746 4256 882 4312 alias
910 4257 1108 4312 multas
1135 4257 1188 4312 in
1220 4256 1515 4327 semetipso
1541 4265 1705 4327 atque
1727 4257 2043 4313 innumeras

461 4347 711 4405 ciborum
764 4347 1101 4403 differentias
1128 4388 1142 4413 ,
1195 4365 1333 4419 quas
1374 4349 1593 4403 interim
1644 4349 1779 4418 pelle
1823 4349 1947 4418 quis
1985 4358 2040 4403 et

462 4451 629 4492 carne
669 4436 997 4507 ossibusque
1044 4437 1265 4493 indutus
1292 4452 1344 4493 et
1373 4439 1552 4492 nervis
1582 4452 1777 4509 capere
1811 4453 1919 4494 non
1953 4454 2042 4508 po-

2145 3240 2355 3297 dustria
2385 3239 2548 3294 fuerit
2578 3237 2933 3302 exercitatus,
2962 3251 3071 3307 quo
3098 3251 3192 3307 per
3217 3236 3454 3291 multam
3477 3231 3721 3305 peritiam

2145 3332 2532 3389 discretionem
2560 3330 2689 3386 boni
2716 3329 2916 3384 habeat
2940 3343 3005 3383 ac
3029 3328 3180 3395 mali,
3209 3327 3303 3383 sed
3338 3323 3654 3399 ignorantia
3675 3328 3726 3377 et

2148 3424 2423 3496 imperitia
2455 3433 2714 3494 tanquam
2740 3421 2917 3494 caligo
2943 3422 3118 3477 oculis
3140 3413 3421 3490 inciderit,
3448 3426 3545 3475 aut
3566 3420 3719 3472 etiam

2143 3519 2367 3576 malitiae
2399 3518 2633 3589 alicujus
2672 3517 2903 3586 languor
2936 3523 3197 3586 tanquam
3226 3513 3393 3585 lippis
3426 3512 3607 3569 oculis
3638 3523 3723 3564 ac-

2145 3613 2391 3679 cesserit,
2424 3611 2718 3667 discrimen
2746 3609 2875 3665 boni
2901 3617 2997 3664 aut
3024 3607 3152 3663 ntali
3179 3607 3384 3662 intueri
3415 3606 3720 3662 nullatenus

2144 3708 2356 3778 possit:
2385 3714 2440 3761 et
2478 3706 2601 3761 inde
2631 3704 2721 3760 ï¬et
2760 3709 2820 3756 Î¹Î¹Î¹
2853 3702 2998 3758 mala
3043 3716 3143 3773 pro
3185 3700 3346 3756 bonis
3376 3707 3535 3772 agat,
3580 3698 3715 3752 bona

2144 3815 2275 3855 vero
2303 3814 2402 3869 pro
2434 3798 2590 3853 malis
2618 3804 2857 3868 spernat.
2902 3792 3214 3849 Secundum
3259 3792 3405 3847 hanc
3439 3805 3572 3846 vero
3610 3786 3717 3841 for-

2146 3907 2289 3947 mam
2312 3906 2478 3961 quam
2508 3889 2575 3944 de
2598 3889 2715 3944 visu
2742 3887 2992 3959 corporis
3014 3887 3317 3955 animmque
3339 3882 3714 3944 tractavimus,

2143 3989 2543 4052 consequenter
2565 3979 2729 4035 etiam
2763 3979 2831 4035 de
2854 3976 3066 4041 auditu,
3092 3986 3145 4032 et
3175 3986 3359 4044 gustu,
3386 3986 3448 4032 et
3466 3975 3713 4034 odoratu,

2145 4082 2401 4143 tactuque
2434 4088 2529 4143 per
2558 4071 2801 4142 singulas
2828 4085 3075 4141 quasque
3106 4070 3190 4125 sui
3238 4069 3458 4137 generis
3491 4067 3710 4121 virtutes

2145 4181 2409 4222 sensuum
2447 4159 2812 4235 corporalium
2866 4159 3113 4217 referens
3146 4160 3213 4216 ad
3249 4160 3451 4216 animat
3485 4168 3711 4215 sensus,

2144 4274 2267 4330 quae
2297 4258 2351 4312 in
2378 4257 2608 4327 singulis
2641 4254 2886 4310 adhiberi
2916 4254 3148 4310 debeant
3176 4253 3460 4317 exercitia,
3491 4259 3712 4321 qua:th

2145 4352 2339 4406 debeat
2361 4351 2673 4405 emendatio
2703 4350 2904 4420 parari,
2930 4348 3169 4405 dilucide
3198 4359 3562 4419 recognosces
3583 4337 3708 4411 (36).

2149 4441 2276 4498 Haec
2331 4449 2513 4496 autem
2568 4442 2733 4511 paulo
2784 4441 2965 4497 latiori
3027 4457 3256 4497 excessu
3311 4437 3581 4509 prosecuti
3619 4445 3710 4486 su-

464 4536 588 4584 test.
639 4528 743 4597 Qui
789 4538 969 4585 autem
1018 4530 1215 4601 dignus
1253 4530 1416 4585 fuerit
1461 4529 1637 4585 redire
1665 4539 1720 4584 et
1757 4546 1879 4584 esse
1910 4548 2032 4587 eum
2069 4531 2112 4586 D
2142 4551 2299 4600 mus,
2360 4531 2651 4590 ostendere
2717 4534 2961 4589 volentes
3034 4533 3321 4589 odoratum
3385 4542 3602 4601 sponsae
3657 4529 3707 4577 el

459 4619 702 4688 Christo,
730 4620 933 4691 quique
966 4620 1021 4674 in
1052 4636 1218 4689 parvo
1246 4620 1419 4675 fidelis
1454 4621 1705 4676 inventus
1740 4621 2041 4676 constitue~

465 4721 554 4767 tur
577 4728 738 4784 super
777 4713 949 4767 multa
975 4754 991 4778 ,
1038 4713 1125 4767 ille
1154 4714 1393 4784 gustabit
1415 4722 1471 4770 et
1501 4714 1679 4785 capiet
1708 4716 2037 4786 voluptatem

462 4803 716 4871 Domini,
769 4805 1067 4876 perductus
1104 4806 1169 4860 ad
1225 4806 1407 4861 locum
1458 4806 1753 4877 quemdam
1799 4808 1892 4879 qni
1942 4824 2040 4877 pro

463 4896 778 4967 hujusmodi
809 4896 1057 4952 ciborum
1092 4897 1265 4967 copiis
1291 4905 1346 4953 et
1371 4898 1724 4955 varietatibus
1747 4942 1762 4966 ,
1816 4900 2039 4955 delicia-

462 5004 585 5043 rum
619 4988 936 5048 nominatur
965 4987 1139 5043 locus.
1175 4985 1401 5057 Propter
1424 4988 1569 5058 quod
1595 4996 1648 5043 et
1682 4989 1735 5043 in
1766 4987 1912 5044 Eden
1949 5004 2040 5059 po-

462 5080 605 5135 situs
636 5080 869 5145 dicitur,
895 5080 1042 5151 quod
1072 5079 1298 5136 delicias
1350 5080 1574 5136 indicat.
1608 5079 1685 5136 lhi
1714 5082 1862 5137 enim
1891 5083 2040 5138 dice-

461 5180 554 5238 tur
584 5173 653 5229 ad
689 5190 814 5230 eum
839 5189 853 5227 :
884 5174 1151 5230 Deliciare
1182 5173 1237 5228 in
1270 5172 1515 5230 Domino.
1558 5174 1913 5233 Deliciabitur
1937 5191 2037 5230 au-

464 5273 573 5320 tem
611 5281 719 5320 non
751 5266 805 5321 in
843 5282 954 5321 uno
982 5268 1098 5324 solo
1123 5266 1318 5323 edendi
1346 5267 1709 5338 gustandique
1734 5283 1919 5330 sensu,
1940 5267 2035 5325 sed

462 5371 516 5413 et
551 5358 738 5413 auditu
766 5358 1111 5415 deliciahitur
1155 5369 1211 5415 et
1243 5360 1365 5414 visu
1399 5368 1452 5414 et
1497 5367 1643 5415 tactu
1698 5361 2037 5431 odoratuque

462 5449 828 5512 deliciahitur.
857 5449 915 5503 ln
946 5451 1167 5508 odorem
1202 5468 1437 5523 namque
1460 5453 1721 5524 unguenti
1754 5452 1875 5522 ejus
1907 5468 2036 5509 cur-

458 5546 562 5604 ret.
609 5538 673 5593 Et
721 5538 795 5594 ita
846 5540 1103 5596 omnibus
1133 5544 1385 5599 sensibus
1435 5544 1549 5599 suis
1580 5543 1927 5599 deliciahitur
1977 5543 2034 5600 in

2143 4626 2691 4690 adolescentularum,
2720 4641 2832 4697 quo
2880 4626 3119 4681 odoratm
3167 4636 3296 4679 sunt
3340 4623 3562 4678 odorem
3608 4632 3704 4670 uno

2143 4727 2468 4790 guentorum
2520 4718 2741 4788 sponsi,
2781 4733 2890 4772 non
2934 4718 3180 4786 corporis
3226 4731 3446 4779 sensus,
3498 4710 3591 4768 sed
3629 4706 3705 4763 di-

2142 4809 2254 4863 vini
2289 4809 2476 4865 odoris
2507 4810 2653 4866 illius
2678 4818 2732 4866 et
2761 4808 3035 4864 interioris
3080 4809 3169 4878 qui
3209 4807 3509 4878 appellatur
3540 4797 3703 4859 homi-r

2146 4894 2257 4970 nis,
2282 4903 2413 4959 dici.
2448 4902 2549 4960 Hic
2573 4919 2702 4974 ergo
2728 4903 3065 4959 odorationis
3098 4917 3292 4958 sensus
3323 4903 3375 4956 in
3408 4916 3518 4972 quo
3545 4906 3702 4953 sanus

2140 5005 2225 5053 est
2247 5005 2302 5053 et
2335 4997 2566 5067 integer,
2601 4996 2771 5052 odore
2803 4995 3006 5053 Christi
3039 5005 3261 5066 accepto
3305 5010 3374 5050 ex
3400 4997 3509 5049 vita
3542 4989 3702 5046 addu-

2138 5088 2213 5143 cit
2260 5087 2326 5144 ad
2376 5088 2567 5143 vitam.
2622 5085 2678 5143 Si
2728 5103 2858 5143 vero
2899 5103 3006 5143 non
3052 5088 3124 5143 sit
3172 5102 3359 5153 sanus,
3408 5086 3512 5141 hoc
3546 5081 3702 5138 odore

2138 5190 2394 5251 suscepto
2433 5183 2500 5236 de
2531 5192 2704 5237 morte
2738 5183 2792 5236 in
2830 5192 3058 5236 mortem
3089 5181 3293 5250 dejicit,
3317 5178 3612 5236 secundum
3641 5171 3701 5225 il-

2141 5272 2255 5326 lum
2298 5255 2409 5341 qui.
2430 5271 2645 5326 dicebat
2672 5290 2685 5326 :
2724 5270 2990 5336 Quoniam
3023 5270 3224 5326 Christi
3254 5271 3418 5325 bonus
3461 5270 3590 5325 odor
3617 5278 3700 5319 su-

2145 5380 2283 5430 mus,
2320 5362 2443 5416 aliis
2474 5363 2681 5433 quidem
2708 5363 2772 5416 de
2800 5363 2908 5417 vita
2938 5364 2989 5416 in
3013 5364 3197 5426 vitam,
3225 5362 3348 5417 aliis
3376 5369 3549 5416 autem
3578 5355 3698 5412 odor

2138 5456 2206 5510 de
2264 5464 2426 5510 morte
2479 5457 2536 5510 in
2585 5466 2805 5511 mortem
2852 5456 2919 5509 â€œ.
2986 5454 3236 5526 Denique
3288 5466 3344 5511 et
3393 5456 3450 5511 hi
3513 5450 3698 5522 quibus

2141 5547 2449 5605 intellectus
2518 5548 2808 5604 herbarum
2859 5555 2943 5604 est
2992 5546 3506 5619 pigmentorumque
3564 5541 3695 5616 peri-

533 5652 576 5687 â€
604 5650 740 5709 Heb.
766 5670 816 5719 v,
849 5653 935 5708 14.
1013 5656 1057 5687 Â¹Â¹
1080 5653 1240 5711 Prov.
1284 5673 1347 5724 tt,
1377 5657 1429 5713 5.
1506 5658 1551 5690 â€™â¸
1582 5655 1718 5713 Heb.
1747 5674 1812 5724 v,
1839 5656 1925 5713 H.
2002 5658 2045 5691 â€œ

2150 5656 2277 5714 Cor.
2327 5660 2506 5726 ",15,
2544 5661 2629 5715 16.

531 5742 646 5814 ('56)
680 5743 925 5821 Referam
952 5747 1021 5802 ad
1049 5748 1331 5811 auinam...
1360 5767 1711 5829 recognosces.
1742 5749 1833 5807 Sic
1878 5766 2047 5823 mss;
2093 5751 2217 5811 libri
2256 5768 2385 5809 vero
2418 5754 2571 5823 editi,
2622 5754 2905 5829 referemus
2939 5755 3011 5811 ad
3048 5756 3333 5813 animm...
3381 5761 3693 5825 recognosce-

464 5829 600 5879 Î·á½³Î·Î´Î¿
