3872 6538
159 366 224 422 91
1499 355 1700 414 LIBER
1741 358 2020 418 PRIMUS.
3309 366 3379 426 98

158 490 245 552 tia,
287 486 460 541 ferunt
497 484 747 554 quedam
808 500 929 540 esse
978 484 1286 554 pigmenta,
1343 497 1576 552 quorum
1650 476 1696 530 si
1725 482 1774 538 Δ
1805 484 1860 540 in
1878 484 2613 556 formaDeiesset,exinanivit
2641 486 2998 554 semetipsum,
3044 493 3093 539 et
3139 485 3368 554 formam

157 582 358 635 odorem
411 579 656 648 ceperim
702 578 966 633 nonnulla
1025 577 1281 632 animalia
1315 576 1578 631 continuo
1621 575 1704 630 in-

154 681 378 736 tereunt;
408 671 514 724 alia
541 685 676 726 vero
698 670 890 726 eodem
933 669 1100 725 odore
1131 677 1468 732 recreantur,
1509 669 1706 722 vitam-

149 780 246 835 que
272 763 555 833 recipiunt.
587 761 653 818 Et
680 777 823 818 nunc
850 778 980 833 ergo
1003 761 1057 816 in
1089 761 1174 815 bis
1199 761 1331 831 ipsis
1352 759 1705 830 expositioni-

151 863 242 914 bus
295 869 348 913 et
397 857 752 912 sermonibus
798 871 940 926 quos
990 855 1258 910 habemus
1307 855 1360 908 in
1406 854 1702 919 manibus,

149 949 346 1001 videtur
378 946 502 1000 aliis
534 961 657 1000 esse
692 947 803 1001 vita
837 961 903 1000 ex
939 947 1068 1012 vita,
1106 947 1230 1000 aliis
1273 962 1402 1001 vero
1441 961 1592 1002 mors
1634 962 1702 1001 ex

147 1043 327 1088 morte.
363 1031 498 1088 Nam
535 1035 582 1087 si
619 1033 734 1090 haec
767 1037 963 1104 exponi
995 1035 1066 1090 ita
1110 1036 1292 1090 audiat
1330 1035 1582 1091 animalis
1609 1036 1702 1105 qui

146 1126 332 1180 dicitur
369 1124 560 1190 homo,
595 1127 689 1195 qui
731 1142 839 1180 non
887 1137 1061 1195 potest
1101 1129 1382 1197 percipere
1417 1140 1470 1182 et
1506 1129 1704 1183 intelli-

145 1233 260 1287 gere
285 1233 408 1286 qua:
442 1227 575 1274 sunt
619 1218 851 1289 spiritus
896 1218 1014 1286 Dei,
1065 1220 1311 1276 irridebit
1353 1221 1472 1276 sine
1497 1220 1702 1288 dubio,

144 1322 293 1381 atque
319 1311 502 1380 inepta
522 1312 642 1370 haec
663 1328 786 1369 esse
809 1324 862 1369 et
884 1313 1067 1370 inania
1092 1316 1490 1386 pronuntiabit,
1516 1317 1704 1372 dicens

146 1405 342 1458 somnia
373 1407 558 1474 potius
586 1421 751 1476 quam
795 1423 977 1462 rerum
1013 1423 1209 1466 causas
1240 1418 1294 1464 et
1322 1410 1579 1482 dogmata
1620 1410 1703 1465 di-

146 1496 257 1548 vina
287 1497 533 1550 tractari.
566 1495 662 1552 His
685 1513 817 1568 ergo
849 1500 983 1556 odor
1009 1499 1100 1556 hic
1125 1500 1337 1556 Cantici
1363 1501 1703 1556 canticorum

146 1585 357 1640 edicitur
384 1587 453 1641 de
483 1598 660 1643 morte
696 1589 750 1643 in
780 1600 1033 1656 mortem,
1067 1592 1278 1647 scilicet
1308 1593 1374 1647 de
1417 1603 1593 1648 morte
1622 1595 1704 1648 in-

146 1678 424 1742 ﬁdelitatis,
476 1679 529 1732 in
574 1687 806 1736 mortem
854 1681 1044 1753 judicii
1096 1692 1150 1737 et
1206 1684 1700 1739 condemnationis.

148 1768 498 1838 Sequentibus
544 1786 675 1826 vero
714 1772 1011 1842 spiritalem
1050 1790 1272 1831 sensum
1323 1783 1378 1831 et
1411 1775 1700 1840 subtilem,

1808 572 1942 626 servi
1995 575 2191 639 accepit
2240 573 2304 628 ³ο.
2360 574 2671 632 Exinanivit
2718 587 2897 632 autem
2939 578 3005 632 de
3046 577 3380 648 plenitudine

1807 663 1927 718 sine
1988 663 2155 718 dubio
2223 664 2277 718 in
2349 681 2455 734 qua
2524 679 2664 723 erat.
2728 668 2806 722 Illi
2853 683 2981 739 ergo
3040 669 3134 738 qui
3189 670 3379 725 dicunt

1806 755 1932 826 quia
1983 756 2048 810 de
2093 756 2417 823 plenitudine
2459 759 2571 829 ejus
2624 777 2716 814 nos
2766 777 2941 814 omnes
2985 763 3280 830 accepimus
3310 763 3378 830 ³³,

1807 847 1911 918 ipsi
1983 858 2112 904 sunt
2178 849 2627 917 adolescentulus,
2703 869 2825 923 quae
2885 853 2952 908 de
3005 869 3070 907 ea
3140 854 3378 922 plenitu-

1805 940 1934 996 dine
1961 955 2025 994 ex
2059 957 2166 1012 qua
2215 957 2274 998 se
2309 944 2398 998 ille
2431 946 2750 1013 exinanivit,
2801 955 2856 1001 et
2886 945 3090 1000 factum
3129 957 3214 1002 est
3267 965 3381 1002 un-

1805 1039 2067 1102 guentum
2133 1033 2473 1089 exinanitum
2541 1051 2739 1090 nomen
2800 1036 2959 1106 ejus,
3013 1037 3376 1107 percipientes

1805 1122 1994 1178 dicunt
2036 1142 2049 1178 :
2103 1122 2234 1178 Post
2277 1135 2325 1180 te
2374 1128 2429 1180 in
2473 1127 2683 1181 odorem
2735 1138 3118 1196 unguentorum
3170 1139 3380 1183 tuorum

1805 1233 2105 1272 curremus.
2155 1216 2267 1274 Nisi
2318 1219 2461 1272 enim
2495 1219 2830 1275 exinanisset
2873 1230 3232 1289 unguentum,
3278 1222 3382 1277 hoc

1804 1319 1889 1364 est
1927 1309 2322 1380 plenitudinem
2361 1311 2531 1367 divini
2563 1311 2818 1382 Spiritus,
2864 1320 2919 1366 et
2947 1311 3294 1367 hutniliasset
3322 1327 3381 1366 se

1805 1414 1980 1469 usque
2018 1401 2087 1455 ad
2130 1399 2363 1456 formam
2405 1402 2570 1467 servi,
2598 1416 2792 1472 capere
2818 1417 2948 1470 eum.
2989 1403 3173 1458 nullus
3198 1403 3250 1456 in
3289 1403 3380 1457 illa

1804 1492 2102 1549 divinitatis
2141 1493 2480 1564 plenitudine
2506 1495 2794 1564 potuisset,
2839 1494 2944 1550 nisi
2983 1496 3098 1551 sola
3128 1497 3382 1552 fortassis

1805 1599 2030 1654 sponsa,
2080 1601 2180 1656 pro
2213 1601 2279 1642 eo
2335 1587 2483 1658 quod
2531 1588 2744 1642 videtur
2785 1588 3049 1655 indicare,
3102 1589 3231 1658 quia
3275 1605 3380 1642 un-

1804 1685 2064 1746 guentum
2096 1677 2242 1731 istud
2273 1678 2615 1732 exinanitum
2639 1692 2750 1732 non
2775 1678 2902 1744 sibi,
2935 1680 3028 1735 sed
3065 1679 3382 1733 adolescen-

1810 1767 1942 1823 tulis
1988 1768 2295 1826 dilectionis
2339 1770 2550 1826 dederit
2593 1785 2837 1826 causam.
2887 1769 2978 1826 Sic
3023 1771 3166 1825 enim
3203 1769 3377 1824 dicit:

147 1869 294 1929 atque
336 1861 768 1934 intelligentibus
814 1867 1076 1935 majorem
1109 1867 1287 1923 inesse
1322 1867 1606 1922 veritatem
1650 1869 1702 1922 in
1734 1846 1780 1903 Β
1812 1860 2146 1933 Unguentum
2175 1864 2508 1917 exinanitum
2531 1879 2720 1917 nomen
2755 1873 2925 1929 tuum,
2953 1873 3225 1932 propterea
3247 1862 3380 1915 ado-

147 1954 222 2008 his
251 1970 367 2024 qua:
409 1972 519 2009 non
556 1956 830 2024 videntur,
859 1975 1023 2028 quam
1057 1960 1110 2014 in
1151 1961 1238 2016 his
1275 1977 1398 2030 qua:
1431 1961 1703 2030 videntur,

145 2054 192 2098 et
217 2047 418 2100 veriora
450 2047 638 2102 haberi
669 2050 813 2118 apud
851 2049 1017 2106 Deum
1058 2053 1360 2108 invisibilia
1391 2062 1445 2109 et
1485 2055 1708 2124 spirita--

145 2134 208 2190 lia
231 2138 398 2208 magis
428 2155 597 2209 quam
629 2140 863 2197 visibilia
899 2153 953 2198 et
977 2145 1302 2215 corporalia,
1330 2146 1704 2217 amplectenda

141 2230 249 2285 sine
273 2231 442 2286 dubio
472 2234 789 2302 hujusmodi
820 2236 1172 2308 intelligentia
1217 2239 1491 2295 videbitur
1525 2249 1581 2296 et
1620 2255 1707 2295 se-

140 2323 361 2390 quenda.
391 2326 714 2394 Agnoscunt
744 2327 888 2380 enim
927 2329 1032 2382 tale
1059 2344 1181 2384 esse
1218 2329 1581 2400 intelligendas
1625 2347 1707 2386 ve-

141 2412 307 2468 ritatis
333 2415 436 2469 iter
465 2431 578 2486 quo
605 2419 919 2486 pervenitur
961 2419 1027 2474 ad
1063 2419 1254 2474 Deum.
1295 2420 1401 2475 Sed
1435 2421 1704 2493 siquidem

140 2506 338 2562 alienus
364 2523 394 2561 a
427 2508 531 2562 [ide
561 2509 633 2564 sit
659 2510 729 2575 is,
765 2511 859 2580 qui
898 2512 1010 2568 hzec
1050 2513 1213 2568 stulta
1256 2513 1468 2583 judicat
1491 2522 1546 2569 et
1586 2514 1708 2568 irri-

141 2597 324 2666 denda,
356 2599 492 2654 nihil
540 2602 764 2657 mirutn.
808 2601 864 2656 Si
902 2618 1031 2658 vero
1065 2604 1264 2675 aliquis
1288 2619 1354 2661 ex
1384 2605 1473 2661 his
1518 2608 1589 2660 sit
1613 2607 1707 2677 qui

141 2692 380 2746 videntur
406 2695 652 2761 credere,
681 2705 735 2750 et
765 2695 1171 2766 Scriptut'arum
1206 2699 1584 2754 auctoritatem
1623 2717 1706 2755 re-

141 2785 329 2853 cipere.
367 2801 479 2839 non
526 2796 706 2841 tamen
737 2787 926 2857 recipit
968 2789 1326 2859 expositionis
1353 2790 1519 2862 hujus
1545 2791 1707 2861 spiri-

145 2876 254 2931 talis
285 2876 544 2946 formam,
592 2879 686 2934 sed
736 2880 925 2936 irridet
957 2891 1011 2936 et
1036 2881 1282 2953 derogat,
1318 2892 1595 2938 tentemus
1640 2901 1705 2938 ex

145 2967 253 3022 aliis
297 2965 713 3039 Scripturarnm
743 2971 878 3026 locis
919 2971 1190 3028 instruere
1218 2988 1347 3028 eum
1387 2989 1452 3029 ac
1479 2990 1707 3044 persua:

147 3057 276 3112 dere.
314 3057 422 3126 Qui
472 3061 516 3114 si
550 3059 687 3116 forte
742 3062 939 3131 poterit
977 3063 1057 3118 sic
1099 3064 1446 3135 resipiscere,
1493 3076 1549 3121 et
1583 3068 1709 3122 talia

145 3152 378 3221 quaedam
440 3153 690 3208 dicamus
737 3154 804 3208 ad
846 3171 992 3222 eum,
1048 3157 1310 3226 scriptum
1359 3167 1445 3213 est
1490 3177 1506 3213 :
1555 3157 1706 3213 Prte-

149 3254 337 3314 reptum
369 3243 587 3298 Domini
621 3245 858 3299 lucidum
882 3245 1192 3302 illuminans
1228 3247 1404 3303 oculos
1429 3249 1494 3302 ’³.
1553 3248 1706 3303 Dicat

149 3352 261 3407 ergo
310 3338 495 3404 nobis,
541 3338 635 3408 qui
670 3349 801 3394 sunt
831 3339 974 3394 oculi
1009 3340 1104 3410 qui
1155 3340 1537 3396 illuminantur
1583 3342 1706 3397 luce

149 3431 406 3501 praecepti.
450 3430 519 3485 Et
569 3433 767 3486 iterum
812 3451 826 3486 :
878 3431 983 3498 Qui
1032 3432 1186 3486 habet
1240 3450 1395 3488 aures
1447 3434 1700 3488 audiendi

148 3524 316 3576 audiat
345 3523 413 3578 “.
439 3521 574 3589 Quae
603 3531 730 3576 sunt
774 3537 932 3578 aures
956 3524 1092 3589 istze,
1127 3539 1266 3595 quas
1295 3524 1389 3595 qui
1425 3525 1702 3588 habuerit,

148 3617 250 3685 ipse
286 3616 440 3671 solus
487 3615 652 3669 verba
709 3614 908 3669 Christi
962 3615 1154 3670 audire
1199 3615 1448 3671 dicatur?
1488 3614 1554 3668 Et
1604 3616 1706 3670 ite-

147 3722 252 3763 rum
285 3728 300 3762 :
331 3708 601 3774 Quoniam
619 3707 822 3764 Christi
857 3709 1021 3761 bonus
1058 3709 1187 3761 odor
1211 3724 1393 3761 sumus
1408 3707 1515 3761 Deo
1539 3709 1613 3774 ’7;
1650 3717 1705 3761 et

149 3800 194 3854 in
228 3801 348 3855 aliis
391 3818 405 3854 :
443 3799 670 3854 Custate
702 3811 751 3852 et
787 3800 952 3852 videte
982 3800 1232 3870 quoniam
1283 3801 1460 3852 suavis
1490 3808 1568 3853 est
1601 3799 1705 3851 Do-

146 3895 306 3947 minus
332 3893 400 3946 ”.
433 3891 501 3945 Et
531 3892 664 3961 quid
695 3891 834 3946 alius
869 3892 944 3946 ait
975 3909 988 3945 :
1046 3890 1236 3945 Manus
1271 3900 1467 3945 nostra:
1515 3890 1710 3961 palpa-

147 3992 314 4037 rerunt
359 3983 423 4037 de
471 3982 622 4036 verba
675 3983 792 4035 vitm
827 3981 894 4038 ".
929 3981 1165 4036 Putasne
1206 3983 1259 4036 in
1315 3983 1400 4038 his
1449 3984 1707 4038 omnibus

147 4089 244 4130 non
283 4075 611 4142 movebitur,
647 4084 706 4128 ut
751 4074 996 4128 advertat
1040 4075 1152 4130 haec
1201 4075 1451 4129 universa
1483 4090 1590 4128 non
1639 4076 1708 4130 de

149 4169 414 4238 corporeis
469 4168 721 4223 sensibus
750 4167 915 4234 dicta,
949 4167 1044 4222 sed
1092 4168 1158 4222 de
1200 4167 1286 4221 his
1325 4182 1464 4237 quos
1508 4183 1698 4222 sccunv

150 4261 263 4317 dum
303 4263 622 4318 interiorem
660 4263 933 4316 hominem
978 4261 1154 4316 inesse
1195 4261 1488 4331 unicuique
1519 4260 1710 4316 docui-

152 4359 294 4411 tuus?
325 4356 432 4410 nisi
465 4357 510 4410 si
557 4356 926 4410 contentionis
968 4366 1021 4409 ct
1047 4353 1322 4423 jactantiae
1365 4353 1497 4406 vitio
1531 4352 1710 4422 agitur

152 4449 235 4518 qui
271 4449 545 4518 ejusmodi
585 4458 688 4503 est.
733 4447 942 4514 Quibus
975 4447 1119 4502 vitiis
1163 4446 1420 4515 quoniam
1459 4455 1512 4500 et
1559 4446 1711 4502 visus

1809 1955 2106 2010 lescentulo:
2135 1956 2435 2010 dilexerunt
2466 1967 2533 2011 te.
2571 1957 2649 2012 Ac
2691 1957 2737 2012 si
2767 1957 2969 2011 diceret
2998 1975 3011 2010 :
3046 1956 3380 2010 Adolescen-

1808 2046 1934 2101 tulze
1967 2047 2184 2118 quidem
2217 2059 2500 2120 propterea
2527 2049 2833 2104 dilexerunt
2855 2057 2930 2114 te,
2963 2047 3092 2118 quia
3122 2046 3378 2102 exinani-

1807 2141 1876 2197 sti
1931 2149 1980 2196 te
2029 2141 2096 2196 de
2142 2141 2318 2196 forma
2370 2140 2489 2205 Dei,
2540 2152 2592 2196 et
2643 2141 2846 2198 factum
2899 2150 2985 2197 est
3037 2131 3378 2210 unguentum

1807 2233 2146 2289 exinanitum
2187 2249 2386 2289 nomen
2412 2244 2584 2290 tuum.
2618 2232 2730 2305 Ego
2767 2242 2948 2288 autem
2985 2250 3092 2287 non
3130 2248 3230 2302 pro
3260 2233 3382 2286 exi-

1812 2323 2000 2378 nanito
2038 2333 2336 2394 unguento,
2379 2325 2475 2380 sed
2510 2340 2610 2394 pro
2661 2324 2775 2394 ipsa
2827 2335 3234 2396 unguentorum
3276 2323 3382 2393 ple-

1809 2419 2063 2473 nitudine
2093 2419 2256 2474 dilexi
2290 2427 2360 2474 te.
2392 2416 2506 2472 Hoc
2533 2419 2678 2473 enim
2709 2418 2912 2474 indicat
2937 2418 2989 2472 in
3029 2433 3094 2472 eo
3127 2418 3248 2472 loco
3289 2417 3380 2470 ubi

1807 2511 1938 2563 dicit
1969 2528 1981 2562 :
2027 2509 2174 2563 Odor
2203 2519 2590 2580 unguentorum
2639 2519 2847 2562 tuorum
2877 2526 3031 2576 super
3061 2507 3170 2580 M
3204 2508 3383 2562 omnia

1808 2611 2071 2655 aromata.
2102 2599 2254 2666 Quod
2288 2616 2416 2655 vero
2451 2600 2613 2653 etiam
2647 2601 2763 2666 ipsa
2797 2614 2920 2653 cum
2962 2598 3383 2653 adolescentulis

1809 2706 1933 2762 post
1968 2694 2143 2763 ipsum
2174 2708 2231 2747 se
2263 2708 2550 2748 cursuram
2592 2693 2744 2759 dicit,
2793 2694 2934 2746 hanc
2963 2693 3050 2746 aio
3097 2706 3219 2746 esse
3259 2707 3385 2745 cau-

1811 2798 1952 2848 sam,
1981 2784 2123 2852 quod
2153 2783 2375 2852 perfecti
2407 2783 2610 2852 quique
2645 2782 2824 2836 omnia
2853 2782 3108 2835 omnibus
3135 2780 3286 2844 (iant,
3322 2788 3385 2836 ιιι

1809 2892 1999 2931 omnes
2030 2876 2394 2940 lucrifaciant,
2433 2876 2571 2930 sicut
2592 2874 2702 2945 jam
2735 2889 2899 2944 supra
2929 2873 3305 2944 exposuimus.

1885 2966 2038 3023 Vers.
2074 2969 2127 3021 4.
2167 2965 2475 3020 Introduxit
2512 2983 2591 3020 me
2624 2983 2715 3019 rex
2758 2967 2812 3019 in
2850 2965 3147 3019 cubiculum
3187 2981 3340 3017 suum
3363 3002 3381 3027 ,

1810 3059 2133 3112 exsultemus
2189 3067 2239 3111 et
2281 3057 2639 3126 jucundemur
2683 3057 2737 3110 in
2786 3065 2854 3110 te.
2905 3055 3042 3110 Cum
3092 3055 3388 3110 indicasset

1813 3166 2014 3220 sponso
2047 3165 2148 3205 suo
2172 3165 2405 3220 sponsa,
2441 3149 2582 3216 quod
2613 3147 3031 3203 adulescentulas
3059 3147 3226 3200 odore
3267 3146 3387 3214 ejus

1812 3253 1982 3314 captaa
2004 3251 2282 3297 currerent
2312 3250 2432 3311 post
2461 3241 2664 3310 ipsum,
2691 3255 2814 3294 cum
2843 3239 3041 3308 quibus
3066 3237 3228 3292 etiam
3257 3237 3375 3306 ipsa

1812 3351 2039 3390 cursura
2074 3344 2236 3395 esset,
2273 3341 2332 3387 ut
2359 3334 2439 3387 eis
2468 3334 2697 3386 formam
2734 3331 2994 3402 prarbetet
3016 3329 3068 3384 in
3097 3327 3378 3391 omnibus,

1816 3443 1962 3482 nunc
1994 3426 2150 3496 quasi
2188 3424 2390 3479 laboris
2429 3425 2512 3479 sui
2548 3431 2838 3479 consecuta
2867 3421 2980 3491 jam
3017 3420 3252 3490 palmam
3289 3434 3387 3489 pro

1812 3536 1880 3578 eo
1919 3521 2063 3591 quod
2102 3519 2442 3574 concurrerit
2479 3516 2864 3580 currentibus,
2921 3515 3284 3570 introductam
3327 3527 3387 3567 se

1815 3615 1945 3669 dicit
1976 3613 2044 3668 ab
2073 3626 2276 3683 sponso
2308 3625 2432 3681 rege
2465 3611 2516 3664 in
2561 3609 2876 3664 cubiculum
2911 3607 3052 3678 ejus,
3091 3614 3152 3660 ut
3189 3605 3261 3659 ibi
3297 3604 3381 3656 vi—

1812 3709 1964 3764 deret
2008 3714 2235 3760 cunctas
2278 3718 2410 3771 opes
2465 3701 2668 3770 regias.
2711 3703 2771 3754 In
2819 3715 2928 3770 quo
2962 3700 3145 3769 utique
3191 3697 3388 3751 merito

1809 3799 2142 3872 jucundatur
2173 3807 2227 3852 et
2254 3795 2512 3861 exsultat,
2558 3801 2743 3864 utpote
2773 3809 2894 3862 quae
2926 3802 3130 3847 secreta
3155 3789 3267 3860 jam
3299 3804 3392 3844 rce

1814 3894 1897 3964 gis
1924 3902 1978 3948 et
2009 3905 2207 3946 arcana
2240 3887 2599 3959 prospexerit.
2647 3884 2747 3940 Hic
2776 3894 2890 3952 est,
2927 3883 3232 3939 secundum
3266 3896 3392 3951 pro-

1815 3985 2049 4055 positum
2083 3981 2346 4037 dramatis
2377 3978 2645 4046 ordinem,
2691 3977 2850 4049 quasi
2890 3976 3184 4031 historicus
3232 3973 3392 4028 intel-

1816 4081 2005 4132 lectus.
2042 4075 2148 4131 Sed
2175 4075 2430 4144 quoniam
2457 4073 2618 4144 cujus
2655 4087 2741 4126 res
2771 4071 2972 4140 agitur,
3020 4067 3265 4121 Ecclesia
3307 4075 3392 4120 est

1817 4175 1884 4229 ad
1917 4172 2192 4226 Christum
2225 4169 2470 4234 veniens,
2523 4167 2604 4222 vel
2641 4165 2823 4219 anima
2859 4161 3038 4214 Verbo
3075 4159 3169 4212 Dei
3211 4158 3392 4212 adhae—

1817 4279 1964 4329 rens,
2007 4262 2153 4332 quod
2187 4260 2333 4314 aliud
2382 4257 2695 4314 cubiculum
2725 4252 2928 4309 Christi
2972 4260 3025 4306 et
3073 4258 3393 4320 promptua-

1818 4359 1958 4413 rium
1989 4355 2080 4409 Dei
2107 4352 2436 4409 credendum
2475 4359 2558 4406 est
2589 4350 2642 4403 in
2679 4363 2789 4418 quo
2823 4345 2906 4400 vel
2944 4343 3263 4406 Ecclesium,
3307 4339 3393 4396 vel

1819 4452 2058 4506 animam
2094 4447 2456 4503 collmrentem
2489 4442 2592 4498 sibi
2641 4439 2970 4502 introducat,
3009 4436 3114 4491 nisi
3163 4434 3278 4504 ipse
3312 4447 3394 4486 ar-

157 4535 233 4590 ille
259 4536 491 4590 interior
526 4549 852 4600 exczecatur,
888 4548 942 4590 et
975 4538 1234 4591 odoratus
1268 4536 1575 4591 occluditur
1597 4576 1612 4599 ,
1658 4547 1711 4590 et
1748 4561 1792 4616 υ
1820 4558 1992 4599 canus
2020 4554 2215 4596 sensus
2247 4537 2368 4608 ejus
2408 4544 2463 4592 et
2494 4531 2832 4595 reconditus,
2864 4529 2931 4584 de
2957 4543 3066 4599 quo
3089 4537 3144 4582 et
3189 4524 3392 4580 Paulus

157 4628 442 4683 obduratur
471 4629 714 4690 auditus,
748 4630 941 4682 merito
963 4645 1062 4682 nec
1096 4629 1276 4683 videre
1298 4645 1421 4699 qua:
1454 4630 1725 4698 spiritua-.

160 4723 219 4776 lia
247 4732 394 4786 sunt,
444 4737 545 4777 nec
579 4723 769 4778 audire
800 4731 998 4792 potest,
1030 4724 1120 4776 sed
1154 4739 1252 4778 nec
1285 4723 1508 4778 odorem
1547 4722 1711 4778 istum

162 4816 345 4869 Christi
394 4829 609 4885 capere,
664 4829 772 4884 quo
823 4831 968 4870 nunc
1018 4825 1235 4886 recepto
1287 4817 1713 4873 adolescentulu:

165 4906 266 4960 ista:
296 4908 348 4960 in
380 4907 584 4976 quibus
619 4907 756 4961 bene
801 4921 969 4961 sanus
1011 4916 1065 4960 et
1099 4909 1283 4980 vigens
1313 4917 1433 4963 erat
1472 4908 1560 4963 hic
1595 4924 1716 4962 sen-

164 5014 266 5067 sus,
292 5001 343 5054 in
371 5001 593 5055 odorem
631 5009 1030 5068 unguentorum
1062 5001 1180 5070 ejus
1209 5011 1442 5056 currunt
1482 5010 1606 5070 post
1630 5001 1711 5070 ip-

166 5109 293 5158 sum,
332 5110 428 5150 nec
473 5093 737 5148 deﬁciunt
781 5102 1080 5159 currentes,
1127 5102 1221 5147 aut
1267 5094 1537 5162 laborant,
1583 5095 1711 5165 quia

167 5189 409 5244 suavitate
454 5188 644 5244 odoris
697 5187 866 5256 ipsius
914 5189 1007 5257 qui
1054 5197 1138 5241 est
1175 5188 1242 5242 de
1285 5189 1390 5242 vita
1432 5188 1486 5241 in
1522 5188 1712 5250 vitam,

168 5280 359 5348 refectae
385 5283 591 5352 jugiter
620 5280 981 5334 invalescunt.

227 5373 397 5430 Potest
428 5374 611 5428 adhuc
636 5380 690 5426 et
721 5374 818 5426 hoc
858 5373 1018 5426 modo
1046 5371 1216 5441 accipi
1248 5371 1391 5441 quod
1426 5372 1499 5426 ait
1541 5390 1554 5426 :
1603 5369 1715 5426 Un-

166 5479 384 5538 guentum
431 5467 766 5520 exinanitum
818 5481 1004 5519 nomen
1039 5475 1208 5517 tuum.
1257 5463 1544 5530 Propterea
1585 5468 1718 5517 ado-

164 5565 439 5618 tescentula
463 5561 769 5615 dilexerunt
807 5571 872 5613 te.
903 5559 1225 5630 Untgenitus
1257 5557 1346 5610 Dei
1378 5556 1568 5618 Filius,
1597 5573 1714 5609 cum

231 5773 270 5804 ⁸⁵
296 5772 434 5827 Psal.
460 5789 582 5831 XIX,
615 5772 669 5826 8.
751 5769 794 5800 ²⁶
820 5767 1009 5821 Matth.
1048 5781 1170 5828 xm,
1200 5763 1249 5818 9.

172 5863 224 5909 ιι,
247 5847 292 5906 5,
323 5847 372 5900 7.
451 5846 492 5876 ³¹
526 5843 690 5896 Joan.
737 5856 774 5899 ι,
814 5839 890 5892 l6.
971 5838 1014 5867 ³³
1045 5838 1061 5889 I
1093 5837 1220 5890 Cor.
1255 5835 1409 5901 ",16,
1443 5837 1529 5900 li,
1560 5835 1611 5887 9.

1354 5764 1397 5795 "’
1429 5762 1469 5816 II
1511 5763 1619 5818 Cor
1661 5781 1722 5820 ιι.
1756 5765 1840 5820 l5.

1694 5807 1778 5867 δι”
1796 5834 2006 5889 Coloss.
2049 5848 2107 5898 ιι,
2136 5832 2187 5884 5.

1819 4635 2032 4690 dicebat
2074 4650 2088 4686 :
2131 4629 2243 4684 Nos
2277 4636 2453 4681 autem
2501 4641 2710 4679 sensum
2759 4620 2958 4676 Christi
3005 4618 3290 4683 habemus,
3333 4626 3392 4670 ut

1819 4727 2049 4780 sciamus
2076 4739 2195 4794 quis
2225 4738 2256 4776 a
2288 4720 2395 4774 Deo
2422 4719 2622 4772 donata
2643 4724 2764 4770 sunt
2796 4715 2965 4769 nobis.
2996 4713 3122 4768 [an
3146 4712 3236 4766 illa
3265 4719 3395 4766 sunt

1817 4834 1940 4888 quae
1983 4815 2166 4870 oculus
2196 4830 2297 4867 non
2330 4811 2480 4877 vidit,
2511 4826 2603 4865 nec
2629 4809 2776 4862 auris
2807 4808 3036 4872 audivit,
3080 4820 3171 4858 nec
3210 4803 3268 4856 in
3302 4818 3393 4856 cor

1817 4911 2042 4966 hominis
2070 4906 2435 4970 ascenderunt,
2475 4918 2591 4973 qua:
2617 4899 2935 4971 preparavit
2993 4895 3131 4949 Deus
3181 4895 3262 4947 his
3301 4893 3394 4962 qui

1822 5003 2050 5074 diligunt
2104 5016 2221 5055 eum
2251 4999 2314 5052 ".
2372 4996 2504 5050 Cutn
2557 4994 2721 5062 igitur
2774 4989 3026 5046 Christus
3071 4985 3308 5042 animam
3339 4986 3394 5041 in

1826 5093 2236 5164 intelligentiam
2288 5089 2372 5143 sui
2425 5100 2620 5142 sensus
2680 5083 2920 5143 inducit,
2981 5080 3032 5133 in
3081 5076 3392 5132 cubiculum

1825 5187 1969 5256 regis
2028 5181 2335 5238 introducta
2393 5177 2631 5241 dicitur,
2699 5175 2752 5227 in
2809 5185 2909 5240 quo
2978 5179 3100 5222 sum
3165 5168 3396 5223 thesauri

1825 5278 2100 5349 sapientia:
2155 5290 2216 5327 ac
2263 5271 2497 5326 scientia:
2559 5269 2677 5339 ejus
2728 5263 3118 5320 absconditi”'.
3187 5259 3396 5316 Nonni-

1827 5369 1900 5424 hil
1943 5375 2122 5422 autem
2155 5378 2389 5419 vacuum
2433 5361 2647 5415 videtur
2697 5355 2840 5426 quod
2870 5371 2995 5409 cum
3027 5354 3290 5426 potuisset
3318 5353 3397 5406 di-

1824 5476 1946 5516 cere
1995 5475 2008 5513 :
2045 5455 2350 5510 Introduxit
2382 5467 2466 5505 me
2494 5463 2728 5518 sponsus
2770 5461 2944 5512 uicus,
2993 5453 3089 5499 aut
3120 5444 3398 5499 fraternus

1828 5569 2001 5616 meus,
2039 5558 2132 5604 aut
2155 5546 2356 5616 aliquid
2383 5541 2714 5613 hujusmodi,
2746 5551 2802 5595 ut
2824 5540 2873 5595 ei
2906 5540 3074 5594 moris
3102 5548 3223 5603 est;
3252 5553 3395 5592 nunc

1951 5763 1995 5794 ’⁸
2037 5759 2182 5814 Psal.
2227 5774 2412 5821 xxxiv,
2445 5755 2497 5811 8.
2599 5753 2642 5785 "
2672 5755 2691 5808 I
2719 5750 2876 5808 Joan.
2910 5767 2948 5819 ι,
2990 5751 3042 5806 I.
3115 5746 3406 5817 “Philipp.
