3872 6556
497 357 568 414 99
1287 377 1292 381 ’
1586 351 1913 411 ORIGENIS
1958 350 2026 406 IN
2064 348 2422 409 CANTICUM
2458 348 2735 406 CANTlC.

496 476 626 547 quia
662 475 973 532 cubiculum
1004 476 1219 532 dictura
1254 484 1391 543 erat,
1446 476 1590 548 regis
1619 477 1817 533 dixerit
1843 477 2071 532 cubicu-
2098 485 2143 540 Α
2171 473 2494 546 optantium,
2543 481 2599 529 et
2645 471 2941 543 petentium
2973 486 3003 526 a
3037 484 3276 542 sponso,
3307 477 3373 525 ut
3403 470 3744 540 quemadmo-

496 569 631 633 lum,
658 578 714 624 et
753 584 862 623 non
907 570 1056 625 aliud
1092 585 1290 625 nomen
1340 571 1605 640 posuerit,
1651 570 1706 624 in
1742 586 1853 641 quo
1886 577 2071 640 posset
2171 568 2300 622 dum
2331 581 2531 637 sponsa
2553 573 2849 621 consecuta
2874 573 2959 620 est
2983 580 3107 636 quae
3135 563 3392 636 perfecta
3421 573 3571 628 sunt,
3591 574 3644 620 et
3660 581 3746 621 ex-

499 659 749 716 fortassis
779 659 979 731 aliquis
1005 662 1167 717 etiam
1194 662 1484 719 mediocris
1518 662 1764 733 intelligi.
1810 660 1915 717 Sed
1954 677 2075 732 pro-

498 762 680 823 pterea
711 753 950 809 arbitror
975 755 1029 809 in
1063 755 1147 809 his
1180 771 1360 827 regem
1410 755 1772 822 nominatum,
1803 764 1862 810 ut
1898 766 2075 811 osten-

498 845 717 899 deretur
745 861 840 914 per
870 847 973 900 hoc
1006 860 1203 901 nomen
1236 847 1500 917 praedives
1523 846 1857 916 cubiculum,
1886 855 2074 918 utpote

498 937 732 1006 regim’n,
763 947 818 992 et
845 938 1033 993 multis
1063 950 1227 1009 atque
1257 940 1541 997 immensis
1563 941 1760 1011 opibus
1787 942 2071 1012 repletum.

499 1029 676 1102 Prope
709 1032 856 1087 hunc
884 1036 1111 1089 omnino
1159 1033 1292 1088 mihi
1326 1034 1541 1089 videtur
1573 1034 1742 1090 fuisse
1772 1042 1827 1090 et
1852 1035 1941 1089 ille
1980 1034 2073 1104 qui

489 1122 635 1178 dixit
664 1134 879 1195 raptum
927 1141 987 1180 se
1013 1142 1135 1182 esse
1174 1141 1347 1196 usque
1379 1127 1447 1181 ad
1481 1126 1698 1182 tertium
1743 1126 1941 1182 caelum
1965 1168 1980 1195 ,
2021 1138 2076 1182 et

499 1217 624 1273 inde
651 1217 704 1271 in
738 1216 1073 1288 paradisum,
1101 1228 1153 1272 et
1185 1220 1404 1274 audisse
1437 1217 1601 1274 verba
1629 1218 1925 1274 ineﬁ‘abilia
1954 1234 2076 1288 quae

499 1318 607 1358 non
635 1304 762 1360 licet
786 1305 1170 1376 bominijloqui
1194 1307 1259 1362 ³³.
1289 1307 1428 1373 Quid
1466 1309 1611 1363 enim
1640 1319 1800 1379 putas
1825 1324 1949 1365 esse
1982 1309 2074 1364 illa

498 1396 662 1452 verba
686 1412 808 1467 quae
824 1400 1064 1454 audivit?
1095 1399 1329 1456 Nonnea
1355 1417 1477 1473 rege
1492 1402 1726 1457 audivit?
1755 1402 1821 1457 Et
1844 1403 1898 1458 in
1920 1403 2076 1458 cubi-

498 1488 651 1553 culo,
683 1498 737 1544 et
764 1505 928 1561 prope
952 1492 1266 1547 cubiculum
1289 1494 1499 1563 positus
1522 1494 1850 1550 audivit?Et
1872 1509 2028 1551 erant
2057 1539 2071 1562 ,

498 1579 687 1647 credo,
730 1579 820 1634 illa
855 1581 1019 1636 verba
1055 1582 1183 1637 talia
1220 1583 1492 1653 quaedam,
1548 1600 1673 1655 quae
1723 1585 2077 1640 hortarentur

498 1684 624 1725 eum
678 1672 745 1726 ad
800 1674 1062 1743 majorem
1119 1674 1423 1744 profectum
1448 1716 1463 1743 ,
1514 1685 1567 1731 et
1598 1678 1975 1746 promitterent
2025 1677 2075 1733 ei

500 1764 646 1832 quod
681 1764 725 1819 si
756 1776 1128 1834 perseveraret
1159 1783 1332 1838 usque
1360 1768 1414 1823 in
1450 1770 1635 1836 linem,
1661 1780 1713 1825 et
1745 1770 1861 1840 ipse
1892 1780 2076 1841 posset

500 1856 706 1912 intrare
745 1858 1083 1927 cubiculum,
1120 1860 1424 1916 secundum
1459 1862 1604 1917 istud
1637 1864 1781 1932 quod
1827 1840 1922 1934 per
1956 1879 2075 1934 pro-
2107 1840 2147 1896 Β

496 1954 715 2020 phetam
742 1966 961 2022 quoque
989 1954 1326 2023 promittitur
1354 1973 1368 2009 :
1398 1953 1543 2009 Dabo
1569 1956 1666 2010 tibi
1693 1958 1964 2013 thesauros
1985 1959 2077 2012 ob-

495 2058 700 2107 scuros,
736 2043 990 2111 occultos,
1031 2045 1343 2101 invisibiles.
1376 2048 1624 2118 Aperiunt
1654 2049 1750 2103 tibi
1786 2062 1839 2105 ut
1886 2068 2077 2121 cogno-

494 2151 613 2189 scas
655 2136 780 2205 quia
826 2154 918 2206 ego
967 2154 1085 2191 sum
1128 2138 1387 2193 Dominus
1426 2139 1563 2195 Deus
1612 2151 1734 2194 tuus
1763 2142 1852 2211 qui
1900 2146 2077 2199 vocavi

497 2242 682 2280 nomen
729 2237 876 2281 tuum
920 2227 1092 2284 Israel
1132 2231 1197 2285 “.
1244 2231 1488 2287 Currunt
1519 2248 1650 2305 ergo
1697 2236 2079 2290 adolescentu-

498 2316 563 2373 ιω
621 2330 739 2388 post
796 2322 1012 2390 ipsum,
1080 2333 1135 2378 et
1187 2324 1242 2378 in
1318 2325 1539 2381 odorem
1597 2327 1752 2397 ejus,
1819 2344 2080 2399 unaqu:e-

497 2424 602 2480 que
648 2419 827 2466 tamen
876 2431 972 2483 pro
1007 2415 1237 2480 viribus,
1276 2416 1379 2470 alia
1412 2417 1628 2484 quidem
1676 2418 1934 2485 velocius,
1973 2420 2078 2475 alia

497 2503 660 2570 paulo
689 2505 917 2570 tardius,
956 2507 1061 2561 alia
1095 2507 1260 2562 etiam
1287 2507 1516 2565 inferius
1539 2511 1751 2566 caeteris
1781 2521 1837 2567 et
1860 2513 2075 2579 ultimo,

429 2608 433 2613 ’
500 2594 604 2649 alia
640 2597 817 2665 primo
852 2598 993 2654 loco.
1030 2597 1417 2657 Verumtamen
1452 2613 1683 2659 currunt
1719 2619 1944 2670 onmes,
1984 2609 2077 2661 sed

499 2701 605 2740 una
643 2697 725 2743 est
778 2690 1039 2758 perfecta,
1089 2708 1211 2763 quae
1260 2695 1435 2750 currit
1475 2696 1555 2751 sic
1587 2706 1646 2751 ut
1680 2698 1985 2767 perveniret
2027 2705 2081 2753 et

499 2776 617 2832 sola
652 2781 922 2848 acciperet
956 2782 1216 2851 palmam.
1252 2783 1378 2839 Sola
1406 2786 1557 2840 enim
1605 2795 1693 2842 est
1730 2803 1854 2857 qua:
1894 2788 2028 2843 dicit
2063 2808 2075 2843 :

499 2868 811 2925 Introduxit
855 2889 934 2927 me
971 2891 1063 2929 rex
1106 2876 1160 2929 in
1202 2876 1505 2932 cubiculum
1553 2896 1740 2945 suum;
1773 2897 1896 2936 cum
1928 2884 2080 2953 prius

499 2976 608 3015 non
641 2962 708 3017 de
739 2977 797 3018 se
828 2964 966 3031 sola,
1000 2967 1092 3020 sed
1143 2969 1210 3022 de
1242 2969 1491 3038 pluribus
1520 2970 1770 3038 dixisset,
1802 2984 1918 3042 post
1953 2983 2001 3028 te
2023 2976 2078 3029 in

499 3050 710 3106 odorem
737 3066 1120 3125 uttguentorum
1152 3070 1360 3113 tuorum
1391 3078 1681 3117 currentus.
1714 3065 2081 3122 lntroducitur

499 3160 629 3215 ergo
670 3146 723 3202 in
762 3149 1075 3205 cubiculum
1114 3152 1280 3223 regis,
1313 3162 1369 3209 et
1392 3155 1624 3211 efﬁcitur
1650 3158 1856 3227 regina,
1888 3168 1941 3214 et
1962 3159 2078 3230 ipsa

499 3249 584 3294 est
611 3239 680 3296 de
710 3255 814 3311 qua
859 3243 1061 3298 dicitur
1091 3261 1105 3299 :
1151 3244 1350 3315 Regina
1379 3250 1552 3303 astitit
1584 3266 1615 3303 α
1648 3249 1850 3304 dextris
1892 3251 1997 3306 tuis
2024 3253 2078 3307 in

498 3330 687 3384 uestitu
752 3332 1043 3399 deaurato,
1108 3336 1436 3392 circumdata
1492 3340 1837 3396 varietatibus
1881 3341 1946 3396 ³³.
2008 3341 2083 3398 De

503 3422 588 3477 his
663 3433 844 3478 autem
912 3427 1332 3485 adolescentulis
1383 3447 1504 3501 quae
1560 3441 1680 3501 post
1744 3435 1918 3504 ipsam
1985 3452 2081 3489 cu-

503 3524 812 3582 currerunt,
846 3525 901 3570 et
933 3519 1122 3586 procul
1150 3521 1218 3575 ab
1245 3537 1306 3575 ea
1342 3521 1397 3575 in
1438 3524 1571 3593 ipsis
1604 3527 1857 3581 currendi
1887 3528 2080 3597 spatiis

503 3617 904 3674 remanserant,
934 3609 1137 3665 dicitur
1163 3629 1177 3665 :
1212 3613 1556 3668 Adducentur
1579 3618 1687 3689 regi
1710 3620 1934 3688 virgines
1962 3629 2081 3690 post

500 3713 638 3764 eam,
674 3701 932 3769 proxima:
952 3702 1066 3770 ejus
1095 3704 1423 3759 adducentur
1457 3707 1551 3760 tibi
1580 3725 1597 3762 :
1650 3710 1995 3765 Adducentur
2026 3714 2080 3767 in

500 3790 690 3845 laztitia
749 3800 799 3846 et
864 3794 1255 3861 exsultatione,
1328 3798 1645 3853 inducentur
1701 3801 1758 3854 in
1822 3805 2075 3872 templum

504 3882 639 3952 regis
668 3881 735 3938 ⁸⁸.
793 3881 898 3938 Sed
949 3893 1004 3939 et
1050 3885 1181 3941 illud
1227 3887 1393 3942 etiam
1439 3888 1494 3942 in
1544 3891 1647 3945 hoc
1681 3891 1961 3948 advertere
1995 3896 2082 3948 dc-

503 3973 728 4037 bemus,
760 3974 906 4043 quod
947 3975 1090 4031 sicut
1117 3993 1212 4033 rex
1243 3978 1406 4034 habet
1448 3981 1762 4037 cubiculum
1807 3977 2077 4053 quoddam

504 4064 560 4119 in
599 4069 741 4136 quod
778 4067 1019 4139 reginam
1056 4070 1171 4125 sive
1214 4087 1471 4142 sponsam
1527 4089 1682 4129 suam
1734 4076 2029 4134 introducit
2063 4099 2077 4135 :

446 4214 449 4217 γ
504 4156 582 4210 ita
622 4157 779 4212 habet
810 4167 865 4213 et
911 4175 1110 4230 sponsa
1144 4179 1305 4218 suum
1339 4165 1652 4221 cubiculum
1698 4167 1749 4222 in
1779 4170 1924 4239 quod
1971 4186 2084 4225 mo-

503 4256 661 4302 netur
694 4265 786 4318 per
816 4248 1052 4306 Verbum
1086 4251 1181 4307 Dei
1220 4254 1462 4325 ingressa
1493 4256 1746 4313 clamlere
1772 4258 1998 4322 ostium,
2029 4268 2083 4313 et

506 4338 581 4392 ita
612 4340 887 4396 conclusis
922 4343 1026 4396 illis
1053 4346 1310 4401 omnibus
1356 4348 1564 4403 divitiis
1607 4349 1724 4404 suis
1764 4351 1908 4404 intra
1950 4349 2081 4404 illud

438 4422 445 4463 ³
508 4430 819 4486 cubiculum
855 4448 1013 4488 orare
1054 4450 1179 4489 eum
1225 4437 1319 4506 qui
1352 4437 1499 4491 videt
1527 4439 1581 4492 in
1625 4440 1948 4494 abscondito
1974 4481 1988 4505 ,
2028 4451 2083 4496 et

2173 657 2360 723 sultat,
2398 656 2472 710 ita
2511 656 2642 726 ipsae
2665 656 2779 727 jam
2809 670 2971 711 suum
3007 655 3245 727 implere
3295 669 3527 710 cursum
3571 664 3622 710 et
3645 670 3748 727 per-

2175 750 2362 805 venire
2412 763 2587 818 usque
2637 749 2705 803 ad
2739 749 2882 819 regis
2931 748 3256 804 cubiculum
3308 755 3643 815 mereantur,
3694 759 3746 803 ut

2173 841 2475 912 perspectis
2525 849 2580 895 et
2632 840 2846 896 iutuitis
2887 841 3145 896 omnibus
3182 839 3277 895 his
3328 840 3399 895 de
3431 840 3628 910 quibus
3666 841 3746 896 illa

2175 934 2457 1005 gloriatur,
2488 934 2653 989 etiam
2692 933 2826 1005 ipsa:
2857 934 3132 990 exsultent
3166 934 3323 990 sicut
3348 942 3407 989 et
3437 933 3550 998 illa,
3584 944 3635 989 et
3670 934 3749 1004 ju-

2175 1028 2482 1085 cundentur
2526 1029 2578 1083 in
2607 1043 2694 1084 eo.
2722 1027 2820 1084 Vel
2845 1029 3008 1084 etiam
3045 1028 3113 1083 ad
3160 1043 3439 1098 sponsam
3482 1029 3749 1098 potestdi-

2176 1130 2322 1176 ctum
2358 1122 2528 1177 videri
2573 1121 2642 1176 ab
2690 1120 3113 1177 adolescentulis
3160 1120 3674 1191 congratulantibus
3706 1123 3748 1176 ei

2174 1222 2230 1270 et
2261 1214 2703 1284 promittentibus
2736 1214 3175 1284 petentibusque,
3220 1222 3284 1267 ut
3311 1212 3612 1283 participes
3630 1212 3747 1268 liant

2176 1308 2561 1364 exsultationis
2593 1307 2712 1378 ejus
2736 1315 2790 1361 et
2811 1305 3028 1360 laetitiae.

2253 1397 2407 1456 Vera.
2437 1399 2494 1455 4.
2522 1397 2811 1468 Diligemus
2838 1398 2999 1452 ubera
3021 1405 3113 1451 tua
3139 1413 3307 1468 super
3327 1397 3533 1452 vinum.
3557 1394 3748 1467 Sponsa

2176 1490 2417 1561 quidem,
2450 1499 2738 1561 postquam
2765 1492 2950 1546 oscula
2980 1490 3181 1558 meruit
3213 1491 3287 1544 ab
3317 1490 3445 1560 ipso
3466 1489 3647 1558 sponsi
3667 1504 3749 1544 ore

2178 1576 2456 1654 suscipere
2516 1591 2571 1637 et
2632 1582 2892 1638 uberibus
2936 1582 3057 1654 ejus
3094 1581 3341 1654 perfrui,
3376 1581 3455 1635 ait
3494 1580 3561 1635 ad
3591 1595 3703 1634 eum
3733 1598 3744 1634 :

2176 1673 2329 1729 Bona
2373 1682 2496 1728 sunt
2537 1672 2698 1728 ubera
2741 1683 2833 1728 tua
2880 1691 3036 1744 super
3083 1674 3288 1730 vinum.
3328 1671 3747 1727 Adolesceutula:

2178 1780 2309 1823 vero
2330 1780 2452 1837 quae
2471 1765 2713 1821 nondum
2732 1767 2798 1821 ad
2826 1767 2878 1820 id
2901 1765 3257 1822 beatitudinis
3285 1774 3554 1827 venerant
3590 1780 3746 1835 neque

2178 1872 2446 1912 summam
2476 1855 2826 1926 perfectionis
2852 1865 3193 1927 acceperant,
3222 1872 3409 1928 neque
3436 1858 3538 1912 us‘ii
3567 1864 3619 1913 et
3633 1871 3746 1927 ope-

2177 1949 2332 2003 ribus
2375 1948 2588 2005 fructus
2639 1947 2894 2019 perfectae
2936 1949 3221 2004 charitatis
3261 1948 3656 2019 expleverant,
3696 1959 3745 2004 ut

2178 2041 2336 2112 quasi
2366 2051 2603 2112 experta:
2655 2042 3077 2111 pronuntiarent
3124 2042 3400 2097 uberibus
3426 2041 3549 2111 ejus
3571 2082 3586 2106 ,
3629 2041 3741 2111 quia

2179 2136 2319 2190 bona
2347 2145 2494 2203 sunt,
2525 2135 2769 2190 videntes
2798 2143 2979 2190 tamen
3009 2134 3571 2219 sponsam'delcctari
3599 2143 3645 2188 ct
3671 2149 3744 2186 re-

2182 2232 2265 2287 lici
2283 2247 2346 2287 ex
2375 2232 2631 2286 uberibus
2648 2232 2857 2301 sponsi,
2878 2246 2943 2295 ex
2964 2230 3209 2285 fontibus
3247 2230 3465 2287 scilicet
3486 2224 3742 2299 sapientiai

2180 2333 2233 2380 et
2255 2324 2495 2379 scientiae
2510 2314 2632 2394 qua:
2647 2324 2715 2378 de
2736 2323 2996 2379 uberibus
3012 2323 3132 2393 ejus
3145 2324 3350 2388 lluunt,
3370 2330 3426 2378 et
3450 2321 3637 2392 pocula
3654 2336 3745 2376 etei

2181 2416 2330 2472 lestis
2359 2415 2619 2470 doctrinae
2648 2424 2928 2470 sumentes
2947 2427 3207 2485 tanquam
3225 2415 3554 2469 imitatrices
3581 2412 3740 2483 perle-

2182 2506 2377 2561 ctiouis
2395 2505 2512 2575 ejus
2531 2513 2585 2560 et
2613 2504 2987 2559 desiderantes
3014 2505 3219 2561 eisdem
3245 2505 3496 2577 vestigiis
3516 2502 3743 2559 incedere

2181 2601 2526 2669 promittunt,
2552 2598 2842 2653 etdicunt:
2872 2596 3164 2668 Diligemus
3182 2596 3471 2669 (57)ubera
3494 2609 3584 2653 tua
3606 2611 3743 2665 super

2182 2692 2292 2764 45
2325 2693 2524 2758 vinum,
2557 2691 2609 2745 id
2635 2700 2738 2756 est,
2772 2705 2870 2745 nos
2912 2690 3132 2760 quidem
3172 2690 3422 2745 nondum
3468 2691 3524 2744 in
3559 2690 3609 2745 id
3634 2705 3744 2760 per—

2182 2784 2431 2840 fectionis
2472 2782 2841 2847 ascendimus,
2873 2792 2933 2836 ut
2966 2783 3080 2852 jam
3121 2782 3423 2854 diligamus
3469 2782 3629 2838 ubera
3659 2790 3739 2835 tua

2181 2877 2489 2949 plusquam
2515 2878 2734 2939 vinum,
2784 2876 2870 2931 vel
2923 2885 3068 2931 certe
3107 2875 3273 2931 ubera
3323 2884 3419 2930 tua
3474 2889 3592 2946 quae
3630 2882 3741 2929 sunt

2182 2968 2347 3042 sup'er
2375 2971 2561 3024 vinum
2594 2968 2851 3041 (utroque
2879 2968 3022 3023 enim
3055 2969 3219 3023 modo
3261 2984 3464 3026 sensus
3511 2975 3647 3022 stare
3672 2965 3740 3017 vi-

2181 3062 2454 3129 dcbitur);
2492 3062 2732 3132 gerimus
2777 3068 2956 3115 tamen
3007 3075 3180 3130 spem,
3212 3070 3406 3131 utpote
3449 3058 3737 3115 adolescen-

2182 3155 2329 3221 tulae,
2366 3155 2416 3208 in
2449 3152 2501 3209 id
2528 3154 2703 3208 aetatis
2740 3153 3025 3225 proﬁcere,
3063 3168 3169 3223 quo
3201 3153 3483 3222 possimus
3527 3166 3631 3207 non
3662 3166 3738 3206 so-

2183 3247 2294 3301 lum
2321 3246 2472 3317 pasci
2502 3252 2555 3299 et
2581 3244 2651 3300 ali
2676 3260 2742 3300 ex
2776 3245 3037 3300 uberibus
3065 3241 3227 3299 Verbi
3263 3243 3385 3311 Dei,
3419 3242 3513 3298 sed
3543 3250 3594 3296 et
3630 3238 3736 3295 dili-

2182 3352 2308 3409 gere
2356 3336 2614 3390 alentem.
2657 3335 2778 3391 Istae
2823 3343 2951 3389 sunt
2983 3343 3162 3389 autem
3209 3331 3646 3397 adolescentulis,
3687 3335 3739 3381 ut

2182 3428 2457 3500 saepeiam
2492 3427 2752 3493 diximus,
2785 3427 3000 3491 animae,
3033 3441 3154 3497 qua:
3178 3426 3378 3497 primis
3410 3432 3464 3480 et
3494 3423 3643 3479 initio
3666 3434 3737 3473 ra-

2180 3522 2421 3577 lentibus
2464 3520 2867 3576 eruditionibus
2910 3521 3166 3574 videntur
3210 3519 3475 3584 imbutae,
3512 3516 3565 3572 et
3609 3514 3736 3569 velut

2181 3617 2310 3672 vino
2339 3618 2574 3688 quodam
2614 3617 2917 3680 lmtilicatse,
2960 3615 3306 3670 institutione
3346 3624 3584 3669 tutorum
3615 3609 3735 3663 dun-

2184 3720 2354 3777 taxat,
2387 3702 2823 3779 curator-umque
2854 3720 2907 3764 et
2935 3709 3236 3779 paedagogi,
3275 3716 3467 3778 utpote
3500 3700 3732 3774 parvulae.

2180 3813 2234 3857 et
2265 3818 2385 3874 qua:
2418 3802 2681 3857 haberent
2721 3803 2938 3874 quidem
2981 3802 3035 3855 in
3066 3801 3272 3856 viribus
3321 3813 3512 3856 amare
3540 3797 3733 3852 vinum.

2181 3911 2290 3951 non
2336 3905 2515 3950 tamen
2568 3895 2830 3950 haberent
2871 3896 2923 3948 in
2963 3904 3141 3959 aetate,
3192 3903 3252 3949 ut
3294 3906 3487 3948 amore
3528 3889 3731 3944 uberum

2182 3987 2369 4057 sponsi
2399 3986 2605 4041 moveri
2628 3994 2720 4041 aut
2749 3986 2975 4041 excitari
3002 3994 3247 4056 possent.
3284 3982 3396 4041 Sed
3421 3983 3509 4038 ubi
3534 3975 3729 4034 advenit

2180 4080 2462 4151 plenitudo
2508 4090 2849 4149 temporum,
2895 4086 2949 4132 et
2991 4077 3245 4133 Christus
3292 4077 3350 4132 in
3398 4077 3479 4131 eis
3526 4068 3731 4143 profecit

2182 4183 2338 4230 relate
2377 4185 2431 4231 et
2483 4175 2768 4245 sapientia,
2804 4181 2857 4227 et
2895 4172 3008 4242 jam
3062 4171 3264 4226 sentire
3310 4156 3589 4241 cmperint
3617 4158 3728 4233 quid

2181 4267 2293 4323 sint
2338 4268 2503 4323 ubera
2551 4266 2759 4336 sponsi,
2801 4278 3030 4333 quaeque
3076 4263 3131 4317 in
3170 4263 3258 4319 his
3285 4261 3546 4334 perfectio
3585 4251 3728 4311 Verbi

2182 4356 2301 4426 Dei,
2346 4368 2402 4414 et
2452 4358 2715 4413 doctrinae
2762 4354 3024 4426 Spiritalis
3072 4354 3356 4424 plenitudo
3417 4350 3725 4421 designetur.

2180 4450 2343 4504 etiam
2372 4447 2710 4519 promittunt,
2740 4446 2865 4517 quia
2892 4445 3013 4515 plus
3034 4460 3199 4515 quam
3230 4444 3418 4499 vinum
3444 4440 3581 4513 quod
3604 4446 3728 4490 nunc

442 4530 447 4543 ’
507 4525 766 4595 perspicit
794 4535 1027 4595 quantas
1052 4542 1202 4596 opes,
1228 4528 1397 4582 animi
1419 4529 1629 4585 scilicet
1658 4531 1910 4597 virtutes,
1938 4533 2080 4589 intra
2114 4562 2158 4616 ι)
2188 4548 2448 4608 tanquam
2503 4538 2741 4608 parvulae
2798 4537 3028 4603 bibunt,
3094 4534 3375 4590 dilectum:
3426 4533 3532 4588 sint
3584 4526 3725 4581 ubera

508 4615 818 4695 cubiculum
851 4632 1010 4670 suum
1044 4632 1243 4686 sponsa
1277 4619 1604 4688 condiderit,
1653 4630 1715 4675 ut
1739 4623 1930 4678 videns
1963 4624 2083 4695 ejus

402 4682 439 4753 λ
509 4703 727 4761 divitias
774 4692 865 4761 det
894 4707 943 4761 ei
978 4682 1263 4778 petitiones
1308 4723 1459 4766 suas.
1497 4682 1656 4766 ()nini
1699 4713 1845 4769 enim
1872 4682 2084 4771 babenti

508 4798 726 4854 dabitur
740 4800 806 4855 ³⁷.

579 4890 735 4959 Quod
761 4901 944 4948 autem
970 4893 1047 4948 ait
1073 4911 1087 4949 :
1121 4893 1460 4951 Exsultemus
1488 4907 1539 4952 et
1551 4897 1908 4966 jucundcmur
1928 4902 1982 4956 in
2009 4912 2078 4965 te,

508 4982 723 5036 videtur
785 4997 852 5038 es
916 4998 1149 5054 persona
1210 4986 1740 5045 adolescentularum
1797 4991 1937 5062 dici,
1996 4995 2083 5050 vel

581 5097 841 5154 "llCor.
876 5116 975 5166 xu,
1015 5102 1069 5156 4.
1146 5101 1460 5173 “lsa.x1.v,
1517 5106 1571 5162 5.

584 5212 695 5296 (ζῇ)
738 5212 1061 5296 Diligemus,
1080 5196 1185 5273 etc.
1222 5216 1398 5296 _Verba
1442 5220 1628 5278 Graeca
1661 5224 1743 5296 sic
1776 5240 2079 5296 repraesen-

513 5281 922 5367 tat‘Proc-upi'us
967 5281 1733 5367 ε--Ἇγᾳπήρ-οοιέε-νμᾳᾳτούς
1762 5281 1879 5350 σού
1928 5281 2080 5367 ὑπὲρ

509 5349 706 5439 οἶτον-,θ
759 5349 948 5437 ἠγρυν,
984 5358 1048 5439 εξ
1065 5349 1158 5411 uad.
1201 5349 1295 5439 ν’ρν
1319 5349 1403 5439 ’ὃς
1433 5349 1725 5439 deﬂeverat»;
1772 5349 2080 5439 eximios}

512 5425 639 5488 σοὺς
664 5420 988 5506 ᾲγᾳᾶέῶιεεν,
1016 5420 1134 5506 dove
1144 5432 1297 5506 pupis,
1332 5428 1596 5506 cbvpivov
1621 5437 1750 5506 ὅταγ
1773 5420 2077 5506 ﬂaminem:

515 5511 632 5578 usu,
666 5494 804 5578 ὑπὲρ
828 5494 1231 5578 τοῦτονμὺτὸῑξς
1262 5494 1642 5578 ἀγαπήσομεν.
1855 5508 1958 5578 μὲν
1982 5504 2076 5561 οὖν

510 5563 815 5656 ἐύφρεξίνών
860 5568 1103 5656 νεπνιξοξς
1135 5563 1536 5656 τὰξνρξιιξᾶχῆ
1575 5574 1631 5629 δὲ
1656 5563 2073 5656 ξελειξέηςβοῦ

510 5634 739 5720 νυμφίου
766 5635 1137 5725 μαστρί.Ἐῖτα
1165 5643 1243 5705 εἰς
1267 5634 1562 5712 ἀπολογία’ν
1590 5646 1683 5699 τοῦ
1722 5647 1794 5717 μὴ
1818 5634 2075 5718 ἡδῆἀγα-

511 5721 620 5786 grav
648 5722 829 5786 φησιν’
846 5708 1116 5786 Ενθυτης
1146 5712 1423 5786 ἠγάπησέ
1444 5730 1517 5768 σε
1532 5732 1545 5744 ⁸
1562 5718 1722 5786 ἡμεῖς
1740 5716 1796 5770 δὲ
1813 5717 1964 5771 οὔπω
1980 5720 2079 5782 τὰς

512 5722 620 5775 πᾳν
648 5722 829 5786 φησιν’
846 5722 1116 5777 Evt/vth
1146 5722 1423 5782 ἠγάπησά
1444 5730 1517 5768 σε
1532 5732 1545 5744 ⁸
1562 5722 1722 5786 ἡμεῖς
1740 5722 1796 5770 δὲ
1813 5722 1964 5771 οὔπω
1980 5722 2078 5782 τὰς

512 5775 718 5830 tantum
756 5778 980 5848 πορείας
1020 5781 1232 5847 εὐθείας
1278 5785 1669 5857 ἐποιησάμεθα.
1729 5808 1747 5840 ‹
1792 5787 2078 5858 Diligemus

2187 4625 2373 4696 sponsi
2402 4643 2417 4681 :
2442 4626 2495 4680 id
2525 4633 2609 4682 est
2637 4625 3017 4695 propensiores
3043 4623 3240 4679 futura:
3267 4640 3395 4695 erga
3418 4618 3662 4694 perfecta.
3682 4618 3728 4664 et

2185 4717 2336 4771 ornni
2378 4716 2713 4787 plenitudine
2753 4716 2970 4772 decreta
3015 4717 3269 4787 dogmata
3314 4713 3541 4779 Christi,
3584 4720 3725 4779 quam

2180 4808 2293 4879 jam
2342 4819 2521 4876 antea,
2550 4809 2665 4865 sive
2693 4810 2747 4863 in
2778 4809 3163 4865 communibus
3210 4809 3428 4876 studiis,
3456 4808 3563 4864 sive
3589 4804 3636 4857 in
3664 4799 3728 4852 lc-

2186 4902 2269 4972 gis
2294 4911 2349 4957 et
2377 4902 2764 4973 prophetarum
2800 4904 2930 4958 visa:
2959 4911 3087 4959 sunt
3116 4902 3548 4959 institutionibus
3576 4891 3725 4951 essti-

2185 4994 2339 5050 tisse.

1662 5108 1705 5142 ³⁵
1734 5105 1878 5165 Psal.
1926 5110 2170 5179 xuv,10.
2228 5109 2553 5185 “did.,l5,
2582 5114 2665 5171 16.
2737 5113 2781 5145 ³⁷
2814 5112 3082 5184 Luc.xtx,
3130 5115 3222 5173 26.

2183 5229 2345 5283 ubera
2380 5238 2474 5282 tua
2519 5246 2676 5299 super
2718 5231 2917 5286 vinum.
2953 5251 2972 5284 ι
3037 5231 3148 5287 Hoc
3191 5243 3290 5300 est,
3332 5230 3540 5287 tametsi
3574 5236 3720 5300 nunc;

2218 5316 2296 5353 use
2339 5309 2519 5372 nostra
2535 5301 2829 5372 inﬁrmitas
2867 5313 2966 5365 est,
3004 5320 3033 5357 ο
3066 5320 3271 5372 sponse,
3304 5321 3413 5372 pra:
3447 5303 3546 5356 tuis
3575 5308 3723 5365 opert-

2218 5316 2296 5353 ute
2339 5315 2519 5353 nostra
2541 5315 2829 5368 inﬁrmitas
2867 5315 2966 5365 est,
3004 5320 3033 5357 ο
3066 5320 3271 5372 sponse,
3304 5321 3413 5372 pra:
3447 5315 3546 5356 tuis
3575 5315 3722 5365 opm-

2181 5315 2283 5449 Zus
2313 5371 2483 5449 magis
2509 5370 2796 5449 diligamus
2821 5373 3180 5449 viuumgcum
3223 5375 3426 5449 meliori
3456 5373 3722 5449 frugej'nltj

2183 5441 2288 5514 tati
2311 5435 2587 5514 fuerimus,
2612 5435 2722 5514 pra:
2740 5444 2854 5496 uino
2870 5444 2967 5498 illa
2993 5435 3295 5514 diligemus.
3330 5435 3512 5498 Vinum
3537 5435 3720 5509 quidem

2178 5511 2459 5586 lwtiﬁcans
2506 5511 2950 5586 adolescentulus,
2992 5511 3245 5586 mandata
3278 5515 3469 5586 legalia
3506 5518 3722 5586 αο-εςετς-

2182 5572 2372 5661 monia:
2402 5592 2523 5661 sunt
2543 5584 2848 5661 ;_per_fectio
2874 5572 3058 5661 autem
3099 5585 3299 5661 Christi
3328 5572 3509 5661 ‘uberg.
3547 5572 3718 5661 Deinde

2184 5652 2320 5705 velut
2344 5647 2724 5775 satisfaciendo
2744 5656 2882 5725 quod
2912 5672 3013 5709 non
3034 5672 3148 5710 eam
3177 5657 3388 5728 diligat,
3408 5676 3426 5711 ι
3448 5647 3717 5724 RectitudQ.

2188 5723 2375 5775 innuit.
2405 5725 2459 5775 di
2485 5724 2590 5775 exit
2619 5736 2699 5775 te:
2741 5745 2759 5775 ι
2795 5744 2886 5775 nos
2921 5739 3096 5775 autem
3147 5728 3370 5775 necdum
3416 5733 3573 5775 rectas
3607 5717 3717 5775 fect-

2188 5723 2385 5803 inquit,
2405 5713 2590 5778 dilexit
2619 5736 2699 5787 te;
2741 5713 2768 5779 ι’
2794 5744 2886 5783 nos
2921 5739 3096 5784 autem
3147 5713 3387 5784 necdum
3416 5733 3573 5782 rectas
3606 5713 3719 5788 [είέο

2190 5810 2304 5848 mus
2337 5809 2448 5849 vtas
2482 5806 2712 5852 nostras.
