3872 6522
157 359 233 419 l3!

1402 356 1603 417 LIBER
1642 360 2028 424 SECUNDUS.

206 473 332 530 γεγε.
360 472 410 527 4.
440 471 688 544 Equites
710 472 900 529 dilexit
934 483 1003 530 te.
1036 473 1212 531 Etiam
1255 478 1359 534 hoc
1402 480 1536 536 mihi
1581 481 1664 537 vi-
1692 489 1740 546 Α
1768 485 1926 557 longe
1954 486 2127 542 simus
2158 499 2187 539 a
2216 484 2504 541 dilectione
2530 484 2758 553 Christi,
2792 496 2847 542 ct
2880 497 3087 544 tantum
3118 494 3345 551 manda-

150 570 306 625 dentur
328 563 735 621 adulescentula:
766 566 1041 637 proloqui,
1076 567 1226 623 velut
1261 569 1666 628 satisfacientes

147 675 223 733 pro
244 675 300 716 eo
321 659 455 729 quod
484 659 776 715 dilecturas
809 674 973 729 super
994 661 1183 715 vinum
1217 677 1278 720 se
1298 665 1668 733 promiserunt

146 755 277 809 ubera
311 751 508 823 sponsi,
543 762 599 808 et
629 768 736 809 non
760 752 873 824 jam
910 753 965 807 in
996 756 1249 823 presenti
1285 755 1532 828 diligant,
1567 774 1666 815 ne-

140 862 222 917 que
258 847 502 915 integram
550 846 987 902 vimcharitatis
1027 849 1340 905 ostendant.
1388 848 1484 905 Est
1533 866 1663 922 ergo

140 957 218 997 vox
239 939 328 995 ista
361 938 503 994 velut
532 938 904 995 incusantium
941 941 1266 1011 scmctipsas
1301 960 1314 997 :
1354 943 1512 1013 quasi
1538 960 1660 1015 quae

136 1034 333 1089 nondum
354 1033 559 1103 ahjecta
583 1034 734 1089 omni
755 1034 1038 1105 iniquitate
1051 1036 1395 1105 pervenerint
1414 1037 1481 1092 ad
1498 1038 1662 1109 tequi-

135 1136 284 1193 tatcm,
310 1134 367 1181 ut
411 1126 624 1196 possint
660 1126 776 1197 jam
813 1128 1035 1199 diligere
1068 1142 1235 1197 super
1273 1128 1461 1183 vinum
1494 1130 1660 1186 ubera

132 1220 300 1290 sponsi,
320 1218 550 1274 scientes
580 1219 972 1275 inconveniens
1000 1235 1141 1287 esse,
1177 1230 1235 1276 ut
1255 1221 1457 1293 aliquid
1483 1221 1661 1279 adhuc

131 1310 320 1366 resideat
352 1311 654 1380 iniquitatis
690 1311 747 1367 in
786 1327 852 1367 eo
878 1311 972 1383 qui
1009 1312 1074 1367 ad
1110 1311 1504 1383 perfectionem
1548 1315 1660 1384 spi-

128 1407 568 1477 ritaliselmystica!
649 1402 915 1459 doctrinae
967 1404 1291 1474 pervenerit.
1344 1405 1484 1472 Quia
1527 1420 1658 1477 ergo

129 1508 300 1550 summa
333 1494 685 1564 perfectionis
714 1497 769 1551 in
800 1497 1068 1553 charitate
1100 1498 1373 1564 consistit,
1414 1499 1656 1557 charitas

128 1598 267 1642 autem
308 1587 436 1642 nihil
490 1588 803 1660 iniquitatis
851 1590 1108 1655 admittit,
1150 1586 1241 1646 ubi
1287 1606 1468 1646 autem
1519 1591 1654 1646 nihil

127 1679 377 1751 iniquitatis
418 1690 522 1746 est,
563 1682 640 1737 ibi
683 1682 803 1739 sine
844 1682 1012 1739 dubio
1055 1690 1139 1738 est
1178 1682 1423 1752 aequitas,
1459 1683 1652 1737 merito

125 1788 222 1841 ergo
238 1774 448 1843 aequitas
489 1788 618 1829 esse
646 1774 865 1842 dicitur,
906 1791 1029 1845 qua:
1058 1775 1231 1845 diligit
1260 1790 1545 1845 sponsum.
1584 1772 1650 1828 Et

125 1861 214 1918 vide
239 1864 402 1918 sinon
431 1865 502 1919 ob
532 1865 641 1921 hoc
672 1866 834 1921 etiam
868 1866 1083 1921 videtur
1113 1867 1244 1921 illud
1271 1867 1326 1921 in
1358 1864 1651 1936 Evangelia

124 1954 408 2012 aSalvatore
448 1957 662 2017 dictum
703 1976 718 2013 :
751 1957 810 2014 Si
839 1959 1067 2030 diligitis
1100 1976 1199 2027 me,
1242 1958 1497 2012 mandata
1535 1974 1649 2012 mea

122 2058 279 2103 temte
299 2048 359 2103 ³⁸.
385 2048 443 2103 Si
468 2065 606 2121 ergo
630 2051 723 2121 qui
749 2051 924 2123 diligit
945 2051 1222 2107 Christum
1250 2050 1503 2105 mandata
1529 2048 1649 2120 ejus

123 2142 325 2210 custodit,
345 2144 489 2197 nulla
516 2151 605 2199 est
634 2144 690 2198 in
719 2159 785 2200 eo
814 2145 1094 2216 iniquitas,
1114 2144 1207 2199 sed
1238 2144 1469 2215 aequitas
1508 2143 1561 2197 in
1584 2158 1650 2198 co

120 2243 371 2303 permanet;
405 2235 645 2305 aequitas
673 2251 804 2307 ergo
836 2248 939 2302 est,
971 2251 1093 2307 qua:
1117 2236 1371 2292 mandata
1408 2237 1528 2308 ejus
1553 2252 1649 2292 cu-

121 2328 247 2381 studit
284 2337 333 2382 et
371 2328 548 2400 diligit
591 2328 894 2385 Christum.
943 2329 1010 2386 Et
1041 2345 1261 2385 rursum
1300 2349 1314 2385 :
1357 2329 1414 2385 Si
1461 2331 1509 2387 is
1555 2331 1649 2401 qui

121 2420 322 2476 mandata
350 2423 614 2490 custodit,
665 2423 779 2495 ipse
818 2423 994 2496 diligit
1038 2425 1338 2492 Christum,
1388 2425 1647 2481 mandata

120 2524 258 2570 autem
292 2516 343 2571 in
384 2519 649 2589 equitate
695 2529 1000 2585 servantur,
1033 2528 1088 2573 ct
1127 2519 1355 2589 :equitas
1393 2530 1475 2573 est
1524 2534 1647 2589 qua:

121 2606 250 2679 diligit
272 2608 587 2679 Christum;
622 2610 717 2681 qui
753 2611 1000 2682 iniquum
1029 2611 1235 2682 aliquid
1275 2611 1433 2680 gerit,
1469 2626 1645 2681 neque

120 2705 321 2761 mandata
373 2708 656 2773 custodit,
716 2725 892 2780 neque
942 2709 1115 2781 diligit
1170 2709 1472 2765 Christum.
1528 2708 1646 2764 Erit

119 2807 215 2861 ergo
248 2805 304 2850 ut
338 2806 606 2868 quantum
653 2799 954 2870 iniquitatis
1001 2801 1055 2855 in
1087 2799 1244 2857 nobis
1286 2809 1394 2869 est,
1431 2808 1645 2856 tantum

1770 584 1944 632 torum
1971 575 2088 647 ejus
2114 576 2486 647 praevaricatio
2510 577 2774 633 habeatur
2802 578 2858 633 in
2894 579 3074 636 nobis.
3113 580 3179 636 Et
3218 583 3343 642 ideo

1766 666 2008 738 regulam
2039 667 2332 737 quamdam
2360 665 2622 721 directam
2653 680 2923 736 ponamus
2956 684 3083 724 esse
3112 673 3342 741 aequita-

1767 768 1898 825 tem,
1924 767 1987 814 ut
2011 758 2056 814 si
2095 758 2224 829 quid
2255 759 2309 812 in
2340 758 2498 813 nobis
2531 758 2836 828 iniquitatis
2865 768 2969 827 est,
3004 760 3150 814 hanc
3188 761 3346 816 adhi-

1764 849 1954 904 bentes
1986 857 2039 903 et
2084 848 2515 917 superduccntes
2560 849 2909 906 directoriam
2958 851 3342 905 mandatorum

1766 939 1883 1003 Dci,
1911 939 1956 993 si
1984 938 2113 1007 quid
2137 939 2191 993 in
2219 938 2376 994 nobis
2397 953 2645 1006 curvum,
2670 939 2717 995 si
2744 939 2875 1008 quid
2906 947 3211 994 tortuosum
3235 950 3343 1010 est,

1765 1034 1834 1088 ab
1860 1033 2024 1103 hujus
2059 1032 2261 1103 regulae
2286 1032 2428 1086 linea
2453 1042 2747 1096 resecetur,
2782 1040 2842 1086 ut
2866 1032 3039 1101 possit
3074 1032 3218 1087 etde
3246 1048 3345 1087 no-

1762 1123 1847 1179 bis
1872 1122 2286 1193 dicinqnitas
2316 1121 2507 1175 dilexit
2537 1130 2605 1176 te.
2636 1121 2936 1177 Possumus
2961 1130 3140 1177 autem
3174 1122 3338 1176 etiam

1762 1216 1843 1272 sic
1877 1217 2123 1286 accipere
2170 1224 2229 1270 ut
2262 1213 2508 1268 videatur
2555 1213 2733 1268 simile
2782 1227 2907 1269 esse
2946 1214 3091 1283 quod
3136 1213 3273 1267 dixit
3320 1229 3337 1267 :

1761 1308 2015 1380 dignitas
2043 1307 2228 1361 dilexit
2261 1315 2346 1369 te;
2376 1319 2440 1359 ac
2468 1305 2516 1361 si
2559 1305 2787 1361 dixisset
2836 1322 2850 1359 :
2890 1303 3111 1359 Justitia
3152 1305 3339 1359 dilexit

1762 1413 1834 1464 te,
1873 1410 1928 1455 et
1956 1401 2182 1464 veritas,
2215 1408 2265 1453 et
2296 1396 2582 1466 sapientia,
2616 1407 2670 1453 et
2700 1398 2983 1467 pudicitia,
3019 1409 3074 1453 et
3109 1398 3338 1467 singulae

1761 1508 1990 1565 qumque
2022 1492 2271 1547 virtutes.
2303 1490 2414 1546 Nec
2446 1491 2661 1545 mireris
2693 1504 2845 1557 sane,
2873 1490 2922 1546 si
2954 1489 3187 1545 dicimus
3228 1490 3339 1545 vir-

1763 1593 1907 1640 tutes
1931 1599 2052 1639 esse
2080 1598 2203 1652 quae
2223 1582 2457 1653 diligunt
2478 1582 2781 1644 Christum,
2808 1596 2933 1637 cum
2958 1582 3013 1636 in
3043 1581 3166 1637 aliis
3195 1580 3337 1652 ipsa-

1762 1690 1886 1731 rum
1917 1676 2179 1729 virtutum
2216 1674 2579 1729 substantiam
2618 1673 2897 1729 Christum
2931 1674 3208 1729 soleamus
3237 1689 3334 1728 ac-

1763 1768 1965 1838 cipere.
2001 1766 2157 1833 Quod
2205 1775 2261 1821 et
2309 1766 2625 1836 frequenter
2655 1767 2900 1822 invenies
2933 1767 3011 1822 in.
3035 1765 3332 1836 Scripturis

1683 1844 1726 1903 Β
1753 1857 1953 1930 divinis
1987 1873 2086 1927 pro
2124 1857 2260 1913 locis
2301 1868 2357 1912 et
2389 1857 2889 1927 opportunitatibus
2934 1857 3132 1927 aptari.
3172 1856 3330 1912 luve-

1752 1952 1936 2005 nimus
1971 1966 2207 2021 namque
2250 1951 2425 2020 ipsum
2460 1962 2516 2006 et
2550 1952 2820 2020 justitiam
2860 1950 2990 2015 dici,
3018 1959 3074 2004 ct
3111 1965 3326 2019 pacem,

1751 2052 1805 2098 ct
1836 2043 2141 2099 veritatem.
2178 2041 2242 2096 Et
2278 2058 2496 2099 rursum
2533 2044 2795 2112 scriptum
2838 2050 2922 2097 est
2962 2040 3016 2095 in
3042 2040 3277 2096 Psalmis
3310 2057 3326 2095 :

1749 2133 1974 2188 Iustitia
2002 2143 2054 2189 et
2082 2150 2189 2204 pax
2220 2134 2473 2188 osculata:
2506 2140 2661 2197 sunt;
2690 2142 2746 2187 et
2775 2151 2788 2187 :
2837 2131 3038 2187 Veritas
3082 2132 3146 2185 de
3177 2142 3322 2186 terra

1751 2234 1869 2281 orta
1903 2236 2010 2291 est,
2050 2235 2100 2280 et
2123 2226 2339 2296 justitia
2359 2226 2424 2280 de
2451 2224 2578 2280 cwlo
2608 2226 2875 2294 prospexit
2897 2223 3109 2290 ,’°.Quaa
3142 2224 3330 2293 utique

1752 2319 1938 2376 omnia
1964 2320 2078 2389 ipse
2105 2334 2247 2387 esse,
2276 2327 2330 2374 et
2358 2332 2577 2373 rursum
2609 2318 2786 2387 ipsum
2822 2317 3083 2373 dicuntur
3114 2316 3327 2387 ampleo

1751 2412 1850 2470 eti.
1879 2409 1986 2466 Sed
2008 2424 2063 2466 ct
2086 2426 2325 2481 sponsus
2346 2410 2489 2465 idem
2515 2408 2738 2476 dicitur,
2764 2409 2905 2464 idem
2937 2408 3099 2464 etiam
3123 2422 3324 2476 sponsa

1753 2505 2090 2566 nominatur,
2135 2510 2195 2555 ut
2243 2502 2296 2555 in
2342 2502 2624 2573 prephetia
2674 2501 2934 2571 scriptum
2984 2507 3069 2555 est
3111 2517 3126 2556 :
3174 2497 3325 2554 Sicut

1749 2608 1940 2663 sponso
1988 2591 2235 2660 imposuit
2278 2591 2407 2645 mihi
2437 2592 2675 2660 mitram,
2705 2600 2753 2646 et
2785 2591 2919 2644 sicut
2952 2605 3196 2668 sponsum
3236 2606 3325 2644 or-

1751 2686 1890 2741 navit
1920 2699 2001 2738 me
2031 2693 2339 2739 ornamento
2358 2683 2427 2739 ⁸⁸.

1156 3182 1514 3273 LIBER
1588 3182 2249 3275 SECUNDUS.

172 3522 293 3582 Vers.
317 3527 368 3582 5.
419 3526 602 3583 Fusca
651 3544 767 3584 sunt
810 3538 860 3583 et
902 3529 1159 3599 formosa,
1209 3529 1337 3599 ﬁlia:
1382 3526 1644 3583 Hierusa-
1670 3535 1712 3593 C
1747 3528 2027 3593 dicuntur,
2066 3527 2299 3583 inimica:
2324 3536 2506 3583 autem
2532 3538 2753 3599 propter
2788 3529 3158 3601 Evangelium.
3192 3530 3321 3587 Isim

121 3611 210 3680 lem,
236 3627 283 3671 ut
319 3620 661 3676 tabernacula
701 3619 890 3688 Cedar,
925 3632 982 3674 ut
1030 3620 1191 3690 pelles
1230 3620 1552 3676 Salomonis.
1585 3621 1639 3676 In

121 3707 209 3763 aliis
233 3714 628 3783 exemplaribus
660 3714 924 3785 legimus:
956 3711 1131 3783 Nigra
1162 3730 1278 3769 sum
1305 3724 1353 3768 et
1380 3719 1637 3785 formosa.

122 3796 282 3859 Rursus
306 3804 355 3859 in
388 3805 493 3861 hoc
531 3821 765 3876 persona
791 3820 1003 3876 sponsae
1035 3804 1309 3876 loquentis
1345 3805 1645 3862 introduci-

122 3901 220 3947 tur:
248 3895 500 3967 loquentis
540 3907 720 3952 autem
752 3912 860 3951 non
903 3897 971 3952 ad
1017 3897 1137 3952 illas
1188 3897 1639 3965 adulescentulas,

122 3999 209 4054 qua
230 4002 335 4042 cum
365 3989 479 4059 ipsa
517 4004 744 4044 currere
773 3988 970 4057 solent,
998 3987 1094 4043 sed
1119 3988 1186 4043 ad
1224 3989 1362 4044 tilias
1389 3987 1643 4045 Hierusa-

123 4076 215 4144 lem,
234 4081 409 4149 quibus
440 4093 712 4151 tanquam
736 4080 822 4136 his
845 4094 968 4151 quae
996 4079 1377 4151 derogaverint
1411 4080 1642 4137 foeditali

122 4166 224 4237 ejus,
256 4176 578 4243 respondere
613 4173 845 4238 videtur,
874 4180 929 4227 et
947 4172 1128 4228 dicere
1164 4191 1178 4227 :
1220 4172 1393 4227 Fusca
1420 4173 1642 4243 quidem

124 4275 229 4328 sum,
266 4266 337 4320 vel
365 4267 526 4338 nigra
555 4275 822 4336 quantum
869 4263 936 4319 ad
970 4265 1209 4321 colorem
1261 4274 1487 4336 spectat,
1520 4266 1643 4321 lilia:

124 4352 436 4428 Hierusalem;
478 4360 728 4414 formosa
783 4374 930 4423 vero,
965 4360 1009 4416 si
1057 4358 1183 4429 quis
1216 4358 1426 4413 interna
1472 4373 1645 4414 mem-

126 4445 296 4503 brorum
316 4450 644 4505 lineamenta
669 4449 983 4519 perspiciat.
1013 4446 1149 4501 Nam
1182 4455 1234 4503 et
1263 4446 1640 4512 tabernacula,

127 4534 273 4606 inquit,
298 4539 484 4606 Cedar,
535 4554 656 4609 qua:
684 4547 768 4593 est
799 4554 930 4606 gens
969 4553 1186 4609 magna,
1217 4536 1370 4607 nigra
1408 4546 1555 4602 sunt,
1589 4548 1643 4590 et

128 4625 211 4695 ipsa
245 4629 341 4703 46
371 4648 504 4703 gens
550 4630 730 4686 Cedar
772 4631 989 4702 nigredo
1024 4631 1105 4685 vel
1146 4630 1442 4685 obscuritas
1477 4628 1646 4683 inter-

128 4729 331 4787 pretatur.
360 4724 463 4781 Sed
501 4737 559 4779 ct
601 4724 771 4795 pelles
811 4722 1123 4779 Salomonis
1155 4724 1323 4793 nigrae
1368 4729 1518 4787 sunt,
1545 4735 1645 4777 nec

128 4819 262 4869 tamen
292 4817 354 4871 ob
382 4818 483 4873 hoc
510 4826 666 4873 tanto
698 4817 808 4888 regi
838 4817 890 4871 in
915 4817 1065 4871 omni
1097 4815 1268 4886 gloria
1295 4831 1393 4870 sua
1422 4814 1643 4884 pellium

1745 3630 1873 3674 sunt
1907 3621 2028 3675 lilia:
2062 3618 2399 3675 Hierusalem
2432 3622 2670 3677 civitatis
2708 3630 2953 3686 terrenae,
2982 3632 3104 3694 qute
3136 3625 3321 3679 viden.

1743 3719 1826 3766 tes
1855 3709 2152 3765 Ecclesium
2187 3726 2251 3765 ex
2286 3714 2562 3782 gentibus,
2589 3714 2840 3783 quamvis
2880 3729 2979 3783 pro
3010 3730 3078 3769 eo
3106 3715 3320 3787 ignobi-

1744 3802 1870 3868 lem,
1907 3802 2051 3871 quod
2087 3804 2507 3872 generositatem
2540 3804 2641 3859 sibi
2670 3804 2967 3873 Abraham,
2990 3814 3044 3859 et
3074 3803 3246 3872 Isaac,
3267 3813 3322 3860 ct

1742 3891 1911 3948 Jacob
1960 3909 2070 3948 non
2116 3894 2290 3963 possit
2332 3896 2627 3963 ascribere,
2677 3896 3084 3951 obliviscentem
3136 3905 3316 3951 tamen

1744 3988 2006 4056 p0pulum
2029 4003 2190 4043 suum
2218 3996 2272 4044 et
2293 3987 2515 4043 domum
2544 3988 2715 4058 patris
2748 3988 2856 4053 sui,
2876 4004 3047 4059 usque
3068 3990 3133 4042 ad
3161 3987 3321 4043 Chri-

1746 4084 1891 4131 stum
1926 4078 2253 4141 venientem,
2290 4088 2555 4149 spernunt
2580 4094 2720 4143 eam,
2753 4089 2807 4134 et
2836 4095 2933 4149 pro
2975 4079 3316 4147 ignobilitate

1745 4171 1960 4241 generis
1988 4171 2276 4227 oﬂ‘uscant.
2304 4171 2459 4238 Quod
2483 4188 2682 4241 sponsa
2734 4173 2973 4227 sentiens
3006 4172 3146 4225 tilias
3172 4172 3322 4240 prio-

1744 4262 1823 4317 ris
1869 4263 2050 4332 populi
2102 4263 2369 4333 imputare
2402 4263 2529 4329 sibi,
2559 4272 2613 4319 et
2652 4279 2748 4333 pro
2779 4263 2882 4318 hoc
2911 4264 3072 4317 etiam
3110 4262 3320 4333 nigram

1745 4368 1805 4409 se
1853 4352 2135 4424 appellari,
2181 4354 2339 4423 quasi
2388 4369 2513 4424 qua
2556 4362 2795 4425 paternae
2842 4351 3163 4407 eruditionis
3210 4365 3322 4405 non

1745 4447 1943 4503 habeat
1971 4446 2295 4510 claritatem,
2331 4445 2674 4516 respondens
2696 4444 2764 4499 ad
2794 4444 2928 4509 haec,
2963 4443 3132 4498 dicit:
3159 4441 3326 4513 Nigra

1746 4555 1869 4596 sum
1904 4540 2148 4612 quidem,
2189 4555 2223 4595 ο
2260 4540 2382 4595 ﬁliae
2416 4538 2776 4602 Hierusalem,
2811 4552 2911 4608 pro
2939 4552 3005 4592 eo
3035 4538 3177 4606 quod
3214 4549 3324 4589 non

1746 4631 2018 4686 descendo
2050 4631 2117 4685 de
2144 4632 2313 4701 stirpe
2356 4631 2629 4685 clarorum
2672 4627 2943 4692 virorum,
2986 4640 3162 4695 neque
3197 4625 3324 4678 illu-

1748 4721 2106 4776 minutionem
2146 4720 2321 4791 Moysi
2360 4720 2494 4792 legis
2534 4718 2742 4788 accepi,
2775 4717 2950 4772 habeo
2979 4724 3162 4770 tamen
3203 4712 3328 4784 pul-

1749 4812 2117 4869 chritudinem
2168 4826 2344 4866 meam
2386 4825 2622 4865 mecum.
2658 4807 2794 4863 Nam
2840 4816 2895 4863 et
2946 4808 3000 4861 in
3056 4820 3145 4860 me
3192 4803 3326 4859 illud

127 4904 213 4959 iis:
237 4917 308 4963 est
349 4908 604 4966 indecora
638 4910 884 4980 nigredo.
921 4908 1038 4963 Non
1070 4923 1202 4980 ergo
1248 4906 1404 4973 mihi,
1440 4920 1474 4960 ο
1520 4906 1644 4962 tiliae
1675 4897 1721 4952 D
1749 4906 1987 4978 primum
2021 4913 2123 4969 est,
2157 4903 2301 4974 quod
2333 4902 2400 4957 ad
2430 4902 2721 4973 imaginem
2751 4898 2846 4954 Dei
2883 4898 2939 4952 in
2985 4910 3073 4952 me
3119 4893 3327 4948 factum

132 4993 426 5066 Hierusalem,
455 5003 799 5074 exprobretis
843 5001 1057 5071 culpam
1110 4999 1335 5063 coloris,
1364 5013 1489 5053 cum
1531 4998 1645 5054 sive

130 5093 357 5161 naturalis,
376 5095 489 5152 sive
508 5094 773 5151 exercitio
796 5094 1023 5164 quaesita
1053 5091 1269 5162 corpori
1296 5089 1646 5161 pulchritudo

132 5195 210 5236 non
235 5183 375 5241 desit.
405 5185 531 5243 Haec
562 5188 805 5242 continet
828 5185 1145 5241 historicum
1187 5184 1399 5250 drama,
1430 5191 1486 5238 et
1517 5195 1645 5254 pro-

132 5276 276 5341 positae
315 5278 505 5336 fabula:
532 5280 764 5351 species.
795 5277 904 5334 Sed
943 5279 1233 5334 redeamus
1280 5275 1348 5332 ad
1393 5275 1643 5332 ordinem

133 5369 385 5437 mysticum.
414 5370 540 5429 Haec
566 5386 767 5443 sponsa
794 5386 917 5443 quae
951 5371 1214 5441 loquitur,
1248 5367 1506 5424 Ecclesia“:
1529 5383 1647 5439 per-

132 5470 278 5515 sonam
313 5472 454 5520 tenet
495 5480 562 5520 ex
608 5464 861 5536 gentibus
907 5469 1263 5534 congregatas.
1315 5458 1466 5514 Filia:
1516 5472 1645 5514 vero

133 5545 434 5623 Hierusalem,
464 5556 531 5613 ad
563 5571 705 5627 quas
734 5555 783 5610 ei
813 5568 997 5610 sermo
1029 5561 1132 5618 est,
1164 5551 1271 5606 illae
1296 5550 1423 5605 sunt
1449 5549 1646 5604 animas

134 5657 222 5711 (1υὲ
245 5658 445 5719 propter
472 5650 789 5707 eiectionem
814 5656 1031 5717 patrum
1059 5644 1397 5700 charissima:
1422 5642 1643 5713 quidem

184 5821 219 5855 ⁸⁸
241 5823 382 5882 loan.
416 5844 521 5894 xiv,
554 5827 643 5882 l5.
719 5825 762 5862 ”
792 5823 935 5884 Psal.
968 5839 1087 5893 vm,
1119 5823 1204 5892 l0,
1238 5822 1323 5878 ll.

1748 5005 1834 5052 est
1860 5014 1874 5062 ;
1906 5010 2052 5050 nunc
2072 4995 2338 5050 accedens
2365 4994 2433 5049 ad
2460 4991 2693 5048 Verbum
2724 4991 2843 5058 Dei,
2874 4987 3053 5057 recepi
3087 4987 3325 5057 speciem

1747 5103 1947 5143 meam.
1976 5086 2236 5153 Quamvis
2273 5086 2418 5141 enim
2451 5100 2550 5156 pro
2577 5084 2777 5140 coloris
2802 5080 3139 5138 obscuritate
3163 5092 3317 5134 com-

1747 5179 1952 5251 paretis
1982 5194 2068 5233 me
2109 5177 2479 5234 tabernaculis
2513 5175 2688 5232 Cedar
2720 5184 2775 5230 et
2804 5172 3039 5243 pellibus
3074 5170 3326 5226 Salomo-

1749 5271 1857 5339 nis,
1888 5280 2069 5325 tamen
2099 5278 2153 5325 et
2177 5269 2352 5325 Cedar
2376 5283 2443 5324 ex
2492 5267 2717 5323 Ismaelc
2742 5262 3043 5319 descendit.
3075 5260 3327 5317 Secundo

1750 5376 1988 5433 namque
2021 5362 2141 5417 loco
2169 5377 2236 5417 ex
2259 5356 2493 5416 'lsmaele
2516 5366 2677 5414 natus
2706 5365 2809 5426 est,
2838 5356 2934 5427 qui
2972 5353 3173 5411 Ismael
3215 5367 3325 5408 non

1752 5455 1855 5511 fuit
1886 5469 2085 5523 expers
2137 5455 2336 5509 divinae
2380 5449 2794 5509 benedictionis.
2846 5447 2952 5505 Sed
2998 5456 3053 5503 et
3095 5445 3328 5517 pellibus

1754 5545 2065 5603 Salomonis
2088 5546 2417 5617 comparatis
2448 5558 2556 5608 me,
2583 5556 2706 5613 quae
2731 5555 2840 5597 non
2862 5541 2982 5595 alia:
3010 5548 3327 5609 suntquam

1752 5642 1919 5713 pelles
1954 5638 2291 5698 tabernaculi
2324 5637 2441 5707 Dei,
2474 5646 2529 5696 et
2573 5646 2759 5694 tamen
2789 5634 2963 5693 miror
2988 5647 3113 5701 vos,
3138 5646 3173 5689 o
3204 5630 3331 5689 lilizu

1401 5820 1447 5855 ‘°
1468 5819 1571 5876 lsa.
1605 5834 1716 5890 ut,
1760 5817 1846 5874 10.
