3872 6520
528 331 632 389 I05

1602 320 1924 383 ORIGENIS
1962 316 2030 380 IN
2062 312 2417 381 CANTICUM
2453 306 2729 377 CANTIC.

3636 320 3724 378 illi

528 444 888 510 Hierusalem,
922 438 1055 500 mihi
1085 443 1287 499 coloris
1326 441 1463 498 velle
1490 443 1822 513 exprobrare
1856 440 2095 514 nigredi-
2127 446 2173 502 Α
2204 437 2489 501 Nunquam
2530 434 2664 490 talia
2701 437 2946 489 venerant
2985 424 3348 496 odoramenta.
3391 446 3479 488 nec
3515 432 3566 488 in
3604 444 3729 491 tanta

529 552 674 594 nem.
702 536 989 604 Quomodo
1023 551 1129 593 non
1165 534 1496 591 meministis
1527 534 1676 606 quod
1715 534 1769 590 in
1802 535 1919 607 lege
1958 535 2098 590 scri-

529 644 682 703 ptum
734 640 836 697 est,
891 629 1024 701 quid
1076 644 1235 701 passa
1293 629 1366 685 sit
1414 627 1605 693 Maria,
1652 645 1773 701 qua:
1822 629 2102 701 derogavit

531 722 702 796 Moysi
753 738 878 779 cum
929 722 1323 793 Ethiopissam
1374 721 1589 792 nigram
1637 722 1937 793 accepisset
1964 737 2103 779 uxo-

533 832 648 871 rt-m
699 816 764 870 δι.
796 814 1082 881 Quomodo
1131 813 1394 885 ignoratis
1445 814 1591 870 illius
1624 814 1879 886 imaginis
1909 817 2102 870 adum-

528 908 831 964 brationem
867 908 921 962 in
960 922 1045 962 me
1079 922 1223 962 nunc
1254 907 1480 962 veritate
1506 907 1763 979 compleri
1785 908 1810 962 ?
1832 907 1946 980 Ego
1977 925 2099 965 sum

530 1000 619 1055 illa
653 997 1010 1069 tEtbiopissa,
1034 1012 1135 1069 ego
1165 1012 1287 1054 sum
1326 997 1482 1070 nigra
1514 998 1732 1068 quidem
1758 1014 1857 1069 pro
1887 999 2100 1071 ignobi-

530 1093 682 1147 litate
712 1091 946 1163 generis,
983 1090 1225 1147 formosa
1255 1105 1384 1146 vero
1409 1101 1629 1162 propter
1651 1092 2024 1162 paenitentiam
2047 1099 2104 1149 et

535 1188 719 1244 ﬁdem.
755 1185 979 1257 Suscepi
1014 1185 1158 1240 enim
1188 1184 1241 1238 in
1273 1199 1361 1238 me
1394 1183 1591 1239 Filium
1619 1183 1736 1251 Dei,
1771 1184 1947 1254 recepi
1969 1183 2104 1240 Ver-

528 1281 658 1336 bum
685 1294 904 1335 carnem
939 1277 1162 1333 factum.
1187 1277 1406 1332 Accessi
1438 1277 1504 1331 ad
1532 1292 1655 1332 eum
1687 1276 1781 1347 qui
1807 1286 1894 1332 est
1921 1276 2102 1349 imago

533 1371 649 1435 Dei,
673 1370 1069 1443 primogenitae
1095 1368 1275 1423 omnis
1297 1378 1578 1431 creaturae,
1608 1378 1662 1424 et
1693 1370 1782 1438 qui
1809 1380 1893 1425 est
1915 1370 2101 1440 splen-

531 1464 633 1520 dor
661 1463 847 1532 gloriae
884 1470 938 1515 et
973 1459 1152 1531 fulgor
1191 1459 1508 1514 substantia:
1544 1459 1687 1530 ejus,
1720 1467 1775 1515 et
1806 1457 1946 1515 facta
1979 1475 2100 1516 sum

533 1554 795 1612 formosa.
831 1554 912 1609 Tu
963 1568 1095 1624 ergo
1143 1554 1272 1624 quid
1304 1540 1640 1625 improperas
1669 1554 2003 1610 convertenti
2042 1568 2103 1610 se

532 1662 562 1703 a
595 1654 840 1718 peccato,
871 1645 1016 1716 quod
1048 1647 1236 1716 utique
1260 1646 1349 1701 lex
1374 1645 1493 1700 ﬁeri
1519 1647 1699 1701 vetat?
1730 1646 1797 1702 Et
1824 1647 2101 1719 quomodo

533 1745 590 1793 tu
625 1738 874 1810 gloriaris
900 1739 954 1794 in
978 1739 1095 1808 lege
1121 1742 1485 1809 praevaricaas
1515 1739 1720 1811 legem?
1742 1738 1944 1795 Verum
1970 1753 2103 1810 quo.

2201 530 2541 586 multitudine
2568 543 2686 601 qum
2712 526 2856 582 dedit
2883 525 3066 598 regina
3090 523 3232 580 Saba
3267 525 3374 595 regi
3408 523 3730 585 Salomoni“.

2271 621 2423 679 Hanc
2453 628 2637 679 autem
2682 618 2971 676 historiam
3006 617 3168 689 paulo
3211 617 3372 674 latins
3398 628 3628 689 repetere
3653 634 3735 676 vo-

2202 715 2426 781 luimus,
2449 723 2503 770 et
2532 714 2773 769 inserere
2797 709 2925 765 huic
2942 708 3272 780 expositioni
3298 716 3512 772 nostra,
3533 709 3735 767 scientes

2202 808 2256 863 in
2307 815 2517 862 tantum
2569 800 2861 860 convenire
2905 800 3023 856 haec
3076 799 3145 856 ad
3194 813 3475 869 personam
3518 797 3738 854 Ecclesia!

2201 914 2324 971 quas
2352 914 2420 955 ex
2460 896 2711 970 gentibus
2738 895 2888 952 venit
2912 893 2979 950 ad
3015 893 3319 959 Christum,
3352 899 3412 946 ut
3439 890 3547 961 ipse
3582 891 3738 947 Dom'-

2208 1008 2313 1049 nus
2369 991 2427 1047 in
2482 988 2793 1060 Evangeliis
2853 985 3055 1057 reginae
3082 985 3247 1056 hujus
3294 982 3493 1039 faceret
3535 984 3737 1038 mentio.

2202 1100 2348 1150 nem,
2376 1083 2564 1139 dicens
2600 1096 2721 1135 eam
2757 1079 2971 1136 venisse
3006 1092 3038 1132 a
3086 1076 3283 1132 ﬁnibus
3312 1083 3488 1139 terrae,
3518 1082 3576 1129 ut
3600 1074 3735 1129 andi-

2202 1186 2286 1232 ret
2313 1174 2634 1246 sapientiam
2667 1171 2978 1227 Salomonis
3001 1168 3070 1226 “.
3101 1166 3287 1224 Austri
3323 1176 3499 1222 autem
3529 1167 3739 1237 reginam

2203 1268 2334 1325 dicit
2363 1282 2503 1333 eam,
2533 1281 2631 1337 pro
2650 1280 2717 1321 eo
2749 1261 2896 1334 quod
2927 1260 3206 1330 {Ethiopia
3240 1263 3294 1315 in
3314 1259 3496 1315 Austri
3517 1258 3733 1330 partibus

2198 1360 2395 1430 jaceat,
2411 1367 2466 1414 et
2488 1373 2522 1413 a
2542 1357 2740 1412 ﬁnibus
2767 1364 2923 1411 terrae
2943 1354 3101 1426 quasi
3126 1355 3179 1409 in
3199 1354 3389 1408 ultimo
3404 1352 3591 1423 posita.
3607 1353 3733 1405 lave-

2203 1449 2384 1505 nimus
2409 1457 2590 1503 autem
2614 1446 2779 1517 hujus
2803 1445 2978 1516 ipsius
3002 1444 3202 1515 regina:
3217 1445 3380 1499 etiam
3404 1442 3679 1514 Josephum
3697 1444 3740 1498 in

2206 1539 2445 1594 Historia
2466 1554 2564 1595 sua
2583 1536 2765 1594 facere
2791 1535 3145 1601 mentionem,
3160 1535 3444 1589 addentem
3467 1535 3619 1589 etiam
3636 1534 3741 1601 hoc,

2203 1631 2347 1701 quod
2384 1639 2737 1701 posteaquam
2765 1642 3010 1699 regressa
3041 1635 3145 1691 est,
3179 1626 3376 1696 inquit,
3399 1641 3430 1681 a
3464 1624 3742 1691 Salomone,

2203 1720 2498 1792 Cambyses
2526 1735 2621 1775 rex
2662 1718 2893 1772 miratus
2919 1716 3039 1786 ejus
3086 1716 3432 1786 sapientiam,
3458 1730 3615 1787 quam
3641 1716 3740 1771 sine

533 1829 678 1885 niam
711 1830 764 1885 in
796 1830 883 1885 his
911 1829 1047 1886 locis
1079 1844 1273 1887 sumus
1303 1832 1396 1887 ubi
1441 1830 1683 1888 Ecclesia
1713 1845 1836 1902 quae
1865 1845 1929 1886 ex
1966 1846 2101 1902 gen-

2207 1809 2310 1887 47
2340 1810 2506 1866 dubio
2535 1826 2601 1864 ex
2647 1807 2956 1864 Salomonis
2998 1807 3264 1878 sapientia
3313 1814 3632 1877 susceperat,
3663 1821 3742 1862 θοι

531 1920 677 1976 tibus
724 1920 889 1988 venit,
939 1922 1149 1993 nigram
1206 1937 1265 1978 se
1315 1937 1436 1979 esse
1485 1922 1616 1980 dicit
1676 1931 1730 1977 et
1785 1920 2102 1985 formosam,

528 2013 781 2083 quamvis
820 2012 1040 2084 longum
1077 2015 1325 2072 videatur
1353 2030 1476 2072 esse
1519 2023 1574 2071 et
1605 2029 1917 2086 operosum,
1952 2014 2106 2068 colli-

528 2119 654 2175 gere
697 2120 762 2160 ex
811 2104 1109 2176 Scripturis
1140 2107 1363 2172 divinis,
1396 2108 1453 2162 in
1498 2106 1701 2177 quibus
1741 2107 1828 2162 vel
1871 2107 2107 2176 qualiter

532 2197 861 2253 sacramenti
896 2199 1063 2268 hujus
1115 2199 1291 2255 forma
1329 2198 1670 2269 praecesserit
1704 2214 1720 2254 :
1769 2206 1950 2253 tamen
1995 2212 2104 2253 non

531 2288 666 2344 mihi
694 2289 908 2360 penitus
936 2292 1299 2345 omittendum
1331 2290 1567 2352 videtur,
1597 2290 1690 2345 sed
1722 2305 1886 2361 quam
1916 2300 2108 2360 potue-

531 2380 606 2435 rit
636 2381 871 2436 breviter
907 2383 1342 2438 memorandum.
1379 2382 1564 2439 Primo
1592 2397 1723 2453 ergo
1746 2384 1799 2439 in
1836 2380 2105 2440 Numero-

533 2488 656 2528 rum
694 2473 832 2527 libro
861 2475 927 2529 de
961 2473 1300 2545 Ethiopissa
1331 2475 1404 2531 ita
1447 2476 1710 2546 scriptum
1747 2494 1760 2532 :
1810 2475 1879 2529 Et
1923 2475 2103 2530 locuta

533 2574 614 2619 est
657 2564 831 2619 Maria
857 2566 926 2618 ad
959 2567 1160 2629 Aaron,
1187 2577 1236 2622 et
1272 2568 1653 2638 derogaverunt
1686 2567 1858 2640 Moysi
1896 2578 2109 2638 propter

535 2656 804 2711 mulierem
858 2657 1248 2728 ﬁtltiopissam
1297 2677 1457 2730 quam
1510 2662 1708 2732 accepit
1755 2676 1996 2725 uxorem,
2056 2667 2107 2715 et

2204 1901 2561 1975 gnominavit,
2579 1900 2779 1972 inquit,
2796 1916 2991 1956 nomen
3014 1900 3132 1971 ejus
3148 1899 3388 1956 Meroen.
3404 1898 3740 1956 Refertautem

2205 1995 2353 2066 quod
2380 2008 2489 2049 non
2534 1993 2712 2050 solum
2761 1990 3076 2063 Ethiopian,
3111 1991 3203 2047 sed
3228 1999 3282 2046 et
3308 1989 3525 2064 Egypti
3549 2005 3741 2061 regnum

2207 2087 2462 2143 tenuerit.
2497 2085 2778 2141 Addemus
2804 2094 2986 2140 autem
3006 2083 3185 2140 adhuc
3203 2091 3258 2140 et
3286 2098 3350 2139 ea
3388 2098 3508 2154 quas
3536 2081 3588 2137 in
3612 2096 3744 2138 sexa-

2205 2180 2413 2252 gesimo
2456 2178 2691 2249 septimo
2714 2178 2931 2248 psalmo
2961 2177 3028 2233 de
3056 2175 3159 2232 hac
3187 2175 3376 2232 eadem
3401 2174 3568 2232 forma
3594 2173 3743 2228 conti-

2205 2278 2427 2327 nentur.
2462 2268 2554 2325 Ait
2591 2283 2720 2339 ergo
2755 2268 2828 2324 ibi
2858 2286 2870 2322 :
2904 2267 3151 2340 Disperge
3179 2277 3355 2339 gentes
3385 2283 3500 2339 quae
3524 2265 3646 2321 bella
3673 2281 3745 2319 vo-

2206 2363 2343 2429 lunt,
2384 2370 2434 2417 et
2472 2362 2682 2417 veniant
2712 2361 2874 2433 legati
2908 2376 2973 2416 ex
2998 2359 3252 2431 .Egypto,
3279 2359 3554 2431 Ethiopia
3576 2373 3743 2431 prtere—

2207 2456 2314 2509 niet
2357 2471 2546 2509 manus
2592 2454 2707 2524 ejus
2759 2452 2889 2509 Deo.
2940 2451 3119 2523 Regna
3165 2462 3341 2519 terras,
3394 2459 3592 2507 cantate
3635 2449 3741 2511 Deo,

2205 2548 2420 2620 psallite
2448 2547 2674 2603 Domino
2703 2546 2770 2603 ⁸⁸.
2799 2544 2895 2600 Est
2923 2546 3102 2601 adhuc
3141 2555 3338 2616 quarto
3391 2547 3442 2599 in
3480 2545 3593 2600 loco
3626 2543 3744 2613 apud

2206 2639 2547 2713 SOphoniam
2595 2639 2915 2712 prophetam
2961 2637 3031 2693 de
3077 2637 3179 2692 hac
3219 2638 3410 2692 eadem
3456 2636 3620 2708 ﬁgura
3662 2634 3745 2689 hoc

531 2746 781 2804 dixerunt
813 2764 831 2803 :
875 2726 1130 2820 Nunquid
1170 2726 1342 2822 Moysi
1363 2752 1463 2806 soli
1485 2726 1690 2807 locutus
1719 2762 1797 2807 est
1825 2751 2102 2807 Dominus!

2210 2736 2375 2791 modo
2405 2733 2669 2804 scriptum
2700 2750 2713 2787 :
2745 2730 3030 2800 Propterea
3053 2732 3256 2785 sustine
3300 2746 3406 2796 me,
3447 2729 3571 2784 dicit
3591 2726 3744 2782 Domi-

537 2834 725 2907 Nonne
766 2847 816 2892 et
859 2839 1006 2893 nobis
1038 2820 1343 2895 locutusest
1392 2841 1482 2896 διν
1511 2839 1577 2895 Et
1606 2840 1800 2896 iterum
1846 2841 1899 2895 in
1949 2841 2109 2897 tertio
2211 2844 2331 2893 καί.
2361 2828 2417 2882 in
2445 2826 2531 2881 die
2561 2823 2957 2880 resurrectionis
2989 2836 3139 2883 mew.
3164 2823 3218 2874 in
3244 2822 3522 2893 martyrio,
3544 2820 3638 2875 hoc
3659 2825 3744 2881 est.
3840 2882 3841 2885 η

533 2926 844 3000 Regnorum
872 2931 1012 2986 libro
1038 2932 1300 3001 scriptum
1342 2942 1426 2989 est
1456 2935 1522 2989 de
1557 2934 1743 3006 regina
1783 2931 1949 2997 Saba,
1978 2933 2102 3006 quia

2209 2920 2266 2974 in
2311 2918 2631 2981 testimonio,
2676 2916 2926 2986 quoniam
2951 2912 3217 2984 judicium
3257 2929 3431 2967 meum
3460 2921 3534 2966 est
3557 2909 3620 2965 ad
3643 2925 3745 2963 con-

530 3020 681 3076 venit
709 3035 741 3076 a
780 3021 979 3077 ﬁnibus
1013 3032 1168 3077 terra:
1207 3024 1396 3080 audire
1439 3001 1760 3096 sapientiam
1796 3001 2102 3080 Salomonis

2207 3011 2532 3084 gregutiones
2554 3009 2808 3081 gentium,
2840 3015 2898 3061 ut
2924 3007 3207 3079 suscipiam
3236 3022 3404 3077 reges,
3433 3014 3489 3070 et
3510 3001 3743 3073 eﬂ'undem

537 3113 641 3170 hoc
671 3114 837 3170 modo
872 3132 887 3170 :
926 3115 1123 3188 Regina
1161 3114 1302 3171 Saba
1335 3118 1535 3172 audivit
1563 3134 1753 3173 nomen
1785 3115 2107 3183 Salomonis,

536 3215 585 3260 et
608 3222 794 3263 nomen
818 3208 1049 3269 Domini.
1069 3210 1128 3262 et
1146 3209 1278 3263 venit
1313 3219 1512 3265 tentare
1541 3227 1659 3265 eum
1676 3210 1731 3265 in
1751 3211 2040 3281 parabolis,
2058 3221 2108 3265 et

533 3301 669 3355 venit
710 3302 767 3355 in
812 3301 1148 3357 Hierusalem
1186 3306 1241 3357 in
1272 3304 1463 3358 virtute
1496 3319 1690 3373 magna
1716 3304 1867 3359 valde
1893 3319 1911 3358 :
1938 3315 1988 3358 et
2015 3320 2107 3358 ca-

536 3392 659 3446 meli
690 3402 956 3461 portantes
979 3397 1346 3462 odoramenta,
1376 3404 1424 3449 et
1456 3411 1646 3449 aurum
1674 3395 1899 3449 multum
1934 3396 2105 3461 valde,

533 3493 586 3541 et
610 3482 838 3554 lapidem
861 3486 1170 3554 pretiosum,
1191 3496 1240 3540 et
1285 3487 1518 3555 ingressa
1539 3494 1618 3540 est
1646 3485 1715 3539 ad
1748 3485 2107 3552 Salomonem,

533 3585 584 3630 et
607 3575 781 3630 locuta
822 3586 898 3630 est
927 3577 976 3631 ei
1002 3577 1180 3631 omnia
1214 3578 1369 3631 verba
1395 3593 1513 3648 quae
1539 3586 1690 3632 erant
1717 3577 1773 3631 in
1801 3578 1958 3633 corde
1984 3594 2107 3642 suo,

531 3677 581 3722 et
605 3668 895 3722 enuntiavit
921 3668 970 3723 ei
994 3666 1246 3723 Salomon
1270 3670 1451 3723 omnia
1475 3669 1629 3723 verba
1649 3669 1785 3738 ejus,
1805 3678 1854 3724 et
1876 3685 1979 3723 non
2003 3670 2106 3739 fuit

532 3760 741 3814 verbum
768 3759 905 3831 quod
933 3762 1170 3815 omiserit
1201 3775 1316 3826 rex,
1339 3771 1388 3815 et
1419 3777 1521 3815 non
1544 3762 1890 3817 enuntiaverit
1916 3763 1963 3814 ei
1992 3778 2105 3817 rex.

535 3847 604 3905 Et
653 3850 783 3904 vidit
840 3851 1019 3921 regina
1065 3851 1209 3907 Saba
1253 3868 1459 3907 omnem
1500 3853 1835 3923 prudentiam
1864 3851 2112 3908 Salomo—

534 3945 638 4007 nis,
661 3953 711 3999 et
731 3944 946 3999 domum
969 3961 1124 4016 quam
1154 3946 1459 4015 aediﬁcavit,
1478 3956 1527 4001 et
1556 3945 1696 4001 cibos
1724 3945 2108 4010 Salomonis,et

532 4035 706 4095 sedem
734 4051 1013 4104 puerorum
1028 4035 1225 4105 ejus,et
1243 4036 1475 4089 ordinem
1512 4036 1872 4090 ministrorum
1901 4034 2107 4104 ejus,et

531 4136 692 4182 vestes
717 4128 853 4197 ejus,
870 4138 920 4183 et
946 4130 1052 4183 vini
1076 4129 1283 4198 [usores‘
1306 4128 1442 4198 ejus,
1460 4138 1507 4183 et
1524 4127 1833 4182 holocausta
1859 4128 1976 4196 ejus
1992 4143 2109 4197 qua:

531 4219 781 4289 offerebat
812 4222 866 4273 in
902 4220 1057 4274 domo
1090 4219 1324 4284 Domini,
1358 4229 1408 4273 et
1450 4219 1739 4289 obstupuit,
1770 4229 1822 4273 et
1863 4218 2005 4272 dixit
2035 4219 2105 4272 ad

531 4324 704 4379 regem
733 4307 1065 4365 Salomonem
1101 4326 1119 4365 :
1168 4311 1326 4365 Verus
1365 4321 1440 4365 est
1485 4328 1655 4365 sermo
1689 4327 1842 4382 quem
1875 4327 1969 4381 ego
2009 4328 2109 4365 au-

533 4402 641 4456 divi
672 4403 725 4454 in
754 4409 899 4456 terra
927 4419 1040 4457 mea
1069 4403 1134 4457 de
1168 4403 1318 4457 verba
1353 4413 1466 4468 tuo,
1495 4413 1544 4458 et
1570 4404 1856 4472 prudentia
1901 4412 2017 4467 tua,
2055 4411 2107 4456 et

534 4510 636 4548 non
671 4493 871 4560 credidi
909 4495 974 4550 iis
1004 4496 1091 4565 qui
1137 4495 1485 4566 loquebantur
1511 4496 1640 4549 milii
1668 4511 1933 4566 usquequo
1963 4498 2107 4550 veni-
2138 4506 2182 4563 ι)

532 4603 664 4648 rem,
706 4595 757 4640 et
804 4586 1043 4641 viderunt
1082 4588 1222 4641 oculi
1264 4588 1389 4651 mei,
1422 4597 1472 4642 et
1502 4603 1616 4641 ecce
1651 4604 1743 4642 nec
1781 4588 1954 4642 media
1977 4604 2102 4658 pars

530 4685 610 4731 est
630 4691 748 4746 quae
772 4676 1158 4731 nuntiabantur
1196 4678 1347 4732 mihi.
1374 4677 1650 4733 Addidisti
1672 4679 1811 4734 enim
1841 4681 1977 4733 bona
2015 4695 2107 4733 su-

528 4784 624 4839 per
643 4783 845 4822 omnem
874 4768 1198 4823 auditionem
1243 4785 1398 4841 quam
1435 4770 1618 4825 audivi
1660 4771 1716 4825 in
1765 4785 1908 4827 terra
1959 4788 2097 4828 mea.

528 4857 712 4913 Beate
741 4856 985 4912 mulieres
1017 4867 1142 4922 tute,
1181 4857 1318 4912 beati
1348 4859 1498 4927 pueri
1526 4859 1618 4913 isti
1647 4860 1738 4930 qui
1767 4861 2021 4914 assistunt
2048 4862 2105 4915 in

527 4961 808 5020 conspectu
836 4958 926 5003 tuo
957 4965 1179 5019 semper,
1203 4959 1253 5004 et
1278 4950 1503 5005 audiunt
1535 4967 1738 5006 omnem
1763 4952 2103 5023 prudentiam

530 5050 696 5097 tuam.
722 5041 805 5098 Sit
831 5041 1087 5097 Dominus
1118 5041 1257 5097 Deus
1284 5055 1404 5098 tuus
1433 5041 1751 5110 benedictus,
1779 5044 1869 5116 qui
1896 5044 1991 5099 tibi
2016 5045 2104 5100 de-

528 5133 609 5188 dit
637 5133 809 5187 sedem
840 5133 1032 5190 lsrael.
1069 5133 1337 5200 Quoniam
1369 5133 1559 5188 dilexit
1606 5133 1860 5189 Dominus
1901 5133 2095 5203 Israel,

528 5234 578 5280 et
612 5224 773 5279 voluit
801 5242 919 5280 eum
944 5241 1245 5295 permanere
1272 5226 1327 5279 in
1351 5233 1625 5291 internum,
1647 5226 1827 5295 posuit
1851 5236 1898 5281 te
1927 5242 2096 5297 regem

528 5333 684 5387 super
711 5332 820 5381 eos,
843 5326 899 5371 ut
928 5318 1097 5387 facias
1116 5317 1384 5387 judicium
1410 5333 1528 5371 cum
1555 5316 1794 5386 justitia,
1823 5327 1873 5372 et
1889 5314 2097 5387 judices

526 5425 635 5464 eos.
665 5407 735 5462 Et
770 5408 918 5463 dedit
957 5406 1231 5465 Salomoni
1273 5417 1481 5464 centum
1509 5409 1694 5480 viginti
1726 5409 1923 5463 talenta
1955 5409 2099 5473 auri,

525 5512 575 5557 et
613 5502 956 5557 odorantean
994 5502 1159 5558 multa
1210 5503 1382 5568 valde,
1417 5510 1467 5556 et
1512 5499 1742 5562 lapidem
1787 5503 2095 5572 pretiosum-

598 5694 641 5769 ξ
677 5693 839 5769 Num.
889 5713 986 5751 χιι.
1064 5768 1071 5769 ί
1117 5698 1160 5732 ι’
1194 5697 1355 5754 Num.
1387 5700 1571 5769 111,1,
1597 5701 1651 5755 2.

529 5762 574 5795 ⁸⁸
602 5764 747 5821 Psal.
819 5784 985 5835 urit,
1017 5768 1105 5834 50,
1133 5770 1220 5824 51.
1298 5769 1342 5801 ⁵⁸
1371 5762 1534 5840 Soph.
1557 5762 1637 5837 'tt,
1668 5770 1722 5837 8,
1747 5771 1800 5834 9,
1828 5772 2025 5838 10,“.

1775 5701 1820 5733 ιι
1862 5700 1928 5755 lll
1969 5699 2098 5772 Reg.
2153 5715 2211 5772 π,
2239 5701 2291 5765 ι,
2319 5698 2376 5765 2,
2408 5698 2461 5763 5,
2508 5698 2566 5762 t,
2592 5696 2999 5772 _5,_6,h7,‘8,‘9,
3039 5698 3126 5755 to.

2103 5772 2144 5801 ⁵⁷
2179 5771 2288 5826 Jer.
2324 5785 2554 5834 xxxvi",
2582 5769 2636 5823 6.
2663 5769 2713 5833 7,
2738 5770 2792 5835 8,
2824 5769 2877 5835 9,
2908 5768 2991 5823 i0.

2211 3118 2367 3174 super
2396 3116 2481 3156 eos
2512 3116 2717 3156 omnem
2762 3100 2902 3154 iram
2957 3100 3338 3170 indignationis
3388 3113 3531 3153 mete.
3573 3093 3632 3150 In
3651 3095 3745 3163 igne

2213 3194 2315 3249 zeli
2344 3197 2445 3248 mei
2468 3203 2804 3247 consumatur
2827 3191 2997 3244 onmis
3027 3198 3190 3247 terra.
3221 3189 3486 3256 Quoniam
3514 3197 3627 3242 tunc
3650 3200 3745 3238 con-

2211 3297 2411 3342 vertam
2453 3286 2508 3340 iu
2546 3285 2757 3356 populis
2794 3285 3030 3358 linguam
3060 3287 3112 3339 in
3143 3284 3530 3356 generationem
3553 3279 3672 3350 ejus,
3698 3284 3742 3328 ut
3840 3330 3841 3333 η

2209 3380 2447 3435 invocent
2481 3394 2658 3433 omnes
2690 3394 2879 3433 nomen
2935 3379 3169 3444 Domini,
3221 3388 3270 3431 et
3323 3377 3549 3431 serviant
3589 3372 3632 3426 ei
3666 3367 3742 3424 sub

2200 3467 2333 3539 jugo
2370 3481 2497 3522 uno.
2532 3465 2609 3520 De
2639 3465 2783 3521 ultra
2807 3468 3035 3537 ﬂumina
3062 3466 3353 3536 [Ethiopite
3380 3465 3649 3535 suscipiam
3675 3475 3743 3515 eos

2208 3560 2301 3629 qui
2330 3558 2555 3628 dispersi
2583 3568 2727 3623 sunt,
2752 3570 2799 3613 et
2823 3559 3042 3628 a/ferent
3064 3559 3390 3629 sacriﬁcium
3423 3557 3565 3613 mibi.
3596 3553 3653 3608 In
3678 3554 3744 3606 die

2209 3645 2307 3700 illa
2337 3662 2442 3700 non
2470 3646 2806 3716 confunderis
2847 3646 2990 3703 Saba
3020 3648 3087 3702 ab
3117 3648 3361 3703 omnibus
3402 3644 3745 3702 atlinrentioni-

2211 3740 2304 3793 bus
2346 3738 2472 3803 tuis,
2507 3739 2562 3792 in
2593 3740 2782 3811 quibus
2826 3741 2983 3811 impie
3031 3740 3184 3811 egisti
3218 3741 3273 3794 in
3312 3757 3396 3794 me
3414 3740 3475 3795 “.
3507 3738 3602 3794 Sed
3627 3745 3674 3793 et
3700 3736 3745 3791 in

2207 3827 2439 3886 Ieremia
2489 3834 2752 3902 scriptum
2800 3842 2904 3901 est,
2942 3835 3086 3904 quod
3120 3834 3395 3905 principes
3431 3833 3636 3905 quidam
3662 3845 3743 3900 p0-

2209 3924 2324 3994 puli
2353 3923 2522 3980 Israel
2549 3924 2792 3980 miserint
2821 3922 3112 3982 Jeremiam
3138 3926 3193 3980 in
3213 3924 3390 3980 lacum
3427 3925 3646 3981 Melo/tia:
3661 3919 3745 3994 ﬁlii

2209 4019 2369 4089 regis,
2403 4017 2493 4088 qui
2525 4026 2640 4072 erat
2673 4016 2729 4073 in
2765 4019 2921 4074 domo
2950 4023 3198 4089 carceris,
3222 4031 3271 4075 et
3296 4021 3630 4092 deposuerunt
3648 4030 3745 4072 eum

2209 4127 2329 4165 cum
2368 4110 2605 4181 funibus,
2640 4122 2690 4165 et
2718 4112 2773 4165 in
2805 4110 2926 4166 lacu
2966 4129 3069 4167 non
3097 4123 3211 4168 erat
3242 4131 3403 4187 aqua,
3436 4113 3524 4170 sed
3553 4126 3743 4171 aenum,

2207 4212 2256 4258 et
2284 4212 2397 4258 erat
2419 4202 2474 4256 in
2500 4218 2664 4257 caeno.
2690 4203 2922 4258 Audiens
2949 4215 3124 4259 autem
3142 4205 3497 4272 Abdimeleclt,
3530 4203 3744 4269 zEthiops

2208 4294 2289 4352 vir
2312 4295 2603 4362 eunuchus,
2636 4295 2726 4365 qui
2760 4305 2875 4350 erat
2911 4296 2965 4350 in
3001 4296 3156 4351 domo
3193 4300 3347 4370 regis,
3370 4300 3497 4370 quia
3526 4298 3745 4351 miserunt

2208 4386 2495 4444 Jeremiam
2533 4388 2589 4442 in
2618 4386 2816 4454 lacum,
2860 4387 3066 4444 locutus
3112 4399 3190 4445 est
3219 4393 3348 4461 regi,
3376 4402 3428 4446 et
3465 4388 3746 4446 dixit:Do-

2210 4481 2350 4535 mine
2378 4496 2491 4549 rex,
2519 4479 2655 4534 male
2694 4480 2927 4550 fecerunt
2955 4482 3055 4536 viri
3082 4483 3173 4538 isti
3202 4486 3377 4537 omnia
3402 4501 3519 4556 qua,
3540 4484 3745 4555 fecerunt

2210 4575 2265 4639 in
2284 4572 2575 4628 Jeremiam
2598 4572 2924 4644 prophetam,
2947 4575 3071 4646 quia
3094 4576 3346 4631 miserunt
3365 4594 3483 4632 eum
3506 4578 3558 4631 in
3575 4574 3745 4637 lacum,

2210 4675 2259 4723 et
2290 4666 2547 4721 morietur
2577 4664 2652 4720 ibi
2680 4682 2713 4719 a
2744 4665 2882 4736 facie
2910 4665 3092 4735 fumis,
3115 4670 3366 4738 quoniam
3392 4686 3495 4723 non
3522 4674 3631 4723 sunt
3646 4663 3745 4733 jam

2208 4774 2369 4829 panes
2405 4760 2457 4813 in
2490 4758 2722 4812 civitate.
2765 4756 2834 4813 Et
2882 4760 3126 4829 praecepit
3169 4776 3262 4815 rex
3300 4762 3402 4831 ipsi
3445 4752 3745 4815 Abdimelccit

2209 4849 2452 4919 Afthiopi
2479 4849 2654 4905 dicens
2681 4865 2700 4905 :
2727 4848 2872 4905 Tolle
2903 4852 3025 4905 hinc
3050 4853 3271 4923 triginta
3304 4854 3552 4919 homines,
3574 4860 3618 4906 et
3638 4848 3746 4902 educ

2210 4959 2331 4997 eum
2358 4943 2422 4997 de
2445 4941 2586 5008 lacu,
2628 4951 2686 4996 ut
2719 4958 2821 4996 non
2851 4942 2926 4996 ibi
2953 4944 3216 4998 moriatur
3239 4945 3304 4998 ⁸⁷.
3340 4944 3406 5001 Et
3432 4946 3557 5018 quid
3582 4939 3746 5012 plura?

2210 5035 2561 5093 Abdimelech
2595 5034 2855 5106 Ethiops
2884 5034 2986 5091 fuit
3014 5038 3127 5108 qui'
3156 5034 3449 5094 Jeremiam
3495 5035 3667 5094 eduxit
3691 5030 3745 5085 de

2212 5130 2353 5193 lacu.
2388 5128 2455 5184 Et
2486 5129 2649 5201 paulo
2682 5139 2803 5200 post
2852 5150 2864 5185 :
2915 5130 3116 5185 Factus
3147 5142 3224 5186 est
3256 5147 3425 5187 sermo
3465 5127 3661 5185 Domini
3688 5120 3745 5176 ad

2202 5221 2491 5277 Jeremiam
2516 5222 2693 5278 dicens
2725 5239 2743 5278 :
2779 5222 2941 5287 Vade,
2965 5231 3013 5278 et
3035 5224 3122 5277 dic
3143 5222 3475 5278 Abdimelecb
3507 5215 3743 5286 ΑῖιΙιὶορὶς

2203 5315 2382 5369 dicens
2407 5328 2426 5367 :
2459 5312 2550 5368 Sic
2589 5313 2722 5368 dicit
2767 5313 3025 5371 Dominus
3073 5313 3215 5368 Deus
3267 5313 3438 5370 Israel
3465 5330 3484 5369 .°
3520 5311 3643 5367 Ecce
3669 5321 3744 5377 ego

2206 5407 2412 5462 adduco
2444 5404 2597 5460 verba
2622 5421 2738 5461 mea
2776 5423 2935 5478 super
2975 5407 3241 5463 civitatem
3269 5407 3426 5462 istaut
3461 5407 3515 5461 in
3538 5401 3684 5465 mala,
3703 5406 3743 5449 et

2206 5515 2311 5553 non
2340 5499 2395 5553 in
2427 5498 2584 5564 bona,
2610 5506 2662 5552 et
2691 5497 2905 5554 salvabo
2942 5507 2989 5553 te
3023 5499 3081 5552 in
3107 5499 3193 5553 die
3218 5499 3335 5564 illa,
3364 5507 3412 5553 et
3440 5514 3540 5552 non
3564 5493 3685 5547 dabo
3706 5500 3745 5541 te

3245 5696 3290 5731 “
3321 5693 3509 5753 Matth.
3540 5706 3641 5759 sn,
3665 5682 3741 5741 ιε.
