3872 6552
207 357 294 411 105
1486 351 1686 408 LIBER
1719 349 2106 408 SECUNDUS.

3326 351 3428 410 I06

203 482 248 532 ξιι
287 489 456 526 manus
489 472 763 528 hominum
799 487 931 544 quos
978 481 1032 526 tu
1080 473 1253 527 times.
1304 474 1348 526 Α
1394 471 1530 541 facie
1574 487 1754 526 eorum
1785 475 1829 530 Α
1861 470 1914 524 in
1970 467 2544 540 Evangeliis",.quod
2601 467 2653 521 in
2705 467 2791 522 die
2822 467 3013 538 judicii
3071 467 3252 523 veniat
3303 485 3429 525 cum

202 570 382 625 saltans
413 565 634 620 saluabo
677 576 743 628 te,
782 575 829 620 et
859 566 915 619 in
947 565 1126 637 gladio
1161 582 1264 619 non
1301 564 1478 629 cades,
1513 564 1604 618 sed
1646 565 1746 617 erit

200 661 354 714 animo
384 666 474 710 tua
523 657 581 710 in
627 657 873 721 salutem,
922 657 1170 726 quoniam
1220 657 1446 725 conﬁsus
1474 672 1528 710 es
1562 656 1615 708 in
1646 671 1748 720 me,

197 753 308 805 dicit
339 749 592 803 Dominus
621 749 685 801 “.
738 747 862 803 Haec
893 749 1108 803 interim
1137 749 1204 802 ad
1234 764 1472 818 praesens
1504 749 1571 804 de
1604 747 1751 802 Scri-

195 841 349 910 pturis
395 840 606 893 sanctis
657 851 946 893 occurrere
996 846 1314 906 potuerunt,
1368 836 1566 907 quibus
1616 833 1747 888 mihi

193 934 380 987 videtur
406 932 675 1001 propositi
705 930 774 986 de
815 929 1059 986 Canticis
1109 930 1445 985 canticorum
1495 927 1752 984 versiculi

193 1025 485 1094 mysterium
541 1023 912 1094 comprobari,
959 1023 1014 1078 in
1057 1038 1168 1092 quo
1216 1022 1388 1078 dicit:
1429 1020 1607 1077 Fusco
1633 1037 1750 1075 sum

193 1118 301 1190 (sive
316 1115 486 1184 nigra)
510 1128 562 1169 et
589 1117 844 1185 formosa,
873 1115 1002 1185 ﬁliae
1025 1115 1384 1180 Hierusalem,
1405 1115 1540 1168 sicut
1573 1118 1750 1167 taber-

191 1209 416 1264 naculum
449 1208 649 1274 Cedar,
676 1219 724 1263 et
749 1210 888 1264 sicut
931 1209 1090 1278 pelles
1121 1206 1442 1263 Salomonis.
1473 1206 1752 1261 Invenitur

188 1317 299 1371 ergo
344 1299 563 1372 Moyses
621 1301 674 1354 in
737 1299 993 1355 Numeris
1047 1299 1293 1370 accipere
1355 1297 1749 1368 EthiOpissam

190 1409 391 1448 uxorem
439 1393 685 1460 luscam,
750 1393 835 1447 vel
894 1392 1131 1463 nigram,
1187 1406 1289 1461 pro
1339 1407 1448 1460 qua
1490 1388 1659 1443 Maria
1697 1396 1753 1443 et

190 1489 346 1543 Aaron
374 1490 642 1557 derogant
668 1487 743 1552 ei,
783 1495 837 1541 et
861 1486 1205 1556 indignantes
1229 1483 1418 1538 dicunt
1447 1501 1458 1535 :
1494 1479 1750 1551 Nunquid

191 1581 338 1650 Ilogsi
357 1579 459 1632 soli
486 1579 748 1634 Dominus
786 1578 992 1632 locutus
1033 1577 1153 1631 est?
1185 1575 1379 1629 Nonne
1411 1584 1460 1628 et
1491 1573 1638 1626 nobis
1668 1573 1752 1626 lo-

187 1684 314 1728 cutus
343 1684 417 1727 est
442 1673 532 1726 “‘l
580 1671 638 1727 In
687 1687 796 1744 quo
840 1673 885 1728 si
934 1672 1219 1742 diligenter
1259 1669 1609 1735 consideres,
1655 1682 1752 1722 nec

188 1763 620 1834 consequentiam
655 1780 838 1821 sermo
879 1765 1153 1820 invenitur
1199 1764 1397 1819 habere
1433 1761 1743 1817 historicus.

185 1855 305 1923 Quid
337 1857 481 1909 enim
532 1854 833 1910 convenire
881 1855 948 1909 ad
993 1871 1109 1910 rem
1154 1854 1449 1924 videbitur,
1502 1862 1563 1907 ut
1607 1851 1746 1905 indi-

187 1956 388 2015 gnaules
408 1960 510 2016 pro
537 1944 884 2016 Ethiopissa
910 1945 1094 2001 dicant
1127 1963 1140 2000 :
1171 1942 1426 2014 Nunquid
1446 1942 1547 1997 soli
1576 1941 1747 2010 Moysi

186 2040 362 2092 locutus
403 2047 480 2092 est
530 2037 834 2092 Dominus?
865 2035 1055 2093 Nonne
1101 2046 1150 2092 et
1193 2037 1342 2092 nobis
1379 2036 1586 2090 locutus
1628 2036 1748 2089 est?

187 2128 450 2199 Oportebat
476 2132 655 2197 enim,
695 2131 741 2186 si
788 2131 892 2185 hoc
934 2139 1052 2185 erat
1086 2130 1140 2184 in
1171 2145 1358 2196 causa,
1395 2127 1501 2184 diei
1539 2128 1608 2183 ab
1639 2129 1743 2191 eis,

188 2238 275 2277 non
299 2224 537 2292 oportuit
572 2233 651 2289 te,
673 2239 707 2278 ο
734 2223 969 2294 Moyses,
1003 2238 1230 2279 uxorem
1264 2223 1511 2295 accipere
1543 2221 1748 2277 Ethio-

189 2318 383 2385 pissam,
416 2326 471 2370 et
497 2315 570 2372 de
601 2317 813 2372 semine
841 2316 1036 2380 Cham,
1071 2318 1166 2373 sed
1209 2318 1275 2372 de
1319 2331 1514 2389 genere
1544 2325 1659 2383 tuo,
1692 2326 1747 2372 et

186 2413 239 2466 de
255 2413 404 2466 domo
425 2413 580 2468 Levi.
613 2411 820 2467 Horum
854 2413 990 2468 nihil
1013 2414 1220 2480 dicunt,
1248 2415 1341 2471 sed
1371 2415 1526 2469 aiunt
1559 2433 1572 2469 :
1601 2414 1748 2468 Nun-

187 2505 290 2572 quid
333 2503 502 2574 Moysi
550 2504 656 2558 soli
703 2503 906 2558 locutus
937 2515 1012 2559 est
1051 2504 1232 2560 Dens?
1276 2504 1465 2561 Nonne
1508 2516 1556 2560 et
1596 2506 1746 2558 nobis

187 2601 367 2654 locatus
397 2601 516 2654 est?
547 2601 610 2655 In
645 2616 756 2670 quo
788 2611 841 2656 et
869 2600 1002 2654 mihi
1043 2599 1257 2654 videtur
1297 2583 1595 2655 Secundum
1628 2615 1745 2671 my-

189 2692 383 2746 sterium
417 2693 599 2762 magis
650 2692 980 2748 intellexisse
1020 2692 1165 2762 quod
1204 2701 1414 2761 gestum
1441 2701 1545 2756 est,
1577 2701 1629 2746 et
1660 2693 1746 2746 vi-

189 2781 311 2836 disse
360 2783 505 2852 quod
548 2785 669 2855 jam
715 2784 945 2856 Moyses,
991 2785 1042 2838 id
1091 2797 1172 2842 est
1219 2785 1478 2855 spiritalis
1520 2785 1640 2851 lex,
1690 2786 1745 2839 in

192 2875 379 2945 nuptias
405 2886 461 2932 et
489 2877 814 2948 conjugium
851 2888 1191 2950 congregatae
1240 2895 1306 2934 ex
1349 2879 1599 2950 gentibus
1645 2879 1747 2932 mi-

191 2978 341 3033 graret
367 2967 634 3025 Ecclesia:
662 2988 675 3024 :
700 2978 752 3025 et
774 2969 994 3025 Mariam
1018 2986 1139 3040 qua:
1157 2969 1454 3042 Synagoga:
1479 2970 1748 3024 derelicta:

195 3059 416 3128 fortnam,
465 3071 521 3116 et
569 3063 754 3116 Aaron
803 3063 896 3132 qui
947 3061 1235 3118 sacerdotii
1270 3062 1507 3117 carnalis
1534 3061 1749 3117 tenebat

1851 561 1984 616 viris
2031 559 2396 634 generationis
2450 558 2760 623 incredula},
2818 567 2871 614 et
2926 559 3253 614 condemnet
3309 575 3426 626 eos,

1851 655 1980 724 quia
2015 655 2160 709 venit
2193 671 2222 709 a
2256 654 2458 709 ﬁnibus
2503 662 2659 710 terra:
2691 653 2879 709 audire
2909 653 3231 723 sapientiam
3275 653 3430 710 Salo-

1852 747 2052 812 monis,
2085 755 2140 800 et
2168 747 2339 812 addit,
2385 747 2512 816 quia
2541 746 2661 816 plus
2707 744 2989 801 Salomone
3020 746 3102 800 hic
3127 747 3195 810 ",
3229 745 3430 802 docens

1852 855 1948 909 per
1978 840 2084 895 hoc
2110 839 2231 910 plus
2272 854 2395 895 esse
2432 839 2712 894 veritatem
2743 855 2903 909 quam
2929 839 3173 894 veritatis
3205 838 3427 908 ﬁguras.

1852 929 2009 986 Venit
2039 944 2169 1002 ergo
2199 940 2253 986 et
2276 932 2410 998 haec,
2444 931 2552 987 imo
2582 934 2879 987 secundum
2918 933 3146 1003 ﬁguram
3180 930 3298 1000 ejus
3323 929 3428 984 Ec-

1852 1023 2019 1078 clesia
2052 1024 2200 1078 venit
2233 1039 2296 1078 ex
2329 1023 2580 1095 gentibus
2605 1024 2794 1080 audire
2828 1025 3147 1096 sapientiam
3182 1021 3420 1078 Salomo-

1854 1115 1938 1170 nis
1964 1115 2096 1180 veri,
2120 1125 2174 1170 et
2206 1117 2318 1172 veri
2354 1117 2560 1187 paciﬁci
2593 1117 2809 1171 Domini
2834 1119 3004 1172 nostri
3037 1116 3165 1171 Jesu
3200 1115 3425 1171 Christi.

1855 1207 2014 1262 Venit
2058 1217 2112 1263 et
2159 1208 2271 1264 haec
2313 1210 2491 1278 primo
2524 1210 2742 1279 quidem
2779 1220 2993 1265 tentans
3024 1226 3146 1264 cum
3177 1224 3271 1280 per
3291 1207 3427 1262 ami-

1853 1309 2032 1370 gmata
2059 1309 2108 1354 et
2145 1301 2493 1370 quaestiones,
2517 1317 2637 1375 quae
2659 1303 2707 1357 ei
2741 1302 2890 1372 prius
2920 1302 3236 1358 insolubiles
3266 1304 3426 1361 vide-

1855 1390 2054 1446 bantur
2087 1410 2099 1445 :
2129 1402 2291 1462 atque
2314 1393 2382 1448 ab
2409 1394 2526 1463 ipso
2551 1395 2617 1450 de
2644 1395 2918 1466 agnitione
2945 1394 3104 1450 Verbi
3137 1394 3253 1464 Dei,
3275 1408 3329 1452 et
3356 1398 3424 1455 de

1853 1483 2120 1538 creaturis
2152 1485 2361 1552 mundi,
2396 1485 2516 1558 48η
2547 1486 2627 1541 vel
2663 1488 2730 1541 de
2759 1487 3167 1542 immortalitate
3204 1489 3420 1555 animm,

1852 1584 1906 1629 et
1934 1574 2142 1644 judicio
2168 1575 2374 1642 futuro,
2401 1578 2546 1647 quod
2592 1578 2733 1647 apud
2759 1592 2879 1632 eam
2910 1588 2966 1633 et
2996 1580 3138 1648 apud
3174 1580 3425 1637 doctores

1853 1667 1972 1736 ejus
1997 1669 2224 1738 gentiles
2249 1668 2514 1724 duntaxat
2536 1670 2886 1740 philosophos
2921 1673 3184 1726 incertum
3213 1662 3428 1743 semper

1854 1768 1948 1812 aut
1976 1759 2202 1814 dubium
2225 1760 2500 1826 manebat,
2524 1760 2843 1816 absolvitur.
2882 1759 3037 1816 Venit
3066 1777 3195 1834 ergo
3227 1761 3426 1819 Hieru-

1850 1851 2044 1915 salem,
2075 1851 2141 1906 ad
2163 1851 2429 1907 visionem
2482 1853 2688 1909 scilicet
2722 1854 2891 1924 pacis,
2927 1869 3050 1909 cum
3082 1855 3429 1911 multitudine

1847 1950 1902 1998 et
1925 1943 2124 1998 virtute
2156 1944 2350 2011 multa,
2383 1959 2491 2000 non
2533 1945 2678 2000 enim
2710 1961 2833 2000 cum
2874 1961 2982 2000 una
3014 1945 3129 2000 sola
3154 1957 3331 2018 gente,
3364 1960 3425 2003 ut

1849 2034 2000 2104 prius
2022 2033 2305 2106 Synagoga
2335 2036 2480 2090 solos
2515 2037 2708 2091 habuit
2743 2036 3022 2102 Hebraeos,
3059 2039 3153 2096 sed
3179 2055 3304 2095 cum
3336 2049 3423 2094 to-

1851 2126 1958 2182 tius
2001 2127 2188 2182 mundi
2222 2128 2474 2199 gentibus
2513 2129 2680 2193 venit,
2713 2128 2962 2184 deferens
2991 2131 3153 2185 etiam
3192 2145 3423 2185 munera

1849 2217 2011 2290 digna
2035 2218 2278 2285 Christo,
2307 2219 2785 2275 odoramentorum
2809 2221 3078 2292 siquidem
3105 2223 3422 2289 suavitates,

1849 2327 2012 2382 Opera
2041 2313 2252 2369 scilicet
2283 2313 2448 2378 bona,
2478 2329 2600 2384 qua:
2631 2315 2698 2370 ad
2725 2313 2892 2370 Deum
2929 2330 3023 2385 per
3051 2316 3270 2372 odorem
3296 2333 3426 2374 sua-

1850 2404 2033 2461 vitatis
2063 2405 2384 2464 ascendunt.
2412 2405 2519 2462 Sed
2547 2415 2601 2462 et
2631 2422 2768 2462 auro
2802 2409 2947 2464 venit
2982 2410 3206 2480 repleta,
3243 2413 3422 2467 sensi-

1849 2496 1953 2552 bus
2003 2497 2122 2553 sine
2156 2498 2324 2553 dubio
2357 2508 2413 2554 et
2440 2499 2856 2555 rationabilibus
2905 2501 3228 2570 disciplinis,
3285 2519 3425 2572 quas

1849 2601 1976 2648 ante
2005 2591 2164 2648 ﬁdem
2187 2593 2366 2648 adhuc
2391 2608 2457 2648 ex
2481 2593 2756 2649 communi
2779 2603 2833 2648 ct
2858 2595 3096 2651 scholari
3113 2597 3426 2653 eruditione

1849 2689 2184 2762 collegerat;
2207 2691 2408 2745 Detulit
2442 2691 2603 2745 etiam
2646 2690 2878 2760 lapidem
2912 2692 3232 2762 pretiosum,
3260 2709 3424 2764 quem

1850 2794 2170 2840 ornamenta
2201 2799 2414 2838 morum
2448 2799 2742 2854 possumus
2791 2782 3114 2854 intelligere.
3149 2784 3284 2840 Cum
3321 2786 3426 2842 hoc

1850 2893 1981 2950 ergo
2005 2887 2270 2949 apparatu
2295 2878 2461 2932 intrat
2488 2877 2554 2932 ad
2580 2877 2868 2947 paciﬁcum
2903 2892 3085 2949 regem
3121 2877 3422 2945 Christum,

1850 2983 1903 3030 et
1926 2973 2028 3043 ipsi
2055 2973 2228 3043 aperit
2259 2988 2356 3028 cor
2389 2987 2573 3037 suum,
2614 2972 2666 3024 in
2698 2968 3044 3025 confessione
3073 2979 3127 3026 et
3154 2971 3425 3040 peniten-

1853 3066 1924 3121 tia
1967 3066 2175 3122 scilicet
2218 3064 2637 3136 praecedentium
2670 3063 3016 3128 delictorum,
3055 3071 3109 3118 et
3140 3063 3318 3118 locuta
3341 3073 3426 3118 est

195 3153 474 3222 imaginem,
511 3155 764 3211 videntes
791 3156 1033 3210 ablatum
1072 3170 1194 3211 esse
1234 3171 1264 3210 a
1306 3155 1614 3224 semetipsis
1657 3170 1745 3209 re-
1775 3162 1815 3219 α
1849 3156 1898 3210 ei
1931 3155 2115 3210 omnia
2162 3169 2284 3224 qua:
2320 3163 2474 3208 erant
2503 3153 2557 3208 in
2589 3153 2751 3208 corde
2791 3168 2914 3214 suo,
2957 3162 3175 3222 propter
3200 3153 3341 3223 quod
3369 3163 3426 3207 et

195 3261 351 3312 gnum,
379 3254 431 3300 et
460 3246 660 3302 datum
695 3263 816 3302 esse
850 3248 993 3319 genti
1025 3247 1243 3303 facienti
1275 3247 1484 3306 fructus
1517 3250 1638 3320 ejus
1666 3254 1740 3306 di-

193 3353 290 3390 cere
315 3357 326 3390 :
361 3337 625 3410 Nunquid
653 3339 825 3410 Moysi
861 3341 962 3394 soli
994 3341 1199 3394 locutus
1228 3351 1304 3395 est
1341 3341 1478 3396 Deus
1504 3343 1530 3396 .9
1557 3341 1746 3398 Nonne

193 3439 231 3480 et
254 3430 386 3482 nobis
421 3431 639 3484 locutus
668 3432 788 3485 est?
836 3430 1080 3502 Denique
1125 3442 1174 3486 et
1208 3430 1419 3503 Moyses
1467 3433 1582 3503 ipse
1618 3451 1743 3491 cum

199 3529 320 3575 tanta
347 3531 396 3575 et
422 3532 533 3577 tam
581 3525 869 3594 magnifica
900 3524 1018 3592 ejus
1044 3540 1206 3594 opera
1235 3525 1357 3580 ﬁdei
1387 3541 1450 3580 ac
1473 3528 1746 3596 patientia:

195 3613 486 3678 referantur,
534 3632 820 3686 nunquam
850 3617 1014 3672 tantis
1047 3632 1074 3670 a
1109 3616 1216 3673 Deo
1251 3619 1427 3674 elatus
1452 3629 1534 3675 est
1561 3619 1744 3675 laudi-

197 3708 294 3772 bus,
323 3721 377 3763 ut
399 3725 547 3765 nunc
571 3726 697 3766 cum
723 3708 1114 3781 EthiOpissam
1143 3711 1296 3766 duxit
1319 3728 1566 3768 uxorem.
1589 3712 1746 3770 Nunc

195 3797 246 3852 de
267 3815 322 3854 eo
357 3802 583 3867 dicitur,
637 3803 764 3871 quia
804 3803 1006 3872 Moyses
1057 3805 1209 3857 homo
1246 3814 1547 3858 mansuetus
1591 3805 1743 3860 ualde

195 3909 322 3959 super
344 3909 518 3949 omnes
555 3896 790 3948 homines
822 3897 910 3965 qui
938 3906 1058 3948 sunt
1092 3912 1248 3964 super
1279 3907 1476 3949 terram
1493 3897 1558 3950 ⁸ο.
1590 3894 1743 3952 Nunc

194 3993 237 4037 et
257 3985 370 4040 illud
402 3987 466 4042 de
497 4003 573 4041 eo
605 3987 736 4042 dicit
768 3985 1054 4053 Dominus,
1089 3989 1217 4058 quia
1247 3989 1294 4041 si
1322 3989 1484 4057 fuerit
1518 3989 1571 4042 in
1599 3991 1741 4043 vobis

194 4079 430 4145 propheta,
459 4080 515 4132 in
550 4079 835 4132 visionibus
861 4078 1048 4149 loquar
1070 4081 1138 4144 ei,
1171 4090 1263 4133 aut
1289 4082 1340 4133 in
1371 4082 1610 4147 somniis,
1641 4097 1743 4134 non

195 4171 255 4224 ita
285 4183 335 4226 ut
379 4173 587 4242 famulo
638 4188 748 4226 meo
798 4171 991 4244 Moysi,
1031 4174 1120 4244 qui
1155 4174 1208 4226 in
1245 4175 1386 4227 omni
1424 4174 1578 4227 domo
1627 4191 1742 4229 mea

197 4264 336 4330 ﬁdelis
359 4276 453 4321 est.
488 4267 568 4321 Os
594 4267 662 4319 ad
693 4283 748 4320 os
787 4265 974 4336 loquar
1006 4266 1075 4319 ad
1099 4283 1237 4332 eum,
1265 4269 1318 4319 in
1349 4268 1536 4336 specie,
1562 4277 1612 4322 et
1640 4285 1743 4322 non

198 4355 237 4406 in
273 4358 564 4427 anigmate,
604 4357 828 4426 gloriam
870 4356 1079 4411 Domini
1104 4357 1255 4410 vidit.
1299 4356 1368 4410 Et
1406 4375 1502 4411 cur
1535 4374 1640 4413 non
1675 4361 1743 4412 ti-

198 4449 372 4503 muistis
406 4451 686 4504 detrahere
723 4451 922 4519 famulo
960 4468 1069 4505 meo
1104 4449 1333 4522 Moysi"
1357 4452 1379 4504 ?
1407 4450 1532 4507 Πωο
1559 4453 1740 4508 omnia

200 4551 276 4606 pro
303 4541 551 4611 conjugio
599 4541 952 4612 A‘Jthiupissae
994 4541 1201 4613 Moyses
1253 4543 1442 4598 audire
1486 4545 1684 4598 meruit
1710 4561 1740 4598 a

201 4626 414 4688 Domino.
443 4633 652 4689 Verum
684 4633 750 4689 de
784 4633 868 4688 his
896 4633 1108 4704 plenius
1130 4635 1183 4688 in
1209 4634 1350 4689 libro
1379 4634 1739 4691 Numerorum

201 4726 437 4788 prosecuti
477 4741 714 4781 sumus:
755 4740 877 4796 qum
911 4725 957 4780 si
984 4725 1110 4796 quis
1148 4725 1370 4796 dignum
1392 4726 1603 4796 judicat
1637 4742 1738 4781 no-

201 4817 477 4892 scere,_illa
527 4817 830 4887 perquirat.
868 4814 1026 4872 Nunc
1070 4826 1250 4871 autem
1286 4816 1514 4871 sufﬁciat
1548 4833 1743 4888 appro-

201 4902 306 4960 bare
334 4923 394 4962 ex
445 4909 552 4963 his-
579 4908 727 4978 quod
769 4908 885 4978 ipsa
927 4920 1010 4963 est
1052 4909 1228 4980 nigra,
1277 4916 1332 4964 et
1379 4908 1641 4975 formosa,
1689 4919 1743 4966 ct

204 4993 527 5070 Aitbiopissa,
579 5015 744 5070 quam
785 4998 1030 5071 Moyses,
1075 4999 1128 5054 id
1177 5008 1280 5064 est,
1324 5001 1411 5056 lex
1457 5000 1740 5070 spiritalis,

205 5103 302 5157 quae
320 5093 428 5149 sine
455 5095 626 5149 dubio
643 5091 882 5148 Verbum
909 5093 1002 5148 Dei
1018 5101 1070 5147 et
1087 5091 1340 5148 Christus
1358 5100 1461 5160 est,
1487 5093 1540 5148 in
1560 5093 1747 5162 conju-

206 5184 328 5254 gium
357 5203 515 5242 suum
535 5187 778 5253 asciscit,
805 5187 928 5242 licet
957 5185 1260 5265 obtrectent
1281 5185 1605 5256 etderogent
1623 5187 1745 5242 lilia:

206 5274 525 5348 Hierusalem,
539 5281 696 5352 plebs
717 5280 921 5335 scilicet
950 5279 1050 5334 ista
1073 5295 1197 5334 cum
1216 5279 1589 5334 sacerdmibus
1607 5279 1742 5334 suis.

259 5369 532 5430 Videamus
561 5382 744 5429 autem
779 5382 832 5428 et
874 5388 937 5428 ea
984 5387 1106 5442 quae
1135 5386 1199 5426 ex
1238 5371 1399 5426 tertio
1430 5369 1743 5442 Regnorum

207 5459 318 5518 libro
338 5466 660 5535 protulimus
689 5466 756 5521 de
796 5464 982 5533 regina
1036 5463 1200 5528 Saba,
1236 5472 1290 5517 et
1313 5461 1430 5532 ipsa
1467 5461 1744 5516 nihilomi-

208 5569 291 5610 nus
335 5557 685 5630 EthiOpissa,
738 5558 825 5614 cui
894 5557 1270 5613 testimonium
1327 5555 1420 5610 dat
1479 5554 1743 5610 Dominus

265 5746 303 5778 ⁸⁸
357 5747 549 5806 Ierem.
585 5768 774 5816 xxxix,
812 5753 896 5817 I5,
930 5755 1016 5814 Ill.
1057 5755 1143 5816 i7,
1182 5752 1265 5806 18.

1383 5753 1425 5784 ⁸⁵⁸
1453 5751 1615 5806 Num.
1651 5768 1748 5816 xtl,
1780 5751 1836 5805 2.

1849 3246 2124 3310 Christus,
2159 3246 2254 3317 qui
2292 3255 2376 3301 est
2419 3263 2520 3316 pax
2554 3257 2757 3311 nostra,
2801 3244 3102 3300 enuntiavit
3148 3245 3195 3298 ei
3239 3247 3424 3301 omnia

1849 3339 2012 3394 verba
2046 3339 2188 3410 ejus,
2215 3349 2267 3394 et
2304 3354 2411 3394 non
2443 3348 2525 3394 est
2556 3339 2778 3394 verbum
2813 3339 2956 3408 quod
2978 3339 3220 3394 omiserit
3251 3355 3344 3394 rex
3369 3353 3424 3395 et

1850 3447 1958 3486 non
1981 3432 2348 3487 enuntiaverit
2372 3433 2442 3487 ei.
2474 3433 2716 3502 Denique
2743 3449 2868 3488 cum
2905 3433 3016 3502 jam
3052 3442 3263 3502 tempus
3297 3448 3396 3503 pas

1848 3525 2018 3579 sionis
2054 3525 2534 3595 appropinquaret,
2568 3526 2646 3580 sic
2685 3526 2928 3595 loquitur
2967 3526 3034 3580 ad
3061 3540 3204 3591 eam,
3231 3526 3283 3582 id
3313 3537 3420 3592 est,

1847 3617 1916 3672 ad
1947 3618 2150 3674 electus
2182 3619 2481 3689 discipulos
2511 3633 2639 3673 suos
2670 3637 2682 3672 :
2711 3616 2836 3672 1am
2863 3633 2964 3671 non
2993 3619 3168 3671 dicam
3192 3635 3279 3672 vos
3305 3635 3420 3673 ser.-

1847 3727 1956 3776 uos,
1996 3712 2086 3765 sed
2122 3713 2341 3776 amicos,
2381 3714 2508 3782 quia
2549 3729 2726 3766 servus
2767 3714 2930 3768 nescit
2963 3713 3090 3782 quid
3131 3712 3296 3781 faciat
3325 3713 3424 3766 do-

1847 3801 2022 3856 minus
2047 3802 2183 3870 ejus.
2230 3801 2344 3872 Ego
2387 3811 2564 3857 autem
2598 3814 2724 3857 nota
2763 3804 2861 3870 feci
2899 3804 3042 3856 vobis
3071 3805 3249 3857 omnia
3277 3819 3423 3871 qum-

1845 3909 2047 3967 cunque
2067 3895 2247 3950 audivi
2268 3912 2300 3948 a
2325 3895 2480 3949 Patre
2508 3911 2618 3950 meo
2636 3896 2700 3950 ⁸⁸.
2731 3895 2823 3951 Sic
2843 3911 2970 3965 ergo
2998 3895 3250 3965 impletur
3275 3894 3421 3963 quod

1846 3991 2003 4056 dixit,
2028 3993 2156 4061 quia
2179 4005 2288 4044 non
2315 3989 2477 4044 fuerit
2507 3990 2730 4044 verbum
2755 3989 2900 4057 quod
2930 4004 3034 4040 non
3059 3987 3424 4041 eountiaverit

1845 4080 2106 4151 pacificus
2133 4080 2400 4135 Dominus
2436 4080 2636 4150 regium
2671 4079 2825 4133 Saba:
2848 4080 2915 4140 ⁸⁸,
2950 4078 3000 4132 id
3031 4087 3133 4142 est,
3171 4077 3422 4130 Ecclesia:

1846 4188 1912 4229 ex
1936 4171 2189 4243 gentibus
2219 4179 2575 4240 congregatae.
2605 4169 2759 4234 Quod
2790 4169 2833 4222 si
2873 4167 3133 4220 intuearis
3162 4165 3420 4219 Ecclesiae

1845 4274 2070 4327 statum,
2106 4272 2160 4318 et
2189 4261 2623 4325 dispensationcs
2652 4260 2771 4328 ejus
2795 4257 3272 4325 ordinationesque
3295 4255 3419 4326 ejus

1846 4354 2186 4416 consideres,
2236 4361 2364 4408 tunc
2394 4351 2642 4407 advertes
2676 4348 2950 4420 quomodo
2991 4347 3177 4419 regina
3223 4346 3417 4400 mirata

1847 4448 1917 4503 sit
1939 4461 2158 4503 omnem
2184 4444 2519 4514 prudentiam
2546 4441 2874 4498 Salomonis.
2905 4438 3078 4495 Simul
3099 4447 3148 4493 et
3178 4439 3416 4507 require,

1847 4555 1944 4595 cur
1993 4553 2103 4593 non
2154 4537 2352 4592 dixerit
2395 4551 2612 4591 omnem
2664 4532 3006 4604 sapientiam,
3057 4530 3153 4586 sed
3197 4542 3418 4583 omnem

1847 4632 2188 4702 prudentiam
2239 4628 2578 4692 Salomonis;
2636 4626 2895 4696 quoniam
2954 4623 3171 4693 quidem
3220 4619 3420 4676 eruditi

1850 4724 1950 4779 viri
1989 4724 2332 4794 prudentiam
2386 4723 2454 4777 de
2501 4719 2755 4775 humanis
2795 4717 3048 4788 negotiis,
3092 4712 3416 4784 sapientiam

1849 4817 1916 4873 de
1937 4818 2138 4872 divinis
2161 4814 2386 4885 intelligi
2414 4814 2619 4869 volunt.
2648 4811 2856 4867 Idcirco
2880 4809 3130 4865 fortassis
3153 4817 3206 4863 et
3236 4807 3420 4864 Eccle-

1851 4909 1931 4964 sia
1959 4924 2106 4963 nunc
2143 4907 2360 4961 interim
2390 4904 2594 4960 Christi
2633 4901 2978 4973 prudentiam
3007 4900 3258 4965 miratur,
3286 4898 3418 4952 dum

1851 5004 1908 5058 in
1936 5002 2097 5057 terris
2123 5008 2208 5056 est
2235 5006 2288 5054 et
2312 4999 2451 5052 inter
2475 4995 2725 5051 homines
2762 5001 3131 5050 conversatur.
3159 4987 3297 5044 Cum
3321 5002 3421 5042 au-

1849 5104 1958 5150 tem
1987 5091 2196 5147 venerit
2223 5089 2366 5160 quod
2397 5086 2699 5159 perfectum
2729 5095 2833 5151 est,
2867 5092 2920 5139 et
2951 5083 3016 5138 de
3047 5081 3208 5136 terris
3240 5087 3424 5134 trans-

1848 5187 1956 5241 lata
1985 5183 2150 5239 fuerit
2195 5183 2263 5236 ad
2293 5181 2513 5248 ecelum,
2549 5191 2680 5235 tunc
2709 5175 2912 5233 videbit
2945 5188 3162 5229 omnem
3203 5172 3422 5242 sapien-

1849 5279 1982 5333 tiam
2011 5275 2149 5346 ejus,
2180 5289 2304 5330 cum
2329 5273 2442 5344 jam
2475 5286 2584 5327 non
2615 5285 2711 5341 per
2735 5266 2993 5338 speciem,
3041 5281 3148 5321 non
3173 5279 3268 5333 per
3289 5263 3424 5318 reni-

1850 5379 2051 5441 gmata,
2095 5367 2188 5424 sed
2234 5363 2375 5421 facie
2422 5364 2490 5419 ad
2529 5361 2725 5418 faciem
2752 5360 2820 5416 de
2849 5359 3077 5430 singulis
3114 5356 3424 5427 quibusque

1853 5462 2144 5534 perspiciet
2169 5460 2234 5514 “.
2264 5459 2412 5514 Vidit
2443 5466 2620 5512 autem
2659 5465 2712 5510 ct
2749 5454 2967 5509 domum
2994 5465 3157 5521 quam
3188 5448 3426 5504 aediﬁca-

1853 5554 1952 5619 vit,
1989 5555 2106 5610 sine
2136 5551 2303 5606 dubio
2338 5545 2726 5603 incarnationis
2750 5543 2870 5614 ejus
2900 5540 3171 5613 mysteria.
3200 5536 3316 5608 Ipsa
3339 5541 3426 5591 est

2901 5740 2945 5771 "
2975 5737 3168 5793 Matth.
3200 5746 3299 5796 xu,
3329 5731 3419 5784 42.

1930 5750 1977 5781 ⁸⁸
2007 5748 2138 5803 ibid.
2171 5747 2224 5802 ’5.
2324 5745 2366 5776 ⁸¹
2400 5743 2530 5798 ibid.
2558 5741 2610 5808 6,
2654 5743 2705 5807 Ἰ,
2741 5741 2794 5795 8.

211 5814 247 5847 "
272 5819 386 5874 ibid.
457 5821 685 5879 “Joan.
719 5814 810 5888 xv,
847 5814 935 5886 ﬂ,
975 5824 1062 5878 I5.
1134 5814 1184 5856 V"
1211 5822 1278 5877 Ill
1314 5821 1444 5894 Reg.
1479 5840 1530 5876 ιι.
1608 5824 1655 5854 ⁵⁸
1693 5814 1866 5878 lCor.
1896 5836 2018 5889 xm,
2054 5817 2138 5875 12.

487 5919 759 5979 ΡΑτιιυι.
809 5917 927 5981 Gn.
967 5916 1136 5978 XIII.

3072 5903 3109 5960 Ιι-
