  <div class='ocr_page' id='page_1' title='image "/cluster/home/n/w/nwhite01/storage/ocr_20150623/13/hvd.32044019207646/061.png"; bbox 0 0 3872 6532; ppageno 0'>
   <div class='ocr_carea' id='block_1_1' title="bbox 436 341 539 399">
    <p class='ocr_par' dir='ltr' id='par_1_1' title="bbox 436 341 539 399">
     <span class='ocr_line' id='line_1_1' title="bbox 436 341 539 399; baseline -0.019 -2"><span class='ocrx_word' id='word_1_1' title='bbox 436 341 539 399; x_wconf 83' lang='grc'><strong>107</strong></span> 
     </span>
    </p>
   </div>
   <div class='ocr_carea' id='block_1_2' title="bbox 1495 329 2615 394">
    <p class='ocr_par' dir='ltr' id='par_1_2' title="bbox 1495 329 2615 394">
     <span class='ocr_line' id='line_1_2' title="bbox 1495 329 2615 394; baseline -0.007 -2"><span class='ocrx_word' id='word_1_2' title='bbox 1495 334 1816 394; x_wconf 79' lang='lat' dir='ltr'><strong>ORIGENlS</strong></span> <span class='ocrx_word' id='word_1_3' title='bbox 1850 332 1919 389; x_wconf 85' lang='grc' dir='ltr'>ΙΝ</span> <span class='ocrx_word' id='word_1_4' title='bbox 1952 329 2310 390; x_wconf 73' lang='lat' dir='ltr'><strong>CANTICUM</strong></span> <span class='ocrx_word' id='word_1_5' title='bbox 2343 329 2615 386; x_wconf 81' lang='lat' dir='ltr'><strong>CANTIC.</strong></span> 
     </span>
    </p>
   </div>
   <div class='ocr_carea' id='block_1_3' title="bbox 3563 329 3658 384">
    <p class='ocr_par' dir='ltr' id='par_1_3' title="bbox 3563 329 3658 384">
     <span class='ocr_line' id='line_1_3' title="bbox 3563 329 3658 384; baseline 0.021 -2"><span class='ocrx_word' id='word_1_6' title='bbox 3563 329 3658 384; x_wconf 73' lang='grc'><strong>108</strong></span> 
     </span>
    </p>
   </div>
   <div class='ocr_carea' id='block_1_4' title="bbox 433 448 3668 528">
    <p class='ocr_par' dir='ltr' id='par_1_4' title="bbox 433 448 3668 528">
     <span class='ocr_line' id='line_1_4' title="bbox 433 448 3668 528; baseline -0.002 -15"><span class='ocrx_word' id='word_1_7' title='bbox 433 460 576 515; x_wconf 87' lang='lat' dir='ltr'><strong>enim</strong></span> <span class='ocrx_word' id='word_1_8' title='bbox 605 458 799 514; x_wconf 89' lang='lat' dir='ltr'><strong>domus</strong></span> <span class='ocrx_word' id='word_1_9' title='bbox 821 472 983 527; x_wconf 92' lang='lat' dir='ltr'><strong>quam</strong></span> <span class='ocrx_word' id='word_1_10' title='bbox 1011 456 1295 513; x_wconf 85' lang='lat' dir='ltr'><strong>aediﬁcavit</strong></span> <span class='ocrx_word' id='word_1_11' title='bbox 1327 456 1430 514; x_wconf 85' lang='lat' dir='ltr'><strong>sibi</strong></span> <span class='ocrx_word' id='word_1_12' title='bbox 1460 458 1742 528; x_wconf 75' lang='lat' dir='ltr'><strong>sapientia.</strong></span> <span class='ocrx_word' id='word_1_13' title='bbox 1771 455 1919 511; x_wconf 81' lang='lat' dir='ltr'><strong>Vidit</strong></span> <span class='ocrx_word' id='word_1_14' title='bbox 1943 462 1997 512; x_wconf 91' lang='lat' dir='ltr'><strong>et</strong></span> <span class='ocrx_word' id='word_1_15' title='bbox 2029 457 2072 516; x_wconf 81' lang='grc' dir='ltr'><strong>Α</strong></span> <span class='ocrx_word' id='word_1_16' title='bbox 2101 454 2208 509; x_wconf 87' lang='lat' dir='ltr'><strong>suit</strong></span> <span class='ocrx_word' id='word_1_17' title='bbox 2233 461 2284 508; x_wconf 92' lang='lat' dir='ltr'><strong>te</strong></span> <span class='ocrx_word' id='word_1_18' title='bbox 2319 468 2496 523; x_wconf 82' lang='lat' dir='ltr'><strong>regem</strong></span> <span class='ocrx_word' id='word_1_19' title='bbox 2528 465 2690 521; x_wconf 84' lang='lat' dir='ltr'><strong>super</strong></span> <span class='ocrx_word' id='word_1_20' title='bbox 2715 465 2861 506; x_wconf 93' lang='lat' dir='ltr'><strong>eum.</strong></span> <span class='ocrx_word' id='word_1_21' title='bbox 2889 449 3100 516; x_wconf 83' lang='lat' dir='ltr'><strong>Quem?</strong></span> <span class='ocrx_word' id='word_1_22' title='bbox 3123 448 3418 505; x_wconf 88' lang='lat' dir='ltr'><strong>Paciﬁeum</strong></span> <span class='ocrx_word' id='word_1_23' title='bbox 3442 448 3556 504; x_wconf 87' lang='lat' dir='ltr'><strong>sine</strong></span> <span class='ocrx_word' id='word_1_24' title='bbox 3576 450 3668 505; x_wconf 81' lang='lat' dir='ltr'><strong>du-</strong></span> 
     </span>
    </p>
   </div>
   <div class='ocr_carea' id='block_1_5' title="bbox 431 549 1993 620">
    <p class='ocr_par' dir='ltr' id='par_1_5' title="bbox 431 549 1993 620">
     <span class='ocr_line' id='line_1_5' title="bbox 431 549 1993 620; baseline -0.002 -14"><span class='ocrx_word' id='word_1_25' title='bbox 431 551 585 606; x_wconf 81' lang='lat' dir='ltr'><strong>cihos</strong></span> <span class='ocrx_word' id='word_1_26' title='bbox 631 549 961 606; x_wconf 88' lang='lat' dir='ltr'><strong>Salomonis.</strong></span> <span class='ocrx_word' id='word_1_27' title='bbox 1015 550 1139 605; x_wconf 92' lang='lat' dir='ltr'><strong>lllos</strong></span> <span class='ocrx_word' id='word_1_28' title='bbox 1186 558 1319 620; x_wconf 90' lang='lat' dir='ltr'><strong>puto</strong></span> <span class='ocrx_word' id='word_1_29' title='bbox 1374 550 1441 606; x_wconf 91' lang='lat' dir='ltr'><strong>de</strong></span> <span class='ocrx_word' id='word_1_30' title='bbox 1492 551 1692 620; x_wconf 87' lang='lat' dir='ltr'><strong>quibus</strong></span> <span class='ocrx_word' id='word_1_31' title='bbox 1725 549 1993 605; x_wconf 85' lang='lat' dir='ltr'><strong>&#39;dicebat:</strong></span> 
     </span>
    </p>
   </div>
   <div class='ocr_carea' id='block_1_6' title="bbox 433 638 2000 712">
    <p class='ocr_par' dir='ltr' id='par_1_6' title="bbox 433 638 2000 712">
     <span class='ocr_line' id='line_1_6' title="bbox 433 638 2000 712; baseline 0 -18"><span class='ocrx_word' id='word_1_32' title='bbox 433 638 582 696; x_wconf 78' lang='lat' dir='ltr'><strong>Meus</strong></span> <span class='ocrx_word' id='word_1_33' title='bbox 617 639 764 694; x_wconf 86' lang='lat' dir='ltr'><strong>cibus</strong></span> <span class='ocrx_word' id='word_1_34' title='bbox 789 649 886 706; x_wconf 90' lang='lat' dir='ltr'><strong>est,</strong></span> <span class='ocrx_word' id='word_1_35' title='bbox 913 650 970 695; x_wconf 91' lang='lat' dir='ltr'><strong>ut</strong></span> <span class='ocrx_word' id='word_1_36' title='bbox 995 641 1192 711; x_wconf 77' lang='lat' dir='ltr'><strong>faciant</strong></span> <span class='ocrx_word' id='word_1_37' title='bbox 1223 642 1546 696; x_wconf 82' lang='lat' dir='ltr'><strong>voluntatem</strong></span> <span class='ocrx_word' id='word_1_38' title='bbox 1588 641 1702 710; x_wconf 82' lang='lat' dir='ltr'><strong>ejus</strong></span> <span class='ocrx_word' id='word_1_39' title='bbox 1735 641 1824 712; x_wconf 88' lang='lat' dir='ltr'><strong>qui</strong></span> <span class='ocrx_word' id='word_1_40' title='bbox 1855 642 2000 694; x_wconf 87' lang='lat' dir='ltr'><strong>misit</strong></span> 
     </span>
    </p>
   </div>
   <div class='ocr_carea' id='block_1_7' title="bbox 431 730 2003 800">
    <p class='ocr_par' dir='ltr' id='par_1_7' title="bbox 431 730 2003 800">
     <span class='ocr_line' id='line_1_7' title="bbox 431 730 2003 800; baseline 0.001 -18"><span class='ocrx_word' id='word_1_41' title='bbox 431 745 533 797; x_wconf 88' lang='lat' dir='ltr'><strong>me,</strong></span> <span class='ocrx_word' id='word_1_42' title='bbox 569 738 625 783; x_wconf 89' lang='lat' dir='ltr'><strong>ut</strong></span> <span class='ocrx_word' id='word_1_43' title='bbox 654 730 922 799; x_wconf 83' lang='lat' dir='ltr'><strong>perﬁciant</strong></span> <span class='ocrx_word' id='word_1_44' title='bbox 952 747 1077 800; x_wconf 87' lang='lat' dir='ltr'><strong>opus</strong></span> <span class='ocrx_word' id='word_1_45' title='bbox 1105 731 1217 800; x_wconf 88' lang='lat' dir='ltr'><strong>ejus</strong></span> <span class='ocrx_word' id='word_1_46' title='bbox 1237 731 1301 784; x_wconf 78' lang='grc'><strong>⁵⁷.</strong></span> <span class='ocrx_word' id='word_1_47' title='bbox 1347 730 1492 785; x_wconf 83' lang='lat' dir='ltr'><strong>Vidit</strong></span> <span class='ocrx_word' id='word_1_48' title='bbox 1514 739 1568 784; x_wconf 90' lang='lat' dir='ltr'><strong>et</strong></span> <span class='ocrx_word' id='word_1_49' title='bbox 1598 731 1778 786; x_wconf 88' lang='lat' dir='ltr'><strong>sedem</strong></span> <span class='ocrx_word' id='word_1_50' title='bbox 1804 744 2003 800; x_wconf 84' lang='lat' dir='ltr'><strong>puero-</strong></span> 
     </span>
    </p>
   </div>
   <div class='ocr_carea' id='block_1_8' title="bbox 431 820 2001 892">
    <p class='ocr_par' dir='ltr' id='par_1_8' title="bbox 431 820 2001 892">
     <span class='ocr_line' id='line_1_8' title="bbox 431 820 2001 892; baseline 0.001 -18"><span class='ocrx_word' id='word_1_51' title='bbox 431 837 553 875; x_wconf 88' lang='lat' dir='ltr'><strong>rum</strong></span> <span class='ocrx_word' id='word_1_52' title='bbox 581 821 718 891; x_wconf 83' lang='lat' dir='ltr'><strong>ejus.</strong></span> <span class='ocrx_word' id='word_1_53' title='bbox 751 820 1188 877; x_wconf 84' lang='lat' dir='ltr'><strong>Ecclesiasticum</strong></span> <span class='ocrx_word' id='word_1_54' title='bbox 1214 831 1344 892; x_wconf 90' lang='lat' dir='ltr'><strong>puto</strong></span> <span class='ocrx_word' id='word_1_55' title='bbox 1380 822 1624 877; x_wconf 85' lang='lat' dir='ltr'><strong>ordinem</strong></span> <span class='ocrx_word' id='word_1_56' title='bbox 1653 821 1804 887; x_wconf 89' lang='lat' dir='ltr'><strong>dicit,</strong></span> <span class='ocrx_word' id='word_1_57' title='bbox 1829 823 1923 892; x_wconf 87' lang='lat' dir='ltr'><strong>qui</strong></span> <span class='ocrx_word' id='word_1_58' title='bbox 1946 823 2001 876; x_wconf 93' lang='lat' dir='ltr'><strong>in</strong></span> 
     </span>
    </p>
   </div>
   <div class='ocr_carea' id='block_1_9' title="bbox 431 914 2005 986">
    <p class='ocr_par' dir='ltr' id='par_1_9' title="bbox 431 914 2005 986">
     <span class='ocr_line' id='line_1_9' title="bbox 431 914 2005 986; baseline 0.001 -19"><span class='ocrx_word' id='word_1_59' title='bbox 431 914 774 984; x_wconf 89' lang='lat' dir='ltr'><strong>episcopatus</strong></span> <span class='ocrx_word' id='word_1_60' title='bbox 803 914 887 969; x_wconf 90' lang='lat' dir='ltr'><strong>vel</strong></span> <span class='ocrx_word' id='word_1_61' title='bbox 915 915 1230 986; x_wconf 88' lang='lat' dir='ltr'><strong>presbyterii</strong></span> <span class='ocrx_word' id='word_1_62' title='bbox 1254 915 1475 971; x_wconf 88' lang='lat' dir='ltr'><strong>sedibus</strong></span> <span class='ocrx_word' id='word_1_63' title='bbox 1501 915 1751 970; x_wconf 86' lang='lat' dir='ltr'><strong>habetur.</strong></span> <span class='ocrx_word' id='word_1_64' title='bbox 1781 914 1928 970; x_wconf 87' lang='lat' dir='ltr'><strong>Vidit</strong></span> <span class='ocrx_word' id='word_1_65' title='bbox 1950 923 2005 969; x_wconf 90' lang='lat' dir='ltr'><strong>et</strong></span> 
     </span>
    </p>
   </div>
   <div class='ocr_carea' id='block_1_10' title="bbox 431 1004 2004 1077">
    <p class='ocr_par' dir='ltr' id='par_1_10' title="bbox 431 1004 2004 1077">
     <span class='ocr_line' id='line_1_10' title="bbox 431 1004 2004 1077; baseline 0.001 -17"><span class='ocrx_word' id='word_1_66' title='bbox 431 1004 821 1069; x_wconf 81' lang='lat' dir='ltr'><strong>ordinationes,</strong></span> <span class='ocrx_word' id='word_1_67' title='bbox 855 1005 968 1061; x_wconf 89' lang='lat' dir='ltr'><strong>sive</strong></span> <span class='ocrx_word' id='word_1_68' title='bbox 999 1006 1262 1062; x_wconf 83' lang='lat' dir='ltr'><strong>stationes</strong></span> <span class='ocrx_word' id='word_1_69' title='bbox 1289 1007 1667 1062; x_wconf 89' lang='lat' dir='ltr'><strong>ministrorum</strong></span> <span class='ocrx_word' id='word_1_70' title='bbox 1700 1006 1843 1077; x_wconf 89' lang='lat' dir='ltr'><strong>ejus.</strong></span> <span class='ocrx_word' id='word_1_71' title='bbox 1879 1006 2004 1061; x_wconf 90' lang='lat' dir='ltr'><strong>Dia-</strong></span> 
     </span>
    </p>
   </div>
   <div class='ocr_carea' id='block_1_11' title="bbox 431 1097 2005 1165">
    <p class='ocr_par' dir='ltr' id='par_1_11' title="bbox 431 1097 2005 1165">
     <span class='ocr_line' id='line_1_11' title="bbox 431 1097 2005 1165; baseline 0.001 -13"><span class='ocrx_word' id='word_1_72' title='bbox 431 1112 714 1164; x_wconf 89' lang='lat' dir='ltr'><strong>conorum,</strong></span> <span class='ocrx_word' id='word_1_73' title='bbox 748 1106 807 1152; x_wconf 92' lang='lat' dir='ltr'><strong>ut</strong></span> <span class='ocrx_word' id='word_1_74' title='bbox 830 1097 962 1152; x_wconf 91' lang='lat' dir='ltr'><strong>mihi</strong></span> <span class='ocrx_word' id='word_1_75' title='bbox 984 1098 1218 1165; x_wconf 85' lang='lat' dir='ltr'><strong>videtur,</strong></span> <span class='ocrx_word' id='word_1_76' title='bbox 1254 1099 1501 1154; x_wconf 84' lang='lat' dir='ltr'><strong>ordinem</strong></span> <span class='ocrx_word' id='word_1_77' title='bbox 1533 1109 1802 1156; x_wconf 89' lang='lat' dir='ltr'><strong>memorat</strong></span> <span class='ocrx_word' id='word_1_78' title='bbox 1825 1109 2005 1155; x_wconf 89' lang='lat' dir='ltr'><strong>astan-</strong></span> 
     </span>
    </p>
   </div>
   <div class='ocr_carea' id='block_1_12' title="bbox 431 1189 2002 1263">
    <p class='ocr_par' dir='ltr' id='par_1_12' title="bbox 431 1189 2002 1263">
     <span class='ocr_line' id='line_1_12' title="bbox 431 1189 2002 1263; baseline 0.003 -19"><span class='ocrx_word' id='word_1_79' title='bbox 431 1191 566 1245; x_wconf 90' lang='lat' dir='ltr'><strong>tium</strong></span> <span class='ocrx_word' id='word_1_80' title='bbox 617 1189 803 1246; x_wconf 92' lang='lat' dir='ltr'><strong>divino</strong></span> <span class='ocrx_word' id='word_1_81' title='bbox 848 1191 1171 1247; x_wconf 91' lang='lat' dir='ltr'><strong>ministerio.</strong></span> <span class='ocrx_word' id='word_1_82' title='bbox 1219 1190 1325 1247; x_wconf 89' lang='lat' dir='ltr'><strong>Sed</strong></span> <span class='ocrx_word' id='word_1_83' title='bbox 1368 1203 1424 1248; x_wconf 94' lang='lat' dir='ltr'><strong>et</strong></span> <span class='ocrx_word' id='word_1_84' title='bbox 1468 1200 1646 1248; x_wconf 87' lang='lat' dir='ltr'><strong>vestes</strong></span> <span class='ocrx_word' id='word_1_85' title='bbox 1693 1192 1809 1263; x_wconf 86' lang='lat' dir='ltr'><strong>ejus</strong></span> <span class='ocrx_word' id='word_1_86' title='bbox 1850 1193 2002 1249; x_wconf 90' lang='lat' dir='ltr'><strong>vidit.</strong></span> 
     </span>
    </p>
   </div>
   <div class='ocr_carea' id='block_1_13' title="bbox 431 1281 2000 1352">
    <p class='ocr_par' dir='ltr' id='par_1_13' title="bbox 431 1281 2000 1352">
     <span class='ocr_line' id='line_1_13' title="bbox 431 1281 2000 1352; baseline 0 -16"><span class='ocrx_word' id='word_1_87' title='bbox 431 1283 556 1337; x_wconf 87' lang='lat' dir='ltr'><strong>Illas</strong></span> <span class='ocrx_word' id='word_1_88' title='bbox 587 1282 749 1338; x_wconf 89' lang='lat' dir='ltr'><strong>credo</strong></span> <span class='ocrx_word' id='word_1_89' title='bbox 780 1283 981 1352; x_wconf 91' lang='lat' dir='ltr'><strong>quibus</strong></span> <span class='ocrx_word' id='word_1_90' title='bbox 1027 1281 1206 1336; x_wconf 93' lang='lat' dir='ltr'><strong>induit</strong></span> <span class='ocrx_word' id='word_1_91' title='bbox 1246 1297 1360 1350; x_wconf 89' lang='lat' dir='ltr'><strong>eos,</strong></span> <span class='ocrx_word' id='word_1_92' title='bbox 1401 1282 1469 1337; x_wconf 91' lang='lat' dir='ltr'><strong>de</strong></span> <span class='ocrx_word' id='word_1_93' title='bbox 1515 1283 1714 1352; x_wconf 91' lang='lat' dir='ltr'><strong>quibus</strong></span> <span class='ocrx_word' id='word_1_94' title='bbox 1753 1281 1952 1337; x_wconf 88' lang='lat' dir='ltr'><strong>dicitur</strong></span> <span class='ocrx_word' id='word_1_95' title='bbox 1987 1301 2000 1337; x_wconf 91' lang='lat'><strong>:</strong></span> 
     </span>
    </p>
   </div>
   <div class='ocr_carea' id='block_1_14' title="bbox 432 1372 2006 1445">
    <p class='ocr_par' dir='ltr' id='par_1_14' title="bbox 432 1372 2006 1445">
     <span class='ocr_line' id='line_1_14' title="bbox 432 1372 2006 1445; baseline -0.001 -16"><span class='ocrx_word' id='word_1_96' title='bbox 432 1376 739 1445; x_wconf 80' lang='lat' dir='ltr'><strong>Quicunque</strong></span> <span class='ocrx_word' id='word_1_97' title='bbox 763 1383 938 1430; x_wconf 82' lang='lat' dir='ltr'><strong>autent</strong></span> <span class='ocrx_word' id='word_1_98' title='bbox 962 1376 1016 1429; x_wconf 88' lang='lat' dir='ltr'><strong>in</strong></span> <span class='ocrx_word' id='word_1_99' title='bbox 1041 1375 1251 1432; x_wconf 82' lang='lat' dir='ltr'><strong>Christo</strong></span> <span class='ocrx_word' id='word_1_100' title='bbox 1281 1375 1539 1444; x_wconf 79' lang='lat' dir='ltr'><strong>baptizati</strong></span> <span class='ocrx_word' id='word_1_101' title='bbox 1567 1375 1713 1441; x_wconf 83' lang='lat' dir='ltr'><strong>estis,</strong></span> <span class='ocrx_word' id='word_1_102' title='bbox 1737 1372 2006 1428; x_wconf 85' lang='lat' dir='ltr'><strong>Christum</strong></span> 
     </span>
    </p>
   </div>
   <div class='ocr_carea' id='block_1_15' title="bbox 430 1464 2007 1536">
    <p class='ocr_par' dir='ltr' id='par_1_15' title="bbox 430 1464 2007 1536">
     <span class='ocr_line' id='line_1_15' title="bbox 430 1464 2007 1536; baseline -0.001 -15"><span class='ocrx_word' id='word_1_103' title='bbox 430 1468 680 1522; x_wconf 85' lang='lat' dir='ltr'><strong>induistis</strong></span> <span class='ocrx_word' id='word_1_104' title='bbox 709 1467 777 1522; x_wconf 78' lang='grc'><strong>⁵⁸.</strong></span> <span class='ocrx_word' id='word_1_105' title='bbox 817 1466 922 1521; x_wconf 93' lang='lat' dir='ltr'><strong>Sed</strong></span> <span class='ocrx_word' id='word_1_106' title='bbox 953 1476 1006 1522; x_wconf 89' lang='lat' dir='ltr'><strong>et</strong></span> <span class='ocrx_word' id='word_1_107' title='bbox 1039 1468 1151 1522; x_wconf 90' lang='lat' dir='ltr'><strong>vini</strong></span> <span class='ocrx_word' id='word_1_108' title='bbox 1185 1466 1399 1522; x_wconf 84' lang='lat' dir='ltr'><strong>fusores</strong></span> <span class='ocrx_word' id='word_1_109' title='bbox 1431 1467 1575 1536; x_wconf 86' lang='lat' dir='ltr'><strong>ejus,</strong></span> <span class='ocrx_word' id='word_1_110' title='bbox 1612 1465 1850 1521; x_wconf 85' lang='lat' dir='ltr'><strong>arbitror</strong></span> <span class='ocrx_word' id='word_1_111' title='bbox 1898 1464 2007 1520; x_wconf 90' lang='lat' dir='ltr'><strong>dici</strong></span> 
     </span>
    </p>
   </div>
   <div class='ocr_carea' id='block_1_16' title="bbox 433 1555 2006 1627">
    <p class='ocr_par' dir='ltr' id='par_1_16' title="bbox 433 1555 2006 1627">
     <span class='ocr_line' id='line_1_16' title="bbox 433 1555 2006 1627; baseline -0.001 -15"><span class='ocrx_word' id='word_1_112' title='bbox 433 1558 706 1622; x_wconf 87' lang='lat' dir='ltr'><strong>doctores,</strong></span> <span class='ocrx_word' id='word_1_113' title='bbox 738 1557 828 1627; x_wconf 90' lang='lat' dir='ltr'><strong>qui</strong></span> <span class='ocrx_word' id='word_1_114' title='bbox 862 1555 1099 1612; x_wconf 86' lang='lat' dir='ltr'><strong>Verbum</strong></span> <span class='ocrx_word' id='word_1_115' title='bbox 1129 1556 1222 1613; x_wconf 88' lang='lat' dir='ltr'><strong>Dei</strong></span> <span class='ocrx_word' id='word_1_116' title='bbox 1245 1566 1296 1612; x_wconf 90' lang='lat' dir='ltr'><strong>et</strong></span> <span class='ocrx_word' id='word_1_117' title='bbox 1318 1556 1620 1612; x_wconf 84' lang='lat' dir='ltr'><strong>doctrinam</strong></span> <span class='ocrx_word' id='word_1_118' title='bbox 1644 1555 1801 1627; x_wconf 89' lang='lat' dir='ltr'><strong>quasi</strong></span> <span class='ocrx_word' id='word_1_119' title='bbox 1819 1555 2006 1610; x_wconf 91' lang='lat' dir='ltr'><strong>vinum</strong></span> 
     </span>
    </p>
   </div>
   <div class='ocr_carea' id='block_1_17' title="bbox 431 1647 2006 1721">
    <p class='ocr_par' dir='ltr' id='par_1_17' title="bbox 431 1647 2006 1721">
     <span class='ocr_line' id='line_1_17' title="bbox 431 1647 2006 1721; baseline -0.001 -15"><span class='ocrx_word' id='word_1_120' title='bbox 431 1650 648 1721; x_wconf 89' lang='lat' dir='ltr'><strong>populis</strong></span> <span class='ocrx_word' id='word_1_121' title='bbox 700 1650 952 1714; x_wconf 88' lang='lat' dir='ltr'><strong>miscent,</strong></span> <span class='ocrx_word' id='word_1_122' title='bbox 1002 1649 1148 1720; x_wconf 90' lang='lat' dir='ltr'><strong>quod</strong></span> <span class='ocrx_word' id='word_1_123' title='bbox 1191 1649 1502 1704; x_wconf 90' lang='lat' dir='ltr'><strong>auditorum</strong></span> <span class='ocrx_word' id='word_1_124' title='bbox 1544 1649 1708 1704; x_wconf 89' lang='lat' dir='ltr'><strong>corda</strong></span> <span class='ocrx_word' id='word_1_125' title='bbox 1753 1647 2006 1704; x_wconf 68' lang='lat' dir='ltr'><strong>laetiﬁcet.</strong></span> 
     </span>
    </p>
   </div>
   <div class='ocr_carea' id='block_1_18' title="bbox 430 1740 2006 1813">
    <p class='ocr_par' dir='ltr' id='par_1_18' title="bbox 430 1740 2006 1813">
     <span class='ocr_line' id='line_1_18' title="bbox 430 1740 2006 1813; baseline 0 -17"><span class='ocrx_word' id='word_1_126' title='bbox 430 1742 579 1796; x_wconf 88' lang='lat' dir='ltr'><strong>Vidit</strong></span> <span class='ocrx_word' id='word_1_127' title='bbox 611 1749 665 1797; x_wconf 91' lang='lat' dir='ltr'><strong>et</strong></span> <span class='ocrx_word' id='word_1_128' title='bbox 695 1743 1010 1798; x_wconf 87' lang='lat' dir='ltr'><strong>holocausta</strong></span> <span class='ocrx_word' id='word_1_129' title='bbox 1035 1743 1174 1813; x_wconf 89' lang='lat' dir='ltr'><strong>ejus,</strong></span> <span class='ocrx_word' id='word_1_130' title='bbox 1207 1743 1520 1796; x_wconf 88' lang='lat' dir='ltr'><strong>orationum</strong></span> <span class='ocrx_word' id='word_1_131' title='bbox 1543 1740 1660 1796; x_wconf 90' lang='lat' dir='ltr'><strong>sine</strong></span> <span class='ocrx_word' id='word_1_132' title='bbox 1683 1741 1850 1796; x_wconf 90' lang='lat' dir='ltr'><strong>dubio</strong></span> <span class='ocrx_word' id='word_1_133' title='bbox 1875 1755 2006 1810; x_wconf 90' lang='lat' dir='ltr'><strong>sup-</strong></span> 
     </span>
    </p>
   </div>
   <div class='ocr_carea' id='block_1_19' title="bbox 429 1832 2008 1906">
    <p class='ocr_par' dir='ltr' id='par_1_19' title="bbox 429 1832 2008 1906">
     <span class='ocr_line' id='line_1_19' title="bbox 429 1832 2008 1906; baseline -0.001 -19"><span class='ocrx_word' id='word_1_134' title='bbox 429 1834 896 1906; x_wconf 83' lang='lat' dir='ltr'><strong>plicationumque</strong></span> <span class='ocrx_word' id='word_1_135' title='bbox 928 1835 1203 1906; x_wconf 84' lang='lat' dir='ltr'><strong>mysteria.</strong></span> <span class='ocrx_word' id='word_1_136' title='bbox 1231 1833 1357 1889; x_wconf 84' lang='lat' dir='ltr'><strong>Haec</strong></span> <span class='ocrx_word' id='word_1_137' title='bbox 1384 1849 1513 1904; x_wconf 76' lang='lat' dir='ltr'><strong>ergo</strong></span> <span class='ocrx_word' id='word_1_138' title='bbox 1546 1833 1729 1887; x_wconf 89' lang='lat' dir='ltr'><strong>omnia</strong></span> <span class='ocrx_word' id='word_1_139' title='bbox 1758 1832 1846 1886; x_wconf 88' lang='lat' dir='ltr'><strong>ubi</strong></span> <span class='ocrx_word' id='word_1_140' title='bbox 1875 1832 2008 1886; x_wconf 88' lang='lat' dir='ltr'><strong>vidit</strong></span> 
     </span>
    </p>
   </div>
   <div class='ocr_carea' id='block_1_20' title="bbox 431 1923 2007 1996">
    <p class='ocr_par' dir='ltr' id='par_1_20' title="bbox 431 1923 2007 1996">
     <span class='ocr_line' id='line_1_20' title="bbox 431 1923 2007 1996; baseline -0.001 -18"><span class='ocrx_word' id='word_1_141' title='bbox 431 1926 485 1978; x_wconf 94' lang='lat' dir='ltr'><strong>in</strong></span> <span class='ocrx_word' id='word_1_142' title='bbox 523 1926 686 1981; x_wconf 88' lang='lat' dir='ltr'><strong>domo</strong></span> <span class='ocrx_word' id='word_1_143' title='bbox 727 1926 870 1996; x_wconf 80' lang='lat' dir='ltr'><strong>regis</strong></span> <span class='ocrx_word' id='word_1_144' title='bbox 900 1925 1134 1995; x_wconf 88' lang='lat' dir='ltr'><strong>paciﬁci,</strong></span> <span class='ocrx_word' id='word_1_145' title='bbox 1184 1925 1294 1980; x_wconf 92' lang='lat' dir='ltr'><strong>imo</strong></span> <span class='ocrx_word' id='word_1_146' title='bbox 1340 1924 1567 1989; x_wconf 86' lang='lat' dir='ltr'><strong>Christi,</strong></span> <span class='ocrx_word' id='word_1_147' title='bbox 1620 1924 1771 1994; x_wconf 79' lang='lat' dir='ltr'><strong>nigra</strong></span> <span class='ocrx_word' id='word_1_148' title='bbox 1802 1923 1918 1977; x_wconf 66' lang='lat' dir='ltr'><strong>haec</strong></span> <span class='ocrx_word' id='word_1_149' title='bbox 1950 1932 2007 1978; x_wconf 91' lang='lat' dir='ltr'><strong>et</strong></span> 
     </span>
    </p>
   </div>
   <div class='ocr_carea' id='block_1_21' title="bbox 429 2014 2004 2087">
    <p class='ocr_par' dir='ltr' id='par_1_21' title="bbox 429 2014 2004 2087">
     <span class='ocr_line' id='line_1_21' title="bbox 429 2014 2004 2087; baseline -0.002 -16"><span class='ocrx_word' id='word_1_150' title='bbox 429 2016 675 2072; x_wconf 82' lang='lat' dir='ltr'><strong>formosa</strong></span> <span class='ocrx_word' id='word_1_151' title='bbox 701 2016 1004 2087; x_wconf 88' lang='lat' dir='ltr'><strong>obstupuit,</strong></span> <span class='ocrx_word' id='word_1_152' title='bbox 1038 2025 1090 2071; x_wconf 93' lang='lat' dir='ltr'><strong>et</strong></span> <span class='ocrx_word' id='word_1_153' title='bbox 1113 2017 1189 2071; x_wconf 89' lang='lat' dir='ltr'><strong>ait</strong></span> <span class='ocrx_word' id='word_1_154' title='bbox 1220 2016 1287 2070; x_wconf 88' lang='lat' dir='ltr'><strong>ad</strong></span> <span class='ocrx_word' id='word_1_155' title='bbox 1317 2031 1442 2071; x_wconf 92' lang='lat' dir='ltr'><strong>eum</strong></span> <span class='ocrx_word' id='word_1_156' title='bbox 1471 2033 1484 2070; x_wconf 89' lang='lat'><strong>:</strong></span> <span class='ocrx_word' id='word_1_157' title='bbox 1531 2014 1694 2069; x_wconf 84' lang='lat' dir='ltr'><strong>Verus</strong></span> <span class='ocrx_word' id='word_1_158' title='bbox 1724 2025 1800 2069; x_wconf 84' lang='lat' dir='ltr'><strong>est</strong></span> <span class='ocrx_word' id='word_1_159' title='bbox 1834 2030 2004 2068; x_wconf 81' lang='lat' dir='ltr'><strong>sermo</strong></span> 
     </span>
    </p>
   </div>
   <div class='ocr_carea' id='block_1_22' title="bbox 429 2107 2008 2179">
    <p class='ocr_par' dir='ltr' id='par_1_22' title="bbox 429 2107 2008 2179">
     <span class='ocr_line' id='line_1_22' title="bbox 429 2107 2008 2179; baseline -0.001 -16"><span class='ocrx_word' id='word_1_160' title='bbox 429 2125 581 2179; x_wconf 82' lang='lat' dir='ltr'><strong>quem</strong></span> <span class='ocrx_word' id='word_1_161' title='bbox 610 2111 789 2164; x_wconf 85' lang='lat' dir='ltr'><strong>audiui</strong></span> <span class='ocrx_word' id='word_1_162' title='bbox 817 2111 870 2164; x_wconf 89' lang='lat' dir='ltr'><strong>in</strong></span> <span class='ocrx_word' id='word_1_163' title='bbox 905 2119 1046 2174; x_wconf 78' lang='lat' dir='ltr'><strong>terra</strong></span> <span class='ocrx_word' id='word_1_164' title='bbox 1086 2125 1199 2163; x_wconf 90' lang='lat' dir='ltr'><strong>mea</strong></span> <span class='ocrx_word' id='word_1_165' title='bbox 1232 2110 1294 2162; x_wconf 92' lang='lat' dir='ltr'><strong>de</strong></span> <span class='ocrx_word' id='word_1_166' title='bbox 1325 2107 1475 2164; x_wconf 77' lang='lat' dir='ltr'><strong>verba</strong></span> <span class='ocrx_word' id='word_1_167' title='bbox 1508 2118 1596 2162; x_wconf 91' lang='lat' dir='ltr'><strong>tuo</strong></span> <span class='ocrx_word' id='word_1_168' title='bbox 1616 2119 1664 2161; x_wconf 87' lang='lat' dir='ltr'><strong>et</strong></span> <span class='ocrx_word' id='word_1_169' title='bbox 1686 2107 1750 2162; x_wconf 87' lang='lat' dir='ltr'><strong>de</strong></span> <span class='ocrx_word' id='word_1_170' title='bbox 1777 2108 2008 2175; x_wconf 83' lang='lat' dir='ltr'><strong>pruden-</strong></span> 
     </span>
    </p>
   </div>
   <div class='ocr_carea' id='block_1_23' title="bbox 434 2198 2007 2270">
    <p class='ocr_par' dir='ltr' id='par_1_23' title="bbox 434 2198 2007 2270">
     <span class='ocr_line' id='line_1_23' title="bbox 434 2198 2007 2270; baseline -0.002 -16"><span class='ocrx_word' id='word_1_171' title='bbox 434 2203 510 2254; x_wconf 91' lang='lat' dir='ltr'><strong>tia</strong></span> <span class='ocrx_word' id='word_1_172' title='bbox 541 2209 632 2254; x_wconf 90' lang='lat' dir='ltr'><strong>tua</strong></span> <span class='ocrx_word' id='word_1_173' title='bbox 650 2202 715 2252; x_wconf 74' lang='lat'><strong>&#39;9.</strong></span> <span class='ocrx_word' id='word_1_174' title='bbox 744 2199 972 2268; x_wconf 85' lang='lat' dir='ltr'><strong>Propter</strong></span> <span class='ocrx_word' id='word_1_175' title='bbox 1005 2198 1153 2254; x_wconf 91' lang='lat' dir='ltr'><strong>enim</strong></span> <span class='ocrx_word' id='word_1_176' title='bbox 1186 2200 1411 2255; x_wconf 86' lang='lat' dir='ltr'><strong>verbum</strong></span> <span class='ocrx_word' id='word_1_177' title='bbox 1441 2209 1595 2254; x_wconf 93' lang='lat' dir='ltr'><strong>tuum</strong></span> <span class='ocrx_word' id='word_1_178' title='bbox 1629 2199 1772 2270; x_wconf 89' lang='lat' dir='ltr'><strong>quod</strong></span> <span class='ocrx_word' id='word_1_179' title='bbox 1810 2198 2007 2269; x_wconf 82' lang='lat' dir='ltr'><strong>agnovi</strong></span> 
     </span>
    </p>
   </div>
   <div class='ocr_carea' id='block_1_24' title="bbox 431 2288 2007 2356">
    <p class='ocr_par' dir='ltr' id='par_1_24' title="bbox 431 2288 2007 2356">
     <span class='ocr_line' id='line_1_24' title="bbox 431 2288 2007 2356; baseline -0.001 -12"><span class='ocrx_word' id='word_1_180' title='bbox 431 2305 617 2346; x_wconf 89' lang='lat' dir='ltr'><strong>verum</strong></span> <span class='ocrx_word' id='word_1_181' title='bbox 653 2305 772 2344; x_wconf 91' lang='lat' dir='ltr'><strong>esse</strong></span> <span class='ocrx_word' id='word_1_182' title='bbox 794 2291 1178 2356; x_wconf 87' lang='lat' dir='ltr'><strong>verbum,veni</strong></span> <span class='ocrx_word' id='word_1_183' title='bbox 1206 2291 1272 2345; x_wconf 92' lang='lat' dir='ltr'><strong>ad</strong></span> <span class='ocrx_word' id='word_1_184' title='bbox 1304 2299 1373 2344; x_wconf 89' lang='lat' dir='ltr'><strong>te.</strong></span> <span class='ocrx_word' id='word_1_185' title='bbox 1398 2288 1593 2344; x_wconf 89' lang='lat' dir='ltr'><strong>Omnia</strong></span> <span class='ocrx_word' id='word_1_186' title='bbox 1620 2289 1817 2343; x_wconf 88' lang='lat' dir='ltr'><strong>etenim</strong></span> <span class='ocrx_word' id='word_1_187' title='bbox 1843 2289 2007 2344; x_wconf 90' lang='lat' dir='ltr'><strong>verba</strong></span> 
     </span>
    </p>
   </div>
   <div class='ocr_carea' id='block_1_25' title="bbox 432 2379 2007 2452">
    <p class='ocr_par' dir='ltr' id='par_1_25' title="bbox 432 2379 2007 2452">
     <span class='ocr_line' id='line_1_25' title="bbox 432 2379 2007 2452; baseline -0.001 -16"><span class='ocrx_word' id='word_1_188' title='bbox 432 2396 554 2452; x_wconf 77' lang='lat' dir='ltr'><strong>quae</strong></span> <span class='ocrx_word' id='word_1_189' title='bbox 587 2381 719 2435; x_wconf 92' lang='lat' dir='ltr'><strong>mihi</strong></span> <span class='ocrx_word' id='word_1_190' title='bbox 741 2381 1078 2446; x_wconf 88' lang='lat' dir='ltr'><strong>dicebantur,</strong></span> <span class='ocrx_word' id='word_1_191' title='bbox 1109 2390 1163 2436; x_wconf 91' lang='lat' dir='ltr'><strong>et</strong></span> <span class='ocrx_word' id='word_1_192' title='bbox 1197 2395 1318 2450; x_wconf 89' lang='lat' dir='ltr'><strong>quae</strong></span> <span class='ocrx_word' id='word_1_193' title='bbox 1347 2379 1655 2447; x_wconf 85' lang='lat' dir='ltr'><strong>audiebam,</strong></span> <span class='ocrx_word' id='word_1_194' title='bbox 1686 2394 1809 2433; x_wconf 88' lang='lat' dir='ltr'><strong>cum</strong></span> <span class='ocrx_word' id='word_1_195' title='bbox 1830 2394 2007 2434; x_wconf 85' lang='lat' dir='ltr'><strong>essem</strong></span> 
     </span>
    </p>
   </div>
   <div class='ocr_carea' id='block_1_26' title="bbox 433 2471 2008 2542">
    <p class='ocr_par' dir='ltr' id='par_1_26' title="bbox 433 2471 2008 2542">
     <span class='ocr_line' id='line_1_26' title="bbox 433 2471 2008 2542; baseline -0.001 -15"><span class='ocrx_word' id='word_1_196' title='bbox 433 2473 488 2527; x_wconf 94' lang='lat' dir='ltr'><strong>in</strong></span> <span class='ocrx_word' id='word_1_197' title='bbox 523 2483 665 2529; x_wconf 87' lang='lat' dir='ltr'><strong>terra</strong></span> <span class='ocrx_word' id='word_1_198' title='bbox 705 2488 847 2540; x_wconf 89' lang='lat' dir='ltr'><strong>mea,</strong></span> <span class='ocrx_word' id='word_1_199' title='bbox 877 2488 907 2527; x_wconf 89' lang='lat' dir='ltr'><strong>a</strong></span> <span class='ocrx_word' id='word_1_200' title='bbox 939 2473 1255 2529; x_wconf 91' lang='lat' dir='ltr'><strong>doctoribus</strong></span> <span class='ocrx_word' id='word_1_201' title='bbox 1289 2472 1494 2528; x_wconf 85' lang='lat' dir='ltr'><strong>scilicet</strong></span> <span class='ocrx_word' id='word_1_202' title='bbox 1530 2471 1714 2527; x_wconf 74' lang='lat' dir='ltr'><strong>saeculi</strong></span> <span class='ocrx_word' id='word_1_203' title='bbox 1747 2479 1802 2527; x_wconf 93' lang='lat' dir='ltr'><strong>et</strong></span> <span class='ocrx_word' id='word_1_204' title='bbox 1830 2472 2008 2542; x_wconf 91' lang='lat' dir='ltr'><strong>philo-</strong></span> 
     </span>
    </p>
   </div>
   <div class='ocr_carea' id='block_1_27' title="bbox 433 2561 2008 2632">
    <p class='ocr_par' dir='ltr' id='par_1_27' title="bbox 433 2561 2008 2632">
     <span class='ocr_line' id='line_1_27' title="bbox 433 2561 2008 2632; baseline -0.001 -15"><span class='ocrx_word' id='word_1_205' title='bbox 433 2562 641 2632; x_wconf 85' lang='lat' dir='ltr'><strong>sophis,</strong></span> <span class='ocrx_word' id='word_1_206' title='bbox 678 2575 784 2615; x_wconf 92' lang='lat' dir='ltr'><strong>non</strong></span> <span class='ocrx_word' id='word_1_207' title='bbox 824 2569 978 2616; x_wconf 88' lang='lat' dir='ltr'><strong>erant</strong></span> <span class='ocrx_word' id='word_1_208' title='bbox 1005 2576 1154 2617; x_wconf 88' lang='lat' dir='ltr'><strong>vera.</strong></span> <span class='ocrx_word' id='word_1_209' title='bbox 1180 2562 1332 2617; x_wconf 90' lang='lat' dir='ltr'><strong>Istud</strong></span> <span class='ocrx_word' id='word_1_210' title='bbox 1357 2570 1439 2616; x_wconf 91' lang='lat' dir='ltr'><strong>est</strong></span> <span class='ocrx_word' id='word_1_211' title='bbox 1467 2561 1644 2616; x_wconf 90' lang='lat' dir='ltr'><strong>solum</strong></span> <span class='ocrx_word' id='word_1_212' title='bbox 1671 2577 1854 2617; x_wconf 90' lang='lat' dir='ltr'><strong>verum</strong></span> <span class='ocrx_word' id='word_1_213' title='bbox 1889 2577 2008 2616; x_wconf 90' lang='lat' dir='ltr'><strong>ver-</strong></span> 
     </span>
    </p>
   </div>
   <div class='ocr_carea' id='block_1_28' title="bbox 431 2651 2007 2724">
    <p class='ocr_par' dir='ltr' id='par_1_28' title="bbox 431 2651 2007 2724">
     <span class='ocr_line' id='line_1_28' title="bbox 431 2651 2007 2724; baseline 0 -16"><span class='ocrx_word' id='word_1_214' title='bbox 431 2652 560 2708; x_wconf 87' lang='lat' dir='ltr'><strong>bum</strong></span> <span class='ocrx_word' id='word_1_215' title='bbox 592 2653 737 2722; x_wconf 88' lang='lat' dir='ltr'><strong>quod</strong></span> <span class='ocrx_word' id='word_1_216' title='bbox 776 2660 860 2706; x_wconf 89' lang='lat' dir='ltr'><strong>est</strong></span> <span class='ocrx_word' id='word_1_217' title='bbox 900 2653 955 2706; x_wconf 92' lang='lat' dir='ltr'><strong>in</strong></span> <span class='ocrx_word' id='word_1_218' title='bbox 990 2662 1059 2708; x_wconf 90' lang='lat' dir='ltr'><strong>te.</strong></span> <span class='ocrx_word' id='word_1_219' title='bbox 1097 2651 1201 2708; x_wconf 86' lang='lat' dir='ltr'><strong>Sed</strong></span> <span class='ocrx_word' id='word_1_220' title='bbox 1229 2651 1479 2709; x_wconf 84' lang='lat' dir='ltr'><strong>fortassis</strong></span> <span class='ocrx_word' id='word_1_221' title='bbox 1538 2653 1894 2724; x_wconf 73' lang='lat' dir='ltr'><strong>quaerendum</strong></span> <span class='ocrx_word' id='word_1_222' title='bbox 1927 2654 2007 2708; x_wconf 86' lang='lat' dir='ltr'><strong>vi-</strong></span> 
     </span>
    </p>
   </div>
   <div class='ocr_carea' id='block_1_29' title="bbox 431 2743 2004 2816">
    <p class='ocr_par' dir='ltr' id='par_1_29' title="bbox 431 2743 2004 2816">
     <span class='ocr_line' id='line_1_29' title="bbox 431 2743 2004 2816; baseline 0.001 -18"><span class='ocrx_word' id='word_1_223' title='bbox 431 2743 666 2811; x_wconf 90' lang='lat' dir='ltr'><strong>debitur,</strong></span> <span class='ocrx_word' id='word_1_224' title='bbox 707 2744 983 2813; x_wconf 88' lang='lat' dir='ltr'><strong>quomodo</strong></span> <span class='ocrx_word' id='word_1_225' title='bbox 1025 2744 1171 2800; x_wconf 90' lang='lat' dir='ltr'><strong>dicat</strong></span> <span class='ocrx_word' id='word_1_226' title='bbox 1207 2745 1319 2816; x_wconf 81' lang='lat' dir='ltr'><strong>regi</strong></span> <span class='ocrx_word' id='word_1_227' title='bbox 1356 2745 1546 2816; x_wconf 82' lang='lat' dir='ltr'><strong>regina</strong></span> <span class='ocrx_word' id='word_1_228' title='bbox 1574 2746 1708 2811; x_wconf 81' lang='lat' dir='ltr'><strong>haec,</strong></span> <span class='ocrx_word' id='word_1_229' title='bbox 1736 2745 1864 2816; x_wconf 90' lang='lat' dir='ltr'><strong>quia</strong></span> <span class='ocrx_word' id='word_1_230' title='bbox 1892 2760 2004 2800; x_wconf 89' lang='lat' dir='ltr'><strong>non</strong></span> 
     </span>
    </p>
   </div>
   <div class='ocr_carea' id='block_1_30' title="bbox 417 2835 2004 2908">
    <p class='ocr_par' dir='ltr' id='par_1_30' title="bbox 417 2835 2004 2908">
     <span class='ocr_line' id='line_1_30' title="bbox 417 2835 2004 2908; baseline 0.002 -18"><span class='ocrx_word' id='word_1_231' title='bbox 417 2835 630 2892; x_wconf 81' lang='lat' dir='ltr'><strong>credidi</strong></span> <span class='ocrx_word' id='word_1_232' title='bbox 663 2837 748 2891; x_wconf 91' lang='lat' dir='ltr'><strong>his</strong></span> <span class='ocrx_word' id='word_1_233' title='bbox 783 2851 907 2904; x_wconf 72' lang='lat' dir='ltr'><strong>qua:</strong></span> <span class='ocrx_word' id='word_1_234' title='bbox 938 2836 1256 2892; x_wconf 90' lang='lat' dir='ltr'><strong>dicebantur</strong></span> <span class='ocrx_word' id='word_1_235' title='bbox 1283 2837 1416 2891; x_wconf 90' lang='lat' dir='ltr'><strong>mihi</strong></span> <span class='ocrx_word' id='word_1_236' title='bbox 1450 2838 1516 2893; x_wconf 88' lang='lat' dir='ltr'><strong>de</strong></span> <span class='ocrx_word' id='word_1_237' title='bbox 1555 2847 1625 2904; x_wconf 92' lang='lat' dir='ltr'><strong>te,</strong></span> <span class='ocrx_word' id='word_1_238' title='bbox 1663 2853 1788 2893; x_wconf 91' lang='lat' dir='ltr'><strong>cum</strong></span> <span class='ocrx_word' id='word_1_239' title='bbox 1815 2838 2004 2908; x_wconf 89' lang='lat' dir='ltr'><strong>utique</strong></span> 
     </span>
    </p>
   </div>
   <div class='ocr_carea' id='block_1_31' title="bbox 430 2925 2005 2994">
    <p class='ocr_par' dir='ltr' id='par_1_31' title="bbox 430 2925 2005 2994">
     <span class='ocr_line' id='line_1_31' title="bbox 430 2925 2005 2994; baseline 0.001 -13"><span class='ocrx_word' id='word_1_240' title='bbox 430 2941 542 2981; x_wconf 89' lang='lat' dir='ltr'><strong>non</strong></span> <span class='ocrx_word' id='word_1_241' title='bbox 572 2925 808 2981; x_wconf 88' lang='lat' dir='ltr'><strong>venisset</strong></span> <span class='ocrx_word' id='word_1_242' title='bbox 837 2926 906 2981; x_wconf 92' lang='lat' dir='ltr'><strong>ad</strong></span> <span class='ocrx_word' id='word_1_243' title='bbox 936 2925 1240 2994; x_wconf 87' lang='lat' dir='ltr'><strong>Christum,</strong></span> <span class='ocrx_word' id='word_1_244' title='bbox 1263 2926 1368 2983; x_wconf 90' lang='lat' dir='ltr'><strong>nisi</strong></span> <span class='ocrx_word' id='word_1_245' title='bbox 1389 2925 1727 2984; x_wconf 88' lang='lat' dir='ltr'><strong>credidisset.</strong></span> <span class='ocrx_word' id='word_1_246' title='bbox 1755 2925 1861 2984; x_wconf 90' lang='lat' dir='ltr'><strong>Sed</strong></span> <span class='ocrx_word' id='word_1_247' title='bbox 1881 2929 2005 2983; x_wconf 86' lang='lat' dir='ltr'><strong>vide</strong></span> 
     </span>
    </p>
   </div>
   <div class='ocr_carea' id='block_1_32' title="bbox 429 3017 2002 3090">
    <p class='ocr_par' dir='ltr' id='par_1_32' title="bbox 429 3017 2002 3090">
     <span class='ocr_line' id='line_1_32' title="bbox 429 3017 2002 3090; baseline 0.001 -17"><span class='ocrx_word' id='word_1_248' title='bbox 429 3018 476 3073; x_wconf 88' lang='lat' dir='ltr'><strong>si</strong></span> <span class='ocrx_word' id='word_1_249' title='bbox 501 3032 794 3088; x_wconf 82' lang='lat' dir='ltr'><strong>possumus</strong></span> <span class='ocrx_word' id='word_1_250' title='bbox 829 3017 934 3075; x_wconf 89' lang='lat' dir='ltr'><strong>hoc</strong></span> <span class='ocrx_word' id='word_1_251' title='bbox 967 3019 1128 3074; x_wconf 88' lang='lat' dir='ltr'><strong>modo</strong></span> <span class='ocrx_word' id='word_1_252' title='bbox 1171 3019 1381 3076; x_wconf 87' lang='lat' dir='ltr'><strong>solvere</strong></span> <span class='ocrx_word' id='word_1_253' title='bbox 1423 3020 1570 3090; x_wconf 92' lang='lat' dir='ltr'><strong>quod</strong></span> <span class='ocrx_word' id='word_1_254' title='bbox 1600 3021 1840 3090; x_wconf 89' lang='lat' dir='ltr'><strong>ponitur.</strong></span> <span class='ocrx_word' id='word_1_255' title='bbox 1877 3019 2002 3075; x_wconf 88' lang='lat' dir='ltr'><strong>Non</strong></span> 
     </span>
    </p>
   </div>
   <div class='ocr_carea' id='block_1_33' title="bbox 2106 540 3670 612">
    <p class='ocr_par' dir='ltr' id='par_1_33' title="bbox 2106 540 3670 612">
     <span class='ocr_line' id='line_1_33' title="bbox 2106 540 3670 612; baseline 0 -14"><span class='ocrx_word' id='word_1_256' title='bbox 2106 545 2218 599; x_wconf 92' lang='lat' dir='ltr'><strong>bio.</strong></span> <span class='ocrx_word' id='word_1_257' title='bbox 2246 544 2498 599; x_wconf 82' lang='lat' dir='ltr'><strong>Christus</strong></span> <span class='ocrx_word' id='word_1_258' title='bbox 2524 545 2669 598; x_wconf 83' lang='lat' dir='ltr'><strong>enim</strong></span> <span class='ocrx_word' id='word_1_259' title='bbox 2696 551 2780 598; x_wconf 86' lang='lat' dir='ltr'><strong>est</strong></span> <span class='ocrx_word' id='word_1_260' title='bbox 2805 557 2910 611; x_wconf 84' lang='lat' dir='ltr'><strong>pax</strong></span> <span class='ocrx_word' id='word_1_261' title='bbox 2940 550 3149 605; x_wconf 90' lang='lat' dir='ltr'><strong>nostra,</strong></span> <span class='ocrx_word' id='word_1_262' title='bbox 3177 543 3269 611; x_wconf 93' lang='lat' dir='ltr'><strong>qui</strong></span> <span class='ocrx_word' id='word_1_263' title='bbox 3303 540 3433 596; x_wconf 79' lang='lat' dir='ltr'><strong>fecit</strong></span> <span class='ocrx_word' id='word_1_264' title='bbox 3454 550 3670 612; x_wconf 87' lang='lat' dir='ltr'><strong>utraque</strong></span> 
     </span>
    </p>
   </div>
   <div class='ocr_carea' id='block_1_34' title="bbox 2109 633 3670 706">
    <p class='ocr_par' dir='ltr' id='par_1_34' title="bbox 2109 633 3670 706">
     <span class='ocr_line' id='line_1_34' title="bbox 2109 633 3670 706; baseline -0.001 -16"><span class='ocrx_word' id='word_1_265' title='bbox 2109 653 2301 700; x_wconf 91' lang='lat' dir='ltr'><strong>unum,</strong></span> <span class='ocrx_word' id='word_1_266' title='bbox 2326 646 2378 692; x_wconf 90' lang='lat' dir='ltr'><strong>et</strong></span> <span class='ocrx_word' id='word_1_267' title='bbox 2407 636 2645 691; x_wconf 90' lang='lat' dir='ltr'><strong>medium</strong></span> <span class='ocrx_word' id='word_1_268' title='bbox 2669 636 2930 706; x_wconf 91' lang='lat' dir='ltr'><strong>parietem</strong></span> <span class='ocrx_word' id='word_1_269' title='bbox 2955 635 3101 705; x_wconf 89' lang='lat' dir='ltr'><strong>sepis</strong></span> <span class='ocrx_word' id='word_1_270' title='bbox 3127 635 3310 692; x_wconf 87' lang='lat' dir='ltr'><strong>solvit.</strong></span> <span class='ocrx_word' id='word_1_271' title='bbox 3339 633 3401 688; x_wconf 87' lang='lat' dir='ltr'><strong>Et</strong></span> <span class='ocrx_word' id='word_1_272' title='bbox 3423 644 3540 703; x_wconf 91' lang='lat' dir='ltr'><strong>post</strong></span> <span class='ocrx_word' id='word_1_273' title='bbox 3565 636 3670 689; x_wconf 68' lang='lat' dir='ltr'><strong>haec</strong></span> 
     </span>
    </p>
   </div>
   <div class='ocr_carea' id='block_1_35' title="bbox 2103 727 3672 797">
    <p class='ocr_par' dir='ltr' id='par_1_35' title="bbox 2103 727 3672 797">
     <span class='ocr_line' id='line_1_35' title="bbox 2103 727 3672 797; baseline -0.001 -15"><span class='ocrx_word' id='word_1_274' title='bbox 2103 730 2306 791; x_wconf 89' lang='lat' dir='ltr'><strong>omnia,</strong></span> <span class='ocrx_word' id='word_1_275' title='bbox 2329 729 2494 793; x_wconf 83' lang='lat' dir='ltr'><strong>dedit,</strong></span> <span class='ocrx_word' id='word_1_276' title='bbox 2524 728 2719 797; x_wconf 87' lang='lat' dir='ltr'><strong>inquit,</strong></span> <span class='ocrx_word' id='word_1_277' title='bbox 2751 737 2956 780; x_wconf 83' lang='lat' dir='ltr'><strong>centum</strong></span> <span class='ocrx_word' id='word_1_278' title='bbox 2982 727 3166 797; x_wconf 83' lang='lat' dir='ltr'><strong>viginti</strong></span> <span class='ocrx_word' id='word_1_279' title='bbox 3195 727 3396 780; x_wconf 85' lang='lat' dir='ltr'><strong>talenta</strong></span> <span class='ocrx_word' id='word_1_280' title='bbox 3426 727 3543 779; x_wconf 88' lang='lat' dir='ltr'><strong>auri</strong></span> <span class='ocrx_word' id='word_1_281' title='bbox 3573 727 3672 796; x_wconf 80' lang='lat' dir='ltr'><strong>regi</strong></span> 
     </span>
    </p>
   </div>
   <div class='ocr_carea' id='block_1_36' title="bbox 2106 817 3672 890">
    <p class='ocr_par' dir='ltr' id='par_1_36' title="bbox 2106 817 3672 890">
     <span class='ocr_line' id='line_1_36' title="bbox 2106 817 3672 890; baseline -0.003 -15"><span class='ocrx_word' id='word_1_282' title='bbox 2106 819 2383 875; x_wconf 88' lang='lat' dir='ltr'><strong>Salomoni</strong></span> <span class='ocrx_word' id='word_1_283' title='bbox 2409 820 2456 851; x_wconf 65' lang='grc'><strong>⁸⁸</strong></span> <span class='ocrx_word' id='word_1_284' title='bbox 2487 820 2681 890; x_wconf 79' lang='lat' dir='ltr'><strong>regina</strong></span> <span class='ocrx_word' id='word_1_285' title='bbox 2718 817 2881 873; x_wconf 86' lang='lat' dir='ltr'><strong>Saba.</strong></span> <span class='ocrx_word' id='word_1_286' title='bbox 2915 817 3188 873; x_wconf 84' lang='lat' dir='ltr'><strong>Numerus</strong></span> <span class='ocrx_word' id='word_1_287' title='bbox 3225 817 3315 871; x_wconf 92' lang='lat' dir='ltr'><strong>hic</strong></span> <span class='ocrx_word' id='word_1_288' title='bbox 3352 832 3457 872; x_wconf 75' lang='lat' dir='ltr'><strong>cx-x</strong></span> <span class='ocrx_word' id='word_1_289' title='bbox 3493 831 3672 872; x_wconf 86' lang='lat' dir='ltr'><strong>conse-</strong></span> 
     </span>
    </p>
   </div>
   <div class='ocr_carea' id='block_1_37' title="bbox 2104 909 3670 981">
    <p class='ocr_par' dir='ltr' id='par_1_37' title="bbox 2104 909 3670 981">
     <span class='ocr_line' id='line_1_37' title="bbox 2104 909 3670 981; baseline -0.001 -14"><span class='ocrx_word' id='word_1_290' title='bbox 2104 923 2289 968; x_wconf 86' lang='lat' dir='ltr'><strong>cratus</strong></span> <span class='ocrx_word' id='word_1_291' title='bbox 2319 920 2402 967; x_wconf 92' lang='lat' dir='ltr'><strong>est</strong></span> <span class='ocrx_word' id='word_1_292' title='bbox 2429 913 2554 967; x_wconf 71' lang='lat' dir='ltr'><strong>vita:</strong></span> <span class='ocrx_word' id='word_1_293' title='bbox 2587 911 2870 967; x_wconf 91' lang='lat' dir='ltr'><strong>hominum</strong></span> <span class='ocrx_word' id='word_1_294' title='bbox 2897 926 3088 967; x_wconf 88' lang='lat' dir='ltr'><strong>eorum</strong></span> <span class='ocrx_word' id='word_1_295' title='bbox 3113 910 3207 981; x_wconf 93' lang='lat' dir='ltr'><strong>qui</strong></span> <span class='ocrx_word' id='word_1_296' title='bbox 3237 909 3459 965; x_wconf 86' lang='lat' dir='ltr'><strong>fuerunt</strong></span> <span class='ocrx_word' id='word_1_297' title='bbox 3486 910 3538 965; x_wconf 91' lang='lat' dir='ltr'><strong>in</strong></span> <span class='ocrx_word' id='word_1_298' title='bbox 3564 909 3670 965; x_wconf 52' lang='lat' dir='ltr'><strong>dir</strong></span> 
     </span>
    </p>
   </div>
   <div class='ocr_carea' id='block_1_38' title="bbox 2103 1002 3671 1076">
    <p class='ocr_par' dir='ltr' id='par_1_38' title="bbox 2103 1002 3671 1076">
     <span class='ocr_line' id='line_1_38' title="bbox 2103 1002 3671 1076; baseline -0.003 -15"><span class='ocrx_word' id='word_1_299' title='bbox 2103 1005 2206 1061; x_wconf 91' lang='lat' dir='ltr'><strong>bus</strong></span> <span class='ocrx_word' id='word_1_300' title='bbox 2237 1003 2574 1076; x_wconf 52' lang='lat' dir='ltr'><strong>“Noe”,</strong></span> <span class='ocrx_word' id='word_1_301' title='bbox 2626 1003 2824 1072; x_wconf 91' lang='lat' dir='ltr'><strong>quibus</strong></span> <span class='ocrx_word' id='word_1_302' title='bbox 2871 1003 3012 1059; x_wconf 91' lang='lat' dir='ltr'><strong>istud</strong></span> <span class='ocrx_word' id='word_1_303' title='bbox 3070 1002 3388 1059; x_wconf 89' lang='lat' dir='ltr'><strong>conceditur</strong></span> <span class='ocrx_word' id='word_1_304' title='bbox 3449 1002 3671 1071; x_wconf 91' lang='lat' dir='ltr'><strong>spatium</strong></span> 
     </span>
    </p>
   </div>
   <div class='ocr_carea' id='block_1_39' title="bbox 2105 1093 3672 1167">
    <p class='ocr_par' dir='ltr' id='par_1_39' title="bbox 2105 1093 3672 1167">
     <span class='ocr_line' id='line_1_39' title="bbox 2105 1093 3672 1167; baseline -0.002 -15"><span class='ocrx_word' id='word_1_305' title='bbox 2105 1098 2230 1152; x_wconf 59' lang='lat' dir='ltr'><strong>vita</strong></span> <span class='ocrx_word' id='word_1_306' title='bbox 2266 1139 2280 1165; x_wconf 93' lang='lat'><strong>,</strong></span> <span class='ocrx_word' id='word_1_307' title='bbox 2332 1112 2442 1167; x_wconf 94' lang='lat' dir='ltr'><strong>quo</strong></span> <span class='ocrx_word' id='word_1_308' title='bbox 2502 1097 2803 1151; x_wconf 89' lang='lat' dir='ltr'><strong>invitantur</strong></span> <span class='ocrx_word' id='word_1_309' title='bbox 2850 1095 2915 1149; x_wconf 90' lang='lat' dir='ltr'><strong>ad</strong></span> <span class='ocrx_word' id='word_1_310' title='bbox 2966 1095 3366 1165; x_wconf 76' lang='lat' dir='ltr'><strong>paenitentiam.</strong></span> <span class='ocrx_word' id='word_1_311' title='bbox 3417 1093 3537 1166; x_wconf 85' lang='lat' dir='ltr'><strong>Ipse</strong></span> <span class='ocrx_word' id='word_1_312' title='bbox 3585 1111 3672 1149; x_wconf 56' lang='lat' dir='ltr'><strong>au.</strong></span> 
     </span>
    </p>
   </div>
   <div class='ocr_carea' id='block_1_40' title="bbox 2105 1184 3676 1258">
    <p class='ocr_par' dir='ltr' id='par_1_40' title="bbox 2105 1184 3676 1258">
     <span class='ocr_line' id='line_1_40' title="bbox 2105 1184 3676 1258; baseline -0.003 -14"><span class='ocrx_word' id='word_1_313' title='bbox 2105 1198 2214 1244; x_wconf 89' lang='lat' dir='ltr'><strong>tem</strong></span> <span class='ocrx_word' id='word_1_314' title='bbox 2265 1204 2530 1244; x_wconf 91' lang='lat' dir='ltr'><strong>numerus</strong></span> <span class='ocrx_word' id='word_1_315' title='bbox 2571 1203 2839 1243; x_wconf 90' lang='lat' dir='ltr'><strong>annorum</strong></span> <span class='ocrx_word' id='word_1_316' title='bbox 2885 1195 2940 1243; x_wconf 89' lang='lat' dir='ltr'><strong>et</strong></span> <span class='ocrx_word' id='word_1_317' title='bbox 2964 1188 3138 1258; x_wconf 89' lang='lat' dir='ltr'><strong>Moysi</strong></span> <span class='ocrx_word' id='word_1_318' title='bbox 3174 1187 3296 1241; x_wconf 75' lang='lat' dir='ltr'><strong>vitae</strong></span> <span class='ocrx_word' id='word_1_319' title='bbox 3345 1186 3470 1242; x_wconf 84' lang='lat' dir='ltr'><strong>fuit.</strong></span> <span class='ocrx_word' id='word_1_320' title='bbox 3519 1184 3676 1242; x_wconf 74' lang='lat' dir='ltr'><strong>Oll‘ert</strong></span> 
     </span>
    </p>
   </div>
   <div class='ocr_carea' id='block_1_41' title="bbox 2107 1277 3678 1353">
    <p class='ocr_par' dir='ltr' id='par_1_41' title="bbox 2107 1277 3678 1353">
     <span class='ocr_line' id='line_1_41' title="bbox 2107 1277 3678 1353; baseline -0.003 -16"><span class='ocrx_word' id='word_1_321' title='bbox 2107 1297 2238 1353; x_wconf 80' lang='lat' dir='ltr'><strong>ergo</strong></span> <span class='ocrx_word' id='word_1_322' title='bbox 2296 1280 2516 1336; x_wconf 89' lang='lat' dir='ltr'><strong>Christo</strong></span> <span class='ocrx_word' id='word_1_323' title='bbox 2572 1279 2813 1334; x_wconf 88' lang='lat' dir='ltr'><strong>Ecclesia</strong></span> <span class='ocrx_word' id='word_1_324' title='bbox 2865 1279 2918 1332; x_wconf 93' lang='lat' dir='ltr'><strong>in</strong></span> <span class='ocrx_word' id='word_1_325' title='bbox 2963 1278 3081 1332; x_wconf 92' lang='lat' dir='ltr'><strong>auri</strong></span> <span class='ocrx_word' id='word_1_326' title='bbox 3129 1279 3307 1349; x_wconf 87' lang='lat' dir='ltr'><strong>specie</strong></span> <span class='ocrx_word' id='word_1_327' title='bbox 3353 1287 3410 1332; x_wconf 94' lang='lat' dir='ltr'><strong>et</strong></span> <span class='ocrx_word' id='word_1_328' title='bbox 3451 1277 3678 1347; x_wconf 86' lang='lat' dir='ltr'><strong>pondere</strong></span> 
     </span>
    </p>
   </div>
   <div class='ocr_carea' id='block_1_42' title="bbox 2109 1369 3672 1430">
    <p class='ocr_par' dir='ltr' id='par_1_42' title="bbox 2109 1369 3672 1430">
     <span class='ocr_line' id='line_1_42' title="bbox 2109 1369 3672 1430; baseline -0.004 -1"><span class='ocrx_word' id='word_1_329' title='bbox 2109 1389 2218 1430; x_wconf 91' lang='lat' dir='ltr'><strong>non</strong></span> <span class='ocrx_word' id='word_1_330' title='bbox 2267 1373 2443 1430; x_wconf 89' lang='lat' dir='ltr'><strong>solum</strong></span> <span class='ocrx_word' id='word_1_331' title='bbox 2487 1371 2888 1427; x_wconf 87' lang='lat' dir='ltr'><strong>multitudinem</strong></span> <span class='ocrx_word' id='word_1_332' title='bbox 2928 1385 3188 1426; x_wconf 89' lang='lat' dir='ltr'><strong>sensuum</strong></span> <span class='ocrx_word' id='word_1_333' title='bbox 3227 1384 3456 1426; x_wconf 90' lang='lat' dir='ltr'><strong>suorum</strong></span> <span class='ocrx_word' id='word_1_334' title='bbox 3493 1378 3546 1424; x_wconf 91' lang='lat' dir='ltr'><strong>et</strong></span> <span class='ocrx_word' id='word_1_335' title='bbox 3591 1369 3672 1422; x_wconf 87' lang='lat' dir='ltr'><strong>in-</strong></span> 
     </span>
    </p>
   </div>
   <div class='ocr_carea' id='block_1_43' title="bbox 2109 1461 3677 1532">
    <p class='ocr_par' dir='ltr' id='par_1_43' title="bbox 2109 1461 3677 1532">
     <span class='ocr_line' id='line_1_43' title="bbox 2109 1461 3677 1532; baseline -0.004 -12"><span class='ocrx_word' id='word_1_336' title='bbox 2109 1465 2442 1528; x_wconf 88' lang='lat' dir='ltr'><strong>tellectuum,</strong></span> <span class='ocrx_word' id='word_1_337' title='bbox 2474 1462 2569 1518; x_wconf 89' lang='lat' dir='ltr'><strong>sed</strong></span> <span class='ocrx_word' id='word_1_338' title='bbox 2608 1463 2710 1532; x_wconf 80' lang='lat' dir='ltr'><strong>legi</strong></span> <span class='ocrx_word' id='word_1_339' title='bbox 2739 1461 2830 1515; x_wconf 80' lang='lat' dir='ltr'><strong>Dei</strong></span> <span class='ocrx_word' id='word_1_340' title='bbox 2866 1470 3216 1517; x_wconf 89' lang='lat' dir='ltr'><strong>consecratos</strong></span> <span class='ocrx_word' id='word_1_341' title='bbox 3249 1461 3458 1516; x_wconf 90' lang='lat' dir='ltr'><strong>indicat</strong></span> <span class='ocrx_word' id='word_1_342' title='bbox 3491 1475 3677 1516; x_wconf 87' lang='lat' dir='ltr'><strong>sensus</strong></span> 
     </span>
    </p>
   </div>
   <div class='ocr_carea' id='block_1_44' title="bbox 2109 1552 3678 1624">
    <p class='ocr_par' dir='ltr' id='par_1_44' title="bbox 2109 1552 3678 1624">
     <span class='ocr_line' id='line_1_44' title="bbox 2109 1552 3678 1624; baseline -0.002 -13"><span class='ocrx_word' id='word_1_343' title='bbox 2109 1571 2240 1611; x_wconf 85' lang='lat' dir='ltr'><strong>suos</strong></span> <span class='ocrx_word' id='word_1_344' title='bbox 2269 1571 2364 1624; x_wconf 89' lang='lat' dir='ltr'><strong>per</strong></span> <span class='ocrx_word' id='word_1_345' title='bbox 2393 1555 2538 1608; x_wconf 90' lang='lat' dir='ltr'><strong>hunc</strong></span> <span class='ocrx_word' id='word_1_346' title='bbox 2577 1553 2672 1623; x_wconf 95' lang='lat' dir='ltr'><strong>qui</strong></span> <span class='ocrx_word' id='word_1_347' title='bbox 2703 1552 2872 1624; x_wconf 82' lang='lat' dir='ltr'><strong>Moysi</strong></span> <span class='ocrx_word' id='word_1_348' title='bbox 2925 1563 3099 1607; x_wconf 91' lang='lat' dir='ltr'><strong>annos</strong></span> <span class='ocrx_word' id='word_1_349' title='bbox 3129 1552 3254 1608; x_wconf 75' lang='lat' dir='ltr'><strong>vita:</strong></span> <span class='ocrx_word' id='word_1_350' title='bbox 3299 1553 3544 1607; x_wconf 88' lang='lat' dir='ltr'><strong>continet</strong></span> <span class='ocrx_word' id='word_1_351' title='bbox 3579 1567 3678 1608; x_wconf 85' lang='lat' dir='ltr'><strong>nu-</strong></span> 
     </span>
    </p>
   </div>
   <div class='ocr_carea' id='block_1_45' title="bbox 2110 1646 3676 1712">
    <p class='ocr_par' dir='ltr' id='par_1_45' title="bbox 2110 1646 3676 1712">
     <span class='ocr_line' id='line_1_45' title="bbox 2110 1646 3676 1712; baseline -0.003 -9"><span class='ocrx_word' id='word_1_352' title='bbox 2110 1664 2343 1703; x_wconf 88' lang='lat' dir='ltr'><strong>merum.</strong></span> <span class='ocrx_word' id='word_1_353' title='bbox 2405 1646 2573 1703; x_wconf 77' lang='lat' dir='ltr'><strong>Oﬁ‘ert</strong></span> <span class='ocrx_word' id='word_1_354' title='bbox 2621 1647 2783 1703; x_wconf 88' lang='lat' dir='ltr'><strong>etiam</strong></span> <span class='ocrx_word' id='word_1_355' title='bbox 2835 1646 3130 1702; x_wconf 85' lang='lat' dir='ltr'><strong>suavitates</strong></span> <span class='ocrx_word' id='word_1_356' title='bbox 3178 1646 3676 1712; x_wconf 87' lang='lat' dir='ltr'><strong>odoramentorum,</strong></span> 
     </span>
    </p>
   </div>
   <div class='ocr_carea' id='block_1_46' title="bbox 2115 1737 3678 1810">
    <p class='ocr_par' dir='ltr' id='par_1_46' title="bbox 2115 1737 3678 1810">
     <span class='ocr_line' id='line_1_46' title="bbox 2115 1737 3678 1810; baseline -0.002 -15"><span class='ocrx_word' id='word_1_357' title='bbox 2115 1741 2304 1809; x_wconf 88' lang='lat' dir='ltr'><strong>quales</strong></span> <span class='ocrx_word' id='word_1_358' title='bbox 2331 1750 2384 1796; x_wconf 89' lang='lat' dir='ltr'><strong>et</strong></span> <span class='ocrx_word' id='word_1_359' title='bbox 2413 1748 2629 1810; x_wconf 67' lang='lat' dir='ltr'><strong>quantae</strong></span> <span class='ocrx_word' id='word_1_360' title='bbox 2657 1754 2936 1809; x_wconf 87' lang='lat' dir='ltr'><strong>nunquam</strong></span> <span class='ocrx_word' id='word_1_361' title='bbox 2967 1747 3249 1796; x_wconf 87' lang='lat' dir='ltr'><strong>venerant.</strong></span> <span class='ocrx_word' id='word_1_362' title='bbox 3280 1737 3379 1793; x_wconf 86' lang='lat' dir='ltr'><strong>Vel</strong></span> <span class='ocrx_word' id='word_1_363' title='bbox 3413 1739 3678 1792; x_wconf 89' lang='lat' dir='ltr'><strong>orationes</strong></span> 
     </span>
    </p>
   </div>
   <div class='ocr_carea' id='block_1_47' title="bbox 2110 1828 3672 1902">
    <p class='ocr_par' dir='ltr' id='par_1_47' title="bbox 2110 1828 3672 1902">
     <span class='ocr_line' id='line_1_47' title="bbox 2110 1828 3672 1902; baseline -0.003 -14"><span class='ocrx_word' id='word_1_364' title='bbox 2110 1835 2164 1888; x_wconf 91' lang='lat' dir='ltr'><strong>in</strong></span> <span class='ocrx_word' id='word_1_365' title='bbox 2196 1835 2317 1900; x_wconf 90' lang='lat' dir='ltr'><strong>hoc,</strong></span> <span class='ocrx_word' id='word_1_366' title='bbox 2350 1833 2434 1887; x_wconf 86' lang='lat' dir='ltr'><strong>vel</strong></span> <span class='ocrx_word' id='word_1_367' title='bbox 2469 1847 2632 1902; x_wconf 87' lang='lat' dir='ltr'><strong>opera</strong></span> <span class='ocrx_word' id='word_1_368' title='bbox 2663 1832 3049 1887; x_wconf 83' lang='lat' dir='ltr'><strong>misericordiae</strong></span> <span class='ocrx_word' id='word_1_369' title='bbox 3097 1830 3357 1900; x_wconf 78' lang='lat' dir='ltr'><strong>iutellige.</strong></span> <span class='ocrx_word' id='word_1_370' title='bbox 3391 1828 3672 1900; x_wconf 87' lang='lat' dir='ltr'><strong>Nunquam</strong></span> 
     </span>
    </p>
   </div>
   <div class='ocr_carea' id='block_1_48' title="bbox 2108 1922 3678 1989">
    <p class='ocr_par' dir='ltr' id='par_1_48' title="bbox 2108 1922 3678 1989">
     <span class='ocr_line' id='line_1_48' title="bbox 2108 1922 3678 1989; baseline -0.003 -8"><span class='ocrx_word' id='word_1_371' title='bbox 2108 1926 2251 1981; x_wconf 90' lang='lat' dir='ltr'><strong>enim</strong></span> <span class='ocrx_word' id='word_1_372' title='bbox 2287 1925 2369 1979; x_wconf 88' lang='lat' dir='ltr'><strong>vel</strong></span> <span class='ocrx_word' id='word_1_373' title='bbox 2401 1933 2509 1980; x_wconf 91' lang='lat' dir='ltr'><strong>tam</strong></span> <span class='ocrx_word' id='word_1_374' title='bbox 2539 1933 2686 1980; x_wconf 89' lang='lat' dir='ltr'><strong>recte</strong></span> <span class='ocrx_word' id='word_1_375' title='bbox 2715 1933 2986 1989; x_wconf 90' lang='lat' dir='ltr'><strong>oraverat,</strong></span> <span class='ocrx_word' id='word_1_376' title='bbox 3024 1931 3084 1977; x_wconf 91' lang='lat' dir='ltr'><strong>ut</strong></span> <span class='ocrx_word' id='word_1_377' title='bbox 3113 1937 3259 1976; x_wconf 92' lang='lat' dir='ltr'><strong>nunc</strong></span> <span class='ocrx_word' id='word_1_378' title='bbox 3289 1936 3418 1977; x_wconf 89' lang='lat' dir='ltr'><strong>cum</strong></span> <span class='ocrx_word' id='word_1_379' title='bbox 3455 1922 3678 1978; x_wconf 86' lang='lat' dir='ltr'><strong>accessit</strong></span> 
     </span>
    </p>
   </div>
   <div class='ocr_carea' id='block_1_49' title="bbox 2109 2013 3675 2087">
    <p class='ocr_par' dir='ltr' id='par_1_49' title="bbox 2109 2013 3675 2087">
     <span class='ocr_line' id='line_1_49' title="bbox 2109 2013 3675 2087; baseline -0.001 -15"><span class='ocrx_word' id='word_1_380' title='bbox 2109 2017 2177 2072; x_wconf 91' lang='lat' dir='ltr'><strong>ad</strong></span> <span class='ocrx_word' id='word_1_381' title='bbox 2211 2017 2512 2083; x_wconf 86' lang='lat' dir='ltr'><strong>Christum,</strong></span> <span class='ocrx_word' id='word_1_382' title='bbox 2553 2017 2638 2071; x_wconf 89' lang='lat' dir='ltr'><strong>vel</strong></span> <span class='ocrx_word' id='word_1_383' title='bbox 2673 2025 2783 2070; x_wconf 91' lang='lat' dir='ltr'><strong>tam</strong></span> <span class='ocrx_word' id='word_1_384' title='bbox 2829 2017 2916 2086; x_wconf 90' lang='lat' dir='ltr'><strong>pie</strong></span> <span class='ocrx_word' id='word_1_385' title='bbox 2948 2024 3168 2087; x_wconf 88' lang='lat' dir='ltr'><strong>operata</strong></span> <span class='ocrx_word' id='word_1_386' title='bbox 3217 2013 3418 2080; x_wconf 81' lang='lat' dir='ltr'><strong>fuerat,</strong></span> <span class='ocrx_word' id='word_1_387' title='bbox 3465 2022 3526 2070; x_wconf 90' lang='lat' dir='ltr'><strong>ut</strong></span> <span class='ocrx_word' id='word_1_388' title='bbox 3561 2031 3675 2072; x_wconf 90' lang='lat' dir='ltr'><strong>cum</strong></span> 
     </span>
    </p>
   </div>
   <div class='ocr_carea' id='block_1_50' title="bbox 2111 2105 3678 2178">
    <p class='ocr_par' dir='ltr' id='par_1_50' title="bbox 2111 2105 3678 2178">
     <span class='ocr_line' id='line_1_50' title="bbox 2111 2105 3678 2178; baseline -0.001 -14"><span class='ocrx_word' id='word_1_389' title='bbox 2111 2108 2366 2177; x_wconf 79' lang='lat' dir='ltr'><strong>cognovit</strong></span> <span class='ocrx_word' id='word_1_390' title='bbox 2390 2107 2659 2178; x_wconf 88' lang='lat' dir='ltr'><strong>justitiam</strong></span> <span class='ocrx_word' id='word_1_391' title='bbox 2685 2122 2841 2162; x_wconf 92' lang='lat' dir='ltr'><strong>suam</strong></span> <span class='ocrx_word' id='word_1_392' title='bbox 2871 2106 2980 2160; x_wconf 75' lang='lat' dir='ltr'><strong>nun</strong></span> <span class='ocrx_word' id='word_1_393' title='bbox 3010 2105 3189 2161; x_wconf 78' lang='lat' dir='ltr'><strong>facere</strong></span> <span class='ocrx_word' id='word_1_394' title='bbox 3227 2121 3416 2162; x_wconf 88' lang='lat' dir='ltr'><strong>coram</strong></span> <span class='ocrx_word' id='word_1_395' title='bbox 3451 2106 3678 2162; x_wconf 84' lang='lat' dir='ltr'><strong>homini-</strong></span> 
     </span>
    </p>
   </div>
   <div class='ocr_carea' id='block_1_51' title="bbox 2112 2195 3681 2266">
    <p class='ocr_par' dir='ltr' id='par_1_51' title="bbox 2112 2195 3681 2266">
     <span class='ocr_line' id='line_1_51' title="bbox 2112 2195 3681 2266; baseline 0.001 -15"><span class='ocrx_word' id='word_1_396' title='bbox 2112 2197 2238 2264; x_wconf 87' lang='lat' dir='ltr'><strong>bus,</strong></span> <span class='ocrx_word' id='word_1_397' title='bbox 2283 2196 2377 2251; x_wconf 90' lang='lat' dir='ltr'><strong>sed</strong></span> <span class='ocrx_word' id='word_1_398' title='bbox 2417 2211 2603 2250; x_wconf 89' lang='lat' dir='ltr'><strong>coram</strong></span> <span class='ocrx_word' id='word_1_399' title='bbox 2642 2195 2800 2252; x_wconf 88' lang='lat' dir='ltr'><strong>Patre</strong></span> <span class='ocrx_word' id='word_1_400' title='bbox 2830 2196 2923 2266; x_wconf 94' lang='lat' dir='ltr'><strong>qui</strong></span> <span class='ocrx_word' id='word_1_401' title='bbox 2962 2195 3109 2250; x_wconf 89' lang='lat' dir='ltr'><strong>videt</strong></span> <span class='ocrx_word' id='word_1_402' title='bbox 3147 2196 3202 2250; x_wconf 93' lang='lat' dir='ltr'><strong>in</strong></span> <span class='ocrx_word' id='word_1_403' title='bbox 3241 2197 3592 2261; x_wconf 85' lang='lat' dir='ltr'><strong>abscondito,</strong></span> <span class='ocrx_word' id='word_1_404' title='bbox 3632 2207 3681 2254; x_wconf 87' lang='lat' dir='ltr'><strong>et</strong></span> 
     </span>
    </p>
   </div>
   <div class='ocr_carea' id='block_1_52' title="bbox 2111 2288 3679 2358">
    <p class='ocr_par' dir='ltr' id='par_1_52' title="bbox 2111 2288 3679 2358">
     <span class='ocr_line' id='line_1_52' title="bbox 2111 2288 3679 2358; baseline 0.002 -15"><span class='ocrx_word' id='word_1_405' title='bbox 2111 2290 2298 2344; x_wconf 87' lang='lat' dir='ltr'><strong>reddet</strong></span> <span class='ocrx_word' id='word_1_406' title='bbox 2328 2289 2506 2358; x_wconf 75' lang='lat' dir='ltr'><strong>palam</strong></span> <span class='ocrx_word' id='word_1_407' title='bbox 2538 2289 2603 2343; x_wconf 72' lang='grc'><strong>⁵⁸.</strong></span> <span class='ocrx_word' id='word_1_408' title='bbox 2653 2288 2759 2342; x_wconf 84' lang='lat' dir='ltr'><strong>Sed</strong></span> <span class='ocrx_word' id='word_1_409' title='bbox 2799 2289 3029 2342; x_wconf 90' lang='lat' dir='ltr'><strong>multum</strong></span> <span class='ocrx_word' id='word_1_410' title='bbox 3079 2297 3164 2344; x_wconf 84' lang='lat' dir='ltr'><strong>est</strong></span> <span class='ocrx_word' id='word_1_411' title='bbox 3202 2290 3396 2346; x_wconf 88' lang='lat' dir='ltr'><strong>alienis</strong></span> <span class='ocrx_word' id='word_1_412' title='bbox 3449 2290 3502 2345; x_wconf 93' lang='lat' dir='ltr'><strong>in</strong></span> <span class='ocrx_word' id='word_1_413' title='bbox 3555 2291 3679 2346; x_wconf 92' lang='lat' dir='ltr'><strong>locis</strong></span> 
     </span>
    </p>
   </div>
   <div class='ocr_carea' id='block_1_53' title="bbox 2109 2380 3672 2453">
    <p class='ocr_par' dir='ltr' id='par_1_53' title="bbox 2109 2380 3672 2453">
     <span class='ocr_line' id='line_1_53' title="bbox 2109 2380 3672 2453; baseline 0.001 -18"><span class='ocrx_word' id='word_1_414' title='bbox 2109 2380 2271 2436; x_wconf 92' lang='lat' dir='ltr'><strong>simul</strong></span> <span class='ocrx_word' id='word_1_415' title='bbox 2298 2381 2552 2436; x_wconf 88' lang='lat' dir='ltr'><strong>universa</strong></span> <span class='ocrx_word' id='word_1_416' title='bbox 2581 2381 2832 2450; x_wconf 86' lang='lat' dir='ltr'><strong>persequi</strong></span> <span class='ocrx_word' id='word_1_417' title='bbox 2866 2385 2999 2444; x_wconf 66' lang='lat' dir='ltr'><strong>haec,</strong></span> <span class='ocrx_word' id='word_1_418' title='bbox 3025 2396 3146 2451; x_wconf 69' lang='lat' dir='ltr'><strong>qua:</strong></span> <span class='ocrx_word' id='word_1_419' title='bbox 3176 2382 3478 2438; x_wconf 89' lang='lat' dir='ltr'><strong>testimonii</strong></span> <span class='ocrx_word' id='word_1_420' title='bbox 3509 2381 3672 2453; x_wconf 84' lang='lat' dir='ltr'><strong>gratia</strong></span> 
     </span>
    </p>
   </div>
   <div class='ocr_carea' id='block_1_54' title="bbox 2106 2467 3677 2543">
    <p class='ocr_par' dir='ltr' id='par_1_54' title="bbox 2106 2467 3677 2543">
     <span class='ocr_line' id='line_1_54' title="bbox 2106 2467 3677 2543; baseline 0.001 -16"><span class='ocrx_word' id='word_1_421' title='bbox 2106 2473 2358 2527; x_wconf 88' lang='lat' dir='ltr'><strong>videntur</strong></span> <span class='ocrx_word' id='word_1_422' title='bbox 2397 2482 2697 2543; x_wconf 89' lang='lat' dir='ltr'><strong>assumpta.</strong></span> <span class='ocrx_word' id='word_1_423' title='bbox 2755 2471 3034 2527; x_wconf 78' lang='lat' dir='ltr'><strong>Suﬁiciant</strong></span> <span class='ocrx_word' id='word_1_424' title='bbox 3079 2473 3182 2529; x_wconf 87' lang='lat' dir='ltr'><strong>ista</strong></span> <span class='ocrx_word' id='word_1_425' title='bbox 3229 2473 3297 2529; x_wconf 90' lang='lat' dir='ltr'><strong>de</strong></span> <span class='ocrx_word' id='word_1_426' title='bbox 3346 2474 3507 2531; x_wconf 88' lang='lat' dir='ltr'><strong>tertio</strong></span> <span class='ocrx_word' id='word_1_427' title='bbox 3550 2467 3677 2530; x_wconf 86' lang='lat' dir='ltr'><strong>libro</strong></span> 
     </span>
    </p>
   </div>
   <div class='ocr_carea' id='block_1_55' title="bbox 2109 2565 2446 2634">
    <p class='ocr_par' dir='ltr' id='par_1_55' title="bbox 2109 2565 2446 2634">
     <span class='ocr_line' id='line_1_55' title="bbox 2109 2565 2446 2634; baseline -0.006 -14"><span class='ocrx_word' id='word_1_428' title='bbox 2109 2565 2446 2634; x_wconf 82' lang='lat' dir='ltr'><strong>Regnorum.</strong></span> 
     </span>
    </p>
   </div>
   <div class='ocr_carea' id='block_1_56' title="bbox 2183 2649 3678 2729">
    <p class='ocr_par' dir='ltr' id='par_1_56' title="bbox 2183 2649 3678 2729">
     <span class='ocr_line' id='line_1_56' title="bbox 2183 2649 3678 2729; baseline 0.001 -21"><span class='ocrx_word' id='word_1_429' title='bbox 2183 2654 2478 2711; x_wconf 91' lang='lat' dir='ltr'><strong>Videamus</strong></span> <span class='ocrx_word' id='word_1_430' title='bbox 2530 2655 2715 2725; x_wconf 87' lang='lat' dir='ltr'><strong>aliqua</strong></span> <span class='ocrx_word' id='word_1_431' title='bbox 2760 2671 2827 2710; x_wconf 84' lang='lat' dir='ltr'><strong>ex</strong></span> <span class='ocrx_word' id='word_1_432' title='bbox 2870 2649 2964 2712; x_wconf 90' lang='lat' dir='ltr'><strong>his</strong></span> <span class='ocrx_word' id='word_1_433' title='bbox 2993 2672 3112 2726; x_wconf 88' lang='lat' dir='ltr'><strong>quae</strong></span> <span class='ocrx_word' id='word_1_434' title='bbox 3159 2656 3226 2713; x_wconf 91' lang='lat' dir='ltr'><strong>de</strong></span> <span class='ocrx_word' id='word_1_435' title='bbox 3272 2674 3424 2714; x_wconf 83' lang='lat' dir='ltr'><strong>vau</strong></span> <span class='ocrx_word' id='word_1_436' title='bbox 3477 2657 3678 2729; x_wconf 90' lang='lat' dir='ltr'><strong>psalmo</strong></span> 
     </span>
    </p>
   </div>
   <div class='ocr_carea' id='block_1_57' title="bbox 2104 2746 3678 2818">
    <p class='ocr_par' dir='ltr' id='par_1_57' title="bbox 2104 2746 3678 2818">
     <span class='ocr_line' id='line_1_57' title="bbox 2104 2746 3678 2818; baseline 0.001 -17"><span class='ocrx_word' id='word_1_437' title='bbox 2104 2747 2452 2818; x_wconf 89' lang='lat' dir='ltr'><strong>protulimus,</strong></span> <span class='ocrx_word' id='word_1_438' title='bbox 2479 2747 2568 2802; x_wconf 89' lang='lat' dir='ltr'><strong>ubi</strong></span> <span class='ocrx_word' id='word_1_439' title='bbox 2612 2747 2718 2801; x_wconf 90' lang='lat' dir='ltr'><strong>ait:</strong></span> <span class='ocrx_word' id='word_1_440' title='bbox 2743 2746 3025 2817; x_wconf 65' lang='grc' dir='ltr'><strong>ἉΕιΙιὶορὶα</strong></span> <span class='ocrx_word' id='word_1_441' title='bbox 3051 2751 3328 2818; x_wconf 70' lang='lat' dir='ltr'><strong>prwveniet</strong></span> <span class='ocrx_word' id='word_1_442' title='bbox 3357 2766 3544 2804; x_wconf 84' lang='lat' dir='ltr'><strong>manus</strong></span> <span class='ocrx_word' id='word_1_443' title='bbox 3575 2750 3678 2818; x_wconf 84' lang='lat' dir='ltr'><strong>ejus</strong></span> 
     </span>
    </p>
   </div>
   <div class='ocr_carea' id='block_1_58' title="bbox 2111 2840 3680 2911">
    <p class='ocr_par' dir='ltr' id='par_1_58' title="bbox 2111 2840 3680 2911">
     <span class='ocr_line' id='line_1_58' title="bbox 2111 2840 3680 2911; baseline 0.001 -16"><span class='ocrx_word' id='word_1_444' title='bbox 2111 2842 2218 2895; x_wconf 89' lang='lat' dir='ltr'><strong>Deo</strong></span> <span class='ocrx_word' id='word_1_445' title='bbox 2257 2842 2323 2896; x_wconf 76' lang='grc'><strong>⁸⁷.</strong></span> <span class='ocrx_word' id='word_1_446' title='bbox 2393 2840 2449 2895; x_wconf 92' lang='lat' dir='ltr'><strong>Si</strong></span> <span class='ocrx_word' id='word_1_447' title='bbox 2512 2841 2655 2895; x_wconf 90' lang='lat' dir='ltr'><strong>enim</strong></span> <span class='ocrx_word' id='word_1_448' title='bbox 2726 2841 2990 2896; x_wconf 87' lang='lat' dir='ltr'><strong>intuearis</strong></span> <span class='ocrx_word' id='word_1_449' title='bbox 3041 2843 3317 2911; x_wconf 91' lang='lat' dir='ltr'><strong>quomodo</strong></span> <span class='ocrx_word' id='word_1_450' title='bbox 3376 2858 3443 2897; x_wconf 79' lang='lat' dir='ltr'><strong>ex</strong></span> <span class='ocrx_word' id='word_1_451' title='bbox 3494 2842 3680 2898; x_wconf 88' lang='lat' dir='ltr'><strong>delicto</strong></span> 
     </span>
    </p>
   </div>
   <div class='ocr_carea' id='block_1_59' title="bbox 2102 2927 3678 3002">
    <p class='ocr_par' dir='ltr' id='par_1_59' title="bbox 2102 2927 3678 3002">
     <span class='ocr_line' id='line_1_59' title="bbox 2102 2927 3678 3002; baseline 0.003 -19"><span class='ocrx_word' id='word_1_452' title='bbox 2102 2927 2266 2985; x_wconf 84' lang='lat' dir='ltr'><strong>Israel</strong></span> <span class='ocrx_word' id='word_1_453' title='bbox 2313 2930 2382 2986; x_wconf 90' lang='lat' dir='ltr'><strong>sit</strong></span> <span class='ocrx_word' id='word_1_454' title='bbox 2433 2932 2581 2987; x_wconf 90' lang='lat' dir='ltr'><strong>salus</strong></span> <span class='ocrx_word' id='word_1_455' title='bbox 2628 2929 2902 3001; x_wconf 81' lang='lat' dir='ltr'><strong>gentibus,</strong></span> <span class='ocrx_word' id='word_1_456' title='bbox 2945 2940 2999 2986; x_wconf 89' lang='lat' dir='ltr'><strong>et</strong></span> <span class='ocrx_word' id='word_1_457' title='bbox 3039 2933 3182 3001; x_wconf 87' lang='lat' dir='ltr'><strong>quod</strong></span> <span class='ocrx_word' id='word_1_458' title='bbox 3238 2933 3457 2988; x_wconf 91' lang='lat' dir='ltr'><strong>illorum</strong></span> <span class='ocrx_word' id='word_1_459' title='bbox 3503 2933 3678 3002; x_wconf 89' lang='lat' dir='ltr'><strong>lapsus</strong></span> 
     </span>
    </p>
   </div>
   <div class='ocr_carea' id='block_1_60' title="bbox 2103 3022 3675 3096">
    <p class='ocr_par' dir='ltr' id='par_1_60' title="bbox 2103 3022 3675 3096">
     <span class='ocr_line' id='line_1_60' title="bbox 2103 3022 3675 3096; baseline 0.002 -19"><span class='ocrx_word' id='word_1_460' title='bbox 2103 3023 2416 3080; x_wconf 80' lang='lat' dir='ltr'><strong>introeundi</strong></span> <span class='ocrx_word' id='word_1_461' title='bbox 2471 3022 2615 3077; x_wconf 84' lang='lat' dir='ltr'><strong>viam</strong></span> <span class='ocrx_word' id='word_1_462' title='bbox 2675 3023 2990 3078; x_wconf 88' lang='lat' dir='ltr'><strong>nationibus</strong></span> <span class='ocrx_word' id='word_1_463' title='bbox 3035 3024 3215 3090; x_wconf 88' lang='lat' dir='ltr'><strong>dedit,</strong></span> <span class='ocrx_word' id='word_1_464' title='bbox 3252 3025 3504 3082; x_wconf 87' lang='lat' dir='ltr'><strong>advertes</strong></span> <span class='ocrx_word' id='word_1_465' title='bbox 3547 3040 3675 3096; x_wconf 88' lang='lat' dir='ltr'><strong>quo-</strong></span> 
     </span>
    </p>
   </div>
   <div class='ocr_carea' id='block_1_61' title="bbox 427 3110 3678 3200">
    <p class='ocr_par' dir='ltr' id='par_1_61' title="bbox 427 3110 3678 3200">
     <span class='ocr_line' id='line_1_61' title="bbox 427 3110 3678 3200; baseline 0.002 -36"><span class='ocrx_word' id='word_1_466' title='bbox 427 3110 516 3175; x_wconf 85' lang='lat' dir='ltr'><strong>iis,</strong></span> <span class='ocrx_word' id='word_1_467' title='bbox 543 3110 737 3181; x_wconf 90' lang='lat' dir='ltr'><strong>inquit,</strong></span> <span class='ocrx_word' id='word_1_468' title='bbox 769 3111 970 3166; x_wconf 86' lang='lat' dir='ltr'><strong>credidi</strong></span> <span class='ocrx_word' id='word_1_469' title='bbox 986 3113 1076 3182; x_wconf 88' lang='lat' dir='ltr'><strong>qui</strong></span> <span class='ocrx_word' id='word_1_470' title='bbox 1102 3112 1450 3183; x_wconf 85' lang='lat' dir='ltr'><strong>loquebantur</strong></span> <span class='ocrx_word' id='word_1_471' title='bbox 1475 3112 1683 3166; x_wconf 77' lang='lat' dir='ltr'><strong>mihi“.</strong></span> <span class='ocrx_word' id='word_1_472' title='bbox 1710 3110 1829 3166; x_wconf 88' lang='lat' dir='ltr'><strong>Non</strong></span> <span class='ocrx_word' id='word_1_473' title='bbox 1853 3112 1997 3167; x_wconf 91' lang='lat' dir='ltr'><strong>enim</strong></span> <span class='ocrx_word' id='word_1_474' title='bbox 2029 3143 2070 3200; x_wconf 64' lang='grc' dir='ltr'><strong>ρ</strong></span> <span class='ocrx_word' id='word_1_475' title='bbox 2105 3117 2267 3171; x_wconf 90' lang='lat' dir='ltr'><strong>modo</strong></span> <span class='ocrx_word' id='word_1_476' title='bbox 2315 3115 2575 3185; x_wconf 64' lang='lat' dir='ltr'><strong>praevenit</strong></span> <span class='ocrx_word' id='word_1_477' title='bbox 2606 3124 2658 3170; x_wconf 93' lang='lat' dir='ltr'><strong>et</strong></span> <span class='ocrx_word' id='word_1_478' title='bbox 2703 3115 2961 3184; x_wconf 62' lang='lat' dir='ltr'><strong>pracedit</strong></span> <span class='ocrx_word' id='word_1_479' title='bbox 2984 3113 3279 3186; x_wconf 66' lang='lat' dir='ltr'><strong>EthiOpite</strong></span> <span class='ocrx_word' id='word_1_480' title='bbox 3316 3133 3514 3174; x_wconf 89' lang='lat' dir='ltr'><strong>manus</strong></span> <span class='ocrx_word' id='word_1_481' title='bbox 3537 3160 3550 3184; x_wconf 98' lang='lat'><strong>,</strong></span> <span class='ocrx_word' id='word_1_482' title='bbox 3587 3117 3678 3172; x_wconf 89' lang='lat' dir='ltr'><strong>hoc</strong></span> 
     </span>
    </p>
   </div>
   <div class='ocr_carea' id='block_1_62' title="bbox 429 3203 2004 3275">
    <p class='ocr_par' dir='ltr' id='par_1_62' title="bbox 429 3203 2004 3275">
     <span class='ocr_line' id='line_1_62' title="bbox 429 3203 2004 3275; baseline 0.003 -19"><span class='ocrx_word' id='word_1_483' title='bbox 429 3203 589 3259; x_wconf 83' lang='lat' dir='ltr'><strong>ﬁdem</strong></span> <span class='ocrx_word' id='word_1_484' title='bbox 613 3219 791 3260; x_wconf 87' lang='lat' dir='ltr'><strong>meam</strong></span> <span class='ocrx_word' id='word_1_485' title='bbox 831 3204 888 3260; x_wconf 91' lang='lat' dir='ltr'><strong>in</strong></span> <span class='ocrx_word' id='word_1_486' title='bbox 923 3204 1046 3260; x_wconf 91' lang='lat' dir='ltr'><strong>illos</strong></span> <span class='ocrx_word' id='word_1_487' title='bbox 1079 3205 1172 3275; x_wconf 91' lang='lat' dir='ltr'><strong>qui</strong></span> <span class='ocrx_word' id='word_1_488' title='bbox 1202 3205 1370 3260; x_wconf 89' lang='lat' dir='ltr'><strong>locuti</strong></span> <span class='ocrx_word' id='word_1_489' title='bbox 1397 3214 1524 3260; x_wconf 90' lang='lat' dir='ltr'><strong>sunt</strong></span> <span class='ocrx_word' id='word_1_490' title='bbox 1556 3204 1623 3259; x_wconf 90' lang='lat' dir='ltr'><strong>de</strong></span> <span class='ocrx_word' id='word_1_491' title='bbox 1653 3213 1724 3268; x_wconf 89' lang='lat' dir='ltr'><strong>te,</strong></span> <span class='ocrx_word' id='word_1_492' title='bbox 1750 3206 1845 3260; x_wconf 87' lang='lat' dir='ltr'><strong>sed</strong></span> <span class='ocrx_word' id='word_1_493' title='bbox 1874 3205 1927 3259; x_wconf 89' lang='lat' dir='ltr'><strong>in</strong></span> <span class='ocrx_word' id='word_1_494' title='bbox 1952 3213 2004 3260; x_wconf 91' lang='lat' dir='ltr'><strong>te</strong></span> 
     </span>
    </p>
   </div>
   <div class='ocr_carea' id='block_1_63' title="bbox 427 3295 2000 3362">
    <p class='ocr_par' dir='ltr' id='par_1_63' title="bbox 427 3295 2000 3362">
     <span class='ocr_line' id='line_1_63' title="bbox 427 3295 2000 3362; baseline 0.003 -14"><span class='ocrx_word' id='word_1_495' title='bbox 427 3296 624 3362; x_wconf 79' lang='lat' dir='ltr'><strong>direxi,</strong></span> <span class='ocrx_word' id='word_1_496' title='bbox 657 3296 711 3350; x_wconf 91' lang='lat' dir='ltr'><strong>id</strong></span> <span class='ocrx_word' id='word_1_497' title='bbox 741 3304 826 3351; x_wconf 90' lang='lat' dir='ltr'><strong>est</strong></span> <span class='ocrx_word' id='word_1_498' title='bbox 855 3310 965 3352; x_wconf 92' lang='lat' dir='ltr'><strong>non</strong></span> <span class='ocrx_word' id='word_1_499' title='bbox 995 3295 1330 3361; x_wconf 88' lang='lat' dir='ltr'><strong>hominibus,</strong></span> <span class='ocrx_word' id='word_1_500' title='bbox 1380 3295 1475 3351; x_wconf 90' lang='lat' dir='ltr'><strong>sed</strong></span> <span class='ocrx_word' id='word_1_501' title='bbox 1506 3295 1603 3350; x_wconf 91' lang='lat' dir='ltr'><strong>tibi</strong></span> <span class='ocrx_word' id='word_1_502' title='bbox 1640 3295 1844 3351; x_wconf 89' lang='lat' dir='ltr'><strong>credidi</strong></span> <span class='ocrx_word' id='word_1_503' title='bbox 1870 3296 2000 3352; x_wconf 88' lang='lat' dir='ltr'><strong>Deo.</strong></span> 
     </span>
    </p>
   </div>
   <div class='ocr_carea' id='block_1_64' title="bbox 428 3382 2005 3456">
    <p class='ocr_par' dir='ltr' id='par_1_64' title="bbox 428 3382 2005 3456">
     <span class='ocr_line' id='line_1_64' title="bbox 428 3382 2005 3456; baseline 0.003 -18"><span class='ocrx_word' id='word_1_504' title='bbox 428 3382 495 3439; x_wconf 89' lang='lat' dir='ltr'><strong>Et</strong></span> <span class='ocrx_word' id='word_1_505' title='bbox 531 3399 626 3456; x_wconf 88' lang='lat' dir='ltr'><strong>per</strong></span> <span class='ocrx_word' id='word_1_506' title='bbox 650 3385 772 3440; x_wconf 89' lang='lat' dir='ltr'><strong>illos</strong></span> <span class='ocrx_word' id='word_1_507' title='bbox 799 3385 1020 3456; x_wconf 89' lang='lat' dir='ltr'><strong>quidem</strong></span> <span class='ocrx_word' id='word_1_508' title='bbox 1043 3385 1245 3452; x_wconf 87' lang='lat' dir='ltr'><strong>audivi,</strong></span> <span class='ocrx_word' id='word_1_509' title='bbox 1277 3385 1344 3441; x_wconf 88' lang='lat' dir='ltr'><strong>ad</strong></span> <span class='ocrx_word' id='word_1_510' title='bbox 1372 3394 1424 3441; x_wconf 89' lang='lat' dir='ltr'><strong>te</strong></span> <span class='ocrx_word' id='word_1_511' title='bbox 1447 3393 1628 3441; x_wconf 90' lang='lat' dir='ltr'><strong>autem</strong></span> <span class='ocrx_word' id='word_1_512' title='bbox 1648 3388 1796 3454; x_wconf 91' lang='lat' dir='ltr'><strong>veni,</strong></span> <span class='ocrx_word' id='word_1_513' title='bbox 1826 3397 1880 3443; x_wconf 92' lang='lat' dir='ltr'><strong>et</strong></span> <span class='ocrx_word' id='word_1_514' title='bbox 1907 3389 2005 3444; x_wconf 89' lang='lat' dir='ltr'><strong>tibi</strong></span> 
     </span>
    </p>
   </div>
   <div class='ocr_carea' id='block_1_65' title="bbox 429 3476 2002 3547">
    <p class='ocr_par' dir='ltr' id='par_1_65' title="bbox 429 3476 2002 3547">
     <span class='ocr_line' id='line_1_65' title="bbox 429 3476 2002 3547; baseline 0 -16"><span class='ocrx_word' id='word_1_515' title='bbox 429 3476 654 3541; x_wconf 86' lang='lat' dir='ltr'><strong>credidi,</strong></span> <span class='ocrx_word' id='word_1_516' title='bbox 687 3477 828 3547; x_wconf 90' lang='lat' dir='ltr'><strong>apud</strong></span> <span class='ocrx_word' id='word_1_517' title='bbox 857 3490 1018 3546; x_wconf 88' lang='lat' dir='ltr'><strong>quem</strong></span> <span class='ocrx_word' id='word_1_518' title='bbox 1043 3476 1218 3530; x_wconf 91' lang='lat' dir='ltr'><strong>multo</strong></span> <span class='ocrx_word' id='word_1_519' title='bbox 1243 3477 1398 3546; x_wconf 86' lang='lat' dir='ltr'><strong>plura</strong></span> <span class='ocrx_word' id='word_1_520' title='bbox 1424 3477 1676 3532; x_wconf 89' lang='lat' dir='ltr'><strong>viderunt</strong></span> <span class='ocrx_word' id='word_1_521' title='bbox 1702 3478 1847 3533; x_wconf 92' lang='lat' dir='ltr'><strong>oculi</strong></span> <span class='ocrx_word' id='word_1_522' title='bbox 1872 3479 2002 3544; x_wconf 88' lang='lat' dir='ltr'><strong>mei,</strong></span> 
     </span>
    </p>
   </div>
   <div class='ocr_carea' id='block_1_66' title="bbox 430 3566 2005 3640">
    <p class='ocr_par' dir='ltr' id='par_1_66' title="bbox 430 3566 2005 3640">
     <span class='ocr_line' id='line_1_66' title="bbox 430 3566 2005 3640; baseline 0.001 -17"><span class='ocrx_word' id='word_1_523' title='bbox 430 3583 596 3638; x_wconf 89' lang='lat' dir='ltr'><strong>quam</strong></span> <span class='ocrx_word' id='word_1_524' title='bbox 628 3566 1093 3623; x_wconf 88' lang='lat' dir='ltr'><strong>annuntiabantur</strong></span> <span class='ocrx_word' id='word_1_525' title='bbox 1115 3567 1270 3622; x_wconf 89' lang='lat' dir='ltr'><strong>mihi.</strong></span> <span class='ocrx_word' id='word_1_526' title='bbox 1308 3567 1515 3624; x_wconf 84' lang='lat' dir='ltr'><strong>Revera</strong></span> <span class='ocrx_word' id='word_1_527' title='bbox 1554 3570 1698 3624; x_wconf 90' lang='lat' dir='ltr'><strong>enim</strong></span> <span class='ocrx_word' id='word_1_528' title='bbox 1724 3585 1848 3625; x_wconf 92' lang='lat' dir='ltr'><strong>cum</strong></span> <span class='ocrx_word' id='word_1_529' title='bbox 1883 3585 2005 3640; x_wconf 91' lang='lat' dir='ltr'><strong>per-</strong></span> 
     </span>
    </p>
   </div>
   <div class='ocr_carea' id='block_1_67' title="bbox 428 3659 2005 3732">
    <p class='ocr_par' dir='ltr' id='par_1_67' title="bbox 428 3659 2005 3732">
     <span class='ocr_line' id='line_1_67' title="bbox 428 3659 2005 3732; baseline 0.004 -21"><span class='ocrx_word' id='word_1_530' title='bbox 428 3661 638 3716; x_wconf 78' lang='lat' dir='ltr'><strong>venerit</strong></span> <span class='ocrx_word' id='word_1_531' title='bbox 676 3659 832 3732; x_wconf 79' lang='lat' dir='ltr'><strong>nigra</strong></span> <span class='ocrx_word' id='word_1_532' title='bbox 871 3660 986 3716; x_wconf 88' lang='lat' dir='ltr'><strong>haec</strong></span> <span class='ocrx_word' id='word_1_533' title='bbox 1017 3669 1072 3715; x_wconf 91' lang='lat' dir='ltr'><strong>et</strong></span> <span class='ocrx_word' id='word_1_534' title='bbox 1099 3659 1338 3715; x_wconf 83' lang='lat' dir='ltr'><strong>formosa</strong></span> <span class='ocrx_word' id='word_1_535' title='bbox 1367 3661 1422 3715; x_wconf 90' lang='lat' dir='ltr'><strong>in</strong></span> <span class='ocrx_word' id='word_1_536' title='bbox 1455 3660 1791 3716; x_wconf 82' lang='lat' dir='ltr'><strong>Hierusalem</strong></span> <span class='ocrx_word' id='word_1_537' title='bbox 1839 3663 2005 3718; x_wconf 77' lang='lat' dir='ltr'><strong>coele-</strong></span> 
     </span>
    </p>
   </div>
   <div class='ocr_carea' id='block_1_68' title="bbox 429 3748 2005 3819">
    <p class='ocr_par' dir='ltr' id='par_1_68' title="bbox 429 3748 2005 3819">
     <span class='ocr_line' id='line_1_68' title="bbox 429 3748 2005 3819; baseline -0.001 -13"><span class='ocrx_word' id='word_1_538' title='bbox 429 3758 591 3817; x_wconf 87' lang='lat' dir='ltr'><strong>stem,</strong></span> <span class='ocrx_word' id='word_1_539' title='bbox 614 3758 668 3804; x_wconf 92' lang='lat' dir='ltr'><strong>et</strong></span> <span class='ocrx_word' id='word_1_540' title='bbox 693 3749 939 3819; x_wconf 83' lang='lat' dir='ltr'><strong>ingressa</strong></span> <span class='ocrx_word' id='word_1_541' title='bbox 969 3748 1134 3802; x_wconf 84' lang='lat' dir='ltr'><strong>fuerit</strong></span> <span class='ocrx_word' id='word_1_542' title='bbox 1154 3748 1419 3803; x_wconf 87' lang='lat' dir='ltr'><strong>visionem</strong></span> <span class='ocrx_word' id='word_1_543' title='bbox 1445 3749 1617 3818; x_wconf 90' lang='lat' dir='ltr'><strong>pacis,</strong></span> <span class='ocrx_word' id='word_1_544' title='bbox 1649 3749 1820 3804; x_wconf 88' lang='lat' dir='ltr'><strong>multo</strong></span> <span class='ocrx_word' id='word_1_545' title='bbox 1850 3750 2005 3818; x_wconf 89' lang='lat' dir='ltr'><strong>plura</strong></span> 
     </span>
    </p>
   </div>
   <div class='ocr_carea' id='block_1_69' title="bbox 427 3837 2002 3909">
    <p class='ocr_par' dir='ltr' id='par_1_69' title="bbox 427 3837 2002 3909">
     <span class='ocr_line' id='line_1_69' title="bbox 427 3837 2002 3909; baseline -0.003 -15"><span class='ocrx_word' id='word_1_546' title='bbox 427 3847 484 3894; x_wconf 88' lang='lat' dir='ltr'><strong>et</strong></span> <span class='ocrx_word' id='word_1_547' title='bbox 524 3837 992 3909; x_wconf 82' lang='lat' dir='ltr'><strong>magniﬁcentiora</strong></span> <span class='ocrx_word' id='word_1_548' title='bbox 1040 3850 1202 3906; x_wconf 91' lang='lat' dir='ltr'><strong>quam</strong></span> <span class='ocrx_word' id='word_1_549' title='bbox 1236 3851 1383 3891; x_wconf 90' lang='lat' dir='ltr'><strong>nunc</strong></span> <span class='ocrx_word' id='word_1_550' title='bbox 1415 3837 1464 3890; x_wconf 88' lang='lat' dir='ltr'><strong>ei</strong></span> <span class='ocrx_word' id='word_1_551' title='bbox 1499 3843 1628 3892; x_wconf 90' lang='lat' dir='ltr'><strong>sunt</strong></span> <span class='ocrx_word' id='word_1_552' title='bbox 1659 3837 2002 3905; x_wconf 87' lang='lat' dir='ltr'><strong>annuntiata,</strong></span> 
     </span>
    </p>
   </div>
   <div class='ocr_carea' id='block_1_70' title="bbox 430 3925 2005 3999">
    <p class='ocr_par' dir='ltr' id='par_1_70' title="bbox 430 3925 2005 3999">
     <span class='ocr_line' id='line_1_70' title="bbox 430 3925 2005 3999; baseline -0.001 -15"><span class='ocrx_word' id='word_1_553' title='bbox 430 3927 739 3999; x_wconf 86' lang='lat' dir='ltr'><strong>perspiciet.</strong></span> <span class='ocrx_word' id='word_1_554' title='bbox 770 3925 926 3982; x_wconf 90' lang='lat' dir='ltr'><strong>Nunc</strong></span> <span class='ocrx_word' id='word_1_555' title='bbox 955 3928 1099 3982; x_wconf 89' lang='lat' dir='ltr'><strong>enim</strong></span> <span class='ocrx_word' id='word_1_556' title='bbox 1140 3935 1401 3998; x_wconf 87' lang='lat' dir='ltr'><strong>tanquam</strong></span> <span class='ocrx_word' id='word_1_557' title='bbox 1435 3928 1491 3982; x_wconf 90' lang='lat' dir='ltr'><strong>in</strong></span> <span class='ocrx_word' id='word_1_558' title='bbox 1522 3927 1745 3996; x_wconf 88' lang='lat' dir='ltr'><strong>speculo</strong></span> <span class='ocrx_word' id='word_1_559' title='bbox 1780 3936 1834 3982; x_wconf 91' lang='lat' dir='ltr'><strong>et</strong></span> <span class='ocrx_word' id='word_1_560' title='bbox 1867 3929 2005 3982; x_wconf 86' lang='lat' dir='ltr'><strong>aeni-</strong></span> 
     </span>
    </p>
   </div>
   <div class='ocr_carea' id='block_1_71' title="bbox 428 4016 2004 4088">
    <p class='ocr_par' dir='ltr' id='par_1_71' title="bbox 428 4016 2004 4088">
     <span class='ocr_line' id='line_1_71' title="bbox 428 4016 2004 4088; baseline 0 -16"><span class='ocrx_word' id='word_1_561' title='bbox 428 4027 630 4088; x_wconf 80' lang='lat' dir='ltr'><strong>gmate,</strong></span> <span class='ocrx_word' id='word_1_562' title='bbox 662 4027 794 4073; x_wconf 92' lang='lat' dir='ltr'><strong>tunc</strong></span> <span class='ocrx_word' id='word_1_563' title='bbox 823 4026 1000 4072; x_wconf 89' lang='lat' dir='ltr'><strong>autem</strong></span> <span class='ocrx_word' id='word_1_564' title='bbox 1038 4017 1240 4072; x_wconf 86' lang='lat' dir='ltr'><strong>videbit</strong></span> <span class='ocrx_word' id='word_1_565' title='bbox 1277 4016 1415 4072; x_wconf 92' lang='lat' dir='ltr'><strong>facie</strong></span> <span class='ocrx_word' id='word_1_566' title='bbox 1452 4017 1519 4072; x_wconf 93' lang='lat' dir='ltr'><strong>ad</strong></span> <span class='ocrx_word' id='word_1_567' title='bbox 1564 4017 1754 4072; x_wconf 90' lang='lat' dir='ltr'><strong>faciem</strong></span> <span class='ocrx_word' id='word_1_568' title='bbox 1777 4016 1843 4083; x_wconf 77' lang='lat'><strong>“,</strong></span> <span class='ocrx_word' id='word_1_569' title='bbox 1879 4033 2004 4073; x_wconf 90' lang='lat' dir='ltr'><strong>eum</strong></span> 
     </span>
    </p>
   </div>
   <div class='ocr_carea' id='block_1_72' title="bbox 431 4111 2006 4182">
    <p class='ocr_par' dir='ltr' id='par_1_72' title="bbox 431 4111 2006 4182">
     <span class='ocr_line' id='line_1_72' title="bbox 431 4111 2006 4182; baseline -0.001 -15"><span class='ocrx_word' id='word_1_570' title='bbox 431 4124 793 4182; x_wconf 84' lang='lat' dir='ltr'><strong>consequetur</strong></span> <span class='ocrx_word' id='word_1_571' title='bbox 819 4126 881 4165; x_wconf 92' lang='lat' dir='ltr'><strong>ea</strong></span> <span class='ocrx_word' id='word_1_572' title='bbox 913 4126 1035 4181; x_wconf 74' lang='lat' dir='ltr'><strong>qua:</strong></span> <span class='ocrx_word' id='word_1_573' title='bbox 1058 4111 1249 4166; x_wconf 89' lang='lat' dir='ltr'><strong>oculus</strong></span> <span class='ocrx_word' id='word_1_574' title='bbox 1273 4125 1381 4165; x_wconf 88' lang='lat' dir='ltr'><strong>non</strong></span> <span class='ocrx_word' id='word_1_575' title='bbox 1409 4111 1564 4179; x_wconf 90' lang='lat' dir='ltr'><strong>vidit,</strong></span> <span class='ocrx_word' id='word_1_576' title='bbox 1604 4127 1704 4166; x_wconf 90' lang='lat' dir='ltr'><strong>nec</strong></span> <span class='ocrx_word' id='word_1_577' title='bbox 1735 4112 1882 4166; x_wconf 86' lang='lat' dir='ltr'><strong>auris</strong></span> <span class='ocrx_word' id='word_1_578' title='bbox 1903 4127 2006 4166; x_wconf 80' lang='lat' dir='ltr'><strong>au-</strong></span> 
     </span>
    </p>
   </div>
   <div class='ocr_carea' id='block_1_73' title="bbox 428 4201 2006 4267">
    <p class='ocr_par' dir='ltr' id='par_1_73' title="bbox 428 4201 2006 4267">
     <span class='ocr_line' id='line_1_73' title="bbox 428 4201 2006 4267; baseline -0.002 -9"><span class='ocrx_word' id='word_1_579' title='bbox 428 4202 582 4267; x_wconf 88' lang='lat' dir='ltr'><strong>divit,</strong></span> <span class='ocrx_word' id='word_1_580' title='bbox 616 4217 715 4257; x_wconf 90' lang='lat' dir='ltr'><strong>nec</strong></span> <span class='ocrx_word' id='word_1_581' title='bbox 743 4202 798 4256; x_wconf 92' lang='lat' dir='ltr'><strong>in</strong></span> <span class='ocrx_word' id='word_1_582' title='bbox 834 4217 930 4257; x_wconf 89' lang='lat' dir='ltr'><strong>cor</strong></span> <span class='ocrx_word' id='word_1_583' title='bbox 963 4201 1199 4256; x_wconf 90' lang='lat' dir='ltr'><strong>hominis</strong></span> <span class='ocrx_word' id='word_1_584' title='bbox 1237 4203 1618 4257; x_wconf 85' lang='lat' dir='ltr'><strong>ascenderunt.</strong></span> <span class='ocrx_word' id='word_1_585' title='bbox 1657 4201 1717 4255; x_wconf 86' lang='lat' dir='ltr'><strong>El</strong></span> <span class='ocrx_word' id='word_1_586' title='bbox 1753 4213 1884 4258; x_wconf 90' lang='lat' dir='ltr'><strong>tunc</strong></span> <span class='ocrx_word' id='word_1_587' title='bbox 1927 4204 2006 4256; x_wconf 87' lang='lat' dir='ltr'><strong>vi-</strong></span> 
     </span>
    </p>
   </div>
   <div class='ocr_carea' id='block_1_74' title="bbox 433 4291 2005 4363">
    <p class='ocr_par' dir='ltr' id='par_1_74' title="bbox 433 4291 2005 4363">
     <span class='ocr_line' id='line_1_74' title="bbox 433 4291 2005 4363; baseline 0.002 -17"><span class='ocrx_word' id='word_1_588' title='bbox 433 4292 602 4357; x_wconf 87' lang='lat' dir='ltr'><strong>debit,</strong></span> <span class='ocrx_word' id='word_1_589' title='bbox 638 4292 764 4361; x_wconf 86' lang='lat' dir='ltr'><strong>quia</strong></span> <span class='ocrx_word' id='word_1_590' title='bbox 787 4305 891 4346; x_wconf 88' lang='lat' dir='ltr'><strong>nec</strong></span> <span class='ocrx_word' id='word_1_591' title='bbox 918 4291 1180 4347; x_wconf 88' lang='lat' dir='ltr'><strong>medietas</strong></span> <span class='ocrx_word' id='word_1_592' title='bbox 1212 4308 1402 4347; x_wconf 89' lang='lat' dir='ltr'><strong>eorum</strong></span> <span class='ocrx_word' id='word_1_593' title='bbox 1425 4301 1526 4358; x_wconf 87' lang='lat' dir='ltr'><strong>est,</strong></span> <span class='ocrx_word' id='word_1_594' title='bbox 1551 4309 1673 4363; x_wconf 66' lang='lat' dir='ltr'><strong>qua:</strong></span> <span class='ocrx_word' id='word_1_595' title='bbox 1707 4294 1913 4349; x_wconf 89' lang='lat' dir='ltr'><strong>audivit</strong></span> <span class='ocrx_word' id='word_1_596' title='bbox 1950 4295 2005 4350; x_wconf 92' lang='lat' dir='ltr'><strong>in</strong></span> 
     </span>
    </p>
   </div>
   <div class='ocr_carea' id='block_1_75' title="bbox 427 4381 2005 4454">
    <p class='ocr_par' dir='ltr' id='par_1_75' title="bbox 427 4381 2005 4454">
     <span class='ocr_line' id='line_1_75' title="bbox 427 4381 2005 4454; baseline 0.004 -19"><span class='ocrx_word' id='word_1_597' title='bbox 427 4384 530 4436; x_wconf 87' lang='lat' dir='ltr'><strong>hac</strong></span> <span class='ocrx_word' id='word_1_598' title='bbox 557 4395 656 4436; x_wconf 85' lang='lat' dir='ltr'><strong>sua</strong></span> <span class='ocrx_word' id='word_1_599' title='bbox 687 4390 831 4436; x_wconf 88' lang='lat' dir='ltr'><strong>terra</strong></span> <span class='ocrx_word' id='word_1_600' title='bbox 857 4383 1055 4451; x_wconf 87' lang='lat' dir='ltr'><strong>posita.</strong></span> <span class='ocrx_word' id='word_1_601' title='bbox 1092 4381 1271 4438; x_wconf 74' lang='lat' dir='ltr'><strong>Beata:</strong></span> <span class='ocrx_word' id='word_1_602' title='bbox 1303 4398 1432 4454; x_wconf 83' lang='lat' dir='ltr'><strong>ergo</strong></span> <span class='ocrx_word' id='word_1_603' title='bbox 1461 4395 1587 4438; x_wconf 89' lang='lat' dir='ltr'><strong>sunt</strong></span> <span class='ocrx_word' id='word_1_604' title='bbox 1607 4386 1866 4441; x_wconf 88' lang='lat' dir='ltr'><strong>mulieres</strong></span> <span class='ocrx_word' id='word_1_605' title='bbox 1906 4385 2005 4441; x_wconf 87' lang='lat' dir='ltr'><strong>Sa-</strong></span> 
     </span>
    </p>
   </div>
   <div class='ocr_carea' id='block_1_76' title="bbox 2105 3207 3674 3280">
    <p class='ocr_par' dir='ltr' id='par_1_76' title="bbox 2105 3207 3674 3280">
     <span class='ocr_line' id='line_1_76' title="bbox 2105 3207 3674 3280; baseline -0.001 -15"><span class='ocrx_word' id='word_1_606' title='bbox 2105 3219 2188 3265; x_wconf 92' lang='lat' dir='ltr'><strong>est</strong></span> <span class='ocrx_word' id='word_1_607' title='bbox 2214 3209 2454 3280; x_wconf 86' lang='lat' dir='ltr'><strong>gentium</strong></span> <span class='ocrx_word' id='word_1_608' title='bbox 2495 3208 2751 3277; x_wconf 90' lang='lat' dir='ltr'><strong>populus,</strong></span> <span class='ocrx_word' id='word_1_609' title='bbox 2786 3207 2908 3262; x_wconf 90' lang='lat' dir='ltr'><strong>illos</strong></span> <span class='ocrx_word' id='word_1_610' title='bbox 2945 3209 3013 3262; x_wconf 89' lang='lat' dir='ltr'><strong>ad</strong></span> <span class='ocrx_word' id='word_1_611' title='bbox 3040 3207 3233 3276; x_wconf 88' lang='lat' dir='ltr'><strong>Deum,</strong></span> <span class='ocrx_word' id='word_1_612' title='bbox 3266 3210 3470 3279; x_wconf 84' lang='lat' dir='ltr'><strong>quibus</strong></span> <span class='ocrx_word' id='word_1_613' title='bbox 3497 3207 3674 3279; x_wconf 76' lang='lat' dir='ltr'><strong>primis</strong></span> 
     </span>
    </p>
   </div>
   <div class='ocr_carea' id='block_1_77' title="bbox 2105 3299 3672 3372">
    <p class='ocr_par' dir='ltr' id='par_1_77' title="bbox 2105 3299 3672 3372">
     <span class='ocr_line' id='line_1_77' title="bbox 2105 3299 3672 3372; baseline -0.003 -15"><span class='ocrx_word' id='word_1_614' title='bbox 2105 3303 2230 3357; x_wconf 86' lang='lat' dir='ltr'><strong>data</strong></span> <span class='ocrx_word' id='word_1_615' title='bbox 2262 3308 2390 3356; x_wconf 92' lang='lat' dir='ltr'><strong>sunt</strong></span> <span class='ocrx_word' id='word_1_616' title='bbox 2424 3300 2638 3370; x_wconf 89' lang='lat' dir='ltr'><strong>eloquia</strong></span> <span class='ocrx_word' id='word_1_617' title='bbox 2672 3300 2787 3366; x_wconf 87' lang='lat' dir='ltr'><strong>Dei,</strong></span> <span class='ocrx_word' id='word_1_618' title='bbox 2830 3310 2884 3356; x_wconf 92' lang='lat' dir='ltr'><strong>et</strong></span> <span class='ocrx_word' id='word_1_619' title='bbox 2927 3300 2982 3354; x_wconf 93' lang='lat' dir='ltr'><strong>in</strong></span> <span class='ocrx_word' id='word_1_620' title='bbox 3009 3299 3112 3357; x_wconf 91' lang='lat' dir='ltr'><strong>hoc</strong></span> <span class='ocrx_word' id='word_1_621' title='bbox 3139 3302 3403 3372; x_wconf 86' lang='lat' dir='ltr'><strong>compleri</strong></span> <span class='ocrx_word' id='word_1_622' title='bbox 3432 3300 3672 3357; x_wconf 64' lang='lat' dir='ltr'><strong>:Ethioo</strong></span> 
     </span>
    </p>
   </div>
   <div class='ocr_carea' id='block_1_78' title="bbox 2105 3391 3675 3466">
    <p class='ocr_par' dir='ltr' id='par_1_78' title="bbox 2105 3391 3675 3466">
     <span class='ocr_line' id='line_1_78' title="bbox 2105 3391 3675 3466; baseline 0.001 -20"><span class='ocrx_word' id='word_1_623' title='bbox 2105 3394 2193 3462; x_wconf 85' lang='lat' dir='ltr'><strong>pia</strong></span> <span class='ocrx_word' id='word_1_624' title='bbox 2222 3393 2497 3462; x_wconf 74' lang='lat' dir='ltr'><strong>prwveniet</strong></span> <span class='ocrx_word' id='word_1_625' title='bbox 2535 3408 2723 3446; x_wconf 89' lang='lat' dir='ltr'><strong>manus</strong></span> <span class='ocrx_word' id='word_1_626' title='bbox 2747 3392 2860 3462; x_wconf 87' lang='lat' dir='ltr'><strong>ejus</strong></span> <span class='ocrx_word' id='word_1_627' title='bbox 2890 3391 2999 3446; x_wconf 89' lang='lat' dir='ltr'><strong>Deo</strong></span> <span class='ocrx_word' id='word_1_628' title='bbox 3015 3410 3035 3458; x_wconf 88' lang='lat'><strong><em>;</em></strong></span> <span class='ocrx_word' id='word_1_629' title='bbox 3082 3403 3135 3447; x_wconf 88' lang='lat' dir='ltr'><strong>et</strong></span> <span class='ocrx_word' id='word_1_630' title='bbox 3165 3393 3224 3448; x_wconf 85' lang='lat' dir='ltr'><strong>ﬁt</strong></span> <span class='ocrx_word' id='word_1_631' title='bbox 3248 3393 3405 3466; x_wconf 79' lang='lat' dir='ltr'><strong>nigra</strong></span> <span class='ocrx_word' id='word_1_632' title='bbox 3437 3395 3538 3450; x_wconf 87' lang='lat' dir='ltr'><strong>ista</strong></span> <span class='ocrx_word' id='word_1_633' title='bbox 3569 3392 3675 3449; x_wconf 81' lang='lat' dir='ltr'><strong>for-</strong></span> 
     </span>
    </p>
   </div>
   <div class='ocr_carea' id='block_1_79' title="bbox 2107 3483 3678 3550">
    <p class='ocr_par' dir='ltr' id='par_1_79' title="bbox 2107 3483 3678 3550">
     <span class='ocr_line' id='line_1_79' title="bbox 2107 3483 3678 3550; baseline 0.003 -14"><span class='ocrx_word' id='word_1_634' title='bbox 2107 3498 2282 3546; x_wconf 87' lang='lat' dir='ltr'><strong>mosa,</strong></span> <span class='ocrx_word' id='word_1_635' title='bbox 2325 3483 2537 3538; x_wconf 90' lang='lat' dir='ltr'><strong>etiamsi</strong></span> <span class='ocrx_word' id='word_1_636' title='bbox 2589 3485 2820 3550; x_wconf 86' lang='lat' dir='ltr'><strong>uolunt,</strong></span> <span class='ocrx_word' id='word_1_637' title='bbox 2868 3484 3085 3540; x_wconf 89' lang='lat' dir='ltr'><strong>etiamsi</strong></span> <span class='ocrx_word' id='word_1_638' title='bbox 3135 3485 3376 3542; x_wconf 81' lang='lat' dir='ltr'><strong>invident</strong></span> <span class='ocrx_word' id='word_1_639' title='bbox 3413 3496 3467 3542; x_wconf 85' lang='lat' dir='ltr'><strong>et</strong></span> <span class='ocrx_word' id='word_1_640' title='bbox 3510 3487 3678 3542; x_wconf 82' lang='lat' dir='ltr'><strong>obtre-</strong></span> 
     </span>
    </p>
   </div>
   <div class='ocr_carea' id='block_1_80' title="bbox 2107 3572 3666 3648">
    <p class='ocr_par' dir='ltr' id='par_1_80' title="bbox 2107 3572 3666 3648">
     <span class='ocr_line' id='line_1_80' title="bbox 2107 3572 3666 3648; baseline 0.005 -22"><span class='ocrx_word' id='word_1_641' title='bbox 2107 3580 2256 3627; x_wconf 86' lang='lat' dir='ltr'><strong>ctant</strong></span> <span class='ocrx_word' id='word_1_642' title='bbox 2301 3573 2423 3628; x_wconf 77' lang='lat' dir='ltr'><strong>ﬁlia:</strong></span> <span class='ocrx_word' id='word_1_643' title='bbox 2451 3572 2810 3629; x_wconf 84' lang='lat' dir='ltr'><strong>Hierusalem.</strong></span> <span class='ocrx_word' id='word_1_644' title='bbox 2864 3574 2967 3632; x_wconf 89' lang='lat' dir='ltr'><strong>Sed</strong></span> <span class='ocrx_word' id='word_1_645' title='bbox 3021 3586 3076 3631; x_wconf 89' lang='lat' dir='ltr'><strong>et</strong></span> <span class='ocrx_word' id='word_1_646' title='bbox 3106 3579 3386 3648; x_wconf 83' lang='lat' dir='ltr'><strong>prophetae</strong></span> <span class='ocrx_word' id='word_1_647' title='bbox 3438 3580 3666 3636; x_wconf 88' lang='lat' dir='ltr'><strong>testimo-</strong></span> 
     </span>
    </p>
   </div>
   <div class='ocr_carea' id='block_1_81' title="bbox 2108 3665 3673 3740">
    <p class='ocr_par' dir='ltr' id='par_1_81' title="bbox 2108 3665 3673 3740">
     <span class='ocr_line' id='line_1_81' title="bbox 2108 3665 3673 3740; baseline 0.004 -22"><span class='ocrx_word' id='word_1_648' title='bbox 2108 3665 2257 3718; x_wconf 88' lang='lat' dir='ltr'><strong>nium</strong></span> <span class='ocrx_word' id='word_1_649' title='bbox 2289 3667 2433 3735; x_wconf 90' lang='lat' dir='ltr'><strong>quod</strong></span> <span class='ocrx_word' id='word_1_650' title='bbox 2476 3668 2761 3737; x_wconf 91' lang='lat' dir='ltr'><strong>posuimus</strong></span> <span class='ocrx_word' id='word_1_651' title='bbox 2783 3709 2796 3734; x_wconf 92' lang='lat'><strong>,</strong></span> <span class='ocrx_word' id='word_1_652' title='bbox 2835 3668 2927 3722; x_wconf 88' lang='lat' dir='ltr'><strong>ubi</strong></span> <span class='ocrx_word' id='word_1_653' title='bbox 2960 3671 3200 3740; x_wconf 89' lang='lat' dir='ltr'><strong>suscepit</strong></span> <span class='ocrx_word' id='word_1_654' title='bbox 3227 3671 3494 3728; x_wconf 90' lang='lat' dir='ltr'><strong>Dominus</strong></span> <span class='ocrx_word' id='word_1_655' title='bbox 3522 3672 3673 3727; x_wconf 90' lang='lat' dir='ltr'><strong>etiam</strong></span> 
     </span>
    </p>
   </div>
   <div class='ocr_carea' id='block_1_82' title="bbox 2106 3758 3674 3832">
    <p class='ocr_par' dir='ltr' id='par_1_82' title="bbox 2106 3758 3674 3832">
     <span class='ocr_line' id='line_1_82' title="bbox 2106 3758 3674 3832; baseline 0.003 -21"><span class='ocrx_word' id='word_1_656' title='bbox 2106 3774 2200 3812; x_wconf 82' lang='lat' dir='ltr'><strong>eos</strong></span> <span class='ocrx_word' id='word_1_657' title='bbox 2227 3758 2320 3828; x_wconf 90' lang='lat' dir='ltr'><strong>qui</strong></span> <span class='ocrx_word' id='word_1_658' title='bbox 2366 3759 2592 3814; x_wconf 86' lang='lat' dir='ltr'><strong>veniunt</strong></span> <span class='ocrx_word' id='word_1_659' title='bbox 2633 3760 2699 3815; x_wconf 89' lang='lat' dir='ltr'><strong>de</strong></span> <span class='ocrx_word' id='word_1_660' title='bbox 2751 3761 2886 3818; x_wconf 92' lang='lat' dir='ltr'><strong>locis</strong></span> <span class='ocrx_word' id='word_1_661' title='bbox 2916 3777 3038 3832; x_wconf 71' lang='lat' dir='ltr'><strong>quae</strong></span> <span class='ocrx_word' id='word_1_662' title='bbox 3087 3772 3214 3818; x_wconf 92' lang='lat' dir='ltr'><strong>sunt</strong></span> <span class='ocrx_word' id='word_1_663' title='bbox 3267 3763 3409 3818; x_wconf 87' lang='lat' dir='ltr'><strong>ultra</strong></span> <span class='ocrx_word' id='word_1_664' title='bbox 3463 3764 3674 3819; x_wconf 85' lang='lat' dir='ltr'><strong>ﬂumina</strong></span> 
     </span>
    </p>
   </div>
   <div class='ocr_carea' id='block_1_83' title="bbox 2107 3849 3673 3922">
    <p class='ocr_par' dir='ltr' id='par_1_83' title="bbox 2107 3849 3673 3922">
     <span class='ocr_line' id='line_1_83' title="bbox 2107 3849 3673 3922; baseline 0.002 -19"><span class='ocrx_word' id='word_1_665' title='bbox 2107 3849 2434 3920; x_wconf 60' lang='lat' dir='ltr'><strong>[Ethiopum</strong></span> <span class='ocrx_word' id='word_1_666' title='bbox 2461 3851 2525 3914; x_wconf 74' lang='grc'><strong>⁸⁸,</strong></span> <span class='ocrx_word' id='word_1_667' title='bbox 2558 3861 2611 3906; x_wconf 92' lang='lat' dir='ltr'><strong>et</strong></span> <span class='ocrx_word' id='word_1_668' title='bbox 2650 3852 2882 3907; x_wconf 67' lang='lat' dir='ltr'><strong>aderunt</strong></span> <span class='ocrx_word' id='word_1_669' title='bbox 2919 3853 3128 3909; x_wconf 87' lang='lat' dir='ltr'><strong>hostias</strong></span> <span class='ocrx_word' id='word_1_670' title='bbox 3157 3851 3287 3922; x_wconf 91' lang='lat' dir='ltr'><strong>Deo,</strong></span> <span class='ocrx_word' id='word_1_671' title='bbox 3325 3854 3489 3910; x_wconf 89' lang='lat' dir='ltr'><strong>simili</strong></span> <span class='ocrx_word' id='word_1_672' title='bbox 3523 3869 3673 3910; x_wconf 88' lang='lat' dir='ltr'><strong>sensu</strong></span> 
     </span>
    </p>
   </div>
   <div class='ocr_carea' id='block_1_84' title="bbox 2110 3940 3672 4016">
    <p class='ocr_par' dir='ltr' id='par_1_84' title="bbox 2110 3940 3672 4016">
     <span class='ocr_line' id='line_1_84' title="bbox 2110 3940 3672 4016; baseline 0.001 -22"><span class='ocrx_word' id='word_1_673' title='bbox 2110 3943 2500 3996; x_wconf 89' lang='lat' dir='ltr'><strong>advertendum</strong></span> <span class='ocrx_word' id='word_1_674' title='bbox 2532 3952 2683 4012; x_wconf 89' lang='lat' dir='ltr'><strong>puto.</strong></span> <span class='ocrx_word' id='word_1_675' title='bbox 2721 3940 2948 3996; x_wconf 82' lang='lat' dir='ltr'><strong>Videtur</strong></span> <span class='ocrx_word' id='word_1_676' title='bbox 2979 3944 3123 3997; x_wconf 89' lang='lat' dir='ltr'><strong>enim</strong></span> <span class='ocrx_word' id='word_1_677' title='bbox 3161 3943 3293 3997; x_wconf 91' lang='lat' dir='ltr'><strong>mihi</strong></span> <span class='ocrx_word' id='word_1_678' title='bbox 3316 3985 3330 4008; x_wconf 92' lang='lat'><strong>,</strong></span> <span class='ocrx_word' id='word_1_679' title='bbox 3366 3945 3512 4016; x_wconf 92' lang='lat' dir='ltr'><strong>quod</strong></span> <span class='ocrx_word' id='word_1_680' title='bbox 3543 3944 3672 3998; x_wconf 88' lang='lat' dir='ltr'><strong>ultra</strong></span> 
     </span>
    </p>
   </div>
   <div class='ocr_carea' id='block_1_85' title="bbox 2108 4031 3674 4106">
    <p class='ocr_par' dir='ltr' id='par_1_85' title="bbox 2108 4031 3674 4106">
     <span class='ocr_line' id='line_1_85' title="bbox 2108 4031 3674 4106; baseline 0.001 -21"><span class='ocrx_word' id='word_1_681' title='bbox 2108 4032 2328 4087; x_wconf 87' lang='lat' dir='ltr'><strong>ﬁumina</strong></span> <span class='ocrx_word' id='word_1_682' title='bbox 2363 4031 2654 4103; x_wconf 59' lang='lat' dir='ltr'><strong>Ethiopim</strong></span> <span class='ocrx_word' id='word_1_683' title='bbox 2687 4049 2808 4092; x_wconf 85' lang='lat' dir='ltr'><strong>esse</strong></span> <span class='ocrx_word' id='word_1_684' title='bbox 2857 4034 3061 4091; x_wconf 89' lang='lat' dir='ltr'><strong>dicitur</strong></span> <span class='ocrx_word' id='word_1_685' title='bbox 3108 4035 3234 4101; x_wconf 90' lang='lat' dir='ltr'><strong>ille,</strong></span> <span class='ocrx_word' id='word_1_686' title='bbox 3273 4037 3367 4106; x_wconf 91' lang='lat' dir='ltr'><strong>qui</strong></span> <span class='ocrx_word' id='word_1_687' title='bbox 3422 4037 3602 4091; x_wconf 88' lang='lat' dir='ltr'><strong>nimiis</strong></span> <span class='ocrx_word' id='word_1_688' title='bbox 3626 4043 3674 4088; x_wconf 85' lang='lat' dir='ltr'><strong>et</strong></span> 
     </span>
    </p>
   </div>
   <div class='ocr_carea' id='block_1_86' title="bbox 2108 4126 3673 4196">
    <p class='ocr_par' dir='ltr' id='par_1_86' title="bbox 2108 4126 3673 4196">
     <span class='ocr_line' id='line_1_86' title="bbox 2108 4126 3673 4196; baseline 0.003 -16"><span class='ocrx_word' id='word_1_689' title='bbox 2108 4126 2679 4196; x_wconf 88' lang='lat' dir='ltr'><strong>superabundantibus</strong></span> <span class='ocrx_word' id='word_1_690' title='bbox 2726 4127 2964 4196; x_wconf 87' lang='lat' dir='ltr'><strong>peccatis</strong></span> <span class='ocrx_word' id='word_1_691' title='bbox 3007 4127 3318 4186; x_wconf 87' lang='lat' dir='ltr'><strong>infuscatus</strong></span> <span class='ocrx_word' id='word_1_692' title='bbox 3358 4139 3461 4194; x_wconf 88' lang='lat' dir='ltr'><strong>est,</strong></span> <span class='ocrx_word' id='word_1_693' title='bbox 3489 4139 3538 4184; x_wconf 90' lang='lat' dir='ltr'><strong>ct</strong></span> <span class='ocrx_word' id='word_1_694' title='bbox 3564 4139 3673 4184; x_wconf 89' lang='lat' dir='ltr'><strong>atro</strong></span> 
     </span>
    </p>
   </div>
   <div class='ocr_carea' id='block_1_87' title="bbox 2110 4214 3671 4288">
    <p class='ocr_par' dir='ltr' id='par_1_87' title="bbox 2110 4214 3671 4288">
     <span class='ocr_line' id='line_1_87' title="bbox 2110 4214 3671 4288; baseline 0.002 -18"><span class='ocrx_word' id='word_1_695' title='bbox 2110 4216 2330 4270; x_wconf 68' lang='lat' dir='ltr'><strong>malitiae</strong></span> <span class='ocrx_word' id='word_1_696' title='bbox 2364 4214 2491 4271; x_wconf 84' lang='lat' dir='ltr'><strong>fuco</strong></span> <span class='ocrx_word' id='word_1_697' title='bbox 2518 4216 2751 4271; x_wconf 88' lang='lat' dir='ltr'><strong>infectus</strong></span> <span class='ocrx_word' id='word_1_698' title='bbox 2780 4217 2932 4288; x_wconf 79' lang='lat' dir='ltr'><strong>niger</strong></span> <span class='ocrx_word' id='word_1_699' title='bbox 2958 4226 3012 4272; x_wconf 91' lang='lat' dir='ltr'><strong>et</strong></span> <span class='ocrx_word' id='word_1_700' title='bbox 3039 4219 3414 4276; x_wconf 89' lang='lat' dir='ltr'><strong>tenebricosus</strong></span> <span class='ocrx_word' id='word_1_701' title='bbox 3440 4229 3525 4276; x_wconf 87' lang='lat' dir='ltr'><strong>est</strong></span> <span class='ocrx_word' id='word_1_702' title='bbox 3558 4219 3671 4276; x_wconf 84' lang='lat' dir='ltr'><strong>red-</strong></span> 
     </span>
    </p>
   </div>
   <div class='ocr_carea' id='block_1_88' title="bbox 2107 4307 3671 4376">
    <p class='ocr_par' dir='ltr' id='par_1_88' title="bbox 2107 4307 3671 4376">
     <span class='ocr_line' id='line_1_88' title="bbox 2107 4307 3671 4376; baseline -0.001 -14"><span class='ocrx_word' id='word_1_703' title='bbox 2107 4307 2289 4373; x_wconf 89' lang='lat' dir='ltr'><strong>ditus;</strong></span> <span class='ocrx_word' id='word_1_704' title='bbox 2331 4313 2385 4360; x_wconf 90' lang='lat' dir='ltr'><strong>et</strong></span> <span class='ocrx_word' id='word_1_705' title='bbox 2433 4315 2611 4361; x_wconf 90' lang='lat' dir='ltr'><strong>tamen</strong></span> <span class='ocrx_word' id='word_1_706' title='bbox 2657 4321 2725 4360; x_wconf 90' lang='lat' dir='ltr'><strong>ne</strong></span> <span class='ocrx_word' id='word_1_707' title='bbox 2752 4307 2852 4360; x_wconf 89' lang='lat' dir='ltr'><strong>hos</strong></span> <span class='ocrx_word' id='word_1_708' title='bbox 2888 4307 3107 4376; x_wconf 89' lang='lat' dir='ltr'><strong>quidem</strong></span> <span class='ocrx_word' id='word_1_709' title='bbox 3157 4309 3367 4376; x_wconf 89' lang='lat' dir='ltr'><strong>repellit</strong></span> <span class='ocrx_word' id='word_1_710' title='bbox 3397 4309 3671 4370; x_wconf 87' lang='lat' dir='ltr'><strong>Dominus,</strong></span> 
     </span>
    </p>
   </div>
   <div class='ocr_carea' id='block_1_89' title="bbox 2109 4395 3672 4470">
    <p class='ocr_par' dir='ltr' id='par_1_89' title="bbox 2109 4395 3672 4470">
     <span class='ocr_line' id='line_1_89' title="bbox 2109 4395 3672 4470; baseline -0.002 -19"><span class='ocrx_word' id='word_1_711' title='bbox 2109 4396 2202 4452; x_wconf 88' lang='lat' dir='ltr'><strong>sed</strong></span> <span class='ocrx_word' id='word_1_712' title='bbox 2249 4410 2440 4452; x_wconf 87' lang='lat' dir='ltr'><strong>omnes</strong></span> <span class='ocrx_word' id='word_1_713' title='bbox 2477 4396 2570 4466; x_wconf 91' lang='lat' dir='ltr'><strong>qui</strong></span> <span class='ocrx_word' id='word_1_714' title='bbox 2623 4395 2888 4452; x_wconf 89' lang='lat' dir='ltr'><strong>sacriﬁcia</strong></span> <span class='ocrx_word' id='word_1_715' title='bbox 2955 4398 3302 4453; x_wconf 90' lang='lat' dir='ltr'><strong>contribulati</strong></span> <span class='ocrx_word' id='word_1_716' title='bbox 3356 4401 3575 4470; x_wconf 89' lang='lat' dir='ltr'><strong>spiritus</strong></span> <span class='ocrx_word' id='word_1_717' title='bbox 3622 4404 3672 4450; x_wconf 91' lang='lat' dir='ltr'><strong>et</strong></span> 
     </span>
    </p>
   </div>
   <div class='ocr_carea' id='block_1_90' title="bbox 424 4470 3670 4554">
    <p class='ocr_par' dir='ltr' id='par_1_90' title="bbox 424 4470 3670 4554">
     <span class='ocr_line' id='line_1_90' title="bbox 424 4470 3670 4554; baseline 0.001 -17"><span class='ocrx_word' id='word_1_718' title='bbox 424 4470 683 4537; x_wconf 71' lang='grc' dir='ltr'><strong>Ῑοῐῐιοηίε,</strong></span> <span class='ocrx_word' id='word_1_719' title='bbox 720 4474 916 4526; x_wconf 67' lang='lat' dir='ltr'><strong>animae</strong></span> <span class='ocrx_word' id='word_1_720' title='bbox 947 4473 1067 4528; x_wconf 75' lang='grc' dir='ltr'><strong>είηθ</strong></span> <span class='ocrx_word' id='word_1_721' title='bbox 1097 4473 1263 4527; x_wconf 71' lang='lat' dir='ltr'><strong>dubio</strong></span> <span class='ocrx_word' id='word_1_722' title='bbox 1296 4489 1417 4542; x_wconf 67' lang='lat' dir='ltr'><strong>qua:</strong></span> <span class='ocrx_word' id='word_1_723' title='bbox 1452 4473 1609 4530; x_wconf 70' lang='lat' dir='ltr'><strong>Verbi</strong></span> <span class='ocrx_word' id='word_1_724' title='bbox 1639 4475 1735 4530; x_wconf 83' lang='lat' dir='ltr'><strong>Dei</strong></span> <span class='ocrx_word' id='word_1_725' title='bbox 1767 4487 1820 4532; x_wconf 81' lang='lat' dir='ltr'><strong>cl</strong></span> <span class='ocrx_word' id='word_1_726' title='bbox 1847 4479 2000 4548; x_wconf 89' lang='lat' dir='ltr'><strong>pacis</strong></span> <span class='ocrx_word' id='word_1_727' title='bbox 2033 4491 2078 4545; x_wconf 91' lang='lat' dir='ltr'><strong>D</strong></span> <span class='ocrx_word' id='word_1_728' title='bbox 2105 4486 2378 4542; x_wconf 89' lang='lat' dir='ltr'><strong>humiliati</strong></span> <span class='ocrx_word' id='word_1_729' title='bbox 2414 4487 2596 4542; x_wconf 90' lang='lat' dir='ltr'><strong>cordis</strong></span> <span class='ocrx_word' id='word_1_730' title='bbox 2637 4487 2873 4543; x_wconf 82' lang='lat' dir='ltr'><strong>oﬁ‘erunt</strong></span> <span class='ocrx_word' id='word_1_731' title='bbox 2901 4486 3032 4554; x_wconf 91' lang='lat' dir='ltr'><strong>Deo,</strong></span> <span class='ocrx_word' id='word_1_732' title='bbox 3066 4488 3431 4548; x_wconf 74' lang='lat' dir='ltr'><strong>confessionis</strong></span> <span class='ocrx_word' id='word_1_733' title='bbox 3475 4490 3670 4547; x_wconf 85' lang='lat' dir='ltr'><strong>scilicet</strong></span> 
     </span>
    </p>
   </div>
   <div class='ocr_carea' id='block_1_91' title="bbox 425 4561 2003 4636">
    <p class='ocr_par' dir='ltr' id='par_1_91' title="bbox 425 4561 2003 4636">
     <span class='ocr_line' id='line_1_91' title="bbox 425 4561 2003 4636; baseline 0.007 -21"><span class='ocrx_word' id='word_1_734' title='bbox 425 4561 548 4630; x_wconf 86' lang='lat' dir='ltr'><strong>ejus</strong></span> <span class='ocrx_word' id='word_1_735' title='bbox 585 4561 876 4631; x_wconf 88' lang='lat' dir='ltr'><strong>participes</strong></span> <span class='ocrx_word' id='word_1_736' title='bbox 905 4561 1062 4616; x_wconf 89' lang='lat' dir='ltr'><strong>ﬁunt.</strong></span> <span class='ocrx_word' id='word_1_737' title='bbox 1101 4562 1251 4617; x_wconf 87' lang='lat' dir='ltr'><strong>Beati</strong></span> <span class='ocrx_word' id='word_1_738' title='bbox 1280 4564 1435 4632; x_wconf 86' lang='lat' dir='ltr'><strong>pueri</strong></span> <span class='ocrx_word' id='word_1_739' title='bbox 1461 4567 1581 4635; x_wconf 87' lang='lat' dir='ltr'><strong>ejus</strong></span> <span class='ocrx_word' id='word_1_740' title='bbox 1612 4569 1704 4636; x_wconf 92' lang='lat' dir='ltr'><strong>qui</strong></span> <span class='ocrx_word' id='word_1_741' title='bbox 1734 4569 2003 4626; x_wconf 90' lang='lat' dir='ltr'><strong>assistunt</strong></span> 
     </span>
    </p>
   </div>
   <div class='ocr_carea' id='block_1_92' title="bbox 425 4652 2001 4727">
    <p class='ocr_par' dir='ltr' id='par_1_92' title="bbox 425 4652 2001 4727">
     <span class='ocr_line' id='line_1_92' title="bbox 425 4652 2001 4727; baseline 0.007 -22"><span class='ocrx_word' id='word_1_742' title='bbox 425 4653 479 4706; x_wconf 92' lang='lat' dir='ltr'><strong>in</strong></span> <span class='ocrx_word' id='word_1_743' title='bbox 506 4663 798 4723; x_wconf 90' lang='lat' dir='ltr'><strong>conspectu</strong></span> <span class='ocrx_word' id='word_1_744' title='bbox 830 4653 948 4721; x_wconf 87' lang='lat' dir='ltr'><strong>ejus</strong></span> <span class='ocrx_word' id='word_1_745' title='bbox 970 4668 1205 4722; x_wconf 90' lang='lat' dir='ltr'><strong>semper.</strong></span> <span class='ocrx_word' id='word_1_746' title='bbox 1230 4652 1346 4708; x_wconf 87' lang='lat' dir='ltr'><strong>Non</strong></span> <span class='ocrx_word' id='word_1_747' title='bbox 1372 4655 1448 4708; x_wconf 90' lang='lat' dir='ltr'><strong>illi</strong></span> <span class='ocrx_word' id='word_1_748' title='bbox 1472 4656 1564 4724; x_wconf 91' lang='lat' dir='ltr'><strong>qui</strong></span> <span class='ocrx_word' id='word_1_749' title='bbox 1592 4658 1886 4727; x_wconf 88' lang='lat' dir='ltr'><strong>aliquando</strong></span> <span class='ocrx_word' id='word_1_750' title='bbox 1912 4677 2001 4716; x_wconf 90' lang='lat' dir='ltr'><strong>as-</strong></span> 
     </span>
    </p>
   </div>
   <div class='ocr_carea' id='block_1_93' title="bbox 422 4741 2002 4817">
    <p class='ocr_par' dir='ltr' id='par_1_93' title="bbox 422 4741 2002 4817">
     <span class='ocr_line' id='line_1_93' title="bbox 422 4741 2002 4817; baseline 0.004 -18"><span class='ocrx_word' id='word_1_751' title='bbox 422 4742 644 4808; x_wconf 83' lang='lat' dir='ltr'><strong>sistunt,</strong></span> <span class='ocrx_word' id='word_1_752' title='bbox 689 4751 742 4796; x_wconf 90' lang='lat' dir='ltr'><strong>et</strong></span> <span class='ocrx_word' id='word_1_753' title='bbox 772 4741 1066 4810; x_wconf 90' lang='lat' dir='ltr'><strong>aliquando</strong></span> <span class='ocrx_word' id='word_1_754' title='bbox 1098 4758 1204 4796; x_wconf 92' lang='lat' dir='ltr'><strong>non</strong></span> <span class='ocrx_word' id='word_1_755' title='bbox 1249 4743 1535 4807; x_wconf 86' lang='lat' dir='ltr'><strong>assistunt,</strong></span> <span class='ocrx_word' id='word_1_756' title='bbox 1586 4747 1679 4800; x_wconf 88' lang='lat' dir='ltr'><strong>sed</strong></span> <span class='ocrx_word' id='word_1_757' title='bbox 1721 4750 1812 4817; x_wconf 90' lang='lat' dir='ltr'><strong>qui</strong></span> <span class='ocrx_word' id='word_1_758' title='bbox 1857 4765 2002 4804; x_wconf 91' lang='lat' dir='ltr'><strong>sem-</strong></span> 
     </span>
    </p>
   </div>
   <div class='ocr_carea' id='block_1_94' title="bbox 420 4831 2000 4905">
    <p class='ocr_par' dir='ltr' id='par_1_94' title="bbox 420 4831 2000 4905">
     <span class='ocr_line' id='line_1_94' title="bbox 420 4831 2000 4905; baseline 0.006 -19"><span class='ocrx_word' id='word_1_759' title='bbox 420 4847 538 4905; x_wconf 89' lang='lat' dir='ltr'><strong>per,</strong></span> <span class='ocrx_word' id='word_1_760' title='bbox 573 4841 627 4888; x_wconf 91' lang='lat' dir='ltr'><strong>et</strong></span> <span class='ocrx_word' id='word_1_761' title='bbox 657 4832 775 4890; x_wconf 89' lang='lat' dir='ltr'><strong>sine</strong></span> <span class='ocrx_word' id='word_1_762' title='bbox 802 4831 1208 4887; x_wconf 90' lang='lat' dir='ltr'><strong>intermissione</strong></span> <span class='ocrx_word' id='word_1_763' title='bbox 1240 4834 1506 4888; x_wconf 88' lang='lat' dir='ltr'><strong>assistunt</strong></span> <span class='ocrx_word' id='word_1_764' title='bbox 1529 4833 1706 4891; x_wconf 87' lang='lat' dir='ltr'><strong>Verbo</strong></span> <span class='ocrx_word' id='word_1_765' title='bbox 1735 4837 1849 4904; x_wconf 89' lang='lat' dir='ltr'><strong>Dei,</strong></span> <span class='ocrx_word' id='word_1_766' title='bbox 1875 4857 2000 4896; x_wconf 87' lang='lat' dir='ltr'><strong>vere</strong></span> 
     </span>
    </p>
   </div>
   <div class='ocr_carea' id='block_1_95' title="bbox 418 4925 1999 5000">
    <p class='ocr_par' dir='ltr' id='par_1_95' title="bbox 418 4925 1999 5000">
     <span class='ocr_line' id='line_1_95' title="bbox 418 4925 1999 5000; baseline 0.006 -17"><span class='ocrx_word' id='word_1_767' title='bbox 418 4927 561 4983; x_wconf 89' lang='lat' dir='ltr'><strong>beati</strong></span> <span class='ocrx_word' id='word_1_768' title='bbox 586 4936 732 4984; x_wconf 91' lang='lat' dir='ltr'><strong>sunt.</strong></span> <span class='ocrx_word' id='word_1_769' title='bbox 758 4925 906 4980; x_wconf 88' lang='lat' dir='ltr'><strong>Talis</strong></span> <span class='ocrx_word' id='word_1_770' title='bbox 934 4933 1050 4979; x_wconf 89' lang='lat' dir='ltr'><strong>erat</strong></span> <span class='ocrx_word' id='word_1_771' title='bbox 1070 4934 1123 4979; x_wconf 91' lang='lat' dir='ltr'><strong>et</strong></span> <span class='ocrx_word' id='word_1_772' title='bbox 1145 4927 1233 4980; x_wconf 91' lang='lat' dir='ltr'><strong>illa</strong></span> <span class='ocrx_word' id='word_1_773' title='bbox 1256 4926 1425 4982; x_wconf 90' lang='lat' dir='ltr'><strong>Maria</strong></span> <span class='ocrx_word' id='word_1_774' title='bbox 1453 4947 1574 5000; x_wconf 85' lang='lat' dir='ltr'><strong>quae</strong></span> <span class='ocrx_word' id='word_1_775' title='bbox 1596 4933 1817 4989; x_wconf 89' lang='lat' dir='ltr'><strong>sedebat</strong></span> <span class='ocrx_word' id='word_1_776' title='bbox 1841 4951 1999 4993; x_wconf 90' lang='lat' dir='ltr'><strong>secus</strong></span> 
     </span>
    </p>
   </div>
   <div class='ocr_carea' id='block_1_96' title="bbox 420 5017 1998 5091">
    <p class='ocr_par' dir='ltr' id='par_1_96' title="bbox 420 5017 1998 5091">
     <span class='ocr_line' id='line_1_96' title="bbox 420 5017 1998 5091; baseline 0.006 -17"><span class='ocrx_word' id='word_1_777' title='bbox 420 5019 584 5091; x_wconf 89' lang='lat' dir='ltr'><strong>pedes</strong></span> <span class='ocrx_word' id='word_1_778' title='bbox 613 5018 765 5077; x_wconf 85' lang='lat' dir='ltr'><strong>Jesu.</strong></span> <span class='ocrx_word' id='word_1_779' title='bbox 811 5027 866 5073; x_wconf 91' lang='lat' dir='ltr'><strong>et</strong></span> <span class='ocrx_word' id='word_1_780' title='bbox 910 5017 1170 5071; x_wconf 91' lang='lat' dir='ltr'><strong>audiebat</strong></span> <span class='ocrx_word' id='word_1_781' title='bbox 1205 5033 1350 5085; x_wconf 92' lang='lat' dir='ltr'><strong>eum,</strong></span> <span class='ocrx_word' id='word_1_782' title='bbox 1391 5023 1476 5075; x_wconf 89' lang='lat' dir='ltr'><strong>cui</strong></span> <span class='ocrx_word' id='word_1_783' title='bbox 1519 5032 1573 5077; x_wconf 87' lang='lat' dir='ltr'><strong>et</strong></span> <span class='ocrx_word' id='word_1_784' title='bbox 1627 5026 1998 5082; x_wconf 88' lang='lat' dir='ltr'><strong>testimonium</strong></span> 
     </span>
    </p>
   </div>
   <div class='ocr_carea' id='block_1_97' title="bbox 418 5107 1998 5178">
    <p class='ocr_par' dir='ltr' id='par_1_97' title="bbox 418 5107 1998 5178">
     <span class='ocr_line' id='line_1_97' title="bbox 418 5107 1998 5178; baseline 0.007 -15"><span class='ocrx_word' id='word_1_785' title='bbox 418 5109 652 5164; x_wconf 89' lang='lat' dir='ltr'><strong>reddidit</strong></span> <span class='ocrx_word' id='word_1_786' title='bbox 685 5109 802 5178; x_wconf 90' lang='lat' dir='ltr'><strong>ipse</strong></span> <span class='ocrx_word' id='word_1_787' title='bbox 827 5108 1116 5173; x_wconf 90' lang='lat' dir='ltr'><strong>Dominus,</strong></span> <span class='ocrx_word' id='word_1_788' title='bbox 1156 5107 1344 5166; x_wconf 85' lang='lat' dir='ltr'><strong>dicens</strong></span> <span class='ocrx_word' id='word_1_789' title='bbox 1375 5112 1440 5166; x_wconf 91' lang='lat' dir='ltr'><strong>ad</strong></span> <span class='ocrx_word' id='word_1_790' title='bbox 1480 5113 1745 5171; x_wconf 75' lang='lat' dir='ltr'><strong>Martham</strong></span> <span class='ocrx_word' id='word_1_791' title='bbox 1779 5137 1792 5173; x_wconf 88' lang='lat'><strong>:</strong></span> <span class='ocrx_word' id='word_1_792' title='bbox 1820 5117 1998 5174; x_wconf 87' lang='lat' dir='ltr'><strong>Maria</strong></span> 
     </span>
    </p>
   </div>
   <div class='ocr_carea' id='block_1_98' title="bbox 418 5201 1991 5275">
    <p class='ocr_par' dir='ltr' id='par_1_98' title="bbox 418 5201 1991 5275">
     <span class='ocr_line' id='line_1_98' title="bbox 418 5201 1991 5275; baseline 0.006 -17"><span class='ocrx_word' id='word_1_793' title='bbox 418 5203 669 5270; x_wconf 88' lang='lat' dir='ltr'><strong>optimam</strong></span> <span class='ocrx_word' id='word_1_794' title='bbox 703 5211 906 5269; x_wconf 85' lang='lat' dir='ltr'><strong>partem</strong></span> <span class='ocrx_word' id='word_1_795' title='bbox 937 5201 1112 5270; x_wconf 88' lang='lat' dir='ltr'><strong>elegit,</strong></span> <span class='ocrx_word' id='word_1_796' title='bbox 1141 5216 1258 5270; x_wconf 71' lang='lat' dir='ltr'><strong>qua:</strong></span> <span class='ocrx_word' id='word_1_797' title='bbox 1292 5219 1397 5256; x_wconf 85' lang='lat' dir='ltr'><strong>non</strong></span> <span class='ocrx_word' id='word_1_798' title='bbox 1434 5207 1707 5275; x_wconf 80' lang='lat' dir='ltr'><strong>auferetur</strong></span> <span class='ocrx_word' id='word_1_799' title='bbox 1750 5211 1814 5263; x_wconf 87' lang='lat' dir='ltr'><strong>ab</strong></span> <span class='ocrx_word' id='word_1_800' title='bbox 1842 5227 1904 5264; x_wconf 87' lang='lat' dir='ltr'><strong>ea</strong></span> <span class='ocrx_word' id='word_1_801' title='bbox 1927 5212 1991 5267; x_wconf 70' lang='grc' dir='ltr'><strong>θ’.</strong></span> 
     </span>
    </p>
   </div>
   <div class='ocr_carea' id='block_1_99' title="bbox 415 5289 1989 5369">
    <p class='ocr_par' dir='ltr' id='par_1_99' title="bbox 415 5289 1989 5369">
     <span class='ocr_line' id='line_1_99' title="bbox 415 5289 1989 5369; baseline 0.005 -22"><span class='ocrx_word' id='word_1_802' title='bbox 415 5293 609 5347; x_wconf 81' lang='lat' dir='ltr'><strong>Adhuc</strong></span> <span class='ocrx_word' id='word_1_803' title='bbox 631 5291 784 5360; x_wconf 80' lang='lat' dir='ltr'><strong>nigra</strong></span> <span class='ocrx_word' id='word_1_804' title='bbox 812 5290 927 5345; x_wconf 64' lang='lat' dir='ltr'><strong>haec</strong></span> <span class='ocrx_word' id='word_1_805' title='bbox 953 5300 1005 5344; x_wconf 88' lang='lat' dir='ltr'><strong>el.</strong></span> <span class='ocrx_word' id='word_1_806' title='bbox 1021 5289 1259 5347; x_wconf 81' lang='lat' dir='ltr'><strong>formosa</strong></span> <span class='ocrx_word' id='word_1_807' title='bbox 1276 5293 1406 5347; x_wconf 91' lang='lat' dir='ltr'><strong>dicit</strong></span> <span class='ocrx_word' id='word_1_808' title='bbox 1426 5313 1437 5347; x_wconf 89' lang='lat'><strong>:</strong></span> <span class='ocrx_word' id='word_1_809' title='bbox 1456 5295 1771 5353; x_wconf 84' lang='lat' dir='ltr'><strong>Benedictus</strong></span> <span class='ocrx_word' id='word_1_810' title='bbox 1786 5302 1877 5369; x_wconf 85' lang='lat' dir='ltr'><strong>qui</strong></span> <span class='ocrx_word' id='word_1_811' title='bbox 1896 5317 1989 5357; x_wconf 85' lang='lat' dir='ltr'><strong>vo-</strong></span> 
     </span>
    </p>
   </div>
   <div class='ocr_carea' id='block_1_100' title="bbox 420 5382 1992 5462">
    <p class='ocr_par' dir='ltr' id='par_1_100' title="bbox 420 5382 1992 5462">
     <span class='ocr_line' id='line_1_100' title="bbox 420 5382 1992 5462; baseline 0.006 -24"><span class='ocrx_word' id='word_1_812' title='bbox 420 5386 516 5438; x_wconf 86' lang='lat' dir='ltr'><strong>luit</strong></span> <span class='ocrx_word' id='word_1_813' title='bbox 534 5383 660 5436; x_wconf 87' lang='lat' dir='ltr'><strong>dare</strong></span> <span class='ocrx_word' id='word_1_814' title='bbox 676 5393 724 5436; x_wconf 89' lang='lat' dir='ltr'><strong>te</strong></span> <span class='ocrx_word' id='word_1_815' title='bbox 740 5395 894 5449; x_wconf 85' lang='lat' dir='ltr'><strong>super</strong></span> <span class='ocrx_word' id='word_1_816' title='bbox 914 5383 1085 5435; x_wconf 81' lang='lat' dir='ltr'><strong>sedem</strong></span> <span class='ocrx_word' id='word_1_817' title='bbox 1109 5382 1283 5438; x_wconf 87' lang='lat' dir='ltr'><strong>Israel</strong></span> <span class='ocrx_word' id='word_1_818' title='bbox 1309 5386 1371 5440; x_wconf 79' lang='grc'><strong>⁸³.</strong></span> <span class='ocrx_word' id='word_1_819' title='bbox 1401 5386 1538 5443; x_wconf 87' lang='lat' dir='ltr'><strong>Vere</strong></span> <span class='ocrx_word' id='word_1_820' title='bbox 1555 5392 1698 5444; x_wconf 90' lang='lat' dir='ltr'><strong>enim</strong></span> <span class='ocrx_word' id='word_1_821' title='bbox 1716 5393 1842 5462; x_wconf 88' lang='lat' dir='ltr'><strong>quia</strong></span> <span class='ocrx_word' id='word_1_822' title='bbox 1859 5393 1992 5448; x_wconf 89' lang='lat' dir='ltr'><strong>dile-</strong></span> 
     </span>
    </p>
   </div>
   <div class='ocr_carea' id='block_1_101' title="bbox 416 5472 1990 5555">
    <p class='ocr_par' dir='ltr' id='par_1_101' title="bbox 416 5472 1990 5555">
     <span class='ocr_line' id='line_1_101' title="bbox 416 5472 1990 5555; baseline 0.005 -23"><span class='ocrx_word' id='word_1_823' title='bbox 416 5477 488 5532; x_wconf 68' lang='lat' dir='ltr'><strong>Jtil</strong></span> <span class='ocrx_word' id='word_1_824' title='bbox 511 5475 773 5532; x_wconf 90' lang='lat' dir='ltr'><strong>Dominus</strong></span> <span class='ocrx_word' id='word_1_825' title='bbox 785 5472 974 5538; x_wconf 85' lang='lat' dir='ltr'><strong>Israel,</strong></span> <span class='ocrx_word' id='word_1_826' title='bbox 999 5484 1051 5529; x_wconf 91' lang='lat' dir='ltr'><strong>et</strong></span> <span class='ocrx_word' id='word_1_827' title='bbox 1071 5474 1239 5530; x_wconf 84' lang='lat' dir='ltr'><strong>voluit</strong></span> <span class='ocrx_word' id='word_1_828' title='bbox 1259 5485 1497 5534; x_wconf 90' lang='lat' dir='ltr'><strong>utstaret</strong></span> <span class='ocrx_word' id='word_1_829' title='bbox 1516 5481 1567 5534; x_wconf 89' lang='lat' dir='ltr'><strong>in</strong></span> <span class='ocrx_word' id='word_1_830' title='bbox 1589 5491 1877 5552; x_wconf 83' lang='lat' dir='ltr'><strong>aeternum,</strong></span> <span class='ocrx_word' id='word_1_831' title='bbox 1898 5500 1990 5555; x_wconf 93' lang='lat' dir='ltr'><strong>po-</strong></span> 
     </span>
    </p>
   </div>
   <div class='ocr_carea' id='block_1_102' title="bbox 487 5631 1456 5699">
    <p class='ocr_par' dir='ltr' id='par_1_102' title="bbox 487 5631 1456 5699">
     <span class='ocr_line' id='line_1_102' title="bbox 487 5631 1456 5699; baseline 0.001 -12"><span class='ocrx_word' id='word_1_832' title='bbox 487 5636 529 5665; x_wconf 82' lang='grc'><strong><em>⁸⁷</em></strong></span> <span class='ocrx_word' id='word_1_833' title='bbox 553 5633 710 5687; x_wconf 80' lang='lat' dir='ltr'><strong>Joau.</strong></span> <span class='ocrx_word' id='word_1_834' title='bbox 747 5649 820 5699; x_wconf 86' lang='lat' dir='ltr'><strong>tv,</strong></span> <span class='ocrx_word' id='word_1_835' title='bbox 861 5631 948 5686; x_wconf 76' lang='grc'><strong>54.</strong></span> <span class='ocrx_word' id='word_1_836' title='bbox 1027 5632 1073 5664; x_wconf 83' lang='grc'><strong>⁸⁸</strong></span> <span class='ocrx_word' id='word_1_837' title='bbox 1109 5631 1223 5687; x_wconf 71' lang='lat' dir='ltr'><strong>Gal.</strong></span> <span class='ocrx_word' id='word_1_838' title='bbox 1255 5650 1337 5699; x_wconf 82' lang='grc' dir='ltr'><strong><em>ιιι,</em></strong></span> <span class='ocrx_word' id='word_1_839' title='bbox 1367 5636 1456 5688; x_wconf 78' lang='grc'><strong>27.</strong></span> 
     </span>
    </p>
   </div>
   <div class='ocr_carea' id='block_1_103' title="bbox 417 5703 1334 5775">
    <p class='ocr_par' dir='ltr' id='par_1_103' title="bbox 417 5703 1334 5775">
     <span class='ocr_line' id='line_1_103' title="bbox 417 5703 1334 5775; baseline 0.001 -18"><span class='ocrx_word' id='word_1_840' title='bbox 417 5705 460 5734; x_wconf 77' lang='grc'><strong>⁸³</strong></span> <span class='ocrx_word' id='word_1_841' title='bbox 489 5705 551 5775; x_wconf 84' lang='lat' dir='ltr'><strong>lll</strong></span> <span class='ocrx_word' id='word_1_842' title='bbox 584 5703 711 5775; x_wconf 72' lang='lat' dir='ltr'><strong>lleg.</strong></span> <span class='ocrx_word' id='word_1_843' title='bbox 747 5720 803 5769; x_wconf 84' lang='lat' dir='ltr'><strong>x,</strong></span> <span class='ocrx_word' id='word_1_844' title='bbox 834 5703 894 5775; x_wconf 77' lang='lat'><strong>_9.</strong></span> <span class='ocrx_word' id='word_1_845' title='bbox 1003 5703 1048 5737; x_wconf 72' lang='lat'><strong>&quot;‘</strong></span> <span class='ocrx_word' id='word_1_846' title='bbox 1081 5703 1210 5758; x_wconf 85' lang='lat' dir='ltr'><strong>ibid.</strong></span> <span class='ocrx_word' id='word_1_847' title='bbox 1248 5705 1334 5758; x_wconf 90' lang='grc'><strong>10.</strong></span> 
     </span>
    </p>
   </div>
   <div class='ocr_carea' id='block_1_104' title="bbox 419 5771 884 5841">
    <p class='ocr_par' dir='ltr' id='par_1_104' title="bbox 419 5771 884 5841">
     <span class='ocr_line' id='line_1_104' title="bbox 419 5771 884 5841; baseline -0.006 -12"><span class='ocrx_word' id='word_1_848' title='bbox 419 5775 461 5806; x_wconf 81' lang='grc'><strong>⁶⁹</strong></span> <span class='ocrx_word' id='word_1_849' title='bbox 482 5774 639 5831; x_wconf 78' lang='lat' dir='ltr'><strong>Joan.</strong></span> <span class='ocrx_word' id='word_1_850' title='bbox 668 5771 746 5841; x_wconf 72' lang='lat' dir='ltr'><strong>vt,</strong></span> <span class='ocrx_word' id='word_1_851' title='bbox 796 5771 884 5831; x_wconf 75' lang='lat'><strong>37.</strong></span> 
     </span>
    </p>
   </div>
   <div class='ocr_carea' id='block_1_105' title="bbox 1453 5706 1755 5764">
    <p class='ocr_par' dir='ltr' id='par_1_105' title="bbox 1453 5706 1755 5764">
     <span class='ocr_line' id='line_1_105' title="bbox 1453 5706 1755 5764; baseline 0 -2"><span class='ocrx_word' id='word_1_852' title='bbox 1453 5706 1495 5738; x_wconf 78' lang='grc'><strong>⁸⁸</strong></span> <span class='ocrx_word' id='word_1_853' title='bbox 1521 5706 1653 5764; x_wconf 87' lang='lat' dir='ltr'><strong>Gen.</strong></span> <span class='ocrx_word' id='word_1_854' title='bbox 1684 5725 1755 5762; x_wconf 84' lang='lat' dir='ltr'><strong>Vl.</strong></span> 
     </span>
    </p>
   </div>
   <div class='ocr_carea' id='block_1_106' title="bbox 1535 5637 2378 5781">
    <p class='ocr_par' dir='ltr' id='par_1_106' title="bbox 1535 5637 2378 5781">
     <span class='ocr_line' id='line_1_106' title="bbox 1535 5637 2378 5710; baseline 0.009 -22"><span class='ocrx_word' id='word_1_855' title='bbox 1535 5637 1579 5668; x_wconf 84' lang='grc'><strong>⁸⁹</strong></span> <span class='ocrx_word' id='word_1_856' title='bbox 1615 5637 1676 5690; x_wconf 92' lang='lat' dir='ltr'><strong>lll</strong></span> <span class='ocrx_word' id='word_1_857' title='bbox 1713 5638 1842 5710; x_wconf 80' lang='lat' dir='ltr'><strong>Reg.</strong></span> <span class='ocrx_word' id='word_1_858' title='bbox 1886 5657 1936 5700; x_wconf 73' lang='grc' dir='ltr'>χ,</span> <span class='ocrx_word' id='word_1_859' title='bbox 1969 5640 2022 5694; x_wconf 85' lang='grc'><strong>6.</strong></span> <span class='ocrx_word' id='word_1_860' title='bbox 2132 5642 2176 5672; x_wconf 84' lang='grc'>⁶⁰</span> <span class='ocrx_word' id='word_1_861' title='bbox 2209 5642 2338 5696; x_wconf 87' lang='lat' dir='ltr'><strong>ibid.</strong></span> <span class='ocrx_word' id='word_1_862' title='bbox 2373 5644 2378 5659; x_wconf 97' lang='lat'>&#39;</span> 
     </span>
     <span class='ocr_line' id='line_1_107' title="bbox 1535 5706 2378 5781; baseline 0.007 -19"><span class='ocrx_word' id='word_1_863' title='bbox 1535 5706 1653 5764; x_wconf 62' lang='lat' dir='ltr'><strong>Seu.</strong></span> <span class='ocrx_word' id='word_1_864' title='bbox 1684 5725 1755 5762; x_wconf 85' lang='lat' dir='ltr'><strong>Vl.</strong></span> <span class='ocrx_word' id='word_1_865' title='bbox 1869 5712 1911 5742; x_wconf 71' lang='grc'>⁸⁸</span> <span class='ocrx_word' id='word_1_866' title='bbox 1935 5711 2122 5768; x_wconf 80' lang='lat' dir='ltr'><strong>Matth.</strong></span> <span class='ocrx_word' id='word_1_867' title='bbox 2174 5729 2248 5781; x_wconf 78' lang='lat' dir='ltr'><strong>v1,</strong></span> <span class='ocrx_word' id='word_1_868' title='bbox 2293 5712 2378 5768; x_wconf 89' lang='grc'><strong>18.</strong></span> 
     </span>
    </p>
   </div>
   <div class='ocr_carea' id='block_1_107' title="bbox 2101 4578 3670 4652">
    <p class='ocr_par' dir='ltr' id='par_1_107' title="bbox 2101 4578 3670 4652">
     <span class='ocr_line' id='line_1_108' title="bbox 2101 4578 3670 4652; baseline 0.001 -21"><span class='ocrx_word' id='word_1_869' title='bbox 2101 4592 2166 4632; x_wconf 85' lang='lat' dir='ltr'><strong>ac</strong></span> <span class='ocrx_word' id='word_1_870' title='bbox 2192 4578 2526 4647; x_wconf 61' lang='lat' dir='ltr'><strong>poenitentia:</strong></span> <span class='ocrx_word' id='word_1_871' title='bbox 2565 4578 2723 4632; x_wconf 90' lang='lat' dir='ltr'><strong>titulo</strong></span> <span class='ocrx_word' id='word_1_872' title='bbox 2764 4578 2831 4632; x_wconf 88' lang='lat' dir='ltr'><strong>ad</strong></span> <span class='ocrx_word' id='word_1_873' title='bbox 2865 4594 2990 4632; x_wconf 92' lang='lat' dir='ltr'><strong>eum</strong></span> <span class='ocrx_word' id='word_1_874' title='bbox 3021 4581 3304 4645; x_wconf 86' lang='lat' dir='ltr'><strong>conversi,</strong></span> <span class='ocrx_word' id='word_1_875' title='bbox 3351 4598 3458 4637; x_wconf 95' lang='lat' dir='ltr'><strong>non</strong></span> <span class='ocrx_word' id='word_1_876' title='bbox 3509 4579 3670 4652; x_wconf 86' lang='lat' dir='ltr'><strong>repel—</strong></span> 
     </span>
    </p>
   </div>
   <div class='ocr_carea' id='block_1_108' title="bbox 2100 4669 3671 4740">
    <p class='ocr_par' dir='ltr' id='par_1_108' title="bbox 2100 4669 3671 4740">
     <span class='ocr_line' id='line_1_109' title="bbox 2100 4669 3671 4740; baseline 0.001 -17"><span class='ocrx_word' id='word_1_877' title='bbox 2100 4669 2288 4724; x_wconf 88' lang='lat' dir='ltr'><strong>luntur</strong></span> <span class='ocrx_word' id='word_1_878' title='bbox 2319 4669 2388 4723; x_wconf 89' lang='lat' dir='ltr'><strong>ab</strong></span> <span class='ocrx_word' id='word_1_879' title='bbox 2414 4683 2502 4724; x_wconf 93' lang='lat' dir='ltr'><strong>eo.</strong></span> <span class='ocrx_word' id='word_1_880' title='bbox 2541 4669 2630 4723; x_wconf 94' lang='lat' dir='ltr'><strong>Sic</strong></span> <span class='ocrx_word' id='word_1_881' title='bbox 2665 4669 2807 4724; x_wconf 91' lang='lat' dir='ltr'><strong>enim</strong></span> <span class='ocrx_word' id='word_1_882' title='bbox 2843 4671 3102 4740; x_wconf 88' lang='lat' dir='ltr'><strong>paciﬁcus</strong></span> <span class='ocrx_word' id='word_1_883' title='bbox 3132 4672 3261 4728; x_wconf 91' lang='lat' dir='ltr'><strong>dicit</strong></span> <span class='ocrx_word' id='word_1_884' title='bbox 3285 4672 3547 4729; x_wconf 89' lang='lat' dir='ltr'><strong>Dominus</strong></span> <span class='ocrx_word' id='word_1_885' title='bbox 3576 4685 3671 4726; x_wconf 91' lang='lat' dir='ltr'><strong>no-</strong></span> 
     </span>
    </p>
   </div>
   <div class='ocr_carea' id='block_1_109' title="bbox 2100 4760 3668 4833">
    <p class='ocr_par' dir='ltr' id='par_1_109' title="bbox 2100 4760 3668 4833">
     <span class='ocr_line' id='line_1_110' title="bbox 2100 4760 3668 4833; baseline -0.001 -17"><span class='ocrx_word' id='word_1_886' title='bbox 2100 4769 2253 4816; x_wconf 88' lang='lat' dir='ltr'><strong>ster:</strong></span> <span class='ocrx_word' id='word_1_887' title='bbox 2287 4760 2395 4831; x_wconf 71' lang='lat' dir='ltr'><strong>Ego</strong></span> <span class='ocrx_word' id='word_1_888' title='bbox 2444 4762 2732 4816; x_wconf 86' lang='lat' dir='ltr'><strong>venientem</strong></span> <span class='ocrx_word' id='word_1_889' title='bbox 2779 4761 2848 4814; x_wconf 85' lang='lat' dir='ltr'><strong>ad</strong></span> <span class='ocrx_word' id='word_1_890' title='bbox 2894 4778 2973 4815; x_wconf 87' lang='lat' dir='ltr'><strong>me</strong></span> <span class='ocrx_word' id='word_1_891' title='bbox 3019 4779 3122 4816; x_wconf 87' lang='lat' dir='ltr'><strong>non</strong></span> <span class='ocrx_word' id='word_1_892' title='bbox 3164 4764 3355 4833; x_wconf 84' lang='lat' dir='ltr'><strong>repello</strong></span> <span class='ocrx_word' id='word_1_893' title='bbox 3382 4765 3445 4817; x_wconf 69' lang='lat'><strong>‘9.</strong></span> <span class='ocrx_word' id='word_1_894' title='bbox 3493 4764 3668 4819; x_wconf 86' lang='lat' dir='ltr'><strong>Potest</strong></span> 
     </span>
    </p>
   </div>
   <div class='ocr_carea' id='block_1_110' title="bbox 2100 4851 3662 4928">
    <p class='ocr_par' dir='ltr' id='par_1_110' title="bbox 2100 4851 3662 4928">
     <span class='ocr_line' id='line_1_111' title="bbox 2100 4851 3662 4928; baseline 0.001 -23"><span class='ocrx_word' id='word_1_895' title='bbox 2100 4862 2282 4906; x_wconf 91' lang='lat' dir='ltr'><strong>autem</strong></span> <span class='ocrx_word' id='word_1_896' title='bbox 2315 4859 2369 4906; x_wconf 91' lang='lat' dir='ltr'><strong>et</strong></span> <span class='ocrx_word' id='word_1_897' title='bbox 2397 4852 2464 4907; x_wconf 90' lang='lat' dir='ltr'><strong>de</strong></span> <span class='ocrx_word' id='word_1_898' title='bbox 2493 4851 2602 4906; x_wconf 92' lang='lat' dir='ltr'><strong>illis</strong></span> <span class='ocrx_word' id='word_1_899' title='bbox 2629 4851 2832 4907; x_wconf 88' lang='lat' dir='ltr'><strong>dictum</strong></span> <span class='ocrx_word' id='word_1_900' title='bbox 2861 4852 3055 4915; x_wconf 83' lang='lat' dir='ltr'><strong>videri.</strong></span> <span class='ocrx_word' id='word_1_901' title='bbox 3089 4856 3234 4923; x_wconf 90' lang='lat' dir='ltr'><strong>quod</strong></span> <span class='ocrx_word' id='word_1_902' title='bbox 3277 4855 3415 4928; x_wconf 85' lang='lat' dir='ltr'><strong>ultra</strong></span> <span class='ocrx_word' id='word_1_903' title='bbox 3448 4856 3662 4910; x_wconf 85' lang='lat' dir='ltr'><strong>ﬁumina</strong></span> 
     </span>
    </p>
   </div>
   <div class='ocr_carea' id='block_1_111' title="bbox 2100 4941 3663 5016">
    <p class='ocr_par' dir='ltr' id='par_1_111' title="bbox 2100 4941 3663 5016">
     <span class='ocr_line' id='line_1_112' title="bbox 2100 4941 3663 5016; baseline 0.001 -19"><span class='ocrx_word' id='word_1_904' title='bbox 2100 4941 2420 5012; x_wconf 67' lang='lat' dir='ltr'><strong>Ethiopum</strong></span> <span class='ocrx_word' id='word_1_905' title='bbox 2461 4943 2622 5013; x_wconf 89' lang='lat' dir='ltr'><strong>positi</strong></span> <span class='ocrx_word' id='word_1_906' title='bbox 2670 4944 2886 4998; x_wconf 85' lang='lat' dir='ltr'><strong>venient</strong></span> <span class='ocrx_word' id='word_1_907' title='bbox 2929 4945 3092 4999; x_wconf 87' lang='lat' dir='ltr'><strong>etiam</strong></span> <span class='ocrx_word' id='word_1_908' title='bbox 3138 4947 3240 5016; x_wconf 90' lang='lat' dir='ltr'><strong>ipsi</strong></span> <span class='ocrx_word' id='word_1_909' title='bbox 3277 4947 3345 5001; x_wconf 90' lang='lat' dir='ltr'><strong>ad</strong></span> <span class='ocrx_word' id='word_1_910' title='bbox 3376 4947 3540 5002; x_wconf 88' lang='lat' dir='ltr'><strong>Deum</strong></span> <span class='ocrx_word' id='word_1_911' title='bbox 3570 4948 3663 5000; x_wconf 88' lang='lat' dir='ltr'><strong>ho-</strong></span> 
     </span>
    </p>
   </div>
   <div class='ocr_carea' id='block_1_112' title="bbox 2098 5031 3664 5105">
    <p class='ocr_par' dir='ltr' id='par_1_112' title="bbox 2098 5031 3664 5105">
     <span class='ocr_line' id='line_1_113' title="bbox 2098 5031 3664 5105; baseline 0.001 -17"><span class='ocrx_word' id='word_1_912' title='bbox 2098 5033 2233 5088; x_wconf 87' lang='lat' dir='ltr'><strong>stias</strong></span> <span class='ocrx_word' id='word_1_913' title='bbox 2274 5031 2605 5099; x_wconf 86' lang='lat' dir='ltr'><strong>deferentes,</strong></span> <span class='ocrx_word' id='word_1_914' title='bbox 2650 5033 2744 5103; x_wconf 91' lang='lat' dir='ltr'><strong>qui</strong></span> <span class='ocrx_word' id='word_1_915' title='bbox 2773 5043 3128 5105; x_wconf 86' lang='lat' dir='ltr'><strong>posteaquam</strong></span> <span class='ocrx_word' id='word_1_916' title='bbox 3177 5038 3459 5093; x_wconf 88' lang='lat' dir='ltr'><strong>intraverit</strong></span> <span class='ocrx_word' id='word_1_917' title='bbox 3499 5038 3664 5094; x_wconf 89' lang='lat' dir='ltr'><strong>omnis</strong></span> 
     </span>
    </p>
   </div>
   <div class='ocr_carea' id='block_1_113' title="bbox 2094 5124 3664 5200">
    <p class='ocr_par' dir='ltr' id='par_1_113' title="bbox 2094 5124 3664 5200">
     <span class='ocr_line' id='line_1_114' title="bbox 2094 5124 3664 5200; baseline 0.003 -22"><span class='ocrx_word' id='word_1_918' title='bbox 2094 5124 2373 5194; x_wconf 86' lang='lat' dir='ltr'><strong>plenitudo</strong></span> <span class='ocrx_word' id='word_1_919' title='bbox 2397 5126 2659 5194; x_wconf 80' lang='lat' dir='ltr'><strong>gentium,</strong></span> <span class='ocrx_word' id='word_1_920' title='bbox 2685 5141 2805 5195; x_wconf 76' lang='lat' dir='ltr'><strong>qua:</strong></span> <span class='ocrx_word' id='word_1_921' title='bbox 2833 5126 3149 5182; x_wconf 85' lang='lat' dir='ltr'><strong>ﬂuminibus</strong></span> <span class='ocrx_word' id='word_1_922' title='bbox 3173 5127 3490 5200; x_wconf 63' lang='lat' dir='ltr'><strong>Aithiopum</strong></span> <span class='ocrx_word' id='word_1_923' title='bbox 3525 5146 3664 5185; x_wconf 87' lang='lat' dir='ltr'><strong>com-</strong></span> 
     </span>
    </p>
   </div>
   <div class='ocr_carea' id='block_1_114' title="bbox 2096 5214 3664 5285">
    <p class='ocr_par' dir='ltr' id='par_1_114' title="bbox 2096 5214 3664 5285">
     <span class='ocr_line' id='line_1_115' title="bbox 2096 5214 3664 5285; baseline 0.001 -19"><span class='ocrx_word' id='word_1_924' title='bbox 2096 5224 2343 5282; x_wconf 84' lang='lat' dir='ltr'><strong>paratur,</strong></span> <span class='ocrx_word' id='word_1_925' title='bbox 2386 5214 2604 5268; x_wconf 83' lang='lat' dir='ltr'><strong>venient</strong></span> <span class='ocrx_word' id='word_1_926' title='bbox 2649 5215 2810 5268; x_wconf 89' lang='lat' dir='ltr'><strong>etiam</strong></span> <span class='ocrx_word' id='word_1_927' title='bbox 2859 5216 2980 5285; x_wconf 90' lang='lat' dir='ltr'><strong>ipsi,</strong></span> <span class='ocrx_word' id='word_1_928' title='bbox 3031 5226 3084 5271; x_wconf 92' lang='lat' dir='ltr'><strong>et</strong></span> <span class='ocrx_word' id='word_1_929' title='bbox 3125 5228 3255 5274; x_wconf 90' lang='lat' dir='ltr'><strong>tunc</strong></span> <span class='ocrx_word' id='word_1_930' title='bbox 3302 5221 3481 5275; x_wconf 91' lang='lat' dir='ltr'><strong>omnis</strong></span> <span class='ocrx_word' id='word_1_931' title='bbox 3515 5214 3664 5274; x_wconf 75' lang='lat' dir='ltr'><strong>Israel</strong></span> 
     </span>
    </p>
   </div>
   <div class='ocr_carea' id='block_1_115' title="bbox 2099 5305 3662 5382">
    <p class='ocr_par' dir='ltr' id='par_1_115' title="bbox 2099 5305 3662 5382">
     <span class='ocr_line' id='line_1_116' title="bbox 2099 5305 3662 5382; baseline 0.001 -22"><span class='ocrx_word' id='word_1_932' title='bbox 2099 5305 2429 5366; x_wconf 82' lang='lat' dir='ltr'><strong>salvabitur;</strong></span> <span class='ocrx_word' id='word_1_933' title='bbox 2477 5315 2530 5360; x_wconf 94' lang='lat' dir='ltr'><strong>et</strong></span> <span class='ocrx_word' id='word_1_934' title='bbox 2571 5321 2671 5375; x_wconf 91' lang='lat' dir='ltr'><strong>pro</strong></span> <span class='ocrx_word' id='word_1_935' title='bbox 2704 5321 2770 5360; x_wconf 92' lang='lat' dir='ltr'><strong>eo</strong></span> <span class='ocrx_word' id='word_1_936' title='bbox 2811 5307 2950 5362; x_wconf 89' lang='lat' dir='ltr'><strong>ultra</strong></span> <span class='ocrx_word' id='word_1_937' title='bbox 2987 5307 3549 5382; x_wconf 62' lang='lat' dir='ltr'><strong>ﬁuminaJEthiopum</strong></span> <span class='ocrx_word' id='word_1_938' title='bbox 3584 5310 3662 5363; x_wconf 86' lang='lat' dir='ltr'><strong>di-</strong></span> 
     </span>
    </p>
   </div>
   <div class='ocr_carea' id='block_1_116' title="bbox 2098 5395 3661 5468">
    <p class='ocr_par' dir='ltr' id='par_1_116' title="bbox 2098 5395 3661 5468">
     <span class='ocr_line' id='line_1_117' title="bbox 2098 5395 3661 5468; baseline 0.001 -18"><span class='ocrx_word' id='word_1_939' title='bbox 2098 5403 2315 5462; x_wconf 88' lang='lat' dir='ltr'><strong>cantur,</strong></span> <span class='ocrx_word' id='word_1_940' title='bbox 2347 5395 2505 5465; x_wconf 89' lang='lat' dir='ltr'><strong>quasi</strong></span> <span class='ocrx_word' id='word_1_941' title='bbox 2548 5395 2644 5464; x_wconf 90' lang='lat' dir='ltr'><strong>qui</strong></span> <span class='ocrx_word' id='word_1_942' title='bbox 2680 5396 2968 5452; x_wconf 91' lang='lat' dir='ltr'><strong>ulteriores</strong></span> <span class='ocrx_word' id='word_1_943' title='bbox 3001 5407 3055 5452; x_wconf 88' lang='lat' dir='ltr'><strong>et</strong></span> <span class='ocrx_word' id='word_1_944' title='bbox 3080 5404 3408 5468; x_wconf 81' lang='lat' dir='ltr'><strong>posteriores</strong></span> <span class='ocrx_word' id='word_1_945' title='bbox 3448 5403 3556 5456; x_wconf 90' lang='lat' dir='ltr'><strong>sint</strong></span> <span class='ocrx_word' id='word_1_946' title='bbox 3583 5400 3661 5453; x_wconf 93' lang='lat' dir='ltr'><strong>his</strong></span> 
     </span>
    </p>
   </div>
   <div class='ocr_carea' id='block_1_117' title="bbox 2098 5486 3660 5562">
    <p class='ocr_par' dir='ltr' id='par_1_117' title="bbox 2098 5486 3660 5562">
     <span class='ocr_line' id='line_1_118' title="bbox 2098 5486 3660 5562; baseline 0.003 -22"><span class='ocrx_word' id='word_1_947' title='bbox 2098 5486 2309 5555; x_wconf 86' lang='lat' dir='ltr'><strong>spatiis,</strong></span> <span class='ocrx_word' id='word_1_948' title='bbox 2345 5486 2399 5540; x_wconf 91' lang='lat' dir='ltr'><strong>in</strong></span> <span class='ocrx_word' id='word_1_949' title='bbox 2432 5487 2631 5557; x_wconf 89' lang='lat' dir='ltr'><strong>quibus</strong></span> <span class='ocrx_word' id='word_1_950' title='bbox 2663 5488 2837 5543; x_wconf 88' lang='lat' dir='ltr'><strong>currit</strong></span> <span class='ocrx_word' id='word_1_951' title='bbox 2882 5496 2935 5542; x_wconf 89' lang='lat' dir='ltr'><strong>et</strong></span> <span class='ocrx_word' id='word_1_952' title='bbox 2965 5488 3262 5545; x_wconf 88' lang='lat' dir='ltr'><strong>inundatur</strong></span> <span class='ocrx_word' id='word_1_953' title='bbox 3300 5492 3537 5562; x_wconf 81' lang='lat' dir='ltr'><strong>gentium</strong></span> <span class='ocrx_word' id='word_1_954' title='bbox 3576 5506 3660 5545; x_wconf 91' lang='lat' dir='ltr'><strong>sa-</strong></span> 
     </span>
    </p>
   </div>
   <div class='ocr_carea' id='block_1_118' title="bbox 2132 5641 3650 5715">
    <p class='ocr_par' dir='ltr' id='par_1_118' title="bbox 2132 5641 3650 5715">
     <span class='ocr_line' id='line_1_119' title="bbox 2132 5641 3650 5715; baseline 0.005 -20"><span class='ocrx_word' id='word_1_955' title='bbox 2132 5642 2176 5672; x_wconf 83' lang='grc'>⁶⁰</span> <span class='ocrx_word' id='word_1_956' title='bbox 2209 5642 2348 5715; x_wconf 67' lang='grc' dir='ltr'><strong>ἰὺίᾀ.Δ</strong></span> <span class='ocrx_word' id='word_1_957' title='bbox 2373 5644 2423 5697; x_wconf 91' lang='lat'><strong>7.</strong></span> <span class='ocrx_word' id='word_1_958' title='bbox 2470 5645 2510 5715; x_wconf 53' lang='lat' dir='ltr'><strong>‘f</strong></span> <span class='ocrx_word' id='word_1_959' title='bbox 2546 5641 2720 5715; x_wconf 64' lang='grc' dir='ltr'><strong>[σοι.</strong></span> <span class='ocrx_word' id='word_1_960' title='bbox 2754 5661 2876 5709; x_wconf 80' lang='lat' dir='ltr'><strong>xm,</strong></span> <span class='ocrx_word' id='word_1_961' title='bbox 2911 5646 3006 5709; x_wconf 67' lang='lat'><strong>1‘2;</strong></span> <span class='ocrx_word' id='word_1_962' title='bbox 3040 5663 3100 5711; x_wconf 85' lang='grc' dir='ltr'><strong><em>ιι,</em></strong></span> <span class='ocrx_word' id='word_1_963' title='bbox 3135 5646 3187 5702; x_wconf 88' lang='grc'><strong>9.</strong></span> <span class='ocrx_word' id='word_1_964' title='bbox 3265 5648 3308 5678; x_wconf 80' lang='grc'><strong>⁶¹</strong></span> <span class='ocrx_word' id='word_1_965' title='bbox 3340 5647 3472 5703; x_wconf 87' lang='lat' dir='ltr'><strong>Luc.</strong></span> <span class='ocrx_word' id='word_1_966' title='bbox 3502 5645 3650 5715; x_wconf 44' lang='lat' dir='ltr'><strong>L42.</strong></span> 
     </span>
    </p>
   </div>
   <div class='ocr_carea' id='block_1_119' title="bbox 2492 5713 3638 5791">
    <p class='ocr_par' dir='ltr' id='par_1_119' title="bbox 2492 5713 3638 5791">
     <span class='ocr_line' id='line_1_120' title="bbox 2492 5713 3638 5791; baseline 0.003 -24"><span class='ocrx_word' id='word_1_967' title='bbox 2492 5714 2534 5744; x_wconf 77' lang='grc'><strong>⁸⁷</strong></span> <span class='ocrx_word' id='word_1_968' title='bbox 2562 5713 2706 5770; x_wconf 87' lang='lat' dir='ltr'><strong>Psal.</strong></span> <span class='ocrx_word' id='word_1_969' title='bbox 2754 5731 2923 5786; x_wconf 77' lang='lat' dir='ltr'><strong>vau,</strong></span> <span class='ocrx_word' id='word_1_970' title='bbox 2981 5720 3070 5773; x_wconf 76' lang='grc'><strong>51.</strong></span> <span class='ocrx_word' id='word_1_971' title='bbox 3183 5720 3226 5751; x_wconf 77' lang='grc'><strong>⁸⁸</strong></span> <span class='ocrx_word' id='word_1_972' title='bbox 3253 5717 3421 5791; x_wconf 84' lang='lat' dir='ltr'><strong>Soph.</strong></span> <span class='ocrx_word' id='word_1_973' title='bbox 3453 5713 3547 5788; x_wconf 12' lang='lat' dir='ltr'><strong>ut,»</strong></span> <span class='ocrx_word' id='word_1_974' title='bbox 3575 5717 3638 5772; x_wconf 82' lang='grc'><strong>10</strong></span> 
     </span>
    </p>
   </div>
  </div>
