3872 6498
229 349 310 405 ιοθ
1494 337 1694 399 LIBER
1739 341 2125 400 SECUNDUS.

3333 348 3434 403 HO

225 464 309 520 lus.
341 461 396 515 Et
435 461 502 514 ita
549 459 684 515 forte
717 429 979 530 compleri
1014 459 1227 516 videtur
1259 460 1365 517 hoc
1407 463 1553 533 quod
1596 463 1746 529 dicit,
1781 465 1826 524 Α
1853 442 2109 518 lateribus
2153 464 2274 517 hinc
2325 472 2374 518 et
2423 463 2540 519 inde
2567 463 2631 518 ⁷⁸.
2680 463 2820 520 Puto
2869 479 3001 536 ergo
3035 465 3182 536 quod
3230 467 3428 525 harum

222 559 325 628 quia
366 557 413 608 in
449 555 534 608 die
581 554 675 608 illa
715 572 817 608 non
855 555 1192 623 confunderis
1245 556 1424 612 omnis
1479 555 1639 612 Israel
1690 573 1754 612 ea:

220 650 425 704 omnibus
456 647 911 702 adinventionibus
951 649 1080 715 tuis,
1107 648 1295 719 quibus
1327 651 1484 720 impie
1514 651 1668 721 egisti
1699 652 1752 705 in

220 747 360 794 ate".

274 830 510 900 Superest
543 841 600 887 ut
640 831 774 887 illud
816 831 1216 896 testimonium,
1247 832 1393 902 quod
1426 834 1492 889 de
1517 833 1752 890 Jeremia

217 924 605 992 assumpsitnus,
655 924 984 996 explicetur,
1041 926 1136 979 ubi
1166 924 1757 982 Abdimelcch'nihilo-

215 1015 367 1068 minus
387 1013 638 1086 IEthiops
691 1018 776 1071 vir
811 1017 1120 1083 eunuchus,
1161 1032 1288 1072 cum
1339 1019 1581 1075 audisset
1626 1022 1754 1090 quia

214 1105 443 1162 leremias
472 1108 524 1161 in
555 1109 731 1163 lacum
766 1110 968 1165 missus
997 1119 1082 1165 est
1119 1125 1149 1166 a
1183 1110 1518 1181 principibus
1550 1115 1754 1183 populi,

211 1199 363 1254 educit
403 1214 525 1254 eum
581 1199 706 1255 inde
728 1201 794 1255 ⁷¹.
835 1201 898 1256 Et
930 1210 1062 1272 puto
1098 1203 1486 1258 inconveniens
1523 1221 1632 1258 non
1671 1207 1755 1260 vi-

208 1290 304 1345 deri
341 1291 384 1346 si
417 1290 686 1356 dicamus,
732 1308 894 1361 quem
923 1292 1196 1363 principes
1231 1293 1397 1350 Israel
1428 1296 1758 1350 condemna-

210 1391 393 1445 verunt,
411 1391 463 1436 et
493 1383 548 1437 in
575 1383 754 1438 lacum
783 1384 984 1466 mortis.
1008 1385 1292 1451 miserunt,
1323 1386 1423 1441 iste
1455 1386 1757 1457 alienigena

207 1486 248 1530 et
274 1476 507 1532 obscura:
537 1478 716 1548 gentis
742 1478 908 1532 homo
938 1487 993 1533 et
1020 1473 1325 1550 degeneris,
1364 1478 1415 1534 id
1459 1488 1543 1534 est
1586 1495 1758 1550 popu-

207 1567 276 1622 lus
315 1569 583 1637 gentium,
631 1569 818 1624 educit
862 1584 987 1624 eum
1019 1570 1085 1624 de
1111 1570 1231 1625 lacu
1263 1571 1478 1634 mortis,
1511 1586 1756 1626 resurre-

206 1659 410 1714 ctionem
440 1660 652 1715 Scilicet
684 1661 803 1731 ejus
837 1678 867 1716 a
899 1663 1129 1717 mortuis
1159 1663 1405 1727 credens,
1435 1671 1489 1716 et
1527 1663 1630 1716 lide
1660 1679 1756 1718 sua

208 1752 330 1805 bnnc
357 1768 514 1822 quem
556 1753 632 1808 illi
668 1753 724 1808 in
764 1763 990 1810 mortem
1045 1755 1408 1821 tradiderant,
1442 1755 1542 1809 iste
1571 1756 1636 1810 de
1676 1755 1756 1809 in-

205 1841 347 1896 lcrnis
399 1853 624 1899 revocat
687 1861 753 1900 ac
805 1846 1036 1904 reducit.
1099 1844 1204 1900 Sed
1255 1855 1308 1900 et
1351 1849 1634 1901 eunuchus
1668 1847 1756 1903 hic

206 1933 429 2004 lEthiops
473 1951 600 1991 esse
638 1937 858 2004 dicitur,
909 1937 1074 1992 credo
1123 1938 1269 2008 quod
1302 1939 1626 1994 castraverit
1671 1956 1755 1996 se-

205 2026 463 2097 metipsum
517 2037 747 2098 propter
795 2045 1021 2100 regnum
1075 2029 1202 2095 Dei,
1265 2031 1351 2086 vel
1403 2031 1567 2087 etiam
1611 2032 1755 2102 quod

205 2134 360 2172 semen
414 2121 645 2174 malitiae
685 2120 739 2174 in
776 2122 1071 2192 semetipso
1125 2137 1236 2177 non
1284 2122 1498 2178 habeat.
1556 2121 1758 2179 Servus

205 2226 392 2280 quoque
416 2222 500 2266 est
534 2213 704 2283 regis,
737 2214 864 2282 quia
889 2229 1080 2269 servus
1106 2215 1324 2284 sapiens
1355 2215 1586 2285 imperat
1621 2217 1758 2271 stul-

204 2304 262 2356 tis
289 2303 534 2360 dominis.
578 2304 968 2375 Interpretatur
999 2315 1177 2362 autem
1198 2307 1548 2363 Abdimelecb
1583 2326 1757 2363 servus

204 2413 373 2466 regum.
411 2397 475 2452 Et
505 2398 632 2453 ideo
657 2399 920 2455 Dominus
958 2401 1270 2471 relinquens
1302 2402 1561 2472 populum
1597 2401 1758 2458 Israel

204 2501 284 2556 pro
326 2488 560 2557 peccatis
609 2489 750 2553 suis,
807 2490 873 2544 ad
898 2489 1210 2561 Aithiopem
1261 2492 1421 2546 verba
1470 2494 1674 2565 dirigit,
1707 2504 1760 2550 ct

205 2579 258 2631 ad
288 2580 454 2647 ipsum
510 2581 683 2635 mittit
716 2582 1031 2652 prophetam
1065 2593 1116 2638 et
1155 2585 1258 2654 ipsi
1295 2585 1463 2640 dicit:
1507 2586 1639 2640 Ecce
1667 2606 1758 2659 ego

203 2671 379 2724 adduco
424 2673 590 2725 verba
633 2690 748 2726 mea
797 2691 956 2745 super
997 2676 1265 2730 civitatem
1317 2680 1474 2733 istam
1524 2683 1578 2735 in
1615 2683 1759 2737 mala

201 2770 242 2814 et
271 2779 360 2814 non
393 2764 444 2816 in
483 2763 672 2827 bona;
706 2773 756 2817 et
783 2765 994 2820 salvabo
1039 2776 1086 2820 te
1124 2767 1175 2819 in
1209 2768 1293 2822 die
1331 2768 1447 2836 illa,
1486 2780 1534 2823 et
1567 2789 1671 2825 non
1713 2782 1760 2827 te

202 2851 315 2906 dabo
344 2855 392 2907 in
422 2871 621 2908 manus
655 2855 956 2924 hominum,
990 2859 1079 2912 sed
1119 2859 1330 2914 saluans
1371 2861 1584 2916 salvabo
1623 2874 1670 2919 te
1692 2866 1756 2917 τ’.

203 2942 381 2999 Salutis
430 2957 621 3002 autem
659 2963 826 3004 causa
857 2951 971 3004 hzec
1005 2960 1088 3006 est
1131 2953 1200 3019 ei,
1233 2954 1360 3023 quia
1397 2955 1586 3010 eduxit
1635 2972 1761 3026 pro-

201 3035 388 3104 phetam
414 3038 479 3092 de
510 3040 664 3105 lacu,
698 3041 748 3094 id
771 3051 876 3106 est,
912 3042 1056 3112 quod
1085 3042 1188 3099 ﬁde
1219 3061 1316 3100 sua
1349 3061 1455 3116 qua
1480 3046 1759 3102 Christum

1857 557 2078 627 pellium
2137 558 2343 613 mentio
2389 558 2481 612 liat
2514 558 2566 611 in
2593 555 2819 613 Cantico
2849 558 3211 628 canticorum,
3240 573 3292 616 et
3318 562 3436 618 ista:

1856 648 2110 704 dicantur
2130 665 2252 706 esse
2280 649 2610 716 Salomonis,
2645 651 2737 722 qui
2769 650 3037 720 accipitur
3064 651 3116 705 in
3147 653 3432 720 paeiticum

1858 738 1966 810 50
1993 741 2293 796 Christum.
2342 741 2520 812 Ipsius
2549 758 2678 811 ergo
2707 750 2790 797 est
2823 743 3255 809 tabernaculum,
3288 754 3342 798 et
3370 759 3434 800 ea

1857 845 1980 899 quze
2027 831 2092 885 ad
2139 832 2551 886 tabernaculum
2603 834 2915 902 pertinent;
2967 842 3021 888 et
3068 833 3340 903 praecipue
3386 836 3434 889 si

1859 922 1991 976 illud
2031 922 2443 978 tabernaculum
2476 923 2906 991 consideremus,
2937 925 3081 994 quod
3117 925 3317 980 dicitur
3355 934 3436 980 ta-

1859 1013 2216 1069 bernaculum
2258 1029 2470 1079 verum,
2507 1015 2652 1084 quod
2681 1014 2797 1069 fixit
2828 1015 2972 1072 Deus
3003 1024 3058 1070 et
3094 1031 3202 1070 non
3245 1017 3432 1083 homo,

1857 1116 1910 1161 ct
1938 1106 2082 1176 quod
2109 1106 2216 1160 ait:
2274 1104 2398 1159 Non
2425 1107 2562 1160 enim
2585 1109 2638 1160 in
2663 1109 2972 1177 manufacta
3000 1119 3185 1163 sancta
3215 1111 3434 1163 intravit

1857 1196 2010 1252 Jesus
2050 1198 2372 1267 exemplaria
2409 1215 2647 1254 verorum
2673 1201 2742 1257 ⁷⁸.
2801 1199 2859 1254 Si
2901 1217 3030 1270 ergo
3073 1201 3435 1270 pulchritudi-

1859 1305 1982 1344 nem
2031 1306 2188 1344 suam
2239 1305 2438 1360 sponsa
2489 1291 2725 1360 pellibus
2771 1303 3052 1362 comparat
3101 1292 3431 1360 Salomonis,

1858 1383 2072 1438 illarum
2117 1383 2233 1438 sine
2263 1382 2430 1437 dubio
2476 1384 2697 1452 pellium
2739 1384 2964 1455 gloriam
2997 1396 3048 1440 et
3076 1385 3437 1456 pulchritudi-

1859 1489 1982 1529 nem
2013 1474 2175 1540 dicit,
2207 1489 2330 1543 quae
2363 1474 2615 1544 operiunt
2662 1475 2793 1529 illud
2844 1476 3255 1532 tabernaculum
3287 1480 3431 1548 quod

1857 1565 1974 1620 fixit
2002 1563 2144 1620 Deus
2175 1576 2228 1620 et
2257 1581 2364 1620 non
2397 1568 2584 1622 homo.
2645 1567 2702 1621 Si
2734 1583 2862 1622 vero
2904 1569 3239 1639 nigredinem
3270 1587 3427 1626 suam

1859 1673 1979 1726 quae
2021 1658 2337 1728 exprobrari
2393 1675 2424 1714 a
2472 1660 2686 1714 filiabus
2736 1659 3076 1716 Hierusalem
3123 1662 3432 1728 videbatur,

1861 1749 2089 1818 pellibus
2124 1752 2354 1805 contulit
2383 1750 2714 1817 Salomonis,
2737 1751 2902 1821 hujus
2925 1754 3260 1809 tabernaculi
3288 1758 3434 1822 quod

1789 1819 1830 1874 Β
1858 1842 2135 1911 exemplar
2164 1843 2277 1896 veri
2308 1843 2640 1898 tabernaculi
2671 1853 2918 1911 vocatur,
2955 1847 3282 1916 accipiendae
3308 1857 3436 1903 sunt

1857 1929 2058 1999 pelles;
2099 1932 2254 2000 quasi
2286 1933 2432 2002 quod
2466 1942 2519 1986 et
2565 1933 2692 2002 ipsa:
2730 1934 2896 2004 nigra:
2938 1935 3319 2004 sint'quidem,
3350 1946 3438 1990 ut-

1857 2033 1984 2095 pote
2021 2040 2308 2095 caprarum
2358 2028 2483 2096 pilis
2538 2035 2718 2091 textae,
2753 2038 2804 2082 et
2851 2035 3030 2082 tamen
3076 2045 3236 2084 usum
3270 2045 3435 2085 orna-

1860 2125 2082 2186 tumque
2109 2117 2400 2172 exhibeant
2429 2119 2612 2172 divino
2654 2118 3024 2175 tabernaculo.
3061 2119 3217 2186 Quod
3251 2131 3432 2176 autem

1859 2209 2072 2264 videtur
2101 2225 2220 2264 esse
2253 2224 2483 2279 persona
2515 2227 2620 2264 una
2652 2227 2770 2280 quae
2810 2211 3074 2280 loquitur,
3105 2221 3156 2266 ct
3185 2213 3438 2281 pluribus

1861 2316 1920 2356 se
1961 2302 2045 2355 vel
2096 2303 2464 2358 tabernaculis
2492 2301 2666 2357 Cedar
2709 2302 2762 2356 in
2797 2303 3109 2372 nigredine,
3157 2305 3238 2358 vel
3283 2303 3436 2358 Salo-

1862 2393 2043 2448 monis
2086 2393 2319 2464 pellibus
2366 2393 2734 2464 comparavit,
2787 2391 2862 2446 ita
2906 2393 3280 2462 accipiendum
3329 2404 3435 2460 est,

1861 2487 1989 2557 quia
2023 2501 2129 2540 una
2175 2487 2390 2557 quidem
2435 2500 2664 2556 persona
2701 2486 2938 2548 videtur,
2969 2483 3224 2540 Ecclesiae
3274 2485 3438 2540 innu-

1862 2595 2026 2634 merae
2077 2589 2258 2636 tamen
2311 2589 2438 2634 sunt
2481 2595 2604 2649 quae
2646 2594 2741 2649 per
2791 2578 2978 2633 orbem
3027 2586 3185 2633 terrae
3227 2578 3439 2636 diﬂ‘usa:

1863 2681 2008 2738 sunt,
2040 2683 2202 2742 atque
2247 2673 2528 2727 immensa:
2572 2671 3018 2742 congregationes
3045 2687 3107 2726 ac
3132 2673 3438 2728 multitudi-

1863 2781 1960 2821 nes
2005 2766 2367 2835 populorum;
2421 2765 2563 2819 sicut
2592 2773 2646 2818 et
2692 2779 2917 2833 regnum
2964 2765 3228 2819 caelorum
3266 2781 3438 2819 unum

1862 2857 2080 2927 quidem
2112 2858 2333 2924 dicitur,
2365 2855 2459 2911 sed
2493 2855 2676 2909 multa:
2714 2864 2893 2908 tamen
2943 2856 2996 2910 in
3027 2871 3092 2911 eo
3125 2856 3441 2912 mansiones

1863 2957 2241 3004 memorantur
2267 2963 2388 3003 esse
2424 2947 2565 3017 apud
2597 2945 2809 3001 Patrem
2834 2948 2899 2999 ⁷⁸.
2955 2946 3141 3003 Potest
3169 2958 3349 3002 autem
3385 2957 3441 3002 et

1863 3040 1929 3095 de
1975 3055 2306 3110 unaquaque
2370 3040 2551 3093 anima
2599 3053 2718 3105 qua:
2762 3047 2884 3108 post
2935 3046 3153 3108 peccata
3201 3038 3439 3108 plurima

203 3133 546 3187 resurrexisse
578 3133 808 3187 credita
836 3136 1085 3200 mortuis,
1113 3138 1366 3193 eduxisse
1393 3154 1516 3194 eum
1544 3140 1753 3195 exlacu
1781 3159 1824 3217 ε
1865 3132 2204 3187 convertitur
2251 3131 2317 3185 ad
2365 3130 2764 3200 paenitentiam.
2815 3130 2944 3196 dici.
2990 3131 3140 3199 quod
3171 3130 3324 3200 nigra
3370 3131 3442 3185 sit

203 3220 405 3276 videtur.
445 3221 634 3277 llabet
667 3239 794 3294 ergo
821 3225 1051 3310 plurima
1083 3228 1392 3283 testimonia
1425 3227 1579 3284 fusca
1619 3230 1753 3296 haec,

200 3312 446 3382 velnigra,
480 3325 540 3369 et
574 3314 836 3381 formosa,
869 3317 921 3370 in
944 3320 1144 3389 quibus
1177 3321 1343 3376 libere
1370 3331 1517 3392 agat,
1549 3332 1603 3376 et
1632 3337 1757 3378 cum

202 3403 372 3460 ﬁducia
401 3408 557 3462 dicat
595 3407 662 3462 ad
695 3407 831 3461 tilias
872 3406 1238 3476 Hierusalem,
1271 3413 1400 3480 quia
1443 3411 1596 3467 lusca
1638 3428 1758 3468 sum

201 3499 413 3567 quidem,
443 3499 535 3555 vel
569 3503 721 3570 nigra
752 3501 890 3556 sicut
917 3502 1263 3556 tabernacula
1293 3502 1487 3568 Cetlar,
1520 3502 1757 3558 formosa

201 3598 354 3643 autem
383 3591 527 3646 sicut
548 3592 715 3660 pelles
733 3591 1061 3648 Salomonis.
1095 3592 1169 3647 De
1199 3592 1429 3663 pellibus
1449 3594 1758 3650 Salomonis

201 3681 432 3751 scriptum
471 3683 686 3753 aliquid
721 3685 938 3754 proprie
966 3700 1072 3740 non
1099 3685 1342 3740 memini.
1389 3683 1528 3740 Puto
1578 3696 1758 3740 autem

204 3772 364 3829 referri
383 3792 552 3846 posse
581 3777 648 3830 ad
674 3775 898 3846 gloriam
927 3776 1065 3846 ejus,
1091 3775 1159 3833 de
1186 3793 1292 3847 qua
1313 3778 1442 3833 dicit
1475 3778 1760 3834 Salvator:

205 3865 320 3929 Quia
372 3885 462 3922 nec
499 3866 759 3924 Salomon
813 3871 866 3923 in
909 3869 1052 3924 omni
1097 3870 1268 3940 gloria
1303 3887 1398 3923 sua
1440 3881 1652 3940 opertus
1682 3880 1758 3925 est

203 3957 315 4012 sicut
352 3976 515 4014 unum
550 3961 741 4014 horum
765 3960 830 4015 ⁷³.
859 3960 1068 4016 Nomen
1105 3970 1283 4016 tamen
1329 3961 1505 4031 ipsum
1539 3963 1758 4033 pellium

205 4047 248 4099 in
281 4051 628 4107 tabernaculo
663 4053 956 4107 testimonii
993 4051 1301 4107 invenimus
1335 4052 1644 4122 frequenter
1675 4070 1761 4109 rc-

205 4139 333 4208 ferri,
367 4145 510 4200 sicut
545 4160 674 4199 cum
701 4145 832 4200 dicit
859 4163 870 4198 :
899 4143 966 4198 Et
994 4146 1157 4215 [acies
1191 4144 1349 4214 pelles
1383 4161 1446 4198 ea:
1477 4162 1760 4214 caprarum

203 4235 308 4299 pilis
359 4240 751 4307 operimentum
798 4254 954 4306 super
999 4237 1398 4291 tabernaculum
1450 4239 1757 4303 testimonii,

205 4329 420 4383 undecim
443 4330 611 4400 pelles
641 4332 826 4400 facies,
865 4329 1136 4401 longitudo
1159 4331 1309 4399 pellis
1342 4332 1499 4384 unius
1542 4333 1761 4400 triginta

205 4419 518 4486 cubitorum,
582 4420 816 4473 latitudo
893 4429 1120 4489 quatuor
1171 4419 1488 4473 cubitorum.
1559 4419 1762 4473 Eadem

1861 3223 2081 3295 quidem
2109 3238 2208 3293 pro
2235 3222 2488 3292 peccatis,
2539 3219 2776 3275 formosa
2814 3228 3032 3289 propter
3064 3221 3438 3290 ptenitentiam

1860 3327 1914 3373 et
1939 3317 2150 3373 fructus
2174 3315 2523 3387 paenitentiae.
2555 3314 2795 3383 Denique
2827 3322 2880 3368 et
2922 3314 2989 3369 de
3024 3315 3126 3368 hac
3164 3315 3280 3385 ipsa
3320 3331 3443 3384 qua:

1861 3425 2009 3466 nunc
2057 3409 2189 3464 dicit
2227 3427 2237 3462 :
2282 3407 2452 3476 Nigra
2493 3423 2609 3459 sum
2640 3415 2688 3460 et
2727 3406 2996 3475 formosa,
3047 3406 3177 3475 quia
3226 3422 3333 3461 non
3384 3407 3443 3460 in

1861 3504 2023 3558 linem
2061 3503 2115 3556 in
2151 3499 2433 3571 nigredine
2461 3499 2564 3554 ista
2595 3498 2913 3569 permansit,
2948 3508 3071 3568 post
3104 3499 3217 3553 hazc
3249 3497 3445 3553 dicunt

1863 3595 1926 3648 de
1948 3609 2010 3648 ea
2035 3593 2150 3662 ipsa
2179 3591 2304 3646 lilite
2324 3589 2658 3645 Hierusalem
2684 3608 2696 3642 :
2727 3591 2857 3654 Qua:
2877 3600 2952 3644 est
2982 3591 3085 3643 ista
3109 3605 3227 3660 quae
3254 3587 3458 3644 ascen?

1860 3686 1938 3740 dit
1973 3685 2222 3739 dealbata
2259 3683 2559 3737 incumbens
2595 3699 2751 3752 super
2781 3684 3076 3752 fraternum
3103 3699 3257 3736 suum
3281 3681 3446 3735 "‘7"?

1929 3777 2086 3834 Vers.
2128 3779 2182 3832 6.
2227 3776 2309 3832 Ne
2339 3777 2558 3832 videatis
2604 3794 2703 3841 me,
2739 3778 2988 3847 quoniam
3023 3777 3291 3845 infuscata
3323 3767 3458 3830 sum

1860 3886 1973 3940 ego,
2001 3871 2126 3939 quia
2155 3870 2390 3939 despexit
2418 3886 2498 3923 me
2521 3869 2620 3921 sol.
2669 3868 2943 3924 lnfuscata
2985 3869 3098 3924 sive
3137 3869 3458 3938 denigrata,

1861 3961 1904 4016 si
1936 3971 2306 4031 competenter
2337 3962 2494 4017 nobis
2520 3962 2731 4016 videtur
2759 3968 2939 4030 aptata
2965 3961 3237 4032 expositio
3273 3976 3442 4029 quam

1861 4057 1916 4110 in
1953 4058 2329 4127 superioribus
2381 4060 2464 4113 vel
2519 4059 2587 4114 de
2621 4059 2960 4128 [Ethiopissa
3015 4074 3136 4127 quae
3196 4073 3226 4112 a
3258 4057 3444 4128 Moyse

1863 4157 2114 4217 suscepta
2163 4156 2246 4204 est
2295 4149 2350 4202 in
2406 4149 2760 4219 conjugium,
2812 4150 2895 4203 vel
2939 4148 3006 4203 de
3056 4147 3242 4217 regina
3297 4147 3444 4203 Saba

1864 4239 2181 4310 Ethiopum
2210 4257 2332 4311 qua:
2363 4240 2682 4310 sapientiam
2715 4240 3026 4296 Salomonis
3053 4241 3199 4294 venit
3229 4241 3441 4307 audire,

1864 4330 2175 4385 texuimus:
2208 4331 2401 4386 merito
2446 4347 2592 4387 nunc
2641 4332 2756 4386 haec
2803 4345 2925 4401 quae
2965 4330 3117 4385 fusca
3169 4331 3253 4385 vel
3288 4332 3441 4400 nigra

1864 4429 1952 4476 est
1984 4431 2037 4476 et
2075 4421 2354 4486 formosa,
2409 4422 2725 4478 satisfacere
2769 4422 2984 4477 videtur
3029 4435 3130 4491 pro
3165 4422 3446 4490 nigredine

207 4523 423 4562 mensura
461 4511 569 4564 erit
601 4511 841 4564 undecim
869 4510 1116 4577 pellibus,
1141 4518 1190 4563 et
1223 4510 1504 4580 conjunges
1534 4511 1760 4580 quinque
1793 4507 1836 4562 D
1865 4513 1951 4567 vel
1980 4511 2288 4568 fuscatione
2316 4529 2437 4581 sua,
2464 4529 2770 4586 causasque
2811 4514 3036 4569 reddere
3062 4513 3444 4582 exprobranti-

205 4600 339 4667 pelles
370 4601 554 4665 simul,
585 4612 636 4654 et
665 4601 803 4654 alias
837 4616 928 4655 sea:
965 4599 1145 4665 simul,
1173 4609 1221 4653 et
1251 4599 1529 4669 replicabis
1557 4610 1760 4654 sextam

205 4691 366 4758 pellem
403 4711 435 4746 a
463 4694 645 4762 fronte
676 4691 1001 4744 tabernaculi
1031 4709 1050 4747 :
1088 4701 1136 4746 et
1181 4691 1341 4760 facies
1374 4692 1760 4761 quinquaginta

205 4783 398 4837 ansulas
437 4801 534 4854 per
570 4799 722 4837 oram
751 4782 903 4851 pellis
940 4781 1127 4848 unius,
1175 4792 1223 4836 et
1248 4783 1631 4852 quinquaginta
1666 4799 1762 4835 an-

204 4874 329 4928 sulas
352 4893 442 4944 per
469 4892 623 4928 oram
658 4873 810 4944 pellis
835 4873 1077 4940 alterius,
1104 4889 1196 4944 per
1216 4890 1348 4943 quas
1372 4874 1762 4944 conjungantur

205 4981 296 5018 una
316 4969 381 5020 ad
411 4969 678 5031 alteram;
710 4977 758 5021 et
787 4967 953 5036 [acies
989 4965 1216 5019 circulos
1246 4981 1408 5020 wreos
1435 4965 1762 5036 quinquage-

206 5072 304 5123 nos,
329 5068 374 5111 et
401 5059 688 5129 conjunges
715 5073 780 5112 ea:
805 5059 933 5127 ipsis
963 5056 1145 5124 pelles,
1171 5067 1220 5110 et
1249 5056 1348 5109 erit
1377 5073 1539 5110 unum
1570 5067 1762 5122 totum;

206 5158 245 5200 et
276 5151 544 5219 replicabis
577 5150 718 5221 quod
756 5158 988 5219 superest
1033 5164 1098 5203 ea:
1129 5147 1353 5216 pellibus
1374 5187 1389 5214 ,
1428 5147 1764 5200 medietatem

207 5242 336 5307 pellis
359 5245 516 5298 unius
545 5261 577 5296 a
605 5243 779 5312 fronte
809 5241 1159 5307 tabernaculi,
1183 5249 1232 5294 et
1263 5255 1327 5293 ea:
1353 5239 1461 5292 alia
1491 5240 1767 5292 medietate

206 5336 326 5403 quod
348 5346 604 5405 superest,
635 5333 832 5388 celabis
860 5334 1153 5403 posteriora
1181 5331 1507 5385 tabernaculi
1532 5331 1768 5383 cubitum

208 5428 332 5493 hinc,
358 5439 405 5481 et
429 5431 666 5483 cubitum
697 5429 838 5492 inde,
857 5442 920 5480 ea;
943 5442 1001 5479 eo
1025 5425 1162 5495 quod
1191 5424 1424 5477 abundat
1455 5425 1506 5476 in
1532 5422 1765 5492 longitu-

208 5515 311 5572 dine
351 5521 608 5586 pellium,
651 5530 700 5576 et
750 5519 849 5574 erit
894 5518 1210 5588 adapertum
1255 5515 1656 5569 tabernaculum
1698 5529 1761 5568 ea:

267 5724 309 5756 ’⁸
339 5724 579 5795 Sophon.
607 5742 694 5793 tu,
729 5725 838 5795 lla
893 5726 936 5756 '”
958 5721 1068 5780 Jer.
1097 5738 1336 5795 sxxvtn.

214 5792 292 5865 to,
314 5798 398 5867 ιι,
418 5792 618 5868 12,15.

1867 4605 2006 4671 bus,
2035 4606 2192 4676 quasi
2223 4621 2344 4676 qum
2386 4622 2494 4661 non
2527 4617 2719 4662 natura
2757 4607 2904 4671 talis,
2938 4621 3037 4661 nec
3070 4605 3144 4659 ita
3184 4620 3214 4658 a
3243 4604 3440 4658 Condi-

1869 4705 1987 4751 tore
2023 4707 2205 4752 creata
2247 4698 2339 4762 sit,
2383 4699 2476 4753 sed
2514 4715 2580 4753 ex
2619 4699 2992 4755 accidentibus
3018 4699 3124 4754 hoc
3159 4714 3320 4768 passa
3352 4699 3442 4753 sit.

1868 4790 1947 4844 Ex
1983 4806 2069 4855 eo,
2099 4791 2294 4860 inquit,
2327 4791 2455 4860 quia
2482 4792 2564 4844 sol
2589 4790 2837 4860 despexit
2867 4805 2973 4845 me.
3020 4789 3078 4843 In
3109 4805 3218 4858 quo
3253 4799 3440 4844 osten-

1868 4880 1947 4935 dit
1969 4896 2076 4934 non
2107 4881 2174 4935 de
2202 4881 2480 4950 nigredine
2509 4881 2755 4950 corporis
2782 4880 2898 4935 lieri
2937 4895 3267 4943 sermonem,
3299 4879 3445 4947 quod

1868 4974 2057 5042 utique
2084 4971 2167 5027 sol
2199 4972 2494 5026 obscurare
2523 4980 2576 5026 et
2606 4971 2890 5042 denigrare
2929 4971 3086 5035 solet,
3117 4984 3241 5024 cum
3272 4970 3447 5039 respi-

1870 5061 1946 5116 cit
1974 5062 2148 5131 magis
2183 5075 2344 5131 quam
2382 5076 2505 5115 cum
2539 5061 2787 5131 despicit.
2839 5059 2916 5114 Ita
2948 5059 3182 5129 denique
3209 5068 3263 5114 et
3297 5061 3441 5129 apud

1870 5151 2018 5206 illam
2037 5167 2252 5206 omnem
2273 5160 2482 5222 geniem
2501 5151 2818 5223 Ethiopum
2840 5151 3040 5214 ferunt,
3067 5151 3153 5206 cui
3180 5152 3447 5207 naturalis

1873 5241 2122 5312 quaedam
2160 5242 2301 5297 inest
2333 5258 2398 5297 ex
2428 5243 2654 5298 seminis
2695 5242 2929 5297 carnalis
2961 5241 3308 5296 successione
3357 5241 3443 5293 ni-

1869 5335 2058 5406 grcdo,
2090 5333 2233 5404 quod
2275 5335 2327 5388 in
2369 5335 2478 5390 illis
2523 5336 2656 5390 locis
2686 5335 2767 5389 sol
2798 5334 2964 5388 radiis
2997 5333 3306 5388 acrioribus
3336 5331 3444 5387 fer-

1868 5435 2012 5492 veat,
2037 5435 2091 5480 et
2112 5426 2304 5482 adusta
2337 5427 2448 5496 jam
2509 5427 2675 5481 semel
2715 5436 2877 5495 atque
2917 5425 3185 5482 infuscata
3213 5439 3443 5496 corpora

1869 5518 2090 5591 genuini
2140 5518 2260 5573 vitii
2311 5518 2660 5574 successione
2721 5528 3098 5588 permaneant.
3164 5517 3442 5574 Contrarii

1435 5723 1480 5755 ⁷²
1501 5721 1698 5800 Jerem.
1731 5723 2033 5800 xA\'_X_t_X,__l6,
2068 5723 2153 5779 Π.
2227 5723 2483 5800 'fMatth.
2514 5743 2588 5795 vI,
2613 5728 2705 5783 9.9.
2781 5728 2828 5761 ⁷⁸
2853 5727 3026 5783 Exod.
3053 5744 3200 5793 xxvi,
3230 5727 3278 5794 7,
3308 5727 3360 5793 8,
3386 5730 3441 5800 9,

730 5796 776 5829 ⁷³
799 5794 962 5852 Hebr.
988 5794 1178 5861 ix,‘24.
1219 5796 1265 5827 ⁷⁸
1291 5795 1451 5852 Joan.
1488 5811 1596 5859 xw,
1628 5795 1680 5847 2.
1760 5797 1880 5837 ⁷⁷-τδ
1904 5797 2062 5850 Cant.
2103 5812 2220 5862 vni,
2259 5797 2310 5848 5.
