3872 6506
235 365 318 419 115

225 476 339 532 ἀλλὰ
379 471 524 546 παρά
563 473 652 527 τὸν
696 472 774 539 ὡς
817 473 952 527 ἀπο-

223 571 505 642 δεδώκαμεν
529 567 756 642 μελανού
764 585 949 640 μενον.

223 665 358 718 03w
371 662 424 715 δὲ
441 663 514 734 μή
523 679 649 715 ποτε
672 661 766 715 καὶ
789 661 954 732 σκλη-

221 759 352 833 ρύνει
408 757 610 829 Κύριος
665 757 765 828 τὴν
815 774 954 827 καρ-

219 853 324 906 δίαν
360 850 587 923 Φαραὼ,
635 849 735 921 τῆς
772 850 952 914 αἰτίας

217 944 386 998 τούτου
435 942 601 1013 οὔσης
634 942 763 1015 περὶ
792 941 954 995 αὐτὸν

220 1037 569 1091 κατώυνῶντα
601 1036 699 1108 τὴν
729 1037 837 1090 τῶν
879 1037 956 1089 Ἐ-

218 1131 402 1202 ὕραίων
443 1127 588 1201 ζωὴν
631 1131 689 1182 ὲν
722 1131 834 1193 τοῖς
866 1129 956 1200 ἑρ-

217 1242 318 1293 γοις
366 1225 475 1286 τοῖς
525 1221 812 1294 σκληροῖς,
878 1220 956 1292 τῷ

216 1314 354 1386 πηλῷ
374 1315 467 1368 καὶ
486 1317 553 1386 τῇ
585 1314 835 1386 πλινθείᾳ
861 1314 957 1368 καὶ

215 1410 333 1464 πᾶσι
363 1410 474 1470 τοῖς
489 1407 682 1478 ⁴ἔργοις
715 1407 836 1477 οὐχὶ
861 1407 958 1460 καὶ

212 1504 310 1565 τοῖς
333 1503 389 1554 ὲν
415 1500 568 1572 ὀρεσι
595 1501 689 1554 καὶ
724 1500 955 1570 βουνοῖς,

211 1598 331 1652 ἀλλὰ
348 1600 459 1660 τοῖς
487 1600 546 1650 ὲν
571 1595 799 1660 πεδίοις.
817 1597 960 1650 ’Υλι-

211 1691 294 1754 κὸς
321 1690 428 1762 γάρ
457 1707 544 1755 τις
570 1689 682 1744 ἀπὸ
706 1690 803 1760 τῆς
831 1691 959 1742 ἐαυ-

209 1786 292 1842 τοῦ
322 1786 519 1851 κακίας
555 1786 924 1860 γεγενημένος
942 1826 957 1850 ,

212 1881 293 1935 καὶ
354 1879 497 1936 κατὰ
572 1881 754 1952 σάρκα
818 1879 960 1934 κατὰ

211 1978 370 2030 πάντα
408 1975 522 2042 ζῶν
541 2016 557 2041 ,
607 1975 766 2048 πηλῷ
809 1975 961 2045 φίλος

210 2074 471 2144 τυγχάνων
491 2114 506 2138 ,
559 2073 814 2144 βούλεται
863 2073 958 2127 καὶ

142 2196 144 2198 τ
209 2170 320 2234 τοὺς
353 2169 649 2242 Ἐϐραίους
693 2169 960 2241 πηλοποιο

210 2266 306 2327 civ,
340 2263 401 2316 τὸ
442 2263 779 2334 ἡγεμονικὸν
819 2261 961 2332 ἔχων

210 2359 264 2412 οὐ
301 2357 538 2430 καθαρὸν
574 2357 788 2429 πηλοῦ·
823 2358 962 2430 ὅπερ

209 2453 277 2517 ὡς
298 2453 466 2525 πηλὸς
487 2454 598 2507 ὑπὸ
623 2453 777 2525 ἡλίου
805 2452 965 2524 σκλη-

213 2548 410 2619 foverat
432 2589 447 2613 ,
497 2546 684 2613 οὕτως
716 2549 822 2601 ὑπὸ
853 2549 962 2601 τῶν

210 2645 376 2713 αὐγῶν
405 2644 500 2698 τοῦ
540 2644 680 2698 Θεοῦ
733 2645 962 2698 ἐπισκο-

213 2739 409 2792 πουσῶν
428 2737 511 2809 τῷ
532 2737 752 2810 Ἰσραὴλ
774 2737 966 2809 ἐσκλη-

215 2831 384 2906 ρῦνθη.
437 2833 574 2885 Ὀτι
626 2831 684 2884 δὲ
738 2831 966 2885 τοιαῦτα

214 2926 345 2978 ἔστιν
367 2925 423 2979 ὲν
451 2926 577 2988 τοῖς
604 2921 748 2977 κατὰ
778 2923 964 2990 τόπον,

215 3019 296 3073 καὶ
343 3020 440 3090 οὐχ
499 3017 755 3090 ἱστορίαν
803 3018 968 3091 ψιλὴν

216 3115 483 3186 πρόκειται
501 3114 870 3186 ἀναγράφειν,
881 3113 970 3184 δῆ-

215 3211 291 3265 λον
322 3211 470 3265 ἔσται
509 3209 595 3281 τῷ
631 3209 928 3281 συνορῶντι
951 3249 966 3275 ,

215 3305 302 3368 ὅτι,
341 3303 507 3376 ἡνίκα
563 3300 968 3368 κατεστέναξαν

215 3401 255 3453 οἱ
285 3401 384 3453 υἱοὶ
420 3397 673 3471 Ἰσραὴλ,
709 3396 831 3451 οὔτε
861 3398 971 3453 ἀπὸ

216 3496 302 3565 τῆς
331 3494 619 3558 πλινθείας
640 3534 655 3559 ,
702 3492 828 3547 οὔτε
861 3493 970 3547 ἀπὸ

218 3587 298 3642 τοῦ
370 3584 557 3660 πηλοῦ
589 3627 604 3652 ,
662 3584 786 3640 οὔτε
863 3586 972 3640 ἀπὸ

219 3683 311 3737 τῶν
347 3683 577 3756 ἀχύρων
629 3681 929 3735 κατεστένα
955 3710 972 3722 ο

221 3778 304 3844 ξαν
321 3819 337 3844 ,
383 3779 510 3835 ἀλλ’
560 3776 681 3833 ἀπὸ
732 3776 850 3832 τῶν
881 3777 976 3848 ἕρ-

220 3891 354 3944 ττυν·
393 3873 514 3931 Καὶ
548 3871 732 3940 ἀνέϐη
770 3872 809 3941 ἡ
845 3870 971 3940 ,βοὴ

221 3967 403 4022 αὐτῶν
438 3966 601 4036 πρὸς
643 3963 830 4030 Θεὸν,
874 3964 976 4019 οὐκ

222 4064 319 4118 ἀπὺ
366 4061 549 4137 πηλοῦ
574 4102 589 4127 ,
630 4060 766 4116 ἀλλὰ
812 4059 977 4114 πάλιν

223 4159 329 4214 ἀπὸ
350 4159 470 4214 τῶν
501 4158 717 4227 ἔργων.
757 4156 849 4210 Διὸ
877 4155 979 4210 καὶ

221 4255 549 4325 cibumve
600 4253 818 4321 Κύριος
862 4249 982 4306 τῶν

225 4351 574 4422 στεναγμῶν
602 4345 802 4403 αὐτῶν
825 4364 838 4378 ⁸
880 4347 984 4401 οὐκ

226 4448 522 4502 εἰσακούων
545 4441 854 4515 στεναγμοῦ
874 4442 983 4498 τῶν

227 4543 319 4596 οὐκ
354 4543 464 4598 ἀπὸ
505 4541 689 4613 ἔργων
738 4537 984 4610 βοώντων

227 4640 356 4710 πρὸς
385 4639 576 4702 αὐτὸν,
594 4634 733 4690 ἀλλὰ
753 4633 858 4689 ἀπὸ
890 4650 987 4705 πη-

231 4735 315 4790 Αοῦ
342 4739 439 4792 καὶ
470 4736 586 4790 τῶν
618 4733 824 4804 γηΐνων
853 4731 990 4803 πρά-

233 4831 379 4896 ξεων.

1504 353 1708 411 LIBER
1748 349 2136 409 SECUNDUS.

3347 347 3451 402 Hb

1018 491 1124 546 qua
1180 449 1482 538 illuminat,
1545 473 1769 528 alterius
1800 479 1844 533 Α
1875 471 2136 540 gemitum
2164 507 2179 533 ,
2216 466 2308 536 qui
2357 480 2466 520 non
2512 481 2579 521 cx
2628 465 2882 536 operibus
2935 465 3050 521 suis
3094 466 3334 522 clamant
3381 470 3448 525 ad

1018 585 1127 641 qua
1166 569 1367 624 adurit.
1413 566 1519 622 Sed
1551 581 1650 637 pro
1685 582 1771 621 re-

1019 665 1123 720 bus
1157 672 1250 719 aut
1291 661 1538 716 materiis
1581 659 1769 729 subja-

1021 756 1303 820 Gentibus,
1358 762 1453 809 aut
1501 753 1774 808 illuminat

1021 850 1228 921 aliquid
1251 849 1393 916 luce,
1415 858 1510 904 aut
1536 845 1775 902 infuscat

1021 953 1074 1000 et
1100 944 1334 1000 obdurat
1366 940 1572 1012 aliquid
1614 939 1774 995 ardo-

1023 1052 1101 1093 re.
1153 1035 1467 1092 Secundum
1499 1034 1615 1088 bmc
1644 1046 1776 1100 ergo

1024 1133 1278 1190 fortassis
1300 1141 1354 1188 et
1383 1131 1670 1186 indurasse
1693 1126 1778 1182 di-

1024 1229 1168 1284 citur
1207 1227 1352 1283 Deus
1391 1240 1490 1280 cor
1531 1222 1774 1277 Pharao-

1027 1323 1114 1376 nis
1141 1321 1210 1386 ⁸⁵,
1241 1319 1387 1390 quod
1422 1317 1549 1372 talis
1601 1313 1780 1370 fuerat

1027 1413 1255 1471 materia
1318 1411 1501 1468 cordis
1569 1408 1742 1479 ipsius
1761 1447 1777 1474 ,

1027 1524 1150 1580 qua:
1219 1505 1568 1578 praesentiam
1647 1501 1780 1556 solis

1024 1601 1253 1673 iustitiae
1329 1613 1440 1654 non
1499 1611 1565 1652 ea
1628 1603 1782 1665 parte

1028 1709 1136 1765 qua
1190 1691 1504 1756 illuminat,
1561 1687 1656 1744 sed
1717 1701 1782 1740 ea

1028 1803 1138 1858 qua
1187 1785 1370 1841 adurit
1421 1791 1476 1839 et
1525 1781 1746 1836 indurat

1027 1879 1307 1949 exceperit
1352 1892 1365 1929 :
1415 1883 1636 1946 propter
1679 1873 1782 1927 hoc

1031 1975 1151 2030 sine
1179 1971 1350 2027 dubio
1379 1969 1526 2040 quod
1565 1976 1620 2024 et
1667 1967 1783 2036 ipse

1029 2068 1298 2140 alﬂigebat
1321 2064 1673 2120 Hebra‘orum
1707 2061 1786 2115 vi-

1030 2173 1142 2219 tam
1171 2164 1225 2216 in
1255 2160 1516 2232 operibus
1547 2155 1782 2220 duris”,

1029 2266 1086 2314 et
1130 2255 1276 2328 quod
1331 2254 1447 2309 luto
1511 2259 1566 2308 et
1619 2250 1786 2305 latere

1027 2347 1356 2406 conﬁciebat
1396 2361 1512 2403 eos.
1569 2342 1636 2400 Et
1667 2351 1786 2398 erat

1027 2443 1216 2513 utique
1263 2455 1361 2496 cor
1407 2438 1532 2509 ejus
1582 2451 1785 2492 secun-

1028 2537 1158 2591 dum
1211 2548 1276 2588 ea
1335 2545 1460 2602 quae
1511 2528 1787 2600 cogitabat

1029 2630 1237 2686 luteum
1281 2635 1338 2683 et
1387 2626 1668 2680 limosum.
1719 2621 1787 2677 Et

1031 2726 1176 2782 sicut
1217 2719 1506 2778 materiam
1548 2717 1649 2774 luti
1701 2717 1786 2772 sol

1030 2820 1134 2875 iste
1177 2815 1413 2874 visibilis
1469 2811 1689 2883 stringit
1733 2820 1788 2867 et

1031 2912 1282 2978 indurat,
1327 2907 1406 2964 ita
1438 2906 1520 2963 sol
1558 2903 1787 2976 iustitiae

1033 3004 1119 3060 his
1147 3001 1356 3059 eisdem
1383 2999 1553 3054 radiis
1585 2997 1787 3068 quibus

1033 3094 1378 3152 illuminabat
1421 3089 1564 3162 (40)
1614 3103 1789 3160 popu-

1034 3189 1150 3244 lum
1215 3185 1384 3242 Israel
1404 3226 1420 3252 ,
1484 3181 1790 3239 Pharaonis

1035 3299 1131 3340 cor
1157 3282 1244 3337 cui
1271 3281 1487 3335 inerant
1515 3278 1674 3333 lutea:
1694 3289 1790 3331 co-

1037 3376 1327 3448 gitationes
1369 3387 1467 3443 pro
1509 3370 1641 3442 ipsis
1675 3383 1793 3424 mo-

1041 3483 1194 3528 tuum
1239 3482 1467 3524 suorum
1512 3465 1794 3536 qualitati--

1041 3566 1144 3621 bus
1180 3561 1494 3618 indurabat.
1539 3555 1666 3612 Haec
1696 3570 1795 3610 au-

1041 3667 1151 3713 tem
1172 3653 1318 3726 quod
1349 3653 1425 3708 ita
1445 3665 1504 3707 se
1535 3649 1795 3712 habeant,

1041 3759 1097 3806 et
1146 3763 1254 3803 non
1299 3756 1687 3808 communem,
1737 3746 1800 3793 ut

1047 3841 1365 3899 hominibus
1409 3837 1646 3899 videtur,
1711 3832 1798 3886 hi-

1047 3938 1273 3996 storiam
1313 3931 1552 3989 famulus
1577 3927 1672 3983 Dei
1705 3941 1802 3996 per

1050 4032 1319 4104 Spiritum
1370 4033 1622 4082 sanctum
1660 4019 1799 4076 scri-

1048 4125 1163 4192 bat,
1195 4119 1500 4178 ostenditur
1522 4115 1685 4172 etiam
1713 4113 1802 4167 in-

1052 4222 1157 4288 de,
1191 4217 1338 4290 quod
1388 4214 1482 4271 ubi
1515 4209 1683 4269 reiert
1723 4209 1806 4263 in-

1055 4311 1330 4386 gemuisse
1389 4308 1531 4362 ﬁlios
1602 4303 1772 4360 Israel
1789 4339 1804 4364 ,

1057 4425 1167 4466 non
1207 4406 1339 4462 dicit
1367 4419 1399 4460 a
1429 4403 1579 4466 luto,
1631 4411 1809 4468 neque

1875 561 2186 617 Dominum.

2483 687 2690 726 INTEBP.
2731 687 2852 724 NOV.

1949 844 2030 898 Ad
2064 842 2174 897 lucc
2199 859 2399 912 quoque
2445 842 2683 906 attende,
2712 841 2849 908 quod
2879 848 2980 905 sol,
3023 858 3138 894 cum
3167 842 3340 896 clarus
3378 853 3454 896 est

1875 923 1924 969 et
1954 913 2163 967 lucidus
2188 953 2202 977 ,
2246 929 2461 966 causam
2511 913 2700 965 habere
2740 913 2943 964 videtur
2971 912 3284 982 denigrandi
3304 956 3320 974 ,
3350 928 3453 965 non

1875 1001 1967 1054 per
1993 1001 2068 1050 se,
2095 984 2185 1037 sed
2214 995 2425 1053 propter
2454 999 2571 1036 eum
2595 983 2704 1054 qui,
2749 992 2805 1034 ut
2831 982 3084 1054 diximus,
3118 983 3448 1052 denigratur.

1879 1051 1969 1108 Ita
2000 1054 2137 1123 forte
2164 1051 2323 1107 etiam
2355 1055 2567 1107 indurat
2601 1053 2857 1106 Dominus
2887 1069 2976 1104 cor
2998 1051 3316 1116 Pharaonis,
3336 1069 3454 1104 cum

1878 1121 2034 1193 hujus
2065 1124 2422 1178 indurationis
2447 1140 2609 1176 causa
2652 1123 2718 1176 sit
2753 1124 2802 1175 in
2840 1139 2898 1174 eo
2926 1123 3192 1193 quirduris
3216 1121 3457 1191 operibus
3543 1171 3550 1179 .

1883 1191 2229 1249 Hebraeorum
2261 1196 2422 1247 vitam
2458 1195 2671 1263 fatigat,
2703 1193 2836 1256 luto,
2860 1192 3113 1245 lateribus
3146 1191 3452 1263 coquendis,

1879 1274 1928 1320 et
1956 1265 2158 1319 cunctis
2182 1266 2425 1334 operibus
2454 1262 2650 1316 noniis
2683 1263 2856 1325 modo,
2891 1278 3008 1332 qua:
3030 1263 3082 1315 in
3106 1262 3368 1334 montibus
3399 1269 3452 1315 et

1881 1335 2104 1390 collibus
2129 1376 2146 1400 ,
2183 1331 2273 1389 sed
2299 1336 2460 1398 etiam
2487 1350 2604 1403 qua
2634 1335 2688 1386 in
2716 1331 2914 1401 campis
2959 1343 3302 1401 peraguntur.
3345 1331 3456 1386 Suo

1880 1408 2019 1461 enim
2053 1406 2177 1459 vitio
2220 1405 2395 1474 factus
2426 1404 2814 1475 quodammodo
2846 1403 3139 1475 materialis
3176 1411 3246 1475 et_
3273 1417 3460 1455 secun-

1882 1476 2007 1530 dum
2040 1472 2250 1530 carnem
2287 1472 2496 1528 omnino
2542 1476 2735 1538 vivens,
2763 1473 2875 1526 luto
2906 1474 3126 1534 amicus,
3159 1472 3270 1525 uult
3295 1472 3456 1526 etiam

1885 1546 2137 1601 Hebraeos
2182 1545 2351 1598 lutum
2406 1545 2614 1614 facere,
2666 1553 2844 1612 utpote
2891 1541 3240 1614 principalem,
3292 1542 3456 1594 animi

1883 1626 2085 1686 partem
2129 1631 2239 1686 non
2280 1613 2471 1669 habens
2505 1632 2538 1667 a
2567 1615 2680 1668 luto
2716 1629 2944 1686 pura_m_:
2976 1613 3456 1686 quterquidemtut

1885 1681 2058 1741 lutum
2089 1703 2121 1739 a
2161 1684 2268 1739 sole
2301 1685 2619 1748 induratur,
2662 1681 2738 1737 sic
2769 1700 2801 1736 a
2834 1682 2930 1736 Dei
2973 1681 3136 1736 radiis
3174 1681 3345 1736 Israel
3377 1682 3458 1733 in-

1886 1755 2227 1827 spicieutibus
2273 1755 2524 1827 indurata
2554 1767 2651 1827 est.
2689 1753 2819 1807 Haec
2854 1763 3031 1827 autem
3068 1754 3143 1806 ita
3174 1769 3227 1806 se
3267 1751 3459 1804 habere

1765 1820 1779 1891 ξ
1815 1823 1857 1877 Β
1885 1820 1942 1881 in
1964 1829 2059 1880 hoc
2080 1826 2215 1889 loco,
2245 1843 2335 1880 nec
2361 1826 2558 1878 nudam
2583 1825 2860 1878 historiam
2883 1823 3108 1877 scribere
3131 1823 3459 1891 propositum

1885 1899 2050 1967 fuisse
2079 1897 2296 1966 planum
2323 1896 2451 1967 erit,
2471 1895 2536 1967 _si
2559 1896 2674 1964 quis
2711 1895 3098 1967 animaduertat
3122 1932 3136 1956 ,
3170 1909 3286 1967 cum
3316 1893 3461 1961 inge-

1885 1963 2156 2022 miscerent
2182 1967 2281 2036 ﬁlii
2307 1965 2498 2029 Israel,
2518 1963 2678 2034 neque
2698 1973 2907 2031 propter
2927 1963 3151 2036 laterum
3177 1963 3458 2036 ofﬁcinam,

1885 2055 2046 2108 neque
2076 2032 2289 2106 propter
2316 2037 2488 2108 lutum
2509 2075 2523 2100 ,
2553 2032 2713 2108 neque
2740 2045 2955 2108 propter
2967 2033 3185 2108 paleas,
3215 2032 3304 2084 sed
3331 2047 3458 2099 pro-

1883 2102 2182 2178 pteropera
2215 2107 2527 2178 ingemuisse
2555 2120 2572 2156 :
2611 2102 2634 2154 r
2668 2102 2732 2178 Et
2766 2104 3000 2158 ascendit
3041 2103 3242 2178 clamor
3264 2117 3459 2178 eorum

1885 2172 1954 2232 ad
1983 2172 2170 2242 Deum,
2204 2194 2223 2228 ι
2263 2172 2364 2230 non
2398 2192 2430 2228 a
2463 2175 2595 2237 luto,
2627 2173 2716 2227 sed
2748 2189 2958 2226 rursum
2997 2192 3016 2225 ‹
3044 2173 3108 2224 ab
3133 2172 3396 2240 operibus.
3436 2189 3458 2222 ι

1886 2247 2219 2318 Quapropter
2246 2249 2472 2318 etiam”:
2503 2244 2709 2318 audivit
2749 2243 3006 2296 Dominus
3059 2243 3279 2318 gemitus
3322 2244 3474 2318 ipso_-.

1886 2309 2033 2380 r'um',
2092 2309 2114 2369 ἰ
2153 2334 2256 2371 non
2308 2316 2528 2369 audiens
2575 2315 2824 2382 gemitum
2859 2309 3080 2375 eorum,
3132 2312 3220 2380 qui
3261 2327 3362 2364 non
3397 2309 3461 2364 ab

1885 2386 2124 2511 operibzts
2147 2427 2162 2453 ,
2192 2387 2282 2441 sed
2312 2403 2343 2439 α
2377 2385 2487 2439 luto
2525 2381 2583 2438 et
2605 2384 2823 2436 terrenis
2855 2381 3146 2436 actionibus
3182 2382 3249 2434 ad
3288 2382 3462 2450 ipsum

1885 2475 1912 2511 c
1939 2475 2064 2511 ama
2096 2467 2207 2510 ant.

1885 2467 2207 2512 clamabant.

1888 2596 2013 2651 Haec
2061 2594 2314 2666 quamvis
2354 2609 2447 2665 per
2502 2606 2790 2649 excessum
2829 2590 2974 2645 dicta
3021 2588 3326 2653 videantur,
3377 2595 3462 2639 ta-

1887 2704 2009 2744 men
2037 2689 2284 2743 locorum
2311 2686 2719 2756 opportunitate
2754 2680 3072 2738 commoniti
3117 2693 3465 2750 nequaquam

1883 2781 2249 2852 judicavimus
2281 2778 2612 2842 omittenda,
2647 2776 2887 2831 maxime
2930 2789 3055 2830 cum
3102 2773 3339 2828 habeant
3369 2771 3471 2826 ali—-

1887 2875 2018 2946 quid
2065 2873 2442 2930 similitudinis
2474 2871 2542 2926 ad
2573 2871 2676 2924 hoc
2707 2867 2852 2940 quod
2897 2866 3029 2921 dicit
3069 2866 3185 2921 haec
3213 2879 3335 2937 qua:
3382 2864 3465 2917 in-

1891 2970 2100 3026 fuscata
2129 2977 2212 3023 est
2242 2966 2370 3037 quia
2406 2963 2719 3033 despexerit
2763 2975 2883 3014 eam
2923 2959 3044 3027 sol,
3091 2956 3238 3028 quod
3283 2956 3474 3025 utique

1891 3061 2197 3120 ostenditur
2221 3060 2294 3115 ibi
2320 3057 2587 3120 accidere,
2617 3041 2719 3108 dubi
2759 3064 3102 3123 peccatorum
3131 3063 3294 3104 causa
3333 3061 3467 3117 prae-

1816 3165 1860 3225 (ζ
1893 3155 2072 3220 cedit;
2100 3160 2156 3208 et
2185 3150 2260 3206 ibi
2299 3146 2562 3204 infuscari
2591 3145 2674 3199 vel
2700 3142 2858 3198 aduri
2911 3141 3148 3210 aliquem
3193 3138 3306 3194 sole
3327 3179 3342 3203 ,
3379 3137 3476 3190 ubi

1895 3244 2105 3315 peccati
2135 3240 2362 3296 materia
2409 3235 2680 3292 subsistit.
2724 3231 2826 3287 Ubi
2859 3245 2987 3286 vero
3019 3244 3130 3283 non
3167 3238 3248 3282 est
3280 3242 3474 3297 pecca-

1895 3344 2040 3402 tum,
2086 3333 2170 3390 sol
2196 3345 2375 3402 neque
2407 3329 2638 3384 adurere
2681 3325 2912 3390 dicitur,
2963 3335 3138 3391 neque
3176 3318 3472 3383 infuscarc,

1900 3430 2044 3486 sicut
2085 3427 2154 3483 de
2189 3427 2341 3496 justo
2379 3421 2615 3479 refertur
2659 3419 2716 3473 in
2748 3415 2986 3472 Psalmis
3019 3432 3033 3468 :
3070 3412 3177 3467 Per
3215 3410 3354 3464 diem
3395 3407 3478 3465 sol

1897 3538 2002 3576 non
2052 3529 2167 3573 uret
2213 3527 2293 3584 te,
2342 3530 2502 3585 neque
2531 3512 2660 3566 luna
2712 3525 2803 3578 per
2833 3504 3116 3560 noctem”.
3158 3501 3320 3557 Vides
3346 3513 3480 3571 ergo

1898 3614 2028 3685 quia
2052 3618 2276 3666 sanctos
2305 3609 2359 3661 in
2384 3605 2588 3677 quibus
2623 3609 2970 3673 peccatorum
2991 3596 3148 3653 nulla
3173 3608 3338 3648 causa
3371 3601 3478 3656 est,

1899 3706 1984 3764 sol
2029 3716 2309 3773 nunquam
2369 3699 2569 3754 adurit.
2620 3695 2691 3752 Ut
2729 3695 2874 3750 enim
2915 3690 3194 3754 diximus,
3249 3685 3480 3756 duplicis

1900 3797 2123 3854 virtutis
2159 3805 2244 3852 est
2273 3791 2393 3849 sol:
2422 3790 2604 3861 justos
2633 3787 2856 3859 quidem
2895 3783 3192 3847 illuminat,
3228 3785 3480 3850 peccato-

1899 3901 1990 3942 res
2025 3897 2153 3940 vero
2195 3897 2304 3937 non
2347 3880 2656 3944 illuminat,
2709 3875 2806 3931 sed
2857 3873 3071 3938 adurit,
3119 3869 3380 3942 quoniam
3427 3878 3481 3922 et

1903 3976 2008 4048 ipsi
2057 3975 2291 4030 oderunt
2340 3971 2548 4036 lucem,
2584 3968 2710 4038 quia
2742 3964 2884 4021 male
2912 3971 3098 4034 agunt.
3135 3961 3378 4030 Denique
3413 3959 3483 4014 ob

1904 4069 2010 4123 hoc
2034 4066 2176 4122 Deus
2209 4071 2396 4118 noster
2423 4061 2568 4132 ignis
2591 4059 2795 4114 dicitur
2828 4071 2952 4112 esse
2984 4051 3397 4116 consumens",
3431 4059 3488 4104 et

1905 4156 2264 4214 nihilominus
2287 4154 2383 4209 lux
2412 4152 2468 4207 in
2496 4165 2605 4221 quo
2637 4148 2876 4203 tenebrze
2903 4161 3012 4200 non
3042 4151 3191 4199 sunt.
3219 4141 3334 4195 Lux
3366 4140 3488 4196 sine

1908 4245 2074 4300 dubio
2097 4242 2284 4314 justis,
2311 4248 2366 4296 et
2388 4238 2531 4310 ignis
2557 4235 2789 4293 efﬁcitur
2819 4233 3220 4306 peccatoribus,
3265 4239 3323 4287 ut
3353 4243 3480 4284 con-

1910 4343 2096 4394 sumat
2126 4335 2180 4389 in
2214 4334 2296 4389 eis
2326 4345 2489 4388 omne
2522 4329 2667 4400 quod
2698 4327 2752 4382 in
2784 4328 2966 4382 anima
2996 4339 3188 4380 eorum
3219 4320 3490 4392 corrupti-

1913 4428 2142 4485 bilitatis
2174 4433 2269 4480 aut
2317 4421 2632 4495 fragilitatis
2681 4419 2968 4474 invenerit.
3012 4416 3166 4484 Quod
3203 4423 3382 4469 autem
3433 4411 3490 4466 in

1057 4522 1087 4562 ³
1118 4504 1224 4575 52
1245 4503 1433 4565 ιθίθτθ’
1456 4509 1634 4567 "eque
1657 4509 1687 4548 ³
1708 4508 1804 4564 pa-
1837 4504 1882 4561 D
1914 4522 2104 4580 multis
2140 4519 2437 4589 Scriptura:
2465 4515 2603 4572 locis
2630 4523 2683 4569 et
2713 4512 2795 4569 sol
2821 4521 2877 4567 et
2904 4511 3047 4582 ignis
3078 4524 3186 4564 non
3223 4508 3324 4563 iste
3352 4504 3492 4559 visi-

1059 4603 1156 4659 leis
1191 4595 1523 4670 ingemuisse
1546 4607 1640 4648 eos
1663 4631 1678 4658 ,
1715 4590 1811 4645 sed

1061 4701 1124 4756 ab
1156 4695 1397 4769 operibus
1424 4691 1566 4754 suis,
1609 4685 1811 4756 inquit.

1061 4791 1128 4848 Et
1164 4801 1421 4846 rursum:
1454 4781 1524 4837 Et
1554 4778 1814 4842 ascendit,

234 4927 404 4996 inquit
424 4969 441 4994 ,
478 4925 690 4981 clamor
726 4935 907 4977 eorum
937 4917 1006 4972 ad
1038 4909 1285 4969 Deum“.
1317 4904 1441 4996 Non
1464 4901 1600 4956 dixit
1640 4914 1671 4953 a
1701 4897 1818 4996 luto.

233 5025 284 5069 et
306 4987 504 5082 latere,
535 5013 632 5070 sed
662 5014 881 5076 iterum,
908 5009 971 5062 ab
993 5002 1234 5077 operibus
1255 4998 1387 5052 suis.
1413 4993 1642 5063 Pr0pter
1667 4987 1816 5060 quod

235 5118 288 5164 et
343 5108 634 5179 subiungit
679 5124 694 5162 :
749 5103 892 5172 Quia
952 5097 1222 5155 exaudivit
1268 5091 1528 5179 Dominus
1561 5082 1815 5179 gemitus

238 5177 581 5270 insomni",
613 5213 740 5254 cum
784 5196 973 5265 utique
1019 5205 1126 5245 non
1175 5183 1431 5242 exaudiat
1465 5177 1578 5251 (41)
1625 5187 1818 5230 eorum

1915 4612 2078 4678 bilis,
2111 4608 2206 4664 sed
2241 4608 2331 4662 ille
2379 4603 2673 4661 invisibilis
2719 4612 2772 4657 et
2807 4601 3072 4673 spiritalis
3107 4599 3342 4664 dicatur,
3378 4595 3495 4666 ipse

1915 4705 2113 4769 etiam,
2149 4702 2196 4757 si
2226 4713 2543 4762 recenseas,
2581 4695 2923 4750 abundanter
2957 4692 3222 4748 invenies.

1987 4795 2146 4851 Vers.
2191 4793 2244 4848 6.
2286 4789 2421 4844 Filii
2458 4789 2647 4844 matris
2688 4802 2816 4841 metu
2851 4785 3237 4840 dimicaverunt
3275 4785 3329 4836 in
3381 4798 3498 4850 me,

1917 4892 2200 4960 posuerunt
2237 4899 2314 4936 me
2343 4880 2612 4934 custodem
2644 4877 2697 4930 in
2729 4876 2890 4931 vineis
2915 4917 2930 4943 ,
2963 4875 3166 4929 vineam
3195 4888 3363 4926 meam
3395 4886 3500 4925 non

1923 4977 2206 5036 custodiui.
2255 4973 2447 5028 Adhuc
2480 4972 2592 5040 ipsa
2641 4985 2762 5040 qua:
2811 4967 2963 5022 fusca
3003 4965 3221 5034 quidem
3264 4977 3360 5033 pro
3408 4964 3504 5018 de-

1923 5072 2068 5134 lictis
2100 5067 2406 5139 priuribus,
2444 5063 2686 5117 formosa
2722 5075 2851 5114 vero
2880 5066 2964 5112 est
3013 5069 3111 5126 pro
3155 5054 3258 5109 ﬁde
3285 5061 3339 5108 et
3372 5068 3506 5108 con-

1924 5163 2236 5222 versatione
2256 5200 2270 5226 ,
2302 5159 2466 5213 etiam
2507 5157 2622 5210 tunc
2660 5152 2792 5209 dicit
2821 5149 2935 5221 (4‘2)
2957 5190 2971 5214 ,
3005 5143 3506 5216 asseveransquod

305 5347 351 5381 “
387 5345 567 5412 Exod.
598 5360 676 5400 ix.
751 5340 798 5376 ⁸⁸
835 5337 1010 5396 Exod.
1043 5352 1118 5391 tv.
1193 5331 1240 5364 ⁸⁸
1276 5326 1451 5384 Exod.
1488 5340 1566 5390 ιι,
1595 5321 1685 5376 25.
1763 5319 1808 5351 ³⁷

1899 5315 1969 5371 id.
1998 5315 2053 5368 4.
2130 5310 2178 5344 ⁸⁸
2215 5307 2361 5363 Psal.
2398 5319 2494 5372 xu,
2525 5303 2578 5357 6.
2657 5302 2700 5334 ⁸ο
2742 5297 2897 5351 Dent.
2933 5312 3008 5362 tv,
3033 5293 3126 5349 24.

310 5485 424 5556 (40)
461 5483 622 5556 Mss,
653 5460 1718 5556 illuminabthbibbzfditixilﬂuntinat.

331 5533 424 5623 iii
464 5533 624 5616 ne:
652 5533 924 5623 astant.
952 5545 1107 5623 Libb.
1140 5540 1292 5601 editi,
1323 5533 1654 5623 exaudiuit.“
1702 5597 1714 5623 ε

331 5557 424 5623 41)
466 5557 624 5616 Mss.,
652 5557 924 5607 exaudiat.
952 5557 1107 5599 LtDn.
1140 5557 1292 5601 euut,
1323 5557 1612 5592 exauawu.
1702 5597 1714 5608 .

312 5557 432 5697 {42)
472 5624 773 5697 Procopius
821 5615 1070 5697 Origenis
1113 5601 1819 5697 sensum‘veLv’erlia.

1028 5667 1133 5762 pou
1162 5667 1816 5762 euaxét‘civ‘roevré

252 5753 414 5837 ἦῆουν
447 5770 496 5821 oi
529 5753 972 5837 bibaquréé§_pe
1003 5753 1108 5837 μζΞο

261 5824 354 5906 {iv
398 5855 470 5908 με
511 5836 620 5890 τῶν
669 5831 774 5905 πρὸ
814 5824 1015 5883 τοῦτοῦ
1042 5824 1135 5895 βου

1151 5737 1240 5805 τὰι
1259 5737 1356 5802 τὀῦ
1377 5741 1634 5816 Χριστοῦ,
1649 5737 1826 5816 italia-

1172 5791 1644 5894 ipsi}:
1676 5809 1828 5875 λογι-
1935 5802 2000 5867 ἐξ
2024 5791 2354 5868 ὲπαῄελίας
2389 5791 2826 5862 ἁνὰγεννωμένη.

1927 5450 2080 5523 σμῶν
2105 5447 2204 5523 καλ
2237 5443 2347 5497 τῶν
2371 5438 2774 5523 συνεργούντων
2805 5432 2980 5520 ταῦτα
3012 5430 3282 5523 δαιμόνων
3307 5423 3508 5523 ἐξίαχέ-

1928 5498 2325 5578 αὲκῖτοντούτοις
2358 5517 2415 5566 ὲν
2444 5498 2599 5581 ὲμῖοῗ,
2641 5508 2738 5581 τῆς
2775 5503 2948 5581 attici};
2983 5520 3071 5581 μοι
3108 5498 3324 5581 μητρὸς.
3357 5498 3508 5581 ᾇντες

1927 5566 2086 5645 {£017
2579 5566 2748 5658 έρηρίίλ
2784 5577 2834 5658 ο)
2878 5566 3082 5658 dare;
3111 5566 3511 5658 ᾗατζὶὲκλρῖ

2575 5634 3113 5732 ἀναλαμβαῇόμενοίξ
3307 5638 3365 5690 δὲ
3411 5634 3509 5732 silv

1933 5675 2032 5732 γην
2080 5675 2150 5729 χα
2193 5675 2302 5718 ιτος
2345 5675 2540 5723 Λημμα
2575 5675 3080 5718 αναΛαμυιινυμινυῡ
3159 5675 3269 5708 εμυ
3307 5675 3365 5690 νε.
3421 5675 3508 5707 ..μ

1933 5730 2076 5786 κατὰ
2109 5675 2207 5798 τξν
2235 5726 2346 5798 ἄνω
2386 5720 2739 5798 Ἱερουεαλὴμς
2779 5716 3051 5798 Magi}qu
3086 5707 3510 5798 iaboﬁag‘,_ut§i

2878 5775 2951 5843 0'5
2998 5775 3260 5855 ἰτρότερον
3297 5779 3353 5832 δὲ
3382 5775 3510 5830 ταύ-
